  <div class='ocr_page' id='page_1' title='image "/cluster/home/n/w/nwhite01/storage/ocr_20150623/115/mdp.39015028574336/405.png"; bbox 0 0 4124 6270; ppageno 0'>
   <div class='ocr_carea' id='block_1_1' title="bbox 517 315 621 370">
    <p class='ocr_par' dir='ltr' id='par_1_1' title="bbox 517 315 621 370">
     <span class='ocr_line' id='line_1_1' title="bbox 517 315 621 370; baseline -0.01 0"><span class='ocrx_word' id='word_1_1' title='bbox 517 315 621 370; x_wconf 84' lang='lat'>787</span> 
     </span>
    </p>
   </div>
   <div class='ocr_carea' id='block_1_2' title="bbox 521 418 2241 510">
    <p class='ocr_par' dir='ltr' id='par_1_2' title="bbox 521 418 2241 510">
     <span class='ocr_line' id='line_1_2' title="bbox 521 418 2241 510; baseline -0.014 -13"><span class='ocrx_word' id='word_1_2' title='bbox 521 440 704 505; x_wconf 81' lang='lat' dir='ltr'>mina,</span> <span class='ocrx_word' id='word_1_3' title='bbox 722 437 976 510; x_wconf 83' lang='lat' dir='ltr'>idedque</span> <span class='ocrx_word' id='word_1_4' title='bbox 1005 451 1128 491; x_wconf 91' lang='lat' dir='ltr'>non</span> <span class='ocrx_word' id='word_1_5' title='bbox 1159 433 1429 490; x_wconf 89' lang='lat' dir='ltr'>videatur</span> <span class='ocrx_word' id='word_1_6' title='bbox 1459 421 1961 502; x_wconf 68' lang='lat' dir='ltr'>prmtermittenda</span> <span class='ocrx_word' id='word_1_7' title='bbox 1986 421 2166 477; x_wconf 84' lang='lat' dir='ltr'>fuisse</span> <span class='ocrx_word' id='word_1_8' title='bbox 2194 418 2241 473; x_wconf 81' lang='grc' dir='ltr'><strong>Α</strong></span> 
     </span>
    </p>
   </div>
   <div class='ocr_carea' id='block_1_3' title="bbox 521 511 2167 598">
    <p class='ocr_par' dir='ltr' id='par_1_3' title="bbox 521 511 2167 598">
     <span class='ocr_line' id='line_1_3' title="bbox 521 511 2167 598; baseline -0.013 -14"><span class='ocrx_word' id='word_1_9' title='bbox 521 529 601 584; x_wconf 90' lang='lat' dir='ltr'>ab</span> <span class='ocrx_word' id='word_1_10' title='bbox 630 525 933 598; x_wconf 82' lang='lat' dir='ltr'>apostolis,</span> <span class='ocrx_word' id='word_1_11' title='bbox 960 523 1282 595; x_wconf 60' lang='lat' dir='ltr'>praesertim</span> <span class='ocrx_word' id='word_1_12' title='bbox 1313 536 1450 576; x_wconf 94' lang='lat' dir='ltr'>cum</span> <span class='ocrx_word' id='word_1_13' title='bbox 1477 515 1734 574; x_wconf 87' lang='lat' dir='ltr'>eunuchi</span> <span class='ocrx_word' id='word_1_14' title='bbox 1772 511 1992 581; x_wconf 66' lang='lat' dir='ltr'>reginae</span> <span class='ocrx_word' id='word_1_15' title='bbox 2024 511 2167 565; x_wconf 89' lang='lat' dir='ltr'>Can-</span> 
     </span>
    </p>
   </div>
   <div class='ocr_carea' id='block_1_4' title="bbox 521 601 2170 682">
    <p class='ocr_par' dir='ltr' id='par_1_4' title="bbox 521 601 2170 682">
     <span class='ocr_line' id='line_1_4' title="bbox 521 601 2170 682; baseline -0.013 -11"><span class='ocrx_word' id='word_1_16' title='bbox 521 617 700 671; x_wconf 90' lang='lat' dir='ltr'>daces</span> <span class='ocrx_word' id='word_1_17' title='bbox 747 612 1055 669; x_wconf 85' lang='lat' dir='ltr'>conversio</span> <span class='ocrx_word' id='word_1_18' title='bbox 1104 626 1273 682; x_wconf 86' lang='lat' dir='ltr'>spem</span> <span class='ocrx_word' id='word_1_19' title='bbox 1323 622 1609 678; x_wconf 85' lang='lat' dir='ltr'>magnam</span> <span class='ocrx_word' id='word_1_20' title='bbox 1653 602 1919 676; x_wconf 67' lang='lat' dir='ltr'>praebere</span> <span class='ocrx_word' id='word_1_21' title='bbox 1965 601 2170 671; x_wconf 83' lang='lat' dir='ltr'>posset</span> 
     </span>
    </p>
   </div>
   <div class='ocr_carea' id='block_1_5' title="bbox 519 689 2169 773">
    <p class='ocr_par' dir='ltr' id='par_1_5' title="bbox 519 689 2169 773">
     <span class='ocr_line' id='line_1_5' title="bbox 519 689 2169 773; baseline -0.013 -13"><span class='ocrx_word' id='word_1_22' title='bbox 519 702 826 773; x_wconf 66' lang='lat' dir='ltr'>Ethiopiaa</span> <span class='ocrx_word' id='word_1_23' title='bbox 857 699 1295 755; x_wconf 79' lang='lat' dir='ltr'>convertendae.</span> <span class='ocrx_word' id='word_1_24' title='bbox 1329 699 1549 768; x_wconf 87' lang='lat' dir='ltr'>Itaque,</span> <span class='ocrx_word' id='word_1_25' title='bbox 1588 709 1725 749; x_wconf 91' lang='lat' dir='ltr'>cum</span> <span class='ocrx_word' id='word_1_26' title='bbox 1778 706 1894 745; x_wconf 90' lang='lat' dir='ltr'>non</span> <span class='ocrx_word' id='word_1_27' title='bbox 1944 689 2169 773; x_wconf 88' lang='lat' dir='ltr'>constet</span> 
     </span>
    </p>
   </div>
   <div class='ocr_carea' id='block_1_6' title="bbox 522 772 2171 862">
    <p class='ocr_par' dir='ltr' id='par_1_6' title="bbox 522 772 2171 862">
     <span class='ocr_line' id='line_1_6' title="bbox 522 772 2171 862; baseline -0.012 -16"><span class='ocrx_word' id='word_1_28' title='bbox 522 791 596 846; x_wconf 93' lang='lat' dir='ltr'>de</span> <span class='ocrx_word' id='word_1_29' title='bbox 625 772 1046 862; x_wconf 66' lang='lat' dir='ltr'>prmdicatione</span> <span class='ocrx_word' id='word_1_30' title='bbox 1076 785 1250 841; x_wconf 84' lang='lat' dir='ltr'>ullius</span> <span class='ocrx_word' id='word_1_31' title='bbox 1276 785 1516 840; x_wconf 84' lang='lat' dir='ltr'>alterius</span> <span class='ocrx_word' id='word_1_32' title='bbox 1537 799 1608 837; x_wconf 84' lang='lat' dir='ltr'>ex</span> <span class='ocrx_word' id='word_1_33' title='bbox 1633 776 1940 849; x_wconf 84' lang='lat' dir='ltr'>discipulis</span> <span class='ocrx_word' id='word_1_34' title='bbox 1964 772 2171 862; x_wconf 84' lang='lat' dir='ltr'>Christi</span> 
     </span>
    </p>
   </div>
   <div class='ocr_carea' id='block_1_7' title="bbox 523 860 2172 948">
    <p class='ocr_par' dir='ltr' id='par_1_7' title="bbox 523 860 2172 948">
     <span class='ocr_line' id='line_1_7' title="bbox 523 860 2172 948; baseline -0.012 -14"><span class='ocrx_word' id='word_1_35' title='bbox 523 881 582 934; x_wconf 94' lang='lat' dir='ltr'>in</span> <span class='ocrx_word' id='word_1_36' title='bbox 594 860 918 948; x_wconf 62' lang='lat' dir='ltr'>Ethiopia,</span> <span class='ocrx_word' id='word_1_37' title='bbox 933 878 1126 930; x_wconf 79' lang='lat' dir='ltr'>Patres</span> <span class='ocrx_word' id='word_1_38' title='bbox 1147 889 1284 929; x_wconf 92' lang='lat' dir='ltr'>vero</span> <span class='ocrx_word' id='word_1_39' title='bbox 1300 873 1498 944; x_wconf 81' lang='lat' dir='ltr'>plures</span> <span class='ocrx_word' id='word_1_40' title='bbox 1518 869 1859 925; x_wconf 90' lang='lat' dir='ltr'>eunuchum</span> <span class='ocrx_word' id='word_1_41' title='bbox 1874 867 2074 937; x_wconf 87' lang='lat' dir='ltr'>ipsum</span> <span class='ocrx_word' id='word_1_42' title='bbox 2089 860 2172 916; x_wconf 89' lang='lat' dir='ltr'><strong>ibi</strong></span> 
     </span>
    </p>
   </div>
   <div class='ocr_carea' id='block_1_8' title="bbox 524 955 2171 1035">
    <p class='ocr_par' dir='ltr' id='par_1_8' title="bbox 524 955 2171 1035">
     <span class='ocr_line' id='line_1_8' title="bbox 524 955 2171 1035; baseline -0.011 -14"><span class='ocrx_word' id='word_1_43' title='bbox 524 966 664 1021; x_wconf 90' lang='lat' dir='ltr'>ﬁdei</span> <span class='ocrx_word' id='word_1_44' title='bbox 722 978 1056 1035; x_wconf 58' lang='lat' dir='ltr'>praeconem</span> <span class='ocrx_word' id='word_1_45' title='bbox 1104 961 1343 1024; x_wconf 87' lang='lat' dir='ltr'>faciant,</span> <span class='ocrx_word' id='word_1_46' title='bbox 1397 958 1626 1014; x_wconf 90' lang='lat' dir='ltr'>videtur</span> <span class='ocrx_word' id='word_1_47' title='bbox 1673 955 1918 1011; x_wconf 89' lang='lat' dir='ltr'>omnino</span> <span class='ocrx_word' id='word_1_48' title='bbox 1968 965 2171 1006; x_wconf 89' lang='lat' dir='ltr'>assen-</span> 
     </span>
    </p>
   </div>
   <div class='ocr_carea' id='block_1_9' title="bbox 525 1043 2170 1122">
    <p class='ocr_par' dir='ltr' id='par_1_9' title="bbox 525 1043 2170 1122">
     <span class='ocr_line' id='line_1_9' title="bbox 525 1043 2170 1122; baseline -0.01 -13"><span class='ocrx_word' id='word_1_49' title='bbox 525 1053 795 1110; x_wconf 90' lang='lat' dir='ltr'>tiendum</span> <span class='ocrx_word' id='word_1_50' title='bbox 825 1051 962 1119; x_wconf 89' lang='lat' dir='ltr'>illis,</span> <span class='ocrx_word' id='word_1_51' title='bbox 993 1051 1096 1122; x_wconf 88' lang='lat' dir='ltr'>qui</span> <span class='ocrx_word' id='word_1_52' title='bbox 1128 1049 1462 1106; x_wconf 69' lang='lat' dir='ltr'>Matthaeum</span> <span class='ocrx_word' id='word_1_53' title='bbox 1484 1062 1554 1102; x_wconf 92' lang='lat' dir='ltr'>eo</span> <span class='ocrx_word' id='word_1_54' title='bbox 1581 1044 1835 1100; x_wconf 92' lang='lat' dir='ltr'>missum</span> <span class='ocrx_word' id='word_1_55' title='bbox 1866 1043 2170 1098; x_wconf 83' lang='lat' dir='ltr'>asserunt:</span> 
     </span>
    </p>
   </div>
   <div class='ocr_carea' id='block_1_10' title="bbox 527 1133 2176 1206">
    <p class='ocr_par' dir='ltr' id='par_1_10' title="bbox 527 1133 2176 1206">
     <span class='ocr_line' id='line_1_10' title="bbox 527 1133 2176 1206; baseline -0.011 -9"><span class='ocrx_word' id='word_1_56' title='bbox 527 1141 711 1197; x_wconf 91' lang='lat' dir='ltr'>solius</span> <span class='ocrx_word' id='word_1_57' title='bbox 759 1140 917 1195; x_wconf 91' lang='lat' dir='ltr'>enim</span> <span class='ocrx_word' id='word_1_58' title='bbox 948 1137 1205 1193; x_wconf 87' lang='lat' dir='ltr'>eunuchi</span> <span class='ocrx_word' id='word_1_59' title='bbox 1258 1141 1458 1206; x_wconf 92' lang='lat' dir='ltr'>utpote</span> <span class='ocrx_word' id='word_1_60' title='bbox 1511 1133 1671 1199; x_wconf 84' lang='lat' dir='ltr'><strong>laici,</strong></span> <span class='ocrx_word' id='word_1_61' title='bbox 1711 1133 1858 1186; x_wconf 91' lang='lat' dir='ltr'>dum</span> <span class='ocrx_word' id='word_1_62' title='bbox 1891 1145 1960 1185; x_wconf 91' lang='lat' dir='ltr'>eo</span> <span class='ocrx_word' id='word_1_63' title='bbox 1994 1141 2176 1182; x_wconf 87' lang='lat' dir='ltr'>rever-</span> 
     </span>
    </p>
   </div>
   <div class='ocr_carea' id='block_1_11' title="bbox 530 1215 2176 1298">
    <p class='ocr_par' dir='ltr' id='par_1_11' title="bbox 530 1215 2176 1298">
     <span class='ocr_line' id='line_1_11' title="bbox 530 1215 2176 1298; baseline -0.01 -13"><span class='ocrx_word' id='word_1_64' title='bbox 530 1247 634 1285; x_wconf 88' lang='lat' dir='ltr'>sus</span> <span class='ocrx_word' id='word_1_65' title='bbox 661 1236 769 1298; x_wconf 85' lang='lat' dir='ltr'>est,</span> <span class='ocrx_word' id='word_1_66' title='bbox 799 1232 1048 1284; x_wconf 82' lang='lat' dir='ltr'>conatus</span> <span class='ocrx_word' id='word_1_67' title='bbox 1078 1241 1199 1281; x_wconf 91' lang='lat' dir='ltr'>non</span> <span class='ocrx_word' id='word_1_68' title='bbox 1221 1228 1454 1295; x_wconf 79' lang='lat' dir='ltr'>poterat</span> <span class='ocrx_word' id='word_1_69' title='bbox 1483 1221 1751 1277; x_wconf 90' lang='lat' dir='ltr'>sufﬁcere</span> <span class='ocrx_word' id='word_1_70' title='bbox 1791 1219 1867 1275; x_wconf 91' lang='lat' dir='ltr'>ad</span> <span class='ocrx_word' id='word_1_71' title='bbox 1899 1215 2176 1272; x_wconf 89' lang='lat' dir='ltr'>ecclesias</span> 
     </span>
    </p>
   </div>
   <div class='ocr_carea' id='block_1_12' title="bbox 529 1305 2176 1387">
    <p class='ocr_par' dir='ltr' id='par_1_12' title="bbox 529 1305 2176 1387">
     <span class='ocr_line' id='line_1_12' title="bbox 529 1305 2176 1387; baseline -0.007 -15"><span class='ocrx_word' id='word_1_72' title='bbox 529 1317 862 1387; x_wconf 89' lang='lat' dir='ltr'>erigendas,</span> <span class='ocrx_word' id='word_1_73' title='bbox 937 1315 1047 1370; x_wconf 91' lang='lat' dir='ltr'><strong>nisi</strong></span> <span class='ocrx_word' id='word_1_74' title='bbox 1100 1312 1406 1369; x_wconf 85' lang='lat' dir='ltr'>accederet</span> <span class='ocrx_word' id='word_1_75' title='bbox 1458 1310 1783 1382; x_wconf 88' lang='lat' dir='ltr'>apostolus,</span> <span class='ocrx_word' id='word_1_76' title='bbox 1818 1311 1920 1362; x_wconf 90' lang='lat' dir='ltr'>aut</span> <span class='ocrx_word' id='word_1_77' title='bbox 1966 1305 2176 1361; x_wconf 86' lang='lat' dir='ltr'>saltem</span> 
     </span>
    </p>
   </div>
   <div class='ocr_carea' id='block_1_13' title="bbox 532 1396 2179 1475">
    <p class='ocr_par' dir='ltr' id='par_1_13' title="bbox 532 1396 2179 1475">
     <span class='ocr_line' id='line_1_13' title="bbox 532 1396 2179 1475; baseline -0.009 -13"><span class='ocrx_word' id='word_1_78' title='bbox 532 1405 816 1462; x_wconf 85' lang='lat' dir='ltr'>sacerdos</span> <span class='ocrx_word' id='word_1_79' title='bbox 856 1403 1089 1475; x_wconf 89' lang='lat' dir='ltr'><strong>aliquis.</strong></span> <span class='ocrx_word' id='word_1_80' title='bbox 1125 1405 1289 1457; x_wconf 86' lang='lat' dir='ltr'>Hunc</span> <span class='ocrx_word' id='word_1_81' title='bbox 1317 1415 1457 1455; x_wconf 91' lang='lat' dir='ltr'>vero</span> <span class='ocrx_word' id='word_1_82' title='bbox 1485 1399 1664 1454; x_wconf 89' lang='lat' dir='ltr'>fuisse</span> <span class='ocrx_word' id='word_1_83' title='bbox 1691 1396 2031 1451; x_wconf 65' lang='lat' dir='ltr'>Matthmum</span> <span class='ocrx_word' id='word_1_84' title='bbox 2068 1398 2179 1448; x_wconf 89' lang='lat' dir='ltr'>tra-</span> 
     </span>
    </p>
   </div>
   <div class='ocr_carea' id='block_1_14' title="bbox 529 1483 2180 1563">
    <p class='ocr_par' dir='ltr' id='par_1_14' title="bbox 529 1483 2180 1563">
     <span class='ocr_line' id='line_1_14' title="bbox 529 1483 2180 1563; baseline -0.009 -13"><span class='ocrx_word' id='word_1_85' title='bbox 529 1495 680 1550; x_wconf 91' lang='lat' dir='ltr'>dunt</span> <span class='ocrx_word' id='word_1_86' title='bbox 723 1494 1038 1563; x_wconf 90' lang='lat' dir='ltr'>scriptores</span> <span class='ocrx_word' id='word_1_87' title='bbox 1083 1490 1222 1546; x_wconf 87' lang='lat' dir='ltr'>satis</span> <span class='ocrx_word' id='word_1_88' title='bbox 1272 1487 1499 1560; x_wconf 88' lang='lat' dir='ltr'>antiqui</span> <span class='ocrx_word' id='word_1_89' title='bbox 1551 1493 1605 1543; x_wconf 92' lang='lat' dir='ltr'>et</span> <span class='ocrx_word' id='word_1_90' title='bbox 1649 1501 1854 1557; x_wconf 83' lang='lat' dir='ltr'>graves</span> <span class='ocrx_word' id='word_1_91' title='bbox 1883 1483 1960 1539; x_wconf 93' lang='lat' dir='ltr'>ad</span> <span class='ocrx_word' id='word_1_92' title='bbox 1998 1483 2180 1537; x_wconf 88' lang='lat' dir='ltr'>ﬁdem</span> 
     </span>
    </p>
   </div>
   <div class='ocr_carea' id='block_1_15' title="bbox 529 1570 2181 1645">
    <p class='ocr_par' dir='ltr' id='par_1_15' title="bbox 529 1570 2181 1645">
     <span class='ocr_line' id='line_1_15' title="bbox 529 1570 2181 1645; baseline -0.009 -7"><span class='ocrx_word' id='word_1_93' title='bbox 529 1583 643 1640; x_wconf 91' lang='lat' dir='ltr'>hac</span> <span class='ocrx_word' id='word_1_94' title='bbox 672 1583 733 1637; x_wconf 90' lang='lat' dir='ltr'>in</span> <span class='ocrx_word' id='word_1_95' title='bbox 765 1598 825 1636; x_wconf 92' lang='lat' dir='ltr'>re</span> <span class='ocrx_word' id='word_1_96' title='bbox 843 1579 1252 1636; x_wconf 85' lang='lat' dir='ltr'>obtinendam.</span> <span class='ocrx_word' id='word_1_97' title='bbox 1278 1576 1632 1632; x_wconf 80' lang='lat' dir='ltr'>Alteraratio</span> <span class='ocrx_word' id='word_1_98' title='bbox 1646 1579 1751 1639; x_wconf 91' lang='lat' dir='ltr'>est,</span> <span class='ocrx_word' id='word_1_99' title='bbox 1777 1573 1942 1645; x_wconf 91' lang='lat' dir='ltr'>quod</span> <span class='ocrx_word' id='word_1_100' title='bbox 1956 1570 2181 1626; x_wconf 87' lang='lat' dir='ltr'>Persica</span> 
     </span>
    </p>
   </div>
   <div class='ocr_carea' id='block_1_16' title="bbox 529 1661 2187 1738">
    <p class='ocr_par' dir='ltr' id='par_1_16' title="bbox 529 1661 2187 1738">
     <span class='ocr_line' id='line_1_16' title="bbox 529 1661 2187 1738; baseline -0.007 -13"><span class='ocrx_word' id='word_1_101' title='bbox 529 1676 632 1725; x_wconf 90' lang='lat' dir='ltr'>aut</span> <span class='ocrx_word' id='word_1_102' title='bbox 671 1670 938 1725; x_wconf 88' lang='lat' dir='ltr'>Parthica</span> <span class='ocrx_word' id='word_1_103' title='bbox 970 1668 1156 1723; x_wconf 88' lang='lat' dir='ltr'>sancti</span> <span class='ocrx_word' id='word_1_104' title='bbox 1215 1665 1561 1738; x_wconf 72' lang='lat' dir='ltr'>praedicatio</span> <span class='ocrx_word' id='word_1_105' title='bbox 1606 1663 1798 1719; x_wconf 89' lang='lat' dir='ltr'>solum</span> <span class='ocrx_word' id='word_1_106' title='bbox 1833 1661 2083 1717; x_wconf 87' lang='lat' dir='ltr'>breviter</span> <span class='ocrx_word' id='word_1_107' title='bbox 2131 1664 2187 1714; x_wconf 93' lang='lat' dir='ltr'>et</span> 
     </span>
    </p>
   </div>
   <div class='ocr_carea' id='block_1_17' title="bbox 529 1749 2264 1827">
    <p class='ocr_par' dir='ltr' id='par_1_17' title="bbox 529 1749 2264 1827">
     <span class='ocr_line' id='line_1_17' title="bbox 529 1749 2264 1827; baseline -0.008 -13"><span class='ocrx_word' id='word_1_108' title='bbox 529 1774 681 1827; x_wconf 83' lang='lat' dir='ltr'>vage</span> <span class='ocrx_word' id='word_1_109' title='bbox 711 1757 1021 1812; x_wconf 89' lang='lat' dir='ltr'>sitasserta</span> <span class='ocrx_word' id='word_1_110' title='bbox 1051 1755 1128 1810; x_wconf 92' lang='lat' dir='ltr'>ab</span> <span class='ocrx_word' id='word_1_111' title='bbox 1143 1754 1455 1810; x_wconf 81' lang='lat' dir='ltr'>Ambrosio</span> <span class='ocrx_word' id='word_1_112' title='bbox 1486 1759 1542 1808; x_wconf 93' lang='lat' dir='ltr'>et</span> <span class='ocrx_word' id='word_1_113' title='bbox 1568 1753 1830 1817; x_wconf 90' lang='lat' dir='ltr'>Paulino,</span> <span class='ocrx_word' id='word_1_114' title='bbox 1862 1766 1930 1805; x_wconf 77' lang='lat' dir='ltr'>ex</span> <span class='ocrx_word' id='word_1_115' title='bbox 1967 1749 2186 1821; x_wconf 85' lang='lat' dir='ltr'>quibus</span> <span class='ocrx_word' id='word_1_116' title='bbox 2222 1756 2264 1812; x_wconf 84' lang='grc' dir='ltr'>Β</span> 
     </span>
    </p>
   </div>
   <div class='ocr_carea' id='block_1_18' title="bbox 527 1836 2190 1915">
    <p class='ocr_par' dir='ltr' id='par_1_18' title="bbox 527 1836 2190 1915">
     <span class='ocr_line' id='line_1_18' title="bbox 527 1836 2190 1915; baseline -0.007 -14"><span class='ocrx_word' id='word_1_117' title='bbox 527 1846 589 1901; x_wconf 91' lang='lat' dir='ltr'>in</span> <span class='ocrx_word' id='word_1_118' title='bbox 619 1846 825 1902; x_wconf 90' lang='lat' dir='ltr'>Fastos</span> <span class='ocrx_word' id='word_1_119' title='bbox 879 1843 1372 1915; x_wconf 86' lang='lat' dir='ltr'>Hieronymianos</span> <span class='ocrx_word' id='word_1_120' title='bbox 1428 1841 1676 1896; x_wconf 89' lang='lat' dir='ltr'>transire</span> <span class='ocrx_word' id='word_1_121' title='bbox 1735 1839 1943 1910; x_wconf 90' lang='lat' dir='ltr'>potuit.</span> <span class='ocrx_word' id='word_1_122' title='bbox 1996 1836 2190 1890; x_wconf 83' lang='lat' dir='ltr'>Potuit</span> 
     </span>
    </p>
   </div>
   <div class='ocr_carea' id='block_1_19' title="bbox 530 1924 2188 2003">
    <p class='ocr_par' dir='ltr' id='par_1_19' title="bbox 530 1924 2188 2003">
     <span class='ocr_line' id='line_1_19' title="bbox 530 1924 2188 2003; baseline -0.006 -13"><span class='ocrx_word' id='word_1_123' title='bbox 530 1939 731 1990; x_wconf 90' lang='lat' dir='ltr'>tamen</span> <span class='ocrx_word' id='word_1_124' title='bbox 776 1933 857 1988; x_wconf 90' lang='lat' dir='ltr'>ibi</span> <span class='ocrx_word' id='word_1_125' title='bbox 909 1947 1150 2003; x_wconf 91' lang='lat' dir='ltr'>quoque</span> <span class='ocrx_word' id='word_1_126' title='bbox 1185 1928 1520 2002; x_wconf 64' lang='lat' dir='ltr'>pradica‘re,</span> <span class='ocrx_word' id='word_1_127' title='bbox 1554 1934 1608 1984; x_wconf 90' lang='lat' dir='ltr'>et</span> <span class='ocrx_word' id='word_1_128' title='bbox 1633 1933 1841 2000; x_wconf 90' lang='lat' dir='ltr'>postea</span> <span class='ocrx_word' id='word_1_129' title='bbox 1866 1928 1926 1982; x_wconf 93' lang='lat' dir='ltr'>in</span> <span class='ocrx_word' id='word_1_130' title='bbox 1978 1924 2188 1980; x_wconf 60' lang='lat' dir='ltr'>XEthio-</span> 
     </span>
    </p>
   </div>
   <div class='ocr_carea' id='block_1_20' title="bbox 528 2014 2190 2094">
    <p class='ocr_par' dir='ltr' id='par_1_20' title="bbox 528 2014 2190 2094">
     <span class='ocr_line' id='line_1_20' title="bbox 528 2014 2190 2094; baseline -0.005 -18"><span class='ocrx_word' id='word_1_131' title='bbox 528 2021 696 2094; x_wconf 90' lang='lat' dir='ltr'>piam</span> <span class='ocrx_word' id='word_1_132' title='bbox 743 2019 1027 2091; x_wconf 86' lang='lat' dir='ltr'>proﬁcisci</span> <span class='ocrx_word' id='word_1_133' title='bbox 1060 2037 1072 2072; x_wconf 90' lang='lat'><strong>:</strong></span> <span class='ocrx_word' id='word_1_134' title='bbox 1109 2035 1249 2075; x_wconf 91' lang='lat' dir='ltr'>nam</span> <span class='ocrx_word' id='word_1_135' title='bbox 1278 2019 1351 2073; x_wconf 89' lang='lat' dir='ltr'>de</span> <span class='ocrx_word' id='word_1_136' title='bbox 1393 2022 1576 2072; x_wconf 89' lang='lat' dir='ltr'>morte</span> <span class='ocrx_word' id='word_1_137' title='bbox 1608 2022 1710 2073; x_wconf 90' lang='lat' dir='ltr'>aut</span> <span class='ocrx_word' id='word_1_138' title='bbox 1761 2015 2040 2086; x_wconf 86' lang='lat' dir='ltr'>martyrio</span> <span class='ocrx_word' id='word_1_139' title='bbox 2067 2014 2190 2070; x_wconf 87' lang='lat' dir='ltr'>lau-</span> 
     </span>
    </p>
   </div>
   <div class='ocr_carea' id='block_1_21' title="bbox 527 2102 2189 2175">
    <p class='ocr_par' dir='ltr' id='par_1_21' title="bbox 527 2102 2189 2175">
     <span class='ocr_line' id='line_1_21' title="bbox 527 2102 2189 2175; baseline -0.005 -10"><span class='ocrx_word' id='word_1_140' title='bbox 527 2109 653 2166; x_wconf 86' lang='lat' dir='ltr'>dati</span> <span class='ocrx_word' id='word_1_141' title='bbox 683 2113 880 2165; x_wconf 84' lang='lat' dir='ltr'>Patres</span> <span class='ocrx_word' id='word_1_142' title='bbox 918 2107 1060 2163; x_wconf 86' lang='lat' dir='ltr'>nihil</span> <span class='ocrx_word' id='word_1_143' title='bbox 1112 2107 1434 2162; x_wconf 88' lang='lat' dir='ltr'>afﬁrmant.</span> <span class='ocrx_word' id='word_1_144' title='bbox 1481 2105 1651 2171; x_wconf 86' lang='lat' dir='ltr'>Quod</span> <span class='ocrx_word' id='word_1_145' title='bbox 1682 2120 1818 2160; x_wconf 91' lang='lat' dir='ltr'>vero</span> <span class='ocrx_word' id='word_1_146' title='bbox 1850 2108 2075 2175; x_wconf 86' lang='lat' dir='ltr'>spectat</span> <span class='ocrx_word' id='word_1_147' title='bbox 2113 2102 2189 2157; x_wconf 88' lang='lat' dir='ltr'>ad</span> 
     </span>
    </p>
   </div>
   <div class='ocr_carea' id='block_1_22' title="bbox 529 2192 2190 2269">
    <p class='ocr_par' dir='ltr' id='par_1_22' title="bbox 529 2192 2190 2269">
     <span class='ocr_line' id='line_1_22' title="bbox 529 2192 2190 2269; baseline -0.005 -16"><span class='ocrx_word' id='word_1_148' title='bbox 529 2199 846 2263; x_wconf 89' lang='lat' dir='ltr'>civitatem,</span> <span class='ocrx_word' id='word_1_149' title='bbox 880 2211 1015 2269; x_wconf 73' lang='lat' dir='ltr'>quae</span> <span class='ocrx_word' id='word_1_150' title='bbox 1055 2194 1369 2252; x_wconf 89' lang='lat' dir='ltr'>Naddaver</span> <span class='ocrx_word' id='word_1_151' title='bbox 1406 2195 1464 2249; x_wconf 91' lang='lat' dir='ltr'><strong>iu</strong></span> <span class='ocrx_word' id='word_1_152' title='bbox 1506 2194 1664 2250; x_wconf 82' lang='lat' dir='ltr'>Actis</span> <span class='ocrx_word' id='word_1_153' title='bbox 1695 2199 1750 2247; x_wconf 91' lang='lat' dir='ltr'>et</span> <span class='ocrx_word' id='word_1_154' title='bbox 1784 2192 1947 2262; x_wconf 90' lang='lat' dir='ltr'>apud</span> <span class='ocrx_word' id='word_1_155' title='bbox 1994 2194 2190 2247; x_wconf 85' lang='lat' dir='ltr'>Fortu-</span> 
     </span>
    </p>
   </div>
   <div class='ocr_carea' id='block_1_23' title="bbox 529 2282 2191 2355">
    <p class='ocr_par' dir='ltr' id='par_1_23' title="bbox 529 2282 2191 2355">
     <span class='ocr_line' id='line_1_23' title="bbox 529 2282 2191 2355; baseline -0.003 -13"><span class='ocrx_word' id='word_1_156' title='bbox 529 2290 741 2343; x_wconf 88' lang='lat' dir='ltr'>natum</span> <span class='ocrx_word' id='word_1_157' title='bbox 773 2291 1037 2350; x_wconf 84' lang='lat' dir='ltr'>vocatur,</span> <span class='ocrx_word' id='word_1_158' title='bbox 1068 2283 1396 2340; x_wconf 86' lang='lat' dir='ltr'>nullaillius</span> <span class='ocrx_word' id='word_1_159' title='bbox 1427 2283 1602 2355; x_wconf 90' lang='lat' dir='ltr'>plane</span> <span class='ocrx_word' id='word_1_160' title='bbox 1634 2282 1892 2337; x_wconf 88' lang='lat' dir='ltr'>nominis</span> <span class='ocrx_word' id='word_1_161' title='bbox 1925 2286 2070 2336; x_wconf 89' lang='lat' dir='ltr'>nota</span> <span class='ocrx_word' id='word_1_162' title='bbox 2103 2287 2191 2337; x_wconf 91' lang='lat' dir='ltr'>est</span> 
     </span>
    </p>
   </div>
   <div class='ocr_carea' id='block_1_24' title="bbox 536 2368 2190 2445">
    <p class='ocr_par' dir='ltr' id='par_1_24' title="bbox 536 2368 2190 2445">
     <span class='ocr_line' id='line_1_24' title="bbox 536 2368 2190 2445; baseline -0.004 -16"><span class='ocrx_word' id='word_1_163' title='bbox 536 2375 596 2429; x_wconf 92' lang='lat' dir='ltr'>in</span> <span class='ocrx_word' id='word_1_164' title='bbox 656 2372 972 2445; x_wconf 65' lang='lat' dir='ltr'>Ethiopia.</span> <span class='ocrx_word' id='word_1_165' title='bbox 1030 2375 1165 2428; x_wconf 86' lang='lat' dir='ltr'>Erat</span> <span class='ocrx_word' id='word_1_166' title='bbox 1202 2376 1404 2427; x_wconf 85' lang='lat' dir='ltr'>tamen</span> <span class='ocrx_word' id='word_1_167' title='bbox 1466 2370 1711 2440; x_wconf 82' lang='lat' dir='ltr'>Augusti</span> <span class='ocrx_word' id='word_1_168' title='bbox 1756 2377 2019 2441; x_wconf 91' lang='lat' dir='ltr'>tempore</span> <span class='ocrx_word' id='word_1_169' title='bbox 2049 2368 2190 2423; x_wconf 91' lang='lat' dir='ltr'>urbs</span> 
     </span>
    </p>
   </div>
   <div class='ocr_carea' id='block_1_25' title="bbox 529 2459 2190 2534">
    <p class='ocr_par' dir='ltr' id='par_1_25' title="bbox 529 2459 2190 2534">
     <span class='ocr_line' id='line_1_25' title="bbox 529 2459 2190 2534; baseline -0.005 -15"><span class='ocrx_word' id='word_1_170' title='bbox 529 2465 753 2534; x_wconf 87' lang='lat' dir='ltr'>Napata</span> <span class='ocrx_word' id='word_1_171' title='bbox 807 2461 968 2532; x_wconf 89' lang='lat' dir='ltr'>apud</span> <span class='ocrx_word' id='word_1_172' title='bbox 1019 2461 1368 2518; x_wconf 89' lang='lat' dir='ltr'>Strabonem</span> <span class='ocrx_word' id='word_1_173' title='bbox 1416 2474 1555 2531; x_wconf 90' lang='lat' dir='ltr'>pag.</span> <span class='ocrx_word' id='word_1_174' title='bbox 1604 2462 1707 2514; x_wconf 76' lang='lat'>8&#39;20</span> <span class='ocrx_word' id='word_1_175' title='bbox 1765 2459 1944 2524; x_wconf 88' lang='lat' dir='ltr'>dicta,</span> <span class='ocrx_word' id='word_1_176' title='bbox 2004 2473 2190 2529; x_wconf 91' lang='lat' dir='ltr'>quam</span> 
     </span>
    </p>
   </div>
   <div class='ocr_carea' id='block_1_26' title="bbox 527 2545 2191 2618">
    <p class='ocr_par' dir='ltr' id='par_1_26' title="bbox 527 2545 2191 2618">
     <span class='ocr_line' id='line_1_26' title="bbox 527 2545 2191 2618; baseline -0.005 -11"><span class='ocrx_word' id='word_1_177' title='bbox 527 2552 834 2608; x_wconf 89' lang='lat' dir='ltr'>Petronius</span> <span class='ocrx_word' id='word_1_178' title='bbox 893 2552 1160 2605; x_wconf 80' lang='lat' dir='ltr'>Romano</span> <span class='ocrx_word' id='word_1_179' title='bbox 1205 2548 1485 2604; x_wconf 82' lang='lat' dir='ltr'>exercitui</span> <span class='ocrx_word' id='word_1_180' title='bbox 1545 2548 1856 2618; x_wconf 68' lang='lat' dir='ltr'>praefectus</span> <span class='ocrx_word' id='word_1_181' title='bbox 1904 2545 2059 2617; x_wconf 87' lang='lat' dir='ltr'>cepit</span> <span class='ocrx_word' id='word_1_182' title='bbox 2122 2562 2191 2600; x_wconf 90' lang='lat' dir='ltr'>ac</span> 
     </span>
    </p>
   </div>
   <div class='ocr_carea' id='block_1_27' title="bbox 526 2633 2187 2704">
    <p class='ocr_par' dir='ltr' id='par_1_27' title="bbox 526 2633 2187 2704">
     <span class='ocr_line' id='line_1_27' title="bbox 526 2633 2187 2704; baseline -0.004 -11"><span class='ocrx_word' id='word_1_183' title='bbox 526 2638 705 2694; x_wconf 91' lang='lat' dir='ltr'>diruit</span> <span class='ocrx_word' id='word_1_184' title='bbox 736 2637 795 2692; x_wconf 92' lang='lat' dir='ltr'>in</span> <span class='ocrx_word' id='word_1_185' title='bbox 828 2637 983 2692; x_wconf 89' lang='lat' dir='ltr'>bello</span> <span class='ocrx_word' id='word_1_186' title='bbox 1016 2642 1225 2692; x_wconf 91' lang='lat' dir='ltr'>contra</span> <span class='ocrx_word' id='word_1_187' title='bbox 1255 2636 1525 2704; x_wconf 88' lang='lat' dir='ltr'>reginam</span> <span class='ocrx_word' id='word_1_188' title='bbox 1561 2633 2187 2704; x_wconf 87' lang='lat' dir='ltr'>Candacem.Napatis,</span> 
     </span>
    </p>
   </div>
   <div class='ocr_carea' id='block_1_28' title="bbox 530 2721 2191 2792">
    <p class='ocr_par' dir='ltr' id='par_1_28' title="bbox 530 2721 2191 2792">
     <span class='ocr_line' id='line_1_28' title="bbox 530 2721 2191 2792; baseline -0.005 -10"><span class='ocrx_word' id='word_1_189' title='bbox 530 2731 674 2782; x_wconf 87' lang='lat' dir='ltr'>teste</span> <span class='ocrx_word' id='word_1_190' title='bbox 710 2725 1021 2787; x_wconf 86' lang='lat' dir='ltr'>Strabone,</span> <span class='ocrx_word' id='word_1_191' title='bbox 1050 2723 1352 2779; x_wconf 86' lang='lat' dir='ltr'>Candaces</span> <span class='ocrx_word' id='word_1_192' title='bbox 1382 2724 1548 2792; x_wconf 91' lang='lat' dir='ltr'>regia</span> <span class='ocrx_word' id='word_1_193' title='bbox 1573 2727 1716 2778; x_wconf 91' lang='lat' dir='ltr'>erat.</span> <span class='ocrx_word' id='word_1_194' title='bbox 1749 2723 1878 2778; x_wconf 84' lang='lat' dir='ltr'>Jaui</span> <span class='ocrx_word' id='word_1_195' title='bbox 1914 2738 2052 2777; x_wconf 90' lang='lat' dir='ltr'>vero</span> <span class='ocrx_word' id='word_1_196' title='bbox 2093 2721 2191 2775; x_wconf 87' lang='lat' dir='ltr'>alii</span> 
     </span>
    </p>
   </div>
   <div class='ocr_carea' id='block_1_29' title="bbox 533 2810 2190 2883">
    <p class='ocr_par' dir='ltr' id='par_1_29' title="bbox 533 2810 2190 2883">
     <span class='ocr_line' id='line_1_29' title="bbox 533 2810 2190 2883; baseline -0.003 -14"><span class='ocrx_word' id='word_1_197' title='bbox 533 2814 924 2876; x_wconf 88' lang='lat' dir='ltr'>considerent,</span> <span class='ocrx_word' id='word_1_198' title='bbox 959 2828 1035 2867; x_wconf 90' lang='lat' dir='ltr'>an</span> <span class='ocrx_word' id='word_1_199' title='bbox 1064 2812 1207 2867; x_wconf 86' lang='lat' dir='ltr'>urbs</span> <span class='ocrx_word' id='word_1_200' title='bbox 1245 2811 1584 2882; x_wconf 71' lang='lat' dir='ltr'>Ethiopica,</span> <span class='ocrx_word' id='word_1_201' title='bbox 1616 2827 1796 2883; x_wconf 89' lang='lat' dir='ltr'>quam</span> <span class='ocrx_word' id='word_1_202' title='bbox 1828 2810 2060 2882; x_wconf 89' lang='lat' dir='ltr'>Napata</span> <span class='ocrx_word' id='word_1_203' title='bbox 2091 2826 2190 2864; x_wconf 88' lang='lat' dir='ltr'>vo-</span> 
     </span>
    </p>
   </div>
   <div class='ocr_carea' id='block_1_30' title="bbox 531 2899 2188 2972">
    <p class='ocr_par' dir='ltr' id='par_1_30' title="bbox 531 2899 2188 2972">
     <span class='ocr_line' id='line_1_30' title="bbox 531 2899 2188 2972; baseline -0.003 -14"><span class='ocrx_word' id='word_1_204' title='bbox 531 2908 744 2960; x_wconf 89' lang='lat' dir='ltr'>carunt</span> <span class='ocrx_word' id='word_1_205' title='bbox 771 2902 977 2966; x_wconf 68' lang='lat' dir='ltr'>Graeci,</span> <span class='ocrx_word' id='word_1_206' title='bbox 1021 2917 1139 2957; x_wconf 84' lang='lat' dir='ltr'>non</span> <span class='ocrx_word' id='word_1_207' title='bbox 1185 2901 1440 2972; x_wconf 87' lang='lat' dir='ltr'>potuerit</span> <span class='ocrx_word' id='word_1_208' title='bbox 1471 2901 1586 2956; x_wconf 90' lang='lat' dir='ltr'>alia</span> <span class='ocrx_word' id='word_1_209' title='bbox 1623 2899 1994 2972; x_wconf 82' lang='lat' dir='ltr'>expositione</span> <span class='ocrx_word' id='word_1_210' title='bbox 2026 2900 2188 2955; x_wconf 87' lang='lat' dir='ltr'>vocis</span> 
     </span>
    </p>
   </div>
   <div class='ocr_carea' id='block_1_31' title="bbox 533 2989 2190 3061">
    <p class='ocr_par' dir='ltr' id='par_1_31' title="bbox 533 2989 2190 3061">
     <span class='ocr_line' id='line_1_31' title="bbox 533 2989 2190 3061; baseline -0.001 -15"><span class='ocrx_word' id='word_1_211' title='bbox 533 2990 897 3061; x_wconf 66' lang='lat' dir='ltr'>Ethiopicae,</span> <span class='ocrx_word' id='word_1_212' title='bbox 944 2995 1045 3046; x_wconf 93' lang='lat' dir='ltr'>aut</span> <span class='ocrx_word' id='word_1_213' title='bbox 1076 2989 1285 3046; x_wconf 88' lang='lat' dir='ltr'>saltem</span> <span class='ocrx_word' id='word_1_214' title='bbox 1336 2990 1717 3060; x_wconf 91' lang='lat' dir='ltr'>corruptione</span> <span class='ocrx_word' id='word_1_215' title='bbox 1749 2989 2064 3045; x_wconf 87' lang='lat' dir='ltr'>Naddaver</span> <span class='ocrx_word' id='word_1_216' title='bbox 2094 3005 2190 3044; x_wconf 82' lang='lat' dir='ltr'>ex-</span> 
     </span>
    </p>
   </div>
   <div class='ocr_carea' id='block_1_32' title="bbox 533 3077 2268 3160">
    <p class='ocr_par' dir='ltr' id='par_1_32' title="bbox 533 3077 2268 3160">
     <span class='ocr_line' id='line_1_32' title="bbox 533 3077 2268 3160; baseline -0.001 -27"><span class='ocrx_word' id='word_1_217' title='bbox 533 3078 735 3151; x_wconf 89' lang='lat' dir='ltr'>primi.</span> <span class='ocrx_word' id='word_1_218' title='bbox 760 3078 1044 3134; x_wconf 88' lang='lat' dir='ltr'>Eamdem</span> <span class='ocrx_word' id='word_1_219' title='bbox 1079 3078 1284 3134; x_wconf 89' lang='lat' dir='ltr'>urbem</span> <span class='ocrx_word' id='word_1_220' title='bbox 1318 3078 1460 3133; x_wconf 86' lang='lat' dir='ltr'>alibi</span> <span class='ocrx_word' id='word_1_221' title='bbox 1497 3077 1954 3149; x_wconf 85' lang='lat' dir='ltr'>Naggatascribi</span> <span class='ocrx_word' id='word_1_222' title='bbox 1986 3078 2191 3133; x_wconf 88' lang='lat' dir='ltr'>obser-</span> <span class='ocrx_word' id='word_1_223' title='bbox 2229 3105 2268 3160; x_wconf 68' lang='grc' dir='ltr'><strong>ρ</strong></span> 
     </span>
    </p>
   </div>
   <div class='ocr_carea' id='block_1_33' title="bbox 535 3167 2184 3239">
    <p class='ocr_par' dir='ltr' id='par_1_33' title="bbox 535 3167 2184 3239">
     <span class='ocr_line' id='line_1_33' title="bbox 535 3167 2184 3239; baseline 0 -17"><span class='ocrx_word' id='word_1_224' title='bbox 535 3172 635 3224; x_wconf 90' lang='lat' dir='ltr'>vat</span> <span class='ocrx_word' id='word_1_225' title='bbox 656 3168 957 3232; x_wconf 89' lang='lat' dir='ltr'>Cellarius,</span> <span class='ocrx_word' id='word_1_226' title='bbox 976 3168 1035 3222; x_wconf 91' lang='lat' dir='ltr'>in</span> <span class='ocrx_word' id='word_1_227' title='bbox 1058 3167 1437 3237; x_wconf 83' lang='lat' dir='ltr'>Geographia</span> <span class='ocrx_word' id='word_1_228' title='bbox 1452 3167 1725 3239; x_wconf 77' lang='lat' dir='ltr'>antiqua,</span> <span class='ocrx_word' id='word_1_229' title='bbox 1753 3167 1857 3222; x_wconf 92' lang='lat' dir='ltr'>lib.</span> <span class='ocrx_word' id='word_1_230' title='bbox 1881 3183 1956 3232; x_wconf 87' lang='lat' dir='ltr'>1v,</span> <span class='ocrx_word' id='word_1_231' title='bbox 1976 3183 2107 3239; x_wconf 89' lang='lat' dir='ltr'>cap.</span> <span class='ocrx_word' id='word_1_232' title='bbox 2134 3171 2184 3232; x_wconf 90' lang='lat'>8,</span> 
     </span>
    </p>
   </div>
   <div class='ocr_carea' id='block_1_34' title="bbox 532 3260 828 3329">
    <p class='ocr_par' dir='ltr' id='par_1_34' title="bbox 532 3260 828 3329">
     <span class='ocr_line' id='line_1_34' title="bbox 532 3260 828 3329; baseline -0.01 -16"><span class='ocrx_word' id='word_1_233' title='bbox 532 3272 676 3329; x_wconf 87' lang='lat' dir='ltr'>pag.</span> <span class='ocrx_word' id='word_1_234' title='bbox 710 3260 828 3311; x_wconf 82' lang='lat' dir='ltr'>l56.</span> 
     </span>
    </p>
   </div>
   <div class='ocr_carea' id='block_1_35' title="bbox 605 3343 2184 3415">
    <p class='ocr_par' dir='ltr' id='par_1_35' title="bbox 605 3343 2184 3415">
     <span class='ocr_line' id='line_1_35' title="bbox 605 3343 2184 3415; baseline -0.001 -16"><span class='ocrx_word' id='word_1_235' title='bbox 605 3349 693 3400; x_wconf 81' lang='lat' dir='ltr'>6t.</span> <span class='ocrx_word' id='word_1_236' title='bbox 726 3343 895 3410; x_wconf 87' lang='lat' dir='ltr'>Quod</span> <span class='ocrx_word' id='word_1_237' title='bbox 927 3348 1155 3415; x_wconf 87' lang='lat' dir='ltr'>spectat</span> <span class='ocrx_word' id='word_1_238' title='bbox 1199 3343 1278 3399; x_wconf 92' lang='lat' dir='ltr'>ad</span> <span class='ocrx_word' id='word_1_239' title='bbox 1306 3343 1660 3415; x_wconf 86' lang='lat' dir='ltr'>martyrium</span> <span class='ocrx_word' id='word_1_240' title='bbox 1691 3344 1879 3399; x_wconf 90' lang='lat' dir='ltr'>sancti</span> <span class='ocrx_word' id='word_1_241' title='bbox 1911 3343 2184 3408; x_wconf 72' lang='lat' dir='ltr'>Matthaei,</span> 
     </span>
    </p>
   </div>
   <div class='ocr_carea' id='block_1_36' title="bbox 531 3432 2188 3505">
    <p class='ocr_par' dir='ltr' id='par_1_36' title="bbox 531 3432 2188 3505">
     <span class='ocr_line' id='line_1_36' title="bbox 531 3432 2188 3505; baseline -0.002 -17"><span class='ocrx_word' id='word_1_242' title='bbox 531 3433 645 3489; x_wconf 90' lang='lat' dir='ltr'>hoc</span> <span class='ocrx_word' id='word_1_243' title='bbox 678 3433 878 3504; x_wconf 91' lang='lat' dir='ltr'>ipsum</span> <span class='ocrx_word' id='word_1_244' title='bbox 907 3433 1133 3489; x_wconf 90' lang='lat' dir='ltr'>videtur</span> <span class='ocrx_word' id='word_1_245' title='bbox 1162 3433 1435 3488; x_wconf 91' lang='lat' dir='ltr'>dubium.</span> <span class='ocrx_word' id='word_1_246' title='bbox 1470 3432 1884 3505; x_wconf 82' lang='lat' dir='ltr'>Martyrologia</span> <span class='ocrx_word' id='word_1_247' title='bbox 1912 3433 2188 3503; x_wconf 85' lang='lat' dir='ltr'>Hierony-</span> 
     </span>
    </p>
   </div>
   <div class='ocr_carea' id='block_1_37' title="bbox 535 3520 2187 3593">
    <p class='ocr_par' dir='ltr' id='par_1_37' title="bbox 535 3520 2187 3593">
     <span class='ocr_line' id='line_1_37' title="bbox 535 3520 2187 3593; baseline -0.001 -17"><span class='ocrx_word' id='word_1_248' title='bbox 535 3520 737 3577; x_wconf 89' lang='lat' dir='ltr'>miana</span> <span class='ocrx_word' id='word_1_249' title='bbox 779 3527 836 3576; x_wconf 92' lang='lat' dir='ltr'>et</span> <span class='ocrx_word' id='word_1_250' title='bbox 866 3526 1007 3577; x_wconf 80' lang='lat' dir='ltr'>Acta</span> <span class='ocrx_word' id='word_1_251' title='bbox 1040 3520 1236 3577; x_wconf 88' lang='lat' dir='ltr'>Latina</span> <span class='ocrx_word' id='word_1_252' title='bbox 1267 3538 1404 3576; x_wconf 90' lang='lat' dir='ltr'>cum</span> <span class='ocrx_word' id='word_1_253' title='bbox 1463 3521 1878 3593; x_wconf 85' lang='lat' dir='ltr'>martyrologis</span> <span class='ocrx_word' id='word_1_254' title='bbox 1903 3520 2187 3575; x_wconf 89' lang='lat' dir='ltr'>omnibus</span> 
     </span>
    </p>
   </div>
   <div class='ocr_carea' id='block_1_38' title="bbox 535 3608 2183 3681">
    <p class='ocr_par' dir='ltr' id='par_1_38' title="bbox 535 3608 2183 3681">
     <span class='ocr_line' id='line_1_38' title="bbox 535 3608 2183 3681; baseline -0.002 -16"><span class='ocrx_word' id='word_1_255' title='bbox 535 3609 720 3666; x_wconf 90' lang='lat' dir='ltr'>medii</span> <span class='ocrx_word' id='word_1_256' title='bbox 745 3609 852 3664; x_wconf 68' lang='lat' dir='ltr'>aevi</span> <span class='ocrx_word' id='word_1_257' title='bbox 879 3608 1208 3674; x_wconf 87' lang='lat' dir='ltr'>insinuant,</span> <span class='ocrx_word' id='word_1_258' title='bbox 1241 3611 1577 3666; x_wconf 76' lang='lat' dir='ltr'>Mattliasum</span> <span class='ocrx_word' id='word_1_259' title='bbox 1601 3609 1817 3665; x_wconf 91' lang='lat' dir='ltr'>obiisse</span> <span class='ocrx_word' id='word_1_260' title='bbox 1842 3617 2183 3681; x_wconf 86' lang='lat' dir='ltr'>martyrem.</span> 
     </span>
    </p>
   </div>
   <div class='ocr_carea' id='block_1_39' title="bbox 533 3695 2187 3764">
    <p class='ocr_par' dir='ltr' id='par_1_39' title="bbox 533 3695 2187 3764">
     <span class='ocr_line' id='line_1_39' title="bbox 533 3695 2187 3764; baseline -0.001 -11"><span class='ocrx_word' id='word_1_261' title='bbox 533 3701 603 3753; x_wconf 82' lang='lat' dir='ltr'>At</span> <span class='ocrx_word' id='word_1_262' title='bbox 619 3695 1019 3764; x_wconf 87' lang='lat' dir='ltr'>menologium</span> <span class='ocrx_word' id='word_1_263' title='bbox 1039 3697 1397 3753; x_wconf 89' lang='lat' dir='ltr'>Basilianum</span> <span class='ocrx_word' id='word_1_264' title='bbox 1411 3698 1486 3752; x_wconf 92' lang='lat' dir='ltr'>ad</span> <span class='ocrx_word' id='word_1_265' title='bbox 1510 3701 1570 3753; x_wconf 84' lang='grc'><strong>16</strong></span> <span class='ocrx_word' id='word_1_266' title='bbox 1585 3699 1930 3753; x_wconf 85' lang='lat' dir='ltr'>Novembris</span> <span class='ocrx_word' id='word_1_267' title='bbox 1943 3698 2016 3752; x_wconf 88' lang='lat' dir='ltr'>de</span> <span class='ocrx_word' id='word_1_268' title='bbox 2036 3713 2187 3752; x_wconf 87' lang='lat' dir='ltr'>mar-</span> 
     </span>
    </p>
   </div>
   <div class='ocr_carea' id='block_1_40' title="bbox 537 3784 2188 3856">
    <p class='ocr_par' dir='ltr' id='par_1_40' title="bbox 537 3784 2188 3856">
     <span class='ocr_line' id='line_1_40' title="bbox 537 3784 2188 3856; baseline -0.002 -16"><span class='ocrx_word' id='word_1_269' title='bbox 537 3785 684 3855; x_wconf 80' lang='lat' dir='ltr'>tyrio</span> <span class='ocrx_word' id='word_1_270' title='bbox 715 3784 866 3838; x_wconf 90' lang='lat' dir='ltr'>clare</span> <span class='ocrx_word' id='word_1_271' title='bbox 900 3784 1108 3839; x_wconf 91' lang='lat' dir='ltr'>saltem</span> <span class='ocrx_word' id='word_1_272' title='bbox 1145 3800 1264 3839; x_wconf 92' lang='lat' dir='ltr'>non</span> <span class='ocrx_word' id='word_1_273' title='bbox 1288 3785 1563 3856; x_wconf 90' lang='lat' dir='ltr'>loquitur,</span> <span class='ocrx_word' id='word_1_274' title='bbox 1597 3787 1698 3839; x_wconf 93' lang='lat' dir='ltr'>sed</span> <span class='ocrx_word' id='word_1_275' title='bbox 1725 3786 1900 3839; x_wconf 87' lang='lat' dir='ltr'>utitur</span> <span class='ocrx_word' id='word_1_276' title='bbox 1942 3801 2081 3840; x_wconf 88' lang='lat' dir='ltr'>voce</span> <span class='ocrx_word' id='word_1_277' title='bbox 2113 3805 2188 3837; x_wconf 84' lang='grc' dir='ltr'>τε-</span> 
     </span>
    </p>
   </div>
   <div class='ocr_carea' id='block_1_41' title="bbox 540 3871 2188 3944">
    <p class='ocr_par' dir='ltr' id='par_1_41' title="bbox 540 3871 2188 3944">
     <span class='ocr_line' id='line_1_41' title="bbox 540 3871 2188 3944; baseline 0.003 -21"><span class='ocrx_word' id='word_1_278' title='bbox 540 3871 790 3939; x_wconf 81' lang='grc' dir='ltr'>λιιοῦται,</span> <span class='ocrx_word' id='word_1_279' title='bbox 809 3878 1412 3943; x_wconf 90' lang='lat' dir='ltr'>consummatur,quo</span> <span class='ocrx_word' id='word_1_280' title='bbox 1425 3879 1624 3928; x_wconf 87' lang='lat' dir='ltr'>tamen</span> <span class='ocrx_word' id='word_1_281' title='bbox 1639 3874 1820 3928; x_wconf 89' lang='lat' dir='ltr'>verbo</span> <span class='ocrx_word' id='word_1_282' title='bbox 1833 3873 2188 3944; x_wconf 86' lang='lat' dir='ltr'>martyrium</span> 
     </span>
    </p>
   </div>
   <div class='ocr_carea' id='block_1_42' title="bbox 540 3960 2190 4031">
    <p class='ocr_par' dir='ltr' id='par_1_42' title="bbox 540 3960 2190 4031">
     <span class='ocr_line' id='line_1_42' title="bbox 540 3960 2190 4031; baseline 0 -16"><span class='ocrx_word' id='word_1_283' title='bbox 540 3960 704 4015; x_wconf 91' lang='lat' dir='ltr'>innui</span> <span class='ocrx_word' id='word_1_284' title='bbox 761 3965 970 4030; x_wconf 89' lang='lat' dir='ltr'>potest,</span> <span class='ocrx_word' id='word_1_285' title='bbox 1033 3961 1294 4015; x_wconf 83' lang='lat' dir='ltr'>maxime</span> <span class='ocrx_word' id='word_1_286' title='bbox 1352 3976 1488 4015; x_wconf 91' lang='lat' dir='ltr'>cum</span> <span class='ocrx_word' id='word_1_287' title='bbox 1542 3960 1720 4031; x_wconf 90' lang='lat' dir='ltr'>paulo</span> <span class='ocrx_word' id='word_1_288' title='bbox 1769 3967 1904 4016; x_wconf 87' lang='lat' dir='ltr'>ante</span> <span class='ocrx_word' id='word_1_289' title='bbox 1963 3962 2190 4017; x_wconf 90' lang='lat' dir='ltr'>dicatur</span> 
     </span>
    </p>
   </div>
   <div class='ocr_carea' id='block_1_43' title="bbox 541 4048 2185 4122">
    <p class='ocr_par' dir='ltr' id='par_1_43' title="bbox 541 4048 2185 4122">
     <span class='ocr_line' id='line_1_43' title="bbox 541 4048 2185 4122; baseline -0.001 -18"><span class='ocrx_word' id='word_1_290' title='bbox 541 4048 727 4104; x_wconf 88' lang='lat' dir='ltr'>multa</span> <span class='ocrx_word' id='word_1_291' title='bbox 761 4052 1056 4104; x_wconf 91' lang='lat' dir='ltr'>tormenta</span> <span class='ocrx_word' id='word_1_292' title='bbox 1097 4064 1413 4120; x_wconf 88' lang='lat' dir='ltr'>perpessus</span> <span class='ocrx_word' id='word_1_293' title='bbox 1461 4049 1624 4122; x_wconf 88' lang='lat' dir='ltr'>apud</span> <span class='ocrx_word' id='word_1_294' title='bbox 1669 4051 2185 4122; x_wconf 83' lang='lat' dir='ltr'>Antropophagos.</span> 
     </span>
    </p>
   </div>
   <div class='ocr_carea' id='block_1_44' title="bbox 545 4136 2190 4210">
    <p class='ocr_par' dir='ltr' id='par_1_44' title="bbox 545 4136 2190 4210">
     <span class='ocr_line' id='line_1_44' title="bbox 545 4136 2190 4210; baseline 0.001 -19"><span class='ocrx_word' id='word_1_295' title='bbox 545 4140 603 4191; x_wconf 89' lang='lat' dir='ltr'><strong>lu</strong></span> <span class='ocrx_word' id='word_1_296' title='bbox 628 4136 835 4192; x_wconf 90' lang='lat' dir='ltr'>eodem</span> <span class='ocrx_word' id='word_1_297' title='bbox 872 4136 1197 4206; x_wconf 86' lang='lat' dir='ltr'>Menologio</span> <span class='ocrx_word' id='word_1_298' title='bbox 1226 4137 1303 4192; x_wconf 91' lang='lat' dir='ltr'>ad</span> <span class='ocrx_word' id='word_1_299' title='bbox 1335 4138 1404 4193; x_wconf 88' lang='lat' dir='ltr'><strong>3O</strong></span> <span class='ocrx_word' id='word_1_300' title='bbox 1431 4137 1580 4192; x_wconf 85' lang='lat' dir='ltr'><strong>Junii</strong></span> <span class='ocrx_word' id='word_1_301' title='bbox 1618 4137 1834 4194; x_wconf 91' lang='lat' dir='ltr'>dicitur</span> <span class='ocrx_word' id='word_1_302' title='bbox 1889 4137 2190 4210; x_wconf 88' lang='lat' dir='ltr'>lapidibus</span> 
     </span>
    </p>
   </div>
   <div class='ocr_carea' id='block_1_45' title="bbox 541 4224 2192 4300">
    <p class='ocr_par' dir='ltr' id='par_1_45' title="bbox 541 4224 2192 4300">
     <span class='ocr_line' id='line_1_45' title="bbox 541 4224 2192 4300; baseline 0.002 -21"><span class='ocrx_word' id='word_1_303' title='bbox 541 4224 812 4280; x_wconf 89' lang='lat' dir='ltr'>obrutus.</span> <span class='ocrx_word' id='word_1_304' title='bbox 870 4225 1291 4296; x_wconf 74' lang='lat' dir='ltr'>Metaphrastes</span> <span class='ocrx_word' id='word_1_305' title='bbox 1337 4233 1393 4281; x_wconf 91' lang='lat' dir='ltr'>et</span> <span class='ocrx_word' id='word_1_306' title='bbox 1425 4227 1653 4282; x_wconf 85' lang='lat' dir='ltr'>Nicetas</span> <span class='ocrx_word' id='word_1_307' title='bbox 1691 4227 1994 4300; x_wconf 83' lang='lat' dir='ltr'>Paphlago</span> <span class='ocrx_word' id='word_1_308' title='bbox 2039 4245 2192 4283; x_wconf 89' lang='lat' dir='ltr'>mar-</span> 
     </span>
    </p>
   </div>
   <div class='ocr_carea' id='block_1_46' title="bbox 544 4313 2195 4383">
    <p class='ocr_par' dir='ltr' id='par_1_46' title="bbox 544 4313 2195 4383">
     <span class='ocr_line' id='line_1_46' title="bbox 544 4313 2195 4383; baseline 0.004 -16"><span class='ocrx_word' id='word_1_309' title='bbox 544 4313 763 4383; x_wconf 91' lang='lat' dir='ltr'>tyrium</span> <span class='ocrx_word' id='word_1_310' title='bbox 796 4313 1121 4382; x_wconf 83' lang='lat' dir='ltr'>generatim</span> <span class='ocrx_word' id='word_1_311' title='bbox 1155 4321 1448 4371; x_wconf 87' lang='lat' dir='ltr'>asserunt.</span> <span class='ocrx_word' id='word_1_312' title='bbox 1489 4317 1552 4370; x_wconf 85' lang='lat' dir='ltr'>In</span> <span class='ocrx_word' id='word_1_313' title='bbox 1585 4317 1818 4372; x_wconf 68' lang='lat' dir='ltr'>Meneeis</span> <span class='ocrx_word' id='word_1_314' title='bbox 1865 4318 1942 4372; x_wconf 91' lang='lat' dir='ltr'>ad</span> <span class='ocrx_word' id='word_1_315' title='bbox 1982 4316 2040 4371; x_wconf 86' lang='lat' dir='ltr'>t6</span> <span class='ocrx_word' id='word_1_316' title='bbox 2081 4321 2195 4374; x_wconf 86' lang='lat' dir='ltr'>No-</span> 
     </span>
    </p>
   </div>
   <div class='ocr_carea' id='block_1_47' title="bbox 543 4401 2191 4473">
    <p class='ocr_par' dir='ltr' id='par_1_47' title="bbox 543 4401 2191 4473">
     <span class='ocr_line' id='line_1_47' title="bbox 543 4401 2191 4473; baseline 0.004 -19"><span class='ocrx_word' id='word_1_317' title='bbox 543 4401 800 4456; x_wconf 88' lang='lat' dir='ltr'>vembris</span> <span class='ocrx_word' id='word_1_318' title='bbox 814 4401 1072 4471; x_wconf 88' lang='lat' dir='ltr'>primum</span> <span class='ocrx_word' id='word_1_319' title='bbox 1088 4405 1369 4457; x_wconf 90' lang='lat' dir='ltr'>asseritur</span> <span class='ocrx_word' id='word_1_320' title='bbox 1384 4421 1486 4472; x_wconf 88' lang='lat' dir='ltr'>per</span> <span class='ocrx_word' id='word_1_321' title='bbox 1499 4405 1701 4473; x_wconf 89' lang='lat' dir='ltr'>ignem</span> <span class='ocrx_word' id='word_1_322' title='bbox 1719 4413 2191 4470; x_wconf 86' lang='lat' dir='ltr'>consummatus,</span> 
     </span>
    </p>
   </div>
   <div class='ocr_carea' id='block_1_48' title="bbox 546 4486 2195 4564">
    <p class='ocr_par' dir='ltr' id='par_1_48' title="bbox 546 4486 2195 4564">
     <span class='ocr_line' id='line_1_48' title="bbox 546 4486 2195 4564; baseline 0.005 -23"><span class='ocrx_word' id='word_1_323' title='bbox 546 4486 763 4542; x_wconf 89' lang='lat' dir='ltr'>deinde</span> <span class='ocrx_word' id='word_1_324' title='bbox 802 4487 976 4542; x_wconf 90' lang='lat' dir='ltr'>datur</span> <span class='ocrx_word' id='word_1_325' title='bbox 1015 4489 1271 4556; x_wconf 85' lang='lat' dir='ltr'>elogium</span> <span class='ocrx_word' id='word_1_326' title='bbox 1314 4490 1669 4555; x_wconf 80' lang='lat' dir='ltr'>fabulosum,</span> <span class='ocrx_word' id='word_1_327' title='bbox 1715 4493 1772 4546; x_wconf 93' lang='lat' dir='ltr'><strong>in</strong></span> <span class='ocrx_word' id='word_1_328' title='bbox 1812 4509 1932 4564; x_wconf 92' lang='lat' dir='ltr'>quo</span> <span class='ocrx_word' id='word_1_329' title='bbox 1973 4494 2195 4549; x_wconf 62' lang='lat' dir='ltr'>illaesus</span> 
     </span>
    </p>
   </div>
   <div class='ocr_carea' id='block_1_49' title="bbox 547 4574 2194 4651">
    <p class='ocr_par' dir='ltr' id='par_1_49' title="bbox 547 4574 2194 4651">
     <span class='ocr_line' id='line_1_49' title="bbox 547 4574 2194 4651; baseline 0.005 -21"><span class='ocrx_word' id='word_1_330' title='bbox 547 4574 625 4630; x_wconf 90' lang='lat' dir='ltr'>ab</span> <span class='ocrx_word' id='word_1_331' title='bbox 666 4575 799 4643; x_wconf 91' lang='lat' dir='ltr'>igne</span> <span class='ocrx_word' id='word_1_332' title='bbox 840 4590 978 4630; x_wconf 81' lang='lat' dir='ltr'>mox</span> <span class='ocrx_word' id='word_1_333' title='bbox 1010 4575 1068 4630; x_wconf 89' lang='lat' dir='ltr'>in</span> <span class='ocrx_word' id='word_1_334' title='bbox 1099 4577 1364 4631; x_wconf 89' lang='lat' dir='ltr'>oratione</span> <span class='ocrx_word' id='word_1_335' title='bbox 1395 4577 1609 4633; x_wconf 89' lang='lat' dir='ltr'>obiisse</span> <span class='ocrx_word' id='word_1_336' title='bbox 1665 4579 1895 4651; x_wconf 89' lang='lat' dir='ltr'>dicitur,</span> <span class='ocrx_word' id='word_1_337' title='bbox 1933 4587 1992 4635; x_wconf 92' lang='lat' dir='ltr'>ut</span> <span class='ocrx_word' id='word_1_338' title='bbox 2017 4583 2194 4637; x_wconf 90' lang='lat' dir='ltr'>etiam</span> 
     </span>
    </p>
   </div>
   <div class='ocr_carea' id='block_1_50' title="bbox 549 4662 2195 4734">
    <p class='ocr_par' dir='ltr' id='par_1_50' title="bbox 549 4662 2195 4734">
     <span class='ocr_line' id='line_1_50' title="bbox 549 4662 2195 4734; baseline 0.004 -15"><span class='ocrx_word' id='word_1_339' title='bbox 549 4662 731 4719; x_wconf 86' lang='lat' dir='ltr'>habet</span> <span class='ocrx_word' id='word_1_340' title='bbox 777 4662 1164 4734; x_wconf 85' lang='lat' dir='ltr'>Nicephorus,</span> <span class='ocrx_word' id='word_1_341' title='bbox 1211 4665 1547 4731; x_wconf 88' lang='lat' dir='ltr'>Heracleon,</span> <span class='ocrx_word' id='word_1_342' title='bbox 1588 4667 1898 4723; x_wconf 60' lang='lat' dir='ltr'>hereticus</span> <span class='ocrx_word' id='word_1_343' title='bbox 1947 4669 2195 4726; x_wconf 88' lang='lat' dir='ltr'>Valenti-</span> 
     </span>
    </p>
   </div>
   <div class='ocr_carea' id='block_1_51' title="bbox 550 4751 2195 4823">
    <p class='ocr_par' dir='ltr' id='par_1_51' title="bbox 550 4751 2195 4823">
     <span class='ocr_line' id='line_1_51' title="bbox 550 4751 2195 4823; baseline 0.004 -16"><span class='ocrx_word' id='word_1_344' title='bbox 550 4751 785 4813; x_wconf 89' lang='lat' dir='ltr'>nianus.</span> <span class='ocrx_word' id='word_1_345' title='bbox 843 4751 1004 4823; x_wconf 90' lang='lat' dir='ltr'>apud</span> <span class='ocrx_word' id='word_1_346' title='bbox 1067 4752 1422 4808; x_wconf 85' lang='lat' dir='ltr'>Clementem</span> <span class='ocrx_word' id='word_1_347' title='bbox 1469 4753 1955 4823; x_wconf 82' lang='lat' dir='ltr'>Alexandrinum,</span> <span class='ocrx_word' id='word_1_348' title='bbox 2007 4758 2105 4814; x_wconf 93' lang='lat' dir='ltr'>lib.</span> <span class='ocrx_word' id='word_1_349' title='bbox 2140 4776 2195 4813; x_wconf 85' lang='lat' dir='ltr'>iv</span> 
     </span>
    </p>
   </div>
   <div class='ocr_carea' id='block_1_52' title="bbox 549 4839 2194 4915">
    <p class='ocr_par' dir='ltr' id='par_1_52' title="bbox 549 4839 2194 4915">
     <span class='ocr_line' id='line_1_52' title="bbox 549 4839 2194 4915; baseline 0.005 -22"><span class='ocrx_word' id='word_1_350' title='bbox 549 4839 941 4903; x_wconf 82' lang='lat' dir='ltr'>Stromatum,</span> <span class='ocrx_word' id='word_1_351' title='bbox 974 4840 1204 4895; x_wconf 88' lang='lat' dir='ltr'>videtur</span> <span class='ocrx_word' id='word_1_352' title='bbox 1233 4857 1450 4910; x_wconf 88' lang='lat' dir='ltr'>negare</span> <span class='ocrx_word' id='word_1_353' title='bbox 1475 4844 1823 4915; x_wconf 84' lang='lat' dir='ltr'>martyrium</span> <span class='ocrx_word' id='word_1_354' title='bbox 1856 4862 1976 4900; x_wconf 86' lang='lat' dir='ltr'>non</span> <span class='ocrx_word' id='word_1_355' title='bbox 2001 4847 2194 4902; x_wconf 92' lang='lat' dir='ltr'>solum</span> 
     </span>
    </p>
   </div>
   <div class='ocr_carea' id='block_1_53' title="bbox 552 4929 2193 5008">
    <p class='ocr_par' dir='ltr' id='par_1_53' title="bbox 552 4929 2193 5008">
     <span class='ocr_line' id='line_1_53' title="bbox 552 4929 2193 5008; baseline 0.004 -23"><span class='ocrx_word' id='word_1_356' title='bbox 552 4929 800 4985; x_wconf 72' lang='lat' dir='ltr'>Mattbrei</span> <span class='ocrx_word' id='word_1_357' title='bbox 825 4929 928 4983; x_wconf 90' lang='lat' dir='ltr'>sed</span> <span class='ocrx_word' id='word_1_358' title='bbox 951 4930 1127 4984; x_wconf 85' lang='lat' dir='ltr'>etiam</span> <span class='ocrx_word' id='word_1_359' title='bbox 1157 4931 1425 5002; x_wconf 87' lang='lat' dir='ltr'>Philippi,</span> <span class='ocrx_word' id='word_1_360' title='bbox 1457 4932 1696 4988; x_wconf 68' lang='lat' dir='ltr'>Thomas</span> <span class='ocrx_word' id='word_1_361' title='bbox 1727 4940 1782 4988; x_wconf 92' lang='lat' dir='ltr'>et</span> <span class='ocrx_word' id='word_1_362' title='bbox 1811 4935 1991 5001; x_wconf 88' lang='lat' dir='ltr'>Levis,</span> <span class='ocrx_word' id='word_1_363' title='bbox 2015 4953 2193 5008; x_wconf 88' lang='lat' dir='ltr'>quem</span> 
     </span>
    </p>
   </div>
   <div class='ocr_carea' id='block_1_54' title="bbox 551 5018 2196 5089">
    <p class='ocr_par' dir='ltr' id='par_1_54' title="bbox 551 5018 2196 5089">
     <span class='ocr_line' id='line_1_54' title="bbox 551 5018 2196 5089; baseline 0.004 -16"><span class='ocrx_word' id='word_1_364' title='bbox 551 5031 864 5087; x_wconf 88' lang='lat' dir='ltr'>perperam</span> <span class='ocrx_word' id='word_1_365' title='bbox 882 5033 917 5072; x_wconf 90' lang='lat' dir='ltr'>a</span> <span class='ocrx_word' id='word_1_366' title='bbox 938 5018 1210 5074; x_wconf 78' lang='lat' dir='ltr'>Matthan</span> <span class='ocrx_word' id='word_1_367' title='bbox 1231 5021 1559 5089; x_wconf 87' lang='lat' dir='ltr'>distinguit,</span> <span class='ocrx_word' id='word_1_368' title='bbox 1586 5021 1695 5076; x_wconf 86' lang='lat' dir='ltr'>nisi</span> <span class='ocrx_word' id='word_1_369' title='bbox 1710 5021 1855 5077; x_wconf 88' lang='lat' dir='ltr'>forte</span> <span class='ocrx_word' id='word_1_370' title='bbox 1881 5025 2196 5080; x_wconf 71' lang='lat' dir='ltr'>Lebbaaum</span> 
     </span>
    </p>
   </div>
   <div class='ocr_carea' id='block_1_55' title="bbox 554 5103 2194 5180">
    <p class='ocr_par' dir='ltr' id='par_1_55' title="bbox 554 5103 2194 5180">
     <span class='ocr_line' id='line_1_55' title="bbox 554 5103 2194 5180; baseline 0.007 -23"><span class='ocrx_word' id='word_1_371' title='bbox 554 5103 676 5159; x_wconf 88' lang='lat' dir='ltr'>sive</span> <span class='ocrx_word' id='word_1_372' title='bbox 707 5105 1069 5161; x_wconf 71' lang='lat' dir='ltr'>Thaddaaum</span> <span class='ocrx_word' id='word_1_373' title='bbox 1103 5123 1173 5161; x_wconf 92' lang='lat' dir='ltr'>eo</span> <span class='ocrx_word' id='word_1_374' title='bbox 1199 5109 1438 5163; x_wconf 90' lang='lat' dir='ltr'>nomine</span> <span class='ocrx_word' id='word_1_375' title='bbox 1469 5110 1784 5180; x_wconf 88' lang='lat' dir='ltr'>designare</span> <span class='ocrx_word' id='word_1_376' title='bbox 1817 5112 2016 5168; x_wconf 89' lang='lat' dir='ltr'>voluit.</span> <span class='ocrx_word' id='word_1_377' title='bbox 2040 5117 2194 5169; x_wconf 81' lang='lat' dir='ltr'>Atta-</span> 
     </span>
    </p>
   </div>
   <div class='ocr_carea' id='block_1_56' title="bbox 553 5191 2200 5270">
    <p class='ocr_par' dir='ltr' id='par_1_56' title="bbox 553 5191 2200 5270">
     <span class='ocr_line' id='line_1_56' title="bbox 553 5191 2200 5270; baseline 0.007 -26"><span class='ocrx_word' id='word_1_378' title='bbox 553 5206 691 5245; x_wconf 89' lang='lat' dir='ltr'>men</span> <span class='ocrx_word' id='word_1_379' title='bbox 717 5191 950 5261; x_wconf 86' lang='lat' dir='ltr'>phrasis</span> <span class='ocrx_word' id='word_1_380' title='bbox 980 5201 1064 5247; x_wconf 90' lang='lat' dir='ltr'>est</span> <span class='ocrx_word' id='word_1_381' title='bbox 1085 5194 1415 5265; x_wconf 89' lang='lat' dir='ltr'>obscurior,</span> <span class='ocrx_word' id='word_1_382' title='bbox 1447 5197 1710 5270; x_wconf 87' lang='lat' dir='ltr'>mihique</span> <span class='ocrx_word' id='word_1_383' title='bbox 1741 5200 2092 5269; x_wconf 84' lang='lat' dir='ltr'>ambiguum</span> <span class='ocrx_word' id='word_1_384' title='bbox 2115 5207 2200 5256; x_wconf 88' lang='lat' dir='ltr'>est</span> 
     </span>
    </p>
   </div>
   <div class='ocr_carea' id='block_1_57' title="bbox 555 5283 2196 5361">
    <p class='ocr_par' dir='ltr' id='par_1_57' title="bbox 555 5283 2196 5361">
     <span class='ocr_line' id='line_1_57' title="bbox 555 5283 2196 5361; baseline 0.007 -29"><span class='ocrx_word' id='word_1_385' title='bbox 555 5293 632 5332; x_wconf 87' lang='lat' dir='ltr'>an</span> <span class='ocrx_word' id='word_1_386' title='bbox 690 5293 894 5334; x_wconf 88' lang='lat' dir='ltr'>revera</span> <span class='ocrx_word' id='word_1_387' title='bbox 943 5283 1258 5338; x_wconf 88' lang='lat' dir='ltr'>Heracleon</span> <span class='ocrx_word' id='word_1_388' title='bbox 1319 5301 1534 5354; x_wconf 88' lang='lat' dir='ltr'>negare</span> <span class='ocrx_word' id='word_1_389' title='bbox 1590 5287 1855 5355; x_wconf 91' lang='lat' dir='ltr'>voluerit,</span> <span class='ocrx_word' id='word_1_390' title='bbox 1911 5296 2196 5361; x_wconf 86' lang='lat' dir='ltr'>martyres</span> 
     </span>
    </p>
   </div>
   <div class='ocr_carea' id='block_1_58' title="bbox 553 5364 2201 5441">
    <p class='ocr_par' dir='ltr' id='par_1_58' title="bbox 553 5364 2201 5441">
     <span class='ocr_line' id='line_1_58' title="bbox 553 5364 2201 5441; baseline 0.008 -21"><span class='ocrx_word' id='word_1_391' title='bbox 553 5364 735 5420; x_wconf 82' lang='lat' dir='ltr'>fuisse</span> <span class='ocrx_word' id='word_1_392' title='bbox 763 5364 1038 5422; x_wconf 86' lang='lat' dir='ltr'>laudatos</span> <span class='ocrx_word' id='word_1_393' title='bbox 1068 5372 1390 5441; x_wconf 77' lang='lat' dir='ltr'>apostolos.</span> <span class='ocrx_word' id='word_1_394' title='bbox 1423 5377 1587 5440; x_wconf 81' lang='lat' dir='ltr'>Quod</span> <span class='ocrx_word' id='word_1_395' title='bbox 1621 5377 1669 5430; x_wconf 90' lang='lat' dir='ltr'>si</span> <span class='ocrx_word' id='word_1_396' title='bbox 1693 5393 1894 5433; x_wconf 89' lang='lat' dir='ltr'>revera</span> <span class='ocrx_word' id='word_1_397' title='bbox 1918 5377 1974 5432; x_wconf 83' lang='lat' dir='ltr'>id</span> <span class='ocrx_word' id='word_1_398' title='bbox 2007 5378 2201 5434; x_wconf 87' lang='lat' dir='ltr'>volue-</span> 
     </span>
    </p>
   </div>
   <div class='ocr_carea' id='block_1_59' title="bbox 554 5451 2201 5525">
    <p class='ocr_par' dir='ltr' id='par_1_59' title="bbox 554 5451 2201 5525">
     <span class='ocr_line' id='line_1_59' title="bbox 554 5451 2201 5525; baseline 0.01 -19"><span class='ocrx_word' id='word_1_399' title='bbox 554 5451 648 5514; x_wconf 91' lang='lat' dir='ltr'>rit,</span> <span class='ocrx_word' id='word_1_400' title='bbox 701 5451 926 5520; x_wconf 71' lang='lat' dir='ltr'>exiguaa</span> <span class='ocrx_word' id='word_1_401' title='bbox 959 5457 1121 5525; x_wconf 90' lang='lat' dir='ltr'>apud</span> <span class='ocrx_word' id='word_1_402' title='bbox 1172 5474 1380 5514; x_wconf 86' lang='lat' dir='ltr'>omnes</span> <span class='ocrx_word' id='word_1_403' title='bbox 1433 5463 1606 5519; x_wconf 88' lang='lat' dir='ltr'>debet</span> <span class='ocrx_word' id='word_1_404' title='bbox 1658 5480 1787 5521; x_wconf 88' lang='lat' dir='ltr'>esse</span> <span class='ocrx_word' id='word_1_405' title='bbox 1839 5467 2201 5522; x_wconf 84' lang='lat' dir='ltr'>auctoritatis</span> 
     </span>
    </p>
   </div>
   <div class='ocr_carea' id='block_1_60' title="bbox 553 5537 2197 5628">
    <p class='ocr_par' dir='ltr' id='par_1_60' title="bbox 553 5537 2197 5628">
     <span class='ocr_line' id='line_1_60' title="bbox 553 5537 2197 5628; baseline 0.011 -33"><span class='ocrx_word' id='word_1_406' title='bbox 553 5539 776 5595; x_wconf 83' lang='lat' dir='ltr'>dictum</span> <span class='ocrx_word' id='word_1_407' title='bbox 805 5537 968 5607; x_wconf 89' lang='lat' dir='ltr'>illud,</span> <span class='ocrx_word' id='word_1_408' title='bbox 1004 5557 1141 5598; x_wconf 88' lang='lat' dir='ltr'>cum</span> <span class='ocrx_word' id='word_1_409' title='bbox 1173 5545 1442 5604; x_wconf 85' lang='lat' dir='ltr'>Clemens</span> <span class='ocrx_word' id='word_1_410' title='bbox 1473 5550 1597 5622; x_wconf 92' lang='lat' dir='ltr'>ipse</span> <span class='ocrx_word' id='word_1_411' title='bbox 1639 5553 1816 5624; x_wconf 90' lang='lat' dir='ltr'>paulo</span> <span class='ocrx_word' id='word_1_412' title='bbox 1843 5561 1974 5628; x_wconf 88' lang='lat' dir='ltr'>post</span> <span class='ocrx_word' id='word_1_413' title='bbox 1999 5555 2197 5613; x_wconf 89' lang='lat' dir='ltr'>dicat:</span> 
     </span>
    </p>
   </div>
   <div class='ocr_carea' id='block_1_61' title="bbox 1845 288 2595 353">
    <p class='ocr_par' dir='ltr' id='par_1_61' title="bbox 1845 288 2595 353">
     <span class='ocr_line' id='line_1_61' title="bbox 1845 288 2595 353; baseline -0.013 0"><span class='ocrx_word' id='word_1_414' title='bbox 1845 293 2108 353; x_wconf 83' lang='lat' dir='ltr'>MENSIS</span> <span class='ocrx_word' id='word_1_415' title='bbox 2149 288 2595 348; x_wconf 81' lang='lat' dir='ltr'>SEPTEMBER.</span> 
     </span>
    </p>
   </div>
   <div class='ocr_carea' id='block_1_62' title="bbox 3870 277 4012 332">
    <p class='ocr_par' dir='ltr' id='par_1_62' title="bbox 3870 277 4012 332">
     <span class='ocr_line' id='line_1_62' title="bbox 3870 277 4012 332; baseline 0.014 -2"><span class='ocrx_word' id='word_1_416' title='bbox 3870 277 4012 332; x_wconf 85' lang='lat'>788</span> 
     </span>
    </p>
   </div>
   <div class='ocr_carea' id='block_1_63' title="bbox 2278 403 4008 483">
    <p class='ocr_par' dir='ltr' id='par_1_63' title="bbox 2278 403 4008 483">
     <span class='ocr_line' id='line_1_63' title="bbox 2278 403 4008 483; baseline -0.006 -15"><span class='ocrx_word' id='word_1_417' title='bbox 2278 439 2301 468; x_wconf 76' lang='grc' dir='ltr'>α</span> <span class='ocrx_word' id='word_1_418' title='bbox 2330 418 2516 482; x_wconf 90' lang='lat' dir='ltr'>Quem</span> <span class='ocrx_word' id='word_1_419' title='bbox 2542 411 2887 483; x_wconf 76' lang='lat' dir='ltr'>(Christum)</span> <span class='ocrx_word' id='word_1_420' title='bbox 2909 407 3206 463; x_wconf 88' lang='lat' dir='ltr'>imitantes</span> <span class='ocrx_word' id='word_1_421' title='bbox 3229 403 3503 476; x_wconf 89' lang='lat' dir='ltr'>apostoli,</span> <span class='ocrx_word' id='word_1_422' title='bbox 3521 409 3585 459; x_wconf 95' lang='lat' dir='ltr'>ut</span> <span class='ocrx_word' id='word_1_423' title='bbox 3601 403 3712 476; x_wconf 92' lang='lat' dir='ltr'>qui</span> <span class='ocrx_word' id='word_1_424' title='bbox 3736 417 4008 458; x_wconf 84' lang='lat' dir='ltr'>revera</span> 
     </span>
    </p>
   </div>
   <div class='ocr_carea' id='block_1_64' title="bbox 2275 491 3999 570">
    <p class='ocr_par' dir='ltr' id='par_1_64' title="bbox 2275 491 3999 570">
     <span class='ocr_line' id='line_1_64' title="bbox 2275 491 3999 570; baseline -0.01 -10"><span class='ocrx_word' id='word_1_425' title='bbox 2275 509 2470 560; x_wconf 90' lang='lat' dir='ltr'>essent</span> <span class='ocrx_word' id='word_1_426' title='bbox 2499 498 2834 570; x_wconf 85' lang='lat' dir='ltr'>cognitione</span> <span class='ocrx_word' id='word_1_427' title='bbox 2867 495 3094 569; x_wconf 74' lang='lat' dir='ltr'>praediti</span> <span class='ocrx_word' id='word_1_428' title='bbox 3131 501 3186 550; x_wconf 92' lang='lat' dir='ltr'>et</span> <span class='ocrx_word' id='word_1_429' title='bbox 3211 494 3470 566; x_wconf 81' lang='lat' dir='ltr'>perfecti,</span> <span class='ocrx_word' id='word_1_430' title='bbox 3504 508 3614 564; x_wconf 92' lang='lat' dir='ltr'>pro</span> <span class='ocrx_word' id='word_1_431' title='bbox 3652 491 3999 554; x_wconf 88' lang='lat' dir='ltr'>ecclesiis,</span> 
     </span>
    </p>
   </div>
   <div class='ocr_carea' id='block_1_65' title="bbox 2276 581 4000 665">
    <p class='ocr_par' dir='ltr' id='par_1_65' title="bbox 2276 581 4000 665">
     <span class='ocr_line' id='line_1_65' title="bbox 2276 581 4000 665; baseline -0.008 -17"><span class='ocrx_word' id='word_1_432' title='bbox 2276 610 2427 665; x_wconf 86' lang='lat' dir='ltr'>quas</span> <span class='ocrx_word' id='word_1_433' title='bbox 2486 589 2830 651; x_wconf 83' lang='lat' dir='ltr'>fundarunt,</span> <span class='ocrx_word' id='word_1_434' title='bbox 2874 585 3040 657; x_wconf 89' lang='lat' dir='ltr'>passi</span> <span class='ocrx_word' id='word_1_435' title='bbox 3097 589 3320 639; x_wconf 89' lang='lat' dir='ltr'>sunt.»</span> <span class='ocrx_word' id='word_1_436' title='bbox 3363 585 3748 653; x_wconf 90' lang='lat' dir='ltr'>Quapropter</span> <span class='ocrx_word' id='word_1_437' title='bbox 3811 581 4000 636; x_wconf 87' lang='lat' dir='ltr'>mihi</span> 
     </span>
    </p>
   </div>
   <div class='ocr_carea' id='block_1_66' title="bbox 2275 671 4001 751">
    <p class='ocr_par' dir='ltr' id='par_1_66' title="bbox 2275 671 4001 751">
     <span class='ocr_line' id='line_1_66' title="bbox 2275 671 4001 751; baseline -0.006 -15"><span class='ocrx_word' id='word_1_438' title='bbox 2275 681 2451 751; x_wconf 90' lang='lat' dir='ltr'>longe</span> <span class='ocrx_word' id='word_1_439' title='bbox 2477 676 2845 750; x_wconf 91' lang='lat' dir='ltr'>probabilior</span> <span class='ocrx_word' id='word_1_440' title='bbox 2857 679 3105 746; x_wconf 90' lang='lat' dir='ltr'>apparet</span> <span class='ocrx_word' id='word_1_441' title='bbox 3129 672 3421 728; x_wconf 89' lang='lat' dir='ltr'>sententia</span> <span class='ocrx_word' id='word_1_442' title='bbox 3448 671 4001 742; x_wconf 86' lang='lat' dir='ltr'>communis,qua</span> 
     </span>
    </p>
   </div>
   <div class='ocr_carea' id='block_1_67' title="bbox 2280 759 3993 840">
    <p class='ocr_par' dir='ltr' id='par_1_67' title="bbox 2280 759 3993 840">
     <span class='ocr_line' id='line_1_67' title="bbox 2280 759 3993 840; baseline -0.008 -15"><span class='ocrx_word' id='word_1_443' title='bbox 2280 774 2500 840; x_wconf 86' lang='lat' dir='ltr'>martyr</span> <span class='ocrx_word' id='word_1_444' title='bbox 2529 766 2787 823; x_wconf 89' lang='lat' dir='ltr'>creditur</span> <span class='ocrx_word' id='word_1_445' title='bbox 2824 763 3134 820; x_wconf 66' lang='lat' dir='ltr'>Matthaeus</span> <span class='ocrx_word' id='word_1_446' title='bbox 3164 779 3176 816; x_wconf 87' lang='lat'><strong>:</strong></span> <span class='ocrx_word' id='word_1_447' title='bbox 3213 777 3352 816; x_wconf 90' lang='lat' dir='ltr'>nam</span> <span class='ocrx_word' id='word_1_448' title='bbox 3388 776 3497 817; x_wconf 91' lang='lat' dir='ltr'>nec</span> <span class='ocrx_word' id='word_1_449' title='bbox 3542 759 3993 828; x_wconf 81' lang='lat' dir='ltr'>Menologium</span> 
     </span>
    </p>
   </div>
   <div class='ocr_carea' id='block_1_68' title="bbox 2283 849 3992 914">
    <p class='ocr_par' dir='ltr' id='par_1_68' title="bbox 2283 849 3992 914">
     <span class='ocr_line' id='line_1_68' title="bbox 2283 849 3992 914; baseline -0.006 0"><span class='ocrx_word' id='word_1_450' title='bbox 2283 859 2644 914; x_wconf 92' lang='lat' dir='ltr'>Basilianum</span> <span class='ocrx_word' id='word_1_451' title='bbox 2671 855 2826 911; x_wconf 90' lang='lat' dir='ltr'>clare</span> <span class='ocrx_word' id='word_1_452' title='bbox 2853 855 3216 908; x_wconf 91' lang='lat' dir='ltr'>contrarium</span> <span class='ocrx_word' id='word_1_453' title='bbox 3251 850 3448 913; x_wconf 85' lang='lat' dir='ltr'>habet.</span> <span class='ocrx_word' id='word_1_454' title='bbox 3477 865 3587 905; x_wconf 91' lang='lat' dir='ltr'>nec</span> <span class='ocrx_word' id='word_1_455' title='bbox 3613 849 3992 905; x_wconf 86' lang='lat' dir='ltr'>Heracleon</span> 
     </span>
    </p>
   </div>
   <div class='ocr_carea' id='block_1_69' title="bbox 2281 940 3995 1020">
    <p class='ocr_par' dir='ltr' id='par_1_69' title="bbox 2281 940 3995 1020">
     <span class='ocr_line' id='line_1_69' title="bbox 2281 940 3995 1020; baseline -0.006 -17"><span class='ocrx_word' id='word_1_456' title='bbox 2281 949 2444 1020; x_wconf 92' lang='lat' dir='ltr'>apud</span> <span class='ocrx_word' id='word_1_457' title='bbox 2477 946 2834 1002; x_wconf 89' lang='lat' dir='ltr'>Clementem</span> <span class='ocrx_word' id='word_1_458' title='bbox 2861 963 2873 1001; x_wconf 90' lang='lat'>:</span> <span class='ocrx_word' id='word_1_459' title='bbox 2917 958 3026 997; x_wconf 92' lang='lat' dir='ltr'>nec</span> <span class='ocrx_word' id='word_1_460' title='bbox 3056 941 3273 997; x_wconf 89' lang='lat' dir='ltr'>horum</span> <span class='ocrx_word' id='word_1_461' title='bbox 3305 940 3630 996; x_wconf 84' lang='lat' dir='ltr'>auctoritas</span> <span class='ocrx_word' id='word_1_462' title='bbox 3662 954 3780 1009; x_wconf 89' lang='lat' dir='ltr'>par</span> <span class='ocrx_word' id='word_1_463' title='bbox 3802 943 3995 992; x_wconf 88' lang='lat' dir='ltr'>esset</span> 
     </span>
    </p>
   </div>
   <div class='ocr_carea' id='block_1_70' title="bbox 2282 1026 3984 1107">
    <p class='ocr_par' dir='ltr' id='par_1_70' title="bbox 2282 1026 3984 1107">
     <span class='ocr_line' id='line_1_70' title="bbox 2282 1026 3984 1107; baseline -0.006 -16"><span class='ocrx_word' id='word_1_464' title='bbox 2282 1035 2524 1107; x_wconf 90' lang='lat' dir='ltr'>reliquis</span> <span class='ocrx_word' id='word_1_465' title='bbox 2559 1032 2861 1096; x_wconf 88' lang='lat' dir='ltr'>omnibus,</span> <span class='ocrx_word' id='word_1_466' title='bbox 2893 1031 2936 1085; x_wconf 91' lang='lat' dir='ltr'><strong>si</strong></span> <span class='ocrx_word' id='word_1_467' title='bbox 2970 1031 3219 1085; x_wconf 91' lang='lat' dir='ltr'>omnino</span> <span class='ocrx_word' id='word_1_468' title='bbox 3241 1028 3603 1084; x_wconf 90' lang='lat' dir='ltr'>contrarium</span> <span class='ocrx_word' id='word_1_469' title='bbox 3633 1026 3984 1083; x_wconf 84' lang='lat' dir='ltr'>haberent.</span> 
     </span>
    </p>
   </div>
   <div class='ocr_carea' id='block_1_71' title="bbox 2284 1117 3989 1194">
    <p class='ocr_par' dir='ltr' id='par_1_71' title="bbox 2284 1117 3989 1194">
     <span class='ocr_line' id='line_1_71' title="bbox 2284 1117 3989 1194; baseline -0.006 -15"><span class='ocrx_word' id='word_1_470' title='bbox 2284 1126 2364 1178; x_wconf 92' lang='lat' dir='ltr'>De</span> <span class='ocrx_word' id='word_1_471' title='bbox 2402 1128 2672 1194; x_wconf 89' lang='lat' dir='ltr'>tempore</span> <span class='ocrx_word' id='word_1_472' title='bbox 2709 1120 2973 1191; x_wconf 88' lang='lat' dir='ltr'>martyrii</span> <span class='ocrx_word' id='word_1_473' title='bbox 3034 1133 3151 1173; x_wconf 92' lang='lat' dir='ltr'>non</span> <span class='ocrx_word' id='word_1_474' title='bbox 3199 1122 3450 1174; x_wconf 89' lang='lat' dir='ltr'>constat.</span> <span class='ocrx_word' id='word_1_475' title='bbox 3484 1117 3989 1188; x_wconf 84' lang='lat' dir='ltr'>Cbrysostomus</span> 
     </span>
    </p>
   </div>
   <div class='ocr_carea' id='block_1_72' title="bbox 2284 1205 3983 1280">
    <p class='ocr_par' dir='ltr' id='par_1_72' title="bbox 2284 1205 3983 1280">
     <span class='ocr_line' id='line_1_72' title="bbox 2284 1205 3983 1280; baseline -0.006 -12"><span class='ocrx_word' id='word_1_476' title='bbox 2284 1219 2485 1269; x_wconf 88' lang='lat' dir='ltr'>tamen</span> <span class='ocrx_word' id='word_1_477' title='bbox 2537 1211 2700 1266; x_wconf 92' lang='lat' dir='ltr'>hom.</span> <span class='ocrx_word' id='word_1_478' title='bbox 2760 1214 2829 1265; x_wconf 85' lang='lat'>’76</span> <span class='ocrx_word' id='word_1_479' title='bbox 2905 1207 3005 1280; x_wconf 92' lang='lat' dir='ltr'>(al.</span> <span class='ocrx_word' id='word_1_480' title='bbox 3074 1207 3166 1278; x_wconf 83' lang='lat'>77)</span> <span class='ocrx_word' id='word_1_481' title='bbox 3226 1206 3289 1262; x_wconf 78' lang='lat' dir='ltr'>in</span> <span class='ocrx_word' id='word_1_482' title='bbox 3369 1205 3721 1262; x_wconf 74' lang='lat' dir='ltr'>Matthwum</span> <span class='ocrx_word' id='word_1_483' title='bbox 3822 1205 3983 1258; x_wconf 88' lang='lat' dir='ltr'>insi-</span> 
     </span>
    </p>
   </div>
   <div class='ocr_carea' id='block_1_73' title="bbox 2287 1293 3982 1368">
    <p class='ocr_par' dir='ltr' id='par_1_73' title="bbox 2287 1293 3982 1368">
     <span class='ocr_line' id='line_1_73' title="bbox 2287 1293 3982 1368; baseline -0.008 -10"><span class='ocrx_word' id='word_1_484' title='bbox 2287 1302 2766 1368; x_wconf 90' lang='lat' dir='ltr'>nuat,Sauctum</span> <span class='ocrx_word' id='word_1_485' title='bbox 2811 1298 2989 1352; x_wconf 82' lang='lat' dir='ltr'>fuisse</span> <span class='ocrx_word' id='word_1_486' title='bbox 3045 1296 3395 1351; x_wconf 88' lang='lat' dir='ltr'>defunctum</span> <span class='ocrx_word' id='word_1_487' title='bbox 3453 1299 3589 1350; x_wconf 89' lang='lat' dir='ltr'>ante</span> <span class='ocrx_word' id='word_1_488' title='bbox 3645 1293 3982 1349; x_wconf 77' lang='lat' dir='ltr'>excidium</span> 
     </span>
    </p>
   </div>
   <div class='ocr_carea' id='block_1_74' title="bbox 2288 1380 3982 1460">
    <p class='ocr_par' dir='ltr' id='par_1_74' title="bbox 2288 1380 3982 1460">
     <span class='ocr_line' id='line_1_74' title="bbox 2288 1380 3982 1460; baseline -0.005 -15"><span class='ocrx_word' id='word_1_489' title='bbox 2288 1389 2916 1460; x_wconf 86' lang='lat' dir='ltr'>Hierosolymitanum,</span> <span class='ocrx_word' id='word_1_490' title='bbox 2941 1385 3100 1459; x_wconf 93' lang='lat' dir='ltr'>quod</span> <span class='ocrx_word' id='word_1_491' title='bbox 3123 1385 3325 1454; x_wconf 84' lang='lat' dir='ltr'>ﬁgitur</span> <span class='ocrx_word' id='word_1_492' title='bbox 3354 1399 3513 1440; x_wconf 88' lang='lat' dir='ltr'>anno</span> <span class='ocrx_word' id='word_1_493' title='bbox 3539 1387 3606 1439; x_wconf 84' lang='lat'><strong>70</strong></span> <span class='ocrx_word' id='word_1_494' title='bbox 3628 1399 3764 1438; x_wconf 62' lang='lat' dir='ltr'>averte</span> <span class='ocrx_word' id='word_1_495' title='bbox 3797 1380 3982 1437; x_wconf 86' lang='lat' dir='ltr'>Chri-</span> 
     </span>
    </p>
   </div>
   <div class='ocr_carea' id='block_1_75' title="bbox 2291 1480 2514 1535">
    <p class='ocr_par' dir='ltr' id='par_1_75' title="bbox 2291 1480 2514 1535">
     <span class='ocr_line' id='line_1_75' title="bbox 2291 1480 2514 1535; baseline -0.013 0"><span class='ocrx_word' id='word_1_496' title='bbox 2291 1480 2514 1535; x_wconf 67' lang='lat' dir='ltr'>stianaa.</span> 
     </span>
    </p>
   </div>
   <div class='ocr_carea' id='block_1_76' title="bbox 2363 1559 3977 1624">
    <p class='ocr_par' dir='ltr' id='par_1_76' title="bbox 2363 1559 3977 1624">
     <span class='ocr_line' id='line_1_76' title="bbox 2363 1559 3977 1624; baseline -0.007 0"><span class='ocrx_word' id='word_1_497' title='bbox 2363 1573 2447 1624; x_wconf 85' lang='lat' dir='ltr'>6t.</span> <span class='ocrx_word' id='word_1_498' title='bbox 2506 1568 2793 1622; x_wconf 69' lang='lat' dir='ltr'>Caeterum</span> <span class='ocrx_word' id='word_1_499' title='bbox 2846 1564 2920 1618; x_wconf 92' lang='lat' dir='ltr'>de</span> <span class='ocrx_word' id='word_1_500' title='bbox 2981 1561 3162 1618; x_wconf 91' lang='lat' dir='ltr'>modo</span> <span class='ocrx_word' id='word_1_501' title='bbox 3221 1561 3453 1617; x_wconf 91' lang='lat' dir='ltr'>vivendi</span> <span class='ocrx_word' id='word_1_502' title='bbox 3517 1567 3572 1618; x_wconf 92' lang='lat' dir='ltr'>et</span> <span class='ocrx_word' id='word_1_503' title='bbox 3629 1559 3977 1616; x_wconf 83' lang='lat' dir='ltr'>virtutibus</span> 
     </span>
    </p>
   </div>
   <div class='ocr_carea' id='block_1_77' title="bbox 2296 1649 3980 1724">
    <p class='ocr_par' dir='ltr' id='par_1_77' title="bbox 2296 1649 3980 1724">
     <span class='ocr_line' id='line_1_77' title="bbox 2296 1649 3980 1724; baseline -0.005 -12"><span class='ocrx_word' id='word_1_504' title='bbox 2296 1658 2349 1712; x_wconf 94' lang='lat' dir='ltr'>S.</span> <span class='ocrx_word' id='word_1_505' title='bbox 2385 1654 2635 1711; x_wconf 68' lang='lat' dir='ltr'>Matthaei</span> <span class='ocrx_word' id='word_1_506' title='bbox 2684 1668 2878 1724; x_wconf 90' lang='lat' dir='ltr'>pauca</span> <span class='ocrx_word' id='word_1_507' title='bbox 2929 1650 3301 1722; x_wconf 90' lang='lat' dir='ltr'>reperiuntur</span> <span class='ocrx_word' id='word_1_508' title='bbox 3341 1651 3503 1720; x_wconf 87' lang='lat' dir='ltr'>apud</span> <span class='ocrx_word' id='word_1_509' title='bbox 3550 1656 3806 1705; x_wconf 79' lang='lat' dir='ltr'>veteres.</span> <span class='ocrx_word' id='word_1_510' title='bbox 3847 1649 3980 1703; x_wconf 84' lang='lat' dir='ltr'>Cle-</span> 
     </span>
    </p>
   </div>
   <div class='ocr_carea' id='block_1_78' title="bbox 2297 1737 3974 1809">
    <p class='ocr_par' dir='ltr' id='par_1_78' title="bbox 2297 1737 3974 1809">
     <span class='ocr_line' id='line_1_78' title="bbox 2297 1737 3974 1809; baseline -0.006 -10"><span class='ocrx_word' id='word_1_511' title='bbox 2297 1759 2465 1799; x_wconf 91' lang='lat' dir='ltr'>mens</span> <span class='ocrx_word' id='word_1_512' title='bbox 2488 1741 2943 1806; x_wconf 78' lang='lat' dir='ltr'>Alexandrinus,</span> <span class='ocrx_word' id='word_1_513' title='bbox 2969 1739 3067 1794; x_wconf 93' lang='lat' dir='ltr'>lib.</span> <span class='ocrx_word' id='word_1_514' title='bbox 3100 1755 3142 1794; x_wconf 83' lang='grc' dir='ltr'>ιι</span> <span class='ocrx_word' id='word_1_515' title='bbox 3171 1737 3510 1808; x_wconf 62' lang='lat' dir='ltr'>Padagogi,</span> <span class='ocrx_word' id='word_1_516' title='bbox 3534 1755 3668 1809; x_wconf 90' lang='lat' dir='ltr'>cap.</span> <span class='ocrx_word' id='word_1_517' title='bbox 3703 1737 3974 1804; x_wconf 83' lang='lat' dir='ltr'>t,victus</span> 
     </span>
    </p>
   </div>
   <div class='ocr_carea' id='block_1_79' title="bbox 2301 1826 3978 1894">
    <p class='ocr_par' dir='ltr' id='par_1_79' title="bbox 2301 1826 3978 1894">
     <span class='ocr_line' id='line_1_79' title="bbox 2301 1826 3978 1894; baseline -0.004 -7"><span class='ocrx_word' id='word_1_518' title='bbox 2301 1832 2678 1887; x_wconf 90' lang='lat' dir='ltr'>sobrietatem</span> <span class='ocrx_word' id='word_1_519' title='bbox 2711 1829 2938 1894; x_wconf 90' lang='lat' dir='ltr'>laudat,</span> <span class='ocrx_word' id='word_1_520' title='bbox 2975 1829 3058 1883; x_wconf 92' lang='lat' dir='ltr'>ita</span> <span class='ocrx_word' id='word_1_521' title='bbox 3085 1827 3352 1883; x_wconf 91' lang='lat' dir='ltr'>scribens</span> <span class='ocrx_word' id='word_1_522' title='bbox 3393 1845 3407 1893; x_wconf 90' lang='lat'><strong>;</strong></span> <span class='ocrx_word' id='word_1_523' title='bbox 3441 1846 3470 1879; x_wconf 75' lang='grc' dir='ltr'>ιι</span> <span class='ocrx_word' id='word_1_524' title='bbox 3505 1826 3828 1882; x_wconf 65' lang='lat' dir='ltr'>Mattheus</span> <span class='ocrx_word' id='word_1_525' title='bbox 3863 1827 3978 1881; x_wconf 87' lang='lat' dir='ltr'>ita-</span> 
     </span>
    </p>
   </div>
   <div class='ocr_carea' id='block_1_80' title="bbox 2298 1915 3975 1993">
    <p class='ocr_par' dir='ltr' id='par_1_80' title="bbox 2298 1915 3975 1993">
     <span class='ocr_line' id='line_1_80' title="bbox 2298 1915 3975 1993; baseline -0.001 -20"><span class='ocrx_word' id='word_1_526' title='bbox 2298 1937 2414 1993; x_wconf 91' lang='lat' dir='ltr'>que</span> <span class='ocrx_word' id='word_1_527' title='bbox 2435 1919 2741 1991; x_wconf 89' lang='lat' dir='ltr'>apostolus</span> <span class='ocrx_word' id='word_1_528' title='bbox 2768 1917 3119 1985; x_wconf 90' lang='lat' dir='ltr'>seminibus,</span> <span class='ocrx_word' id='word_1_529' title='bbox 3147 1917 3347 1972; x_wconf 89' lang='lat' dir='ltr'>baccis</span> <span class='ocrx_word' id='word_1_530' title='bbox 3365 1921 3420 1971; x_wconf 92' lang='lat' dir='ltr'>et</span> <span class='ocrx_word' id='word_1_531' title='bbox 3439 1916 3698 1972; x_wconf 88' lang='lat' dir='ltr'>oleribus</span> <span class='ocrx_word' id='word_1_532' title='bbox 3722 1915 3975 1988; x_wconf 86' lang='lat' dir='ltr'>absque</span> 
     </span>
    </p>
   </div>
   <div class='ocr_carea' id='block_1_81' title="bbox 2298 2005 3971 2077">
    <p class='ocr_par' dir='ltr' id='par_1_81' title="bbox 2298 2005 3971 2077">
     <span class='ocr_line' id='line_1_81' title="bbox 2298 2005 3971 2077; baseline -0.002 -12"><span class='ocrx_word' id='word_1_533' title='bbox 2298 2009 2577 2065; x_wconf 91' lang='lat' dir='ltr'>carnibus</span> <span class='ocrx_word' id='word_1_534' title='bbox 2619 2007 2910 2063; x_wconf 90' lang='lat' dir='ltr'>utebatur.</span> <span class='ocrx_word' id='word_1_535' title='bbox 2949 2027 2978 2059; x_wconf 85' lang='lat'><strong>»</strong></span> <span class='ocrx_word' id='word_1_536' title='bbox 3013 2006 3491 2077; x_wconf 82' lang='lat' dir='ltr'>Chrysostomus,</span> <span class='ocrx_word' id='word_1_537' title='bbox 3523 2005 3686 2060; x_wconf 87' lang='lat' dir='ltr'>hom.</span> <span class='ocrx_word' id='word_1_538' title='bbox 3738 2007 3814 2059; x_wconf 73' lang='grc'>47</span> <span class='ocrx_word' id='word_1_539' title='bbox 3864 2005 3971 2076; x_wconf 87' lang='lat' dir='ltr'>(al.</span> 
     </span>
    </p>
   </div>
   <div class='ocr_carea' id='block_1_82' title="bbox 2298 2093 3970 2169">
    <p class='ocr_par' dir='ltr' id='par_1_82' title="bbox 2298 2093 3970 2169">
     <span class='ocr_line' id='line_1_82' title="bbox 2298 2093 3970 2169; baseline -0.003 -16"><span class='ocrx_word' id='word_1_540' title='bbox 2298 2098 2390 2169; x_wconf 77' lang='grc'>48)</span> <span class='ocrx_word' id='word_1_541' title='bbox 2418 2099 2483 2152; x_wconf 77' lang='lat' dir='ltr'>in</span> <span class='ocrx_word' id='word_1_542' title='bbox 2521 2097 2722 2153; x_wconf 82' lang='lat' dir='ltr'>Matth.</span> <span class='ocrx_word' id='word_1_543' title='bbox 2766 2112 2836 2151; x_wconf 83' lang='lat' dir='ltr'>ex</span> <span class='ocrx_word' id='word_1_544' title='bbox 2869 2095 3051 2152; x_wconf 90' lang='lat' dir='ltr'>sacris</span> <span class='ocrx_word' id='word_1_545' title='bbox 3094 2094 3313 2150; x_wconf 84' lang='lat' dir='ltr'>Litteris</span> <span class='ocrx_word' id='word_1_546' title='bbox 3352 2093 3612 2163; x_wconf 90' lang='lat' dir='ltr'>elogium</span> <span class='ocrx_word' id='word_1_547' title='bbox 3643 2093 3970 2149; x_wconf 90' lang='lat' dir='ltr'>collectum</span> 
     </span>
    </p>
   </div>
   <div class='ocr_carea' id='block_1_83' title="bbox 2300 2183 3969 2255">
    <p class='ocr_par' dir='ltr' id='par_1_83' title="bbox 2300 2183 3969 2255">
     <span class='ocr_line' id='line_1_83' title="bbox 2300 2183 3969 2255; baseline -0.002 -12"><span class='ocrx_word' id='word_1_548' title='bbox 2300 2189 2379 2243; x_wconf 91' lang='lat' dir='ltr'>ita</span> <span class='ocrx_word' id='word_1_549' title='bbox 2409 2186 2747 2242; x_wconf 82' lang='lat' dir='ltr'>contexuit:</span> <span class='ocrx_word' id='word_1_550' title='bbox 2781 2206 2804 2236; x_wconf 77' lang='grc' dir='ltr'>ι(</span> <span class='ocrx_word' id='word_1_551' title='bbox 2835 2185 3040 2254; x_wconf 88' lang='lat' dir='ltr'>Cogita</span> <span class='ocrx_word' id='word_1_552' title='bbox 3076 2184 3217 2239; x_wconf 92' lang='lat' dir='ltr'>mihi</span> <span class='ocrx_word' id='word_1_553' title='bbox 3249 2184 3488 2254; x_wconf 90' lang='lat' dir='ltr'>(inquit)</span> <span class='ocrx_word' id='word_1_554' title='bbox 3542 2184 3704 2239; x_wconf 87' lang='lat' dir='ltr'>hunc</span> <span class='ocrx_word' id='word_1_555' title='bbox 3757 2183 3969 2255; x_wconf 91' lang='lat' dir='ltr'>ipsum</span> 
     </span>
    </p>
   </div>
   <div class='ocr_carea' id='block_1_84' title="bbox 2299 2273 3967 2345">
    <p class='ocr_par' dir='ltr' id='par_1_84' title="bbox 2299 2273 3967 2345">
     <span class='ocr_line' id='line_1_84' title="bbox 2299 2273 3967 2345; baseline -0.004 -13"><span class='ocrx_word' id='word_1_556' title='bbox 2299 2275 2746 2345; x_wconf 89' lang='lat' dir='ltr'>evangelistam,</span> <span class='ocrx_word' id='word_1_557' title='bbox 2797 2273 3036 2329; x_wconf 90' lang='lat' dir='ltr'>etiamsi</span> <span class='ocrx_word' id='word_1_558' title='bbox 3083 2288 3202 2329; x_wconf 90' lang='lat' dir='ltr'>non</span> <span class='ocrx_word' id='word_1_559' title='bbox 3241 2276 3424 2328; x_wconf 89' lang='lat' dir='ltr'>totam</span> <span class='ocrx_word' id='word_1_560' title='bbox 3456 2273 3584 2342; x_wconf 90' lang='lat' dir='ltr'>ejus</span> <span class='ocrx_word' id='word_1_561' title='bbox 3639 2273 3825 2328; x_wconf 89' lang='lat' dir='ltr'>vitam</span> <span class='ocrx_word' id='word_1_562' title='bbox 3865 2273 3967 2328; x_wconf 91' lang='lat' dir='ltr'>de-</span> 
     </span>
    </p>
   </div>
   <div class='ocr_carea' id='block_1_85' title="bbox 2300 2362 3965 2436">
    <p class='ocr_par' dir='ltr' id='par_1_85' title="bbox 2300 2362 3965 2436">
     <span class='ocr_line' id='line_1_85' title="bbox 2300 2362 3965 2436; baseline -0.002 -15"><span class='ocrx_word' id='word_1_563' title='bbox 2300 2367 2576 2436; x_wconf 89' lang='lat' dir='ltr'>scriptam</span> <span class='ocrx_word' id='word_1_564' title='bbox 2603 2363 2938 2418; x_wconf 91' lang='lat' dir='ltr'>habeamus</span> <span class='ocrx_word' id='word_1_565' title='bbox 2974 2379 2985 2417; x_wconf 92' lang='lat'><strong>:</strong></span> <span class='ocrx_word' id='word_1_566' title='bbox 3015 2367 3276 2418; x_wconf 89' lang='lat' dir='ltr'>attamen</span> <span class='ocrx_word' id='word_1_567' title='bbox 3303 2379 3372 2416; x_wconf 85' lang='lat' dir='ltr'>ex</span> <span class='ocrx_word' id='word_1_568' title='bbox 3421 2362 3648 2432; x_wconf 90' lang='lat' dir='ltr'>paucis,</span> <span class='ocrx_word' id='word_1_569' title='bbox 3705 2379 3847 2433; x_wconf 76' lang='lat' dir='ltr'>quae</span> <span class='ocrx_word' id='word_1_570' title='bbox 3881 2379 3965 2417; x_wconf 89' lang='lat' dir='ltr'>re-</span> 
     </span>
    </p>
   </div>
   <div class='ocr_carea' id='block_1_86' title="bbox 2302 2450 3964 2522">
    <p class='ocr_par' dir='ltr' id='par_1_86' title="bbox 2302 2450 3964 2522">
     <span class='ocr_line' id='line_1_86' title="bbox 2302 2450 3964 2522; baseline -0.001 -14"><span class='ocrx_word' id='word_1_571' title='bbox 2302 2452 2951 2521; x_wconf 88' lang='lat' dir='ltr'>stant,licetimaginem</span> <span class='ocrx_word' id='word_1_572' title='bbox 2966 2452 3093 2522; x_wconf 88' lang='lat' dir='ltr'>ejus</span> <span class='ocrx_word' id='word_1_573' title='bbox 3111 2450 3525 2522; x_wconf 86' lang='lat' dir='ltr'>splendentem</span> <span class='ocrx_word' id='word_1_574' title='bbox 3547 2451 3760 2506; x_wconf 91' lang='lat' dir='ltr'>videre.</span> <span class='ocrx_word' id='word_1_575' title='bbox 3787 2453 3964 2517; x_wconf 89' lang='lat' dir='ltr'>Quod</span> 
     </span>
    </p>
   </div>
   <div class='ocr_carea' id='block_1_87' title="bbox 2299 2539 3959 2611">
    <p class='ocr_par' dir='ltr' id='par_1_87' title="bbox 2299 2539 3959 2611">
     <span class='ocr_line' id='line_1_87' title="bbox 2299 2539 3959 2611; baseline -0.001 -14"><span class='ocrx_word' id='word_1_576' title='bbox 2299 2542 2537 2598; x_wconf 88' lang='lat' dir='ltr'>humilis</span> <span class='ocrx_word' id='word_1_577' title='bbox 2569 2547 2623 2596; x_wconf 92' lang='lat' dir='ltr'>et</span> <span class='ocrx_word' id='word_1_578' title='bbox 2661 2540 2946 2596; x_wconf 89' lang='lat' dir='ltr'>contritus</span> <span class='ocrx_word' id='word_1_579' title='bbox 2975 2545 3146 2604; x_wconf 89' lang='lat' dir='ltr'>esset,</span> <span class='ocrx_word' id='word_1_580' title='bbox 3181 2539 3321 2595; x_wconf 92' lang='lat' dir='ltr'>audi</span> <span class='ocrx_word' id='word_1_581' title='bbox 3355 2539 3553 2611; x_wconf 89' lang='lat' dir='ltr'>ipsum</span> <span class='ocrx_word' id='word_1_582' title='bbox 3602 2540 3662 2594; x_wconf 89' lang='lat' dir='ltr'>in</span> <span class='ocrx_word' id='word_1_583' title='bbox 3697 2542 3959 2610; x_wconf 84' lang='lat' dir='ltr'>Evange-</span> 
     </span>
    </p>
   </div>
   <div class='ocr_carea' id='block_1_88' title="bbox 2298 2628 3960 2701">
    <p class='ocr_par' dir='ltr' id='par_1_88' title="bbox 2298 2628 3960 2701">
     <span class='ocr_line' id='line_1_88' title="bbox 2298 2628 3960 2701; baseline 0.001 -17"><span class='ocrx_word' id='word_1_584' title='bbox 2298 2631 2377 2686; x_wconf 93' lang='lat' dir='ltr'>lio</span> <span class='ocrx_word' id='word_1_585' title='bbox 2407 2646 2532 2690; x_wconf 85' lang='lat' dir='ltr'>sese</span> <span class='ocrx_word' id='word_1_586' title='bbox 2556 2629 2949 2701; x_wconf 91' lang='lat' dir='ltr'>publicanum</span> <span class='ocrx_word' id='word_1_587' title='bbox 2977 2635 3311 2693; x_wconf 88' lang='lat' dir='ltr'>vocantem;</span> <span class='ocrx_word' id='word_1_588' title='bbox 3328 2628 3489 2699; x_wconf 89' lang='lat' dir='ltr'>quod</span> <span class='ocrx_word' id='word_1_589' title='bbox 3507 2633 3710 2684; x_wconf 88' lang='lat' dir='ltr'>autem</span> <span class='ocrx_word' id='word_1_590' title='bbox 3732 2629 3960 2685; x_wconf 87' lang='lat' dir='ltr'>miseri—</span> 
     </span>
    </p>
   </div>
   <div class='ocr_carea' id='block_1_89' title="bbox 2299 2717 3958 2786">
    <p class='ocr_par' dir='ltr' id='par_1_89' title="bbox 2299 2717 3958 2786">
     <span class='ocr_line' id='line_1_89' title="bbox 2299 2717 3958 2786; baseline -0.002 -10"><span class='ocrx_word' id='word_1_591' title='bbox 2299 2735 2431 2775; x_wconf 91' lang='lat' dir='ltr'>cors</span> <span class='ocrx_word' id='word_1_592' title='bbox 2462 2724 2632 2786; x_wconf 89' lang='lat' dir='ltr'>esset,</span> <span class='ocrx_word' id='word_1_593' title='bbox 2669 2717 2802 2773; x_wconf 90' lang='lat' dir='ltr'>vide</span> <span class='ocrx_word' id='word_1_594' title='bbox 2840 2717 3006 2772; x_wconf 92' lang='lat' dir='ltr'>illum</span> <span class='ocrx_word' id='word_1_595' title='bbox 3035 2717 3316 2772; x_wconf 89' lang='lat' dir='ltr'>omnibus</span> <span class='ocrx_word' id='word_1_596' title='bbox 3345 2725 3589 2771; x_wconf 86' lang='lat' dir='ltr'>exutum</span> <span class='ocrx_word' id='word_1_597' title='bbox 3621 2717 3828 2773; x_wconf 79' lang='lat' dir='ltr'>Iesum</span> <span class='ocrx_word' id='word_1_598' title='bbox 3863 2734 3958 2774; x_wconf 85' lang='lat' dir='ltr'>se-</span> 
     </span>
    </p>
   </div>
   <div class='ocr_carea' id='block_1_90' title="bbox 2298 2805 3950 2880">
    <p class='ocr_par' dir='ltr' id='par_1_90' title="bbox 2298 2805 3950 2880">
     <span class='ocr_line' id='line_1_90' title="bbox 2298 2805 3950 2880; baseline -0.001 -17"><span class='ocrx_word' id='word_1_599' title='bbox 2298 2816 2602 2880; x_wconf 89' lang='lat' dir='ltr'>quentem.</span> <span class='ocrx_word' id='word_1_600' title='bbox 2639 2807 2806 2872; x_wconf 91' lang='lat' dir='ltr'>Quod</span> <span class='ocrx_word' id='word_1_601' title='bbox 2830 2809 2964 2879; x_wconf 91' lang='lat' dir='ltr'>pius</span> <span class='ocrx_word' id='word_1_602' title='bbox 2990 2811 3160 2871; x_wconf 89' lang='lat' dir='ltr'>esset,</span> <span class='ocrx_word' id='word_1_603' title='bbox 3195 2805 3393 2877; x_wconf 91' lang='lat' dir='ltr'>palam</span> <span class='ocrx_word' id='word_1_604' title='bbox 3430 2809 3526 2860; x_wconf 92' lang='lat' dir='ltr'>est</span> <span class='ocrx_word' id='word_1_605' title='bbox 3556 2822 3629 2862; x_wconf 83' lang='lat' dir='ltr'>ex</span> <span class='ocrx_word' id='word_1_606' title='bbox 3665 2806 3950 2877; x_wconf 83' lang='lat' dir='ltr'>dogmati-</span> 
     </span>
    </p>
   </div>
   <div class='ocr_carea' id='block_1_91' title="bbox 2297 2895 3937 2968">
    <p class='ocr_par' dir='ltr' id='par_1_91' title="bbox 2297 2895 3937 2968">
     <span class='ocr_line' id='line_1_91' title="bbox 2297 2895 3937 2968; baseline 0.001 -17"><span class='ocrx_word' id='word_1_607' title='bbox 2297 2897 2432 2951; x_wconf 91' lang='lat' dir='ltr'>bus.</span> <span class='ocrx_word' id='word_1_608' title='bbox 2474 2895 2884 2966; x_wconf 89' lang='lat' dir='ltr'>lntelligentim</span> <span class='ocrx_word' id='word_1_609' title='bbox 2916 2902 2971 2951; x_wconf 90' lang='lat' dir='ltr'>et</span> <span class='ocrx_word' id='word_1_610' title='bbox 3018 2896 3361 2951; x_wconf 89' lang='lat' dir='ltr'>cbaritatem</span> <span class='ocrx_word' id='word_1_611' title='bbox 3395 2895 3524 2966; x_wconf 90' lang='lat' dir='ltr'>ejus</span> <span class='ocrx_word' id='word_1_612' title='bbox 3573 2911 3643 2951; x_wconf 83' lang='lat' dir='ltr'>ex</span> <span class='ocrx_word' id='word_1_613' title='bbox 3669 2913 3757 2964; x_wconf 90' lang='lat' dir='ltr'>eo,</span> <span class='ocrx_word' id='word_1_614' title='bbox 3787 2897 3937 2968; x_wconf 88' lang='lat' dir='ltr'>quod</span> 
     </span>
    </p>
   </div>
   <div class='ocr_carea' id='block_1_92' title="bbox 2299 2984 3938 3056">
    <p class='ocr_par' dir='ltr' id='par_1_92' title="bbox 2299 2984 3938 3056">
     <span class='ocr_line' id='line_1_92' title="bbox 2299 2984 3938 3056; baseline 0 -16"><span class='ocrx_word' id='word_1_615' title='bbox 2299 2985 2667 3056; x_wconf 91' lang='lat' dir='ltr'>conscripsit,</span> <span class='ocrx_word' id='word_1_616' title='bbox 2715 2984 3033 3050; x_wconf 75' lang='lat' dir='ltr'>Evangelio</span> <span class='ocrx_word' id='word_1_617' title='bbox 3074 2984 3272 3039; x_wconf 88' lang='lat' dir='ltr'>videre</span> <span class='ocrx_word' id='word_1_618' title='bbox 3306 2989 3394 3039; x_wconf 92' lang='lat' dir='ltr'>est</span> <span class='ocrx_word' id='word_1_619' title='bbox 3436 3003 3448 3042; x_wconf 91' lang='lat'>:</span> <span class='ocrx_word' id='word_1_620' title='bbox 3497 2987 3750 3040; x_wconf 86' lang='lat' dir='ltr'>universi</span> <span class='ocrx_word' id='word_1_621' title='bbox 3787 2985 3938 3041; x_wconf 91' lang='lat' dir='ltr'>enim</span> 
     </span>
    </p>
   </div>
   <div class='ocr_carea' id='block_1_93' title="bbox 2299 3073 3946 3144">
    <p class='ocr_par' dir='ltr' id='par_1_93' title="bbox 2299 3073 3946 3144">
     <span class='ocr_line' id='line_1_93' title="bbox 2299 3073 3946 3144; baseline -0.001 -15"><span class='ocrx_word' id='word_1_622' title='bbox 2299 3074 2461 3129; x_wconf 89' lang='lat' dir='ltr'>orbis</span> <span class='ocrx_word' id='word_1_623' title='bbox 2492 3091 2694 3129; x_wconf 90' lang='lat' dir='ltr'>curam</span> <span class='ocrx_word' id='word_1_624' title='bbox 2718 3073 2918 3142; x_wconf 89' lang='lat' dir='ltr'>gessit.</span> <span class='ocrx_word' id='word_1_625' title='bbox 2955 3075 3252 3128; x_wconf 91' lang='lat' dir='ltr'>Bonorum</span> <span class='ocrx_word' id='word_1_626' title='bbox 3267 3088 3518 3144; x_wconf 91' lang='lat' dir='ltr'>operum</span> <span class='ocrx_word' id='word_1_627' title='bbox 3533 3083 3946 3142; x_wconf 85' lang='lat' dir='ltr'>argumentum</span> 
     </span>
    </p>
   </div>
   <div class='ocr_carea' id='block_1_94' title="bbox 2297 3161 3943 3233">
    <p class='ocr_par' dir='ltr' id='par_1_94' title="bbox 2297 3161 3943 3233">
     <span class='ocr_line' id='line_1_94' title="bbox 2297 3161 3943 3233; baseline -0.001 -16"><span class='ocrx_word' id='word_1_628' title='bbox 2297 3163 2485 3218; x_wconf 91' lang='lat' dir='ltr'>habes</span> <span class='ocrx_word' id='word_1_629' title='bbox 2527 3179 2598 3217; x_wconf 84' lang='lat' dir='ltr'>ex</span> <span class='ocrx_word' id='word_1_630' title='bbox 2643 3163 2876 3228; x_wconf 87' lang='lat' dir='ltr'>throno,</span> <span class='ocrx_word' id='word_1_631' title='bbox 2909 3162 2965 3216; x_wconf 92' lang='lat' dir='ltr'>in</span> <span class='ocrx_word' id='word_1_632' title='bbox 2993 3177 3114 3233; x_wconf 92' lang='lat' dir='ltr'>quo</span> <span class='ocrx_word' id='word_1_633' title='bbox 3158 3177 3431 3216; x_wconf 90' lang='lat' dir='ltr'>sessurus</span> <span class='ocrx_word' id='word_1_634' title='bbox 3478 3167 3600 3216; x_wconf 87' lang='lat' dir='ltr'>est:</span> <span class='ocrx_word' id='word_1_635' title='bbox 3648 3161 3943 3216; x_wconf 79' lang='lat' dir='ltr'>fortitudi-</span> 
     </span>
    </p>
   </div>
   <div class='ocr_carea' id='block_1_95' title="bbox 2298 3249 3932 3322">
    <p class='ocr_par' dir='ltr' id='par_1_95' title="bbox 2298 3249 3932 3322">
     <span class='ocr_line' id='line_1_95' title="bbox 2298 3249 3932 3322; baseline -0.001 -17"><span class='ocrx_word' id='word_1_636' title='bbox 2298 3268 2456 3316; x_wconf 89' lang='lat' dir='ltr'>nem,</span> <span class='ocrx_word' id='word_1_637' title='bbox 2481 3251 2644 3322; x_wconf 91' lang='lat' dir='ltr'>quod</span> <span class='ocrx_word' id='word_1_638' title='bbox 2685 3250 2951 3319; x_wconf 87' lang='lat' dir='ltr'>gaudens</span> <span class='ocrx_word' id='word_1_639' title='bbox 2983 3266 3250 3304; x_wconf 87' lang='lat' dir='ltr'>reversus</span> <span class='ocrx_word' id='word_1_640' title='bbox 3284 3252 3359 3305; x_wconf 90' lang='lat' dir='ltr'>sit</span> <span class='ocrx_word' id='word_1_641' title='bbox 3398 3267 3432 3305; x_wconf 88' lang='lat' dir='ltr'>a</span> <span class='ocrx_word' id='word_1_642' title='bbox 3465 3249 3601 3305; x_wconf 79' lang='lat' dir='ltr'>facie</span> <span class='ocrx_word' id='word_1_643' title='bbox 3627 3249 3873 3305; x_wconf 91' lang='lat' dir='ltr'>concilii.</span> <span class='ocrx_word' id='word_1_644' title='bbox 3903 3271 3932 3303; x_wconf 74' lang='grc' dir='ltr'><strong>ι)</strong></span> 
     </span>
    </p>
   </div>
   <div class='ocr_carea' id='block_1_96' title="bbox 2300 3337 3942 3409">
    <p class='ocr_par' dir='ltr' id='par_1_96' title="bbox 2300 3337 3942 3409">
     <span class='ocr_line' id='line_1_96' title="bbox 2300 3337 3942 3409; baseline 0 -15"><span class='ocrx_word' id='word_1_645' title='bbox 2300 3341 2590 3394; x_wconf 89' lang='lat' dir='ltr'>Hactenus</span> <span class='ocrx_word' id='word_1_646' title='bbox 2614 3340 3094 3409; x_wconf 84' lang='lat' dir='ltr'>Chrysostomus.</span> <span class='ocrx_word' id='word_1_647' title='bbox 3120 3338 3625 3393; x_wconf 90' lang='lat' dir='ltr'>Eminenlissimus</span> <span class='ocrx_word' id='word_1_648' title='bbox 3637 3341 3792 3394; x_wconf 86' lang='lat' dir='ltr'>Bona</span> <span class='ocrx_word' id='word_1_649' title='bbox 3805 3337 3942 3394; x_wconf 84' lang='lat' dir='ltr'>lib.i</span> 
     </span>
    </p>
   </div>
   <div class='ocr_carea' id='block_1_97' title="bbox 2299 3427 3947 3499">
    <p class='ocr_par' dir='ltr' id='par_1_97' title="bbox 2299 3427 3947 3499">
     <span class='ocr_line' id='line_1_97' title="bbox 2299 3427 3947 3499; baseline 0.001 -17"><span class='ocrx_word' id='word_1_650' title='bbox 2299 3430 2513 3483; x_wconf 82' lang='lat' dir='ltr'>Rerum</span> <span class='ocrx_word' id='word_1_651' title='bbox 2543 3427 2974 3496; x_wconf 88' lang='lat' dir='ltr'>liturgicarum,</span> <span class='ocrx_word' id='word_1_652' title='bbox 2999 3443 3130 3499; x_wconf 88' lang='lat' dir='ltr'>cap.</span> <span class='ocrx_word' id='word_1_653' title='bbox 3157 3428 3208 3492; x_wconf 92' lang='lat'>8,</span> <span class='ocrx_word' id='word_1_654' title='bbox 3239 3444 3405 3482; x_wconf 91' lang='lat' dir='ltr'>num.</span> <span class='ocrx_word' id='word_1_655' title='bbox 3439 3432 3490 3493; x_wconf 88' lang='lat'>2,</span> <span class='ocrx_word' id='word_1_656' title='bbox 3523 3428 3693 3483; x_wconf 88' lang='lat' dir='ltr'>refert</span> <span class='ocrx_word' id='word_1_657' title='bbox 3723 3433 3947 3484; x_wconf 84' lang='lat' dir='ltr'>exstare</span> 
     </span>
    </p>
   </div>
   <div class='ocr_carea' id='block_1_98' title="bbox 2295 3516 3948 3590">
    <p class='ocr_par' dir='ltr' id='par_1_98' title="bbox 2295 3516 3948 3590">
     <span class='ocr_line' id='line_1_98' title="bbox 2295 3516 3948 3590; baseline 0.001 -18"><span class='ocrx_word' id='word_1_658' title='bbox 2295 3517 2473 3572; x_wconf 89' lang='lat' dir='ltr'>etiam</span> <span class='ocrx_word' id='word_1_659' title='bbox 2505 3517 2746 3571; x_wconf 89' lang='lat' dir='ltr'>nomine</span> <span class='ocrx_word' id='word_1_660' title='bbox 2794 3518 2977 3572; x_wconf 83' lang='lat' dir='ltr'>sancti</span> <span class='ocrx_word' id='word_1_661' title='bbox 3011 3516 3259 3572; x_wconf 71' lang='lat' dir='ltr'>Matthaei</span> <span class='ocrx_word' id='word_1_662' title='bbox 3302 3516 3622 3585; x_wconf 87' lang='lat' dir='ltr'>Liturgiam</span> <span class='ocrx_word' id='word_1_663' title='bbox 3669 3517 3948 3590; x_wconf 89' lang='lat' dir='ltr'>aliquam,</span> 
     </span>
    </p>
   </div>
   <div class='ocr_carea' id='block_1_99' title="bbox 2297 3604 3950 3678">
    <p class='ocr_par' dir='ltr' id='par_1_99' title="bbox 2297 3604 3950 3678">
     <span class='ocr_line' id='line_1_99' title="bbox 2297 3604 3950 3678; baseline 0.002 -19"><span class='ocrx_word' id='word_1_664' title='bbox 2297 3621 2422 3677; x_wconf 66' lang='lat' dir='ltr'>quae</span> <span class='ocrx_word' id='word_1_665' title='bbox 2457 3605 2925 3677; x_wconf 62' lang='lat' dir='ltr'>Ethiopumesse</span> <span class='ocrx_word' id='word_1_666' title='bbox 2961 3604 3522 3674; x_wconf 87' lang='lat' dir='ltr'>dicitur.Liturgiam</span> <span class='ocrx_word' id='word_1_667' title='bbox 3556 3605 3886 3678; x_wconf 67' lang='lat' dir='ltr'>Ethiopum</span> <span class='ocrx_word' id='word_1_668' title='bbox 3916 3624 3950 3663; x_wconf 91' lang='lat' dir='ltr'>a</span> 
     </span>
    </p>
   </div>
   <div class='ocr_carea' id='block_1_100' title="bbox 2299 3691 3946 3759">
    <p class='ocr_par' dir='ltr' id='par_1_100' title="bbox 2299 3691 3946 3759">
     <span class='ocr_line' id='line_1_100' title="bbox 2299 3691 3946 3759; baseline 0.002 -10"><span class='ocrx_word' id='word_1_669' title='bbox 2299 3695 2472 3749; x_wconf 89' lang='lat' dir='ltr'>variis</span> <span class='ocrx_word' id='word_1_670' title='bbox 2511 3695 2733 3750; x_wconf 89' lang='lat' dir='ltr'>editam</span> <span class='ocrx_word' id='word_1_671' title='bbox 2776 3693 3010 3750; x_wconf 89' lang='lat' dir='ltr'>invenio</span> <span class='ocrx_word' id='word_1_672' title='bbox 3057 3709 3070 3759; x_wconf 91' lang='lat'><strong>;</strong></span> <span class='ocrx_word' id='word_1_673' title='bbox 3110 3691 3217 3747; x_wconf 91' lang='lat' dir='ltr'>sed</span> <span class='ocrx_word' id='word_1_674' title='bbox 3251 3710 3364 3748; x_wconf 90' lang='lat' dir='ltr'>non</span> <span class='ocrx_word' id='word_1_675' title='bbox 3408 3695 3581 3750; x_wconf 90' lang='lat' dir='ltr'>video</span> <span class='ocrx_word' id='word_1_676' title='bbox 3611 3695 3946 3752; x_wconf 88' lang='lat' dir='ltr'>attributam</span> 
     </span>
    </p>
   </div>
   <div class='ocr_carea' id='block_1_101' title="bbox 2298 3783 3947 3856">
    <p class='ocr_par' dir='ltr' id='par_1_101' title="bbox 2298 3783 3947 3856">
     <span class='ocr_line' id='line_1_101' title="bbox 2298 3783 3947 3856; baseline 0.004 -21"><span class='ocrx_word' id='word_1_677' title='bbox 2298 3790 2502 3838; x_wconf 91' lang='lat' dir='ltr'>sancto</span> <span class='ocrx_word' id='word_1_678' title='bbox 2532 3783 2823 3839; x_wconf 67' lang='lat' dir='ltr'>Matthaao.</span> <span class='ocrx_word' id='word_1_679' title='bbox 2858 3785 3021 3839; x_wconf 90' lang='lat' dir='ltr'>Certe</span> <span class='ocrx_word' id='word_1_680' title='bbox 3047 3784 3456 3852; x_wconf 80' lang='lat' dir='ltr'>Raynodotius</span> <span class='ocrx_word' id='word_1_681' title='bbox 3488 3786 3546 3840; x_wconf 94' lang='lat' dir='ltr'>in</span> <span class='ocrx_word' id='word_1_682' title='bbox 3568 3786 3756 3856; x_wconf 90' lang='lat' dir='ltr'>Opere</span> <span class='ocrx_word' id='word_1_683' title='bbox 3772 3787 3843 3840; x_wconf 93' lang='lat' dir='ltr'>de</span> <span class='ocrx_word' id='word_1_684' title='bbox 3865 3786 3947 3841; x_wconf 90' lang='lat' dir='ltr'>Li-</span> 
     </span>
    </p>
   </div>
   <div class='ocr_carea' id='block_1_102' title="bbox 2299 3871 3947 3945">
    <p class='ocr_par' dir='ltr' id='par_1_102' title="bbox 2299 3871 3947 3945">
     <span class='ocr_line' id='line_1_102' title="bbox 2299 3871 3947 3945; baseline 0.003 -20"><span class='ocrx_word' id='word_1_685' title='bbox 2299 3871 2506 3939; x_wconf 92' lang='lat' dir='ltr'>turgiis</span> <span class='ocrx_word' id='word_1_686' title='bbox 2553 3872 2947 3928; x_wconf 87' lang='lat' dir='ltr'>Orientalibus</span> <span class='ocrx_word' id='word_1_687' title='bbox 3001 3873 3176 3927; x_wconf 90' lang='lat' dir='ltr'>etiam</span> <span class='ocrx_word' id='word_1_688' title='bbox 3227 3872 3591 3945; x_wconf 59' lang='lat' dir='ltr'>{Ethiopicas</span> <span class='ocrx_word' id='word_1_689' title='bbox 3631 3874 3858 3930; x_wconf 88' lang='lat' dir='ltr'>edidit:</span> <span class='ocrx_word' id='word_1_690' title='bbox 3895 3881 3947 3930; x_wconf 88' lang='lat' dir='ltr'>at</span> 
     </span>
    </p>
   </div>
   <div class='ocr_carea' id='block_1_103' title="bbox 2299 3958 3944 4028">
    <p class='ocr_par' dir='ltr' id='par_1_103' title="bbox 2299 3958 3944 4028">
     <span class='ocr_line' id='line_1_103' title="bbox 2299 3958 3944 4028; baseline 0.002 -14"><span class='ocrx_word' id='word_1_691' title='bbox 2299 3959 2526 4014; x_wconf 88' lang='lat' dir='ltr'>nullam</span> <span class='ocrx_word' id='word_1_692' title='bbox 2558 3958 2638 4014; x_wconf 91' lang='lat' dir='ltr'>ibi</span> <span class='ocrx_word' id='word_1_693' title='bbox 2670 3962 2907 4016; x_wconf 87' lang='lat' dir='ltr'>nomine</span> <span class='ocrx_word' id='word_1_694' title='bbox 2936 3964 3184 4020; x_wconf 67' lang='lat' dir='ltr'>Matthaai</span> <span class='ocrx_word' id='word_1_695' title='bbox 3215 3965 3560 4028; x_wconf 78' lang='lat' dir='ltr'>insignitam</span> <span class='ocrx_word' id='word_1_696' title='bbox 3594 3962 3732 4018; x_wconf 84' lang='lat' dir='ltr'>vidi.</span> <span class='ocrx_word' id='word_1_697' title='bbox 3770 3965 3944 4028; x_wconf 88' lang='lat' dir='ltr'>Quare</span> 
     </span>
    </p>
   </div>
   <div class='ocr_carea' id='block_1_104' title="bbox 2299 4047 3943 4110">
    <p class='ocr_par' dir='ltr' id='par_1_104' title="bbox 2299 4047 3943 4110">
     <span class='ocr_line' id='line_1_104' title="bbox 2299 4047 3943 4110; baseline 0.004 -9"><span class='ocrx_word' id='word_1_698' title='bbox 2299 4047 2570 4102; x_wconf 81' lang='lat' dir='ltr'>existimo</span> <span class='ocrx_word' id='word_1_699' title='bbox 2623 4048 2787 4104; x_wconf 90' lang='lat' dir='ltr'>illam</span> <span class='ocrx_word' id='word_1_700' title='bbox 2851 4066 2972 4106; x_wconf 91' lang='lat' dir='ltr'>non</span> <span class='ocrx_word' id='word_1_701' title='bbox 3029 4052 3134 4108; x_wconf 93' lang='lat' dir='ltr'>diu</span> <span class='ocrx_word' id='word_1_702' title='bbox 3177 4055 3232 4110; x_wconf 93' lang='lat' dir='ltr'>S.</span> <span class='ocrx_word' id='word_1_703' title='bbox 3289 4052 3559 4110; x_wconf 67' lang='lat' dir='ltr'>Matthaao</span> <span class='ocrx_word' id='word_1_704' title='bbox 3615 4051 3943 4107; x_wconf 88' lang='lat' dir='ltr'>attributam</span> 
     </span>
    </p>
   </div>
   <div class='ocr_carea' id='block_1_105' title="bbox 2299 4137 2502 4195">
    <p class='ocr_par' dir='ltr' id='par_1_105' title="bbox 2299 4137 2502 4195">
     <span class='ocr_line' id='line_1_105' title="bbox 2299 4137 2502 4195; baseline -0.02 0"><span class='ocrx_word' id='word_1_705' title='bbox 2299 4137 2502 4195; x_wconf 88' lang='lat' dir='ltr'>fuisse.</span> 
     </span>
    </p>
   </div>
   <div class='ocr_carea' id='block_1_106' title="bbox 2301 4245 3942 4320">
    <p class='ocr_par' dir='ltr' id='par_1_106' title="bbox 2301 4245 3942 4320">
     <span class='ocr_line' id='line_1_106' title="bbox 2301 4245 3942 4320; baseline 0.002 -22"><span class='ocrx_word' id='word_1_706' title='bbox 2301 4245 2329 4317; x_wconf 84' lang='lat'>§</span> <span class='ocrx_word' id='word_1_707' title='bbox 2361 4246 2420 4320; x_wconf 93' lang='lat' dir='ltr'>V_.</span> <span class='ocrx_word' id='word_1_708' title='bbox 2463 4245 2546 4300; x_wconf 89' lang='lat' dir='ltr'>De</span> <span class='ocrx_word' id='word_1_709' title='bbox 2575 4245 3066 4320; x_wconf 59' lang='lat' dir='ltr'>translationibus</span> <span class='ocrx_word' id='word_1_710' title='bbox 3093 4250 3355 4315; x_wconf 78' lang='lat' dir='ltr'>carparis</span> <span class='ocrx_word' id='word_1_711' title='bbox 3382 4249 3538 4320; x_wconf 86' lang='lat' dir='ltr'>quod</span> <span class='ocrx_word' id='word_1_712' title='bbox 3567 4249 3857 4320; x_wconf 70' lang='lat' dir='ltr'>inventum</span> <span class='ocrx_word' id='word_1_713' title='bbox 3887 4248 3942 4302; x_wconf 79' lang='lat' dir='ltr'>in</span> 
     </span>
    </p>
   </div>
   <div class='ocr_carea' id='block_1_107' title="bbox 2376 4317 3938 4386">
    <p class='ocr_par' dir='ltr' id='par_1_107' title="bbox 2376 4317 3938 4386">
     <span class='ocr_line' id='line_1_107' title="bbox 2376 4317 3938 4386; baseline 0.003 -16"><span class='ocrx_word' id='word_1_714' title='bbox 2376 4317 2656 4377; x_wconf 73' lang='lat' dir='ltr'>Lucania,</span> <span class='ocrx_word' id='word_1_715' title='bbox 2722 4318 3093 4386; x_wconf 79' lang='lat' dir='ltr'>transfertur</span> <span class='ocrx_word' id='word_1_716' title='bbox 3139 4317 3473 4386; x_wconf 66' lang='lat' dir='ltr'>Salernum,</span> <span class='ocrx_word' id='word_1_717' title='bbox 3524 4335 3595 4376; x_wconf 89' lang='lat' dir='ltr'>ac</span> <span class='ocrx_word' id='word_1_718' title='bbox 3656 4319 3938 4375; x_wconf 76' lang='lat' dir='ltr'>brachium</span> 
     </span>
    </p>
   </div>
   <div class='ocr_carea' id='block_1_108' title="bbox 2375 4388 3028 4444">
    <p class='ocr_par' dir='ltr' id='par_1_108' title="bbox 2375 4388 3028 4444">
     <span class='ocr_line' id='line_1_108' title="bbox 2375 4388 3028 4444; baseline 0.003 -3"><span class='ocrx_word' id='word_1_719' title='bbox 2375 4388 2585 4442; x_wconf 76' lang='lat' dir='ltr'>deinde</span> <span class='ocrx_word' id='word_1_720' title='bbox 2608 4388 3028 4444; x_wconf 82' lang='lat' dir='ltr'>Beneventum.</span> 
     </span>
    </p>
   </div>
   <div class='ocr_carea' id='block_1_109' title="bbox 2340 4494 3932 4565">
    <p class='ocr_par' dir='ltr' id='par_1_109' title="bbox 2340 4494 3932 4565">
     <span class='ocr_line' id='line_1_109' title="bbox 2340 4494 3932 4565; baseline 0.001 -17"><span class='ocrx_word' id='word_1_721' title='bbox 2340 4495 2428 4550; x_wconf 90' lang='lat'>63.</span> <span class='ocrx_word' id='word_1_722' title='bbox 2447 4496 2490 4559; x_wconf 92' lang='lat' dir='ltr'>Q</span> <span class='ocrx_word' id='word_1_723' title='bbox 2502 4494 2932 4565; x_wconf 89' lang='lat' dir='ltr'>uandoquidem</span> <span class='ocrx_word' id='word_1_724' title='bbox 2947 4513 3066 4552; x_wconf 91' lang='lat' dir='ltr'>non</span> <span class='ocrx_word' id='word_1_725' title='bbox 3084 4497 3380 4553; x_wconf 91' lang='lat' dir='ltr'>habemus</span> <span class='ocrx_word' id='word_1_726' title='bbox 3396 4501 3538 4553; x_wconf 81' lang='lat' dir='ltr'>Acta</span> <span class='ocrx_word' id='word_1_727' title='bbox 3552 4494 3932 4552; x_wconf 87' lang='lat' dir='ltr'>translationis</span> 
     </span>
    </p>
   </div>
   <div class='ocr_carea' id='block_1_110' title="bbox 2310 4582 3935 4655">
    <p class='ocr_par' dir='ltr' id='par_1_110' title="bbox 2310 4582 3935 4655">
     <span class='ocr_line' id='line_1_110' title="bbox 2310 4582 3935 4655; baseline 0.001 -17"><span class='ocrx_word' id='word_1_728' title='bbox 2310 4582 2501 4638; x_wconf 90' lang='lat' dir='ltr'>sancti</span> <span class='ocrx_word' id='word_1_729' title='bbox 2537 4584 2800 4654; x_wconf 78' lang='lat' dir='ltr'>Mattbaei,</span> <span class='ocrx_word' id='word_1_730' title='bbox 2833 4601 2964 4655; x_wconf 70' lang='lat' dir='ltr'>qua:</span> <span class='ocrx_word' id='word_1_731' title='bbox 3014 4585 3195 4641; x_wconf 88' lang='lat' dir='ltr'>ﬁdem</span> <span class='ocrx_word' id='word_1_732' title='bbox 3243 4591 3542 4642; x_wconf 89' lang='lat' dir='ltr'>merentur</span> <span class='ocrx_word' id='word_1_733' title='bbox 3574 4587 3678 4642; x_wconf 93' lang='lat' dir='ltr'>viri</span> <span class='ocrx_word' id='word_1_734' title='bbox 3723 4585 3935 4652; x_wconf 88' lang='lat' dir='ltr'>eruditi,</span> 
     </span>
    </p>
   </div>
   <div class='ocr_carea' id='block_1_111' title="bbox 2308 4672 3939 4748">
    <p class='ocr_par' dir='ltr' id='par_1_111' title="bbox 2308 4672 3939 4748">
     <span class='ocr_line' id='line_1_111' title="bbox 2308 4672 3939 4748; baseline 0.002 -20"><span class='ocrx_word' id='word_1_735' title='bbox 2308 4678 2411 4728; x_wconf 89' lang='lat' dir='ltr'>aut</span> <span class='ocrx_word' id='word_1_736' title='bbox 2431 4688 2565 4727; x_wconf 85' lang='lat' dir='ltr'>eam</span> <span class='ocrx_word' id='word_1_737' title='bbox 2593 4672 2855 4728; x_wconf 87' lang='lat' dir='ltr'>obtinere</span> <span class='ocrx_word' id='word_1_738' title='bbox 2889 4676 3270 4744; x_wconf 90' lang='lat' dir='ltr'>possunthoc</span> <span class='ocrx_word' id='word_1_739' title='bbox 3303 4683 3590 4748; x_wconf 91' lang='lat' dir='ltr'>tempore,</span> <span class='ocrx_word' id='word_1_740' title='bbox 3622 4682 3677 4731; x_wconf 92' lang='lat' dir='ltr'>et</span> <span class='ocrx_word' id='word_1_741' title='bbox 3709 4677 3939 4747; x_wconf 89' lang='lat' dir='ltr'>scripto-</span> 
     </span>
    </p>
   </div>
   <div class='ocr_carea' id='block_1_112' title="bbox 2308 4761 3936 4837">
    <p class='ocr_par' dir='ltr' id='par_1_112' title="bbox 2308 4761 3936 4837">
     <span class='ocr_line' id='line_1_112' title="bbox 2308 4761 3936 4837; baseline 0.002 -21"><span class='ocrx_word' id='word_1_742' title='bbox 2308 4778 2398 4818; x_wconf 88' lang='lat' dir='ltr'>res</span> <span class='ocrx_word' id='word_1_743' title='bbox 2415 4761 2777 4833; x_wconf 89' lang='lat' dir='ltr'>antiquiores</span> <span class='ocrx_word' id='word_1_744' title='bbox 2807 4778 2924 4817; x_wconf 88' lang='lat' dir='ltr'>non</span> <span class='ocrx_word' id='word_1_745' title='bbox 2949 4763 3058 4818; x_wconf 87' lang='lat' dir='ltr'>nisi</span> <span class='ocrx_word' id='word_1_746' title='bbox 3077 4781 3293 4836; x_wconf 88' lang='lat' dir='ltr'>vagam</span> <span class='ocrx_word' id='word_1_747' title='bbox 3317 4765 3587 4837; x_wconf 89' lang='lat' dir='ltr'>aliquam</span> <span class='ocrx_word' id='word_1_748' title='bbox 3603 4766 3936 4821; x_wconf 87' lang='lat' dir='ltr'>etincertam</span> 
     </span>
    </p>
   </div>
   <div class='ocr_carea' id='block_1_113' title="bbox 2306 4850 3942 4927">
    <p class='ocr_par' dir='ltr' id='par_1_113' title="bbox 2306 4850 3942 4927">
     <span class='ocr_line' id='line_1_113' title="bbox 2306 4850 3942 4927; baseline 0.004 -23"><span class='ocrx_word' id='word_1_749' title='bbox 2306 4850 2595 4906; x_wconf 85' lang='lat' dir='ltr'>dederunt</span> <span class='ocrx_word' id='word_1_750' title='bbox 2637 4851 2903 4906; x_wconf 90' lang='lat' dir='ltr'>notitiam</span> <span class='ocrx_word' id='word_1_751' title='bbox 2946 4852 3019 4907; x_wconf 94' lang='lat' dir='ltr'>de</span> <span class='ocrx_word' id='word_1_752' title='bbox 3069 4853 3219 4919; x_wconf 92' lang='lat' dir='ltr'>loco,</span> <span class='ocrx_word' id='word_1_753' title='bbox 3276 4854 3336 4910; x_wconf 91' lang='lat' dir='ltr'>in</span> <span class='ocrx_word' id='word_1_754' title='bbox 3369 4871 3492 4927; x_wconf 88' lang='lat' dir='ltr'>quo</span> <span class='ocrx_word' id='word_1_755' title='bbox 3517 4870 3737 4926; x_wconf 89' lang='lat' dir='ltr'>corpus</span> <span class='ocrx_word' id='word_1_756' title='bbox 3769 4871 3942 4910; x_wconf 85' lang='lat' dir='ltr'>scrva-</span> 
     </span>
    </p>
   </div>
   <div class='ocr_carea' id='block_1_114' title="bbox 2306 4939 3945 5015">
    <p class='ocr_par' dir='ltr' id='par_1_114' title="bbox 2306 4939 3945 5015">
     <span class='ocr_line' id='line_1_114' title="bbox 2306 4939 3945 5015; baseline 0.003 -22"><span class='ocrx_word' id='word_1_757' title='bbox 2306 4939 2481 4994; x_wconf 90' lang='lat' dir='ltr'>batur</span> <span class='ocrx_word' id='word_1_758' title='bbox 2516 4941 2651 4994; x_wconf 87' lang='lat' dir='ltr'>ante</span> <span class='ocrx_word' id='word_1_759' title='bbox 2685 4939 3126 4996; x_wconf 86' lang='lat' dir='ltr'>translationem</span> <span class='ocrx_word' id='word_1_760' title='bbox 3175 4941 3234 4997; x_wconf 89' lang='lat' dir='ltr'>in</span> <span class='ocrx_word' id='word_1_761' title='bbox 3282 4942 3600 5015; x_wconf 88' lang='lat' dir='ltr'>Europam,</span> <span class='ocrx_word' id='word_1_762' title='bbox 3648 4941 3945 4999; x_wconf 79' lang='lat' dir='ltr'>diﬂiculter</span> 
     </span>
    </p>
   </div>
   <div class='ocr_carea' id='block_1_115' title="bbox 2307 5027 3944 5104">
    <p class='ocr_par' dir='ltr' id='par_1_115' title="bbox 2307 5027 3944 5104">
     <span class='ocr_line' id='line_1_115' title="bbox 2307 5027 3944 5104; baseline 0.003 -21"><span class='ocrx_word' id='word_1_763' title='bbox 2307 5027 2532 5098; x_wconf 88' lang='lat' dir='ltr'>aliquid</span> <span class='ocrx_word' id='word_1_764' title='bbox 2563 5027 2701 5084; x_wconf 90' lang='lat' dir='ltr'>certi</span> <span class='ocrx_word' id='word_1_765' title='bbox 2732 5029 3056 5099; x_wconf 89' lang='lat' dir='ltr'>reperietur</span> <span class='ocrx_word' id='word_1_766' title='bbox 3102 5030 3176 5086; x_wconf 91' lang='lat' dir='ltr'>de</span> <span class='ocrx_word' id='word_1_767' title='bbox 3221 5034 3529 5088; x_wconf 91' lang='lat' dir='ltr'>occasione</span> <span class='ocrx_word' id='word_1_768' title='bbox 3586 5037 3640 5087; x_wconf 86' lang='lat' dir='ltr'>et</span> <span class='ocrx_word' id='word_1_769' title='bbox 3675 5037 3944 5104; x_wconf 88' lang='lat' dir='ltr'>tempore,</span> 
     </span>
    </p>
   </div>
   <div class='ocr_carea' id='block_1_116' title="bbox 2306 5117 3950 5192">
    <p class='ocr_par' dir='ltr' id='par_1_116' title="bbox 2306 5117 3950 5192">
     <span class='ocr_line' id='line_1_116' title="bbox 2306 5117 3950 5192; baseline 0.005 -24"><span class='ocrx_word' id='word_1_770' title='bbox 2306 5131 2428 5186; x_wconf 90' lang='lat' dir='ltr'>quo</span> <span class='ocrx_word' id='word_1_771' title='bbox 2463 5117 2719 5186; x_wconf 88' lang='lat' dir='ltr'>primum</span> <span class='ocrx_word' id='word_1_772' title='bbox 2753 5117 2808 5170; x_wconf 92' lang='lat' dir='ltr'>in</span> <span class='ocrx_word' id='word_1_773' title='bbox 2841 5117 3066 5173; x_wconf 86' lang='lat' dir='ltr'>Italiam</span> <span class='ocrx_word' id='word_1_774' title='bbox 3098 5118 3207 5174; x_wconf 85' lang='lat' dir='ltr'>fuit</span> <span class='ocrx_word' id='word_1_775' title='bbox 3251 5120 3653 5192; x_wconf 90' lang='lat' dir='ltr'>deportatum.</span> <span class='ocrx_word' id='word_1_776' title='bbox 3688 5121 3950 5176; x_wconf 84' lang='lat' dir='ltr'>Illustris-</span> 
     </span>
    </p>
   </div>
   <div class='ocr_carea' id='block_1_117' title="bbox 2309 5203 3947 5281">
    <p class='ocr_par' dir='ltr' id='par_1_117' title="bbox 2309 5203 3947 5281">
     <span class='ocr_line' id='line_1_117' title="bbox 2309 5203 3947 5281; baseline 0.007 -25"><span class='ocrx_word' id='word_1_777' title='bbox 2309 5205 2494 5257; x_wconf 93' lang='lat' dir='ltr'>simus</span> <span class='ocrx_word' id='word_1_778' title='bbox 2523 5203 2808 5259; x_wconf 74' lang='lat' dir='ltr'>(Iolumna</span> <span class='ocrx_word' id='word_1_779' title='bbox 2831 5206 2957 5274; x_wconf 88' lang='lat' dir='ltr'>jam</span> <span class='ocrx_word' id='word_1_780' title='bbox 2991 5207 3284 5273; x_wconf 89' lang='lat' dir='ltr'>laudatus,</span> <span class='ocrx_word' id='word_1_781' title='bbox 3315 5209 3419 5281; x_wconf 90' lang='lat' dir='ltr'>qui</span> <span class='ocrx_word' id='word_1_782' title='bbox 3455 5210 3746 5280; x_wconf 89' lang='lat' dir='ltr'>majorem</span> <span class='ocrx_word' id='word_1_783' title='bbox 3776 5211 3947 5267; x_wconf 87' lang='lat' dir='ltr'>ﬁdem</span> 
     </span>
    </p>
   </div>
   <div class='ocr_carea' id='block_1_118' title="bbox 2308 5292 3943 5368">
    <p class='ocr_par' dir='ltr' id='par_1_118' title="bbox 2308 5292 3943 5368">
     <span class='ocr_line' id='line_1_118' title="bbox 2308 5292 3943 5368; baseline 0.006 -23"><span class='ocrx_word' id='word_1_784' title='bbox 2308 5307 2491 5362; x_wconf 90' lang='lat' dir='ltr'>quam</span> <span class='ocrx_word' id='word_1_785' title='bbox 2515 5292 2710 5347; x_wconf 89' lang='lat' dir='ltr'>crisim</span> <span class='ocrx_word' id='word_1_786' title='bbox 2743 5293 3016 5350; x_wconf 89' lang='lat' dir='ltr'>adhibuit</span> <span class='ocrx_word' id='word_1_787' title='bbox 3040 5298 3099 5350; x_wconf 89' lang='lat' dir='ltr'>in</span> <span class='ocrx_word' id='word_1_788' title='bbox 3118 5298 3424 5368; x_wconf 60' lang='lat' dir='ltr'>Sequendo</span> <span class='ocrx_word' id='word_1_789' title='bbox 3456 5298 3780 5354; x_wconf 85' lang='lat' dir='ltr'>Relationes</span> <span class='ocrx_word' id='word_1_790' title='bbox 3797 5302 3943 5364; x_wconf 65' lang='lat' dir='ltr'>Mss,</span> 
     </span>
    </p>
   </div>
   <div class='ocr_carea' id='block_1_119' title="bbox 2309 5380 3944 5457">
    <p class='ocr_par' dir='ltr' id='par_1_119' title="bbox 2309 5380 3944 5457">
     <span class='ocr_line' id='line_1_119' title="bbox 2309 5380 3944 5457; baseline 0.006 -25"><span class='ocrx_word' id='word_1_791' title='bbox 2309 5396 2461 5452; x_wconf 90' lang='lat' dir='ltr'>quas</span> <span class='ocrx_word' id='word_1_792' title='bbox 2487 5380 2909 5450; x_wconf 89' lang='lat' dir='ltr'>improbabiles</span> <span class='ocrx_word' id='word_1_793' title='bbox 2930 5400 3058 5438; x_wconf 91' lang='lat' dir='ltr'>esse</span> <span class='ocrx_word' id='word_1_794' title='bbox 3072 5386 3346 5457; x_wconf 83' lang='lat' dir='ltr'>ostendi§</span> <span class='ocrx_word' id='word_1_795' title='bbox 3374 5391 3421 5451; x_wconf 86' lang='lat' dir='ltr'>l,</span> <span class='ocrx_word' id='word_1_796' title='bbox 3444 5388 3749 5442; x_wconf 90' lang='lat' dir='ltr'>Historiam</span> <span class='ocrx_word' id='word_1_797' title='bbox 3771 5394 3944 5443; x_wconf 89' lang='lat' dir='ltr'>trans-</span> 
     </span>
    </p>
   </div>
   <div class='ocr_carea' id='block_1_120' title="bbox 2311 5467 3945 5547">
    <p class='ocr_par' dir='ltr' id='par_1_120' title="bbox 2311 5467 3945 5547">
     <span class='ocr_line' id='line_1_120' title="bbox 2311 5467 3945 5547; baseline 0.007 -26"><span class='ocrx_word' id='word_1_798' title='bbox 2311 5467 2547 5523; x_wconf 91' lang='lat' dir='ltr'>lationis</span> <span class='ocrx_word' id='word_1_799' title='bbox 2573 5467 2737 5524; x_wconf 88' lang='lat' dir='ltr'>dedit</span> <span class='ocrx_word' id='word_1_800' title='bbox 2786 5469 3034 5528; x_wconf 91' lang='lat' dir='ltr'>minime</span> <span class='ocrx_word' id='word_1_801' title='bbox 3067 5472 3463 5529; x_wconf 90' lang='lat' dir='ltr'>verisimilem.</span> <span class='ocrx_word' id='word_1_802' title='bbox 3499 5475 3725 5530; x_wconf 88' lang='lat' dir='ltr'>Etenim</span> <span class='ocrx_word' id='word_1_803' title='bbox 3755 5491 3878 5547; x_wconf 90' lang='lat' dir='ltr'>cap.</span> <span class='ocrx_word' id='word_1_804' title='bbox 3913 5479 3945 5532; x_wconf 85' lang='lat'><strong>5</strong></span> 
     </span>
    </p>
   </div>
   <div class='ocr_carea' id='block_1_121' title="bbox 2311 5558 3944 5634">
    <p class='ocr_par' dir='ltr' id='par_1_121' title="bbox 2311 5558 3944 5634">
     <span class='ocr_line' id='line_1_121' title="bbox 2311 5558 3944 5634; baseline 0.006 -21"><span class='ocrx_word' id='word_1_805' title='bbox 2311 5561 2513 5613; x_wconf 83' lang='lat' dir='ltr'>narrat</span> <span class='ocrx_word' id='word_1_806' title='bbox 2543 5558 2726 5612; x_wconf 91' lang='lat' dir='ltr'>sancti</span> <span class='ocrx_word' id='word_1_807' title='bbox 2758 5575 2977 5630; x_wconf 88' lang='lat' dir='ltr'>corpus</span> <span class='ocrx_word' id='word_1_808' title='bbox 3010 5577 3080 5618; x_wconf 85' lang='lat' dir='ltr'>ex</span> <span class='ocrx_word' id='word_1_809' title='bbox 3120 5561 3410 5634; x_wconf 71' lang='lat' dir='ltr'>Ethiopia</span> <span class='ocrx_word' id='word_1_810' title='bbox 3436 5562 3698 5623; x_wconf 83' lang='lat' dir='ltr'>delatum</span> <span class='ocrx_word' id='word_1_811' title='bbox 3733 5563 3789 5618; x_wconf 92' lang='lat' dir='ltr'>in</span> <span class='ocrx_word' id='word_1_812' title='bbox 3831 5566 3944 5621; x_wconf 89' lang='lat' dir='ltr'>Bri-</span> 
     </span>
    </p>
   </div>
  </div>
