4124 6270
256 257 365 313 789

1620 261 1783 319 VITA
1825 264 1886 322 s.
1929 250 2180 322 MATTH
2194 266 2307 324 Ᾰεῐ.

3565 277 3673 333 790

252 383 525 438 tanniam
550 382 916 440 Armoricam
929 398 1036 455 per
1056 389 1415 441 mercatores
1438 385 1751 443 Britannos
1768 392 1913 445 tem-
1943 388 1990 445 Ᾱ
2019 390 2252 457 bentur,
2284 395 2403 448 tom
2437 392 2502 447 ν.
2535 394 2901 465 Scriptorum
2932 395 3147 462 Italia,
3179 410 3317 467 pag.
3351 394 3439 463 32,
3459 397 3670 456 eadem

253 486 402 542 pore
432 470 586 543 regis
627 470 983 542 Salomonis,
1024 473 1130 546 qui
1170 474 1440 542 regnavit
1476 480 1607 544 post
1646 476 1907 533 medium

256 559 461 615 smculi
493 577 548 615 IX
586 579 598 628 ;
628 561 791 631 (nam
821 577 931 633 pro
952 561 1157 617 ﬁctitio
1184 578 1339 618 nunc
1366 562 1616 619 habetur
1637 564 1785 619 alius
1810 566 1911 622 Sa-

254 648 483 713 lomon,
535 666 713 722 quem
764 650 990 723 aliquot
1018 652 1245 707 saeculis
1286 651 1460 708 citius
1500 653 1559 708 in
1609 654 1912 711 Armorica

255 753 546 807 regnasse
576 738 757 811 aliqui
777 739 919 795 olim
947 740 1346 814 crediderunt)
1369 742 1831 815 depositumque
1850 743 1908 799 in

255 828 492 883 civitate
521 829 889 897 Legionensi.
922 830 993 885 At
1015 844 1135 884 non
1162 829 1544 898 ignorassent
1563 830 1908 905 hoc,neque

254 916 575 972 tacuissent
606 932 816 972 omnes
833 917 1147 987 scriptores
1163 917 1302 975 Galli
1320 918 1557 975 illorum
1574 926 1907 991 temporum

251 1009 357 1061 aut
398 1003 579 1076 paulo
620 1006 1039 1077 posteriorum,
1089 1007 1135 1062 si
1180 1006 1404 1063 factum
1454 1015 1630 1065 esset.
1686 1008 1907 1064 Deinde

251 1109 389 1164 cap.
426 1098 457 1148 6
481 1093 653 1149 refert
683 1093 1066 1151 Salomonem
1100 1111 1298 1165 regem
1331 1112 1493 1151 anno
1534 1097 1901 1170 quinquage-

250 1180 407 1237 simo
438 1198 473 1237 a
504 1182 887 1238 translatione
918 1184 1182 1255 corporis
1210 1200 1246 1239 a
1271 1184 1565 1241 Britannis
1598 1186 1721 1239 suis
1752 1185 1901 1240 occi-

250 1287 383 1325 sum
407 1289 424 1341 ;
453 1286 643 1342 eaque
664 1270 737 1326 de
755 1287 942 1328 causa
963 1272 1441 1328 Valentinianum
1463 1273 1899 1344 imperatorem,

249 1360 354 1431 qui
382 1359 608 1430 aliquot
638 1359 866 1415 sarculis
896 1365 1033 1415 ante
1062 1361 1444 1416 Salomonem
1474 1360 1579 1417 fuit
1612 1366 1901 1428 mortuus,

249 1464 323 1504 ex
338 1447 500 1503 Italia
514 1447 813 1520 ingentem
833 1448 1069 1504 misisse
1083 1450 1333 1505 classem
1351 1449 1427 1505 ad
1442 1449 1901 1521 expugnandam

253 1536 637 1603 Britanniam,
672 1540 725 1591 et
765 1537 863 1603 sic,
901 1542 1078 1608 capta
1106 1538 1338 1594 civitate
1374 1539 1736 1609 Legionensi,
1773 1554 1903 1593 cor-

249 1639 365 1695 pus
393 1624 579 1679 sancti
612 1625 860 1681 Matthtei
886 1625 945 1680 in
996 1625 1317 1681 Lucaniam
1358 1625 1739 1681 translatum.
1772 1626 1901 1681 Haec

2020 479 2238 535 clarius
2267 485 2321 535 et
2353 480 2562 536 melius
2596 482 2885 552 leguntur.
2919 484 3110 540 Verba
3140 483 3338 558 accipe
3369 502 3382 541 :
3417 504 3447 537 α
3480 480 3543 542 tn
3572 486 3672 560 ip-

2022 567 2145 623 sius
2176 570 2454 641 principis
2498 571 2761 643 Gisulphi
2823 572 3191 644 temporibus
3227 574 3533 630 inventum
3582 581 3671 633 est

2020 657 2499 714 sacratissimum
2534 675 2747 731 corpus
2788 663 2847 716 Β.
2880 660 3129 717 Matthmi
3158 661 3217 716 in
3246 663 3513 719 Lucania;
3540 662 3670 720 ﬁni-

2017 744 2153 813 bus,
2185 753 2363 819 atque
2394 763 2530 803 cum
2557 748 2754 804 debito
2783 749 3006 804 honore
3038 765 3141 822 per
3175 749 3507 820 jussionem
3537 751 3664 823 jam

2017 833 2117 889 fati
2168 834 2433 907 Gisulphi
2474 835 2763 908 principis
2816 836 3123 894 Salernum
3168 836 3507 894 deducitur.
3552 840 3662 896 Sed

2015 930 2161 996 quot
2178 924 2481 980 evenerint
2497 925 2667 995 signa
2692 930 2748 981 et
2770 925 3059 981 miracula
3083 932 3140 980 et
3160 926 3464 997 quomodo
3489 926 3664 984 fuerit

2014 1016 2333 1084 repertum,
2376 1014 2729 1069 omnimodo
2770 1029 2926 1069 nunc
2977 1016 3240 1086 pandere
3281 1013 3656 1071 omittimus:

2014 1101 2422 1171 postmodum,
2467 1103 2581 1157 Deo
2639 1107 2959 1167 annuente,
2999 1102 3440 1158 innotescemus
3478 1108 3659 1177 atque

2012 1188 2149 1244 huic
2204 1189 2467 1245 Historias
2543 1189 2851 1246 adnectere
2902 1190 3210 1245 faciemus.
3274 1210 3300 1241 ››
3363 1193 3657 1248 Hactenus

2012 1284 2233 1339 auctor,
2263 1277 2630 1350 quicumque
2656 1279 2747 1343 sit,
2780 1277 2938 1350 quod
2965 1294 3083 1333 non
3114 1277 3368 1351 inquiro.

2080 1365 2167 1421 66.
2204 1364 2284 1420 De
2334 1381 2496 1421 anno
2547 1365 2921 1431 inventionis,
2980 1382 3161 1438 quem
3208 1367 3313 1422 954
3364 1366 3509 1422 dixit
3544 1367 3656 1424 Leo

2011 1454 2314 1525 Ostiensis,
2336 1454 2565 1510 etiamsi
2578 1453 2723 1511 forte
2740 1470 2860 1509 non
2881 1455 3129 1510 omnino
3153 1455 3226 1510 sit
3248 1461 3461 1519 certus,
3490 1455 3653 1512 litem

2010 1541 2370 1598 movendam
2403 1557 2523 1597 non
2552 1557 2762 1597 censeo
2795 1564 2806 1606 ;
2836 1557 2974 1597 cum
3001 1546 3153 1597 certe
3180 1542 3278 1597 illo
3309 1557 3469 1598 anno
3496 1544 3653 1615 prin-

2008 1628 2273 1699 cipatum
2317 1628 2749 1685 Salernitanum
2798 1629 3091 1684 obtineret
3119 1628 3436 1702 Gisulphus
3484 1630 3653 1687 Guai-

247 1712 1899 1786 retulisse,omissisetiamimprobabilibustranslationis
1935 1727 1980 1783 Β
2010 1717 2178 1773 marii
2208 1716 2385 1784 ﬁlius,
2438 1718 2551 1772 sub
2582 1733 2703 1789 quo
2746 1717 3152 1773 inventionem
3201 1718 3518 1787 contigisse
3570 1720 3651 1775 ait

251 1801 575 1873 adjunctis,
600 1801 888 1858 refutasse
914 1808 1023 1858 est.

324 1892 411 1946 64.
440 1892 590 1956 Mox,
619 1906 752 1962 cap.
783 1896 838 1957 7,
873 1891 1085 1947 fatetur
1124 1895 1349 1956 auctor,
1390 1906 1630 1946 omnem
1671 1906 1902 1946 memo-

248 1978 402 2034 riam
430 1979 503 2033 de
544 1984 774 2035 servato
818 1980 877 2034 in
922 1980 1085 2035 Italia
1133 1995 1379 2051 corpore
1416 1978 1607 2034 sancti
1652 1979 1896 2036 Matthasi

248 2066 540 2139 paulatim
583 2068 961 2124 intercedisse
995 2087 1008 2136 ;
1044 2069 1566 2140 inventionemque
1599 2069 1678 2124 ait
1716 2070 1900 2124 conti-

250 2156 406 2225 gisse
429 2156 582 2212 circa
608 2158 983 2212 millesimum
1007 2159 1643 2232 etquinquagesimum
1672 2173 1899 2214 annum

248 2261 285 2300 a
318 2246 544 2300 Christo
578 2251 737 2301 nato.
775 2249 942 2301 Hisce
967 2248 1040 2301 de
1068 2263 1314 2318 corpore
1332 2247 1433 2302 diu
1465 2246 1819 2303 abscondito
1846 2252 1902 2303 et

247 2334 490 2388 demum
534 2334 773 2389 invento
804 2335 1184 2390 consentiunt
1212 2336 1526 2408 scriptores
1558 2336 1673 2390 ﬁde
1711 2335 1899 2405 digni,

246 2422 351 2477 sed
387 2422 609 2478 factum
642 2423 784 2479 illud
815 2423 1010 2491 ﬁgunt
1042 2427 1166 2479 toto
1206 2424 1325 2479 fere
1356 2424 1576 2479 smculo
1616 2424 1808 2490 citius,
1842 2428 1903 2479 ut

245 2527 381 2567 mox
396 2512 733 2569 ostendam.
756 2512 976 2568 Interea
996 2511 1272 2580 observo,
1293 2514 1491 2583 priora
1511 2511 1735 2572 omnia.
1766 2527 1902 2584 quas

243 2599 581 2655 referuntur
629 2600 703 2656 de
747 2602 989 2673 gemina
1031 2600 1442 2666 translatione,
1494 2599 1780 2655 nimirum
1831 2614 1902 2653 ex

244 2688 546 2761 Ethiopia
575 2689 634 2744 in
669 2689 1054 2753 Britanniam,
1088 2696 1144 2744 et
1174 2705 1245 2744 ex
1278 2688 1582 2744 Britannia
1616 2687 1676 2743 in
1718 2687 1905 2743 Luca-

247 2778 434 2843 niam,
456 2794 529 2832 ex
554 2777 1170 2849 conjecturisincertis
1195 2778 1455 2848 potuisse
1475 2776 1733 2845 conﬁngi
1756 2793 1771 2841 ;
1798 2774 1901 2830 sed

248 2871 371 2921 tam
402 2865 877 2937 improbabiliter
913 2865 1092 2919 fuisse
1118 2864 1406 2934 exposita,
1434 2868 1496 2916 ut
1518 2864 1717 2918 malim
1740 2865 1906 2932 igno-

247 2968 381 3008 rare
415 2968 539 3022 quo
574 2952 753 3007 modo
779 2957 977 3024 etquo
1004 2955 1272 3021 tempore
1304 2966 1542 3005 sacrum
1589 2949 1735 3004 illud
1780 2964 1901 3004 cor-

2007 1820 2346 1877 anonymus
2380 1805 2801 1862 Salernitanus.
2835 1803 3134 1875 Ughellus,
3162 1811 3305 1860 tom.
3340 1806 3400 1873 X,
3428 1805 3518 1861 col
3552 1806 3650 1862 157

2006 1894 2068 1950 in
2098 1894 2392 1967 episcopis
2432 1894 2734 1959 Paestanis,
2760 1900 2814 1949 et
2843 1892 3131 1949 Antonius
3161 1894 3352 1949 Mazza
3382 1894 3440 1949 in
3471 1894 3651 1949 Histo-

2006 1984 2096 2039 ria
2128 1982 2285 2038 urbis
2338 1982 2743 2047 Salernitanus,
2772 1996 2903 2053 cap.
2956 1985 3007 2047 5,
3049 1998 3216 2036 num.
3252 1987 3334 2045 l5,
3366 1981 3441 2036 de
3490 1996 3651 2038 anno

2006 2073 2184 2128 etiam
2217 2070 2614 2127 consentiunt.
2667 2073 2743 2126 De
2781 2069 2910 2125 loco
2941 2069 3025 2125 ait
3078 2070 3376 2139 Ughellus,
3433 2080 3651 2143 carpus

2007 2159 2309 2215 inventum
2330 2160 2529 2214 essein
2552 2174 2770 2213 eversas
2793 2159 2951 2213 urbis
2972 2158 3296 2229 (Paestanas)
3315 2157 3648 2213 ruderibus.

2011 2248 2207 2304 Mazza
2235 2248 2426 2303 solum
2458 2246 2612 2311 dicit,
2662 2246 2721 2301 ln
2766 2246 3035 2301 Lucania;
3065 2244 3285 2300 ﬁnibus
3323 2246 3645 2300 inventum.

2008 2335 2472 2392 Translationem
2500 2350 2642 2389 vero
2668 2333 3005 2389 enarrathis
3036 2336 3259 2389 verbis:
3286 2356 3307 2383 ι
3330 2332 3653 2405 Gisulphus

2012 2424 2328 2481 Guaimarii
2360 2422 2513 2479 ﬁlius
2552 2422 2728 2478 etiam
2760 2421 3043 2494 parvulus
3088 2424 3237 2494 patri
3278 2420 3653 2477 succedendo

2009 2513 2295 2582 regnavit.
2334 2510 2496 2567 Beati
2545 2510 2818 2582 apostoli,
2852 2510 3227 2582 evangelista;
3270 2527 3337 2565 ac
3376 2510 3654 2581 martyris

2016 2600 2260 2658 λίθαὴωὶ
2310 2615 2550 2669 corpus,
2596 2598 2865 2654 Lucania:
2911 2597 3132 2653 ﬁnibus
3186 2599 3581 2661 inventum,...
3623 2613 3654 2653 e

2012 2689 2278 2744 Paestana
2317 2686 2550 2742 civitate
2599 2701 2760 2741 anno
2814 2687 2937 2753 954,
2994 2692 3258 2755 tempore
3303 2685 3655 2758 prmsulatus

2015 2776 2291 2832 Bernardi
2339 2776 2401 2845 ll,
2452 2790 2689 2830 summa
2739 2792 2875 2829 cum
2916 2770 3292 2831 veneratione
3336 2775 3393 2830 in
3443 2774 3654 2829 urbem

2015 2865 2449 2921 Salernitanam
2481 2863 2799 2932 transtulit,
2831 2864 3001 2935 cujus
3045 2864 3369 2918 adventum
3415 2866 3675 2937 sanctus

2013 2951 2419 3006 Grammatius
2468 2952 2513 3005 Il
2579 2951 2986 3007 Salernitanus
3036 2952 3371 3023 episcopus,
3438 2944 3657 3005 ultimis

250 3056 366 3113 pus
390 3042 449 3095 in
485 3041 810 3096 Lucaniam
844 3040 1196 3114 pervenerit,
1231 3055 1416 3111 quam
1459 3038 1551 3093 vel
1586 3038 1903 3093 minimum
1938 3042 1979 3120 ο
2015 3040 2144 3109 ejus
2176 3038 2307 3094 vitm
2334 3039 2491 3094 horis
2540 3040 2632 3094 his
2677 3039 2950 3112 prmdixit
2994 3039 3183 3095 verbis
3232 3059 3244 3097 :
3278 3057 3305 3089 ς(
3350 3041 3475 3094 Non
3523 3040 3661 3109 post

250 3145 319 3185 ex
351 3129 638 3185 relatione
667 3129 764 3185 illa
795 3130 1103 3200 adoptare.
1140 3130 1217 3183 De
1265 3127 1461 3198 capite
1502 3127 1710 3191 sancti,
1743 3124 1906 3198 quod

250 3216 361 3272 sibi
393 3218 729 3273 attribuunt
760 3218 1068 3281 Armorici,
1102 3222 1312 3288 postea
1352 3220 1562 3288 agetur
1601 3231 1709 3269 suo
1752 3214 1905 3268 loco.

252 3309 372 3366 Leo
405 3306 694 3365 Ostiensis
712 3308 769 3362 in
802 3305 1092 3362 Chronico
1113 3303 1440 3368 Casinensi,
1475 3304 1576 3358 lib.
1611 3318 1671 3372 ιι,
1694 3318 1826 3373 cap.
1849 3302 1901 3366 5,

251 3402 331 3459 ad
362 3398 736 3473 propositum
756 3400 1029 3452 nostrum
1052 3395 1179 3450 hac
1201 3393 1405 3449 scribit
1438 3409 1451 3448 :
1481 3393 1697 3459 Quinto
1722 3391 1907 3462 hujus

253 3492 492 3549 abbatis
518 3486 821 3557 (Aligerni)
849 3499 1032 3549 anno,
1055 3484 1154 3555 qui
1183 3488 1269 3538 est
1286 3498 1322 3539 a
1344 3483 1652 3538 Nativitate
1675 3481 1907 3536 Domini

253 3568 1910 3648 nongentesimusquinquagesimusquartus,beatissimi

257 3665 509 3741 apostoli
526 3668 582 3718 et
596 3662 973 3734 evangelista
1002 3660 1252 3717 Matthasi
1270 3675 1508 3731 corpus,
1527 3658 1691 3730 quod
1715 3656 1912 3729 primo

259 3754 421 3828 apud
448 3751 830 3822 EthiOpiam,
850 3750 951 3803 ubi
972 3755 1026 3802 et
1050 3764 1257 3819 passus
1284 3747 1497 3815 fuerat,
1523 3744 1911 3817 postmodum

262 3850 462 3899 autem
490 3840 652 3911 apud
688 3838 1045 3893 Britanniam
1069 3852 1173 3908 per
1191 3843 1462 3907 tempora
1488 3835 1721 3890 diversa
1751 3832 1914 3906 quie-

261 3935 448 3995 verat,
480 3928 719 3985 tandem
754 3925 1025 3996 ejusdem
1058 3926 1243 3980 sancti
1273 3923 1651 3994 evangelistae
1692 3921 1913 3977 revela-

261 4020 423 4078 tione
454 4021 770 4089 repertum,
796 4020 973 4087 atque
994 4013 1053 4069 in
1083 4014 1393 4070 Salernum
1421 4013 1772 4069 translatum
1803 4017 1909 4067 est.

261 4108 571 4171 Baronius,
597 4108 698 4180 qui
739 4105 881 4160 data
913 4104 1120 4161 Leonis
1161 4102 1343 4159 verba
1382 4102 1658 4173 allegavit
1688 4101 1763 4156 ad
1811 4115 1913 4156 an-

261 4215 407 4255 num
441 4197 568 4261 954,
594 4211 759 4251 num.
784 4194 840 4261 2,
860 4194 919 4248 in
941 4192 1209 4263 margine
1235 4192 1483 4256 notavit,
1508 4206 1616 4261 pro
1643 4188 1913 4247 vocibus.

262 4287 427 4361 apud
455 4286 842 4352 Britanniam,
876 4282 1022 4338 alias
1047 4281 1183 4351 legi,
1213 4279 1377 4350 apud
1408 4278 1771 4348 Bithyniam.

335 4376 425 4432 65.
453 4380 804 4446 Anonymus
824 4370 1159 4424 Salernitan
1171 4384 1238 4421 us
1264 4367 1325 4421 in
1348 4365 1638 4421 Chronico
1652 4363 1912 4436 cap.143,

268 4465 394 4520 sive
422 4468 564 4518 tom.
619 4461 664 4515 ll
696 4460 1060 4529 Scriptorum
1098 4455 1309 4521 Italia,
1348 4458 1501 4524 part.
1534 4470 1596 4521 ιι,
1637 4452 1749 4508 col.
1790 4456 1913 4519 280,

267 4553 337 4607 de
363 4550 705 4605 inventione
737 4547 817 4601 ita
846 4544 1106 4617 loquitur
1138 4558 1151 4598 :
1186 4561 1213 4594 ‹‹
1239 4542 1301 4597 In
1331 4541 1520 4613 ipsius
1553 4540 1916 4612 temporibus

270 4641 581 4695 inventum
607 4640 697 4691 est
728 4632 1193 4689 sacratissimum
1232 4645 1449 4703 corpus
1482 4631 1538 4684 Β.
1581 4629 1830 4686 Μδῐιῇωἰ
1857 4629 1915 4683 in

273 4724 549 4784 Lucanim
578 4723 818 4789 ﬁnibus,
847 4728 1180 4793 atquecum
1211 4718 1649 4775 debitohonore
1680 4731 1784 4789 per
1792 4720 1919 4786 jus-

273 4816 503 4871 sionem
530 4813 655 4884 jam
676 4811 777 4868 fati
803 4810 1087 4883 principis
1109 4807 1422 4865 Salernum
1447 4805 1778 4862 deducitur.
1807 4804 1918 4861 Sed

272 4909 420 4978 quot
450 4902 621 4973 signa
661 4908 717 4956 et
755 4898 1062 4963 miracula,
1095 4904 1151 4953 et
1179 4897 1489 4970 quomodo
1528 4894 1701 4951 fuerit
1730 4908 1921 4965 reper-

272 5000 424 5059 tum,
451 4990 803 5047 omnimodo
822 4986 1257 5059 nuncpandere
1281 4984 1625 5041 omittimus.
1656 4984 1917 5039 Postmo-

274 5082 443 5146 dum,
477 5082 594 5135 Deo
626 5082 943 5144 annuente,
976 5076 1219 5131 ﬁdeliter
1246 5076 1716 5137 innotescemus,
1744 5077 1923 5143 atque

273 5171 414 5228 huic
430 5167 704 5224 Historiae
724 5170 1037 5222 annectere
1054 5163 1346 5220 faciamus
1379 5162 1540 5218 :Haac
1557 5176 1919 5233 anonymus,

276 5258 389 5315 sub
412 5255 707 5329 Gisulpho
738 5253 1003 5326 principe
1036 5252 1429 5309 Salternitano
1466 5264 1806 5304 memorans
1835 5248 1920 5302 in-

2018 3125 2204 3182 multa
2244 3133 2515 3198 tempora
2566 3127 2811 3182 ecclesia
2865 3128 3230 3184 Salernitana
3268 3125 3485 3182 caelesti
3540 3124 3677 3182 thc-'

2018 3230 2198 3270 sauro
2249 3213 2647 3278 decorabitur,
2697 3221 2875 3286 atque
2937 3215 3013 3269 ad
3066 3231 3372 3271 summum
3415 3212 3660 3270 honoris

2018 3303 2250 3375 apicem
2280 3303 2548 3358 ducetur.
2593 3303 2823 3357 Festum
2851 3316 2987 3357 vero
3042 3302 3213 3358 dictas
3260 3301 3660 3357 translationis

2019 3392 2268 3461 singulis
2300 3390 2641 3463 quibusque
2668 3391 2840 3445 annis
2862 3388 3050 3462 pridie
3077 3393 3273 3446 Nonas
3296 3390 3423 3445 Maii
3451 3387 3664 3446 solem-

2018 3482 2169 3536 niter
2200 3496 2300 3552 per
2324 3484 2461 3535 octo
2499 3479 2627 3534 dies
2655 3479 2918 3551 hymnis,
2952 3480 3105 3534 rosis
3129 3485 3185 3535 et
3222 3477 3494 3546 ﬂoribus,
3540 3493 3662 3533 ma-

2018 3570 2182 3625 ximo
2211 3568 2420 3641 populi
2464 3582 2758 3623 concursu
2802 3567 3176 3623 celebratur:
3229 3567 3661 3638 universusque

2019 3658 2212 3714 clerus
2227 3702 2239 3723 ,
2254 3657 2525 3722 abbates,
2541 3672 2610 3711 ac
2624 3656 3157 3728 comprovinciales
3180 3656 3371 3712 cuncti
3397 3654 3662 3727 episcopi

2021 3746 2230 3819 primis
2262 3745 2541 3817 vesperis,
2577 3760 2685 3800 nec
2712 3760 2830 3800 non
2864 3746 3064 3801 missm
3093 3745 3344 3801 solemni
3383 3743 3663 3800 interesse

2021 3834 2473 3907 compelluntur.
2506 3855 2534 3887 »
2566 3834 2692 3887 Haec
2724 3834 2930 3888 Mazza.
2985 3833 3153 3899 Quod
3195 3838 3395 3888 autem
3436 3835 3673 3904 spectat

2021 3923 2097 3979 ad
2155 3920 2597 3994 praedictionem
2655 3920 2845 3975 sancti
2899 3920 3262 3987 Grammatii,
3296 3935 3431 3975 eam
3486 3919 3662 3974 etiam

2022 4012 2193 4067 refert
2215 4009 2517 4080 Ughellus,
2536 4008 2596 4063 in
2620 4008 3092 4077 Archiepz‘scopis
3115 4006 3528 4070 Salernitanis,
3546 4006 3664 4061 sive

2020 4106 2165 4156 tom.
2195 4101 2307 4163 VII,
2332 4099 2422 4151 col
2453 4097 2555 4150 352
2583 4098 2639 4152 in
2673 4105 2878 4152 sancto
2901 4095 3285 4161 Grammatio,
3314 4095 3415 4166 qui
3440 4094 3663 4150 ibidem

2023 4185 2239 4240 dicitur
2263 4183 2375 4237 coli
2405 4183 2501 4237 die
2535 4185 2591 4236 ll
2628 4183 2899 4239 Octobris
2935 4202 2949 4249 ;
2982 4183 3059 4238 ad
3089 4198 3268 4255 quem
3300 4181 3460 4237 diem
3489 4180 3665 4237 latius

2024 4271 2189 4344 apud
2220 4286 2327 4325 nos
2369 4270 2694 4325 examinari
2727 4270 2957 4342 poterit.
2990 4271 3068 4324 De
3120 4270 3362 4341 reliquis
3401 4267 3667 4325 similiter

2027 4359 2234 4415 Mazza
2260 4346 2581 4414 assentitur
2602 4356 2879 4426 Ughellus
2910 4356 2965 4412 in
2993 4356 3298 4413 Bernardo
3319 4357 3386 4419 ῐῐ,
3415 4356 3507 4412 col
3538 4358 3662 4419 362,

2024 4448 2310 4519 additque
2344 4461 2562 4518 corpus
2592 4445 2851 4501 delatum
2880 4463 3006 4502 esse
3036 4445 3097 4501 in
3137 4445 3448 4502 ecclesiam
3476 4445 3666 4515 majo-

2024 4553 2151 4593 rem
2183 4540 2403 4591 sanctaa
2433 4534 2646 4590 Marias.
2700 4536 2924 4606 Gaspar
2954 4537 3149 4591 Musca
3193 4533 3253 4589 in
3297 4533 3665 4606 Compendio

2026 4627 2169 4683 Vita:
2200 4625 2386 4681 sancti
2426 4623 2675 4679 Matthmi
2716 4623 2791 4678 de
2833 4623 2922 4678 his
2954 4624 3066 4679 ait:
3100 4644 3127 4674 «
3158 4624 3329 4678 Anno
3375 4637 3514 4677 vero
3561 4620 3669 4677 954

2027 4714 2139 4771 sub
2166 4712 2422 4785 Agapito
2444 4712 2715 4781 segundo
2745 4712 2971 4781 (papa),
3004 4711 3335 4766 Bernardus
3364 4708 3675 4766 secundus

2025 4804 2207 4876 hujus
2238 4800 2496 4856 nominis
2535 4799 2875 4871 episcopus,
2917 4815 2986 4854 ac
3026 4798 3342 4870 Gisulphus
3390 4798 3666 4870 princeps

2027 4890 2536 4947 Salernitanorum
2566 4889 2660 4944 die
2691 4893 2857 4944 sexta
2881 4886 3030 4953 Maii,
3060 4903 3275 4959 corpus
3313 4885 3564 4959 apostoli
3593 4890 3665 4941 ex’

2029 4981 2300 5036 Pwstana
2328 4979 2561 5033 civitate
2589 4976 2919 5040 Salernum,
2959 4977 3017 5031 in
3051 4975 3449 5031 cathedralem
3489 4972 3668 5029 eccle-

2030 5068 2181 5123 siam
2249 5066 2363 5122 sub
2437 5064 2733 5122 vocabulo
2773 5066 3003 5121 Sanctae
3055 5063 3247 5120 Marias
3303 5062 3664 5132 Angelorum

2029 5155 2329 5213 transferri
2358 5160 2660 5218 curarunt,
2685 5156 2743 5209 in
2785 5169 2902 5226 qua
2943 5151 3231 5223 requievit
3260 5166 3451 5207 annos
3493 5148 3607 5205 121.
3637 5169 3667 5205 η

2034 5246 2113 5301 De
2142 5244 2254 5301 hac
2284 5242 2667 5299 translatione
2715 5243 2915 5313 itaque
2953 5256 3075 5297 non
3118 5239 3350 5296 videtur
3391 5238 3667 5295 dubitan-

277 5344 789 5412 ventionem,licet
822 5342 880 5397 id
913 5357 1031 5396 non
1049 5339 1475 5411 appareatloco
1492 5334 1927 5407 allegato,quia
2032 5334 2198 5390 dum.

280 5441 468 5493 totum
500 5439 695 5505 caput,
728 5433 787 5487 in
818 5446 936 5504 quo
962 5427 1336 5499 deGisulpho
1365 5426 1576 5498 agitur,
1600 5431 1768 5481 esteo
1795 5426 1925 5480 loco

281 5525 594 5582 omissum.
620 5524 683 5578 ln
698 5519 994 5593 Excerptis
1017 5534 1149 5592 quas
1184 5514 1547 5587 Heremperti
1571 5512 1925 5570 nomineha-

2104 5426 2190 5478 67.
2216 5425 2483 5476 Attamen
2511 5418 2626 5476 alia
2652 5419 2940 5477 nonnulla
2960 5417 3203 5475 veniunt
3240 5415 3667 5482 examinanda,

2035 5526 2170 5584 qua:
2197 5510 2258 5565 in
2297 5510 2559 5580 corporis
2599 5509 2939 5566 inventione
2976 5513 3033 5567 et
3060 5513 3196 5565 ante
3225 5506 3675 5564 translationem
