4124 6270
519 245 612 301 ’191
1857 236 2112 294 MENSlS
2152 235 2162 288 ξ

2274 234 2595 290 ’ΤΕΜΒΕΒ.

3846 230 3960 286 792

533 367 965 426 Salernitanam
991 372 1188 423 narrat
1212 368 1524 433 Marsilius,
1549 361 2169 422 etbreviterlaudatus
2198 359 2245 414 A
2278 359 2525 432 aliquot,
2559 359 2776 433 quibus
2822 358 2977 413 facta
3026 358 3083 411 in
3144 373 3256 410 ms.
3298 355 3484 411 relata
3535 354 3728 425 magis
3787 352 3960 409 ﬁunt

525 460 718 514 Musca
754 457 1092 528 perstringit
1120 456 1212 510 his
1245 456 1444 512 verbis
1480 473 1492 510 :
1532 476 1558 506 ι(
1586 457 1714 520 Quo
1743 461 2005 524 tempore
2033 451 2170 505 bea-

527 546 794 601 tissimus
827 544 1127 615 apostolus
1150 544 1400 615 Pelagite
1428 544 1662 598 cuidam
1692 541 1933 598 moniali
1960 539 2169 594 vetulas

525 633 584 688 in
639 633 867 686 somnis
919 647 1133 703 corpus
1187 649 1358 687 suum
1418 632 1823 694 manifestans,
1872 631 2002 702 ipsa
2050 627 2170 681 ﬁlio

527 719 850 774 Athanasio
883 718 1198 783 monacho,
1224 721 1324 791 qui
1353 721 1407 774 in
1429 721 1593 775 altari
1612 719 1877 792 quodam
1905 734 1939 773 a
1964 716 2172 772 barba-

526 808 605 863 ris
628 807 905 870 diruto,et
925 807 1202 878 vepribus
1222 808 1619 880 undequaque
1633 812 1918 871 contecto,
1935 820 2170 860 sacrum

526 911 744 967 corpus
809 895 1129 966 reperiens,
1175 895 1387 950 exinde
1432 896 1506 950 ad
1561 911 1806 965 parvam
1861 894 2168 949 ecclesiam

530 999 716 1055 prope
744 983 1072 1037 Paestanam
1096 983 1390 1038 civitatem
1417 983 1648 1038 locavit.
1677 986 1817 1038 Hinc
1839 999 1975 1037 vero
1991 983 2174 1036 Joan—

529 1087 634 1127 nes
669 1074 968 1125 Ptestanus
999 1069 1310 1142 episcopus
1343 1071 1417 1126 ad
1445 1072 1844 1128 cathedralem
1877 1069 2172 1126 vocabulo

531 1160 759 1215 Sancta:
811 1158 1002 1213 Marias
1033 1159 1248 1212 eximia
1299 1174 1523 1230 pompa
1566 1160 1916 1230 deportavit.
1963 1180 1989 1207 ιι
2031 1160 2172 1211 Mar-

529 1247 692 1301 silius
750 1261 882 1316 cap.
935 1247 964 1298 7
1009 1262 1128 1300 una
1167 1263 1301 1301 cum
1363 1247 1644 1302 relatione
1686 1264 1797 1302 ms.
1849 1245 2044 1308 habet,
2079 1245 2172 1298 Pe-

527 1334 698 1403 lagia;
727 1335 1076 1406 apparuisse
1097 1340 1369 1390 sanctum
1387 1336 1722 1392 Mattbaeum
1756 1334 1942 1390 tribus
1967 1347 2173 1388 conse-

527 1429 777 1495 quenter
845 1422 1144 1491 noctibus,
1193 1424 1365 1496 eique
1413 1425 1576 1480 varia
1621 1425 1915 1479 indicasse
1975 1423 2167 1492 signa,

527 1510 747 1583 quibus
775 1526 1012 1566 sacrum
1045 1526 1260 1581 corpus
1276 1511 2024 1583 reperiretur,jussisseque
2042 1526 2173 1566 om-

532 1599 630 1653 nia
662 1599 1072 1653 eamindicare
1097 1598 1418 1654 Athanasio
1445 1600 1583 1665 filio,
1618 1607 1828 1655 etcum
1858 1615 1928 1654 eo
1957 1614 2172 1670 corpus

2277 449 2787 520 improbabilia,et
2811 448 3020 515 magis,
3037 461 3220 516 quam
3240 459 3479 500 necesse
3493 449 3602 509 est,
3620 449 3959 499 accusatur

2279 538 2656 592 Athanasius.

2351 629 2437 680 69.
2473 625 2665 689 Quare
2725 624 2834 678 ista
2878 638 3121 694 quoque
3174 637 3242 676 ex
3305 637 3415 676 ms.
3471 621 3588 675 huc
3638 619 3948 675 traduco:

2284 734 2306 763 ι
2344 717 2566 768 Interea
2596 713 2752 768 clam
2794 711 3238 766 sanctissimum
3270 726 3487 780 corpus
3517 709 3954 765 Constantino-

2280 801 2484 872 poleos
2523 802 2749 856 deferre
2778 801 3181 855 meditabatur
3203 801 3277 854 ad
3312 800 3543 864 urbem,
3572 814 3788 854 revera
3823 814 3947 852 non

2279 889 2584 958 religionis
2655 891 2862 959 gratia,
2943 891 3048 943 sed
3105 889 3248 942 lucri
3303 888 3623 959 cupiditate
3678 887 3947 941 illectus.

2281 981 2589 1046 lgnorante
2630 980 2825 1051 itaque
2867 982 3078 1042 matre,
3122 976 3328 1030 tollens
3379 976 3635 1047 apostoli
3685 992 3943 1046 corpus,

2281 1066 2656 1137 Amalphiam
2689 1067 2852 1121 adire
2885 1065 3144 1132 tentavit,
3179 1081 3427 1136 sperans
3455 1080 3517 1118 se
3558 1063 3640 1119 ibi
3685 1064 3944 1135 aliquod

2281 1153 2659 1209 inventurum
2690 1171 2815 1208 esse
2839 1154 3170 1223 navigium,
3195 1169 3318 1225 quo
3352 1153 3942 1222 Constantinopolim

2280 1247 2641 1312 properaret.
2687 1243 2953 1314 Cumque
3004 1243 3250 1297 festinus
3309 1242 3572 1297 lembum
3632 1241 3943 1303 intrasset,

2283 1329 2411 1384 velo
2451 1346 2736 1402 remoque
2785 1331 3107 1386 nitentibus
3149 1331 3366 1392 nautis.
3417 1331 3493 1385 ad
3545 1331 3775 1396 locum,
3822 1346 3943 1402 quo

2279 1419 2674 1490 disposuerat,
2723 1421 2906 1492 pergit
2947 1421 3049 1475 ire.
3086 1421 3196 1476 Sed
3243 1426 3304 1474 ut
3335 1420 3503 1475 navis
3542 1419 3869 1492 paululum
3912 1438 3945 1474 a

2280 1514 2434 1564 terra
2467 1509 2859 1577 discessisset,
2887 1516 3067 1564 ruunt
3095 1510 3338 1579 agmina
3365 1515 3709 1579 ventorum,
3730 1509 3940 1581 pluvia

2281 1602 2335 1653 et
2376 1602 2693 1669 tempestas
2741 1603 2944 1654 exorta
2994 1604 3096 1660 est,
3158 1599 3217 1653 in
3252 1605 3479 1653 tantum
3531 1598 3845 1669 equidem,
3886 1607 3940 1653 ut

526 1703 807 1758 quaerere.
839 1687 1029 1742 Tertia
1064 1694 1261 1742 autem
1292 1695 1479 1752 nocte,
1516 1691 1561 1744 si
1597 1705 1719 1744 rem
1753 1693 1906 1744 recte
1937 1704 2171 1743 enarra-
2201 1695 2247 1752 Β
2282 1686 2377 1741 vix
2410 1686 2486 1741 ad
2528 1693 2788 1758 portum,
2839 1704 3021 1759 quem
3068 1687 3405 1758 reliquerat,
3459 1692 3774 1741 remearet.
3822 1688 3937 1741 Hoc

526 1772 609 1827 vit
636 1780 858 1842 auctor,
890 1775 1100 1830 eadem
1133 1776 1280 1830 visio
1320 1781 1594 1848 apparuit
1633 1777 1805 1831 etiam
1848 1777 2169 1832 Athanasio

527 1862 849 1927 monacho,
868 1867 925 1916 et
949 1863 1181 1935 utrique
1199 1880 1436 1935 poenam
1456 1865 1755 1920 minitatus
1773 1872 1858 1920 est
1874 1881 2170 1936 apparens

525 1949 848 2019 apostolus,
893 1951 1006 2005 nisi
1049 1951 1124 2006 ad
1156 1967 1384 2007 sacrum
1426 1969 1642 2024 corpus
1680 1954 2068 2026 quaerendum
2108 1967 2169 2008 se

525 2038 920 2108 accingerent.
965 2041 1338 2111 Quapropter
1363 2057 1539 2096 mane
1585 2042 1757 2097 simul
1788 2043 2170 2111 egrediuntur

525 2140 631 2197 per
657 2128 815 2181 viam
850 2126 1195 2191 indicatam,
1227 2135 1502 2200 quaerunt
1527 2130 1665 2186 data
1700 2130 1938 2194 indicia,
1975 2136 2030 2185 et
2056 2131 2168 2185 cito

523 2215 845 2284 reperiunt.
874 2216 1172 2270 Fodiendo
1203 2218 1377 2285 igitur
1398 2217 1581 2272 altare
1607 2221 1908 2289 detegunt,
1943 2225 2168 2274 amota-

521 2316 639 2374 que
672 2318 882 2358 mensa
924 2320 1280 2369 marmorea,
1323 2321 1558 2361 sacrum
1590 2323 1807 2379 corpus
1839 2308 2162 2363 inveniunt.

525 2391 640 2444 Hoc
668 2405 808 2444 vero
838 2390 1396 2448 defertAtbanasius
1425 2395 1499 2449 ad
1534 2397 1736 2451 matris
1767 2396 2037 2461 domum,
2062 2397 2166 2451 ibi-

521 2493 638 2548 que
695 2481 988 2534 asservari
1025 2479 1210 2548 jubet,
1252 2482 1441 2553 inquit
1483 2484 1786 2550 Marsilius,
1829 2505 1852 2535 ι
1895 2487 2163 2556 quandiu

521 2565 722 2620 divina
751 2567 1037 2638 quapiam
1071 2569 1424 2624 revelatione
1457 2579 1788 2637 moneatur,
1822 2573 1967 2644 quid
1990 2574 2062 2627 de
2094 2589 2164 2628 eo

520 2653 591 2707 sit
640 2653 921 2725 deinceps
973 2656 1050 2710 ab
1108 2657 1251 2728 ipsis
1283 2659 1606 2726 agendum.
1649 2680 1677 2710 η
1733 2660 1885 2714 Nihil
1937 2661 1995 2714 in
2047 2677 2158 2716 ms.

523 2740 738 2810 legitur
763 2742 836 2795 de
867 2750 1202 2813 exspectata
1217 2745 1329 2800 hac
1356 2747 1730 2811 revelatione,
1757 2749 1898 2802 nihil
1921 2765 2162 2821 quoque

519 2829 592 2884 de
625 2831 910 2884 mandato
933 2833 1205 2902 apostoli,
1231 2834 1392 2905 quod
1413 2836 1696 2890 Marsilius
1710 2839 1936 2903 astruit,
1953 2854 2084 2910 cap.
2105 2841 2158 2901 8,

517 2922 580 2973 ut
610 2931 826 2987 corpus
861 2920 1269 2975 transferretur
1300 2923 1626 2979 Salernum.

590 3004 677 3058 68.
709 3005 1252 3101 Postapparitiones
1271 3011 1931 3079 PelagiaaetAthanasio
1949 3013 2156 3081 factas,
2192 3044 2232 3101 ο

519 3091 578 3147 in
605 3108 860 3164 quarum
895 3095 1099 3150 ultima
1133 3097 1307 3152 minte
1331 3101 1821 3173 erantadjunctze.
1848 3104 1903 3157 in
1934 3120 2047 3158 ms.
2076 3105 2158 3160 in-

517 3181 717 3235 ventio
755 3182 837 3236 sic
894 3183 1138 3239 refertur
1192 3204 1264 3241 :¢
1319 3188 1444 3252 Qua
1493 3190 1950 3247 comminatione
2000 3209 2158 3249 com-

519 3267 725 3338 pulsus
800 3270 1174 3337 Athanasius,
1254 3273 1593 3331 falcastrum
1677 3278 2156 3348 (instrumentum

518 3355 684 3411 falcis
735 3357 917 3412 instar
948 3359 1023 3414 ad
1067 3362 1526 3419 rescindendum
1581 3369 1803 3438 vepres)
1843 3371 2156 3439 arripiens,

517 3445 866 3515 praedictum
901 3447 1010 3502 sibi
1049 3448 1244 3505 locum
1300 3453 1533 3508 curiosa
1576 3455 1952 3523 indagatione
1985 3461 2158 3528 C(Bpil

518 3531 834 3602 inquirere.
872 3535 982 3590 Sed
1029 3536 1076 3591 is
1128 3537 1296 3593 locus
1331 3545 1488 3595 tanta
1537 3549 1659 3598 erat
1701 3545 1967 3616 veprium
2018 3548 2156 3602 den-

519 3619 689 3675 sitate
743 3629 1064 3689 contectus,
1131 3631 1192 3680 ut
1231 3628 1448 3694 nullus,
1487 3647 1607 3702 qua
1656 3631 1884 3702 ingredi
1938 3642 2156 3706 posset,

518 3712 743 3777 pateret
783 3710 997 3765 aditus.
1047 3713 1107 3766 Et
1148 3729 1282 3769 cum
1325 3718 1593 3787 veprium
1639 3721 1991 3778 densitatem
2036 3731 2157 3780 toto

519 3794 652 3849 nisu
709 3797 1055 3864 succideret,
1111 3802 1345 3856 tandem
1394 3820 1602 3861 eversa
1640 3807 1908 3874 ecclesia,
1961 3819 2023 3866 ut
2049 3814 2157 3868 sibi

518 3899 617 3955 per
666 3884 1081 3942 revelationem
1123 3895 1360 3945 ostensa
1405 3890 1615 3958 fuerat,
1651 3895 1837 3950 oculis
1869 3898 2022 3953 illius
2050 3916 2153 3970 ap-

515 3977 684 4061 paret
719 3987 730 4026 :
765 3973 866 4027 sed
901 3972 1102 4041 altare,
1136 3978 1278 4048 quia
1321 3983 1594 4049 congerie
1643 3983 1948 4054 spinarum
1983 3993 2157 4061 atque

517 4059 834 4115 urticarum
869 4061 1198 4119 admodum
1233 4073 1356 4122 erat
1382 4074 1738 4136 contectum,
1783 4075 2026 4132 minime
2053 4059 2159 4149 po-

515 4153 658 4204 terat
690 4148 919 4206 intueri.
953 4152 1111 4208 Tunc
1151 4154 1340 4221 caesis,
1383 4173 1517 4229 quae
1559 4169 1923 4231 supererant,
1968 4148 2155 4238 spinis

513 4253 581 4293 ac
616 4238 900 4303 sentibus,
923 4241 996 4294 ad
1018 4243 1318 4315 quodjam
1348 4245 1950 4317 ﬂagrandidesiderio
1977 4255 2157 4313 inten-

513 4324 711 4393 debat,
746 4327 940 4399 ipsum
970 4332 1145 4388 etiam
1178 4333 1356 4389 altare
1385 4337 1604 4392 invenit
1638 4356 1650 4393 :
1683 4341 1990 4399 inventum
2018 4363 2154 4404 cum

515 4429 736 4483 magna
776 4416 1006 4472 cautela
1040 4435 1301 4476 reserare
1343 4427 1626 4480 tentavit:
1662 4434 1717 4481 et
1755 4435 1818 4483 ut
1873 4447 2154 4500 marmor,

512 4516 636 4571 quo
673 4502 827 4557 idem
861 4504 1043 4559 altare
1074 4513 1196 4560 erat
1227 4515 1521 4578 opertum,
1551 4528 1620 4568 ex
1650 4531 1756 4570 suo
1783 4516 1912 4572 loco
1941 4522 2157 4577 movis-

514 4594 622 4653 set,
667 4589 821 4645 illico
882 4592 1044 4647 locus
1096 4595 1340 4666 quadris
1385 4605 1690 4656 contextus
1737 4603 2041 4678 lateribus,
2095 4611 2153 4665 in

512 4693 634 4750 quo
693 4694 909 4750 corpus
964 4683 1322 4738 sanctissimi
1368 4689 1619 4757 apostoli
1665 4695 1720 4745 et
1781 4697 2154 4763 evangelistaa

512 4766 872 4838 quiescebat,
890 4771 1186 4841 apparuit.
1205 4773 1344 4828 Inde
1358 4775 1713 4833 Athanasius
1727 4785 2154 4843 tremebundus

514 4869 732 4945 corpus
782 4860 1032 4930 apostoli
1087 4861 1389 4931 detegens,
1453 4881 1588 4921 cum
1628 4869 1811 4926 multa
1850 4873 2154 4945 diligentia

514 4943 762 4998 sindone
788 4943 2153 5028 mundainvolvit.suisqueimponenshuiuieris

511 5031 586 5121 ad
629 5035 933 5105 proprium
963 5036 1363 5096 habitaculum
1405 5046 1705 5110 remeavit,
1733 5054 1786 5102 et
1827 5053 2150 5121 pretiosum

513 5118 857 5176 thesaurum
914 5126 1084 5180 matri
1126 5129 1579 5186 custodiendum
1630 5134 1792 5191 dedit
1825 5118 1846 5190 ί
1876 5160 1894 5186 ι
1928 5143 2051 5196 Mox
2093 5143 2150 5198 in

513 5221 624 5293 ms.
661 5211 939 5278 sequitur,
964 5214 1218 5270 voluisse
1243 5217 1632 5276 Athanasium
1650 5225 1839 5293 primo
1866 5229 2148 5286 Constan-

514 5292 840 5388 tinopolim,
897 5298 1110 5355 deinde
1161 5305 1432 5374 Romam,
1482 5326 1617 5364 cum
1653 5292 1837 5367 sacro
1903 5332 2149 5389 corpore

511 5387 820 5446 navigare;
841 5387 942 5437 sed
963 5388 1038 5442 ab
1061 5396 1307 5462 utroque
1325 5395 1524 5452 itinere
1541 5399 1914 5470 impeditum.
1934 5387 2147 5462 Eadem

509 5473 731 5533 narrat,
764 5484 895 5540 cap.
937 5477 986 5537 8,
1039 5479 1336 5545 Marsilius,
1374 5486 1474 5540 sed
1523 5502 1638 5544 non
1674 5490 1799 5546 sine
1851 5494 2146 5566 udjunctis

2278 1775 2374 1830 ille
2415 1775 2728 1830 frustratus
2785 1777 3054 1847 consilio,
3099 1777 3308 1831 iterum
3368 1792 3573 1831 secum
3607 1775 3934 1844 cogitabat,

2277 1864 2532 1936 qualiter
2569 1881 2705 1919 cum
2739 1866 3125 1920 sanctissimo
3157 1881 3406 1936 corpore
3439 1868 3668 1920 Roman
3708 1879 3930 1936 prope-

2277 1957 2432 2008 raret
2463 1970 2476 2007 :
2513 1953 2612 2006 sed
2645 1969 3023 2024 nequaquam
3060 1955 3152 2008 Dei
3187 1954 3370 2008 valuit
3399 1954 3688 2008 obsistere
3721 1952 3933 2007 volun-

2278 2041 2517 2112 tati,qui
2544 2042 2655 2097 tale
2678 2042 2733 2096 in
2769 2043 2878 2097 has
2896 2049 3094 2114 partes
3120 2043 3400 2114 dignatus
3427 2049 3513 2098 est
3530 2043 3930 2098 transmittere

2276 2133 2526 2185 donum.
2561 2134 2706 2186 Nam
2741 2132 2938 2186 denuo
2967 2133 3206 2201 navigio
3237 2133 3927 2205 praeparato,assumptis

2277 2217 2483 2274 validis
2532 2220 2589 2274 in
2644 2206 2996 2291 remigando
3043 2222 3201 2286 viris,
3259 2222 3496 2294 placida
3544 2237 3798 2292 aequora
3846 2227 3925 2275 est

2275 2308 2594 2377 ingressus.
2620 2309 2732 2363 Sed
2765 2316 3088 2382 antequam
3121 2312 3282 2365 littus
3309 2311 3408 2365 vix
3438 2311 3624 2366 oculis
3655 2309 3921 2381 reliquis-

2277 2403 2376 2459 set,
2399 2398 2605 2468 ingens
2638 2399 2892 2464 procella
2930 2401 3126 2454 subito
3156 2401 3371 2472 erupit,
3401 2401 3479 2454 ita
3522 2406 3586 2454 ut
3611 2400 3706 2454 vix
3742 2415 3917 2454 vora-

2275 2487 2470 2556 ginem
2511 2487 2830 2542 evaderent
2873 2488 3089 2560 pelagi.
3137 2491 3422 2559 Tandem,
3471 2489 3754 2558 quamvis
3785 2505 3913 2543 cum

2275 2590 2495 2644 magna
2528 2577 2824 2640 maestitia,
2869 2579 3198 2633 semivivus
3239 2596 3381 2633 suos
3423 2579 3572 2632 redit
3611 2578 3685 2633 ad
3720 2577 3909 2632 ﬁnes:

2273 2679 2531 2735 cumque
2552 2666 2930 2734 cognovisset
2945 2669 3248 2731 veraciter,
3267 2667 3380 2722 sibi
3407 2671 3590 2722 Deum
3609 2667 3904 2732 obsistere,

2271 2759 2326 2806 et
2372 2754 2522 2808 adeo
2550 2760 2755 2809 contra
2804 2771 2864 2810 se
2906 2756 3275 2812 insensibilia
3302 2757 3602 2812 elementa
3629 2772 3900 2828 pugnare,

2271 2841 2328 2894 in
2356 2841 2622 2909 ecclesia,
2655 2859 2788 2914 quae
2833 2860 2951 2898 non
2999 2845 3167 2914 longe
3195 2862 3230 2900 a
3261 2845 3406 2900 cella
3448 2844 3602 2900 illius
3637 2848 3742 2900 sita
3767 2850 3892 2904 erat.

2271 2930 2739 2986 sacratissimum
2761 2932 3461 2989 absconditthesaurum.
3498 2956 3516 2984 ι
3551 2936 3755 2990 Haecin
3775 2949 3890 2994 ms.,

2270 3035 2338 3074 ex
2361 3035 2482 3090 quo
2514 3022 2718 3091 nequit
2749 3027 2906 3076 certo
2947 3022 3161 3095 colligi,
3200 3024 3592 3079 Athanasium
3641 3025 3896 3079 Constan-

2271 3108 2512 3178 tinopoli
2557 3114 2658 3162 aut
2715 3109 2920 3166 Romae
2966 3128 3205 3167 sacrum
3247 3129 3465 3184 corpus
3509 3113 3750 3168 vendere
3805 3126 3896 3163 vo-

2273 3195 2555 3259 luisse,ut
2596 3198 2793 3253 scribit
2835 3200 3141 3255 Marsilius.
3176 3201 3431 3258 Lucrum
3479 3203 3626 3256 enim
3668 3214 3890 3270 sperare

2272 3290 2518 3355 poterat,
2555 3287 2784 3340 etiamsi
2807 3304 3023 3359 corpus
3065 3306 3182 3344 non
3217 3293 3514 3355 venderet,
3546 3306 3612 3345 ex
3651 3290 3889 3342 benevo-

2269 3371 2450 3427 lentia
2481 3379 2534 3427 et
2562 3374 2910 3431 liberalitate
2951 3394 3178 3443 eorum,
3223 3381 3445 3452 quibus
3473 3379 3614 3436 illud
3645 3379 3892 3433 donaret.

2267 3460 2397 3515 Alia
2430 3462 2659 3516 Marsilii
2695 3463 2981 3534 adjuncta
3015 3468 3204 3523 mitto.

2337 3554 2424 3604 70.
2483 3551 2619 3606 Post
2667 3551 2810 3607 data
2858 3555 3041 3612 verba
3073 3563 3283 3612 auctor
3333 3574 3448 3615 ms.
3479 3562 3701 3622 narrat,
3744 3556 3900 3611 inno-

2267 3639 2447 3694 tuisse
2473 3641 2684 3695 Joanni
2731 3644 3013 3714 episcopo
3053 3646 3323 3702 Paestano
3355 3647 3754 3702 inventionem
3787 3659 3897 3699 cor-

2270 3731 2426 3799 poris
2456 3730 2642 3784 sancti
2666 3731 2917 3787 Mattbzei
2941 3753 2956 3803 ;
2978 3750 3239 3806 eumque
3271 3753 3407 3792 cum
3440 3737 3666 3792 clericis
3696 3734 3901 3806 aliquot

2267 3820 2594 3888 perrexisse
2627 3837 2729 3891 per
2750 3838 2956 3878 auram
3009 3825 3272 3896 pluviam
3305 3833 3360 3882 et
3382 3833 3690 3882 ventosam
3735 3825 3806 3880 ad
3830 3823 3901 3878 lo-

2267 3921 2428 3972 cum,
2461 3905 2562 3960 ubi
2611 3908 2942 3977 depositum
2979 3918 3103 3967 erat
3137 3931 3149 3977 ;
3184 3930 3375 3986 eoque
3429 3914 3631 3970 vocari
3666 3914 3898 3983 jussisse

2267 3993 2678 4050 Athanasium.
2712 3999 2896 4063 Hunc,
2926 4000 3027 4055 ubi
3052 4002 3394 4069 advenerat,
3424 4003 3497 4058 de
3525 4005 3761 4058 invento
3788 4016 3898 4056 cor-

2267 4095 2409 4152 pore
2446 4082 2786 4153 interrogat,
2817 4103 2884 4142 ac
2915 4090 3398 4160 tergiversantem
3430 4093 3609 4148 minis
3642 4096 3818 4162 urget,
3851 4092 3897 4143 et

2269 4169 2353 4224 sic
2378 4170 2623 4236 obtinet,
2661 4179 2725 4227 ut
2750 4175 2827 4230 ad
2858 4176 3180 4235 videndum
3205 4197 3439 4237 sacrum
3488 4198 3707 4253 corpus
3737 4181 3893 4236 duca-

2268 4264 2380 4326 tur,
2414 4260 2674 4334 illudque
2699 4279 2832 4319 cum
2868 4267 3091 4322 clericis
3115 4271 3329 4325 videat.
3363 4291 3389 4322 ‹‹
3424 4273 3747 4343 Episcopus
3773 4282 3891 4323 vero

2268 4348 2345 4403 ait
2371 4355 2593 4416 auctor,
2624 4369 2861 4408 sacrum
2896 4359 3272 4428 corpus(jam
3298 4359 3775 4430 visum)sindone
3800 4357 3888 4411 ite-

2269 4454 2398 4492 rum
2432 4439 2763 4497 involutum
2785 4444 2990 4500 annuli
3011 4447 3102 4501 sui
3125 4448 3519 4520 impressione
3545 4444 3877 4517 signavit,si-

2267 4531 2513 4596 gnatum
2543 4528 2600 4583 in
2632 4545 2771 4585 arca
2810 4533 2952 4587 seris
2981 4536 3226 4605 munita,
3255 4537 3461 4607 sigillis
3485 4539 3746 4593 similiter
3769 4547 3884 4590 con-

2267 4616 2517 4684 signata,
2546 4620 2823 4688 reposuit.
2853 4642 2876 4672 υ
2910 4623 3004 4677 His
3030 4623 3222 4692 factis,
3257 4627 3302 4680 si
3343 4627 3640 4682 credimus
3664 4620 3887 4684 auctori,

2263 4705 2430 4773 petiit
2449 4705 2783 4778 episcopus,
2810 4715 2872 4764 ut
2899 4711 3252 4768 Athanasius
3283 4716 3618 4772 monachus
3646 4714 3892 4770 esurien-

2267 4792 2416 4847 tibus
2449 4793 2648 4850 cibum
2705 4805 2989 4867 quaereret
3019 4807 3074 4856 et
3104 4810 3451 4874 apponeret.
3485 4810 3555 4860 At
3612 4805 3705 4860 ille
3748 4804 3891 4859 cibos

2265 4881 2505 4952 quidem
2529 4883 2807 4950 habebat,
2839 4889 2941 4942 sed
2971 4890 3109 4944 vino
3129 4907 3371 4963 prorsus
3398 4893 3653 4949 carebat.
3681 4894 3895 4966 Episco-

2264 4985 2375 5040 pus
2402 4971 2738 5038 igiturinter
2768 4978 3205 5034 comedendum
3235 4981 3618 5052 afferrijussit
3652 4994 3892 5038 vacuum

2262 5059 2593 5128 vasculum,
2626 5064 2784 5134 quod
2817 5067 3095 5121 omnibus
3131 5069 3432 5125 sufficiens
3449 5072 3645 5126 vinum
3681 5069 3892 5129 eﬂ'udit,

2263 5147 2306 5200 si
2343 5163 2476 5200 vera
2509 5156 2709 5205 narrat
2731 5169 3087 5224 anonymus,
3116 5159 3215 5228 qui
3244 5176 3312 5214 ea
3345 5160 3616 5230 pluribus
3647 5158 3892 5232 eirponit.

2263 5235 2549 5289 Marsilius
2569 5253 2703 5292 vero
2730 5241 2900 5310 plura
2918 5245 3092 5299 etiam
3119 5248 3408 5318 adjungit.
3438 5249 3596 5313 Mihi,
3619 5256 3679 5304 ut
3700 5251 3892 5310 fatear,

2260 5324 2462 5378 omnia
2493 5324 2586 5378 illa
2617 5329 2806 5394 magis
2833 5340 3107 5402 suspecta
3141 5344 3277 5390 sunt
3304 5336 3591 5401 falsitatis,
3628 5356 3808 5409 quam
3842 5340 3896 5388 ut

2261 5413 2386 5479 ipsa
2421 5414 2594 5466 verba
2617 5414 2728 5469 huc
2759 5421 3070 5476 transferre
3098 5423 3315 5478 lubeat.
3344 5427 3617 5494 Apertius
3647 5436 3894 5482 estcom-

2262 5504 2545 5565 mentum,
2581 5505 2742 5574 quod
2766 5509 3048 5579 sequitur,
3083 5526 3152 5566 ac
3176 5512 3221 5566 si
3246 5518 3422 5568 noctu
3451 5529 3555 5584 per
3583 5515 3890 5571 fenestram
