  <div class='ocr_page' id='page_1' title='image "/cluster/home/n/w/nwhite01/storage/ocr_20150623/115/mdp.39015028574336/408.png"; bbox 0 0 4124 6270; ppageno 0'>
   <div class='ocr_carea' id='block_1_1' title="bbox 230 278 339 334">
    <p class='ocr_par' dir='ltr' id='par_1_1' title="bbox 230 278 339 334">
     <span class='ocr_line' id='line_1_1' title="bbox 230 278 339 334; baseline 0.018 -2"><span class='ocrx_word' id='word_1_1' title='bbox 230 278 339 334; x_wconf 83' lang='lat'><strong>793</strong></span> 
     </span>
    </p>
   </div>
   <div class='ocr_carea' id='block_1_2' title="bbox 1614 280 2270 344">
    <p class='ocr_par' dir='ltr' id='par_1_2' title="bbox 1614 280 2270 344">
     <span class='ocr_line' id='line_1_2' title="bbox 1614 280 2270 344; baseline 0.008 -7"><span class='ocrx_word' id='word_1_2' title='bbox 1614 280 1770 337; x_wconf 86' lang='lat' dir='ltr'><strong>VITA</strong></span> <span class='ocrx_word' id='word_1_3' title='bbox 1809 280 1869 335; x_wconf 91' lang='lat' dir='ltr'><strong>S.</strong></span> <span class='ocrx_word' id='word_1_4' title='bbox 1912 281 2270 344; x_wconf 69' lang='lat' dir='ltr'><strong>MATTHEI.</strong></span> 
     </span>
    </p>
   </div>
   <div class='ocr_carea' id='block_1_3' title="bbox 3539 287 3644 343">
    <p class='ocr_par' dir='ltr' id='par_1_3' title="bbox 3539 287 3644 343">
     <span class='ocr_line' id='line_1_3' title="bbox 3539 287 3644 343; baseline 0 -1"><span class='ocrx_word' id='word_1_5' title='bbox 3539 290 3570 342; x_wconf 88' lang='lat'><strong>7</strong></span> <span class='ocrx_word' id='word_1_6' title='bbox 3576 287 3644 343; x_wconf 73' lang='grc'><strong>94</strong></span> 
     </span>
    </p>
   </div>
   <div class='ocr_carea' id='block_1_4' title="bbox 229 400 3644 487">
    <p class='ocr_par' dir='ltr' id='par_1_4' title="bbox 229 400 3644 487">
     <span class='ocr_line' id='line_1_4' title="bbox 229 400 3644 487; baseline 0.002 -28"><span class='ocrx_word' id='word_1_7' title='bbox 229 403 293 459; x_wconf 91' lang='lat' dir='ltr'><strong>in</strong></span> <span class='ocrx_word' id='word_1_8' title='bbox 326 401 637 459; x_wconf 82' lang='lat' dir='ltr'><strong>ecclesiam</strong></span> <span class='ocrx_word' id='word_1_9' title='bbox 664 400 991 473; x_wconf 81' lang='lat' dir='ltr'><strong>irrumpere</strong></span> <span class='ocrx_word' id='word_1_10' title='bbox 1016 401 1295 460; x_wconf 89' lang='lat' dir='ltr'><strong>voluisset</strong></span> <span class='ocrx_word' id='word_1_11' title='bbox 1320 403 1705 470; x_wconf 86' lang='lat' dir='ltr'><strong>Athanasius,</strong></span> <span class='ocrx_word' id='word_1_12' title='bbox 1730 410 1783 462; x_wconf 91' lang='lat' dir='ltr'><strong>et</strong></span> <span class='ocrx_word' id='word_1_13' title='bbox 1798 422 1889 462; x_wconf 88' lang='lat' dir='ltr'><strong>sa-</strong></span> <span class='ocrx_word' id='word_1_14' title='bbox 1916 407 1965 461; x_wconf 90' lang='lat' dir='ltr'><strong>A</strong></span> <span class='ocrx_word' id='word_1_15' title='bbox 1998 407 2261 469; x_wconf 78' lang='lat' dir='ltr'><strong>habebat</strong></span> <span class='ocrx_word' id='word_1_16' title='bbox 2290 414 2492 481; x_wconf 86' lang='lat' dir='ltr'><strong>ﬁliam,</strong></span> <span class='ocrx_word' id='word_1_17' title='bbox 2526 416 2695 487; x_wconf 88' lang='lat' dir='ltr'><strong>cujus</strong></span> <span class='ocrx_word' id='word_1_18' title='bbox 2724 416 2952 471; x_wconf 83' lang='lat' dir='ltr'><strong>viscera</strong></span> <span class='ocrx_word' id='word_1_19' title='bbox 2967 418 3087 472; x_wconf 88' lang='lat' dir='ltr'><strong>tam</strong></span> <span class='ocrx_word' id='word_1_20' title='bbox 3110 412 3644 483; x_wconf 90' lang='lat' dir='ltr'><strong>gravibuscontor-</strong></span> 
     </span>
    </p>
   </div>
   <div class='ocr_carea' id='block_1_5' title="bbox 231 488 1889 563">
    <p class='ocr_par' dir='ltr' id='par_1_5' title="bbox 231 488 1889 563">
     <span class='ocr_line' id='line_1_5' title="bbox 231 488 1889 563; baseline 0.001 -16"><span class='ocrx_word' id='word_1_21' title='bbox 231 507 401 547; x_wconf 94' lang='lat' dir='ltr'><strong>crum</strong></span> <span class='ocrx_word' id='word_1_22' title='bbox 437 506 655 561; x_wconf 91' lang='lat' dir='ltr'><strong>corpus</strong></span> <span class='ocrx_word' id='word_1_23' title='bbox 687 488 840 544; x_wconf 88' lang='lat' dir='ltr'><strong>clam</strong></span> <span class='ocrx_word' id='word_1_24' title='bbox 887 489 1007 545; x_wconf 91' lang='lat' dir='ltr'><strong>alio</strong></span> <span class='ocrx_word' id='word_1_25' title='bbox 1037 489 1364 563; x_wconf 85' lang='lat' dir='ltr'><strong>deportare.</strong></span> <span class='ocrx_word' id='word_1_26' title='bbox 1396 491 1582 563; x_wconf 59' lang='lat' dir='ltr'><strong>[Eque</strong></span> <span class='ocrx_word' id='word_1_27' title='bbox 1614 494 1889 550; x_wconf 83' lang='lat' dir='ltr'><strong>fabulosa</strong></span> 
     </span>
    </p>
   </div>
   <div class='ocr_carea' id='block_1_6' title="bbox 231 578 1888 648">
    <p class='ocr_par' dir='ltr' id='par_1_6' title="bbox 231 578 1888 648">
     <span class='ocr_line' id='line_1_6' title="bbox 231 578 1888 648; baseline 0.002 -13"><span class='ocrx_word' id='word_1_28' title='bbox 231 581 503 635; x_wconf 90' lang='lat' dir='ltr'><strong>videntur</strong></span> <span class='ocrx_word' id='word_1_29' title='bbox 535 578 816 648; x_wconf 90' lang='lat' dir='ltr'><strong>adjuncta</strong></span> <span class='ocrx_word' id='word_1_30' title='bbox 843 579 1047 633; x_wconf 87' lang='lat' dir='ltr'><strong>omnia</strong></span> <span class='ocrx_word' id='word_1_31' title='bbox 1074 580 1474 637; x_wconf 78' lang='lat' dir='ltr'><strong>translationis</strong></span> <span class='ocrx_word' id='word_1_32' title='bbox 1504 583 1577 637; x_wconf 92' lang='lat' dir='ltr'><strong>ad</strong></span> <span class='ocrx_word' id='word_1_33' title='bbox 1593 583 1888 638; x_wconf 89' lang='lat' dir='ltr'><strong>civitatem</strong></span> 
     </span>
    </p>
   </div>
   <div class='ocr_carea' id='block_1_7' title="bbox 232 666 1889 741">
    <p class='ocr_par' dir='ltr' id='par_1_7' title="bbox 232 666 1889 741">
     <span class='ocr_line' id='line_1_7' title="bbox 232 666 1889 741; baseline 0.001 -17"><span class='ocrx_word' id='word_1_34' title='bbox 232 668 780 739; x_wconf 87' lang='lat' dir='ltr'><strong>Caputaquensem.</strong></span> <span class='ocrx_word' id='word_1_35' title='bbox 810 666 1007 739; x_wconf 87' lang='lat' dir='ltr'><strong>Itaque</strong></span> <span class='ocrx_word' id='word_1_36' title='bbox 1033 667 1271 723; x_wconf 90' lang='lat' dir='ltr'><strong>omissis</strong></span> <span class='ocrx_word' id='word_1_37' title='bbox 1298 670 1541 741; x_wconf 89' lang='lat' dir='ltr'><strong>reliquis</strong></span> <span class='ocrx_word' id='word_1_38' title='bbox 1566 671 1773 726; x_wconf 92' lang='lat' dir='ltr'><strong>ultima</strong></span> <span class='ocrx_word' id='word_1_39' title='bbox 1796 685 1889 726; x_wconf 85' lang='lat' dir='ltr'><strong>so-</strong></span> 
     </span>
    </p>
   </div>
   <div class='ocr_carea' id='block_1_8' title="bbox 231 755 1890 833">
    <p class='ocr_par' dir='ltr' id='par_1_8' title="bbox 231 755 1890 833">
     <span class='ocr_line' id='line_1_8' title="bbox 231 755 1890 833; baseline 0.002 -20"><span class='ocrx_word' id='word_1_40' title='bbox 231 757 355 813; x_wconf 89' lang='lat' dir='ltr'><strong>lum</strong></span> <span class='ocrx_word' id='word_1_41' title='bbox 389 756 567 813; x_wconf 88' lang='lat' dir='ltr'><strong>verba</strong></span> <span class='ocrx_word' id='word_1_42' title='bbox 598 755 939 827; x_wconf 90' lang='lat' dir='ltr'><strong>subjungo:</strong></span> <span class='ocrx_word' id='word_1_43' title='bbox 974 776 1001 808; x_wconf 76' lang='grc' dir='ltr'>α</span> <span class='ocrx_word' id='word_1_44' title='bbox 1032 758 1322 825; x_wconf 87' lang='lat' dir='ltr'><strong>Castrum,</strong></span> <span class='ocrx_word' id='word_1_45' title='bbox 1364 760 1457 815; x_wconf 90' lang='lat' dir='ltr'><strong>cui</strong></span> <span class='ocrx_word' id='word_1_46' title='bbox 1491 762 1678 832; x_wconf 87' lang='lat' dir='ltr'><strong>Caput</strong></span> <span class='ocrx_word' id='word_1_47' title='bbox 1708 762 1890 833; x_wconf 82' lang='lat' dir='ltr'><strong>Aquis</strong></span> 
     </span>
    </p>
   </div>
   <div class='ocr_carea' id='block_1_9' title="bbox 234 846 1889 919">
    <p class='ocr_par' dir='ltr' id='par_1_9' title="bbox 234 846 1889 919">
     <span class='ocr_line' id='line_1_9' title="bbox 234 846 1889 919; baseline 0.002 -17"><span class='ocrx_word' id='word_1_48' title='bbox 234 861 455 902; x_wconf 88' lang='lat' dir='ltr'><strong>nomen</strong></span> <span class='ocrx_word' id='word_1_49' title='bbox 486 850 592 912; x_wconf 91' lang='lat' dir='ltr'><strong>est,</strong></span> <span class='ocrx_word' id='word_1_50' title='bbox 625 846 1042 913; x_wconf 89' lang='lat' dir='ltr'><strong>ascenderunt,</strong></span> <span class='ocrx_word' id='word_1_51' title='bbox 1074 851 1251 919; x_wconf 87' lang='lat' dir='ltr'><strong>atque</strong></span> <span class='ocrx_word' id='word_1_52' title='bbox 1283 848 1339 903; x_wconf 91' lang='lat' dir='ltr'><strong>in</strong></span> <span class='ocrx_word' id='word_1_53' title='bbox 1369 848 1617 904; x_wconf 65' lang='lat' dir='ltr'><strong>ecclesia</strong></span> <span class='ocrx_word' id='word_1_54' title='bbox 1674 856 1889 906; x_wconf 68' lang='lat' dir='ltr'><strong>sanctae</strong></span> 
     </span>
    </p>
   </div>
   <div class='ocr_carea' id='block_1_10' title="bbox 235 934 1888 1011">
    <p class='ocr_par' dir='ltr' id='par_1_10' title="bbox 235 934 1888 1011">
     <span class='ocr_line' id='line_1_10' title="bbox 235 934 1888 1011; baseline 0.002 -22"><span class='ocrx_word' id='word_1_55' title='bbox 235 934 490 1005; x_wconf 80' lang='lat' dir='ltr'><strong>Virginis</strong></span> <span class='ocrx_word' id='word_1_56' title='bbox 523 935 734 1000; x_wconf 59' lang='lat' dir='ltr'><strong>Maria,</strong></span> <span class='ocrx_word' id='word_1_57' title='bbox 769 935 826 989; x_wconf 89' lang='lat' dir='ltr'><strong>in</strong></span> <span class='ocrx_word' id='word_1_58' title='bbox 859 949 980 1007; x_wconf 91' lang='lat' dir='ltr'><strong>qua</strong></span> <span class='ocrx_word' id='word_1_59' title='bbox 1020 935 1301 1008; x_wconf 67' lang='lat' dir='ltr'><strong>praefatus</strong></span> <span class='ocrx_word' id='word_1_60' title='bbox 1328 937 1649 1011; x_wconf 88' lang='lat' dir='ltr'><strong>episcopus</strong></span> <span class='ocrx_word' id='word_1_61' title='bbox 1676 955 1888 1011; x_wconf 70' lang='lat' dir='ltr'><strong>praesu-</strong></span> 
     </span>
    </p>
   </div>
   <div class='ocr_carea' id='block_1_11' title="bbox 228 1022 1884 1100">
    <p class='ocr_par' dir='ltr' id='par_1_11' title="bbox 228 1022 1884 1100">
     <span class='ocr_line' id='line_1_11' title="bbox 228 1022 1884 1100; baseline 0.001 -22"><span class='ocrx_word' id='word_1_62' title='bbox 228 1022 416 1078; x_wconf 90' lang='lat' dir='ltr'><strong>latum</strong></span> <span class='ocrx_word' id='word_1_63' title='bbox 442 1022 703 1093; x_wconf 90' lang='lat' dir='ltr'><strong>regebat,</strong></span> <span class='ocrx_word' id='word_1_64' title='bbox 720 1039 856 1079; x_wconf 92' lang='lat' dir='ltr'><strong>cum</strong></span> <span class='ocrx_word' id='word_1_65' title='bbox 875 1025 1037 1079; x_wconf 90' lang='lat' dir='ltr'><strong>omni</strong></span> <span class='ocrx_word' id='word_1_66' title='bbox 1058 1027 1384 1081; x_wconf 90' lang='lat' dir='ltr'><strong>reverentia</strong></span> <span class='ocrx_word' id='word_1_67' title='bbox 1412 1027 1830 1100; x_wconf 90' lang='lat' dir='ltr'><strong>deposuerunt.</strong></span> <span class='ocrx_word' id='word_1_68' title='bbox 1855 1049 1884 1081; x_wconf 89' lang='lat'>»</span> 
     </span>
    </p>
   </div>
   <div class='ocr_carea' id='block_1_12' title="bbox 233 1111 1881 1187">
    <p class='ocr_par' dir='ltr' id='par_1_12' title="bbox 233 1111 1881 1187">
     <span class='ocr_line' id='line_1_12' title="bbox 233 1111 1881 1187; baseline 0.004 -21"><span class='ocrx_word' id='word_1_69' title='bbox 233 1113 313 1167; x_wconf 82' lang='lat' dir='ltr'><strong>Ex</strong></span> <span class='ocrx_word' id='word_1_70' title='bbox 370 1111 464 1167; x_wconf 91' lang='lat' dir='ltr'><strong>his</strong></span> <span class='ocrx_word' id='word_1_71' title='bbox 518 1111 735 1177; x_wconf 89' lang='lat' dir='ltr'><strong>verbis,</strong></span> <span class='ocrx_word' id='word_1_72' title='bbox 794 1113 839 1166; x_wconf 92' lang='lat' dir='ltr'><strong>si</strong></span> <span class='ocrx_word' id='word_1_73' title='bbox 893 1113 1040 1184; x_wconf 90' lang='lat' dir='ltr'><strong>quid</strong></span> <span class='ocrx_word' id='word_1_74' title='bbox 1109 1114 1330 1181; x_wconf 90' lang='lat' dir='ltr'><strong>valent,</strong></span> <span class='ocrx_word' id='word_1_75' title='bbox 1387 1121 1533 1171; x_wconf 88' lang='lat' dir='ltr'><strong>recte</strong></span> <span class='ocrx_word' id='word_1_76' title='bbox 1573 1116 1881 1187; x_wconf 78' lang='lat' dir='ltr'><strong>colligitur,</strong></span> 
     </span>
    </p>
   </div>
   <div class='ocr_carea' id='block_1_13' title="bbox 231 1200 1887 1273">
    <p class='ocr_par' dir='ltr' id='par_1_13' title="bbox 231 1200 1887 1273">
     <span class='ocr_line' id='line_1_13' title="bbox 231 1200 1887 1273; baseline 0.005 -19"><span class='ocrx_word' id='word_1_77' title='bbox 231 1200 551 1273; x_wconf 87' lang='lat' dir='ltr'><strong>episcopos</strong></span> <span class='ocrx_word' id='word_1_78' title='bbox 575 1200 887 1257; x_wconf 67' lang='lat' dir='ltr'><strong>Paestanas</strong></span> <span class='ocrx_word' id='word_1_79' title='bbox 910 1206 1039 1271; x_wconf 88' lang='lat' dir='ltr'><strong>jam</strong></span> <span class='ocrx_word' id='word_1_80' title='bbox 1065 1204 1283 1259; x_wconf 70' lang='lat' dir='ltr'><strong>saeculo</strong></span> <span class='ocrx_word' id='word_1_81' title='bbox 1303 1220 1340 1259; x_wconf 73' lang='grc' dir='ltr'><strong><em>ι</em></strong></span> <span class='ocrx_word' id='word_1_82' title='bbox 1360 1205 1724 1261; x_wconf 89' lang='lat' dir='ltr'><strong>resedissein</strong></span> <span class='ocrx_word' id='word_1_83' title='bbox 1749 1206 1887 1262; x_wconf 89' lang='lat' dir='ltr'><strong>civi-</strong></span> 
     </span>
    </p>
   </div>
   <div class='ocr_carea' id='block_1_14' title="bbox 231 1289 1887 1366">
    <p class='ocr_par' dir='ltr' id='par_1_14' title="bbox 231 1289 1887 1366">
     <span class='ocr_line' id='line_1_14' title="bbox 231 1289 1887 1366; baseline 0.005 -23"><span class='ocrx_word' id='word_1_84' title='bbox 231 1293 349 1344; x_wconf 89' lang='lat' dir='ltr'><strong>tate</strong></span> <span class='ocrx_word' id='word_1_85' title='bbox 383 1289 847 1361; x_wconf 89' lang='lat' dir='ltr'><strong>Caputaquensi,</strong></span> <span class='ocrx_word' id='word_1_86' title='bbox 871 1296 927 1345; x_wconf 93' lang='lat' dir='ltr'><strong>et</strong></span> <span class='ocrx_word' id='word_1_87' title='bbox 956 1298 1393 1365; x_wconf 87' lang='lat' dir='ltr'><strong>consequenter</strong></span> <span class='ocrx_word' id='word_1_88' title='bbox 1420 1293 1734 1366; x_wconf 85' lang='lat' dir='ltr'><strong>episcopos</strong></span> <span class='ocrx_word' id='word_1_89' title='bbox 1784 1298 1887 1351; x_wconf 88' lang='lat' dir='ltr'><strong>Ca-</strong></span> 
     </span>
    </p>
   </div>
   <div class='ocr_carea' id='block_1_15' title="bbox 232 1380 1887 1455">
    <p class='ocr_par' dir='ltr' id='par_1_15' title="bbox 232 1380 1887 1455">
     <span class='ocr_line' id='line_1_15' title="bbox 232 1380 1887 1455; baseline 0.004 -24"><span class='ocrx_word' id='word_1_90' title='bbox 232 1383 647 1449; x_wconf 87' lang='lat' dir='ltr'><strong>putaquenses</strong></span> <span class='ocrx_word' id='word_1_91' title='bbox 700 1395 773 1433; x_wconf 77' lang='lat' dir='ltr'><strong>ex</strong></span> <span class='ocrx_word' id='word_1_92' title='bbox 824 1380 1101 1435; x_wconf 70' lang='lat' dir='ltr'><strong>Paastanis</strong></span> <span class='ocrx_word' id='word_1_93' title='bbox 1158 1388 1337 1449; x_wconf 91' lang='lat' dir='ltr'><strong>ortos,</strong></span> <span class='ocrx_word' id='word_1_94' title='bbox 1372 1382 1443 1437; x_wconf 91' lang='lat' dir='ltr'><strong>de</strong></span> <span class='ocrx_word' id='word_1_95' title='bbox 1473 1398 1597 1455; x_wconf 91' lang='lat' dir='ltr'><strong>quo</strong></span> <span class='ocrx_word' id='word_1_96' title='bbox 1650 1382 1887 1438; x_wconf 81' lang='lat' dir='ltr'><strong>dubitat</strong></span> 
     </span>
    </p>
   </div>
   <div class='ocr_carea' id='block_1_16' title="bbox 230 1466 1424 1535">
    <p class='ocr_par' dir='ltr' id='par_1_16' title="bbox 230 1466 1424 1535">
     <span class='ocr_line' id='line_1_16' title="bbox 230 1466 1424 1535; baseline 0.003 -14"><span class='ocrx_word' id='word_1_97' title='bbox 230 1466 541 1535; x_wconf 87' lang='lat' dir='ltr'><strong>Ughellus.</strong></span> <span class='ocrx_word' id='word_1_98' title='bbox 577 1467 791 1521; x_wconf 89' lang='lat' dir='ltr'><strong>Verum</strong></span> <span class='ocrx_word' id='word_1_99' title='bbox 817 1467 891 1522; x_wconf 90' lang='lat' dir='ltr'><strong>ad</strong></span> <span class='ocrx_word' id='word_1_100' title='bbox 925 1484 1048 1522; x_wconf 90' lang='lat' dir='ltr'><strong>rem</strong></span> <span class='ocrx_word' id='word_1_101' title='bbox 1084 1468 1424 1525; x_wconf 59' lang='lat' dir='ltr'><strong>redeamus.</strong></span> 
     </span>
    </p>
   </div>
   <div class='ocr_carea' id='block_1_17' title="bbox 302 1554 1883 1630">
    <p class='ocr_par' dir='ltr' id='par_1_17' title="bbox 302 1554 1883 1630">
     <span class='ocr_line' id='line_1_17' title="bbox 302 1554 1883 1630; baseline 0.004 -23"><span class='ocrx_word' id='word_1_102' title='bbox 302 1555 389 1607; x_wconf 87' lang='lat' dir='ltr'><strong>&#39;lt.</strong></span> <span class='ocrx_word' id='word_1_103' title='bbox 433 1554 719 1610; x_wconf 82' lang='lat' dir='ltr'><strong>Audierat</strong></span> <span class='ocrx_word' id='word_1_104' title='bbox 774 1556 1096 1627; x_wconf 91' lang='lat' dir='ltr'><strong>Gisulphus</strong></span> <span class='ocrx_word' id='word_1_105' title='bbox 1156 1557 1433 1630; x_wconf 89' lang='lat' dir='ltr'><strong>princeps</strong></span> <span class='ocrx_word' id='word_1_106' title='bbox 1478 1558 1883 1615; x_wconf 90' lang='lat' dir='ltr'><strong>Salernitanus</strong></span> 
     </span>
    </p>
   </div>
   <div class='ocr_carea' id='block_1_18' title="bbox 225 1642 1882 1721">
    <p class='ocr_par' dir='ltr' id='par_1_18' title="bbox 225 1642 1882 1721">
     <span class='ocr_line' id='line_1_18' title="bbox 225 1642 1882 1721; baseline 0.004 -25"><span class='ocrx_word' id='word_1_107' title='bbox 225 1642 625 1699; x_wconf 85' lang='lat' dir='ltr'><strong>inventionem</strong></span> <span class='ocrx_word' id='word_1_108' title='bbox 652 1648 709 1698; x_wconf 86' lang='lat' dir='ltr'><strong>et</strong></span> <span class='ocrx_word' id='word_1_109' title='bbox 728 1643 1177 1700; x_wconf 83' lang='lat' dir='ltr'><strong>translationem</strong></span> <span class='ocrx_word' id='word_1_110' title='bbox 1200 1647 1350 1701; x_wconf 86' lang='lat' dir='ltr'><strong>sacri</strong></span> <span class='ocrx_word' id='word_1_111' title='bbox 1373 1649 1660 1718; x_wconf 84' lang='lat' dir='ltr'><strong>corporis,</strong></span> <span class='ocrx_word' id='word_1_112' title='bbox 1692 1663 1882 1721; x_wconf 87' lang='lat' dir='ltr'><strong>eaque</strong></span> 
     </span>
    </p>
   </div>
   <div class='ocr_carea' id='block_1_19' title="bbox 1998 500 3644 575">
    <p class='ocr_par' dir='ltr' id='par_1_19' title="bbox 1998 500 3644 575">
     <span class='ocr_line' id='line_1_19' title="bbox 1998 500 3644 575; baseline 0.001 -22"><span class='ocrx_word' id='word_1_113' title='bbox 1998 500 2330 567; x_wconf 89' lang='lat' dir='ltr'><strong>quebantur</strong></span> <span class='ocrx_word' id='word_1_114' title='bbox 2346 504 2668 569; x_wconf 91' lang='lat' dir='ltr'><strong>doloribus,</strong></span> <span class='ocrx_word' id='word_1_115' title='bbox 2705 509 2765 559; x_wconf 90' lang='lat' dir='ltr'><strong>ut</strong></span> <span class='ocrx_word' id='word_1_116' title='bbox 2795 501 3425 575; x_wconf 91' lang='lat' dir='ltr'><strong>medici,impendendi</strong></span> <span class='ocrx_word' id='word_1_117' title='bbox 3457 514 3644 556; x_wconf 86' lang='lat' dir='ltr'><strong>reme-</strong></span> 
     </span>
    </p>
   </div>
   <div class='ocr_carea' id='block_1_20' title="bbox 1998 586 3642 658">
    <p class='ocr_par' dir='ltr' id='par_1_20' title="bbox 1998 586 3642 658">
     <span class='ocr_line' id='line_1_20' title="bbox 1998 586 3642 658; baseline 0.001 -17"><span class='ocrx_word' id='word_1_118' title='bbox 1998 586 2078 642; x_wconf 92' lang='lat' dir='ltr'><strong>dii</strong></span> <span class='ocrx_word' id='word_1_119' title='bbox 2105 605 2291 647; x_wconf 89' lang='lat' dir='ltr'><strong>causa</strong></span> <span class='ocrx_word' id='word_1_120' title='bbox 2320 593 2678 658; x_wconf 88' lang='lat' dir='ltr'><strong>laborantes,</strong></span> <span class='ocrx_word' id='word_1_121' title='bbox 2695 593 2923 648; x_wconf 93' lang='lat' dir='ltr'><strong>nullum</strong></span> <span class='ocrx_word' id='word_1_122' title='bbox 2948 590 3490 647; x_wconf 88' lang='lat' dir='ltr'><strong>valerentconferre</strong></span> <span class='ocrx_word' id='word_1_123' title='bbox 3504 588 3642 643; x_wconf 83' lang='lat' dir='ltr'><strong>sub-</strong></span> 
     </span>
    </p>
   </div>
   <div class='ocr_carea' id='block_1_21' title="bbox 2000 676 3636 751">
    <p class='ocr_par' dir='ltr' id='par_1_21' title="bbox 2000 676 3636 751">
     <span class='ocr_line' id='line_1_21' title="bbox 2000 676 3636 751; baseline 0.001 -21"><span class='ocrx_word' id='word_1_124' title='bbox 2000 676 2242 734; x_wconf 88' lang='lat' dir='ltr'><strong>sidium.</strong></span> <span class='ocrx_word' id='word_1_125' title='bbox 2272 681 2412 751; x_wconf 90' lang='lat' dir='ltr'><strong>Ejus</strong></span> <span class='ocrx_word' id='word_1_126' title='bbox 2429 682 2722 737; x_wconf 89' lang='lat' dir='ltr'><strong>cruciatus</strong></span> <span class='ocrx_word' id='word_1_127' title='bbox 2755 688 2943 737; x_wconf 89' lang='lat' dir='ltr'><strong>mater</strong></span> <span class='ocrx_word' id='word_1_128' title='bbox 2964 697 3081 735; x_wconf 88' lang='lat' dir='ltr'><strong>non</strong></span> <span class='ocrx_word' id='word_1_129' title='bbox 3105 679 3423 743; x_wconf 82' lang='lat' dir='ltr'><strong>sustinens,</strong></span> <span class='ocrx_word' id='word_1_130' title='bbox 3454 678 3636 732; x_wconf 81' lang='lat' dir='ltr'><strong>ﬁliam</strong></span> 
     </span>
    </p>
   </div>
   <div class='ocr_carea' id='block_1_22' title="bbox 1999 765 3639 843">
    <p class='ocr_par' dir='ltr' id='par_1_22' title="bbox 1999 765 3639 843">
     <span class='ocr_line' id='line_1_22' title="bbox 1999 765 3639 843; baseline -0.001 -23"><span class='ocrx_word' id='word_1_131' title='bbox 1999 765 2075 820; x_wconf 92' lang='lat' dir='ltr'><strong>ad</strong></span> <span class='ocrx_word' id='word_1_132' title='bbox 2106 783 2323 841; x_wconf 89' lang='lat' dir='ltr'><strong>corpus</strong></span> <span class='ocrx_word' id='word_1_133' title='bbox 2356 770 2608 843; x_wconf 91' lang='lat' dir='ltr'><strong>apostoli</strong></span> <span class='ocrx_word' id='word_1_134' title='bbox 2640 769 2864 834; x_wconf 82' lang='lat' dir='ltr'><strong>detulit,</strong></span> <span class='ocrx_word' id='word_1_135' title='bbox 2908 769 3009 825; x_wconf 92' lang='lat' dir='ltr'><strong>ubi</strong></span> <span class='ocrx_word' id='word_1_136' title='bbox 3040 768 3391 839; x_wconf 87' lang='lat' dir='ltr'><strong>lacrymosis</strong></span> <span class='ocrx_word' id='word_1_137' title='bbox 3421 765 3639 821; x_wconf 90' lang='lat' dir='ltr'><strong>oblatis</strong></span> 
     </span>
    </p>
   </div>
   <div class='ocr_carea' id='block_1_23' title="bbox 2000 855 3638 930">
    <p class='ocr_par' dir='ltr' id='par_1_23' title="bbox 2000 855 3638 930">
     <span class='ocr_line' id='line_1_23' title="bbox 2000 855 3638 930; baseline -0.001 -21"><span class='ocrx_word' id='word_1_138' title='bbox 2000 856 2297 926; x_wconf 88' lang='lat' dir='ltr'><strong>precibus,</strong></span> <span class='ocrx_word' id='word_1_139' title='bbox 2335 858 2588 915; x_wconf 90' lang='lat' dir='ltr'><strong>salutem</strong></span> <span class='ocrx_word' id='word_1_140' title='bbox 2637 866 2807 925; x_wconf 65' lang='lat' dir='ltr'><strong>natae,</strong></span> <span class='ocrx_word' id='word_1_141' title='bbox 2860 874 3042 930; x_wconf 89' lang='lat' dir='ltr'><strong>quam</strong></span> <span class='ocrx_word' id='word_1_142' title='bbox 3085 857 3307 928; x_wconf 81' lang='lat' dir='ltr'><strong>ingenti</strong></span> <span class='ocrx_word' id='word_1_143' title='bbox 3345 855 3638 909; x_wconf 92' lang='lat' dir='ltr'><strong>desiderio</strong></span> 
     </span>
    </p>
   </div>
   <div class='ocr_carea' id='block_1_24' title="bbox 1996 942 3638 1019">
    <p class='ocr_par' dir='ltr' id='par_1_24' title="bbox 1996 942 3638 1019">
     <span class='ocr_line' id='line_1_24' title="bbox 1996 942 3638 1019; baseline -0.002 -18"><span class='ocrx_word' id='word_1_144' title='bbox 1996 945 2402 1017; x_wconf 86' lang='lat' dir='ltr'><strong>postulabant,</strong></span> <span class='ocrx_word' id='word_1_145' title='bbox 2434 948 2652 1003; x_wconf 90' lang='lat' dir='ltr'><strong>meruit</strong></span> <span class='ocrx_word' id='word_1_146' title='bbox 2684 947 3021 1019; x_wconf 86' lang='lat' dir='ltr'><strong>impetrare,</strong></span> <span class='ocrx_word' id='word_1_147' title='bbox 3063 944 3145 1001; x_wconf 88' lang='lat' dir='ltr'><strong>ita</strong></span> <span class='ocrx_word' id='word_1_148' title='bbox 3178 948 3241 999; x_wconf 90' lang='lat' dir='ltr'><strong>ut</strong></span> <span class='ocrx_word' id='word_1_149' title='bbox 3267 959 3404 1015; x_wconf 64' lang='lat' dir='ltr'><strong>qua:</strong></span> <span class='ocrx_word' id='word_1_150' title='bbox 3428 942 3638 998; x_wconf 84' lang='lat' dir='ltr'><strong>alienis</strong></span> 
     </span>
    </p>
   </div>
   <div class='ocr_carea' id='block_1_25' title="bbox 1997 1029 3637 1101">
    <p class='ocr_par' dir='ltr' id='par_1_25' title="bbox 1997 1029 3637 1101">
     <span class='ocr_line' id='line_1_25' title="bbox 1997 1029 3637 1101; baseline -0.003 -12"><span class='ocrx_word' id='word_1_151' title='bbox 1997 1033 2175 1090; x_wconf 89' lang='lat' dir='ltr'><strong>allata</strong></span> <span class='ocrx_word' id='word_1_152' title='bbox 2220 1036 2406 1091; x_wconf 86' lang='lat' dir='ltr'><strong>fuerat</strong></span> <span class='ocrx_word' id='word_1_153' title='bbox 2438 1036 2743 1101; x_wconf 90' lang='lat' dir='ltr'><strong>manibus,</strong></span> <span class='ocrx_word' id='word_1_154' title='bbox 2785 1036 3037 1091; x_wconf 92' lang='lat' dir='ltr'><strong>domum</strong></span> <span class='ocrx_word' id='word_1_155' title='bbox 3088 1048 3224 1090; x_wconf 90' lang='lat' dir='ltr'><strong>cum</strong></span> <span class='ocrx_word' id='word_1_156' title='bbox 3264 1036 3454 1087; x_wconf 91' lang='lat' dir='ltr'><strong>matre</strong></span> <span class='ocrx_word' id='word_1_157' title='bbox 3512 1029 3637 1084; x_wconf 82' lang='lat' dir='ltr'><strong>suis</strong></span> 
     </span>
    </p>
   </div>
   <div class='ocr_carea' id='block_1_26' title="bbox 1998 1124 2711 1192">
    <p class='ocr_par' dir='ltr' id='par_1_26' title="bbox 1998 1124 2711 1192">
     <span class='ocr_line' id='line_1_26' title="bbox 1998 1124 2711 1192; baseline -0.003 -15"><span class='ocrx_word' id='word_1_158' title='bbox 1998 1124 2305 1192; x_wconf 89' lang='lat' dir='ltr'><strong>gressibus</strong></span> <span class='ocrx_word' id='word_1_159' title='bbox 2343 1129 2651 1180; x_wconf 90' lang='lat' dir='ltr'><strong>remearet.</strong></span> <span class='ocrx_word' id='word_1_160' title='bbox 2690 1145 2711 1175; x_wconf 77' lang='grc' dir='ltr'><strong>ι</strong></span> 
     </span>
    </p>
   </div>
   <div class='ocr_carea' id='block_1_27' title="bbox 2065 1209 3637 1282">
    <p class='ocr_par' dir='ltr' id='par_1_27' title="bbox 2065 1209 3637 1282">
     <span class='ocr_line' id='line_1_27' title="bbox 2065 1209 3637 1282; baseline -0.003 -17"><span class='ocrx_word' id='word_1_161' title='bbox 2065 1210 2152 1265; x_wconf 76' lang='grc'><strong>74.</strong></span> <span class='ocrx_word' id='word_1_162' title='bbox 2182 1212 2435 1266; x_wconf 90' lang='lat' dir='ltr'><strong>Tertium</strong></span> <span class='ocrx_word' id='word_1_163' title='bbox 2465 1212 2823 1267; x_wconf 85' lang='lat' dir='ltr'><strong>beneﬁcium</strong></span> <span class='ocrx_word' id='word_1_164' title='bbox 2865 1211 3077 1266; x_wconf 85' lang='lat' dir='ltr'><strong>dicitur</strong></span> <span class='ocrx_word' id='word_1_165' title='bbox 3099 1209 3426 1282; x_wconf 75' lang='lat' dir='ltr'><strong>praestitum</strong></span> <span class='ocrx_word' id='word_1_166' title='bbox 3466 1220 3637 1262; x_wconf 92' lang='lat' dir='ltr'><strong>servo</strong></span> 
     </span>
    </p>
   </div>
   <div class='ocr_carea' id='block_1_28' title="bbox 1996 1295 3637 1370">
    <p class='ocr_par' dir='ltr' id='par_1_28' title="bbox 1996 1295 3637 1370">
     <span class='ocr_line' id='line_1_28' title="bbox 1996 1295 3637 1370; baseline -0.002 -17"><span class='ocrx_word' id='word_1_167' title='bbox 1996 1299 2230 1354; x_wconf 93' lang='lat' dir='ltr'><strong>cuidam</strong></span> <span class='ocrx_word' id='word_1_168' title='bbox 2259 1299 2568 1365; x_wconf 70' lang='lat' dir='ltr'><strong>Rothildaa,</strong></span> <span class='ocrx_word' id='word_1_169' title='bbox 2594 1301 2813 1355; x_wconf 91' lang='lat' dir='ltr'><strong>sororis</strong></span> <span class='ocrx_word' id='word_1_170' title='bbox 2845 1298 3105 1370; x_wconf 90' lang='lat' dir='ltr'><strong>Gisulphi</strong></span> <span class='ocrx_word' id='word_1_171' title='bbox 3141 1298 3422 1369; x_wconf 92' lang='lat' dir='ltr'><strong>principis</strong></span> <span class='ocrx_word' id='word_1_172' title='bbox 3452 1295 3637 1352; x_wconf 89' lang='lat' dir='ltr'><strong>Saler-</strong></span> 
     </span>
    </p>
   </div>
   <div class='ocr_carea' id='block_1_29' title="bbox 1996 1384 3634 1459">
    <p class='ocr_par' dir='ltr' id='par_1_29' title="bbox 1996 1384 3634 1459">
     <span class='ocr_line' id='line_1_29' title="bbox 1996 1384 3634 1459; baseline -0.002 -19"><span class='ocrx_word' id='word_1_173' title='bbox 1996 1387 2200 1451; x_wconf 91' lang='lat' dir='ltr'><strong>nitani,</strong></span> <span class='ocrx_word' id='word_1_174' title='bbox 2234 1387 2499 1443; x_wconf 70' lang='lat' dir='ltr'><strong>etviduaa</strong></span> <span class='ocrx_word' id='word_1_175' title='bbox 2529 1388 2886 1459; x_wconf 86' lang='lat' dir='ltr'><strong>Athenolphi</strong></span> <span class='ocrx_word' id='word_1_176' title='bbox 2906 1386 3190 1459; x_wconf 89' lang='lat' dir='ltr'><strong>principis</strong></span> <span class='ocrx_word' id='word_1_177' title='bbox 3217 1384 3634 1441; x_wconf 86' lang='lat' dir='ltr'><strong>Beneventani.</strong></span> 
     </span>
    </p>
   </div>
   <div class='ocr_carea' id='block_1_30' title="bbox 1993 1473 3637 1546">
    <p class='ocr_par' dir='ltr' id='par_1_30' title="bbox 1993 1473 3637 1546">
     <span class='ocr_line' id='line_1_30' title="bbox 1993 1473 3637 1546; baseline -0.002 -17"><span class='ocrx_word' id='word_1_178' title='bbox 1993 1474 2347 1546; x_wconf 86' lang='lat' dir='ltr'><strong>Athenolphi</strong></span> <span class='ocrx_word' id='word_1_179' title='bbox 2386 1482 2586 1532; x_wconf 90' lang='lat' dir='ltr'><strong>autem</strong></span> <span class='ocrx_word' id='word_1_180' title='bbox 2626 1476 2781 1532; x_wconf 91' lang='lat' dir='ltr'><strong>illius</strong></span> <span class='ocrx_word' id='word_1_181' title='bbox 2804 1477 3164 1531; x_wconf 90' lang='lat' dir='ltr'><strong>mentionem</strong></span> <span class='ocrx_word' id='word_1_182' title='bbox 3207 1473 3429 1529; x_wconf 89' lang='lat' dir='ltr'><strong>invenit</strong></span> <span class='ocrx_word' id='word_1_183' title='bbox 3454 1475 3637 1529; x_wconf 80' lang='lat' dir='ltr'><strong>Mura-</strong></span> 
     </span>
    </p>
   </div>
   <div class='ocr_carea' id='block_1_31' title="bbox 1994 1559 3635 1636">
    <p class='ocr_par' dir='ltr' id='par_1_31' title="bbox 1994 1559 3635 1636">
     <span class='ocr_line' id='line_1_31' title="bbox 1994 1559 3635 1636; baseline -0.002 -17"><span class='ocrx_word' id='word_1_184' title='bbox 1994 1563 2199 1629; x_wconf 91' lang='lat' dir='ltr'><strong>torius,</strong></span> <span class='ocrx_word' id='word_1_185' title='bbox 2233 1564 2288 1618; x_wconf 90' lang='lat' dir='ltr'><strong>in</strong></span> <span class='ocrx_word' id='word_1_186' title='bbox 2333 1565 2667 1621; x_wconf 82' lang='lat' dir='ltr'><strong>Annalibus</strong></span> <span class='ocrx_word' id='word_1_187' title='bbox 2688 1565 2902 1629; x_wconf 57' lang='lat' dir='ltr'><strong>Italia,</strong></span> <span class='ocrx_word' id='word_1_188' title='bbox 2930 1580 3119 1636; x_wconf 91' lang='lat' dir='ltr'><strong>usque</strong></span> <span class='ocrx_word' id='word_1_189' title='bbox 3149 1563 3227 1619; x_wconf 92' lang='lat' dir='ltr'><strong>ad</strong></span> <span class='ocrx_word' id='word_1_190' title='bbox 3253 1578 3481 1617; x_wconf 91' lang='lat' dir='ltr'><strong>annum</strong></span> <span class='ocrx_word' id='word_1_191' title='bbox 3510 1559 3635 1627; x_wconf 77' lang='grc'><strong>940,</strong></span> 
     </span>
    </p>
   </div>
   <div class='ocr_carea' id='block_1_32' title="bbox 1992 1649 3633 1724">
    <p class='ocr_par' dir='ltr' id='par_1_32' title="bbox 1992 1649 3633 1724">
     <span class='ocr_line' id='line_1_32' title="bbox 1992 1649 3633 1724; baseline -0.002 -17"><span class='ocrx_word' id='word_1_192' title='bbox 1992 1653 2073 1707; x_wconf 89' lang='lat' dir='ltr'><strong>ita</strong></span> <span class='ocrx_word' id='word_1_193' title='bbox 2104 1652 2313 1708; x_wconf 90' lang='lat' dir='ltr'><strong>utinde</strong></span> <span class='ocrx_word' id='word_1_194' title='bbox 2325 1652 2625 1723; x_wconf 90' lang='lat' dir='ltr'><strong>conjiciat,</strong></span> <span class='ocrx_word' id='word_1_195' title='bbox 2647 1654 2860 1709; x_wconf 87' lang='lat' dir='ltr'><strong>eodem</strong></span> <span class='ocrx_word' id='word_1_196' title='bbox 2878 1669 3039 1709; x_wconf 91' lang='lat' dir='ltr'><strong>anno</strong></span> <span class='ocrx_word' id='word_1_197' title='bbox 3055 1652 3162 1707; x_wconf 76' lang='grc'><strong>940</strong></span> <span class='ocrx_word' id='word_1_198' title='bbox 3179 1653 3374 1724; x_wconf 90' lang='lat' dir='ltr'><strong>ipsum</strong></span> <span class='ocrx_word' id='word_1_199' title='bbox 3392 1649 3633 1705; x_wconf 90' lang='lat' dir='ltr'><strong>obiisse.</strong></span> 
     </span>
    </p>
   </div>
   <div class='ocr_carea' id='block_1_33' title="bbox 225 1731 3637 1813">
    <p class='ocr_par' dir='ltr' id='par_1_33' title="bbox 225 1731 3637 1813">
     <span class='ocr_line' id='line_1_33' title="bbox 225 1731 3637 1813; baseline 0.001 -26"><span class='ocrx_word' id='word_1_200' title='bbox 225 1731 299 1787; x_wconf 91' lang='lat' dir='ltr'><strong>de</strong></span> <span class='ocrx_word' id='word_1_201' title='bbox 324 1747 527 1787; x_wconf 92' lang='lat' dir='ltr'><strong>causa.</strong></span> <span class='ocrx_word' id='word_1_202' title='bbox 562 1752 589 1785; x_wconf 86' lang='lat'>«</span> <span class='ocrx_word' id='word_1_203' title='bbox 621 1733 875 1788; x_wconf 91' lang='lat' dir='ltr'><strong>Nimium</strong></span> <span class='ocrx_word' id='word_1_204' title='bbox 910 1732 983 1787; x_wconf 91' lang='lat' dir='ltr'><strong>de</strong></span> <span class='ocrx_word' id='word_1_205' title='bbox 1036 1733 1178 1788; x_wconf 90' lang='lat' dir='ltr'><strong>tanti</strong></span> <span class='ocrx_word' id='word_1_206' title='bbox 1226 1735 1487 1790; x_wconf 86' lang='lat' dir='ltr'><strong>thesauri</strong></span> <span class='ocrx_word' id='word_1_207' title='bbox 1542 1736 1881 1792; x_wconf 85' lang='lat' dir='ltr'><strong>inventione</strong></span> <span class='ocrx_word' id='word_1_208' title='bbox 1912 1746 1955 1802; x_wconf 85' lang='grc' dir='ltr'>Β</span> <span class='ocrx_word' id='word_1_209' title='bbox 1991 1739 2124 1795; x_wconf 82' lang='lat' dir='ltr'><strong>Mihi</strong></span> <span class='ocrx_word' id='word_1_210' title='bbox 2176 1756 2419 1796; x_wconf 90' lang='lat' dir='ltr'><strong>necesse</strong></span> <span class='ocrx_word' id='word_1_211' title='bbox 2450 1756 2569 1797; x_wconf 91' lang='lat' dir='ltr'><strong>non</strong></span> <span class='ocrx_word' id='word_1_212' title='bbox 2609 1747 2717 1808; x_wconf 91' lang='lat' dir='ltr'><strong>est,</strong></span> <span class='ocrx_word' id='word_1_213' title='bbox 2750 1747 2988 1813; x_wconf 88' lang='lat' dir='ltr'><strong>tempus</strong></span> <span class='ocrx_word' id='word_1_214' title='bbox 3027 1741 3227 1796; x_wconf 90' lang='lat' dir='ltr'><strong>obitus</strong></span> <span class='ocrx_word' id='word_1_215' title='bbox 3283 1736 3637 1807; x_wconf 80' lang='lat' dir='ltr'><strong>Athenolphi</strong></span> 
     </span>
    </p>
   </div>
   <div class='ocr_carea' id='block_1_34' title="bbox 225 1821 1881 1894">
    <p class='ocr_par' dir='ltr' id='par_1_34' title="bbox 225 1821 1881 1894">
     <span class='ocr_line' id='line_1_34' title="bbox 225 1821 1881 1894; baseline 0.004 -17"><span class='ocrx_word' id='word_1_216' title='bbox 225 1821 488 1891; x_wconf 86' lang='lat' dir='ltr'><strong>gavisus,</strong></span> <span class='ocrx_word' id='word_1_217' title='bbox 518 1822 598 1878; x_wconf 90' lang='lat' dir='ltr'><strong>ait</strong></span> <span class='ocrx_word' id='word_1_218' title='bbox 645 1837 988 1894; x_wconf 88' lang='lat' dir='ltr'><strong>anonymus</strong></span> <span class='ocrx_word' id='word_1_219' title='bbox 1038 1822 1094 1877; x_wconf 91' lang='lat' dir='ltr'><strong>in</strong></span> <span class='ocrx_word' id='word_1_220' title='bbox 1154 1839 1288 1891; x_wconf 91' lang='lat' dir='ltr'><strong>ms.,</strong></span> <span class='ocrx_word' id='word_1_221' title='bbox 1344 1825 1699 1880; x_wconf 87' lang='lat' dir='ltr'><strong>venerabilis</strong></span> <span class='ocrx_word' id='word_1_222' title='bbox 1750 1827 1881 1882; x_wconf 67' lang='lat' dir='ltr'><strong>vitas</strong></span> 
     </span>
    </p>
   </div>
   <div class='ocr_carea' id='block_1_35' title="bbox 223 1910 1878 1985">
    <p class='ocr_par' dir='ltr' id='par_1_35' title="bbox 223 1910 1878 1985">
     <span class='ocr_line' id='line_1_35' title="bbox 223 1910 1878 1985; baseline 0.004 -20"><span class='ocrx_word' id='word_1_223' title='bbox 223 1912 517 1966; x_wconf 86' lang='lat' dir='ltr'><strong>Joannem</strong></span> <span class='ocrx_word' id='word_1_224' title='bbox 552 1910 834 1967; x_wconf 90' lang='lat' dir='ltr'><strong>abbatem</strong></span> <span class='ocrx_word' id='word_1_225' title='bbox 867 1911 1139 1985; x_wconf 90' lang='lat' dir='ltr'><strong>aliosque</strong></span> <span class='ocrx_word' id='word_1_226' title='bbox 1178 1912 1559 1969; x_wconf 89' lang='lat' dir='ltr'><strong>honorabiles</strong></span> <span class='ocrx_word' id='word_1_227' title='bbox 1602 1915 1759 1971; x_wconf 91' lang='lat' dir='ltr'><strong>viros</strong></span> <span class='ocrx_word' id='word_1_228' title='bbox 1803 1916 1878 1971; x_wconf 90' lang='lat' dir='ltr'><strong>ad</strong></span> 
     </span>
    </p>
   </div>
   <div class='ocr_carea' id='block_1_36' title="bbox 228 1999 1881 2076">
    <p class='ocr_par' dir='ltr' id='par_1_36' title="bbox 228 1999 1881 2076">
     <span class='ocr_line' id='line_1_36' title="bbox 228 1999 1881 2076; baseline 0.004 -22"><span class='ocrx_word' id='word_1_229' title='bbox 228 2002 556 2055; x_wconf 73' lang='lat' dir='ltr'><strong>Paestanum</strong></span> <span class='ocrx_word' id='word_1_230' title='bbox 584 1999 796 2055; x_wconf 82' lang='lat' dir='ltr'><strong>direxit</strong></span> <span class='ocrx_word' id='word_1_231' title='bbox 824 2001 1201 2072; x_wconf 75' lang='lat' dir='ltr'><strong>episcopum,</strong></span> <span class='ocrx_word' id='word_1_232' title='bbox 1238 2003 1557 2070; x_wconf 91' lang='lat' dir='ltr'><strong>mandans,</strong></span> <span class='ocrx_word' id='word_1_233' title='bbox 1590 2010 1650 2058; x_wconf 90' lang='lat' dir='ltr'><strong>ut</strong></span> <span class='ocrx_word' id='word_1_234' title='bbox 1685 2009 1881 2076; x_wconf 88' lang='lat' dir='ltr'><strong>patro-</strong></span> 
     </span>
    </p>
   </div>
   <div class='ocr_carea' id='block_1_37' title="bbox 224 2088 1881 2159">
    <p class='ocr_par' dir='ltr' id='par_1_37' title="bbox 224 2088 1881 2159">
     <span class='ocr_line' id='line_1_37' title="bbox 224 2088 1881 2159; baseline 0.004 -16"><span class='ocrx_word' id='word_1_235' title='bbox 224 2088 450 2144; x_wconf 90' lang='lat' dir='ltr'><strong>cinium</strong></span> <span class='ocrx_word' id='word_1_236' title='bbox 484 2089 686 2159; x_wconf 70' lang='lat' dir='ltr'><strong>patriae</strong></span> <span class='ocrx_word' id='word_1_237' title='bbox 739 2088 1121 2146; x_wconf 68' lang='lat' dir='ltr'><strong>Salernitanas</strong></span> <span class='ocrx_word' id='word_1_238' title='bbox 1181 2091 1572 2147; x_wconf 90' lang='lat' dir='ltr'><strong>adinventum</strong></span> <span class='ocrx_word' id='word_1_239' title='bbox 1626 2092 1736 2149; x_wconf 92' lang='lat' dir='ltr'><strong>sibi</strong></span> <span class='ocrx_word' id='word_1_240' title='bbox 1768 2094 1881 2149; x_wconf 91' lang='lat' dir='ltr'><strong>sub</strong></span> 
     </span>
    </p>
   </div>
   <div class='ocr_carea' id='block_1_38' title="bbox 224 2175 1881 2252">
    <p class='ocr_par' dir='ltr' id='par_1_38' title="bbox 224 2175 1881 2252">
     <span class='ocr_line' id='line_1_38' title="bbox 224 2175 1881 2252; baseline 0.003 -20"><span class='ocrx_word' id='word_1_241' title='bbox 224 2178 393 2232; x_wconf 89' lang='lat' dir='ltr'><strong>omni</strong></span> <span class='ocrx_word' id='word_1_242' title='bbox 441 2175 737 2232; x_wconf 85' lang='lat' dir='ltr'><strong>celeritate</strong></span> <span class='ocrx_word' id='word_1_243' title='bbox 789 2180 1231 2234; x_wconf 88' lang='lat' dir='ltr'><strong>transmitteret.</strong></span> <span class='ocrx_word' id='word_1_244' title='bbox 1287 2180 1564 2252; x_wconf 89' lang='lat' dir='ltr'><strong>Sequenti</strong></span> <span class='ocrx_word' id='word_1_245' title='bbox 1617 2198 1757 2237; x_wconf 90' lang='lat' dir='ltr'><strong>vero</strong></span> <span class='ocrx_word' id='word_1_246' title='bbox 1788 2181 1881 2237; x_wconf 91' lang='lat' dir='ltr'><strong>die</strong></span> 
     </span>
    </p>
   </div>
   <div class='ocr_carea' id='block_1_39' title="bbox 226 2264 1883 2337">
    <p class='ocr_par' dir='ltr' id='par_1_39' title="bbox 226 2264 1883 2337">
     <span class='ocr_line' id='line_1_39' title="bbox 226 2264 1883 2337; baseline 0.004 -18"><span class='ocrx_word' id='word_1_247' title='bbox 226 2265 587 2321; x_wconf 87' lang='lat' dir='ltr'><strong>venerabilis</strong></span> <span class='ocrx_word' id='word_1_248' title='bbox 604 2264 819 2330; x_wconf 89' lang='lat' dir='ltr'><strong>abbas,</strong></span> <span class='ocrx_word' id='word_1_249' title='bbox 841 2272 894 2320; x_wconf 93' lang='lat' dir='ltr'><strong>et</strong></span> <span class='ocrx_word' id='word_1_250' title='bbox 925 2266 1183 2337; x_wconf 92' lang='lat' dir='ltr'><strong>quicum</strong></span> <span class='ocrx_word' id='word_1_251' title='bbox 1203 2284 1274 2323; x_wconf 92' lang='lat' dir='ltr'><strong>eo</strong></span> <span class='ocrx_word' id='word_1_252' title='bbox 1294 2269 1460 2324; x_wconf 90' lang='lat' dir='ltr'><strong>missi</strong></span> <span class='ocrx_word' id='word_1_253' title='bbox 1485 2274 1652 2335; x_wconf 90' lang='lat' dir='ltr'><strong>sunt,</strong></span> <span class='ocrx_word' id='word_1_254' title='bbox 1671 2271 1883 2326; x_wconf 69' lang='lat' dir='ltr'><strong>inresti-</strong></span> 
     </span>
    </p>
   </div>
   <div class='ocr_carea' id='block_1_40' title="bbox 226 2352 1883 2431">
    <p class='ocr_par' dir='ltr' id='par_1_40' title="bbox 226 2352 1883 2431">
     <span class='ocr_line' id='line_1_40' title="bbox 226 2352 1883 2431; baseline 0.004 -22"><span class='ocrx_word' id='word_1_255' title='bbox 226 2353 435 2409; x_wconf 91' lang='lat' dir='ltr'><strong>mabili</strong></span> <span class='ocrx_word' id='word_1_256' title='bbox 460 2352 737 2408; x_wconf 88' lang='lat' dir='ltr'><strong>thesauro</strong></span> <span class='ocrx_word' id='word_1_257' title='bbox 765 2354 957 2409; x_wconf 89' lang='lat' dir='ltr'><strong>onusti</strong></span> <span class='ocrx_word' id='word_1_258' title='bbox 982 2362 1372 2413; x_wconf 90' lang='lat' dir='ltr'><strong>revertuntur.</strong></span> <span class='ocrx_word' id='word_1_259' title='bbox 1404 2357 1517 2411; x_wconf 91' lang='lat' dir='ltr'><strong>Sed</strong></span> <span class='ocrx_word' id='word_1_260' title='bbox 1559 2364 1883 2431; x_wconf 91' lang='lat' dir='ltr'><strong>antequam</strong></span> 
     </span>
    </p>
   </div>
   <div class='ocr_carea' id='block_1_41' title="bbox 228 2440 1886 2527">
    <p class='ocr_par' dir='ltr' id='par_1_41' title="bbox 228 2440 1886 2527">
     <span class='ocr_line' id='line_1_41' title="bbox 228 2440 1886 2527; baseline 0.004 -32"><span class='ocrx_word' id='word_1_261' title='bbox 228 2440 437 2496; x_wconf 90' lang='lat' dir='ltr'><strong>urbem</strong></span> <span class='ocrx_word' id='word_1_262' title='bbox 468 2442 712 2513; x_wconf 92' lang='lat' dir='ltr'><strong>propius</strong></span> <span class='ocrx_word' id='word_1_263' title='bbox 743 2442 1116 2527; x_wconf 68' lang='lat' dir='ltr'><strong>accederent,</strong></span> <span class='ocrx_word' id='word_1_264' title='bbox 1152 2460 1269 2499; x_wconf 92' lang='lat' dir='ltr'><strong>una</strong></span> <span class='ocrx_word' id='word_1_265' title='bbox 1300 2461 1434 2499; x_wconf 90' lang='lat' dir='ltr'><strong>cum</strong></span> <span class='ocrx_word' id='word_1_266' title='bbox 1470 2447 1767 2502; x_wconf 91' lang='lat' dir='ltr'><strong>Bernardo</strong></span> <span class='ocrx_word' id='word_1_267' title='bbox 1794 2463 1886 2502; x_wconf 80' lang='lat' dir='ltr'><strong>ve-</strong></span> 
     </span>
    </p>
   </div>
   <div class='ocr_carea' id='block_1_42' title="bbox 225 2527 1880 2605">
    <p class='ocr_par' dir='ltr' id='par_1_42' title="bbox 225 2527 1880 2605">
     <span class='ocr_line' id='line_1_42' title="bbox 225 2527 1880 2605; baseline 0.005 -22"><span class='ocrx_word' id='word_1_268' title='bbox 225 2529 494 2584; x_wconf 89' lang='lat' dir='ltr'><strong>nerando</strong></span> <span class='ocrx_word' id='word_1_269' title='bbox 531 2527 781 2600; x_wconf 71' lang='lat' dir='ltr'><strong>praesule</strong></span> <span class='ocrx_word' id='word_1_270' title='bbox 835 2535 957 2585; x_wconf 93' lang='lat' dir='ltr'><strong>tota</strong></span> <span class='ocrx_word' id='word_1_271' title='bbox 997 2532 1199 2587; x_wconf 83' lang='lat' dir='ltr'><strong>civitas</strong></span> <span class='ocrx_word' id='word_1_272' title='bbox 1257 2534 1498 2588; x_wconf 89' lang='lat' dir='ltr'><strong>obviam</strong></span> <span class='ocrx_word' id='word_1_273' title='bbox 1542 2536 1732 2605; x_wconf 86' lang='lat' dir='ltr'><strong>pergit</strong></span> <span class='ocrx_word' id='word_1_274' title='bbox 1777 2535 1880 2591; x_wconf 89' lang='lat' dir='ltr'><strong>ire.</strong></span> 
     </span>
    </p>
   </div>
   <div class='ocr_carea' id='block_1_43' title="bbox 227 2617 1883 2693">
    <p class='ocr_par' dir='ltr' id='par_1_43' title="bbox 227 2617 1883 2693">
     <span class='ocr_line' id='line_1_43' title="bbox 227 2617 1883 2693; baseline 0.002 -20"><span class='ocrx_word' id='word_1_275' title='bbox 227 2618 334 2673; x_wconf 91' lang='lat' dir='ltr'><strong>Ubi</strong></span> <span class='ocrx_word' id='word_1_276' title='bbox 367 2622 567 2673; x_wconf 91' lang='lat' dir='ltr'><strong>autem</strong></span> <span class='ocrx_word' id='word_1_277' title='bbox 595 2617 991 2690; x_wconf 78' lang='lat' dir='ltr'><strong>apostolicum</strong></span> <span class='ocrx_word' id='word_1_278' title='bbox 1035 2636 1247 2691; x_wconf 91' lang='lat' dir='ltr'><strong>corpus</strong></span> <span class='ocrx_word' id='word_1_279' title='bbox 1273 2621 1470 2693; x_wconf 90' lang='lat' dir='ltr'><strong>adepti</strong></span> <span class='ocrx_word' id='word_1_280' title='bbox 1522 2626 1682 2689; x_wconf 88' lang='lat' dir='ltr'><strong>sunt,</strong></span> <span class='ocrx_word' id='word_1_281' title='bbox 1719 2627 1883 2678; x_wconf 85' lang='lat' dir='ltr'><strong>tento</strong></span> 
     </span>
    </p>
   </div>
   <div class='ocr_carea' id='block_1_44' title="bbox 226 2706 1881 2779">
    <p class='ocr_par' dir='ltr' id='par_1_44' title="bbox 226 2706 1881 2779">
     <span class='ocr_line' id='line_1_44' title="bbox 226 2706 1881 2779; baseline 0.004 -18"><span class='ocrx_word' id='word_1_282' title='bbox 226 2706 584 2778; x_wconf 90' lang='lat' dir='ltr'><strong>repletisunt</strong></span> <span class='ocrx_word' id='word_1_283' title='bbox 605 2708 842 2779; x_wconf 87' lang='lat' dir='ltr'><strong>gaudio,</strong></span> <span class='ocrx_word' id='word_1_284' title='bbox 877 2714 941 2763; x_wconf 93' lang='lat' dir='ltr'><strong>ut</strong></span> <span class='ocrx_word' id='word_1_285' title='bbox 959 2714 1125 2777; x_wconf 90' lang='lat' dir='ltr'><strong>gestu</strong></span> <span class='ocrx_word' id='word_1_286' title='bbox 1153 2710 1461 2765; x_wconf 89' lang='lat' dir='ltr'><strong>etvocibus</strong></span> <span class='ocrx_word' id='word_1_287' title='bbox 1486 2712 1881 2767; x_wconf 84' lang='lat' dir='ltr'><strong>exsultantem</strong></span> 
     </span>
    </p>
   </div>
   <div class='ocr_carea' id='block_1_45' title="bbox 226 2795 1885 2871">
    <p class='ocr_par' dir='ltr' id='par_1_45' title="bbox 226 2795 1885 2871">
     <span class='ocr_line' id='line_1_45' title="bbox 226 2795 1885 2871; baseline 0.004 -21"><span class='ocrx_word' id='word_1_288' title='bbox 226 2795 496 2851; x_wconf 71' lang='lat' dir='ltr'><strong>laetitiam</strong></span> <span class='ocrx_word' id='word_1_289' title='bbox 534 2800 921 2853; x_wconf 90' lang='lat' dir='ltr'><strong>ostentarent.</strong></span> <span class='ocrx_word' id='word_1_290' title='bbox 941 2796 1159 2852; x_wconf 70' lang='lat' dir='ltr'><strong>Prmsul</strong></span> <span class='ocrx_word' id='word_1_291' title='bbox 1188 2814 1348 2861; x_wconf 91' lang='lat' dir='ltr'><strong>vero,</strong></span> <span class='ocrx_word' id='word_1_292' title='bbox 1369 2807 1685 2871; x_wconf 87' lang='lat' dir='ltr'><strong>assumpto</strong></span> <span class='ocrx_word' id='word_1_293' title='bbox 1712 2816 1885 2856; x_wconf 85' lang='lat' dir='ltr'><strong>vene-</strong></span> 
     </span>
    </p>
   </div>
   <div class='ocr_carea' id='block_1_46' title="bbox 228 2884 1879 2954">
    <p class='ocr_par' dir='ltr' id='par_1_46' title="bbox 228 2884 1879 2954">
     <span class='ocr_line' id='line_1_46' title="bbox 228 2884 1879 2954; baseline 0.001 -15"><span class='ocrx_word' id='word_1_294' title='bbox 228 2884 399 2939; x_wconf 90' lang='lat' dir='ltr'><strong>rabili</strong></span> <span class='ocrx_word' id='word_1_295' title='bbox 428 2899 679 2954; x_wconf 89' lang='lat' dir='ltr'><strong>corpore</strong></span> <span class='ocrx_word' id='word_1_296' title='bbox 706 2891 763 2939; x_wconf 94' lang='lat' dir='ltr'><strong>et</strong></span> <span class='ocrx_word' id='word_1_297' title='bbox 794 2885 993 2939; x_wconf 90' lang='lat' dir='ltr'><strong>sericis</strong></span> <span class='ocrx_word' id='word_1_298' title='bbox 1019 2884 1303 2939; x_wconf 93' lang='lat' dir='ltr'><strong>obvoluto</strong></span> <span class='ocrx_word' id='word_1_299' title='bbox 1326 2886 1709 2953; x_wconf 86' lang='lat' dir='ltr'><strong>tegminibus,</strong></span> <span class='ocrx_word' id='word_1_300' title='bbox 1743 2904 1879 2942; x_wconf 88' lang='lat' dir='ltr'><strong>cum</strong></span> 
     </span>
    </p>
   </div>
   <div class='ocr_carea' id='block_1_47' title="bbox 228 2971 1885 3043">
    <p class='ocr_par' dir='ltr' id='par_1_47' title="bbox 228 2971 1885 3043">
     <span class='ocr_line' id='line_1_47' title="bbox 228 2971 1885 3043; baseline 0.002 -16"><span class='ocrx_word' id='word_1_301' title='bbox 228 2972 470 3043; x_wconf 76' lang='lat' dir='ltr'><strong>hymnis</strong></span> <span class='ocrx_word' id='word_1_302' title='bbox 500 2977 556 3025; x_wconf 94' lang='lat' dir='ltr'><strong>et</strong></span> <span class='ocrx_word' id='word_1_303' title='bbox 576 2971 857 3026; x_wconf 85' lang='lat' dir='ltr'><strong>laudibus</strong></span> <span class='ocrx_word' id='word_1_304' title='bbox 889 2972 945 3025; x_wconf 91' lang='lat' dir='ltr'><strong>in</strong></span> <span class='ocrx_word' id='word_1_305' title='bbox 966 2971 1172 3026; x_wconf 90' lang='lat' dir='ltr'><strong>urbem</strong></span> <span class='ocrx_word' id='word_1_306' title='bbox 1195 2972 1364 3026; x_wconf 92' lang='lat' dir='ltr'><strong>rediit</strong></span> <span class='ocrx_word' id='word_1_307' title='bbox 1393 2990 1406 3024; x_wconf 90' lang='lat'><strong>:</strong></span> <span class='ocrx_word' id='word_1_308' title='bbox 1438 2977 1616 3043; x_wconf 89' lang='lat' dir='ltr'><strong>atque</strong></span> <span class='ocrx_word' id='word_1_309' title='bbox 1656 2974 1714 3028; x_wconf 91' lang='lat' dir='ltr'><strong>in</strong></span> <span class='ocrx_word' id='word_1_310' title='bbox 1746 2974 1885 3031; x_wconf 92' lang='lat' dir='ltr'><strong>aula</strong></span> 
     </span>
    </p>
   </div>
   <div class='ocr_carea' id='block_1_48' title="bbox 1990 1826 3637 1901">
    <p class='ocr_par' dir='ltr' id='par_1_48' title="bbox 1990 1826 3637 1901">
     <span class='ocr_line' id='line_1_48' title="bbox 1990 1826 3637 1901; baseline -0.003 -17"><span class='ocrx_word' id='word_1_311' title='bbox 1990 1829 2231 1901; x_wconf 90' lang='lat' dir='ltr'><strong>propius</strong></span> <span class='ocrx_word' id='word_1_312' title='bbox 2261 1829 2582 1901; x_wconf 89' lang='lat' dir='ltr'><strong>inquirere.</strong></span> <span class='ocrx_word' id='word_1_313' title='bbox 2631 1830 2836 1886; x_wconf 92' lang='lat' dir='ltr'><strong>Solum</strong></span> <span class='ocrx_word' id='word_1_314' title='bbox 2876 1831 3152 1894; x_wconf 91' lang='lat' dir='ltr'><strong>observo,</strong></span> <span class='ocrx_word' id='word_1_315' title='bbox 3176 1827 3425 1883; x_wconf 86' lang='lat' dir='ltr'><strong>viduam</strong></span> <span class='ocrx_word' id='word_1_316' title='bbox 3446 1826 3637 1899; x_wconf 87' lang='lat' dir='ltr'><strong>ipsius</strong></span> 
     </span>
    </p>
   </div>
   <div class='ocr_carea' id='block_1_49' title="bbox 1991 1913 3637 1990">
    <p class='ocr_par' dir='ltr' id='par_1_49' title="bbox 1991 1913 3637 1990">
     <span class='ocr_line' id='line_1_49' title="bbox 1991 1913 3637 1990; baseline -0.002 -18"><span class='ocrx_word' id='word_1_317' title='bbox 1991 1916 2330 1974; x_wconf 83' lang='lat' dir='ltr'><strong>Rothildam</strong></span> <span class='ocrx_word' id='word_1_318' title='bbox 2363 1919 2625 1990; x_wconf 91' lang='lat' dir='ltr'><strong>potuisse</strong></span> <span class='ocrx_word' id='word_1_319' title='bbox 2665 1918 2835 1975; x_wconf 87' lang='lat' dir='ltr'><strong>facile</strong></span> <span class='ocrx_word' id='word_1_320' title='bbox 2866 1933 3173 1990; x_wconf 87' lang='lat' dir='ltr'><strong>superesse</strong></span> <span class='ocrx_word' id='word_1_321' title='bbox 3215 1931 3401 1988; x_wconf 91' lang='lat' dir='ltr'><strong>usque</strong></span> <span class='ocrx_word' id='word_1_322' title='bbox 3431 1913 3509 1969; x_wconf 93' lang='lat' dir='ltr'><strong>ad</strong></span> <span class='ocrx_word' id='word_1_323' title='bbox 3536 1928 3637 1969; x_wconf 90' lang='lat' dir='ltr'><strong>an-</strong></span> 
     </span>
    </p>
   </div>
   <div class='ocr_carea' id='block_1_50' title="bbox 1990 2002 3637 2080">
    <p class='ocr_par' dir='ltr' id='par_1_50' title="bbox 1990 2002 3637 2080">
     <span class='ocr_line' id='line_1_50' title="bbox 1990 2002 3637 2080; baseline -0.003 -19"><span class='ocrx_word' id='word_1_324' title='bbox 1990 2022 2136 2061; x_wconf 92' lang='lat' dir='ltr'><strong>num</strong></span> <span class='ocrx_word' id='word_1_325' title='bbox 2160 2007 2282 2073; x_wconf 68' lang='lat'><strong>954,</strong></span> <span class='ocrx_word' id='word_1_326' title='bbox 2314 2024 2436 2080; x_wconf 93' lang='lat' dir='ltr'><strong>quo</strong></span> <span class='ocrx_word' id='word_1_327' title='bbox 2465 2007 2668 2063; x_wconf 91' lang='lat' dir='ltr'><strong>omnia</strong></span> <span class='ocrx_word' id='word_1_328' title='bbox 2706 2006 3018 2077; x_wconf 89' lang='lat' dir='ltr'><strong>contigisse</strong></span> <span class='ocrx_word' id='word_1_329' title='bbox 3057 2005 3352 2068; x_wconf 87' lang='lat' dir='ltr'><strong>dicuntur,</strong></span> <span class='ocrx_word' id='word_1_330' title='bbox 3378 2002 3637 2058; x_wconf 82' lang='lat' dir='ltr'><strong>maxime</strong></span> 
     </span>
    </p>
   </div>
   <div class='ocr_carea' id='block_1_51' title="bbox 1991 2091 3634 2168">
    <p class='ocr_par' dir='ltr' id='par_1_51' title="bbox 1991 2091 3634 2168">
     <span class='ocr_line' id='line_1_51' title="bbox 1991 2091 3634 2168; baseline -0.003 -18"><span class='ocrx_word' id='word_1_331' title='bbox 1991 2111 2128 2151; x_wconf 91' lang='lat' dir='ltr'><strong>cum</strong></span> <span class='ocrx_word' id='word_1_332' title='bbox 2148 2095 2205 2151; x_wconf 89' lang='lat' dir='ltr'><strong>in</strong></span> <span class='ocrx_word' id='word_1_333' title='bbox 2234 2096 2519 2151; x_wconf 89' lang='lat' dir='ltr'><strong>viduitate</strong></span> <span class='ocrx_word' id='word_1_334' title='bbox 2537 2097 2889 2168; x_wconf 85' lang='lat' dir='ltr'><strong>perdurans,</strong></span> <span class='ocrx_word' id='word_1_335' title='bbox 2914 2095 2973 2151; x_wconf 92' lang='lat' dir='ltr'><strong>id</strong></span> <span class='ocrx_word' id='word_1_336' title='bbox 2990 2099 3096 2160; x_wconf 91' lang='lat' dir='ltr'><strong>est,</strong></span> <span class='ocrx_word' id='word_1_337' title='bbox 3117 2094 3218 2148; x_wconf 90' lang='lat' dir='ltr'><strong>diu</strong></span> <span class='ocrx_word' id='word_1_338' title='bbox 3238 2092 3421 2147; x_wconf 90' lang='lat' dir='ltr'><strong>vidua</strong></span> <span class='ocrx_word' id='word_1_339' title='bbox 3445 2091 3503 2146; x_wconf 89' lang='lat' dir='ltr'><strong>in</strong></span> <span class='ocrx_word' id='word_1_340' title='bbox 3523 2105 3634 2146; x_wconf 91' lang='lat' dir='ltr'><strong>ms.</strong></span> 
     </span>
    </p>
   </div>
   <div class='ocr_carea' id='block_1_52' title="bbox 1991 2181 3639 2253">
    <p class='ocr_par' dir='ltr' id='par_1_52' title="bbox 1991 2181 3639 2253">
     <span class='ocr_line' id='line_1_52' title="bbox 1991 2181 3639 2253; baseline -0.002 -14"><span class='ocrx_word' id='word_1_341' title='bbox 1991 2190 2311 2240; x_wconf 79' lang='lat' dir='ltr'><strong>asseratur.</strong></span> <span class='ocrx_word' id='word_1_342' title='bbox 2353 2186 2568 2241; x_wconf 92' lang='lat' dir='ltr'><strong>Servus</strong></span> <span class='ocrx_word' id='word_1_343' title='bbox 2594 2189 2793 2241; x_wconf 91' lang='lat' dir='ltr'><strong>autem</strong></span> <span class='ocrx_word' id='word_1_344' title='bbox 2822 2182 3126 2248; x_wconf 68' lang='lat' dir='ltr'><strong>Rothildae,</strong></span> <span class='ocrx_word' id='word_1_345' title='bbox 3168 2181 3508 2253; x_wconf 90' lang='lat' dir='ltr'><strong>Stephanus</strong></span> <span class='ocrx_word' id='word_1_346' title='bbox 3536 2182 3639 2235; x_wconf 83' lang='lat' dir='ltr'><strong>no-</strong></span> 
     </span>
    </p>
   </div>
   <div class='ocr_carea' id='block_1_53' title="bbox 1992 2267 3638 2345">
    <p class='ocr_par' dir='ltr' id='par_1_53' title="bbox 1992 2267 3638 2345">
     <span class='ocr_line' id='line_1_53' title="bbox 1992 2267 3638 2345; baseline -0.002 -18"><span class='ocrx_word' id='word_1_347' title='bbox 1992 2271 2173 2335; x_wconf 88' lang='lat' dir='ltr'><strong>mine,</strong></span> <span class='ocrx_word' id='word_1_348' title='bbox 2214 2272 2430 2328; x_wconf 92' lang='lat' dir='ltr'><strong>dicitur</strong></span> <span class='ocrx_word' id='word_1_349' title='bbox 2470 2289 2608 2328; x_wconf 92' lang='lat' dir='ltr'><strong>cum</strong></span> <span class='ocrx_word' id='word_1_350' title='bbox 2628 2273 2997 2345; x_wconf 88' lang='lat' dir='ltr'><strong>impatientia</strong></span> <span class='ocrx_word' id='word_1_351' title='bbox 3022 2276 3235 2327; x_wconf 87' lang='lat' dir='ltr'><strong>etcum</strong></span> <span class='ocrx_word' id='word_1_352' title='bbox 3262 2267 3638 2325; x_wconf 86' lang='lat' dir='ltr'><strong>invocatione</strong></span> 
     </span>
    </p>
   </div>
   <div class='ocr_carea' id='block_1_54' title="bbox 1993 2354 3638 2435">
    <p class='ocr_par' dir='ltr' id='par_1_54' title="bbox 1993 2354 3638 2435">
     <span class='ocr_line' id='line_1_54' title="bbox 1993 2354 3638 2435; baseline -0.003 -20"><span class='ocrx_word' id='word_1_353' title='bbox 1993 2360 2217 2417; x_wconf 90' lang='lat' dir='ltr'><strong>diaboli</strong></span> <span class='ocrx_word' id='word_1_354' title='bbox 2258 2377 2481 2435; x_wconf 89' lang='lat' dir='ltr'><strong>aquam</strong></span> <span class='ocrx_word' id='word_1_355' title='bbox 2520 2361 2781 2434; x_wconf 88' lang='lat' dir='ltr'><strong>petiisse,</strong></span> <span class='ocrx_word' id='word_1_356' title='bbox 2813 2366 3239 2433; x_wconf 90' lang='lat' dir='ltr'><strong>acceptamque</strong></span> <span class='ocrx_word' id='word_1_357' title='bbox 3286 2372 3504 2429; x_wconf 87' lang='lat' dir='ltr'><strong>aquam</strong></span> <span class='ocrx_word' id='word_1_358' title='bbox 3541 2354 3638 2410; x_wconf 92' lang='lat' dir='ltr'><strong>ubi</strong></span> 
     </span>
    </p>
   </div>
   <div class='ocr_carea' id='block_1_55' title="bbox 1994 2443 3637 2515">
    <p class='ocr_par' dir='ltr' id='par_1_55' title="bbox 1994 2443 3637 2515">
     <span class='ocr_line' id='line_1_55' title="bbox 1994 2443 3637 2515; baseline -0.004 -11"><span class='ocrx_word' id='word_1_359' title='bbox 1994 2449 2292 2515; x_wconf 90' lang='lat' dir='ltr'><strong>ebibisset,</strong></span> <span class='ocrx_word' id='word_1_360' title='bbox 2313 2450 2602 2506; x_wconf 88' lang='lat' dir='ltr'><strong>obsessus</strong></span> <span class='ocrx_word' id='word_1_361' title='bbox 2619 2450 2798 2505; x_wconf 86' lang='lat' dir='ltr'><strong>fuisse</strong></span> <span class='ocrx_word' id='word_1_362' title='bbox 2828 2466 2863 2505; x_wconf 93' lang='lat' dir='ltr'><strong>a</strong></span> <span class='ocrx_word' id='word_1_363' title='bbox 2880 2449 3169 2504; x_wconf 66' lang='lat' dir='ltr'><strong>daemone.</strong></span> <span class='ocrx_word' id='word_1_364' title='bbox 3199 2449 3308 2503; x_wconf 81' lang='lat' dir='ltr'><strong>Res</strong></span> <span class='ocrx_word' id='word_1_365' title='bbox 3329 2443 3637 2501; x_wconf 89' lang='lat' dir='ltr'><strong>confestim</strong></span> 
     </span>
    </p>
   </div>
   <div class='ocr_carea' id='block_1_56' title="bbox 1996 2532 3638 2604">
    <p class='ocr_par' dir='ltr' id='par_1_56' title="bbox 1996 2532 3638 2604">
     <span class='ocr_line' id='line_1_56' title="bbox 1996 2532 3638 2604; baseline -0.003 -13"><span class='ocrx_word' id='word_1_366' title='bbox 1996 2538 2253 2594; x_wconf 85' lang='lat' dir='ltr'><strong>innotuit</strong></span> <span class='ocrx_word' id='word_1_367' title='bbox 2291 2555 2408 2594; x_wconf 93' lang='lat' dir='ltr'><strong>non</strong></span> <span class='ocrx_word' id='word_1_368' title='bbox 2451 2540 2646 2594; x_wconf 91' lang='lat' dir='ltr'><strong>solum</strong></span> <span class='ocrx_word' id='word_1_369' title='bbox 2677 2537 2983 2604; x_wconf 67' lang='lat' dir='ltr'><strong>Rothildaa,</strong></span> <span class='ocrx_word' id='word_1_370' title='bbox 3011 2537 3115 2592; x_wconf 92' lang='lat' dir='ltr'><strong>sed</strong></span> <span class='ocrx_word' id='word_1_371' title='bbox 3148 2535 3326 2591; x_wconf 89' lang='lat' dir='ltr'><strong>etiam</strong></span> <span class='ocrx_word' id='word_1_372' title='bbox 3352 2532 3638 2603; x_wconf 84' lang='lat' dir='ltr'><strong>Gisulpho</strong></span> 
     </span>
    </p>
   </div>
   <div class='ocr_carea' id='block_1_57' title="bbox 1993 2619 3640 2699">
    <p class='ocr_par' dir='ltr' id='par_1_57' title="bbox 1993 2619 3640 2699">
     <span class='ocr_line' id='line_1_57' title="bbox 1993 2619 3640 2699; baseline -0.003 -20"><span class='ocrx_word' id='word_1_373' title='bbox 1993 2626 2266 2699; x_wconf 88' lang='lat' dir='ltr'><strong>principi,</strong></span> <span class='ocrx_word' id='word_1_374' title='bbox 2295 2628 2647 2699; x_wconf 89' lang='lat' dir='ltr'><strong>cunctisque</strong></span> <span class='ocrx_word' id='word_1_375' title='bbox 2688 2626 3031 2697; x_wconf 90' lang='lat' dir='ltr'><strong>proceribus</strong></span> <span class='ocrx_word' id='word_1_376' title='bbox 3070 2629 3125 2680; x_wconf 87' lang='lat' dir='ltr'><strong>et</strong></span> <span class='ocrx_word' id='word_1_377' title='bbox 3147 2623 3422 2695; x_wconf 87' lang='lat' dir='ltr'><strong>episcopo</strong></span> <span class='ocrx_word' id='word_1_378' title='bbox 3455 2619 3640 2676; x_wconf 88' lang='lat' dir='ltr'><strong>Saler-</strong></span> 
     </span>
    </p>
   </div>
   <div class='ocr_carea' id='block_1_58' title="bbox 1994 2707 3637 2784">
    <p class='ocr_par' dir='ltr' id='par_1_58' title="bbox 1994 2707 3637 2784">
     <span class='ocr_line' id='line_1_58' title="bbox 1994 2707 3637 2784; baseline -0.004 -15"><span class='ocrx_word' id='word_1_379' title='bbox 1994 2715 2223 2770; x_wconf 90' lang='lat' dir='ltr'><strong>nitano.</strong></span> <span class='ocrx_word' id='word_1_380' title='bbox 2252 2715 2609 2771; x_wconf 86' lang='lat' dir='ltr'><strong>Servabatur</strong></span> <span class='ocrx_word' id='word_1_381' title='bbox 2630 2729 3069 2784; x_wconf 91' lang='lat' dir='ltr'><strong>energumenus</strong></span> <span class='ocrx_word' id='word_1_382' title='bbox 3098 2713 3157 2767; x_wconf 93' lang='lat' dir='ltr'><strong>in</strong></span> <span class='ocrx_word' id='word_1_383' title='bbox 3188 2710 3406 2766; x_wconf 88' lang='lat' dir='ltr'><strong>sacello</strong></span> <span class='ocrx_word' id='word_1_384' title='bbox 3433 2707 3637 2780; x_wconf 90' lang='lat' dir='ltr'><strong>palatii</strong></span> 
     </span>
    </p>
   </div>
   <div class='ocr_carea' id='block_1_59' title="bbox 1994 2797 3639 2874">
    <p class='ocr_par' dir='ltr' id='par_1_59' title="bbox 1994 2797 3639 2874">
     <span class='ocr_line' id='line_1_59' title="bbox 1994 2797 3639 2874; baseline -0.004 -19"><span class='ocrx_word' id='word_1_385' title='bbox 1994 2802 2246 2858; x_wconf 90' lang='lat' dir='ltr'><strong>vinculis</strong></span> <span class='ocrx_word' id='word_1_386' title='bbox 2260 2804 2638 2870; x_wconf 89' lang='lat' dir='ltr'><strong>constrictus,</strong></span> <span class='ocrx_word' id='word_1_387' title='bbox 2658 2808 2712 2858; x_wconf 91' lang='lat' dir='ltr'><strong>et</strong></span> <span class='ocrx_word' id='word_1_388' title='bbox 2734 2804 3050 2874; x_wconf 87' lang='lat' dir='ltr'><strong>episcopus</strong></span> <span class='ocrx_word' id='word_1_389' title='bbox 3073 2816 3274 2856; x_wconf 86' lang='lat' dir='ltr'><strong>omnes</strong></span> <span class='ocrx_word' id='word_1_390' title='bbox 3294 2797 3639 2854; x_wconf 87' lang='lat' dir='ltr'><strong>hortabatur</strong></span> 
     </span>
    </p>
   </div>
   <div class='ocr_carea' id='block_1_60' title="bbox 1993 2889 3635 2961">
    <p class='ocr_par' dir='ltr' id='par_1_60' title="bbox 1993 2889 3635 2961">
     <span class='ocr_line' id='line_1_60' title="bbox 1993 2889 3635 2961; baseline 0.002 -16"><span class='ocrx_word' id='word_1_391' title='bbox 1993 2889 2073 2945; x_wconf 91' lang='lat' dir='ltr'><strong>ad</strong></span> <span class='ocrx_word' id='word_1_392' title='bbox 2106 2906 2308 2961; x_wconf 90' lang='lat' dir='ltr'><strong>preces</strong></span> <span class='ocrx_word' id='word_1_393' title='bbox 2324 2907 2432 2961; x_wconf 86' lang='lat' dir='ltr'><strong>pro</strong></span> <span class='ocrx_word' id='word_1_394' title='bbox 2454 2907 2525 2946; x_wconf 87' lang='lat' dir='ltr'><strong>eo</strong></span> <span class='ocrx_word' id='word_1_395' title='bbox 2545 2891 2901 2947; x_wconf 87' lang='lat' dir='ltr'><strong>fundendas.</strong></span> <span class='ocrx_word' id='word_1_396' title='bbox 2923 2909 2952 2941; x_wconf 82' lang='grc'><strong>‹‹</strong></span> <span class='ocrx_word' id='word_1_397' title='bbox 2978 2893 3124 2946; x_wconf 92' lang='lat' dir='ltr'><strong>Dum</strong></span> <span class='ocrx_word' id='word_1_398' title='bbox 3152 2890 3280 2945; x_wconf 76' lang='lat' dir='ltr'><strong>hmc</strong></span> <span class='ocrx_word' id='word_1_399' title='bbox 3299 2892 3635 2957; x_wconf 65' lang='lat' dir='ltr'><strong>agerentur.</strong></span> 
     </span>
    </p>
   </div>
   <div class='ocr_carea' id='block_1_61' title="bbox 1993 2972 3639 3046">
    <p class='ocr_par' dir='ltr' id='par_1_61' title="bbox 1993 2972 3639 3046">
     <span class='ocr_line' id='line_1_61' title="bbox 1993 2972 3639 3046; baseline -0.002 -15"><span class='ocrx_word' id='word_1_400' title='bbox 1993 2979 2313 3043; x_wconf 88' lang='lat' dir='ltr'><strong>aitauctor,</strong></span> <span class='ocrx_word' id='word_1_401' title='bbox 2335 2980 2691 3035; x_wconf 87' lang='lat' dir='ltr'><strong>Athanasius</strong></span> <span class='ocrx_word' id='word_1_402' title='bbox 2710 2980 2983 3035; x_wconf 89' lang='lat' dir='ltr'><strong>intererat</strong></span> <span class='ocrx_word' id='word_1_403' title='bbox 3003 2978 3334 3034; x_wconf 89' lang='lat' dir='ltr'><strong>monachus</strong></span> <span class='ocrx_word' id='word_1_404' title='bbox 3348 2972 3639 3046; x_wconf 88' lang='lat' dir='ltr'><strong>(corporis</strong></span> 
     </span>
    </p>
   </div>
   <div class='ocr_carea' id='block_1_62' title="bbox 233 3058 3637 3137">
    <p class='ocr_par' dir='ltr' id='par_1_62' title="bbox 233 3058 3637 3137">
     <span class='ocr_line' id='line_1_62' title="bbox 233 3058 3637 3137; baseline 0.001 -23"><span class='ocrx_word' id='word_1_405' title='bbox 233 3059 329 3114; x_wconf 90' lang='lat' dir='ltr'><strong>Dei</strong></span> <span class='ocrx_word' id='word_1_406' title='bbox 364 3058 671 3114; x_wconf 87' lang='lat' dir='ltr'><strong>Genitricis</strong></span> <span class='ocrx_word' id='word_1_407' title='bbox 700 3058 900 3114; x_wconf 92' lang='lat' dir='ltr'><strong>debita</strong></span> <span class='ocrx_word' id='word_1_408' title='bbox 948 3059 1276 3114; x_wconf 90' lang='lat' dir='ltr'><strong>reverentia</strong></span> <span class='ocrx_word' id='word_1_409' title='bbox 1316 3059 1645 3126; x_wconf 90' lang='lat' dir='ltr'><strong>collocavit,</strong></span> <span class='ocrx_word' id='word_1_410' title='bbox 1675 3062 1732 3116; x_wconf 91' lang='lat' dir='ltr'><strong>in</strong></span> <span class='ocrx_word' id='word_1_411' title='bbox 1765 3077 1883 3133; x_wconf 90' lang='lat' dir='ltr'><strong>qua</strong></span> <span class='ocrx_word' id='word_1_412' title='bbox 1919 3071 1961 3129; x_wconf 87' lang='lat' dir='ltr'>C</span> <span class='ocrx_word' id='word_1_413' title='bbox 1992 3064 2298 3134; x_wconf 84' lang='lat' dir='ltr'><strong>inventor),</strong></span> <span class='ocrx_word' id='word_1_414' title='bbox 2330 3067 2448 3137; x_wconf 88' lang='lat' dir='ltr'><strong>qui,</strong></span> <span class='ocrx_word' id='word_1_415' title='bbox 2478 3072 2540 3121; x_wconf 95' lang='lat' dir='ltr'><strong>ut</strong></span> <span class='ocrx_word' id='word_1_416' title='bbox 2565 3067 2693 3137; x_wconf 90' lang='lat' dir='ltr'><strong>jam</strong></span> <span class='ocrx_word' id='word_1_417' title='bbox 2723 3066 3007 3131; x_wconf 66' lang='lat' dir='ltr'><strong>diximus,</strong></span> <span class='ocrx_word' id='word_1_418' title='bbox 3048 3067 3121 3121; x_wconf 92' lang='lat' dir='ltr'><strong>de</strong></span> <span class='ocrx_word' id='word_1_419' title='bbox 3154 3080 3337 3129; x_wconf 83' lang='lat' dir='ltr'><strong>manu</strong></span> <span class='ocrx_word' id='word_1_420' title='bbox 3389 3060 3637 3117; x_wconf 72' lang='lat' dir='ltr'><strong>Paestani</strong></span> 
     </span>
    </p>
   </div>
   <div class='ocr_carea' id='block_1_63' title="bbox 229 3146 1881 3219">
    <p class='ocr_par' dir='ltr' id='par_1_63' title="bbox 229 3146 1881 3219">
     <span class='ocr_line' id='line_1_63' title="bbox 229 3146 1881 3219; baseline 0.002 -17"><span class='ocrx_word' id='word_1_421' title='bbox 229 3148 612 3219; x_wconf 61' lang='lat' dir='ltr'><strong>praesentiam</strong></span> <span class='ocrx_word' id='word_1_422' title='bbox 646 3147 737 3201; x_wconf 93' lang='lat' dir='ltr'><strong>sui</strong></span> <span class='ocrx_word' id='word_1_423' title='bbox 779 3146 1049 3218; x_wconf 90' lang='lat' dir='ltr'><strong>corporis</strong></span> <span class='ocrx_word' id='word_1_424' title='bbox 1079 3146 1443 3215; x_wconf 80' lang='lat' dir='ltr'><strong>evangelista</strong></span> <span class='ocrx_word' id='word_1_425' title='bbox 1470 3149 1881 3205; x_wconf 90' lang='lat' dir='ltr'><strong>sanctissimus</strong></span> 
     </span>
    </p>
   </div>
   <div class='ocr_carea' id='block_1_64' title="bbox 228 3235 1878 3310">
    <p class='ocr_par' dir='ltr' id='par_1_64' title="bbox 228 3235 1878 3310">
     <span class='ocr_line' id='line_1_64' title="bbox 228 3235 1878 3310; baseline 0.001 -18"><span class='ocrx_word' id='word_1_426' title='bbox 228 3236 351 3292; x_wconf 90' lang='lat' dir='ltr'><strong>suis</strong></span> <span class='ocrx_word' id='word_1_427' title='bbox 383 3235 664 3291; x_wconf 89' lang='lat' dir='ltr'><strong>virtutum</strong></span> <span class='ocrx_word' id='word_1_428' title='bbox 696 3235 999 3291; x_wconf 90' lang='lat' dir='ltr'><strong>miraculis</strong></span> <span class='ocrx_word' id='word_1_429' title='bbox 1030 3236 1371 3292; x_wconf 89' lang='lat' dir='ltr'><strong>declaravit.</strong></span> <span class='ocrx_word' id='word_1_430' title='bbox 1406 3259 1435 3287; x_wconf 90' lang='grc'><strong>››</strong></span> <span class='ocrx_word' id='word_1_431' title='bbox 1464 3237 1589 3292; x_wconf 80' lang='lat' dir='ltr'><strong>Mox</strong></span> <span class='ocrx_word' id='word_1_432' title='bbox 1620 3254 1878 3310; x_wconf 85' lang='lat' dir='ltr'><strong>sequun-</strong></span> 
     </span>
    </p>
   </div>
   <div class='ocr_carea' id='block_1_65' title="bbox 228 3323 1881 3396">
    <p class='ocr_par' dir='ltr' id='par_1_65' title="bbox 228 3323 1881 3396">
     <span class='ocr_line' id='line_1_65' title="bbox 228 3323 1881 3396; baseline 0.001 -16"><span class='ocrx_word' id='word_1_433' title='bbox 228 3329 325 3380; x_wconf 90' lang='lat' dir='ltr'><strong>tur</strong></span> <span class='ocrx_word' id='word_1_434' title='bbox 351 3324 409 3379; x_wconf 90' lang='lat' dir='ltr'><strong>in</strong></span> <span class='ocrx_word' id='word_1_435' title='bbox 447 3329 698 3396; x_wconf 89' lang='lat' dir='ltr'><strong>utroque</strong></span> <span class='ocrx_word' id='word_1_436' title='bbox 735 3324 841 3380; x_wconf 84' lang='lat' dir='ltr'><strong>Ms.</strong></span> <span class='ocrx_word' id='word_1_437' title='bbox 896 3323 1184 3380; x_wconf 88' lang='lat' dir='ltr'><strong>beneﬁcia</strong></span> <span class='ocrx_word' id='word_1_438' title='bbox 1214 3324 1495 3396; x_wconf 63' lang='lat' dir='ltr'><strong>quaedam</strong></span> <span class='ocrx_word' id='word_1_439' title='bbox 1551 3326 1881 3395; x_wconf 87' lang='lat' dir='ltr'><strong>patrocinio</strong></span> 
     </span>
    </p>
   </div>
   <div class='ocr_carea' id='block_1_66' title="bbox 228 3411 1877 3486">
    <p class='ocr_par' dir='ltr' id='par_1_66' title="bbox 228 3411 1877 3486">
     <span class='ocr_line' id='line_1_66' title="bbox 228 3411 1877 3486; baseline 0 -17"><span class='ocrx_word' id='word_1_440' title='bbox 228 3412 416 3469; x_wconf 89' lang='lat' dir='ltr'><strong>sancti</strong></span> <span class='ocrx_word' id='word_1_441' title='bbox 473 3412 721 3468; x_wconf 72' lang='lat' dir='ltr'><strong>Matthaai</strong></span> <span class='ocrx_word' id='word_1_442' title='bbox 781 3411 1011 3468; x_wconf 88' lang='lat' dir='ltr'><strong>miseris</strong></span> <span class='ocrx_word' id='word_1_443' title='bbox 1051 3414 1331 3484; x_wconf 62' lang='lat' dir='ltr'><strong>praestita,</strong></span> <span class='ocrx_word' id='word_1_444' title='bbox 1369 3430 1504 3486; x_wconf 63' lang='lat' dir='ltr'><strong>quas</strong></span> <span class='ocrx_word' id='word_1_445' title='bbox 1536 3414 1877 3483; x_wconf 91' lang='lat' dir='ltr'><strong>lectoribus,</strong></span> 
     </span>
    </p>
   </div>
   <div class='ocr_carea' id='block_1_67' title="bbox 229 3502 1879 3575">
    <p class='ocr_par' dir='ltr' id='par_1_67' title="bbox 229 3502 1879 3575">
     <span class='ocr_line' id='line_1_67' title="bbox 229 3502 1879 3575; baseline 0.002 -17"><span class='ocrx_word' id='word_1_446' title='bbox 229 3509 404 3575; x_wconf 92' lang='lat' dir='ltr'><strong>prout</strong></span> <span class='ocrx_word' id='word_1_447' title='bbox 434 3502 518 3557; x_wconf 88' lang='lat' dir='ltr'><strong>ibi</strong></span> <span class='ocrx_word' id='word_1_448' title='bbox 539 3502 829 3572; x_wconf 89' lang='lat' dir='ltr'><strong>leguntur,</strong></span> <span class='ocrx_word' id='word_1_449' title='bbox 860 3503 1341 3571; x_wconf 89' lang='lat' dir='ltr'><strong>communicabo,</strong></span> <span class='ocrx_word' id='word_1_450' title='bbox 1373 3503 1656 3559; x_wconf 83' lang='lat' dir='ltr'><strong>abscissis</strong></span> <span class='ocrx_word' id='word_1_451' title='bbox 1681 3510 1879 3561; x_wconf 92' lang='lat' dir='ltr'><strong>tamen</strong></span> 
     </span>
    </p>
   </div>
   <div class='ocr_carea' id='block_1_68' title="bbox 228 3590 1770 3665">
    <p class='ocr_par' dir='ltr' id='par_1_68' title="bbox 228 3590 1770 3665">
     <span class='ocr_line' id='line_1_68' title="bbox 228 3590 1770 3665; baseline 0.002 -18"><span class='ocrx_word' id='word_1_452' title='bbox 228 3590 534 3647; x_wconf 89' lang='lat' dir='ltr'><strong>nonnullis</strong></span> <span class='ocrx_word' id='word_1_453' title='bbox 570 3591 910 3662; x_wconf 85' lang='lat' dir='ltr'><strong>superﬂuis,</strong></span> <span class='ocrx_word' id='word_1_454' title='bbox 944 3607 1080 3665; x_wconf 65' lang='lat' dir='ltr'><strong>quas</strong></span> <span class='ocrx_word' id='word_1_455' title='bbox 1120 3592 1352 3647; x_wconf 84' lang='lat' dir='ltr'><strong>tradam</strong></span> <span class='ocrx_word' id='word_1_456' title='bbox 1394 3593 1770 3661; x_wconf 90' lang='lat' dir='ltr'><strong>compendio.</strong></span> 
     </span>
    </p>
   </div>
   <div class='ocr_carea' id='block_1_69' title="bbox 301 3679 1883 3752">
    <p class='ocr_par' dir='ltr' id='par_1_69' title="bbox 301 3679 1883 3752">
     <span class='ocr_line' id='line_1_69' title="bbox 301 3679 1883 3752; baseline 0.003 -18"><span class='ocrx_word' id='word_1_457' title='bbox 301 3685 390 3735; x_wconf 84' lang='lat'><strong>72.</strong></span> <span class='ocrx_word' id='word_1_458' title='bbox 452 3679 549 3734; x_wconf 89' lang='lat' dir='ltr'><strong>Vir</strong></span> <span class='ocrx_word' id='word_1_459' title='bbox 600 3679 873 3751; x_wconf 89' lang='lat' dir='ltr'><strong>quidam,</strong></span> <span class='ocrx_word' id='word_1_460' title='bbox 916 3680 1185 3736; x_wconf 82' lang='lat' dir='ltr'><strong>Andreas</strong></span> <span class='ocrx_word' id='word_1_461' title='bbox 1237 3681 1502 3746; x_wconf 91' lang='lat' dir='ltr'><strong>nomine,</strong></span> <span class='ocrx_word' id='word_1_462' title='bbox 1548 3682 1720 3752; x_wconf 91' lang='lat' dir='ltr'><strong>cujus</strong></span> <span class='ocrx_word' id='word_1_463' title='bbox 1761 3682 1883 3738; x_wconf 90' lang='lat' dir='ltr'><strong>ﬁlia</strong></span> 
     </span>
    </p>
   </div>
   <div class='ocr_carea' id='block_1_70' title="bbox 230 3767 1883 3840">
    <p class='ocr_par' dir='ltr' id='par_1_70' title="bbox 230 3767 1883 3840">
     <span class='ocr_line' id='line_1_70' title="bbox 230 3767 1883 3840; baseline 0.002 -16"><span class='ocrx_word' id='word_1_464' title='bbox 230 3769 465 3825; x_wconf 90' lang='lat' dir='ltr'><strong>diutina</strong></span> <span class='ocrx_word' id='word_1_465' title='bbox 490 3767 835 3824; x_wconf 85' lang='lat' dir='ltr'><strong>inﬁrmitate</strong></span> <span class='ocrx_word' id='word_1_466' title='bbox 861 3784 1145 3840; x_wconf 89' lang='lat' dir='ltr'><strong>oppressa</strong></span> <span class='ocrx_word' id='word_1_467' title='bbox 1162 3768 1502 3839; x_wconf 90' lang='lat' dir='ltr'><strong>languebat,</strong></span> <span class='ocrx_word' id='word_1_468' title='bbox 1527 3769 1679 3825; x_wconf 91' lang='lat' dir='ltr'><strong>adeo</strong></span> <span class='ocrx_word' id='word_1_469' title='bbox 1702 3771 1883 3828; x_wconf 80' lang='lat' dir='ltr'><strong>utdo-</strong></span> 
     </span>
    </p>
   </div>
   <div class='ocr_carea' id='block_1_71' title="bbox 232 3856 1884 3932">
    <p class='ocr_par' dir='ltr' id='par_1_71' title="bbox 232 3856 1884 3932">
     <span class='ocr_line' id='line_1_71' title="bbox 232 3856 1884 3932; baseline 0.003 -20"><span class='ocrx_word' id='word_1_470' title='bbox 232 3873 369 3913; x_wconf 90' lang='lat' dir='ltr'><strong>mus</strong></span> <span class='ocrx_word' id='word_1_471' title='bbox 403 3862 521 3913; x_wconf 87' lang='lat' dir='ltr'><strong>tota</strong></span> <span class='ocrx_word' id='word_1_472' title='bbox 543 3857 803 3911; x_wconf 91' lang='lat' dir='ltr'><strong>vicinum</strong></span> <span class='ocrx_word' id='word_1_473' title='bbox 822 3857 947 3927; x_wconf 82' lang='lat' dir='ltr'><strong>jam</strong></span> <span class='ocrx_word' id='word_1_474' title='bbox 980 3857 1109 3928; x_wconf 88' lang='lat' dir='ltr'><strong>ejus</strong></span> <span class='ocrx_word' id='word_1_475' title='bbox 1128 3856 1353 3913; x_wconf 90' lang='lat' dir='ltr'><strong>obitum</strong></span> <span class='ocrx_word' id='word_1_476' title='bbox 1378 3864 1760 3931; x_wconf 82' lang='lat' dir='ltr'><strong>exspectaret.</strong></span> <span class='ocrx_word' id='word_1_477' title='bbox 1786 3876 1884 3932; x_wconf 86' lang='lat' dir='ltr'><strong>pa-</strong></span> 
     </span>
    </p>
   </div>
   <div class='ocr_carea' id='block_1_72' title="bbox 230 3944 1883 4017">
    <p class='ocr_par' dir='ltr' id='par_1_72' title="bbox 230 3944 1883 4017">
     <span class='ocr_line' id='line_1_72' title="bbox 230 3944 1883 4017; baseline 0.001 -14"><span class='ocrx_word' id='word_1_478' title='bbox 230 3951 400 4003; x_wconf 87' lang='lat' dir='ltr'><strong>terno</strong></span> <span class='ocrx_word' id='word_1_479' title='bbox 431 3950 628 4001; x_wconf 92' lang='lat' dir='ltr'><strong>motus</strong></span> <span class='ocrx_word' id='word_1_480' title='bbox 670 3946 895 4001; x_wconf 90' lang='lat' dir='ltr'><strong>viscere</strong></span> <span class='ocrx_word' id='word_1_481' title='bbox 952 3944 1053 4000; x_wconf 92' lang='lat' dir='ltr'><strong>diu</strong></span> <span class='ocrx_word' id='word_1_482' title='bbox 1102 3946 1366 4017; x_wconf 91' lang='lat' dir='ltr'><strong>plorans,</strong></span> <span class='ocrx_word' id='word_1_483' title='bbox 1408 3948 1651 4004; x_wconf 93' lang='lat' dir='ltr'><strong>tandem</strong></span> <span class='ocrx_word' id='word_1_484' title='bbox 1690 3947 1883 4004; x_wconf 87' lang='lat' dir='ltr'><strong>fessus</strong></span> 
     </span>
    </p>
   </div>
   <div class='ocr_carea' id='block_1_73' title="bbox 229 4032 1882 4105">
    <p class='ocr_par' dir='ltr' id='par_1_73' title="bbox 229 4032 1882 4105">
     <span class='ocr_line' id='line_1_73' title="bbox 229 4032 1882 4105; baseline 0.002 -16"><span class='ocrx_word' id='word_1_485' title='bbox 229 4050 445 4091; x_wconf 92' lang='lat' dir='ltr'><strong>somno</strong></span> <span class='ocrx_word' id='word_1_486' title='bbox 478 4032 774 4105; x_wconf 88' lang='lat' dir='ltr'><strong>arripitur.</strong></span> <span class='ocrx_word' id='word_1_487' title='bbox 805 4053 834 4085; x_wconf 85' lang='lat'>»</span> <span class='ocrx_word' id='word_1_488' title='bbox 871 4033 1457 4103; x_wconf 91' lang='lat' dir='ltr'><strong>Somniabatautem,</strong></span> <span class='ocrx_word' id='word_1_489' title='bbox 1490 4036 1675 4092; x_wconf 85' lang='lat' dir='ltr'><strong>ﬁliam</strong></span> <span class='ocrx_word' id='word_1_490' title='bbox 1707 4054 1882 4093; x_wconf 91' lang='lat' dir='ltr'><strong>suam</strong></span> 
     </span>
    </p>
   </div>
   <div class='ocr_carea' id='block_1_74' title="bbox 229 4121 1883 4195">
    <p class='ocr_par' dir='ltr' id='par_1_74' title="bbox 229 4121 1883 4195">
     <span class='ocr_line' id='line_1_74' title="bbox 229 4121 1883 4195; baseline 0.002 -17"><span class='ocrx_word' id='word_1_491' title='bbox 229 4123 344 4179; x_wconf 90' lang='lat' dir='ltr'><strong>sibi</strong></span> <span class='ocrx_word' id='word_1_492' title='bbox 374 4139 405 4180; x_wconf 87' lang='lat' dir='ltr'><strong>e</strong></span> <span class='ocrx_word' id='word_1_493' title='bbox 424 4122 685 4179; x_wconf 87' lang='lat' dir='ltr'><strong>brachiis</strong></span> <span class='ocrx_word' id='word_1_494' title='bbox 715 4121 861 4194; x_wconf 89' lang='lat' dir='ltr'><strong>eripi</strong></span> <span class='ocrx_word' id='word_1_495' title='bbox 896 4138 932 4178; x_wconf 92' lang='lat' dir='ltr'><strong>a</strong></span> <span class='ocrx_word' id='word_1_496' title='bbox 955 4128 1100 4178; x_wconf 91' lang='lat' dir='ltr'><strong>tetro</strong></span> <span class='ocrx_word' id='word_1_497' title='bbox 1131 4123 1336 4195; x_wconf 89' lang='lat' dir='ltr'><strong>spiritu</strong></span> <span class='ocrx_word' id='word_1_498' title='bbox 1366 4141 1379 4190; x_wconf 93' lang='lat'>;</span> <span class='ocrx_word' id='word_1_499' title='bbox 1411 4140 1547 4181; x_wconf 83' lang='lat' dir='ltr'><strong>mox</strong></span> <span class='ocrx_word' id='word_1_500' title='bbox 1596 4140 1738 4180; x_wconf 89' lang='lat' dir='ltr'><strong>vero</strong></span> <span class='ocrx_word' id='word_1_501' title='bbox 1782 4126 1883 4181; x_wconf 88' lang='lat' dir='ltr'><strong>ad-</strong></span> 
     </span>
    </p>
   </div>
   <div class='ocr_carea' id='block_1_75' title="bbox 230 4212 1881 4284">
    <p class='ocr_par' dir='ltr' id='par_1_75' title="bbox 230 4212 1881 4284">
     <span class='ocr_line' id='line_1_75' title="bbox 230 4212 1881 4284; baseline 0 -15"><span class='ocrx_word' id='word_1_502' title='bbox 230 4219 391 4269; x_wconf 89' lang='lat' dir='ltr'><strong>stare</strong></span> <span class='ocrx_word' id='word_1_503' title='bbox 421 4212 615 4268; x_wconf 90' lang='lat' dir='ltr'><strong>virum</strong></span> <span class='ocrx_word' id='word_1_504' title='bbox 666 4212 1095 4276; x_wconf 90' lang='lat' dir='ltr'><strong>venerabilem,</strong></span> <span class='ocrx_word' id='word_1_505' title='bbox 1127 4212 1230 4284; x_wconf 88' lang='lat' dir='ltr'><strong>qui</strong></span> <span class='ocrx_word' id='word_1_506' title='bbox 1262 4213 1485 4269; x_wconf 90' lang='lat' dir='ltr'><strong>dolenti</strong></span> <span class='ocrx_word' id='word_1_507' title='bbox 1515 4215 1667 4284; x_wconf 90' lang='lat' dir='ltr'><strong>patri</strong></span> <span class='ocrx_word' id='word_1_508' title='bbox 1696 4214 1881 4269; x_wconf 89' lang='lat' dir='ltr'><strong>ﬁliam</strong></span> 
     </span>
    </p>
   </div>
   <div class='ocr_carea' id='block_1_76' title="bbox 230 4300 1881 4372">
    <p class='ocr_par' dir='ltr' id='par_1_76' title="bbox 230 4300 1881 4372">
     <span class='ocr_line' id='line_1_76' title="bbox 230 4300 1881 4372; baseline -0.002 -13"><span class='ocrx_word' id='word_1_509' title='bbox 230 4302 505 4359; x_wconf 89' lang='lat' dir='ltr'><strong>restituit.</strong></span> <span class='ocrx_word' id='word_1_510' title='bbox 538 4300 731 4372; x_wconf 85' lang='lat' dir='ltr'><strong>Rogat</strong></span> <span class='ocrx_word' id='word_1_511' title='bbox 781 4306 963 4372; x_wconf 88' lang='lat' dir='ltr'><strong>pater,</strong></span> <span class='ocrx_word' id='word_1_512' title='bbox 1006 4301 1142 4371; x_wconf 86' lang='lat' dir='ltr'><strong>quis</strong></span> <span class='ocrx_word' id='word_1_513' title='bbox 1196 4301 1289 4364; x_wconf 92' lang='lat' dir='ltr'><strong>sit,</strong></span> <span class='ocrx_word' id='word_1_514' title='bbox 1322 4307 1378 4357; x_wconf 91' lang='lat' dir='ltr'><strong>et</strong></span> <span class='ocrx_word' id='word_1_515' title='bbox 1430 4317 1650 4356; x_wconf 88' lang='lat' dir='ltr'><strong>munus</strong></span> <span class='ocrx_word' id='word_1_516' title='bbox 1692 4300 1881 4356; x_wconf 82' lang='lat' dir='ltr'><strong>oﬁ‘ert.</strong></span> 
     </span>
    </p>
   </div>
   <div class='ocr_carea' id='block_1_77' title="bbox 1992 3152 3641 3225">
    <p class='ocr_par' dir='ltr' id='par_1_77' title="bbox 1992 3152 3641 3225">
     <span class='ocr_line' id='line_1_77' title="bbox 1992 3152 3641 3225; baseline -0.002 -18"><span class='ocrx_word' id='word_1_517' title='bbox 1992 3153 2262 3224; x_wconf 61' lang='lat' dir='ltr'><strong>pressulis</strong></span> <span class='ocrx_word' id='word_1_518' title='bbox 2275 3154 2513 3210; x_wconf 89' lang='lat' dir='ltr'><strong>dentem</strong></span> <span class='ocrx_word' id='word_1_519' title='bbox 2530 3156 2890 3212; x_wconf 89' lang='lat' dir='ltr'><strong>sanctissimi</strong></span> <span class='ocrx_word' id='word_1_520' title='bbox 2907 3172 3054 3211; x_wconf 89' lang='lat' dir='ltr'><strong>evan</strong></span> <span class='ocrx_word' id='word_1_521' title='bbox 3064 3156 3288 3225; x_wconf 71' lang='lat' dir='ltr'><strong>gelistaa</strong></span> <span class='ocrx_word' id='word_1_522' title='bbox 3303 3152 3641 3224; x_wconf 86' lang='lat' dir='ltr'><strong>susceperat</strong></span> 
     </span>
    </p>
   </div>
   <div class='ocr_carea' id='block_1_78' title="bbox 1993 3235 3636 3315">
    <p class='ocr_par' dir='ltr' id='par_1_78' title="bbox 1993 3235 3636 3315">
     <span class='ocr_line' id='line_1_78' title="bbox 1993 3235 3636 3315; baseline -0.004 -19"><span class='ocrx_word' id='word_1_523' title='bbox 1993 3241 2295 3313; x_wconf 88' lang='lat' dir='ltr'><strong>(nimirum</strong></span> <span class='ocrx_word' id='word_1_524' title='bbox 2336 3242 2473 3297; x_wconf 92' lang='lat' dir='ltr'><strong>dum</strong></span> <span class='ocrx_word' id='word_1_525' title='bbox 2499 3242 2689 3297; x_wconf 91' lang='lat' dir='ltr'><strong>eidem</strong></span> <span class='ocrx_word' id='word_1_526' title='bbox 2724 3260 2942 3315; x_wconf 91' lang='lat' dir='ltr'><strong>corpus</strong></span> <span class='ocrx_word' id='word_1_527' title='bbox 2974 3243 3229 3303; x_wconf 89' lang='lat' dir='ltr'><strong>tradidit,</strong></span> <span class='ocrx_word' id='word_1_528' title='bbox 3261 3241 3359 3297; x_wconf 91' lang='lat' dir='ltr'><strong>ubi</strong></span> <span class='ocrx_word' id='word_1_529' title='bbox 3395 3238 3453 3294; x_wconf 91' lang='lat' dir='ltr'><strong>id</strong></span> <span class='ocrx_word' id='word_1_530' title='bbox 3487 3235 3636 3294; x_wconf 73' lang='lat' dir='ltr'><strong>aﬁir-</strong></span> 
     </span>
    </p>
   </div>
   <div class='ocr_carea' id='block_1_79' title="bbox 1991 3325 3637 3403">
    <p class='ocr_par' dir='ltr' id='par_1_79' title="bbox 1991 3325 3637 3403">
     <span class='ocr_line' id='line_1_79' title="bbox 1991 3325 3637 3403; baseline -0.004 -18"><span class='ocrx_word' id='word_1_531' title='bbox 1991 3336 2115 3385; x_wconf 92' lang='lat' dir='ltr'><strong>mat</strong></span> <span class='ocrx_word' id='word_1_532' title='bbox 2134 3333 2381 3401; x_wconf 89' lang='lat' dir='ltr'><strong>auctor).</strong></span> <span class='ocrx_word' id='word_1_533' title='bbox 2411 3334 2458 3385; x_wconf 92' lang='lat' dir='ltr'><strong>Is</strong></span> <span class='ocrx_word' id='word_1_534' title='bbox 2478 3331 2790 3397; x_wconf 86' lang='lat' dir='ltr'><strong>accedens;</strong></span> <span class='ocrx_word' id='word_1_535' title='bbox 2816 3331 3075 3403; x_wconf 69' lang='lat' dir='ltr'><strong>praefata:</strong></span> <span class='ocrx_word' id='word_1_536' title='bbox 3093 3330 3373 3386; x_wconf 71' lang='lat' dir='ltr'><strong>Rothildaa</strong></span> <span class='ocrx_word' id='word_1_537' title='bbox 3392 3325 3637 3383; x_wconf 89' lang='lat' dir='ltr'><strong>auribus</strong></span> 
     </span>
    </p>
   </div>
   <div class='ocr_carea' id='block_1_80' title="bbox 1989 3418 3639 3489">
    <p class='ocr_par' dir='ltr' id='par_1_80' title="bbox 1989 3418 3639 3489">
     <span class='ocr_line' id='line_1_80' title="bbox 1989 3418 3639 3489; baseline -0.002 -17"><span class='ocrx_word' id='word_1_538' title='bbox 1989 3418 2299 3489; x_wconf 88' lang='lat' dir='ltr'><strong>intimavit,</strong></span> <span class='ocrx_word' id='word_1_539' title='bbox 2333 3420 2571 3473; x_wconf 90' lang='lat' dir='ltr'><strong>dicens:</strong></span> <span class='ocrx_word' id='word_1_540' title='bbox 2618 3419 2805 3474; x_wconf 88' lang='lat' dir='ltr'><strong>Penes</strong></span> <span class='ocrx_word' id='word_1_541' title='bbox 2846 3435 2941 3475; x_wconf 92' lang='lat' dir='ltr'><strong>me</strong></span> <span class='ocrx_word' id='word_1_542' title='bbox 2972 3419 3166 3474; x_wconf 91' lang='lat' dir='ltr'><strong>habeo</strong></span> <span class='ocrx_word' id='word_1_543' title='bbox 3216 3418 3455 3474; x_wconf 91' lang='lat' dir='ltr'><strong>dentem</strong></span> <span class='ocrx_word' id='word_1_544' title='bbox 3497 3428 3639 3485; x_wconf 89' lang='lat' dir='ltr'><strong>apo-</strong></span> 
     </span>
    </p>
   </div>
   <div class='ocr_carea' id='block_1_81' title="bbox 1991 3500 3636 3578">
    <p class='ocr_par' dir='ltr' id='par_1_81' title="bbox 1991 3500 3636 3578">
     <span class='ocr_line' id='line_1_81' title="bbox 1991 3500 3636 3578; baseline -0.004 -17"><span class='ocrx_word' id='word_1_545' title='bbox 1991 3506 2122 3563; x_wconf 89' lang='lat' dir='ltr'><strong>stoli</strong></span> <span class='ocrx_word' id='word_1_546' title='bbox 2161 3511 2215 3561; x_wconf 91' lang='lat' dir='ltr'><strong>et</strong></span> <span class='ocrx_word' id='word_1_547' title='bbox 2245 3507 2624 3578; x_wconf 62' lang='lat' dir='ltr'><strong>evangelista;</strong></span> <span class='ocrx_word' id='word_1_548' title='bbox 2680 3507 2956 3563; x_wconf 67' lang='lat' dir='ltr'><strong>Matthasi.</strong></span> <span class='ocrx_word' id='word_1_549' title='bbox 3003 3508 3099 3562; x_wconf 83' lang='lat' dir='ltr'><strong>Hic</strong></span> <span class='ocrx_word' id='word_1_550' title='bbox 3150 3520 3330 3562; x_wconf 88' lang='lat' dir='ltr'><strong>manu</strong></span> <span class='ocrx_word' id='word_1_551' title='bbox 3364 3500 3636 3576; x_wconf 68' lang='lat' dir='ltr'><strong>praesulis</strong></span> 
     </span>
    </p>
   </div>
   <div class='ocr_carea' id='block_1_82' title="bbox 1992 3590 3640 3669">
    <p class='ocr_par' dir='ltr' id='par_1_82' title="bbox 1992 3590 3640 3669">
     <span class='ocr_line' id='line_1_82' title="bbox 1992 3590 3640 3669; baseline -0.003 -19"><span class='ocrx_word' id='word_1_552' title='bbox 1992 3596 2326 3652; x_wconf 89' lang='lat' dir='ltr'><strong>mittaturin</strong></span> <span class='ocrx_word' id='word_1_553' title='bbox 2342 3596 2705 3651; x_wconf 88' lang='lat' dir='ltr'><strong>benedictam</strong></span> <span class='ocrx_word' id='word_1_554' title='bbox 2720 3612 2965 3668; x_wconf 88' lang='lat' dir='ltr'><strong>aquam,</strong></span> <span class='ocrx_word' id='word_1_555' title='bbox 2980 3611 3160 3669; x_wconf 91' lang='lat' dir='ltr'><strong>quam</strong></span> <span class='ocrx_word' id='word_1_556' title='bbox 3176 3595 3319 3650; x_wconf 92' lang='lat' dir='ltr'><strong>dum</strong></span> <span class='ocrx_word' id='word_1_557' title='bbox 3335 3590 3640 3663; x_wconf 89' lang='lat' dir='ltr'><strong>sumpserit</strong></span> 
     </span>
    </p>
   </div>
   <div class='ocr_carea' id='block_1_83' title="bbox 1992 3681 3636 3750">
    <p class='ocr_par' dir='ltr' id='par_1_83' title="bbox 1992 3681 3636 3750">
     <span class='ocr_line' id='line_1_83' title="bbox 1992 3681 3636 3750; baseline -0.004 -11"><span class='ocrx_word' id='word_1_558' title='bbox 1992 3684 2417 3750; x_wconf 75' lang='lat' dir='ltr'><strong>dasmoniacus,</strong></span> <span class='ocrx_word' id='word_1_559' title='bbox 2464 3684 2756 3740; x_wconf 85' lang='lat' dir='ltr'><strong>mirabilia</strong></span> <span class='ocrx_word' id='word_1_560' title='bbox 2779 3685 2873 3741; x_wconf 90' lang='lat' dir='ltr'><strong>Dei</strong></span> <span class='ocrx_word' id='word_1_561' title='bbox 2906 3685 3143 3740; x_wconf 89' lang='lat' dir='ltr'><strong>videbis.</strong></span> <span class='ocrx_word' id='word_1_562' title='bbox 3176 3686 3240 3737; x_wconf 85' lang='lat' dir='ltr'><strong>Et</strong></span> <span class='ocrx_word' id='word_1_563' title='bbox 3264 3684 3389 3737; x_wconf 67' lang='lat' dir='ltr'><strong>haec</strong></span> <span class='ocrx_word' id='word_1_564' title='bbox 3411 3681 3636 3743; x_wconf 89' lang='lat' dir='ltr'><strong>dicens,</strong></span> 
     </span>
    </p>
   </div>
   <div class='ocr_carea' id='block_1_84' title="bbox 1992 3768 3636 3844">
    <p class='ocr_par' dir='ltr' id='par_1_84' title="bbox 1992 3768 3636 3844">
     <span class='ocr_line' id='line_1_84' title="bbox 1992 3768 3636 3844; baseline -0.003 -17"><span class='ocrx_word' id='word_1_565' title='bbox 1992 3772 2260 3828; x_wconf 84' lang='lat' dir='ltr'><strong>Rothilda</strong></span> <span class='ocrx_word' id='word_1_566' title='bbox 2292 3778 2591 3827; x_wconf 91' lang='lat' dir='ltr'><strong>annuente</strong></span> <span class='ocrx_word' id='word_1_567' title='bbox 2613 3778 2668 3828; x_wconf 91' lang='lat' dir='ltr'><strong>et</strong></span> <span class='ocrx_word' id='word_1_568' title='bbox 2698 3773 3056 3844; x_wconf 91' lang='lat' dir='ltr'><strong>deposcente</strong></span> <span class='ocrx_word' id='word_1_569' title='bbox 3087 3778 3147 3826; x_wconf 94' lang='lat' dir='ltr'><strong>ut</strong></span> <span class='ocrx_word' id='word_1_570' title='bbox 3172 3771 3350 3833; x_wconf 90' lang='lat' dir='ltr'><strong>ﬁeret,</strong></span> <span class='ocrx_word' id='word_1_571' title='bbox 3394 3768 3636 3823; x_wconf 88' lang='lat' dir='ltr'><strong>dentem</strong></span> 
     </span>
    </p>
   </div>
   <div class='ocr_carea' id='block_1_85' title="bbox 1990 3859 3631 3932">
    <p class='ocr_par' dir='ltr' id='par_1_85' title="bbox 1990 3859 3631 3932">
     <span class='ocr_line' id='line_1_85' title="bbox 1990 3859 3631 3932; baseline -0.003 -16"><span class='ocrx_word' id='word_1_572' title='bbox 1990 3860 2230 3932; x_wconf 72' lang='lat' dir='ltr'><strong>praesuli</strong></span> <span class='ocrx_word' id='word_1_573' title='bbox 2262 3862 2385 3916; x_wconf 88' lang='lat' dir='ltr'><strong>suis</strong></span> <span class='ocrx_word' id='word_1_574' title='bbox 2425 3860 2663 3917; x_wconf 90' lang='lat' dir='ltr'><strong>tradidit</strong></span> <span class='ocrx_word' id='word_1_575' title='bbox 2683 3861 2978 3917; x_wconf 89' lang='lat' dir='ltr'><strong>manibus.</strong></span> <span class='ocrx_word' id='word_1_576' title='bbox 3012 3860 3203 3916; x_wconf 88' lang='lat' dir='ltr'><strong>Allata</strong></span> <span class='ocrx_word' id='word_1_577' title='bbox 3235 3859 3435 3932; x_wconf 91' lang='lat' dir='ltr'><strong>itaque</strong></span> <span class='ocrx_word' id='word_1_578' title='bbox 3454 3871 3631 3929; x_wconf 86' lang='lat' dir='ltr'><strong>aqua,</strong></span> 
     </span>
    </p>
   </div>
   <div class='ocr_carea' id='block_1_86' title="bbox 1990 3948 3635 4022">
    <p class='ocr_par' dir='ltr' id='par_1_86' title="bbox 1990 3948 3635 4022">
     <span class='ocr_line' id='line_1_86' title="bbox 1990 3948 3635 4022; baseline -0.003 -19"><span class='ocrx_word' id='word_1_579' title='bbox 1990 3949 2143 4005; x_wconf 92' lang='lat' dir='ltr'><strong>idem</strong></span> <span class='ocrx_word' id='word_1_580' title='bbox 2163 3949 2378 4022; x_wconf 69' lang='lat' dir='ltr'><strong>praesul</strong></span> <span class='ocrx_word' id='word_1_581' title='bbox 2396 3951 2634 4020; x_wconf 90' lang='lat' dir='ltr'><strong>signum</strong></span> <span class='ocrx_word' id='word_1_582' title='bbox 2647 3949 2840 4005; x_wconf 91' lang='lat' dir='ltr'><strong>crucis</strong></span> <span class='ocrx_word' id='word_1_583' title='bbox 2859 3949 3062 4016; x_wconf 90' lang='lat' dir='ltr'><strong>edidit,</strong></span> <span class='ocrx_word' id='word_1_584' title='bbox 3077 3949 3317 4004; x_wconf 88' lang='lat' dir='ltr'><strong>dentem</strong></span> <span class='ocrx_word' id='word_1_585' title='bbox 3338 3948 3394 4001; x_wconf 91' lang='lat' dir='ltr'><strong>iu</strong></span> <span class='ocrx_word' id='word_1_586' title='bbox 3414 3960 3635 4017; x_wconf 88' lang='lat' dir='ltr'><strong>aquam</strong></span> 
     </span>
    </p>
   </div>
   <div class='ocr_carea' id='block_1_87' title="bbox 1992 4034 3637 4111">
    <p class='ocr_par' dir='ltr' id='par_1_87' title="bbox 1992 4034 3637 4111">
     <span class='ocr_line' id='line_1_87' title="bbox 1992 4034 3637 4111; baseline -0.004 -18"><span class='ocrx_word' id='word_1_587' title='bbox 1992 4038 2169 4104; x_wconf 92' lang='lat' dir='ltr'><strong>misit,</strong></span> <span class='ocrx_word' id='word_1_588' title='bbox 2197 4039 2521 4111; x_wconf 80' lang='lat' dir='ltr'><strong>ablataque</strong></span> <span class='ocrx_word' id='word_1_589' title='bbox 2542 4039 2973 4110; x_wconf 89' lang='lat' dir='ltr'><strong>dente,aquam</strong></span> <span class='ocrx_word' id='word_1_590' title='bbox 2994 4038 3095 4103; x_wconf 93' lang='lat' dir='ltr'><strong>illi,</strong></span> <span class='ocrx_word' id='word_1_591' title='bbox 3115 4036 3214 4108; x_wconf 88' lang='lat' dir='ltr'><strong>qui</strong></span> <span class='ocrx_word' id='word_1_592' title='bbox 3238 4035 3495 4106; x_wconf 87' lang='lat' dir='ltr'><strong>maligno</strong></span> <span class='ocrx_word' id='word_1_593' title='bbox 3522 4034 3637 4104; x_wconf 83' lang='lat' dir='ltr'><strong>spi-</strong></span> 
     </span>
    </p>
   </div>
   <div class='ocr_carea' id='block_1_88' title="bbox 1990 4121 3638 4194">
    <p class='ocr_par' dir='ltr' id='par_1_88' title="bbox 1990 4121 3638 4194">
     <span class='ocr_line' id='line_1_88' title="bbox 1990 4121 3638 4194; baseline -0.003 -13"><span class='ocrx_word' id='word_1_594' title='bbox 1990 4126 2104 4181; x_wconf 90' lang='lat' dir='ltr'><strong>ritu</strong></span> <span class='ocrx_word' id='word_1_595' title='bbox 2140 4127 2479 4193; x_wconf 83' lang='lat' dir='ltr'><strong>vexabatur,</strong></span> <span class='ocrx_word' id='word_1_596' title='bbox 2506 4127 2717 4182; x_wconf 89' lang='lat' dir='ltr'><strong>obtulit</strong></span> <span class='ocrx_word' id='word_1_597' title='bbox 2755 4128 3209 4189; x_wconf 92' lang='lat' dir='ltr'><strong>comminanter,</strong></span> <span class='ocrx_word' id='word_1_598' title='bbox 3233 4128 3433 4194; x_wconf 91' lang='lat' dir='ltr'><strong>atque,</strong></span> <span class='ocrx_word' id='word_1_599' title='bbox 3470 4129 3528 4177; x_wconf 93' lang='lat' dir='ltr'><strong>ut</strong></span> <span class='ocrx_word' id='word_1_600' title='bbox 3552 4121 3638 4177; x_wconf 86' lang='lat' dir='ltr'><strong>bi-</strong></span> 
     </span>
    </p>
   </div>
   <div class='ocr_carea' id='block_1_89' title="bbox 1992 4210 3635 4284">
    <p class='ocr_par' dir='ltr' id='par_1_89' title="bbox 1992 4210 3635 4284">
     <span class='ocr_line' id='line_1_89' title="bbox 1992 4210 3635 4284; baseline -0.003 -13"><span class='ocrx_word' id='word_1_601' title='bbox 1992 4214 2180 4278; x_wconf 89' lang='lat' dir='ltr'><strong>beret,</strong></span> <span class='ocrx_word' id='word_1_602' title='bbox 2204 4215 2535 4284; x_wconf 90' lang='lat' dir='ltr'><strong>imperavit.</strong></span> <span class='ocrx_word' id='word_1_603' title='bbox 2560 4215 2687 4279; x_wconf 85' lang='lat' dir='ltr'><strong>Qua</strong></span> <span class='ocrx_word' id='word_1_604' title='bbox 2708 4220 2964 4284; x_wconf 90' lang='lat' dir='ltr'><strong>sumpta,</strong></span> <span class='ocrx_word' id='word_1_605' title='bbox 2987 4215 3198 4269; x_wconf 89' lang='lat' dir='ltr'><strong>acriter</strong></span> <span class='ocrx_word' id='word_1_606' title='bbox 3220 4211 3419 4266; x_wconf 84' lang='lat' dir='ltr'><strong>vexari</strong></span> <span class='ocrx_word' id='word_1_607' title='bbox 3441 4210 3635 4281; x_wconf 75' lang='lat' dir='ltr'><strong>coepit.</strong></span> 
     </span>
    </p>
   </div>
   <div class='ocr_carea' id='block_1_90' title="bbox 1995 4299 3640 4372">
    <p class='ocr_par' dir='ltr' id='par_1_90' title="bbox 1995 4299 3640 4372">
     <span class='ocr_line' id='line_1_90' title="bbox 1995 4299 3640 4372; baseline -0.003 -15"><span class='ocrx_word' id='word_1_608' title='bbox 1995 4303 2060 4357; x_wconf 89' lang='lat' dir='ltr'><strong>Et</strong></span> <span class='ocrx_word' id='word_1_609' title='bbox 2084 4299 2228 4372; x_wconf 89' lang='lat' dir='ltr'><strong>quia</strong></span> <span class='ocrx_word' id='word_1_610' title='bbox 2250 4300 2484 4372; x_wconf 90' lang='lat' dir='ltr'><strong>iniquus</strong></span> <span class='ocrx_word' id='word_1_611' title='bbox 2511 4301 2720 4365; x_wconf 88' lang='lat' dir='ltr'><strong>hostis,</strong></span> <span class='ocrx_word' id='word_1_612' title='bbox 2757 4317 2929 4355; x_wconf 87' lang='lat' dir='ltr'><strong>sacro</strong></span> <span class='ocrx_word' id='word_1_613' title='bbox 2973 4300 3295 4355; x_wconf 90' lang='lat' dir='ltr'><strong>obsistente</strong></span> <span class='ocrx_word' id='word_1_614' title='bbox 3327 4304 3491 4371; x_wconf 90' lang='lat' dir='ltr'><strong>potu,</strong></span> <span class='ocrx_word' id='word_1_615' title='bbox 3537 4313 3640 4369; x_wconf 90' lang='lat' dir='ltr'><strong>per</strong></span> 
     </span>
    </p>
   </div>
   <div class='ocr_carea' id='block_1_91' title="bbox 241 4387 3641 4473">
    <p class='ocr_par' dir='ltr' id='par_1_91' title="bbox 241 4387 3641 4473">
     <span class='ocr_line' id='line_1_91' title="bbox 241 4387 3641 4473; baseline -0.003 -25"><span class='ocrx_word' id='word_1_616' title='bbox 241 4392 341 4448; x_wconf 91' lang='lat' dir='ltr'><strong>Ille</strong></span> <span class='ocrx_word' id='word_1_617' title='bbox 382 4398 583 4447; x_wconf 89' lang='lat' dir='ltr'><strong>autem</strong></span> <span class='ocrx_word' id='word_1_618' title='bbox 618 4389 855 4462; x_wconf 87' lang='lat' dir='ltr'><strong>placido</strong></span> <span class='ocrx_word' id='word_1_619' title='bbox 886 4388 1052 4444; x_wconf 89' lang='lat' dir='ltr'><strong>vultu</strong></span> <span class='ocrx_word' id='word_1_620' title='bbox 1076 4388 1421 4460; x_wconf 85' lang='lat' dir='ltr'><strong>respondit;</strong></span> <span class='ocrx_word' id='word_1_621' title='bbox 1462 4388 1634 4445; x_wconf 91' lang='lat' dir='ltr'><strong>Nullo</strong></span> <span class='ocrx_word' id='word_1_622' title='bbox 1674 4394 1775 4445; x_wconf 93' lang='lat' dir='ltr'><strong>tuo</strong></span> <span class='ocrx_word' id='word_1_623' title='bbox 1802 4390 1886 4445; x_wconf 89' lang='lat' dir='ltr'><strong>in-</strong></span> <span class='ocrx_word' id='word_1_624' title='bbox 1917 4415 1963 4473; x_wconf 78' lang='lat' dir='ltr'><strong>D</strong></span> <span class='ocrx_word' id='word_1_625' title='bbox 1994 4405 2063 4445; x_wconf 90' lang='lat' dir='ltr'><strong>os</strong></span> <span class='ocrx_word' id='word_1_626' title='bbox 2095 4387 2254 4443; x_wconf 83' lang='lat' dir='ltr'><strong>exire</strong></span> <span class='ocrx_word' id='word_1_627' title='bbox 2286 4403 2405 4443; x_wconf 94' lang='lat' dir='ltr'><strong>non</strong></span> <span class='ocrx_word' id='word_1_628' title='bbox 2436 4388 2636 4457; x_wconf 90' lang='lat' dir='ltr'><strong>valuit,</strong></span> <span class='ocrx_word' id='word_1_629' title='bbox 2670 4405 2802 4443; x_wconf 93' lang='lat' dir='ltr'><strong>cum</strong></span> <span class='ocrx_word' id='word_1_630' title='bbox 2836 4388 3059 4459; x_wconf 89' lang='lat' dir='ltr'><strong>ingenti</strong></span> <span class='ocrx_word' id='word_1_631' title='bbox 3082 4389 3285 4444; x_wconf 62' lang='grc' dir='ltr'><strong>[αξιοι-θ</strong></span> <span class='ocrx_word' id='word_1_632' title='bbox 3313 4403 3419 4460; x_wconf 89' lang='lat' dir='ltr'><strong>per</strong></span> <span class='ocrx_word' id='word_1_633' title='bbox 3448 4390 3641 4458; x_wconf 80' lang='lat' dir='ltr'><strong>poste-</strong></span> 
     </span>
    </p>
   </div>
   <div class='ocr_carea' id='block_1_92' title="bbox 240 4476 1886 4552">
    <p class='ocr_par' dir='ltr' id='par_1_92' title="bbox 240 4476 1886 4552">
     <span class='ocr_line' id='line_1_92' title="bbox 240 4476 1886 4552; baseline -0.001 -16"><span class='ocrx_word' id='word_1_634' title='bbox 240 4481 417 4552; x_wconf 91' lang='lat' dir='ltr'><strong>digeo</strong></span> <span class='ocrx_word' id='word_1_635' title='bbox 470 4495 714 4535; x_wconf 91' lang='lat' dir='ltr'><strong>munere</strong></span> <span class='ocrx_word' id='word_1_636' title='bbox 746 4495 761 4545; x_wconf 90' lang='lat'><strong>;</strong></span> <span class='ocrx_word' id='word_1_637' title='bbox 789 4477 893 4532; x_wconf 88' lang='lat' dir='ltr'><strong>sed</strong></span> <span class='ocrx_word' id='word_1_638' title='bbox 926 4477 1098 4543; x_wconf 89' lang='lat' dir='ltr'><strong>scias,</strong></span> <span class='ocrx_word' id='word_1_639' title='bbox 1148 4492 1245 4532; x_wconf 93' lang='lat' dir='ltr'><strong>me</strong></span> <span class='ocrx_word' id='word_1_640' title='bbox 1284 4492 1411 4531; x_wconf 90' lang='lat' dir='ltr'><strong>esse</strong></span> <span class='ocrx_word' id='word_1_641' title='bbox 1459 4476 1798 4548; x_wconf 89' lang='lat' dir='ltr'><strong>apostolum</strong></span> <span class='ocrx_word' id='word_1_642' title='bbox 1830 4484 1886 4535; x_wconf 92' lang='lat' dir='ltr'><strong>et</strong></span> 
     </span>
    </p>
   </div>
   <div class='ocr_carea' id='block_1_93' title="bbox 233 4566 1885 4639">
    <p class='ocr_par' dir='ltr' id='par_1_93' title="bbox 233 4566 1885 4639">
     <span class='ocr_line' id='line_1_93' title="bbox 233 4566 1885 4639; baseline -0.001 -14"><span class='ocrx_word' id='word_1_643' title='bbox 233 4567 663 4639; x_wconf 90' lang='lat' dir='ltr'><strong>evangelistam</strong></span> <span class='ocrx_word' id='word_1_644' title='bbox 688 4566 1046 4632; x_wconf 72' lang='lat' dir='ltr'><strong>Matthteum,</strong></span> <span class='ocrx_word' id='word_1_645' title='bbox 1063 4566 1233 4635; x_wconf 90' lang='lat' dir='ltr'><strong>cujus</strong></span> <span class='ocrx_word' id='word_1_646' title='bbox 1248 4580 1466 4637; x_wconf 91' lang='lat' dir='ltr'><strong>corpus</strong></span> <span class='ocrx_word' id='word_1_647' title='bbox 1488 4566 1766 4623; x_wconf 90' lang='lat' dir='ltr'><strong>hesterno</strong></span> <span class='ocrx_word' id='word_1_648' title='bbox 1790 4566 1885 4623; x_wconf 91' lang='lat' dir='ltr'><strong>die</strong></span> 
     </span>
    </p>
   </div>
   <div class='ocr_carea' id='block_1_94' title="bbox 235 4653 1886 4721">
    <p class='ocr_par' dir='ltr' id='par_1_94' title="bbox 235 4653 1886 4721">
     <span class='ocr_line' id='line_1_94' title="bbox 235 4653 1886 4721; baseline -0.001 -9"><span class='ocrx_word' id='word_1_649' title='bbox 235 4656 551 4712; x_wconf 91' lang='lat' dir='ltr'><strong>Salernum</strong></span> <span class='ocrx_word' id='word_1_650' title='bbox 569 4654 917 4710; x_wconf 90' lang='lat' dir='ltr'><strong>translatum</strong></span> <span class='ocrx_word' id='word_1_651' title='bbox 934 4662 1042 4710; x_wconf 87' lang='lat' dir='ltr'><strong>est.</strong></span> <span class='ocrx_word' id='word_1_652' title='bbox 1065 4676 1093 4705; x_wconf 81' lang='lat'><strong>»</strong></span> <span class='ocrx_word' id='word_1_653' title='bbox 1118 4656 1180 4710; x_wconf 89' lang='lat' dir='ltr'><strong>Et</strong></span> <span class='ocrx_word' id='word_1_654' title='bbox 1200 4654 1327 4711; x_wconf 71' lang='lat' dir='ltr'><strong>haec</strong></span> <span class='ocrx_word' id='word_1_655' title='bbox 1352 4653 1575 4721; x_wconf 91' lang='lat' dir='ltr'><strong>dicens,</strong></span> <span class='ocrx_word' id='word_1_656' title='bbox 1605 4655 1682 4711; x_wconf 87' lang='lat' dir='ltr'><strong>ab</strong></span> <span class='ocrx_word' id='word_1_657' title='bbox 1698 4656 1886 4711; x_wconf 90' lang='lat' dir='ltr'><strong>oculis</strong></span> 
     </span>
    </p>
   </div>
   <div class='ocr_carea' id='block_1_95' title="bbox 236 4744 1887 4817">
    <p class='ocr_par' dir='ltr' id='par_1_95' title="bbox 236 4744 1887 4817">
     <span class='ocr_line' id='line_1_95' title="bbox 236 4744 1887 4817; baseline -0.001 -15"><span class='ocrx_word' id='word_1_658' title='bbox 236 4746 368 4817; x_wconf 91' lang='lat' dir='ltr'><strong>ejus</strong></span> <span class='ocrx_word' id='word_1_659' title='bbox 397 4744 633 4800; x_wconf 91' lang='lat' dir='ltr'><strong>ablatus</strong></span> <span class='ocrx_word' id='word_1_660' title='bbox 653 4750 757 4799; x_wconf 90' lang='lat' dir='ltr'><strong>est.</strong></span> <span class='ocrx_word' id='word_1_661' title='bbox 780 4745 1267 4816; x_wconf 85' lang='lat' dir='ltr'><strong>Exspergefactus</strong></span> <span class='ocrx_word' id='word_1_662' title='bbox 1293 4744 1577 4800; x_wconf 75' lang='lat' dir='ltr'><strong>Andrteas</strong></span> <span class='ocrx_word' id='word_1_663' title='bbox 1595 4760 1732 4800; x_wconf 89' lang='lat' dir='ltr'><strong>cum</strong></span> <span class='ocrx_word' id='word_1_664' title='bbox 1757 4762 1887 4801; x_wconf 88' lang='lat' dir='ltr'><strong>ma-</strong></span> 
     </span>
    </p>
   </div>
   <div class='ocr_carea' id='block_1_96' title="bbox 237 4832 1887 4907">
    <p class='ocr_par' dir='ltr' id='par_1_96' title="bbox 237 4832 1887 4907">
     <span class='ocr_line' id='line_1_96' title="bbox 237 4832 1887 4907; baseline 0.001 -18"><span class='ocrx_word' id='word_1_665' title='bbox 237 4849 359 4907; x_wconf 93' lang='lat' dir='ltr'><strong>gno</strong></span> <span class='ocrx_word' id='word_1_666' title='bbox 390 4837 647 4888; x_wconf 83' lang='lat' dir='ltr'><strong>tremore</strong></span> <span class='ocrx_word' id='word_1_667' title='bbox 675 4848 846 4888; x_wconf 91' lang='lat' dir='ltr'><strong>suam</strong></span> <span class='ocrx_word' id='word_1_668' title='bbox 870 4832 1050 4889; x_wconf 88' lang='lat' dir='ltr'><strong>ﬁliam</strong></span> <span class='ocrx_word' id='word_1_669' title='bbox 1078 4832 1413 4905; x_wconf 89' lang='lat' dir='ltr'><strong>requisivit:</strong></span> <span class='ocrx_word' id='word_1_670' title='bbox 1435 4833 1535 4888; x_wconf 90' lang='lat' dir='ltr'><strong>sed</strong></span> <span class='ocrx_word' id='word_1_671' title='bbox 1555 4849 1690 4889; x_wconf 92' lang='lat' dir='ltr'><strong>eam</strong></span> <span class='ocrx_word' id='word_1_672' title='bbox 1713 4833 1887 4890; x_wconf 87' lang='lat' dir='ltr'><strong>saluti</strong></span> 
     </span>
    </p>
   </div>
   <div class='ocr_carea' id='block_1_97' title="bbox 230 4920 1888 4995">
    <p class='ocr_par' dir='ltr' id='par_1_97' title="bbox 230 4920 1888 4995">
     <span class='ocr_line' id='line_1_97' title="bbox 230 4920 1888 4995; baseline -0.001 -17"><span class='ocrx_word' id='word_1_673' title='bbox 230 4922 359 4995; x_wconf 87' lang='lat' dir='ltr'><strong>jam</strong></span> <span class='ocrx_word' id='word_1_674' title='bbox 378 4921 679 4992; x_wconf 90' lang='lat' dir='ltr'><strong>reperiens</strong></span> <span class='ocrx_word' id='word_1_675' title='bbox 700 4922 1050 4985; x_wconf 86' lang='lat' dir='ltr'><strong>restitutam,</strong></span> <span class='ocrx_word' id='word_1_676' title='bbox 1072 4921 1225 4993; x_wconf 93' lang='lat' dir='ltr'><strong>quod</strong></span> <span class='ocrx_word' id='word_1_677' title='bbox 1240 4920 1354 4976; x_wconf 91' lang='lat' dir='ltr'><strong>sibi</strong></span> <span class='ocrx_word' id='word_1_678' title='bbox 1371 4921 1426 4976; x_wconf 92' lang='lat' dir='ltr'><strong>in</strong></span> <span class='ocrx_word' id='word_1_679' title='bbox 1447 4921 1674 4977; x_wconf 90' lang='lat' dir='ltr'><strong>somnis</strong></span> <span class='ocrx_word' id='word_1_680' title='bbox 1692 4926 1888 4978; x_wconf 92' lang='lat' dir='ltr'><strong>osten-</strong></span> 
     </span>
    </p>
   </div>
   <div class='ocr_carea' id='block_1_98' title="bbox 239 5009 1887 5081">
    <p class='ocr_par' dir='ltr' id='par_1_98' title="bbox 239 5009 1887 5081">
     <span class='ocr_line' id='line_1_98' title="bbox 239 5009 1887 5081; baseline 0 -14"><span class='ocrx_word' id='word_1_681' title='bbox 239 5028 372 5067; x_wconf 91' lang='lat' dir='ltr'><strong>sum</strong></span> <span class='ocrx_word' id='word_1_682' title='bbox 405 5010 615 5075; x_wconf 82' lang='lat' dir='ltr'><strong>fuerat,</strong></span> <span class='ocrx_word' id='word_1_683' title='bbox 650 5010 899 5075; x_wconf 85' lang='lat' dir='ltr'><strong>cunctis,</strong></span> <span class='ocrx_word' id='word_1_684' title='bbox 926 5009 1029 5081; x_wconf 91' lang='lat' dir='ltr'><strong>qui</strong></span> <span class='ocrx_word' id='word_1_685' title='bbox 1056 5010 1321 5073; x_wconf 88' lang='lat' dir='ltr'><strong>aderant,</strong></span> <span class='ocrx_word' id='word_1_686' title='bbox 1352 5012 1662 5066; x_wconf 89' lang='lat' dir='ltr'><strong>enarravit.</strong></span> <span class='ocrx_word' id='word_1_687' title='bbox 1695 5010 1887 5067; x_wconf 87' lang='lat' dir='ltr'><strong>Primo</strong></span> 
     </span>
    </p>
   </div>
   <div class='ocr_carea' id='block_1_99' title="bbox 238 5098 1888 5171">
    <p class='ocr_par' dir='ltr' id='par_1_99' title="bbox 238 5098 1888 5171">
     <span class='ocr_line' id='line_1_99' title="bbox 238 5098 1888 5171; baseline -0.002 -13"><span class='ocrx_word' id='word_1_688' title='bbox 238 5105 442 5158; x_wconf 88' lang='lat' dir='ltr'><strong>autem</strong></span> <span class='ocrx_word' id='word_1_689' title='bbox 474 5098 737 5154; x_wconf 90' lang='lat' dir='ltr'><strong>diluculo</strong></span> <span class='ocrx_word' id='word_1_690' title='bbox 764 5098 1164 5154; x_wconf 89' lang='lat' dir='ltr'><strong>venerabilem</strong></span> <span class='ocrx_word' id='word_1_691' title='bbox 1192 5098 1339 5154; x_wconf 92' lang='lat' dir='ltr'><strong>adiit</strong></span> <span class='ocrx_word' id='word_1_692' title='bbox 1360 5098 1693 5170; x_wconf 67' lang='lat' dir='ltr'><strong>prassulem,</strong></span> <span class='ocrx_word' id='word_1_693' title='bbox 1714 5100 1888 5171; x_wconf 91' lang='lat' dir='ltr'><strong>eique</strong></span> 
     </span>
    </p>
   </div>
   <div class='ocr_carea' id='block_1_100' title="bbox 240 5186 1889 5261">
    <p class='ocr_par' dir='ltr' id='par_1_100' title="bbox 240 5186 1889 5261">
     <span class='ocr_line' id='line_1_100' title="bbox 240 5186 1889 5261; baseline -0.002 -14"><span class='ocrx_word' id='word_1_694' title='bbox 240 5187 508 5247; x_wconf 88' lang='lat' dir='ltr'><strong>mirabile</strong></span> <span class='ocrx_word' id='word_1_695' title='bbox 548 5190 776 5243; x_wconf 86' lang='lat' dir='ltr'><strong>factum</strong></span> <span class='ocrx_word' id='word_1_696' title='bbox 816 5186 1090 5259; x_wconf 86' lang='lat' dir='ltr'><strong>apostoli,</strong></span> <span class='ocrx_word' id='word_1_697' title='bbox 1118 5187 1281 5259; x_wconf 89' lang='lat' dir='ltr'><strong>quod</strong></span> <span class='ocrx_word' id='word_1_698' title='bbox 1313 5188 1369 5242; x_wconf 87' lang='lat' dir='ltr'><strong>in</strong></span> <span class='ocrx_word' id='word_1_699' title='bbox 1396 5187 1517 5243; x_wconf 86' lang='lat' dir='ltr'><strong>ﬁlia</strong></span> <span class='ocrx_word' id='word_1_700' title='bbox 1546 5188 1673 5259; x_wconf 91' lang='lat' dir='ltr'><strong>ejus</strong></span> <span class='ocrx_word' id='word_1_701' title='bbox 1695 5194 1889 5261; x_wconf 89' lang='lat' dir='ltr'><strong>patra-</strong></span> 
     </span>
    </p>
   </div>
   <div class='ocr_carea' id='block_1_101' title="bbox 239 5276 1887 5349">
    <p class='ocr_par' dir='ltr' id='par_1_101' title="bbox 239 5276 1887 5349">
     <span class='ocr_line' id='line_1_101' title="bbox 239 5276 1887 5349; baseline -0.002 -13"><span class='ocrx_word' id='word_1_702' title='bbox 239 5285 426 5341; x_wconf 90' lang='lat' dir='ltr'><strong>verat,</strong></span> <span class='ocrx_word' id='word_1_703' title='bbox 459 5276 663 5333; x_wconf 94' lang='lat' dir='ltr'><strong>ordine</strong></span> <span class='ocrx_word' id='word_1_704' title='bbox 689 5276 973 5332; x_wconf 87' lang='lat' dir='ltr'><strong>recitavit.</strong></span> <span class='ocrx_word' id='word_1_705' title='bbox 1005 5296 1029 5326; x_wconf 73' lang='grc' dir='ltr'><strong>υ</strong></span> <span class='ocrx_word' id='word_1_706' title='bbox 1054 5276 1374 5332; x_wconf 86' lang='lat' dir='ltr'><strong>Verisimile</strong></span> <span class='ocrx_word' id='word_1_707' title='bbox 1405 5281 1510 5340; x_wconf 90' lang='lat' dir='ltr'><strong>est,</strong></span> <span class='ocrx_word' id='word_1_708' title='bbox 1536 5281 1764 5347; x_wconf 90' lang='lat' dir='ltr'><strong>patrem</strong></span> <span class='ocrx_word' id='word_1_709' title='bbox 1779 5294 1887 5349; x_wconf 91' lang='lat' dir='ltr'><strong>pro</strong></span> 
     </span>
    </p>
   </div>
   <div class='ocr_carea' id='block_1_102' title="bbox 240 5364 1888 5438">
    <p class='ocr_par' dir='ltr' id='par_1_102' title="bbox 240 5364 1888 5438">
     <span class='ocr_line' id='line_1_102' title="bbox 240 5364 1888 5438; baseline 0 -16"><span class='ocrx_word' id='word_1_710' title='bbox 240 5367 362 5423; x_wconf 86' lang='lat' dir='ltr'><strong>ﬁlia</strong></span> <span class='ocrx_word' id='word_1_711' title='bbox 394 5365 583 5438; x_wconf 90' lang='lat' dir='ltr'><strong>pridie</strong></span> <span class='ocrx_word' id='word_1_712' title='bbox 613 5381 789 5436; x_wconf 92' lang='lat' dir='ltr'><strong>opem</strong></span> <span class='ocrx_word' id='word_1_713' title='bbox 814 5364 1003 5419; x_wconf 89' lang='lat' dir='ltr'><strong>sancti</strong></span> <span class='ocrx_word' id='word_1_714' title='bbox 1032 5364 1288 5422; x_wconf 70' lang='lat' dir='ltr'><strong>Matthaai</strong></span> <span class='ocrx_word' id='word_1_715' title='bbox 1309 5364 1659 5436; x_wconf 90' lang='lat' dir='ltr'><strong>implorasse</strong></span> <span class='ocrx_word' id='word_1_716' title='bbox 1684 5387 1697 5420; x_wconf 89' lang='lat'><strong>:</strong></span> <span class='ocrx_word' id='word_1_717' title='bbox 1725 5366 1783 5421; x_wconf 94' lang='lat' dir='ltr'><strong>id</strong></span> <span class='ocrx_word' id='word_1_718' title='bbox 1807 5372 1888 5422; x_wconf 90' lang='lat' dir='ltr'><strong>ta-</strong></span> 
     </span>
    </p>
   </div>
   <div class='ocr_carea' id='block_1_103' title="bbox 241 5453 1041 5526">
    <p class='ocr_par' dir='ltr' id='par_1_103' title="bbox 241 5453 1041 5526">
     <span class='ocr_line' id='line_1_103' title="bbox 241 5453 1041 5526; baseline -0.01 -14"><span class='ocrx_word' id='word_1_719' title='bbox 241 5473 381 5512; x_wconf 90' lang='lat' dir='ltr'><strong>men</strong></span> <span class='ocrx_word' id='word_1_720' title='bbox 411 5460 615 5511; x_wconf 87' lang='lat' dir='ltr'><strong>auctor</strong></span> <span class='ocrx_word' id='word_1_721' title='bbox 647 5453 1041 5526; x_wconf 69' lang='lat' dir='ltr'><strong>praetermisit.</strong></span> 
     </span>
    </p>
   </div>
   <div class='ocr_carea' id='block_1_104' title="bbox 311 5540 1884 5615">
    <p class='ocr_par' dir='ltr' id='par_1_104' title="bbox 311 5540 1884 5615">
     <span class='ocr_line' id='line_1_104' title="bbox 311 5540 1884 5615; baseline -0.002 -13"><span class='ocrx_word' id='word_1_722' title='bbox 311 5550 402 5603; x_wconf 87' lang='lat'><strong>73.</strong></span> <span class='ocrx_word' id='word_1_723' title='bbox 437 5564 465 5597; x_wconf 85' lang='lat'>«</span> <span class='ocrx_word' id='word_1_724' title='bbox 495 5544 713 5601; x_wconf 91' lang='lat' dir='ltr'><strong>Eodem</strong></span> <span class='ocrx_word' id='word_1_725' title='bbox 748 5548 1015 5615; x_wconf 91' lang='lat' dir='ltr'><strong>tempore</strong></span> <span class='ocrx_word' id='word_1_726' title='bbox 1071 5540 1282 5598; x_wconf 89' lang='lat' dir='ltr'><strong>mulier</strong></span> <span class='ocrx_word' id='word_1_727' title='bbox 1323 5540 1603 5614; x_wconf 65' lang='lat' dir='ltr'><strong>quaedam</strong></span> <span class='ocrx_word' id='word_1_728' title='bbox 1645 5541 1884 5599; x_wconf 90' lang='lat' dir='ltr'><strong>unicam</strong></span> 
     </span>
    </p>
   </div>
   <div class='ocr_carea' id='block_1_105' title="bbox 1994 4474 3639 4549">
    <p class='ocr_par' dir='ltr' id='par_1_105' title="bbox 1994 4474 3639 4549">
     <span class='ocr_line' id='line_1_105' title="bbox 1994 4474 3639 4549; baseline -0.003 -15"><span class='ocrx_word' id='word_1_729' title='bbox 1994 4477 2150 4534; x_wconf 90' lang='lat' dir='ltr'><strong>riora</strong></span> <span class='ocrx_word' id='word_1_730' title='bbox 2171 4491 2443 4547; x_wconf 83' lang='lat' dir='ltr'><strong>egressus</strong></span> <span class='ocrx_word' id='word_1_731' title='bbox 2464 4480 2570 4531; x_wconf 87' lang='lat' dir='ltr'><strong>est.</strong></span> <span class='ocrx_word' id='word_1_732' title='bbox 2601 4479 2972 4549; x_wconf 88' lang='lat' dir='ltr'><strong>Quapropter</strong></span> <span class='ocrx_word' id='word_1_733' title='bbox 2988 4492 3197 4533; x_wconf 92' lang='lat' dir='ltr'><strong>omnes</strong></span> <span class='ocrx_word' id='word_1_734' title='bbox 3216 4474 3501 4533; x_wconf 89' lang='lat' dir='ltr'><strong>Salvatori</strong></span> <span class='ocrx_word' id='word_1_735' title='bbox 3521 4476 3639 4529; x_wconf 89' lang='lat' dir='ltr'><strong>Deo</strong></span> 
     </span>
    </p>
   </div>
   <div class='ocr_carea' id='block_1_106' title="bbox 1995 4566 3637 4642">
    <p class='ocr_par' dir='ltr' id='par_1_106' title="bbox 1995 4566 3637 4642">
     <span class='ocr_line' id='line_1_106' title="bbox 1995 4566 3637 4642; baseline -0.002 -19"><span class='ocrx_word' id='word_1_736' title='bbox 1995 4569 2213 4642; x_wconf 87' lang='lat' dir='ltr'><strong>pariter</strong></span> <span class='ocrx_word' id='word_1_737' title='bbox 2249 4567 2468 4639; x_wconf 86' lang='lat' dir='ltr'><strong>gratias</strong></span> <span class='ocrx_word' id='word_1_738' title='bbox 2495 4566 2762 4633; x_wconf 90' lang='lat' dir='ltr'><strong>retulere,</strong></span> <span class='ocrx_word' id='word_1_739' title='bbox 2803 4567 2903 4641; x_wconf 90' lang='lat' dir='ltr'><strong>qui</strong></span> <span class='ocrx_word' id='word_1_740' title='bbox 2933 4583 3039 4640; x_wconf 93' lang='lat' dir='ltr'><strong>per</strong></span> <span class='ocrx_word' id='word_1_741' title='bbox 3064 4566 3404 4639; x_wconf 88' lang='lat' dir='ltr'><strong>apostolum</strong></span> <span class='ocrx_word' id='word_1_742' title='bbox 3458 4580 3637 4620; x_wconf 91' lang='lat' dir='ltr'><strong>suum</strong></span> 
     </span>
    </p>
   </div>
   <div class='ocr_carea' id='block_1_107' title="bbox 1994 4654 3636 4728">
    <p class='ocr_par' dir='ltr' id='par_1_107' title="bbox 1994 4654 3636 4728">
     <span class='ocr_line' id='line_1_107' title="bbox 1994 4654 3636 4728; baseline -0.005 -14"><span class='ocrx_word' id='word_1_743' title='bbox 1994 4656 2109 4714; x_wconf 90' lang='lat' dir='ltr'><strong>tale</strong></span> <span class='ocrx_word' id='word_1_744' title='bbox 2143 4656 2425 4726; x_wconf 89' lang='lat' dir='ltr'><strong>dignatus</strong></span> <span class='ocrx_word' id='word_1_745' title='bbox 2448 4660 2535 4711; x_wconf 90' lang='lat' dir='ltr'><strong>est</strong></span> <span class='ocrx_word' id='word_1_746' title='bbox 2564 4655 2798 4728; x_wconf 89' lang='lat' dir='ltr'><strong>operari</strong></span> <span class='ocrx_word' id='word_1_747' title='bbox 2850 4655 3226 4711; x_wconf 91' lang='lat' dir='ltr'><strong>miraculum.</strong></span> <span class='ocrx_word' id='word_1_748' title='bbox 3279 4654 3636 4711; x_wconf 82' lang='lat' dir='ltr'><strong>Athanasius</strong></span> 
     </span>
    </p>
   </div>
   <div class='ocr_carea' id='block_1_108' title="bbox 1996 4740 3638 4817">
    <p class='ocr_par' dir='ltr' id='par_1_108' title="bbox 1996 4740 3638 4817">
     <span class='ocr_line' id='line_1_108' title="bbox 1996 4740 3638 4817; baseline -0.004 -16"><span class='ocrx_word' id='word_1_749' title='bbox 1996 4750 2194 4801; x_wconf 91' lang='lat' dir='ltr'><strong>autem</strong></span> <span class='ocrx_word' id='word_1_750' title='bbox 2207 4744 2468 4809; x_wconf 88' lang='lat' dir='ltr'><strong>dentem,</strong></span> <span class='ocrx_word' id='word_1_751' title='bbox 2487 4760 2664 4817; x_wconf 89' lang='lat' dir='ltr'><strong>quem</strong></span> <span class='ocrx_word' id='word_1_752' title='bbox 2680 4744 2755 4800; x_wconf 89' lang='lat' dir='ltr'><strong>ad</strong></span> <span class='ocrx_word' id='word_1_753' title='bbox 2774 4744 3187 4815; x_wconf 87' lang='lat' dir='ltr'><strong>expellendum</strong></span> <span class='ocrx_word' id='word_1_754' title='bbox 3214 4744 3443 4799; x_wconf 91' lang='lat' dir='ltr'><strong>hostem</strong></span> <span class='ocrx_word' id='word_1_755' title='bbox 3466 4740 3638 4797; x_wconf 87' lang='lat' dir='ltr'><strong>mali-</strong></span> 
     </span>
    </p>
   </div>
   <div class='ocr_carea' id='block_1_109' title="bbox 1996 4830 3641 4904">
    <p class='ocr_par' dir='ltr' id='par_1_109' title="bbox 1996 4830 3641 4904">
     <span class='ocr_line' id='line_1_109' title="bbox 1996 4830 3641 4904; baseline -0.002 -16"><span class='ocrx_word' id='word_1_756' title='bbox 1996 4850 2181 4904; x_wconf 91' lang='lat' dir='ltr'><strong>gnum</strong></span> <span class='ocrx_word' id='word_1_757' title='bbox 2213 4832 2478 4896; x_wconf 90' lang='lat' dir='ltr'><strong>dederat,</strong></span> <span class='ocrx_word' id='word_1_758' title='bbox 2510 4833 2848 4902; x_wconf 91' lang='lat' dir='ltr'><strong>recolligere</strong></span> <span class='ocrx_word' id='word_1_759' title='bbox 2870 4838 3170 4901; x_wconf 86' lang='lat' dir='ltr'><strong>satagens,</strong></span> <span class='ocrx_word' id='word_1_760' title='bbox 3193 4832 3394 4885; x_wconf 91' lang='lat' dir='ltr'><strong>multis</strong></span> <span class='ocrx_word' id='word_1_761' title='bbox 3422 4830 3641 4886; x_wconf 83' lang='lat' dir='ltr'><strong>frustra</strong></span> 
     </span>
    </p>
   </div>
   <div class='ocr_carea' id='block_1_110' title="bbox 1996 4917 3635 4994">
    <p class='ocr_par' dir='ltr' id='par_1_110' title="bbox 1996 4917 3635 4994">
     <span class='ocr_line' id='line_1_110' title="bbox 1996 4917 3635 4994; baseline -0.006 -16"><span class='ocrx_word' id='word_1_762' title='bbox 1996 4921 2196 4978; x_wconf 80' lang='lat' dir='ltr'><strong>eﬂ&#39;usis</strong></span> <span class='ocrx_word' id='word_1_763' title='bbox 2231 4920 2528 4994; x_wconf 86' lang='lat' dir='ltr'><strong>precibus,</strong></span> <span class='ocrx_word' id='word_1_764' title='bbox 2594 4936 2977 4993; x_wconf 90' lang='lat' dir='ltr'><strong>nequaquam</strong></span> <span class='ocrx_word' id='word_1_765' title='bbox 3039 4919 3217 4975; x_wconf 90' lang='lat' dir='ltr'><strong>valuit</strong></span> <span class='ocrx_word' id='word_1_766' title='bbox 3264 4917 3553 4974; x_wconf 92' lang='lat' dir='ltr'><strong>obtinere.</strong></span> <span class='ocrx_word' id='word_1_767' title='bbox 3610 4937 3635 4967; x_wconf 75' lang='grc' dir='ltr'><strong>ι</strong></span> 
     </span>
    </p>
   </div>
   <div class='ocr_carea' id='block_1_111' title="bbox 2002 5004 3530 5082">
    <p class='ocr_par' dir='ltr' id='par_1_111' title="bbox 2002 5004 3530 5082">
     <span class='ocr_line' id='line_1_111' title="bbox 2002 5004 3530 5082; baseline -0.003 -19"><span class='ocrx_word' id='word_1_768' title='bbox 2002 5011 2295 5066; x_wconf 87' lang='lat' dir='ltr'><strong>Hactenus</strong></span> <span class='ocrx_word' id='word_1_769' title='bbox 2322 5009 2521 5082; x_wconf 91' lang='lat' dir='ltr'><strong>priora</strong></span> <span class='ocrx_word' id='word_1_770' title='bbox 2560 5007 2851 5063; x_wconf 82' lang='lat' dir='ltr'><strong>beneﬁcia</strong></span> <span class='ocrx_word' id='word_1_771' title='bbox 2884 5006 3265 5064; x_wconf 90' lang='lat' dir='ltr'><strong>Salernitanis</strong></span> <span class='ocrx_word' id='word_1_772' title='bbox 3292 5004 3530 5061; x_wconf 91' lang='lat' dir='ltr'><strong>collata.</strong></span> 
     </span>
    </p>
   </div>
   <div class='ocr_carea' id='block_1_112' title="bbox 2067 5092 3639 5170">
    <p class='ocr_par' dir='ltr' id='par_1_112' title="bbox 2067 5092 3639 5170">
     <span class='ocr_line' id='line_1_112' title="bbox 2067 5092 3639 5170; baseline -0.004 -16"><span class='ocrx_word' id='word_1_773' title='bbox 2067 5100 2155 5154; x_wconf 83' lang='grc'><strong>75.</strong></span> <span class='ocrx_word' id='word_1_774' title='bbox 2182 5099 2243 5153; x_wconf 89' lang='lat' dir='ltr'><strong>In</strong></span> <span class='ocrx_word' id='word_1_775' title='bbox 2268 5106 2520 5170; x_wconf 87' lang='lat' dir='ltr'><strong>utroque</strong></span> <span class='ocrx_word' id='word_1_776' title='bbox 2548 5113 2658 5153; x_wconf 90' lang='lat' dir='ltr'><strong>ms.</strong></span> <span class='ocrx_word' id='word_1_777' title='bbox 2692 5096 3072 5167; x_wconf 86' lang='lat' dir='ltr'><strong>subjungitur</strong></span> <span class='ocrx_word' id='word_1_778' title='bbox 3088 5093 3397 5151; x_wconf 89' lang='lat' dir='ltr'><strong>translatio</strong></span> <span class='ocrx_word' id='word_1_779' title='bbox 3420 5092 3639 5149; x_wconf 88' lang='lat' dir='ltr'><strong>brachii</strong></span> 
     </span>
    </p>
   </div>
   <div class='ocr_carea' id='block_1_113' title="bbox 1998 5181 3642 5258">
    <p class='ocr_par' dir='ltr' id='par_1_113' title="bbox 1998 5181 3642 5258">
     <span class='ocr_line' id='line_1_113' title="bbox 1998 5181 3642 5258; baseline -0.004 -14"><span class='ocrx_word' id='word_1_780' title='bbox 1998 5190 2418 5250; x_wconf 88' lang='lat' dir='ltr'><strong>Beneventum,</strong></span> <span class='ocrx_word' id='word_1_781' title='bbox 2460 5186 2533 5240; x_wconf 93' lang='lat' dir='ltr'><strong>de</strong></span> <span class='ocrx_word' id='word_1_782' title='bbox 2558 5201 2681 5258; x_wconf 93' lang='lat' dir='ltr'><strong>quo</strong></span> <span class='ocrx_word' id='word_1_783' title='bbox 2704 5191 2897 5240; x_wconf 90' lang='lat' dir='ltr'><strong>tamen</strong></span> <span class='ocrx_word' id='word_1_784' title='bbox 2934 5184 3076 5239; x_wconf 88' lang='lat' dir='ltr'><strong>nihil</strong></span> <span class='ocrx_word' id='word_1_785' title='bbox 3106 5183 3336 5255; x_wconf 90' lang='lat' dir='ltr'><strong>reperio</strong></span> <span class='ocrx_word' id='word_1_786' title='bbox 3366 5181 3524 5253; x_wconf 85' lang='lat' dir='ltr'><strong>apud</strong></span> <span class='ocrx_word' id='word_1_787' title='bbox 3551 5182 3642 5238; x_wconf 91' lang='lat' dir='ltr'><strong>Vi-</strong></span> 
     </span>
    </p>
   </div>
   <div class='ocr_carea' id='block_1_114' title="bbox 1997 5270 3639 5350">
    <p class='ocr_par' dir='ltr' id='par_1_114' title="bbox 1997 5270 3639 5350">
     <span class='ocr_line' id='line_1_114' title="bbox 1997 5270 3639 5350; baseline -0.004 -18"><span class='ocrx_word' id='word_1_788' title='bbox 1997 5292 2203 5350; x_wconf 90' lang='lat' dir='ltr'><strong>peram</strong></span> <span class='ocrx_word' id='word_1_789' title='bbox 2219 5274 2486 5347; x_wconf 84' lang='lat' dir='ltr'><strong>aliosque</strong></span> <span class='ocrx_word' id='word_1_790' title='bbox 2505 5274 2811 5345; x_wconf 89' lang='lat' dir='ltr'><strong>scriptores</strong></span> <span class='ocrx_word' id='word_1_791' title='bbox 2828 5270 3433 5338; x_wconf 87' lang='lat' dir='ltr'><strong>Beneventanos.Quid</strong></span> <span class='ocrx_word' id='word_1_792' title='bbox 3448 5285 3639 5326; x_wconf 64' lang='lat' dir='ltr'><strong>causas</strong></span> 
     </span>
    </p>
   </div>
   <div class='ocr_carea' id='block_1_115' title="bbox 1999 5359 3639 5436">
    <p class='ocr_par' dir='ltr' id='par_1_115' title="bbox 1999 5359 3639 5436">
     <span class='ocr_line' id='line_1_115' title="bbox 1999 5359 3639 5436; baseline -0.004 -15"><span class='ocrx_word' id='word_1_793' title='bbox 1999 5366 2093 5433; x_wconf 90' lang='lat' dir='ltr'><strong>sit,</strong></span> <span class='ocrx_word' id='word_1_794' title='bbox 2148 5380 2380 5436; x_wconf 86' lang='lat' dir='ltr'><strong>nequeo</strong></span> <span class='ocrx_word' id='word_1_795' title='bbox 2411 5362 2697 5427; x_wconf 89' lang='lat' dir='ltr'><strong>divinare,</strong></span> <span class='ocrx_word' id='word_1_796' title='bbox 2733 5362 2841 5415; x_wconf 92' lang='lat' dir='ltr'><strong>nisi</strong></span> <span class='ocrx_word' id='word_1_797' title='bbox 2884 5361 3050 5427; x_wconf 87' lang='lat' dir='ltr'><strong>forte,</strong></span> <span class='ocrx_word' id='word_1_798' title='bbox 3103 5360 3269 5430; x_wconf 90' lang='lat' dir='ltr'><strong>quod</strong></span> <span class='ocrx_word' id='word_1_799' title='bbox 3323 5359 3639 5415; x_wconf 88' lang='lat' dir='ltr'><strong>brachium</strong></span> 
     </span>
    </p>
   </div>
   <div class='ocr_carea' id='block_1_116' title="bbox 1996 5449 3641 5520">
    <p class='ocr_par' dir='ltr' id='par_1_116' title="bbox 1996 5449 3641 5520">
     <span class='ocr_line' id='line_1_116' title="bbox 1996 5449 3641 5520; baseline -0.005 -10"><span class='ocrx_word' id='word_1_800' title='bbox 1996 5454 2155 5510; x_wconf 89' lang='lat' dir='ltr'><strong>istud</strong></span> <span class='ocrx_word' id='word_1_801' title='bbox 2196 5469 2315 5509; x_wconf 92' lang='lat' dir='ltr'><strong>non</strong></span> <span class='ocrx_word' id='word_1_802' title='bbox 2342 5452 2443 5505; x_wconf 91' lang='lat' dir='ltr'><strong>diu</strong></span> <span class='ocrx_word' id='word_1_803' title='bbox 2478 5450 2760 5505; x_wconf 91' lang='lat' dir='ltr'><strong>manserit</strong></span> <span class='ocrx_word' id='word_1_804' title='bbox 2796 5450 3124 5505; x_wconf 88' lang='lat' dir='ltr'><strong>Beneventi.</strong></span> <span class='ocrx_word' id='word_1_805' title='bbox 3157 5449 3530 5520; x_wconf 90' lang='lat' dir='ltr'><strong>Subjungam</strong></span> <span class='ocrx_word' id='word_1_806' title='bbox 3557 5452 3641 5502; x_wconf 89' lang='lat' dir='ltr'><strong>ta-</strong></span> 
     </span>
    </p>
   </div>
   <div class='ocr_carea' id='block_1_117' title="bbox 1997 5536 3638 5613">
    <p class='ocr_par' dir='ltr' id='par_1_117' title="bbox 1997 5536 3638 5613">
     <span class='ocr_line' id='line_1_117' title="bbox 1997 5536 3638 5613; baseline -0.005 -14"><span class='ocrx_word' id='word_1_807' title='bbox 1997 5558 2159 5610; x_wconf 93' lang='lat' dir='ltr'><strong>men,</strong></span> <span class='ocrx_word' id='word_1_808' title='bbox 2189 5558 2323 5613; x_wconf 77' lang='lat' dir='ltr'><strong>quaa</strong></span> <span class='ocrx_word' id='word_1_809' title='bbox 2342 5540 2402 5595; x_wconf 92' lang='lat' dir='ltr'><strong>in</strong></span> <span class='ocrx_word' id='word_1_810' title='bbox 2426 5555 2569 5595; x_wconf 89' lang='lat' dir='ltr'><strong>mss.</strong></span> <span class='ocrx_word' id='word_1_811' title='bbox 2590 5538 2840 5611; x_wconf 89' lang='lat' dir='ltr'><strong>reperio,</strong></span> <span class='ocrx_word' id='word_1_812' title='bbox 2862 5554 3120 5613; x_wconf 71' lang='lat' dir='ltr'><strong>qumque</strong></span> <span class='ocrx_word' id='word_1_813' title='bbox 3142 5554 3214 5595; x_wconf 83' lang='lat' dir='ltr'><strong>ex</strong></span> <span class='ocrx_word' id='word_1_814' title='bbox 3230 5537 3440 5595; x_wconf 87' lang='lat' dir='ltr'><strong>iisdem</strong></span> <span class='ocrx_word' id='word_1_815' title='bbox 3458 5536 3638 5592; x_wconf 92' lang='lat' dir='ltr'><strong>etiam</strong></span> 
     </span>
    </p>
   </div>
  </div>
