4124 6270
471 229 578 284 795

1801 219 2060 276 MENSIS
2101 215 2533 274 SEPTEMBER.

3792 215 3921 270 796

474 351 774 409 enarravit
804 352 1113 420 Marsilius,
1163 367 1275 423 cap
1316 353 1417 407 10:
1454 369 1478 401 α
1513 353 1656 406 Cum
1713 351 1913 404 autem
1953 346 2116 399 fama
2148 344 2194 398 A
2227 343 2419 410 Quam
2448 342 2617 397 facile
2660 345 2859 396 autem
2896 338 3054 394 illius
3085 338 3355 410 corporis
3411 340 3710 395 memoria
3742 340 3920 396 inte-

474 442 659 514 signis
695 441 1116 513 miraculisque
1163 441 1339 510 longe
1381 439 1617 510 lateque
1663 436 2023 505 vulgaretur,
2061 437 2118 487 et

478 530 864 600 Landulphus
883 529 1334 584 Beneventanus
1351 529 1622 596 princeps
1641 521 2116 587 audisset,Saler-

476 618 738 674 nitanum
755 617 1030 688 populum
1046 616 1355 672 beatissimi
1371 615 1626 670 Matthaei
1642 611 2117 684 corpus,Christo

477 706 760 768 donante,
794 705 1120 776 possidere,
1157 721 1498 760 convocans
1531 720 1672 758 suos
1715 705 2026 770 magnates
2062 703 2118 753 et

478 797 796 864 sapientes,
834 796 1064 860 Scitote,
1097 793 1306 865 inquit,
1341 809 1376 848 a
1411 793 1525 848 Deo
1553 793 1834 847 donatam
1866 789 2115 844 salutem

476 885 858 942 Salernitanis
886 884 1222 950 advenisse,
1255 897 1475 954 eosque
1510 898 1725 952 corpus
1759 877 2116 935 sanctissimi

478 977 730 1046 apostoli
754 981 809 1030 et
838 973 1219 1041 evangelista:
1251 973 1525 1035 Matthaei,
1561 972 1693 1043 ipso
1721 969 2031 1030 revelante.
2059 968 2118 1022 in

482 1065 751 1120 Lucaniae
774 1065 994 1120 ﬁnibus
1011 1067 1334 1133 repertum,
1351 1078 1487 1115 cum
1509 1060 1752 1132 hymnis
1778 1065 1832 1113 et
1849 1057 2120 1113 laudibus

481 1153 633 1207 intra
666 1153 830 1207 urbis
861 1167 986 1206 sum
1013 1149 1236 1206 mcenia
1254 1150 1596 1204 collocasse.
1622 1150 1803 1211 Unde,
1830 1147 1874 1200 si
1906 1146 2116 1217 placet,

482 1241 917 1296 Salernitanum
959 1239 1286 1311 principem
1311 1242 1489 1309 atque
1521 1235 1858 1308 pontificem
1903 1233 2122 1305 pariter

482 1329 849 1384 obsecrando
879 1329 1256 1395 mandemus,
1287 1333 1350 1381 ut
1371 1326 1445 1381 ad
1466 1325 1708 1380 tutelam
1732 1329 1949 1379 nostras
1976 1337 2121 1394 quo-

482 1433 599 1489 que
630 1418 878 1473 civitatis
909 1434 978 1472 ex
997 1417 1203 1472 eodem
1231 1414 1603 1470 sanctissimo
1621 1429 1869 1483 corpore
1892 1417 2121 1484 partem

483 1504 742 1576 aliquam
759 1506 954 1575 largiri
974 1505 1312 1574 dignentur.
1327 1503 1442 1558 Illis
1455 1510 1648 1557 autem
1666 1501 1950 1573 principis
1968 1500 2125 1555 dicta

483 1594 892 1664 probantibus,
925 1595 1085 1648 missi
1119 1598 1257 1648 sunt
1289 1592 1559 1665 protinus
1592 1590 1842 1645 illustres
1875 1589 1978 1644 viri
2013 1591 2126 1643 Sa-

2227 434 2339 486 rire
2378 432 2632 501 potuerit
2669 430 2727 482 in
2769 428 3048 493 Lucania,
3087 427 3185 482 ubi
3220 428 3562 498 depositum
3597 428 3805 484 fuerat
3842 429 3916 484 in

2227 520 2473 574 ecclesia
2513 532 2697 589 prope
2727 519 2994 581 Paestum,
3028 515 3327 572 civitatem
3359 517 3586 572 bellicis
3614 517 3909 574 motibus

2227 623 2471 681 prorsus
2502 607 2778 669 dirutam,
2815 606 2970 661 clare
3009 607 3438 677 perspiciemus
3482 622 3552 661 ex
3606 607 3696 673 iis,
3749 624 3914 679 quas

2229 697 2492 768 sequenti
2524 697 2738 751 saeculo
2765 695 3138 763 contigerunt
3165 695 3224 749 in
3258 696 3385 765 ipsa
3416 695 3653 750 civitate
3688 697 3910 752 Saler-

2229 787 2449 852 nitana,
2487 787 2585 841 ubi
2614 784 3088 856 similiterprimo
3118 784 3536 840 fuitoblivione
3565 784 3902 856 perditum,

2231 892 2300 932 ac
2327 882 2533 947 postea
2573 876 2809 930 feliciter
2838 874 3165 928 inventum.
3199 875 3488 929 Baronius
3523 875 3599 930 ad
3650 891 3904 932 annum

2235 970 2369 1021 1080
2409 983 2477 1020 ex
2529 965 2873 1035 conjectura
2922 962 3352 1018 verisimillima
3391 963 3552 1029 dicit,
3615 963 3690 1018 ob
3722 966 3905 1020 varia

2231 1056 2514 1110 bellorum
2542 1054 2882 1108 discrimina
2903 1052 3256 1107 occultatum
3295 1052 3498 1114 fuisse.
3542 1059 3618 1118 et,
3658 1059 3722 1109 ut
3762 1072 3901 1110 cre-

2230 1143 2399 1208 didit,
2451 1159 2518 1198 ex
2547 1142 2861 1197 hominum
2913 1142 3202 1197 memoria
3249 1142 3374 1212 jam
3417 1140 3750 1208 efﬂuxerat,
3788 1144 3904 1198 sed

2232 1232 2348 1287 fere
2369 1231 2561 1286 solum
2576 1230 2814 1299 ignotus
2828 1235 2951 1286 erat
2968 1230 3156 1294 locus,
3176 1230 3272 1285 ubi
3299 1230 3491 1285 fuerat
3515 1231 3897 1301 depositum.

2233 1323 2351 1376 Hoc
2376 1326 2575 1376 autem
2604 1336 2722 1374 non
2757 1335 2891 1374 raro
2926 1319 3169 1388 contigit
3195 1319 3270 1374 de
3307 1320 3435 1374 aliis
3465 1336 3705 1393 quoque
3740 1338 3896 1377 san-

2232 1417 2462 1467 ctorum
2494 1409 2852 1474 corporibus,
2877 1409 3232 1480 quaatitnore
3255 1411 3462 1478 nimio,
3492 1427 3565 1465 ne
3585 1411 3906 1467 auferren-

2237 1507 2328 1557 tur
2357 1515 2738 1572 aquoquam,
2775 1499 3039 1570 deposita
3077 1498 3308 1555 fuerant
3346 1501 3478 1556 loco
3529 1501 3744 1572 paucis
3786 1519 3893 1557 co-

2236 1591 2420 1660 gnito,
2453 1595 2507 1643 et
2525 1589 2608 1644 sic
2632 1594 2733 1644 aut
2751 1589 2936 1643 multo
2960 1596 3217 1660 tempore
3245 1590 3900 1647 latueruntautetiam-

486 1681 738 1745 lernum,
777 1684 976 1751 magni
1019 1683 1283 1736 muneris
1325 1696 1527 1751 preces
1561 1679 1928 1734 humillimas
1969 1675 2123 1732 defe-
2156 1674 2203 1732 B
2236 1695 2383 1734 num
2418 1678 2617 1734 latent.

489 1775 701 1825 rentes.
735 1771 890 1835 Quos
931 1771 1206 1841 princeps
1239 1775 1292 1825 et
1336 1768 1597 1840 pontifex
1652 1767 1907 1836 benigne
1942 1764 2126 1820 susci-

485 1859 726 1930 pientes,
760 1864 937 1931 atque
966 1875 1172 1914 eorum
1209 1858 1586 1930 petitionibus
1614 1862 1965 1922 annuentes,
2001 1854 2130 1909 bra—

486 1948 684 2003 chium
727 1948 838 2002 illis
871 1948 1018 2002 sacri
1065 1947 1329 2018 corporis
1358 1963 1595 2001 summa
1639 1962 1772 2000 cum
1807 1941 2130 1999 reverentia

487 2036 727 2092 tradunt
758 2037 878 2090 suis
905 2036 1253 2091 concivibus
1272 2035 1681 2092 deferendum.
1711 2034 1838 2098 Quo
1864 2037 2129 2102 accepto,

487 2124 810 2196 plurimum
870 2124 1254 2194 gratulantes,
1301 2125 1752 2194 immensasque
1793 2123 1909 2175 Deo
1954 2126 2132 2191 atque

488 2213 758 2284 apostolo
775 2213 980 2268 Christi
996 2213 1216 2282 gratias
1228 2208 2132 2282 referentes,incomparabilique

487 2301 645 2356 dono
672 2300 1086 2372 tripudiantes,
1118 2303 1510 2355 Beneventum
1551 2300 1783 2354 concito
1823 2297 2013 2370 gradu
2044 2313 2136 2352 re-

490 2388 676 2458 gressi
722 2395 876 2444 sunt.
916 2389 1025 2444 Sed
1059 2395 1382 2460 antequam
1429 2388 1590 2443 urbis
1619 2387 1918 2443 mcenibus
1944 2385 2128 2457 appli-

489 2479 766 2540 cuissent,
804 2478 958 2533 idem
989 2479 1264 2550 princeps
1288 2483 1343 2532 et
1372 2477 1708 2548 episcopus,
1743 2477 1843 2548 qui
1886 2482 2020 2531 tunc
2059 2474 2131 2528 ei-

489 2565 625 2621 dem
656 2567 874 2622 civitati
903 2572 1209 2637 praeerant,
1246 2583 1380 2620 cum
1398 2565 1558 2620 omni
1579 2565 1803 2637 populo
1824 2566 2132 2634 utriusque

489 2671 664 2710 sexus
695 2661 750 2710 et
795 2656 984 2711 aetatis
1017 2659 1099 2710 eis
1142 2655 1380 2710 obviam
1433 2655 1720 2718 exierunt,
1767 2659 1941 2723 atque
1996 2668 2130 2706 cum

489 2744 734 2815 hymnis
763 2748 818 2799 et
849 2743 1132 2799 laudibus
1159 2744 1308 2800 sacri
1341 2744 1601 2815 corporis
1617 2741 1922 2797 brachium
1953 2742 2137 2794 hono—

490 2831 750 2886 rabiliter
779 2833 1222 2900 transtulerunt,
1256 2838 1432 2904 atque
1452 2833 1604 2887 intra
1631 2831 1787 2886 urbis
1809 2830 2028 2885 moenia
2055 2843 2137 2883 re-

489 2925 756 2975 verenter
796 2920 1176 2976 collocarunt.
1208 2941 1236 2972 »

2307 1767 2396 1822 78.
2416 1767 2650 1823 Certum
2664 1783 2906 1839 quoque
2924 1770 3030 1833 est,
3049 1771 3312 1839 tempore
3336 1768 3392 1823 S.
3416 1766 3676 1841 Gregorii
3709 1769 3901 1840 Papa.-

2238 1859 2330 1913 VII
2364 1859 2666 1913 inventum
2700 1858 2878 1912 fuisse
2908 1858 3133 1912 Salerni
3158 1874 3376 1929 corpus
3401 1860 3592 1914 sancti
3613 1860 3898 1928 Matthaai,

2241 1956 2293 2002 et
2326 1947 2651 2002 secundam
2700 1947 2855 2002 hanc
2917 1963 3044 2001 esse
3089 1947 3482 2003 inventionem
3536 1947 3691 2002 sacri
3739 1948 3900 2003 illius

2244 2036 2502 2092 thesauri
2565 2036 2620 2089 in
2679 2051 2864 2107 regno
2931 2036 3344 2107 Neapolitano,
3409 2035 3544 2091 licet
3599 2037 3900 2092 Marsilius

2242 2141 2372 2197 cap.
2406 2125 2440 2178 9
2464 2124 2794 2179 secundam
2830 2124 3229 2179 inventionem
3262 2140 3397 2178 cum
3421 2125 3618 2195 prima
3649 2125 3901 2180 confun-

2242 2214 2366 2270 dat.
2401 2217 2636 2268 Annum
2661 2212 3017 2268 inventionis
3050 2213 3325 2267 secundae
3381 2211 3590 2267 nullibi
3626 2214 3897 2283 assigna-

2243 2308 2368 2357 tum
2396 2301 2652 2358 invenio.
2682 2304 2750 2356 At
2775 2317 2935 2364 cum,
2970 2301 3338 2372 temporibus
3360 2300 3625 2370 Gregorii
3658 2304 3776 2369 VII,
3810 2304 3902 2358 Al-

2244 2392 2423 2462 phaui
2437 2390 2864 2461 archiepiscopi
2883 2389 3319 2454 Salernitani,et
3339 2390 3649 2446 Salernum
3665 2397 3902 2448 tenente

2247 2479 2498 2533 Roberto
2527 2477 2876 2544 Guiscardo,
2893 2477 3039 2532 facta
3056 2477 3126 2531 sit
3152 2477 3253 2532 illa
3278 2479 3560 2543 inventio,
3597 2485 3659 2533 ut
3677 2479 3900 2550 colligit

2245 2583 2316 2621 ex
2353 2566 2554 2620 litteris
2590 2564 2854 2634 Gregorii
2889 2564 2964 2618 ad
2988 2564 3328 2634 Alphanum
3368 2582 3510 2622 mox
3553 2567 3898 2634 recitandis,

2247 2672 2367 2711 non
2392 2659 2586 2726 potest
2614 2653 2783 2723 longe
2802 2655 3014 2708 abesse
3043 2654 3121 2708 ab
3139 2669 3300 2709 anno
3329 2656 3484 2719 1080,
3515 2672 3632 2728 quo
3653 2657 3900 2711 refertur

2247 2762 2283 2800 a
2313 2742 2582 2798 Baronio.
2619 2745 2764 2797 Nam
2797 2759 2956 2797 anno
3013 2742 3149 2797 1077
3199 2741 3517 2798 Salernum
3564 2760 3597 2799 a
3640 2745 3889 2798 Roberto

2247 2831 2573 2888 Guiscardo
2630 2837 2990 2902 occupatum
3058 2833 3362 2887 existimat
3416 2833 3766 2894 Muratorius,
3820 2833 3880 2886 in

2247 2921 2575 2978 Annalibus
2627 2921 2837 2989 Italiae,
2896 2921 2972 2976 ad
3005 2935 3233 2976 annum
3285 2923 3444 2980 1077.
3497 2922 3610 2979 Alii
3649 2919 3723 2975 ad
3752 2921 3886 2975 1075

561 3009 649 3062 76.
678 3008 772 3063 liis
800 3009 1038 3063 additur
1063 3008 1435 3074 beneﬁcium,
1467 3009 1628 3081 quod
1653 3009 1953 3079 accepisse
1976 3022 2134 3062 asse.
2176 3025 2217 3082 α
2248 3017 2350 3066 aut
2385 3012 2519 3065 1076
2572 3008 2727 3064 illius
2786 3009 3042 3064 civitatis
3087 3012 3586 3081 expugnationem
3618 3009 3891 3064 referunt.

492 3096 638 3152 ritur
669 3097 1061 3168 Landulphus
1105 3104 1501 3166 cognomento
1529 3099 1786 3162 Graecus,
1819 3097 1921 3169 qui
1953 3095 2135 3150 Bene-

493 3185 652 3239 venti
669 3201 899 3241 carcere
922 3192 1045 3242 erat
1069 3187 1358 3254 reclusus,
1375 3195 1428 3242 et
1451 3188 1730 3242 manibus
1757 3186 2133 3257 pedibusque

494 3273 744 3328 vinctus.
773 3277 921 3329 Dum
951 3275 1105 3329 enim
1133 3275 1413 3330 audiebat
1441 3276 1668 3330 sonitus
1693 3274 1951 3338 festivos,
1979 3273 2140 3327 intel-

491 3359 960 3432 ligebatqueeos
987 3363 1079 3418 edi
1115 3365 1193 3418 ob
1224 3363 1470 3419 allatum
1500 3362 1688 3418 sancti
1728 3361 1978 3416 Matthaai
2014 3359 2137 3414 bra-

493 3448 714 3518 chium,
766 3451 957 3506 eidem
1004 3459 1207 3506 sancto
1257 3469 1318 3506 se
1372 3451 1834 3515 commendavit,
1887 3456 1940 3505 et
1998 3464 2138 3503 mox

495 3538 699 3591 omnia
723 3539 960 3594 vincula
993 3556 1100 3595 sua
1132 3541 1368 3610 dirupta
1405 3541 1566 3607 vidit,
1600 3539 1948 3595 mirantibus
2002 3553 2142 3592 cun-

495 3626 626 3693 ctis,
661 3627 763 3697 qui
827 3628 1091 3682 aderant.
1133 3649 1159 3680 ‹‹
1201 3629 1457 3702 Cumque
1499 3631 1611 3685 hoc
1644 3629 1886 3700 principi
1941 3629 2140 3682 fuisset

495 3714 767 3778 relatum,
803 3715 994 3786 inquit
1021 3724 1243 3781 auctor,
1269 3735 1404 3772 eum
1428 3721 1591 3772 ocius
1613 3719 1680 3771 de
1714 3733 1945 3771 carcere
1967 3714 2141 3770 educi

498 3802 818 3864 mandavit,
847 3808 1024 3872 atque
1056 3809 1192 3857 ante
1225 3820 1398 3859 suum
1458 3811 1839 3876 conspectum
1882 3804 2099 3858 adduci
2126 3820 2137 3856 :

498 3905 679 3961 quem
713 3889 943 3959 placitis
971 3896 1308 3962 correptum
1341 3892 1536 3946 verbis
1569 3908 1679 3946 suo
1707 3892 2017 3946 confestim
2040 3892 2143 3945 ho-

498 3977 627 4032 nori
653 3978 1364 4052 restituit,pristinamque
1382 3981 1456 4035 illi
1482 3981 1730 4050 gratiam
1751 3981 2079 4035 redonavit.
2109 3999 2136 4030 »

500 4068 787 4120 Hactenus
813 4073 1020 4122 auctor
1040 4084 1399 4140 anonymus,
1417 4070 1519 4141 qui
1537 4069 1926 4125 verisimiliter
1944 4067 2141 4124 ﬂoruit

499 4154 715 4209 saeculo
746 4171 804 4219 x,
837 4172 971 4210 cum
1016 4156 1159 4212 nihil
1220 4159 1411 4214 tradat
1443 4160 1515 4214 de
1547 4160 1634 4224 iis,
1693 4175 1820 4230 quin
1873 4158 2136 4231 sequenti

499 4245 715 4298 saeculo
741 4244 894 4300 facta
912 4247 1280 4314 videbimus;
1308 4249 1426 4304 imo
1444 4249 1820 4305 vehementer
1848 4251 2138 4322 suspicor,

2250 3100 2404 3156 Obiit
2433 3105 2632 3154 autem
2662 3099 2946 3156 laudatus
2983 3098 3267 3154 Robertus
3302 3115 3462 3155 anno
3515 3100 3674 3165 1085,
3725 3098 3802 3153 uti
3843 3103 3896 3152 et

2248 3189 2564 3258 Gregorius
2613 3187 2729 3253 VII,
2780 3187 2901 3241 imo
2951 3194 3005 3242 et
3057 3187 3362 3258 Alpbanus
3413 3189 3898 3261 archiepiscopus

2251 3277 2579 3330 secundum
2611 3275 2941 3344 Ughellum.
2963 3276 3223 3331 Iuventio
3249 3277 3423 3346 igitur
3449 3283 3610 3332 certo
3663 3276 3898 3346 contigit

2248 3365 2398 3420 inter
2450 3380 2675 3420 annum
2712 3366 2850 3419 1075
2881 3371 2936 3420 et
2971 3366 3128 3430 1085,
3164 3365 3435 3437 ideoque,
3467 3370 3527 3421 ut
3556 3366 3896 3434 minimum,

2249 3460 2477 3509 centum
2513 3458 2567 3508 et
2598 3452 2800 3522 viginti
2829 3455 2999 3508 annis
3027 3460 3162 3526 post
3195 3453 3474 3525 primam,
3511 3462 3573 3510 ut
3605 3456 3772 3510 nulla
3815 3471 3900 3510 ra-

2250 3543 2410 3598 tione
2438 3559 2573 3597 cum
2602 3541 2698 3597 illa
2729 3541 3012 3596 confundi
3046 3543 3258 3598 valeat.
3289 3546 3455 3598 Recte
3475 3543 3657 3613 igitur
3688 3544 3899 3599 ambas

2251 3632 2623 3687 inventiones
2657 3631 2960 3701 distinguit
2977 3631 3209 3703 Gaspar
3229 3633 3427 3687 Musca
3454 3631 3512 3686 in
3527 3631 3898 3704 Compendio

2250 3722 2323 3776 de
2355 3722 2485 3776 Vita
2534 3727 2587 3775 et
2643 3719 3129 3776 translationibus
3185 3722 3370 3777 sancti
3432 3722 3687 3777 Matthtei
3741 3730 3795 3778 et
3843 3725 3895 3778 in

2251 3810 2714 3881 archiepiscopis
2745 3809 3156 3865 Salernitanis.

2320 3898 2408 3952 79.
2441 3899 2698 3970 Epistola
2731 3901 2785 3955 S.
2820 3899 3085 3969 Gregorii
3137 3899 3249 3964 VII,
3284 3917 3354 3956 ex
3407 3916 3530 3972 qua
3578 3900 3705 3972 jam
3747 3902 3897 3957 dicta

2250 3985 2628 4056 colliguntur,
2669 3989 2830 4060 apud
2864 3987 3189 4044 Baronium
3221 3989 3298 4045 ad
3329 4005 3556 4045 annum
3592 3992 3727 4045 1080
3760 3991 3898 4046 reci-

2250 4081 2407 4130 tatur
2456 4075 2564 4130 hoc
2617 4077 2829 4135 modo:
2877 4096 2907 4128 ‹‹
2950 4077 3268 4147 Gregorius
3318 4079 3635 4150 episcopus
3691 4095 3892 4134 servus

2253 4179 2558 4219 servorum
2595 4165 2692 4219 Dei
2733 4164 2893 4219 fratri
2921 4171 2973 4220 et
3005 4166 3358 4238 coepiscopo
3390 4165 3765 4222 Salernitano
3810 4166 3893 4221 Al-

2251 4253 2454 4325 phano
2497 4253 2740 4307 salutem
2769 4258 2824 4309 et
2855 4254 3244 4325 apostolicam
3275 4255 3776 4310 benedictionem.
3811 4257 3892 4310 Di-

497 4346 617 4386 non
651 4332 830 4389 alium
866 4350 994 4388 esse
1017 4335 1093 4389 ab
1135 4353 1439 4408 anonymo
1468 4338 1857 4406 Salernitano,
1891 4340 1990 4410 qui
2019 4356 2137 4395 ver-
2175 4371 2221 4426 Ι)
2253 4341 2406 4397 vinas
2433 4343 2663 4413 pietatis
2691 4344 2981 4414 respectui
3017 4344 3234 4410 gratias
3269 4345 3536 4414 ingentes
3567 4343 3880 4406 referimus,

499 4419 591 4473 bis
616 4436 777 4474 num.
811 4422 879 4473 65
905 4421 1060 4476 datis
1094 4424 1167 4476 de
1212 4423 1376 4478 hisce
1417 4425 1660 4478 uberius
1694 4443 1755 4480 se
1782 4427 2138 4496 scripturum

498 4507 789 4578 promisit.

498 4648 526 4719 §
549 4647 644 4702 VI.
677 4650 903 4716 Corpus
925 4651 1138 4705 iterum
1162 4649 1464 4706 inventum
1489 4654 1748 4720 Salerni,
1771 4661 1821 4709 et
1841 4656 1922 4710 ad
1934 4672 2141 4712 novam

605 4721 905 4776 ecclesiam
930 4723 1310 4777 translatum.
1331 4724 1505 4778 Varia
1525 4726 1730 4780 Sancti
1757 4726 2053 4794 beneﬁcia.

570 4867 657 4916 '77.
686 4865 1043 4934 Quanquam
1085 4881 1203 4919 non
1233 4866 1374 4920 satis
1398 4868 1690 4930 novimus,
1721 4883 1842 4939 quo
1875 4874 2140 4940 tempore

501 4955 603 5004 aut
623 4952 792 5019 cujus
811 4967 995 5022 opera
1012 4969 1229 5024 corpus
1253 4956 1439 5009 sancti
1458 4955 1711 5011 Matthazi
1735 4959 1791 5011 in
1820 4959 2138 5014 Lucaniam

502 5037 674 5092 fuerit
703 5039 986 5106 delatum,
1031 5042 1173 5096 illud
1209 5045 1406 5098 tamen
1460 5043 1676 5099 ibidem
1723 5061 1884 5100 anno
1922 5049 2024 5104 954
2055 5048 2139 5102 in-

500 5131 771 5191 ventum,
805 5134 859 5183 et
890 5131 1196 5185 Salernum
1238 5147 1420 5202 Opera
1460 5133 1719 5205 Gisulphi
1774 5136 2053 5206 principis
2086 5142 2142 5192 et

503 5214 813 5267 Bernardis
833 5218 1084 5289 episcopi
1109 5220 1460 5277 Salernitani
1479 5223 1816 5278 translatum
1834 5225 2141 5294 scriptores

504 5305 793 5355 testantur
823 5311 940 5358 tam
982 5308 1228 5378 antiqui,
1259 5310 1542 5366 nimirum
1577 5315 1928 5384 Anonymus
1959 5313 2142 5369 Saler-

505 5392 769 5455 nitanus,
801 5391 898 5459 qui
942 5393 1056 5446 fere
1091 5397 1299 5453 eodem
1334 5400 1544 5455 vixisse
1592 5407 1853 5473 tempore
1892 5401 2138 5469 videtur,

506 5483 561 5532 et
599 5476 709 5532 Leo
737 5478 1036 5542 Ostiensis,
1071 5485 1131 5536 ut
1156 5483 1332 5541 fidem
1382 5490 1450 5544 iis
1483 5505 1703 5560 negare
1752 5507 2137 5563 nequeamus.

2251 4432 2420 4500 cujus
2453 4431 2720 4500 dignatio
2737 4432 3079 4486 thesaurum
3112 4447 3396 4502 magnum
3425 4435 3638 4505 totique
3668 4430 3876 4485 mundo

2252 4521 2623 4591 profuturum
2659 4521 2872 4576 nostris
2925 4522 3294 4592 temporibus
3329 4521 3775 4578 misericorditer
3803 4536 3884 4575 re-

2249 4610 2480 4665 velavit.
2515 4613 2638 4664 Non
2669 4611 2966 4665 immerito
2999 4616 3112 4665 tua;
3143 4627 3384 4682 quoque
3432 4611 3733 4667 dilectioni
3767 4626 3886 4681 gra-

2251 4698 2529 4762 tulamur,
2565 4715 2695 4768 quae
2730 4704 2903 4754 tantae
2927 4698 3139 4755 laetitias
3163 4699 3389 4755 ccelitus
3418 4717 3622 4755 revera
3650 4706 3886 4756 ostensa:

2250 4789 2566 4859 participes
2598 4803 2706 4843 nos
2735 4787 2965 4844 efﬁcere
3017 4789 3261 4843 sollicite
3293 4789 3657 4861 procuravit.
3707 4790 3890 4844 Credi-

2253 4891 2384 4929 mus
2417 4874 2709 4946 siquidem
2734 4882 2788 4930 et
2809 4877 3215 4931 incunctanter
3247 4878 3590 4942 asserimus,
3625 4877 3700 4932 de
3757 4876 3891 4932 tanti

2251 4965 2514 5035 corporis
2547 4965 2886 5020 inventione
2912 4981 3031 5019 non
3060 4963 3249 5020 solum
3284 4967 3484 5037 ipsum
3509 4965 3751 5020 beatum
3767 4968 3892 5022 Mat-

2250 5053 2470 5108 thaeum
2499 5054 2859 5123 apostolum,
2898 5070 3102 5109 verum
3130 5053 3308 5109 etiam
3329 5060 3569 5110 caeteros
3584 5060 3894 5126 coaposto-

2250 5142 2337 5196 los
2365 5157 2498 5194 cum
2536 5142 2765 5197 Sanctis
2795 5143 3075 5197 omnibus
3121 5143 3387 5215 ipsisque
3419 5143 3756 5199 coelestibus
3787 5144 3891 5214 spi-

2250 5229 2480 5293 ritibus,
2506 5235 2560 5284 et
2590 5230 2847 5299 gloriosa
2877 5231 2975 5285 Dei
3009 5231 3290 5287 Genitrice
3314 5232 3516 5297 Maria,
3548 5231 3892 5287 mortalibus

2251 5318 2644 5386 congaudere,
2673 5325 2849 5390 atque
2885 5320 3148 5390 ipsorum
3183 5320 3453 5376 omnium
3503 5320 3702 5376 studia
3744 5321 3891 5376 circa

2250 5406 2584 5459 humanum
2618 5421 2805 5475 genus
2833 5407 2947 5462 hoc
2982 5412 3268 5479 tempore,
3301 5424 3485 5481 quam
3517 5407 3669 5475 aliis,
3709 5409 3892 5466 multo

2251 5493 2647 5564 propensiora
2729 5495 3105 5567 multumque
3187 5511 3316 5553 esse
3394 5497 3798 5554 uberantiora.
3841 5498 3894 5553 Si
