4124 6270
223 299 332 357 797

1594 300 1762 358 VITA
1802 300 1863 357 S.
1905 294 2267 359 ΜΑΤΤΗᾹΞΙ.

3531 307 3635 367 798

226 425 392 481 enim
458 423 683 481 cmteris
758 423 1120 496 temporibus
1188 430 1525 483 sanctorum
1612 442 1723 483 nos
1774 442 1877 499 pa-
1914 428 1956 481 A
1990 428 2186 483 venire
2212 444 2282 485 ac
2313 429 2514 501 primis
2537 429 2809 501 Vesperis
2851 442 2959 485 nec
2985 444 3104 485 non
3144 428 3340 484 missm
3382 429 3636 488 solemni

228 512 481 569 trocinia
530 511 629 583 pia
682 527 803 567 non
843 512 1128 569 deserunt
1161 530 1175 579 ;
1206 515 1538 571 certissime
1586 520 1727 570 tunc
1778 530 1878 587 po-

228 601 531 657 tissimum
560 600 861 671 speranda
893 605 1032 656 sunt
1057 617 1264 658 eorum
1305 600 1547 669 auxilia,
1574 619 1710 659 cum
1740 619 1883 658 san-

230 690 501 746 ctissima
517 705 717 745 eorum
736 705 989 761 corpora
1010 690 1187 746 nobis
1208 692 1380 763 quasi
1398 691 1663 747 rediviva
1679 691 1882 748 divino

232 783 379 834 nutu
408 776 895 834 manifestantur:
930 782 988 833 et
1014 778 1165 835 sicut
1186 795 1289 852 per
1316 780 1585 852 corporei
1602 785 1882 853 aspectus

232 867 511 923 intuitum
558 872 845 940 tanquam
923 867 1067 923 ﬁdes
1139 869 1412 933 cernitur,
1448 885 1577 941 spes
1629 869 1755 942 jam
1809 878 1883 927 te—

233 962 447 1023 netur;
506 955 588 1012 ita
645 972 848 1012 eorum
904 957 1196 1013 beneﬁcia
1241 964 1381 1014 tunc
1435 973 1579 1028 erga
1631 958 1881 1015 devotus

234 1044 528 1109 renovari,
555 1044 917 1117 uberiusque
969 1045 1309 1102 redundare
1349 1045 1719 1103 credendum
1772 1052 1879 1103 est.

238 1133 403 1189 Unde
442 1132 620 1189 etiam
672 1139 875 1189 sancta
928 1134 1274 1190 universalis
1323 1135 1601 1202 Ecclesia,
1650 1135 1883 1191 dudum

238 1222 824 1292 magnisturbinihus
846 1223 1141 1295 variisque
1172 1224 1437 1295 procellis
1458 1225 1738 1297 impulsa,
1767 1223 1887 1279 cla—

239 1327 467 1368 morem
495 1328 667 1367 suum
689 1328 724 1368 a
744 1312 996 1368 Domino
1019 1313 1365 1369 exauditum
1384 1329 1506 1368 non
1524 1312 1885 1379 dubitet,sed

236 1401 313 1457 ad
344 1401 524 1473 quieti
565 1400 775 1457 littoris
806 1401 1181 1458 securitatem
1216 1402 1444 1458 alacres
1490 1402 1698 1458 oculos
1749 1418 1780 1457 e
1809 1403 1890 1458 vi-

237 1490 372 1545 cino
402 1489 741 1557 intendens,
765 1489 921 1546 beati
950 1490 1199 1546 Matthasi
1259 1491 1512 1563 apostoli
1545 1490 1885 1562 praesidium

231 1578 404 1649 juxta
432 1579 898 1649 contempletur:
924 1580 1208 1651 quoniam
1222 1580 1352 1650 jam
1377 1595 1535 1635 nunc
1567 1595 1687 1635 non
1706 1578 1887 1634 dubie

237 1666 359 1735 agit
388 1666 446 1721 in
472 1673 665 1739 portu,
682 1667 776 1722 cui
794 1683 969 1723 suam
993 1668 1372 1737 praesentiam
1393 1667 1657 1724 ostendit
1675 1666 1888 1737 guber-

1990 517 2431 588 pontilicalibus
2478 517 2668 573 induti
2750 518 3051 582 interesse,
3107 521 3269 574 certa
3326 520 3635 590 proposita

1989 620 2167 677 pmna
2197 610 2490 662 tenentur.
2524 607 2693 671 Quod
2723 613 2778 661 et
2813 607 2937 661 sine
2974 606 3411 661 intermissione
3440 607 3636 663 hacte-

1990 709 2103 749 nus
2133 693 2584 763 diligentissime
2617 700 2919 750 servatum
2948 699 3054 761 est,
3080 701 3133 750 et
3176 694 3415 750 assidue
3442 710 3637 752 serva-

1992 786 2103 837 tur.
2136 801 2166 834 »
2191 786 2320 837 Post
2350 783 2475 838 haec
2502 782 2778 838 laudatus
2805 788 3014 838 auctor
3072 784 3257 851 vergit
3302 781 3380 837 ad
3413 782 3638 839 descri-

1992 871 2258 943 ptionem
2288 872 2548 941 regionis
2574 871 3029 939 Picentinorum,
3053 877 3105 925 et
3130 870 3289 925 urbis
3321 870 3634 927 Salernita-

1992 975 2083 1015 ηαξ
2114 975 2271 1031 quas,
2303 960 2432 1031 ejus
2475 964 2566 1015 est
2598 960 2939 1030 metropolis
2971 958 3047 1015 ad
3083 974 3240 1014 mare
3266 959 3635 1031 Tyrrhenum

1994 1052 2048 1103 et
2078 1048 2276 1103 sinum
2310 1047 2747 1104 Salernitanum
2802 1047 2934 1103 sita.
2985 1050 3129 1103 Tum
3190 1047 3483 1118 templum
3512 1047 3637 1118 jam

1993 1136 2241 1205 dictum,
2281 1137 2445 1209 quod
2479 1137 2999 1209 metropolitanum
3030 1141 3134 1201 est,
3169 1134 3282 1190 late
3336 1135 3633 1199 describit,

1995 1225 2260 1297 illudque
2300 1226 2380 1280 ait
2408 1242 2535 1280 esse
2564 1224 2954 1296 longitudinis
2978 1240 3267 1295 passuum
3289 1224 3636 1294 nonaginta,

1994 1315 2324 1372 latitudinis
2358 1330 2491 1370 vero
2546 1315 2800 1385 triginta,
2865 1320 2921 1369 et
2968 1317 3138 1385 justas
3186 1313 3388 1368 itidem
3437 1312 3637 1368 altitu-

1997 1405 2171 1460 diuis.

2067 1494 2154 1547 81.
2200 1495 2477 1565 Cryptam
2511 1491 2710 1565 templi
2739 1490 3211 1557 subterraneam,
3244 1492 3303 1546 in
3320 1504 3437 1562 qua
3462 1489 3639 1559 depo-

1999 1582 2176 1636 situm
2206 1587 2293 1636 est
2336 1596 2552 1651 corpus
2584 1580 2773 1635 sancti
2805 1579 3073 1645 Matthtei,
3106 1578 3374 1635 similiter
3427 1577 3643 1633 descri-

1999 1670 2103 1734 bit,
2136 1674 2193 1724 et
2220 1670 2294 1724 de
2325 1684 2571 1741 corpore
2594 1668 2675 1724 ibi
2698 1675 2930 1723 servato
2958 1669 3037 1723 ita
3068 1668 3347 1741 loquitur.
3382 1681 3520 1739 pag.
3542 1668 3638 1721 80:

237 1762 412 1810 nator
439 1756 739 1826 antiquus.
784 1757 1155 1828 Quapropter
1182 1756 1257 1810 de
1282 1756 1425 1811 tanti
1448 1755 1708 1812 thesauri
1732 1769 1889 1811 reveo
1925 1776 1971 1836 Β
2003 1777 2032 1811 ‹‹
2066 1757 2177 1815 Sed
2206 1757 2370 1831 quod
2392 1763 2479 1811 est
2502 1757 2561 1811 in
2602 1758 2735 1828 ipsa
2766 1762 2975 1828 crypta
3014 1754 3434 1821 venerabilius,
3470 1759 3525 1809 et
3570 1767 3644 1808 ex

237 1842 455 1899 latione
484 1849 587 1899 tua
607 1842 942 1899 fraternitas
973 1843 1221 1900 exsultet
1252 1844 1311 1899 in
1339 1844 1617 1911 Domino,
1647 1850 1705 1900 et
1747 1842 1893 1899 bea-

239 1932 499 1989 tissinias
556 1932 839 2005 reliquias
870 1933 1081 1989 debitis
1139 1934 1534 1989 venerationis
1583 1931 1892 2006 obsequiis

237 2022 435 2090 dignis
473 2021 867 2093 amplectens,
921 2021 1250 2091 gloriosum
1292 2022 1507 2078 ducem
1549 2023 1892 2088 Bobertum,

238 2110 549 2183 ipsiusque
578 2110 1012 2167 nobilissimam
1044 2111 1365 2182 conjugem
1395 2111 1660 2167 hortetur
1684 2117 1740 2168 et
1770 2128 1896 2168 mo-

239 2205 399 2264 neat,
458 2205 755 2271 quatenus
811 2204 934 2255 tam
970 2200 1186 2270 insigni
1235 2207 1510 2272 patrono,
1555 2202 1659 2272 qui
1713 2217 1776 2257 se
1806 2202 1891 2257 eis

238 2291 653 2343 demonstrare
673 2286 954 2356 dignatus
974 2294 1085 2352 est,
1101 2290 1494 2345 reverentiam
1516 2294 1574 2344 et
1601 2290 1893 2346 honorem

238 2376 516 2432 decenter
545 2375 910 2445 exhibentes,
942 2377 1131 2447 ipsius
1185 2377 1437 2450 gratiam
1497 2382 1554 2434 et
1601 2378 1892 2435 auxilium

239 2463 355 2519 sibi
390 2464 632 2536 suisque
662 2465 986 2537 promereri
1019 2464 1251 2521 nisibus
1273 2482 1525 2520 summa;
1554 2466 1893 2521 devotionis

238 2552 622 2608 contendant.
661 2555 780 2608 Dat.
820 2555 1022 2609 Romae
1074 2570 1174 2609 xm
1209 2553 1335 2610 Kal.
1383 2554 1585 2611 Octob.
1624 2574 1654 2607 »
1690 2555 1889 2609 Hacte-

239 2658 351 2697 nus
373 2640 899 2715 Gregorius,cujus
959 2642 1220 2713 Epistola
1265 2642 1471 2716 procul
1520 2642 1708 2699 dubio
1750 2644 1889 2698 data

239 2735 345 2795 est,
374 2736 696 2802 postquam
747 2746 961 2801 pacem
1001 2730 1209 2786 inierat
1263 2747 1401 2786 cum
1451 2732 1702 2787 Roberto
1752 2731 1890 2787 Gui-

239 2818 471 2885 scardo,
499 2818 663 2889 quod
693 2818 914 2873 factum
937 2824 1025 2872 est
1052 2833 1210 2873 anno
1242 2820 1402 2884 1078,
1457 2825 1517 2873 ut
1558 2819 1791 2874 ostendi
1812 2818 1888 2874 ad

249 2911 309 2961 l6
343 2906 706 2977 Septembris
737 2907 793 2959 in
830 2909 888 2959 Β.
946 2907 1171 2961 Victore
1215 2906 1363 2977 ηις
1421 2909 1473 2970 8,
1501 2921 1637 2960 cum
1700 2907 1893 2960 hono-

242 2993 471 3049 riﬁcam
532 2994 607 3047 de
664 2994 909 3049 Roberto
956 2992 1133 3049 faciat
1197 2996 1580 3048 mentionem.
1637 2995 1891 3048 Rursum

246 3082 469 3152 scripto
498 3086 660 3138 certo
679 3088 765 3135 est
781 3081 1035 3152 epistola
1051 3081 1330 3151 Gregorii,
1360 3086 1683 3153 antequam
1708 3082 1893 3136 Roma

246 3184 409 3226 anno
448 3170 577 3226 1084
597 3168 943 3237 discederet,
975 3176 1030 3223 et
1069 3168 1465 3225 verisimiliter
1508 3174 1645 3224 ante
1692 3167 1894 3224 condi-

243 3264 425 3316 tama
450 3259 701 3315 Roberto
732 3260 918 3314 sancti
958 3258 1206 3315 Matthaai
1260 3259 1593 3324 ecclesiam,
1650 3257 1725 3313 de
1772 3272 1891 3329 qua

246 3364 384 3403 mox
417 3363 614 3421 agam,
648 3352 710 3402 ut
732 3362 973 3402 necesse
995 3348 1086 3411 sit,
1115 3351 1241 3402 tam
1263 3346 1685 3409 inventionem,
1711 3360 1891 3416 quam

242 3436 625 3508 scriptionem
674 3434 943 3507 Epistolm
973 3434 1236 3503 Gregorii
1266 3434 1450 3505 ﬁgere
1481 3434 1638 3489 circa
1663 3449 1892 3489 annum

249 3526 415 3586 l080:
470 3525 584 3581 hoc
636 3528 797 3581 enim
849 3525 976 3596 ipso
1022 3540 1183 3581 anno
1236 3526 1571 3597 contigerit,
1624 3528 1728 3580 aut
1771 3539 1893 3579 uno

246 3616 507 3672 alterove
536 3631 697 3671 anno
717 3614 891 3670 citius
913 3619 1017 3669 aut
1038 3613 1252 3669 serius.

317 3707 403 3760 80.
436 3707 513 3759 De
568 3708 910 3758 constructo
959 3703 1145 3758 sancti
1200 3700 1449 3758 Matthaei
1492 3700 1709 3773 templo
1761 3704 1896 3773 post

246 3798 647 3865 expugnatum
661 3791 970 3848 Salernum
986 3792 1041 3845 in
1060 3791 1353 3847 Chronico
1368 3789 1691 3855 Casinensi,
1702 3788 1891 3861 lib.m,

247 3898 381 3952 cap.
414 3884 502 3944 45,
534 3880 811 3949 leguntur
842 3879 1148 3951 sequentia
1179 3896 1194 3931 :
1221 3900 1249 3929 «
1283 3878 1528 3935 Civitate
1571 3883 1770 3933 autem
1794 3894 1895 3949 po.

248 3971 368 4035 tita,
402 3970 687 4026 Robertus
745 3967 1060 4024 ecclesiam
1093 3969 1277 4023 sancti
1311 3966 1569 4039 apostoli
1601 3971 1660 4022 et
1715 3982 1893 4022 evan-

247 4059 472 4132 gelistm
514 4059 759 4115 Matthaai
787 4057 928 4113 inibi
969 4056 1235 4113 construi
1245 4057 1441 4127 jussit,
1477 4058 1534 4112 in
1558 4072 1682 4129 qua
1714 4056 1891 4111 etiam

246 4162 485 4202 sacrum
516 4146 784 4217 ejusdem
817 4145 1066 4216 apostoli
1098 4161 1319 4216 corpus
1365 4160 1607 4199 summa
1636 4159 1774 4198 cum
1803 4158 1895 4197 ve.

248 4237 556 4292 neratione
582 4235 817 4295 locavit.
841 4252 910 4289 os
940 4234 1235 4302 integrum
1250 4234 1475 4288 brachii
1504 4233 1657 4302 ejus,
1687 4246 1895 4294 argen-

247 4330 341 4380 tea
373 4325 541 4380 theca
568 4323 935 4380 reconditum
954 4322 1029 4377 ad
1054 4337 1223 4375 suam
1247 4320 1624 4389 ﬁliorumque
1651 4316 1895 4371 tutelam

248 4429 580 4470 reservans.
618 4433 642 4463 n
681 4415 757 4466 De
781 4410 960 4481 hujus
1004 4408 1265 4464 ecclesias
1295 4404 1736 4461 constructione
1767 4404 1896 4459 illu-

2002 1847 2141 1903 orbe
2167 1852 2289 1901 toto
2328 1846 2689 1901 Christianos
2718 1844 2992 1900 homines
3028 1844 3241 1909 allicit;
3275 1840 3647 1916 quiescitibi-

2002 1935 2138 1991 dem
2171 1934 2617 1991 sanctissimum
2634 1940 2689 1988 et
2706 1932 3205 2003 gloriosissimum
3229 1930 3473 1986 Matthrei
3497 1945 3641 2003 apo-

2004 2023 2132 2081 stoli
2160 2031 2214 2080 et
2245 2022 2623 2094 evangelista
2654 2037 2874 2093 corpus
2920 2021 3364 2091 religiosissime
3394 2017 3645 2074 colloca-

2003 2116 2128 2169 tum
2170 2129 2183 2169 :
2217 2111 2510 2185 siquidem
2552 2110 2914 2183 quadratum
2962 2115 3047 2165 est
3090 2110 3147 2164 in
3185 2108 3383 2164 media
3437 2110 3645 2179 crypta

2004 2201 2287 2272 spatium,
2319 2199 2478 2272 quod
2506 2199 2719 2269 lapidei
2751 2198 3177 2269 cancellatique
3202 2197 3458 2267 parietes
3484 2195 3644 2249 bicu-

2001 2288 2213 2346 bitales
2239 2289 2513 2344 ambiunt
2533 2287 2608 2342 ad
2640 2286 2811 2342 ulnas
2827 2302 2895 2341 ex
2915 2286 3078 2341 omni
3110 2282 3643 2351 latereduodecim,

2000 2393 2123 2451 quo
2152 2376 2332 2433 veluti
2355 2384 2522 2448 septo
2548 2376 2730 2431 altare
2756 2376 3005 2446 cingitur
3028 2372 3514 2435 vetustissimum,
3535 2369 3644 2425 sub

1999 2483 2123 2539 quo
2151 2468 2466 2522 thesaurus
2496 2465 2591 2520 ille
2619 2466 2911 2535 repositus
2951 2468 3055 2527 est,
3092 2464 3170 2517 ita
3215 2466 3278 2516 ut
3318 2460 3485 2516 locus
3516 2460 3645 2530 ipse

2001 2570 2106 2625 per
2134 2554 2353 2609 ferreos
2370 2552 2660 2609 cancellos
2686 2551 2999 2607 commode
3031 2550 3214 2605 videri
3234 2550 3437 2622 possit.
3461 2550 3644 2603 Tanta

1998 2642 2107 2698 fuit
2136 2647 2335 2699 autem
2360 2640 2499 2696 olim
2528 2647 2581 2695 et
2608 2645 2693 2695 est
2722 2639 2900 2695 hodie
2932 2654 3173 2712 quoque
3197 2636 3504 2693 celebritas
3531 2634 3643 2690 loci

2000 2731 2203 2800 hujus,
2247 2736 2309 2784 ut
2340 2744 2457 2784 non
2494 2728 2841 2784 Salernitani
2876 2727 3075 2792 modo,
3109 2726 3212 2781 sed
3234 2724 3506 2780 omnium
3538 2724 3646 2778 cir-

2000 2833 2378 2889 cumquaque
2406 2818 2845 2887 provinciarum
2877 2815 3084 2870 incolm
3121 2813 3363 2871 assidue
3393 2825 3642 2868 concur-

2000 2910 2137 2961 rant
2168 2921 2182 2970 ;
2215 2906 2335 2961 imo
2370 2920 2507 2961 vero
2545 2912 2601 2960 et
2628 2904 3041 2960 remotissimae
3088 2917 3331 2974 quoque
3355 2904 3557 2970 gentes
3574 2914 3645 2955 ex

2005 2997 2239 3064 EurOpa
2263 2997 2387 3049 tota
2421 2993 2752 3066 frequenter
2771 2992 3100 3059 confluant,
3123 2994 3181 3045 et
3200 2997 3319 3046 tam
3346 2990 3643 3058 ingentem

1931 3119 1973 3180 Ο
2005 3081 2217 3137 visuras
2248 3081 2697 3147 beatitudinem,
2732 3086 2788 3137 et
2811 3097 2846 3136 a
2878 3081 2995 3135 Deo
3051 3079 3301 3134 Domino
3350 3094 3420 3133 ex
3462 3076 3646 3148 hujus

2003 3168 2256 3240 apostoli
2304 3170 2524 3224 meritis
2573 3170 2838 3240 petituris
2867 3168 3127 3233 divitias,
3169 3168 3481 3231 honorem,
3512 3165 3646 3219 vitae

2003 3256 2472 3320 diuturnitatem,
2502 3262 2767 3327 optatam
2795 3256 3053 3326 denique
3084 3254 3419 3310 felicitatem
3444 3252 3501 3307 in
3535 3252 3648 3307 hoc

2001 3344 2241 3410 saeculo,
2274 3350 2330 3400 et
2357 3343 2675 3416 (praecipue
2708 3343 2976 3417 quidem,
3008 3343 3059 3397 si
3102 3342 3364 3413 sapiunt,
3394 3341 3646 3410 gratiam

2004 3437 2121 3491 Deo
2137 3433 2281 3488 bene
2296 3432 2611 3496 serviendi,
2631 3431 3082 3503 obtinendique)
3097 3430 3347 3500 gloriam
3368 3428 3425 3484 in
3454 3428 3648 3483 futuro

2002 3528 2377 3597 perpetuam.
2392 3525 2579 3590 Auget
2597 3538 2733 3576 cum
2748 3519 3142 3575 admiratione
3157 3520 3433 3590 pietatem
3456 3516 3650 3589 liquor

2003 3613 2295 3685 pretiosus
2322 3615 2378 3665 et
2418 3616 2659 3666 sanctus
2688 3612 2932 3681 (manna
2965 3607 3142 3680 vulgo
3177 3607 3405 3677 dicitur)
3440 3604 3543 3678 qui
3577 3619 3648 3659 ex

2003 3700 2351 3756 beatissimo
2373 3713 2621 3770 corpore
2642 3701 2865 3760 manat,
2894 3696 2969 3750 ad
2999 3695 3154 3750 mala
3174 3694 3334 3750 omni
3360 3710 3395 3750 a
3417 3692 3649 3764 propel-

2003 3788 2179 3845 lenda
2232 3787 2535 3843 antidotus
2590 3784 3066 3857 prmsentissima,
3129 3780 3645 3854 quemadmodum

2003 3878 2283 3949 frequens
2324 3874 2523 3930 docuit
2551 3873 2917 3942 experientia
2957 3872 3215 3943 plurium
3266 3868 3645 3925 saeculorum.

2005 3969 2135 4023 Hmc
2166 3965 2240 4020 de
2262 3978 2433 4019 sacra
2453 3962 2714 4033 corporis
2734 3960 3060 4016 novissima
3088 3958 3465 4014 translatione
3487 3955 3649 4012 sufﬁ-

2003 4056 2180 4118 ciant,
2228 4075 2256 4101 ι»
2312 4052 2502 4125 inquit
2545 4058 2770 4114 auctor,
2831 4048 2933 4119 qui
2986 4047 3197 4103 transit
3242 4047 3313 4101 ad
3360 4044 3649 4101 miracula

2002 4142 2282 4215 quasdam
2332 4138 2707 4208 exponenda.
2772 4138 2840 4191 At
2902 4134 3186 4190 nonnulla
3223 4149 3299 4189 ex
3347 4134 3459 4188 illis
3519 4134 3646 4203 jam

2004 4230 2273 4300 exposui,
2291 4226 2406 4280 alia
2424 4224 2705 4293 qumdam
2725 4223 2796 4278 ad
2815 4223 2962 4277 alios
2978 4222 3171 4292 potius
3192 4226 3648 4292 sanctos,quam

2004 4317 2078 4373 ad
2102 4320 2377 4370 sanctum
2414 4313 2745 4367 Matthreum
2773 4316 3038 4381 spectare
3071 4309 3361 4363 videntur.
3388 4309 3652 4379 Quapro-

2006 4412 2130 4478 pter
2155 4420 2225 4458 ea
2265 4408 2494 4456 tantum
2552 4400 2667 4455 huc
2727 4399 2972 4455 traduco
3026 4398 3297 4462 breviter,
3350 4401 3648 4468 quatenus

608 4466 914 4558 Marsilius,
941 4514 1071 4566 cap.
1100 4501 1152 4559 9,
1192 4509 1333 4567 pag.
1378 4495 1467 4557 7i,
1500 4494 1615 4548 ista
1646 4494 1849 4548 scribit
1878 4509 1891 4547 :
1931 4466 1975 4520 D
2006 4466 2192 4550 sancti
2221 4489 2476 4547 Matthaai
2506 4486 2835 4559 patrocinio
2867 4487 3181 4559 prudenter
3226 4466 3484 4541 adscribi
3517 4499 3650 4555 pos-

252 4611 284 4645 ‹‹
315 4592 619 4660 Regnante
649 4589 826 4657 igitur
875 4585 1125 4643 Roberto
1152 4584 1496 4647 Guiscardo,
1538 4598 1609 4637 ac
1656 4582 1896 4637 sedente

252 4680 531 4748 Gregorio
570 4678 683 4743 νη,
727 4676 962 4745 triginta
1008 4673 1238 4729 circiter
1264 4672 1405 4727 anni
1452 4671 1529 4728 ab
1557 4673 1898 4727 inventione

254 4768 606 4826 transierant
640 4767 781 4835 (imo
806 4770 1041 4820 centum
1066 4768 1122 4819 et
1145 4762 1369 4817 circiter
1392 4760 1598 4831 viginti
1629 4760 1898 4833 quinque

252 4859 333 4916 ab
354 4856 689 4913 inventione
745 4855 861 4918 illa,
889 4855 963 4909 de
1006 4868 1127 4925 qua
1173 4851 1460 4923 loquitur,
1516 4850 1575 4904 in
1626 4848 1898 4921 partibus

256 4946 554 5012 Lucaniae)
585 4942 1243 5013 magniﬁcentissimum
1285 4940 1568 5012 templum
1594 4940 1732 4995 divo
1758 4954 1899 5009 apo-

251 5036 404 5094 stolo
432 5034 793 5091 construitur
838 5047 971 5087 aeris
1000 5031 1186 5101 ipsius
1229 5028 1457 5085 Roberti
1502 5027 1807 5100 peculiari,
1836 5026 1897 5082 in

252 5140 376 5198 quo
393 5139 498 5196 per
527 5138 747 5178 novam
760 5118 1401 5176 velutitranslationem
1426 5132 1609 5173 sacris
1634 5115 1897 5188 reliquias

250 5218 497 5273 demum
530 5213 804 5283 repositae
834 5216 994 5275 sunt,
1027 5214 1085 5263 et
1112 5208 1290 5264 hodie
1318 5223 1559 5280 quoque
1587 5205 1893 5277 religiosis-

252 5307 403 5361 sime
453 5304 856 5365 asservantur,
902 5305 956 5355 et
1013 5296 1262 5365 singulis
1327 5295 1666 5368 quibusque
1723 5293 1897 5351 annis

253 5395 446 5468 pridie
472 5397 665 5449 Nonas
694 5389 821 5445 Maii
856 5389 1069 5444 festum
1102 5386 1289 5457 ipsius
1325 5384 1542 5439 divinae
1572 5383 1900 5440 translatio-

254 5485 350 5542 nis
383 5482 726 5538 solemniter
773 5478 1123 5539 celebratur,
1171 5489 1285 5545 quo
1330 5472 1521 5528 clerus
1565 5473 1897 5534 universus,

256 5572 532 5637 abbates,
563 5575 620 5627 et
660 5562 1193 5639 comprovinciales
1224 5560 1486 5635 episcopi
1518 5575 1733 5618 omnes
1761 5575 1902 5617 con-

2130 4588 2167 4635 i.

2130 4598 2167 4635 ι.

2009 4598 2166 4725 ευὲ2.
2219 4669 2371 4725 Mitto
2427 4668 2605 4735 igitur
2660 4680 2809 4738 quas,
2842 4679 2972 4734 cap.
3008 4668 3089 4729 ll,
3141 4662 3316 4718 refert
3364 4660 3649 4718 Marsilius

2006 4760 2080 4815 de
2093 4757 2395 4813 translatis
2409 4756 2483 4812 ad
2502 4755 2811 4810 ecclesiam
2833 4752 3016 4807 sancti
3033 4751 3283 4805 Matthaei
3297 4749 3649 4820 corporibus

2010 4850 2105 4905 SS.
2155 4845 2472 4907 Fortunati,
2520 4842 2645 4900 Caii
2683 4848 2739 4897 et
2777 4842 2998 4897 Anthes
3056 4844 3422 4910 martyrum:
3456 4850 3649 4907 neque

2006 4938 2164 4992 enim
2199 4938 2470 5007 spectant
2502 4934 2578 4988 ad
2605 4939 2876 4986 sanctum
2909 4928 3265 4992 Matthmum,
3294 4926 3445 4980 etde
3475 4924 3648 4979 dictis

2011 5023 2370 5096 martyribus
2402 5021 2565 5094 apud
2620 5035 2726 5075 nos
2772 5027 2972 5073 actum
3030 5016 3218 5071 estad
3262 5018 3329 5069 28
3377 5013 3647 5082 Augusti,

2006 5115 2108 5171 ubi
2140 5112 2443 5168 translatio
2489 5110 2613 5165 ulla
2645 5108 2976 5165 accuratius
3028 5109 3115 5160 est
3158 5103 3445 5175 exposita.
3477 5100 3648 5167 Quod

2008 5202 2310 5274 subjungit
2337 5201 2411 5255 de
2460 5200 2553 5270 pia
2587 5212 2729 5259 anu,
2783 5195 2875 5250 cui
2903 5208 3117 5248 nomen
3171 5197 3297 5247 erat
3353 5190 3649 5257 Polisena,

2009 5291 2215 5364 nequit
2280 5294 2439 5344 certo
2496 5285 2733 5343 attribui
2788 5282 3075 5339 beneﬁcio
3118 5282 3302 5336 sancti
3371 5278 3648 5336 Matthmi.

2008 5379 2202 5435 Verba
2226 5382 2424 5433 tamen
2454 5376 2733 5447 pleraque
2759 5372 3017 5427 auctoris
3047 5372 3163 5426 huc
3186 5368 3491 5426 transfero.
3528 5371 3650 5424 Fre-

2007 5466 2338 5543 quentabat
2364 5465 2465 5520 illa
2518 5462 2987 5532 diligentissime,
3033 5467 3093 5515 ut
3141 5459 3411 5531 pluribus
3453 5457 3651 5520 refert,

2009 5557 2319 5617 ecclesiam
2367 5555 2562 5611 Sancti
2610 5550 2880 5615 Matthmi,
2946 5549 3208 5623 quotidie
3259 5549 3548 5605 accedens
3574 5556 3653 5617 ap
