4124 6270
437 225 540 279 799

1770 211 2029 270 MENSIS
2070 209 2509 272 SEPTEMBER.

3739 210 3862 267 800

442 364 680 404 sacrum
725 346 1017 403 Ofﬁcium.
1060 363 1087 396 «
1129 343 1372 399 Factum
1418 343 1544 409 fuit,
1579 340 1786 411 inquit,
1823 344 1905 402 ut,
1939 354 2076 393 cum
2110 338 2149 390 A
2186 341 2418 410 quantis
2447 341 2763 412 anni,licet
2788 340 2860 394 de
2894 339 3134 409 peccato
3165 350 3275 390 suo
3304 332 3557 389 multum
3590 333 3858 390 doleret.

443 437 693 494 solemni
724 436 990 507 quodam
1020 433 1115 490 die
1155 433 1355 504 templi
1411 433 1698 502 ingressa,
1731 435 1847 484 toto
1901 426 2077 482 corde

443 527 766 596 gloriosum
781 523 1118 595 apostolum
1138 523 1438 586 salutaret,
1460 529 1512 575 et
1528 519 1757 576 lustrali
1780 534 1905 572 sese
1920 532 2080 587 aqua

443 613 840 686 perfunderet,
890 615 1068 680 guttae
1122 627 1352 674 omnes,
1405 624 1803 683 quascumque
1834 605 2080 678 pallium

445 709 620 774 atque
663 699 930 755 linteolos
967 697 1301 769 tetigerant,
1345 699 1404 754 in
1435 715 1647 754 aurum
1700 695 2080 769 purissimum

444 795 826 853 verterentur,
842 788 1004 859 quod
1021 794 1076 841 et
1095 787 1354 859 populus
1370 789 1680 842 universus
1702 800 1923 854 magna
1944 797 2076 836 cum

446 879 837 936 admiratione
871 877 1185 948 perspexit,
1218 881 1273 931 et
1307 877 1543 932 familiae
1575 890 1796 931 nomen
1827 889 1893 928 ex
1933 871 2080 926 acci-

446 969 605 1023 denti
639 966 838 1029 edidit,
883 981 1018 1036 quae
1045 965 1116 1019 de
1171 964 1452 1020 Auroﬁno
1501 964 1733 1028 dicitur,
1779 967 1952 1033 prout
1981 975 2084 1030 per

447 1063 682 1127 patrum
713 1054 1056 1108 traditiones
1082 1053 1159 1108 ad
1181 1053 1334 1108 hanc
1367 1070 1553 1124 usque
1576 1052 1736 1106 diem
1767 1051 1926 1106 fama
1957 1065 2086 1120 per-

445 1145 611 1200 rexit.
646 1165 673 1194 »
703 1146 913 1197 Verum
948 1157 1064 1197 non
1098 1148 1347 1212 apparet
1392 1142 1535 1197 mihi
1582 1141 1800 1195 factum
1830 1139 1983 1193 istud
2015 1153 2084 1191 ex

450 1233 577 1288 sola
617 1232 930 1288 traditione
984 1231 1123 1286 satis
1154 1236 1399 1296 certum,
1462 1230 1683 1285 nedum
1731 1232 1889 1284 certo
1931 1227 2087 1282 attri-

449 1321 755 1377 buendum
779 1326 984 1375 sancto
1005 1319 1294 1375 Matthaao.
1327 1321 1397 1374 Ex
1419 1318 1728 1374 traditione
1758 1317 1884 1372 sola
1910 1317 2084 1371 etiam

451 1409 694 1464 fortasse
735 1409 968 1478 scripsit
998 1407 1301 1472 Marsilius,
1335 1407 1497 1478 quod
1530 1407 1840 1477 subjungit
1867 1405 1940 1459 de
1984 1406 2086 1461 Sa-

451 1497 616 1552 lerno
655 1496 938 1551 divinitus
967 1495 1212 1550 defenso
1243 1500 1447 1550 contra
1472 1495 1910 1550 Ferdinandum
1945 1495 2085 1549 San-

454 1586 782 1641 severinum
799 1585 1127 1657 principem
1142 1584 1604 1640 Salernitanum.
1627 1587 1866 1640 Factum
1891 1589 2088 1637 tamen

2191 431 2375 484 Pridie
2406 431 2561 485 illius
2591 430 2726 493 diei,
2765 445 2892 482 cum
2921 428 2991 482 ad
3044 424 3354 480 ecclesiam
3387 430 3674 493 pergeret,
3711 439 3857 478 mo-

2188 522 2361 572 netur
2391 535 2425 574 a
2453 519 2724 573 mendico
2740 516 2928 572 sancti
2967 512 3334 572 Germiniani
3368 512 3636 584 episcopi
3679 513 3858 568 Muti-

2190 608 2385 661 nensis
2417 623 2595 678 opem
2615 603 3224 679 implorare.0uando
3239 608 3440 656 autem
3467 601 3753 672 postridie
3784 602 3854 655 in

2191 695 2439 752 ecclesia
2464 697 2649 751 sancti
2687 695 2936 753 Matthaei
2985 694 3190 748 divino
3250 692 3487 746 servitio
3541 690 3855 756 intererat,

2192 785 2526 857 proferente
2576 785 2862 858 episcopo
2900 783 3083 838 verba
3128 781 3268 836 illa:
3333 799 3362 831 ‹‹
3405 783 3548 835 Ecce
3610 779 3856 849 lignum

2192 876 2405 940 crucis,
2441 876 2766 940 aitauctor,
2801 872 3218 935 Bcrnardinus,
3264 871 3366 943 qui
3397 884 3639 925 summa
3665 869 3854 923 devo—

2194 964 2349 1018 tione
2383 963 2730 1034 prociderat,
2763 962 2962 1018 divino
2986 959 3210 1031 Spiritu
3233 959 3517 1028 agitante,
3561 957 3854 1012 clamavit

2193 1069 2337 1108 voce
2371 1069 2619 1121 magna:
2652 1055 2794 1107 Ecce
2822 1051 3050 1120 lignum
3073 1049 3285 1113 crucis,
3312 1055 3644 1118 caeteraque
3663 1046 3846 1101 verba

2195 1141 2429 1211 singula
2481 1141 2761 1211 deinceps
2819 1139 3118 1210 explicuit,
3171 1153 3305 1208 quas
3361 1151 3464 1207 per
3519 1135 3852 1190 antistitem

2195 1229 2350 1284 dicta
2373 1235 2527 1294 sunt,
2563 1234 2615 1284 et
2655 1228 2847 1283 statim
2890 1227 3068 1282 veluti
3119 1232 3387 1281 mortuus
3421 1223 3651 1279 cecidit.
3685 1226 3855 1278 Tunc

2199 1334 2353 1382 vero,
2383 1319 2525 1389 quia
2558 1324 2732 1372 notus
2764 1317 2988 1371 civibus
3023 1320 3166 1378 erat,
3200 1319 3255 1369 et
3286 1329 3463 1368 nemo
3502 1311 3854 1381 ignorabat,

2197 1409 2362 1463 illum
2392 1412 2569 1463 antea
2591 1407 2886 1478 loquinon
2914 1405 3197 1477 potuisse,
3219 1402 3561 1458 acclamavit
3586 1400 3856 1473 p0pulus

2199 1499 2554 1552 universus:
2632 1495 2970 1552 Miraculum
3002 1497 3013 1551 l
3077 1493 3429 1548 miraculum
3465 1492 3478 1547 l
3522 1496 3581 1546 et
3613 1491 3855 1546 tametsi

2199 1601 2302 1656 per
2329 1585 2387 1639 id
2431 1594 2663 1656 tempus
2694 1584 2895 1640 nullus
2927 1583 3000 1637 sit
3025 1584 3084 1637 in
3114 1580 3377 1637 ecclesiis
3409 1595 3852 1650 campanarum

450 1675 705 1729 breviter
732 1675 1004 1743 subjicio.
1028 1673 1471 1728 Valdcmontius
1495 1673 1879 1743 Lotharingiaa
1904 1671 2088 1740 reguli
2127 1685 2167 1738 Β
2203 1690 2364 1738 usus,
2396 1675 2498 1728 sed
2540 1691 2611 1728 ex
2643 1675 2817 1728 veteri
2853 1672 3118 1728 Ecclesiae
3145 1673 3258 1726 ritu
3287 1670 3496 1742 ligneis
3532 1668 3853 1723 indumen-

451 1762 647 1827 frater,
668 1761 876 1833 inquit,
897 1760 1047 1816 facili
1073 1761 1310 1830 negotio
1339 1767 1730 1832 occupaverat
1757 1760 2086 1824 Salernum,

452 1857 516 1905 ut
545 1849 813 1921 pluribus
837 1849 1484 1913 narratMuratorius,in
1516 1849 1851 1904 Annalibus
1880 1848 2087 1916 "aliis,

455 1939 529 1995 ad
563 1955 789 1994 annum
825 1938 975 1992 1527.
1006 1936 1414 1992 Ferdinandus
1449 1937 1748 2008 princeps,
1783 1953 1843 1991 re
1874 1936 2092 1991 intelle-

452 2034 564 2091 cta,
594 2026 900 2082 confestim
938 2031 1195 2082 turmam
1227 2025 1453 2094 colligit
1485 2025 1794 2080 militarem
1827 2026 1901 2080 ad
1953 2025 2090 2080 civi-

456 2122 631 2172 tatem
656 2116 1126 2187 recuperandam
1155 2123 1210 2170 et
1256 2115 1412 2170 cives
1463 2115 1834 2188 puniendos:
1879 2138 1905 2165 «
1938 2117 2091 2170 Tan-

454 2209 582 2259 tum
614 2203 818 2267 abfuit,
843 2203 1035 2275 inquit
1082 2208 1306 2273 auctor,
1343 2207 1404 2258 ut
1433 2204 1542 2258 voti
1571 2219 1818 2273 compos
1851 2204 2092 2257 exsiste-

452 2297 557 2357 ret,
595 2296 738 2347 utet
771 2292 1080 2347 confestim
1136 2291 1411 2363 repulsus
1463 2291 1653 2358 fuerit,
1695 2297 1752 2348 et
1805 2291 2094 2363 plurimos

457 2398 528 2436 ex
559 2380 681 2435 suis
710 2380 990 2435 militibus
1033 2380 1205 2434 unius
1237 2380 1396 2436 horas
1427 2381 1617 2446 spatio
1649 2381 2090 2436 desideraverit.

457 2473 566 2524 Nec
592 2485 732 2524 vero
763 2473 882 2524 tam
904 2468 1126 2524 felicem
1158 2468 1488 2541 fortemque
1509 2485 1756 2540 operam
1803 2470 2093 2540 oppidani

457 2556 869 2626 praestiterunt,
917 2558 1016 2627 qui
1075 2562 1127 2611 et
1169 2557 1514 2627 paucissimi
1566 2558 1820 2611 inermes
1878 2564 2088 2611 erant:

455 2645 557 2699 sed
590 2649 798 2699 stetere
857 2660 1077 2714 magno
1115 2644 1360 2716 quidem
1421 2661 1670 2699 numero
1727 2645 1784 2699 in
1831 2645 2090 2700 hostium

451 2738 771 2804 conspectu
801 2749 902 2804 pro
930 2733 1160 2787 civibus
1188 2732 1400 2800 galeati
1437 2733 1841 2805 thoracatique
1877 2734 2090 2789 milites

453 2821 706 2876 ccelestis
730 2821 1020 2876 exercitus
1049 2821 1161 2876 sub
1183 2828 1441 2893 quatuor
1462 2821 1810 2877 ductoribus
1833 2823 2087 2894 eximiis,

453 2925 604 2981 quos
631 2910 812 2964 fuisse
840 2909 1336 2978 gloriosissimum
1361 2911 1695 2967 Matthaeum
1726 2917 1914 2967 ettres
1945 2917 2092 2968 tute-

2201 1764 2271 1818 tis
2288 1763 2473 1818 soleat
2491 1763 2769 1834 strepitus
2788 1761 3028 1818 excitari
3048 1759 3339 1830 lugubris,
3363 1757 3855 1831 quamdiujacuit

2202 1851 2260 1907 in
2285 1852 2558 1924 sepulcro
2603 1851 2890 1915 Salvator,
2947 1866 3050 1921 pro
3097 1847 3363 1904 miraculi
3423 1852 3620 1902 tamen
3672 1847 3854 1916 hujus

2203 1943 2454 1996 novitate
2494 1957 2703 1996 omnes
2734 1956 3035 2012 campanis
3067 1937 3377 1993 confestim
3413 1936 3662 2008 pulsatae
3692 1943 3851 2000 sunt,

2202 2037 2534 2102 ceeteraque
2566 2030 2958 2084 instrumenta
2999 2027 3224 2089 omnia,
3271 2041 3405 2098 qum
3439 2024 3738 2081 habentur
3796 2024 3853 2079 in

2203 2119 2464 2174 ecclesiis
2486 2119 2560 2172 ad
2590 2117 2990 2189 psallendum.

2273 2207 2628 2262 84.1nterim
2659 2207 2735 2262 ad
2784 2223 2847 2260 se
2889 2221 3160 2260 reversus
3210 2202 3614 2259 Bernardinus
3654 2202 3855 2273 palam

2205 2296 2338 2353 fecit
2385 2295 2691 2356 omnibus,
2730 2294 2893 2366 quod
2944 2295 3232 2348 hactenus
3289 2292 3620 2361 agitaverat
3674 2289 3855 2346 corde

2207 2390 2457 2447 tantum,
2492 2400 2708 2454 nempe
2741 2389 2875 2438 ante
2905 2399 3125 2438 annum
3160 2398 3231 2437 ea
3261 2381 3390 2454 ipsa
3442 2381 3538 2435 die
3595 2380 3851 2450 impium

2205 2491 2266 2528 se
2298 2472 2718 2544 inﬁdelemque
2763 2472 2962 2536 fuisse,
2997 2471 3157 2542 quod
3202 2470 3623 2525 sacratissima
3655 2468 3851 2524 crucis

2205 2561 2558 2632 particulam
2592 2560 2982 2616 adulterinam
3013 2565 3068 2615 et
3092 2559 3568 2615 commentitiam
3595 2559 3853 2613 credide-

2204 2650 2308 2715 rit;
2339 2650 2588 2719 ideoque
2637 2649 2923 2720 loquendi
2970 2648 3245 2704 facultate
3292 2649 3503 2703 merito
3559 2648 3848 2717 privatum

2204 2739 2383 2793 fuisse
2418 2757 2429 2793 :
2466 2753 2625 2793 nunc
2655 2754 2792 2792 vero
2821 2737 3176 2809 praecedenti
3209 2736 3314 2792 illa
3355 2745 3522 2791 nocte
3551 2750 3741 2789 secum
3780 2735 3836 2788 in

2205 2827 2456 2882 somniis
2485 2826 2746 2881 locutum
2779 2826 2959 2881 fuisse
2976 2826 3210 2881 beatum
3244 2825 3649 2881 Geminianum
3673 2822 3831 2876 Muti-

2203 2932 2472 2983 nensem,
2512 2916 2956 2988 monuisseque,
2997 2919 3056 2970 ut
3097 2916 3308 2970 eadem
3339 2915 3463 2985 ipsa
3505 2913 3672 2977 hora,
3713 2926 3845 2982 quae

451 2998 605 3054 lares
636 3004 870 3053 sanctos
928 3001 1334 3069 (Fortunatum
1366 3005 1421 3054 et
1467 3000 1682 3068 socios)
1734 3000 1894 3055 haud
1945 3017 2090 3057 sane
2127 3025 2168 3082 ρ
2205 3011 2345 3061 tunc
2383 3021 2544 3062 anno
2580 3010 2916 3060 recurreute
2954 3005 3207 3075 jamjam
3265 3002 3599 3075 appetebat,
3639 3000 3849 3056 eodem

453 3087 699 3142 dubium
733 3086 1038 3151 fuit;cum
1105 3088 1390 3158 populare
1440 3086 1615 3142 fuerit
1662 3090 2086 3161 spectaculum,

451 3180 508 3230 et
525 3175 793 3246 princeps
821 3176 946 3246 ipse
964 3176 1297 3247 singulique
1313 3176 1524 3232 milites
1555 3176 1848 3250 idipsum,
1865 3180 2091 3248 pacatis

450 3270 653 3336 postea
683 3264 880 3334 rebus,
916 3263 1388 3335 praedicaverint.
1445 3285 1472 3316 »
1521 3268 1813 3320 Hactenus
1865 3272 2089 3333 auctor,

449 3353 552 3423 qui
582 3352 793 3408 eodem
821 3353 1039 3408 saeculo
1062 3354 1314 3424 scripsit,
1340 3355 1514 3409 rebus
1548 3361 1746 3409 tamen
1772 3355 1948 3423 gestis
1971 3370 2090 3410 non

453 3440 659 3506 adfuit,
693 3447 892 3513 utpote
927 3443 1180 3497 necdum
1223 3446 1418 3497 natus.

523 3532 608 3584 83.
653 3529 967 3600 Subjungit
1000 3529 1158 3586 aliud
1196 3531 1438 3595 factum,
1472 3531 1632 3602 quod
1663 3531 1742 3587 ait
1780 3532 2095 3603 contigisse

451 3615 603 3671 circa
631 3616 786 3670 idem
831 3617 944 3671 fere
973 3623 1227 3689 tempus.
1274 3621 1466 3673 Pauca
1494 3619 1668 3673 nobis
1699 3619 1769 3673 de
1803 3620 1904 3676 illo
1936 3620 2094 3676 sufﬁ-

451 3705 623 3759 cient.
662 3707 772 3759 Fur
813 3705 1135 3775 sacrilegus
1185 3707 1382 3760 locum
1417 3707 1670 3776 sepulcri
1711 3708 1900 3762 sancti
1962 3712 2098 3763 Mat-

452 3791 588 3846 thaai
656 3792 952 3863 expilavit.
1011 3794 1490 3863 Comprehensus
1545 3794 1640 3848 ille
1685 3793 1787 3848 fuit
1854 3796 1976 3851 alia
2023 3797 2098 3852 de

454 3895 658 3942 causa,
688 3895 878 3950 eaque
898 3881 1208 3936 occasione
1239 3882 1393 3936 istud
1419 3897 1662 3953 quoque
1690 3883 1913 3939 crimen
1945 3885 2098 3940 ultro

455 3967 785 4022 confessus.
821 3990 846 4016 ‹‹
909 3971 971 4024 Et
1019 3975 1153 4040 post
1195 3971 1320 4024 dies
1374 3970 1618 4042 aliquot.
1657 3971 1875 4043 inquit,
1936 3980 2099 4030 tanto

453 4061 540 4111 est
572 4056 794 4112 faedore
821 4056 1067 4129 (faetore,
1101 4059 1330 4130 Opinor)
1376 4075 1445 4115 ac
1472 4076 1723 4115 maerore
1769 4069 2096 4133 correptus,

451 4149 516 4198 ut
546 4151 846 4201 contracta
876 4149 1125 4218 pr0priae
1148 4149 1340 4203 carnis
1366 4150 1663 4220 corruptio
1704 4148 1762 4204 in
1792 4151 2097 4221 pediculos

452 4233 628 4288 fuerit
653 4235 936 4305 paulatim
966 4253 1270 4301 conversa,
1295 4254 1551 4308 quorum
1610 4243 1769 4294 tanta
1813 4241 2098 4310 epullula—

450 4321 553 4376 bat
580 4323 687 4387 vis,
715 4328 774 4378 ut
824 4341 942 4380 non
971 4326 1150 4380 modo
1180 4327 1409 4382 tunicas
1447 4327 1574 4396 ejus
1630 4343 1839 4381 omnes
1894 4329 2072 4400 imple

453 4410 876 4470 ret,sedtotum
893 4413 1065 4482 plane
1079 4429 1294 4483 corpus
1319 4415 1538 4482 passim
1566 4415 1850 4470 eroderet.
1882 4418 2096 4481 Quam-

452 4498 658 4554 obrem
694 4498 1029 4554 foedissimis
1058 4501 1168 4554 illis
1218 4502 1523 4558 vermibus
1555 4503 1818 4558 celeriter
1848 4507 2089 4576 putruit,

453 4587 686 4657 etjusta
729 4587 907 4642 divini
952 4589 1217 4645 Numinis
1262 4590 1348 4645 ira
1402 4592 1938 4662 (quemadmodum
1972 4594 2092 4665 ipse

451 4674 652 4745 palam
684 4675 965 4730 omnibus
985 4676 1293 4744 fatebatur)
1321 4694 1390 4732 eo
1411 4679 1543 4748 ipso
1575 4679 1784 4735 morbo
1813 4682 2089 4739 miseram

454 4763 716 4817 evomuit
745 4764 1031 4821 animam.
1059 4785 1086 4816 ››
1122 4769 1178 4820 ln
1210 4782 1402 4836 pauca
1425 4767 1687 4823 similiter
1717 4772 2086 4837 contraham,

451 4851 615 4920 quod
646 4866 805 4906 anno
833 4857 960 4907 1525
992 4859 1047 4908 et
1080 4858 1212 4910 1526
1238 4856 1552 4925 contigisse
1580 4862 1782 4912 auctor
1808 4858 2085 4916 afﬁrmat.

453 4941 847 4994 Bernardinus
872 4942 1114 5013 quidam
1137 4944 1650 5000 eNaccarellorum
1674 4945 1918 5013 familia,
1943 4949 2089 5004 dum

453 5027 596 5083 feria
636 5034 800 5084 sexta
827 5031 882 5084 in
915 5048 1224 5102 parasceve
1251 5033 1463 5103 prioris
1495 5036 1632 5089 anni
1666 5041 1790 5091 erat
1820 5039 1878 5090 in
1911 5037 2089 5092 eccle-

456 5115 543 5170 sia
564 5117 752 5171 sancti
807 5121 1072 5185 Matthaai,
1105 5122 1417 5176 dubitabat
1445 5123 1519 5178 de
1551 5124 1842 5194 particula
1895 5142 2087 5180 sacro-

454 5209 672 5257 sanctae
703 5208 910 5268 crucis,
943 5211 1303 5264 venerationi
1335 5213 1650 5281 pr0posita,
1671 5219 1726 5266 et
1748 5213 1935 5283 impia
1957 5213 2086 5268 haec

453 5290 636 5344 verba
667 5292 902 5359 protulit
935 5313 947 5346 :
980 5318 1005 5345 «
1043 5296 1198 5352 Eheu
1220 5299 1231 5352 l
1253 5300 1395 5371 quid
1430 5301 1475 5354 si
1502 5301 1709 5356 Christi
1736 5318 1879 5356 crux
1912 5317 2085 5355 mons

453 5377 582 5447 ipse
610 5378 891 5431 Vesuvius
923 5381 1120 5438 fuisset
1150 5386 1176 5440 ‘I
1209 5409 1234 5435 η
1283 5389 1373 5442 His
1406 5388 1589 5452 dictis,
1635 5390 1831 5443 statim
1885 5388 2078 5444 obmu-

453 5465 580 5532 tuit,
611 5470 933 5537 mutasque
952 5474 1171 5529 mansit
1194 5491 1384 5549 usque
1415 5477 1492 5532 ad
1515 5479 1792 5534 eumdem
1823 5479 1981 5534 diem
2003 5494 2088 5534 se-

2202 3095 2332 3150 loco
2366 3111 2542 3149 suum
2585 3094 2922 3165 deploraret
2951 3099 3261 3164 peccatum
3309 3107 3513 3147 coram
3556 3089 3851 3160 gloriosis-

2203 3183 2354 3237 simo
2387 3183 2660 3250 apostolo
2689 3183 2962 3238 Matthaso
2997 3200 3010 3248 ;
3039 3187 3094 3237 et
3141 3181 3404 3236 crederet
3430 3197 3628 3235 veram
3694 3178 3849 3234 illam

2202 3271 2392 3326 crucis
2432 3286 2558 3324 esse
2598 3272 2933 3340 portionem
2971 3272 3029 3325 in
3071 3285 3186 3341 quo
3230 3270 3496 3326 Salvator
3543 3271 3712 3324 Jesus
3751 3283 3853 3340 pro

2202 3359 2471 3413 humana
2514 3365 2684 3427 gente
2725 3359 3007 3431 pependit
3042 3376 3054 3414 :
3111 3358 3318 3414 fecisse
3345 3375 3405 3413 se
3458 3356 3644 3429 paulo
3699 3363 3851 3422 ante,

2203 3447 2494 3518 quidquid
2513 3448 2595 3502 vir
2610 3446 2707 3502 ille
2722 3453 2962 3502 sanctus
2979 3453 3310 3513 monuerat,
3329 3453 3382 3502 et
3399 3447 3848 3502 sanctissimum

2206 3537 2543 3592 Matthaaum
2587 3552 2887 3602 exorasse,
2923 3542 2984 3592 ut
3032 3537 3169 3592 ﬁdei
3200 3553 3323 3592 suae
3358 3536 3851 3608 protestationem

2207 3627 2434 3681 Christo
2464 3627 2712 3681 Domino
2763 3626 3106 3696 dignaretur
3136 3625 3366 3690 offerre,
3415 3642 3485 3681 ac
3535 3625 3734 3681 statim
3776 3624 3854 3679 lo-

2207 3715 2429 3788 quendi
2478 3715 2598 3770 vim
2653 3716 2933 3771 amissam
2991 3731 3394 3785 recuperasse.
3454 3715 3590 3770 Haec
3651 3714 3854 3769 omnia

2207 3805 2396 3858 fusius
2419 3805 2544 3874 ipse
2561 3820 2786 3876 perque
2816 3804 3031 3860 multos
3051 3805 3307 3876 gemitus
3333 3803 3530 3876 palam
3546 3805 3850 3874 exposuit;

2208 3892 2558 3964 rogavitque
2608 3893 2947 3963 prmsulem,
3003 3898 3064 3947 ut
3096 3893 3450 3950 miraculum
3485 3893 3644 3948 istud
3691 3909 3854 3947 cura-

2206 3987 2293 4035 ret
2317 3981 2374 4035 in
2407 3987 2541 4037 acta
2592 3981 2792 4036 referri
2839 3982 2910 4037 ad
2963 3988 3313 4054 perpetuam
3360 3982 3443 4037 rei
3475 3982 3848 4037 memoriam.

2209 4070 2612 4136 Quamobrem
2667 4070 2921 4142 publicis
2969 4071 3341 4126 documentis
3367 4072 3539 4142 jussit
3598 4070 3712 4126 hoc
3767 4071 3850 4126 di-

2207 4160 2458 4229 ligenter
2536 4159 3007 4230 comprehendi:
3072 4160 3232 4230 quod
3291 4166 3413 4214 tum
3472 4161 3661 4230 ipsius
3723 4163 3846 4215 Ber-

2206 4249 2872 4320 nardinijurejurando,
2917 4255 3041 4304 tum
3100 4250 3525 4305 canonicorum
3557 4250 3840 4313 omnium,

2207 4339 2307 4409 qui
2340 4345 2658 4409 praesentes
2689 4338 2936 4402 fuerant,
2964 4339 3213 4394 solemni
3232 4337 3833 4396 fuerantattestatione

2207 4426 2459 4482 ﬁrmata.
2509 4449 2534 4475 η

2274 4517 2360 4569 85.
2411 4521 2537 4570 Post
2562 4515 2687 4569 haec
2711 4515 3116 4584 pergitauctor
3141 4515 3214 4570 ad
3236 4515 3592 4572 beneﬁcium
3623 4514 3838 4570 defensi

2203 4603 2482 4657 divinitus
2525 4608 2732 4656 contra
2779 4601 3028 4658 classem
3077 4606 3396 4659 Turcarum
3443 4603 3687 4660 Salerni.
3731 4606 3842 4658 Hoc

2203 4692 2436 4756 accidit,
2469 4691 2599 4760 ipso
2632 4689 2842 4746 saltem
2876 4692 3128 4760 vivente,
3161 4694 3263 4748 sed
3316 4694 3571 4748 necdum
3624 4693 3842 4749 Salerni

2201 4779 2469 4849 degente.
2524 4779 2865 4835 Secundum
2920 4780 3174 4835 Annales
3226 4780 3518 4837 Muratorii
3566 4797 3658 4837 res
3693 4781 3844 4836 facta

2199 4874 2286 4922 est
2315 4883 2474 4922 anno
2527 4871 2676 4921 1544.
2719 4868 3047 4923 Audiamus
3081 4870 3420 4935 Marsilium,
3464 4869 3735 4926 resciscis
3768 4877 3842 4924 ta-

2201 4971 2336 5010 men
2399 4954 2694 5024 adjunctis
2753 4955 2977 5028 aliquot
3022 4973 3141 5012 non
3197 4958 3550 5013 necessariis
3595 4974 3607 5012 :
3651 4979 3678 5010 ε(
3719 4961 3845 5024 Quo

2200 5048 2528 5114 tempore...
2571 5044 2816 5100 Carolus
2874 5048 2916 5098 V
2948 5048 3351 5102 Romanorum
3402 5049 3748 5119 imperator,
3792 5055 3847 5104 et

2201 5129 2563 5185 Francisusl
2621 5131 2921 5188 Gallorum
2979 5149 3079 5188 rex
3139 5134 3213 5189 de
3267 5135 3446 5190 totius
3507 5134 3624 5190 fere
3669 5135 3844 5192 Italiae

2197 5219 2442 5289 primatu
2458 5219 3253 5291 contendebant,impetravit
3267 5223 3458 5278 Gallus
3476 5239 3510 5279 a
3527 5224 3844 5296 Solymano

2197 5306 2518 5360 Turcarum
2536 5307 2800 5378 principe
2825 5308 3073 5363 classem
3093 5309 3348 5366 validam
3363 5317 3844 5378 etnumerosam,

2198 5392 2528 5448 Haradieno
2549 5394 2909 5451 Barbarussa
2933 5397 3228 5468 prasfecto,
3249 5398 3654 5455 utmaritimas
3681 5417 3839 5466 oras,

2197 5495 2332 5551 qum
2346 5494 2615 5536 caasareae
2644 5480 2916 5539 factionis
2956 5489 3142 5551 erant,
3171 5489 3410 5543 vexaret
3442 5492 3620 5558 atque
3651 5488 3842 5560 diripe
