4124 6270
242 297 344 355 801

1640 294 1800 352 VITA
1844 297 1904 352 S.
1948 296 2298 355 MATTHEI.

3544 308 3650 365 802

241 427 349 479 ret.
384 440 414 474 »
445 421 687 476 Factum
726 419 839 476 hoc
881 435 1040 476 anno
1083 419 1240 475 1543.
1295 423 1384 491 At,
1442 437 1579 477 cum
1630 420 1897 495 sequenti
1928 420 1973 476 Α
2012 420 2155 476 Diva
2179 421 2456 496 Divasque
2475 440 2681 481 omnes
2698 426 3106 498 propitiantur,
3127 432 3433 485 etsacrum
3455 431 3649 489 missaa

244 526 407 568 anno
434 508 779 566 Franciscus
825 512 843 563 l
888 507 1207 564 terribilem
1257 508 1420 565 illam
1454 510 1731 573 classem,
1762 526 1898 582 quin

243 599 389 656 nihil
430 598 695 654 utilitatis
725 597 1008 661 attulerat,
1030 596 1255 653 meliori
1285 598 1534 654 consilio
1550 600 1896 664 remitteret;

246 687 615 744 Barbarussa
646 687 706 741 in
754 686 1005 742 transitu
1048 686 1239 742 varias
1269 686 1533 743 civitates
1566 687 1895 744 maritimas

250 782 307 832 et
344 775 566 832 insulas
597 775 813 847 partim
846 774 1063 830 frustra
1104 777 1363 844 tentavit,
1400 782 1453 832 et
1492 776 1708 848 partim
1740 774 1898 849 cepit

244 868 301 921 et
329 864 594 936 diripuit,
643 871 703 919 ut
734 863 1003 935 pluribus
1035 870 1276 935 exponit
1305 870 1532 921 auctor.
1584 865 1893 923 Salernum

245 951 510 1009 similiter
541 952 823 1008 invadere
855 953 1055 1008 voluit.
1095 972 1119 1003 α
1148 953 1324 1009 Plane
1348 954 1448 1009 ubi
1502 954 1558 1009 in
1590 954 1719 1026 ejus
1749 969 1894 1010 con-

245 1046 505 1113 spectum
556 1040 811 1106 devenit,
846 1040 1038 1113 inquit
1094 1041 1405 1109 Marsﬂius,
1446 1059 1751 1098 armorum
1789 1042 1893 1097 ful-

245 1145 386 1199 gore
425 1134 484 1185 et
521 1135 797 1201 aspectus
829 1128 1053 1185 feritate
1078 1130 1367 1197 terribilis,
1402 1131 1633 1187 civibus
1665 1132 1893 1187 cunctis

244 1224 558 1274 catenaset
582 1219 922 1291 compedes,
959 1218 1088 1273 urbi
1128 1223 1329 1274 autem
1351 1218 1669 1276 barbaram
1698 1225 1893 1276 vasta-

246 1307 468 1363 tionem
498 1305 913 1363 denuntiabat.
935 1308 1221 1372 Quocirca
1235 1307 1312 1363 ad
1332 1313 1557 1363 trucem
1582 1313 1895 1380 tympano-

244 1412 377 1451 rum
408 1396 665 1451 sonitum
699 1402 754 1451 et
780 1396 1042 1451 minaces
1073 1395 1358 1452 tibiarum
1384 1396 1678 1461 modulos,
1708 1412 1892 1469 usque

242 1485 396 1541 adeo
442 1484 697 1556 populus
739 1484 1046 1539 universus
1090 1485 1348 1557 expavit,
1380 1489 1444 1541 ut
1490 1486 1893 1555 demigrantes

242 1573 452 1629 incolae
488 1573 691 1628 animo
717 1580 1116 1639 consternato,
1155 1579 1212 1629 et
1243 1590 1483 1629 summa
1526 1590 1665 1629 cum
1716 1573 1894 1646 trepi-

241 1662 481 1721 datione
512 1662 631 1717 fere
670 1677 880 1717 omnes
912 1662 987 1716 ad
1020 1665 1308 1718 montana
1338 1662 1727 1732 confugerent
1764 1662 1892 1718 Fer-

2009 511 2277 566 solemne
2324 513 2651 569 conﬁcitur.
2707 536 2735 565 »
2789 515 3078 571 Hactenus
3133 518 3413 573 Marsilius
3471 520 3647 575 annis

2008 598 2236 655 circiter
2296 600 2531 673 triginta
2606 604 2870 675 quinque
2938 610 3070 675 post
3142 621 3266 661 rem
3318 614 3647 679 peractam,

2007 689 2251 759 quando
2282 691 2449 746 multi
2491 692 2693 763 procul
2734 692 2917 748 dubio
2959 694 3239 750 vivebant
3270 695 3646 768 Salernitani,

2004 775 2105 847 qui
2138 776 2357 833 factum
2388 778 2526 834 illud
2550 780 2834 846 viderant,
2863 784 2917 835 et
2943 780 3017 835 de
3042 781 3340 851 adjunctis
3361 786 3646 841 omnibus

2005 869 2275 935 poterant
2292 866 2580 937 judicare.
2612 868 2831 923 Eadem
2863 867 3102 923 brevius
3133 870 3394 926 referunt
3424 874 3644 939 Musca,

2002 954 2104 1023 qui
2144 954 2401 1009 Marsilio
2441 956 2718 1024 convixit,
2749 956 2808 1011 in
2840 957 3302 1030 archiepiscopis
3334 960 3650 1017 Salernita-

2004 1040 2114 1107 nis,
2144 1058 2281 1113 pag.
2317 1049 2401 1111 56,
2427 1047 2635 1110 Mazza,
2658 1045 2719 1100 in
2733 1044 2998 1101 Historia
3021 1048 3566 1121 Salernitana,cap.
3592 1036 3674 1116 6,.

2003 1134 2058 1184 et
2074 1130 2368 1200 Ughellus,
2391 1140 2529 1188 tom.
2545 1133 2644 1188 VII
2667 1134 2722 1188 iu
2744 1132 3209 1203 ArchiepzscOpis
3224 1135 3644 1203 Salernitanis,

2004 1218 2061 1272 in
2085 1219 2318 1275 Nicolao
2342 1221 2680 1293 Rodulpho,
2707 1221 2811 1293 qui
2839 1228 2976 1277 tunc
3001 1230 3243 1293 praeerat
3264 1224 3647 1283 Salernitanaa

2003 1306 2281 1362 ecclesiae.
2318 1307 2513 1364 Redeo
2539 1308 2616 1364 ad
2648 1308 2987 1364 Marsilium.

2076 1399 2162 1450 87.
2209 1415 2232 1446 α
2253 1396 2584 1452 Novissime
2616 1396 2966 1468 placetillud
2997 1413 3117 1453 non
3150 1400 3408 1464 reticere,
3433 1400 3647 1474 inquit,

2002 1483 2165 1555 quod
2212 1484 2384 1539 nobis
2407 1484 2550 1556 ipsis
2580 1484 2639 1539 in
2675 1485 2783 1541 hac
2835 1485 3083 1541 ecclesia
3139 1488 3480 1543 sedentibus
3511 1496 3646 1545 ante

2001 1570 2308 1627 biennium
2341 1573 2601 1642 contigit.
2643 1573 2899 1628 Tametsi
2931 1573 3087 1629 enim
3122 1574 3198 1631 ab
3250 1591 3321 1630 eo
3378 1577 3492 1640 die,
3524 1592 3647 1649 quo

2002 1658 2164 1714 locus
2204 1659 2296 1715 ille
2339 1660 2445 1716 fuit
2474 1676 2579 1732 per
2618 1660 2994 1732 sacrilegium
3051 1664 3510 1735 contaminatus,
3543 1665 3649 1721 ubi

242 1751 419 1807 vebat
457 1756 582 1806 tum
614 1750 872 1806 maxime
903 1757 1076 1806 mstas
1108 1751 1219 1805 sub
1251 1751 1569 1822 septimum
1604 1750 1891 1807 Kalendas
1924 1765 1969 1822 Β
2003 1747 2464 1820 gloriosissimus
2481 1750 2780 1820 apostolus
2808 1750 2988 1821 jacet,
3022 1752 3257 1806 divinus
3296 1752 3492 1824 liquor
3518 1769 3648 1825 per-

244 1840 583 1906 Quinctiles,
614 1846 671 1894 et
702 1843 869 1895 tanta
911 1845 1035 1896 erat
1066 1840 1199 1896 caeli
1232 1842 1532 1913 marisque
1565 1839 1891 1912 tranquilli-

245 1936 361 1999 tas,
403 1935 465 1984 ut
491 1928 797 1985 immobile
814 1928 988 2001 plane
1020 1930 1317 1986 videretur
1346 1930 1595 2003 pelagus
1629 1953 1641 1985 :
1678 1931 1893 1986 Barba-

241 2034 414 2073 russa
459 2024 656 2073 autem
698 2017 1010 2089 praedensa
1056 2019 1427 2089 navigiorum
1473 2019 1596 2074 acie
1636 2018 1890 2089 jamjam

240 2106 554 2171 accedens,
596 2106 909 2162 tormentis
940 2108 997 2162 in
1030 2106 1218 2163 fronte
1266 2107 1589 2172 collocatis,
1632 2123 1892 2180 pronun-

242 2196 425 2256 tiavit,
458 2201 519 2249 ut
542 2195 759 2251 milites
787 2195 1237 2251 descensionem
1271 2196 1549 2262 facerent,
1593 2201 1649 2251 et
1674 2195 1891 2267 praedae

240 2283 723 2356 atqueincendiis
743 2283 1162 2339 incumberent
1193 2304 1205 2343 :
1238 2301 1376 2340 cum
1403 2300 1540 2340 ecce
1570 2289 1891 2356 tempestas

236 2372 745 2428 turbulentissima
776 2376 1015 2443 repente
1063 2373 1342 2436 exoritur,
1374 2381 1430 2428 et
1457 2372 1638 2427 veluti
1695 2373 1891 2444 prodi-

232 2460 401 2530 gioso
419 2476 488 2515 ac
514 2460 781 2516 horribili
805 2463 973 2516 terrae
1002 2466 1165 2516 motu
1182 2476 1342 2515 mare
1386 2461 1721 2516 concutitur
1742 2462 1892 2517 inter

231 2550 632 2622 Almalphiam
662 2557 839 2622 atque
872 2549 1181 2606 Salernum
1239 2566 1251 2604 :
1286 2549 1570 2605 inusitata
1602 2554 1892 2620 praeterea

231 2638 607 2694 diversorum
660 2645 972 2693 ventorum
1032 2638 1440 2709 conjuratione
1490 2653 1680 2710 usque
1738 2638 1891 2694 adeo

233 2734 605 2784 commotum
640 2728 922 2792 intimuit,
997 2734 1059 2782 ut
1116 2727 1424 2783 immensis
1478 2727 1757 2783 ﬂuctibus
1800 2727 1893 2798 ja-

234 2822 394 2872 ctata
424 2816 633 2871 classis
681 2816 739 2869 in
793 2815 955 2870 littus
1002 2815 1355 2882 adigeretur,
1408 2831 1710 2887 navesque
1770 2831 1895 2870 om-

237 2922 342 2962 nes
371 2903 722 2959 nutantibus
774 2902 970 2964 malis,
1034 2907 1212 2972 atque
1255 2904 1402 2955 inter
1432 2917 1493 2955 se
1550 2902 1741 2971 proris
1794 2901 1894 2956 ad-

238 2992 427 3047 versis
482 3006 553 3046 ac
605 2988 910 3060 puppibus
966 2995 1385 3043 concurrentes
1459 2988 1683 3058 ingenti
1740 2988 1898 3044 cala-

243 3081 446 3138 mitate
495 3078 713 3134 collisa;
763 3093 834 3133 ac
892 3076 1197 3146 diffractis,
1255 3076 1531 3132 luctuoso
1585 3076 1897 3147 naufragio
1933 3113 1973 3167 Ο

242 3172 671 3238 mergerentur.
707 3187 726 3216 ι

314 3261 400 3314 86.
435 3278 463 3306 ‹‹
494 3255 751 3311 Accessit
780 3269 1023 3327 quoque
1083 3251 1368 3309 miraculo
1415 3253 1581 3309 visus
1643 3253 1705 3309 in
1754 3253 1897 3311 coelo

242 3362 419 3403 senex
448 3359 703 3399 summa
738 3341 1123 3415 proceritatis,
1158 3342 1408 3414 ipsaque
1435 3341 1671 3413 prolixae
1695 3341 1898 3397 barba

243 3433 571 3508 spectanda
600 3431 810 3488 canitie
841 3431 1225 3502 conspicuus,
1257 3431 1359 3503 qui
1388 3430 1699 3486 videbatur
1731 3430 1895 3485 illam

242 3525 493 3581 excitare
524 3519 869 3594 procellam,
907 3526 963 3575 et
995 3535 1103 3591 pro
1143 3535 1253 3575 sua
1294 3520 1467 3592 quasi
1511 3518 1743 3575 civitate
1788 3534 1896 3590 pu-

245 3628 429 3683 gnare
480 3609 665 3665 :visee
692 3614 832 3665 sunt
883 3608 1059 3664 etiam
1111 3607 1487 3663 validissima:
1536 3605 1900 3679 promptissi-

246 3716 484 3757 morum
535 3696 789 3753 militum
832 3702 888 3750 et
937 3694 1156 3750 civium
1206 3696 1486 3760 cohortes,
1541 3694 1899 3765 fulgentibus

246 3804 352 3860 per
390 3786 544 3843 muri
573 3801 856 3841 coronam
880 3784 1063 3854 galeis
1095 3789 1274 3856 atque
1302 3783 1663 3852 thoracibus,
1690 3781 1895 3839 urbem

250 3884 533 3949 perpetua
563 3873 734 3946 quasi
761 3874 1012 3928 statione
1042 3872 1379 3928 defendere.
1432 3872 1595 3927 Unde
1644 3876 1892 3937 constat,

248 3966 574 4022 immanem
620 3963 785 4017 illum
833 3961 1152 4018 barbarum
1193 3977 1263 4017 ea
1311 3961 1406 4017 die
1447 3959 1895 4025 contremuisse,

248 4061 304 4112 et
334 4052 714 4126 paucissimis
744 4050 1237 4123 triremibus,qum
1270 4049 1364 4106 vix
1400 4055 1714 4106 evaserunt
1744 4049 1898 4105 inco-

247 4144 465 4207 lumes,
513 4140 663 4196 ultra
721 4139 1083 4207 Palinurum,
1140 4139 1639 4195 invalescentibus
1685 4139 1896 4204 ventis,

248 4236 485 4299 raptum
504 4228 704 4284 fuisse.
726 4229 945 4283 Caetera
963 4228 1205 4298 navigia
1221 4229 1569 4298 cujuscuma
1582 4242 1651 4280 ue
1669 4226 1900 4294 generis

249 4319 342 4375 vel
365 4318 539 4390 plane
563 4323 850 4387 quassata
873 4316 1095 4371 sensim
1126 4317 1411 4386 absorpta
1436 4318 1592 4377 sunt,
1620 4311 1708 4365 vel
1741 4310 1900 4367 fatali

247 4409 308 4463 in
340 4405 529 4462 littore
560 4404 937 4468 desederunt,
968 4403 1288 4474 praedaque
1319 4400 1543 4465 omnia,
1583 4415 1765 4471 quam
1798 4414 1902 4467 per

248 4493 341 4550 fas
393 4497 450 4548 et
506 4491 675 4546 nefas
735 4492 1029 4546 barbarus
1090 4490 1509 4559 undecumque
1566 4486 1896 4556 collegerat,

251 4581 331 4637 ad
346 4579 783 4635 Salernitanum
810 4577 971 4634 littus
1008 4577 1213 4649 ejecta,
1239 4575 1443 4632 incolis
1465 4574 1900 4646 occupantibus

251 4667 631 4739 estqutesita.
656 4665 801 4722 Cum
841 4666 1018 4736 igitur
1052 4666 1458 4722 imminentem
1501 4662 1732 4718 cladem
1782 4668 1901 4718 tam

250 4754 405 4813 felici
449 4761 686 4822 eventu,
718 4770 837 4810 non
894 4755 1176 4811 humanae
1222 4753 1394 4822 vires,
1424 4753 1524 4808 sed
1558 4752 1715 4807 Deus
1768 4751 1899 4822 Opt.

250 4847 400 4903 Max.
444 4843 767 4907 avertisset,
808 4850 1117 4916 acceptum
1171 4842 1232 4899 id
1264 4840 1594 4899 Salernitati
1647 4839 1903 4895 tulerunt

250 4933 529 5007 precibus
559 4935 615 4987 et
646 4931 865 4987 meritis
897 4932 1149 4987 Matthaai
1204 4937 1260 4987 et
1315 4930 1555 4986 Andreai
1601 4927 1897 4999 apostolo-

249 5036 414 5078 rum:
431 5021 526 5077 hic
544 5020 1070 5091 Almalphitanam,
1091 5020 1181 5075 ille
1205 5018 1637 5077 Salernitanam
1656 5015 1895 5088 plagam

247 5109 620 5167 defenderat.
642 5109 1044 5174 Quamobrem
1078 5108 1345 5180 sequenti
1376 5107 1471 5161 die
1494 5104 1901 5162 Salernitanus

247 5197 519 5274 populus
553 5200 668 5253 Deo
699 5198 967 5266 ingentes
1018 5197 1233 5266 gratias
1286 5196 1403 5266 egit
1455 5212 1469 5250 :
1515 5200 1571 5250 et
1620 5193 1900 5264 deinceps

246 5287 574 5361 quotannis
591 5302 661 5341 ea
686 5286 816 5357 ipsa
842 5285 937 5341 die
955 5284 1221 5341 miraculi
1252 5284 1539 5340 memoria
1566 5288 1898 5348 renovatur,

247 5374 400 5449 quia
452 5380 509 5431 et
556 5375 861 5447 proprium
914 5373 992 5428 ob
1042 5373 1100 5427 id
1140 5371 1413 5428 Ofﬁcium
1471 5369 1799 5428 celebratur
1841 5368 1900 5423 in

249 5463 438 5520 choro
466 5462 708 5534 majoris
733 5462 1014 5527 ecclesiae,
1066 5465 1124 5516 et
1152 5476 1257 5533 per
1312 5460 1607 5516 civitatem
1648 5457 1901 5513 solemni

250 5550 641 5627 processione
671 5549 1040 5615 discurritur,
1074 5550 1133 5606 in
1163 5565 1285 5622 qua
1332 5547 1570 5607 alternis
1622 5545 1901 5618 precibus

2003 1838 2252 1909 exiguus
2284 1853 2520 1909 semper
2577 1838 2898 1903 emerserit,
2929 1839 3080 1894 adeo
3114 1845 3174 1895 ut
3203 1840 3291 1895 vix
3325 1841 3648 1899 multorum

2002 1926 2233 1981 dierum
2276 1928 2466 1997 spatio
2514 1926 2750 1982 modica
2776 1926 3034 1999 potuerit
3053 1927 3318 1998 ejusdem
3339 1931 3646 2001 quantitas

2000 2013 2222 2069 hauriri
2254 2030 2268 2079 ;
2318 2014 2763 2070 advenientibus
2816 2019 3017 2070 tamen
3055 2015 3381 2071 illustribus
3407 2033 3477 2072 ex
3508 2020 3646 2074 Sar-

2002 2103 2186 2158 matia
2218 2101 2353 2157 viris
2381 2102 2629 2173 Georgio
2653 2102 2959 2168 Radziroil,
2979 2103 3358 2175 episcOpatus
3386 2106 3647 2163 Wilnen-

2002 2191 2085 2246 sis
2104 2190 2482 2261 coadjutore,
2517 2197 2574 2246 et
2603 2190 2837 2247 Alberto
2866 2192 3157 2247 Radziroil
3187 2192 3385 2260 fratre,
3409 2200 3465 2250 et
3493 2196 3646 2251 duce

1999 2282 2058 2338 in
2091 2282 2254 2344 Olica
2286 2300 2301 2349 ;
2330 2299 2399 2339 ac
2429 2284 2636 2338 devote
2684 2283 3036 2354 petentibus,
3089 2290 3148 2339 ut
3178 2290 3234 2340 et
3260 2284 3371 2341 loci
3421 2285 3645 2343 videnti

2000 2377 2054 2428 et
2085 2387 2325 2428 manna;
2356 2371 2543 2443 ipsius
2565 2371 2626 2426 in
2652 2371 2908 2443 patriam
2931 2371 3266 2429 deferendae
3291 2376 3527 2446 capiam
3556 2374 3644 2433 fa-

2000 2475 2288 2524 ceremus,
2341 2458 2594 2514 libenter
2630 2465 2941 2531 utrumque
2991 2461 3404 2517 concessimus
3441 2478 3453 2517 :
3486 2463 3648 2533 lage-

2001 2563 2264 2619 namque
2291 2548 2502 2618 ipsam,
2535 2562 2669 2619 quae
2710 2546 2898 2619 pridie
2928 2548 3097 2604 arida
3138 2564 3286 2621 pene
3311 2550 3521 2611 fuerat.
3553 2567 3647 2608 sa-

2000 2650 2102 2692 cro
2142 2635 2393 2690 humore
2426 2634 2578 2690 adeo
2617 2634 2902 2705 repletam
2944 2636 3384 2711 undantemque
3435 2642 3647 2711 reperi-

2005 2740 2159 2790 mus,
2194 2728 2254 2779 ut
2302 2722 2618 2779 liberaliter
2658 2722 3030 2795 principibus
3077 2725 3220 2797 ipsis
3252 2728 3388 2782 viris
3420 2743 3653 2784 eorum-

2003 2827 2120 2884 que
2150 2812 2467 2867 comitibus
2494 2812 2861 2883 potuerimus
2902 2812 3095 2884 ipsam
3123 2814 3494 2871 distribuere.
3532 2820 3653 2873 lmo

2005 2915 2144 2953 vero
2176 2905 2231 2955 et
2254 2898 2406 2954 duas
2448 2898 2743 2968 ampullas
2794 2900 3007 2956 eodem
3050 2901 3281 2973 liquore
3336 2903 3543 2975 plenas
3573 2904 3652 2961 ad

2006 2987 2349 3055 Gregorium
2392 2988 2503 3041 Xlll
2540 2988 2598 3042 P.
2659 2989 2730 3043 M.
2783 2988 2995 3045 deferri
3046 2992 3387 3047 curavimus
3441 3035 3453 3058 ,
3497 3009 3652 3064 quas

2005 3080 2062 3129 et
2092 3074 2462 3142 gratissimas
2512 3076 2807 3131 exstitisse
2864 3092 2968 3149 per
3022 3077 3241 3134 litteras
3287 3081 3653 3152 accepimus.

2007 3164 2208 3218 Tanta;
2240 3161 2416 3231 igitur
2449 3161 2527 3216 rei
2558 3164 2878 3218 novitatem
2909 3166 3084 3221 valde
3118 3167 3390 3223 admirati
3415 3185 3653 3235 sumus;

2007 3256 2062 3307 et
2096 3248 2281 3315 veriti,
2325 3264 2399 3303 ne
2443 3249 2825 3304 beatissimus
2885 3254 3186 3321 apostolus
3239 3254 3378 3310 huic
3429 3256 3653 3327 populo

2006 3339 2087 3394 ob
2116 3337 2337 3393 scelera
2370 3337 2555 3392 multa
2589 3344 2954 3400 succenseat,
3018 3342 3245 3411 precari
3310 3359 3646 3416 numquam

2006 3426 2350 3482 desistimus
2407 3424 2596 3495 illum,
2650 3431 2711 3480 ut
2759 3426 3050 3482 civitatem
3116 3430 3291 3485 istam
3367 3431 3644 3505 civesque

2006 3529 2215 3571 omnes
2240 3514 2518 3584 dignetur
2556 3529 2664 3586 pro
2696 3528 2808 3568 sua
2836 3518 3121 3571 consueta
3163 3516 3422 3574 bonitate
3464 3527 3656 3592 prote-

2008 3618 2165 3675 gere.
2208 3624 2226 3650 ι

2078 3694 2165 3746 88.
2196 3709 2225 3742 ‹‹
2274 3689 2533 3745 Tandem
2596 3694 2652 3743 et
2714 3688 2858 3743 illud
2917 3689 3109 3762 placet
3166 3692 3315 3749 inter
3366 3695 3653 3755 miracula

2006 3792 2331 3841 recensere,
2359 3776 2524 3849 quod
2554 3792 2627 3831 ex
2668 3776 2945 3833 universa
2973 3779 3281 3850 provincia
3309 3781 3657 3855 frequentis-

2007 3867 2153 3922 sime
2180 3865 2506 3921 afferuntur
2531 3865 2804 3919 homines
2839 3866 3145 3939 utriusque
3167 3886 3363 3937 sexus,
3390 3872 3493 3944 qui
3527 3890 3658 3929 ma-

2014 3953 2083 4010 lis
2116 3953 2418 4025 spiritibus
2452 3952 2737 4008 acerrime
2758 3952 3115 4010 divexantur
3164 3973 3177 4012 :
3210 3964 3264 4013 et
3304 3974 3405 4013 eos
3444 3977 3656 4018 omnes

2006 4048 2142 4099 ante
2162 4042 2364 4113 ipsum
2413 4041 2481 4097 D.
2514 4040 2766 4096 Matthaai
2798 4041 2982 4098 altare
3003 4047 3348 4101 constitutos
3368 4051 3646 4106 sacerdos

2010 4148 2162 4185 unus
2188 4130 2466 4199 imposita
2507 4144 2689 4183 manu
2719 4129 2950 4185 liberat.
3000 4131 3171 4195 Quod
3217 4150 3378 4199 sane,
3424 4140 3653 4194 tametsi

2010 4218 2087 4274 ab
2128 4218 2257 4287 ipso
2287 4214 2684 4269 translationis
2706 4214 2874 4271 initio
2901 4218 3229 4276 factitatum
3261 4223 3499 4278 assidue
3520 4226 3649 4296 fuit,

2010 4306 2153 4377 quia
2183 4309 2381 4359 tamen
2413 4302 2492 4357 ad
2529 4302 2657 4357 hac
2689 4319 2877 4375 usque
2912 4311 3179 4377 tempora
3213 4319 3566 4380 perseverat,
3600 4320 3657 4371 et

2013 4392 2186 4449 nobis
2230 4392 2406 4447 etiam
2439 4390 2769 4445 videntibus
2803 4394 3168 4467 quandoque
3209 4404 3516 4469 peractum
3545 4409 3650 4472 est,

2015 4497 2137 4539 non
2166 4481 2276 4536 fuit
2299 4479 2419 4535 ulla
2444 4480 2669 4535 ratione
2697 4484 3179 4552 praetereundum
3221 4486 3474 4547 silentio.
3504 4511 3532 4543 »
3567 4493 3653 4549 Ita

2014 4576 2238 4628 auctor.
2287 4571 2366 4624 Ex
2414 4567 2633 4623 ultimis
2694 4569 2890 4625 verbis
2933 4571 3163 4644 colligo,
3226 4576 3409 4633 multa
3469 4581 3655 4637 sancti

2013 4657 2262 4715 Matthtei
2294 4656 2576 4712 beneﬁcia
2608 4657 2836 4730 scriptis
2861 4661 3211 4729 consignata
3259 4680 3379 4720 non
3428 4665 3605 4725 fuisse
3637 4686 3651 4725 :

2012 4762 2204 4821 neque
2235 4746 2393 4802 enim
2423 4760 2963 4817 energumenorum
2994 4747 3374 4808 liberationes
3416 4755 3655 4814 invenio

2012 4836 2281 4907 scriptas.
3055 4889 3067 4900 _

2082 4925 2168 4980 89.
2202 4925 2279 4978 Ex
2309 4921 2419 4978 illis
2448 4938 2635 4978 unum
2668 4923 2863 4979 Sancti
2892 4924 3247 4983 beneﬁcium
3279 4929 3656 4990 Salernitanis

2010 5012 2337 5086 praestitum
2354 5010 2597 5067 refertur
2609 5028 2644 5067 a
2659 5014 2801 5067 Rom
2812 5012 2987 5069 ualdo
3006 5017 3048 5069 ll
3068 5016 3515 5091 archiepiscopo
3556 5024 3658 5080 Sa-

2009 5100 2323 5165 lernitano,
2354 5098 2458 5170 qui
2489 5100 2694 5155 omnia
2735 5115 2996 5171 praesens
3026 5101 3227 5159 videre
3267 5108 3474 5177 potuit,
3517 5127 3655 5167 eum

2009 5187 2202 5261 patria
2235 5185 2405 5242 fuerit
2456 5187 2877 5253 Salernitanus,
2933 5194 2988 5245 et
3040 5192 3367 5249 secundum
3434 5197 3656 5267 Ughelli

2011 5274 2419 5333 chronotaxim
2442 5274 2568 5345 jam
2587 5275 2794 5345 patria;
2812 5292 2933 5331 sum
2958 5286 3238 5348 praeesset
3259 5282 3658 5355 archiepisco-

2011 5382 2144 5437 pus,
2178 5362 2424 5436 quando
2444 5379 2536 5417 res
2568 5370 2807 5435 peracta
2837 5371 2945 5431 est,
2974 5370 3079 5421 aut
3102 5369 3491 5437 quadriennio
3520 5381 3657 5446 post

2010 5453 2493 5524 archiepiscopus
2512 5450 2682 5507 fuerit
2704 5452 2891 5508 factus
2921 5470 2991 5509 ex
3004 5456 3347 5514 chronotaxi
3374 5460 3487 5516 Gas
3499 5465 3655 5532 paris

2011 5544 2236 5599 Musca.
2279 5542 2516 5595 Factum
2552 5558 2587 5596 a
2608 5542 2941 5611 Muratorio,
2975 5543 3032 5600 in
3062 5546 3413 5605 Annalibus
3443 5549 3652 5620 Italiae,
