4124 6270
482 245 586 302 803

478 374 727 431 refertur
751 375 827 431 ad
853 393 1080 434 annum
1112 379 1270 444 1162,
1304 386 1481 451 atque
1512 379 1591 436 ita
1622 376 1939 453 exponitur
1967 381 2125 435 aRo-
2165 383 2209 437 Α

485 464 752 528 mualdo,
784 471 926 520 tom.
961 466 1434 535 VllScriptorum
1467 469 1673 533 Italiae,
1695 468 1952 526 col.205.
1993 457 2130 524 Gui-

480 550 716 607 lielmus
752 553 769 606 Ι
804 553 1010 609 Sicilire
1038 571 1139 609 rex
1167 563 1565 625 cognomento
1591 559 1788 627 Malus,
1817 561 1944 613 Post
1971 574 2129 613 com-

484 655 720 709 pressos
738 639 1066 696 rebellionis
1098 644 1369 699 motusin
1394 662 1574 716 regno
1599 647 2013 717 Neapolitano,
2031 665 2059 696 α
2075 650 2131 700 et

482 728 567 782 sic
598 735 946 798 recuperata
966 733 1122 786 terra
1144 736 1265 787 tota
1299 732 1459 803 (cum
1481 734 1787 806 exercitu),
1815 735 2126 789 Salernum

481 816 657 871 venit.
691 818 753 871 Et
787 818 928 888 quia
956 814 1301 887 indignatus
1332 823 1854 878 eratSalernitanis
1874 822 2124 889 civibus,

483 904 691 959 urbem
716 906 931 961 intrare
967 907 1169 973 noluit,
1206 910 1311 964 sed
1334 910 1502 980 juxta
1535 929 1668 968 eam
1692 914 1949 967 tentoria
1978 912 2124 967 ﬁxit.

481 994 666 1063 Coepit
695 999 892 1048 autem
927 1010 962 1050 a
995 995 1227 1051 civibus
1249 1015 1532 1069 magnam
1567 1001 1878 1071 pecuniam
1908 1008 2123 1072 petere.

481 1080 672 1145 Quam
694 1096 880 1152 quum
911 1082 991 1137 illi
1021 1087 1217 1141 statim
1231 1085 1452 1142 solvere
1468 1104 1587 1143 non
1616 1090 2126 1159 possent,inventa

477 1169 791 1225 occasione
834 1170 1153 1241 plurimum
1192 1174 1558 1245 indignatus,
1606 1178 1905 1245 quosdam
1942 1193 2015 1232 ex
2042 1178 2125 1232 eis

479 1257 761 1326 suspendi
798 1258 949 1328 fecit,
973 1260 1375 1316 comminatus
1403 1262 1549 1327 aliis,
1584 1266 1771 1335 quod,
1807 1266 1915 1319 nisi
1959 1281 2128 1336 pecu-

476 1344 639 1403 niam
672 1344 787 1402 cito
814 1346 1125 1413 solverent,
1161 1348 1366 1405 urbem
1391 1350 1733 1408 destrueret.
1771 1355 1979 1408 Beatus
2025 1370 2128 1409 au-

478 1437 597 1487 tem
632 1434 937 1504 apostolus
957 1437 1290 1503 Matthreus,
1319 1439 1423 1510 qui
1453 1440 1835 1497 Salernitante
1856 1442 2127 1498 civitatia

478 1520 597 1575 Deo
626 1526 908 1591 patronus
928 1524 1104 1579 datus
1123 1530 1209 1580 est
1227 1533 1285 1580 et
1304 1526 1605 1595 defensor,
1632 1530 1928 1585 civitatem
1951 1547 2123 1585 suam

476 1607 537 1663 in
569 1613 732 1664 tanto
752 1609 1095 1667 discrimine
1126 1629 1243 1669 non
1264 1614 1520 1685 reliquit.
1549 1619 1690 1673 Nam
1726 1634 1910 1689 quum
1932 1635 2033 1674 rex
2064 1619 2121 1674 in

1820 253 2082 310 MENSIS
2124 254 2571 313 SEPTEMBER.

3787 253 3902 309 804

2241 379 2369 437 silia
2413 387 2617 436 neuter
2647 381 2794 435 scire
2838 378 3030 451 potuit
3061 394 3074 445 ;
3125 382 3181 434 at
3220 377 3366 433 mihi
3404 376 3744 446 conjectura
3776 379 3901 433 Ro-

2240 468 2463 523 mualdi
2483 467 2851 539 praeferenda
2865 467 3117 532 videtur,
3135 467 3278 538 quia
3295 465 3698 522 terribillisille
3718 465 3896 521 turbo

2239 572 2372 612 eum
2420 572 2624 611 revera
2648 555 2924 612 effectum
2945 554 3245 627 produxit,
3269 562 3332 610 ut
3351 555 3583 610 nullum
3607 559 3896 625 praeterea

2237 650 2531 700 damnum
2553 643 2936 702 Salernitanis
2981 646 3057 700 sit
3098 644 3327 700 illatum
3348 644 3480 710 ;sed
3497 643 3675 699 vitam
3691 644 3891 699 occiso

2239 748 2358 790 non
2386 733 2651 789 reddidit.

2238 893 2404 965 δνιι,
2454 892 2742 965 Reliquiae
2777 893 2956 948 variis
3002 893 3146 949 locis
3192 897 3439 965 seruatae
3472 890 3637 946 :loca
3664 890 3890 962 aliquot

2624 980 2799 1020 sacra
2838 965 2900 1020 S.
2945 965 3227 1021 Matthaio
3259 963 3479 1021 dicata.

2304 1106 2393 1159 91.
2456 1107 2697 1160 Restant
2751 1104 3039 1160 nonnulla
3087 1104 3342 1160 dicenda
3398 1104 3471 1160 de
3516 1102 3779 1175 reliquiis
3827 1102 3888 1157 S.
3996 1148 4003 1149 κ

2236 1193 2507 1258 Matthaei,
2533 1209 2669 1264 qua:
2689 1208 2723 1247 a
2745 1193 2973 1264 reliquo
2986 1210 3234 1265 corpore
3252 1198 3543 1264 separatae
3561 1197 3888 1248 servantur.

2240 1283 2428 1337 Mazza
2447 1280 2715 1354 quidem,
2733 1284 2791 1337 in
2816 1282 3078 1338 Historia
3103 1282 3516 1346 Saternitana,
3537 1296 3673 1353 cap.
3697 1284 3729 1336 6
3749 1279 3895 1337 dicit

2237 1370 2424 1425 sancti
2456 1370 2710 1426 Matthaei
2745 1370 2992 1442 apostoli
3046 1386 3261 1442 corpus
3294 1371 3610 1438 integrum,
3643 1375 3896 1441 excepto

2234 1459 2411 1514 dente
2447 1475 2517 1514 ac
2542 1458 2808 1523 brachio,
2852 1461 3068 1515 servari
3098 1458 3157 1515 in
3206 1458 3376 1514 altari
3430 1457 3624 1513 eidem
3667 1457 3893 1526 dicato,

2234 1546 2310 1601 de
2338 1561 2460 1617 quo
2508 1549 2599 1616 egi
2653 1563 2817 1602 num.
2853 1547 2941 1601 81.
2974 1553 3044 1603 At
3090 1546 3235 1602 illud
3287 1547 3516 1603 certiori
3557 1546 3895 1601 testimonio

2236 1634 2359 1689 sive
2388 1635 2613 1690 ossium
2645 1635 3008 1707 inspectione
3040 1636 3359 1706 probatum
3393 1634 3624 1699 vellem,
3657 1640 3712 1689 et
3738 1640 3893 1690 certe

476 1711 547 1751 eo
574 1704 730 1752 esset
756 1701 1077 1769 proposito,
1117 1703 1276 1772 quod
1315 1704 1498 1759 multa
1533 1705 1691 1761 mala
1735 1706 2115 1763 Salernitanis

2238 1728 2359 1776 tam
2393 1723 2585 1775 stricte
2611 1701 2965 1777 sumendum
2998 1738 3116 1777 non
3145 1729 3255 1789 est,
3290 1728 3352 1777 ut
3390 1720 3751 1776 credendum
3794 1721 3891 1788 sit,

477 1784 732 1850 inferret,
768 1787 964 1843 media
994 1789 1109 1855 die,
1160 1806 1348 1861 quum
1400 1797 1562 1849 tanta
1602 1799 1765 1850 esset
1812 1798 2117 1861 serenitas,

476 1873 639 1944 quod
668 1874 833 1930 nulla
862 1875 921 1930 in
978 1893 1112 1931 aere
1142 1879 1333 1933 nubes
1366 1888 1692 1951 appareret,
1727 1884 1924 1940 subito
1955 1902 1990 1942 a
2020 1888 2121 1941 Se-

478 1963 831 2033 ptemtrione
864 1970 1071 2021 ventus
1104 1966 1333 2023 validus
1377 1985 1513 2024 cum
1554 1971 1775 2040 ingenti
1816 1973 2036 2043 pluvia,
2065 1980 2121 2030 et

478 2048 653 2104 turbo
678 2048 1046 2120 impetuosus
1073 2054 1285 2124 erupit,
1315 2056 1418 2127 qui
1467 2058 1647 2113 totius
1675 2061 1964 2115 exercitus
1998 2066 2118 2117 ten-

479 2135 626 2192 toria
667 2137 939 2194 universa
965 2140 1193 2211 dejecit,
1222 2148 1279 2197 et
1301 2146 1615 2201 tentorium
1639 2148 1866 2217 regium
1898 2148 1953 2202 in
1980 2149 2120 2204 emi-

476 2224 637 2278 nenti
666 2226 920 2294 positum
956 2228 1039 2283 sic
1069 2229 1276 2294 aloco,
1302 2232 1358 2285 in
1392 2248 1512 2303 quo
1552 2232 1731 2290 ﬁxum
1777 2235 2120 2304 fuerat,.im-

480 2310 625 2381 pulit
650 2316 707 2367 et
736 2316 1080 2380 commovit,
1128 2318 1287 2388 quod
1318 2334 1517 2388 regem
1546 2322 1939 2379 dormientem
1968 2341 2118 2396 pene

476 2399 810 2469 prostravit.
840 2404 1295 2473 Expergefactus
1317 2422 1438 2473 rex,
1460 2414 1517 2463 et
1545 2415 1707 2467 tanta
1731 2413 2119 2470 inundatione

475 2489 780 2555 attonitus,
814 2493 989 2561 coepit
1012 2491 1233 2561 fugere,
1262 2501 1319 2549 et
1342 2498 1606 2566 Apostoli
1641 2500 1925 2555 auxilium
1955 2501 2119 2558 invo-

476 2590 631 2641 care,
661 2584 716 2631 et
748 2577 843 2633 vix
868 2580 927 2633 in
978 2580 1237 2651 quodam
1273 2599 1457 2652 parvo
1515 2587 1765 2643 tentorio
1798 2588 2029 2659 fugiens
2057 2606 2118 2645 se

474 2666 712 2734 recepit.

544 2753 633 2806 90.
662 2756 729 2808 Et
772 2753 907 2811 licet
962 2772 1060 2812 rex
1115 2759 1299 2815 animi
1339 2760 1429 2815 sui
1484 2763 1755 2820 timorem
1796 2783 1976 2838 super
2004 2768 2117 2823 hoc

472 2839 628 2895 facto
658 2840 1077 2910 dissimularet,
1112 2857 1424 2915 magnetes
1456 2855 1653 2907 tamen
1705 2855 1881 2910 curia:
1920 2862 1974 2912 et
2013 2856 2115 2912 viri

473 2931 793 2997 prudentes
815 2931 1122 2989 manifeste
1154 2943 1462 3001 noverunt,
1488 2939 1601 2994 hoc
1627 2942 1979 2999 miraculum
2008 2946 2117 3000 vir-

472 3019 594 3070 tute
607 3018 932 3085 apostolica
952 3028 1375 3093 perpetratum.
1393 3027 1711 3096 Apostolus
1740 3031 1897 3086 enim
1918 3033 1979 3087 in
2000 3034 2115 3090 hoc

472 3101 625 3158 facto
637 3109 693 3159 et
712 3108 1033 3163 commisso
1060 3111 1170 3165 sibi
1194 3111 1414 3181 populo
1432 3120 1489 3168 et
1504 3117 1627 3184 regi
1646 3118 1956 3176 manifeste
1978 3138 2115 3179 con-

470 3189 622 3256 sulit,
656 3192 801 3248 dum
834 3201 888 3248 et
912 3198 1306 3254 commissum
1334 3199 1444 3255 sibi
1473 3205 1761 3274 p0pulum
1782 3224 1818 3262 a
1849 3208 2112 3278 periculo

470 3279 621 3367 eruit
648 3286 941 3351 etregem,
970 3299 1044 3338 ne
1089 3287 1456 3357 propositum
1514 3293 1741 3347 malum
1794 3298 2111 3367 perﬁceret,

470 3364 797 3437 impedivit.
825 3371 942 3426 Rex
959 3386 1121 3441 ergo,
1144 3375 1307 3446 quod
1332 3375 1551 3433 factum
1571 3380 1778 3446 fuerat,
1804 3397 2006 3439 secum
2031 3364 2114 3440 re-

468 3456 758 3525 cogitans,
792 3463 849 3513 et
879 3459 1350 3531 indignationem
1400 3466 1796 3536 apostolicam
1844 3474 2116 3542 pertime-

468 3558 656 3607 scens,
679 3560 864 3616 quum
881 3563 942 3600 se
961 3555 1331 3605 moraturum
1351 3555 1507 3608 circa
1521 3554 1827 3613 Salernum
1847 3560 2116 3633 aliquan-

468 3631 659 3686 tulum
698 3632 1109 3703 disposuisset,
1163 3645 1391 3694 mutato
1432 3645 1754 3712 pr0posito,
1797 3631 1979 3706 altera
2020 3652 2113 3707 die

465 3717 666 3785 galeas
712 3719 794 3786 (id
835 3726 923 3774 est
970 3722 1255 3794 triremes)
1292 3726 1547 3792 intravit,
1575 3739 1632 3785 et
1669 3733 2008 3792 festinanter
2052 3740 2113 3795 in

463 3804 718 3860 Siciliam
733 3805 928 3862 rediit.
962 3830 989 3855 »
1014 3807 1184 3879 Hugo
1204 3811 1538 3867 Falcandus
1580 3819 1681 3888 qui
1702 3820 1915 3877 eodem
1932 3826 2110 3881 etiam

464 3891 685 3947 saeculo
727 3892 977 3963 scripsit,
1005 3893 1064 3949 in
1114 3897 1383 3954 Historia
1425 3898 1651 3970 Sicula,
1700 3906 1921 3964 ibidem
1976 3920 2113 3982 post

463 3982 606 4035 Rom
617 3980 775 4071 ualdi
793 3982 1113 4071 chronicou
1129 3986 1305 4054 edita,
1319 3987 1393 4043 de
1409 3988 1564 4045 facto
1582 3993 1922 4063 prodigioso
1937 3980 2111 4071 plane

461 4068 749 4124 consentit
778 4085 793 4134 ;
818 4070 921 4125 sed
952 4087 1196 4128 causam
1223 4075 1478 4147 prodigii
1510 4080 1777 4138 attribuit
1808 4068 1978 4142 morti
2010 4088 2114 4144 ali-

460 4155 632 4225 cujus
658 4156 872 4212 innoxii
896 4158 1270 4227 Salernitani,
1298 4166 1402 4236 qui
1432 4167 1586 4235 regis
1614 4168 1785 4239 jussu
1816 4189 1953 4230 cum
1985 4177 2112 4234 aliis

460 4242 652 4299 fuerat
700 4262 1045 4318 suspensus.
1093 4251 1170 4305 De
1218 4252 1446 4309 turbine
1487 4255 1661 4323 hanc,
1695 4266 1756 4315 ut
1797 4266 2000 4329 credit,
2032 4268 2111 4323 ob

459 4344 707 4386 causam
740 4337 960 4401 exorto,
992 4336 1074 4391 ita
1099 4336 1361 4410 loquitur
1391 4341 1502 4396 col.
1532 4345 1636 4399 299
1667 4361 1680 4399 :
1716 4370 1743 4396 ι(
1778 4349 1919 4405 Cum
1952 4354 2108 4410 enim

458 4416 606 4473 adeo
632 4435 874 4474 serenus
895 4430 1049 4476 esset
1074 4440 1194 4488 aer,
1227 4431 1288 4480 ut
1310 4427 1538 4483 nullum
1568 4447 1810 4501 prorsus
1831 4436 1889 4493 in
1915 4456 1985 4495 eo
2008 4458 2111 4497 nu-

455 4504 549 4561 bis
576 4506 890 4577 vestigium
921 4516 1253 4597 appareret,
1303 4518 1471 4571 tanta
1514 4526 1753 4589 repente
1792 4529 2110 4597 tempestas

456 4598 661 4649 exorta
712 4598 816 4659 est,
872 4594 1147 4664 tonitrua,
1205 4604 1667 4673 coruscationes,
1717 4616 1771 4665 et
1830 4594 2106 4672 imbrium

454 4680 771 4737 inundatio
787 4681 1125 4750 subsecuta,
1161 4692 1222 4742 ut
1248 4704 1351 4758 per
1371 4694 1561 4747 totum
1581 4697 1904 4757 exercitum
1925 4702 2111 4762 instar

456 4770 1102 4841 rapidissimitorrentis
1120 4790 1278 4846 aqua
1299 4777 1654 4847 decurreret,
1686 4790 1742 4841 et
1771 4793 1888 4845 tam
1918 4791 2108 4863 ipsius

457 4858 630 4927 regis,
676 4873 854 4930 quam
889 4865 1229 4917 caeterorum
1262 4866 1533 4924 omnium
1566 4874 1832 4945 tentoria,
1867 4858 2106 4951 paxillis

457 4945 674 5000 avulsis
732 4948 1040 5019 ruptisque
1089 4947 1351 5017 funibus,
1412 4957 1665 5025 procella
1718 4945 2104 5042 subverteret,

457 5039 774 5105 tantusque
800 5050 997 5106 regem
1019 5042 1075 5092 et
1104 5040 1447 5098 universum
1464 5047 1785 5107 exercitum
1816 5058 1999 5111 terror
2021 5039 2106 5116 in-

456 5120 631 5184 vasit,
654 5128 734 5217 ut,
770 5138 965 5179 rerum
997 5127 1269 5183 omnium
1290 5129 1523 5200 jactura
1552 5137 1907 5206 posthabita,
1935 5161 2103 5217 coge-

452 5214 655 5301 rentur
685 5209 759 5262 de
791 5211 980 5301 salute
1030 5217 1272 5287 propria
1300 5218 1631 5292 desperare.
1670 5248 1691 5275 ι
1728 5230 1846 5286 Hoc
1892 5209 2101 5301 ille,vut

452 5295 597 5394 dixi,
642 5296 911 5394 evenisse
956 5307 1125 5371 putat
1170 5304 1249 5360 ob
1304 5308 1524 5367 caedem
1569 5312 1709 5370 civis
1746 5295 2097 5394 innocentis,

453 5381 824 5479 Romualdus
854 5388 928 5442 ad
987 5395 1505 5455 conservationem
1548 5402 1708 5459 urbis
1757 5416 1811 5463 et
1840 5381 2096 5481 plurium

448 5467 858 5529 innocentium
878 5489 915 5530 a
931 5474 1171 5533 damnis
1195 5481 1536 5544 inferendis.
1567 5491 1810 5554 Occulta
1828 5467 1930 5556 130i
1960 5467 2098 5562 con—-

2239 1809 2379 1863 nihil
2410 1810 2791 1881 reliquiarum
2840 1813 3028 1866 sancti
3088 1809 3344 1865 Matthaai
3375 1811 3453 1865 ad
3497 1809 3611 1865 alia
3652 1824 3892 1880 quoque

2235 1897 2366 1953 loca
2396 1899 2756 1968 pervenisse.
2790 1898 3031 1954 interim
3075 1897 3354 1954 laudatus
3387 1905 3593 1953 auctor
3623 1902 3887 1963 testatur,

2236 1987 2472 2041 dentem
2516 2003 2701 2042 unum
2732 1995 2787 2041 et
2816 1986 3129 2042 brachium
3165 1987 3363 2044 Sancti
3390 1987 3452 2042 in
3484 1986 3773 2057 superiori
3796 2003 3892 2041 sa-

2235 2075 2428 2129 crario
2479 2074 2750 2143 ejusdem
2795 2075 3060 2131 ecclesiae
3104 2076 3465 2131 conservari.
3516 2077 3591 2129 De
3639 2082 3891 2146 utroque

2237 2161 2415 2218 etiam
2444 2162 2707 2233 loquitur
2728 2163 3034 2229 Marsilius,
3062 2180 3193 2234 cap.
3223 2166 3278 2228 9,
3306 2179 3441 2234 pag.
3470 2164 3560 2226 79,
3594 2163 3691 2218 ubi
3712 2179 3890 2235 expo-

2236 2250 2320 2305 nit
2342 2258 2573 2306 servata
2591 2250 2650 2305 in
2669 2252 2952 2314 sacrario,
2975 2257 3153 2321 atque
3167 2251 3405 2307 dentem
3429 2251 3593 2305 illum
3628 2250 3889 2322 positum

2237 2354 2369 2393 esse
2394 2337 2453 2393 in
2479 2355 2650 2394 cruce
2682 2346 2963 2408 argentea
3002 2341 3178 2396 variis
3205 2339 3469 2412 reliquiis
3499 2339 3706 2395 ditata.
3742 2362 3771 2391 «
3824 2341 3890 2397 In

2236 2426 2442 2482 dextra
2476 2427 2664 2496 (parte
2705 2427 2919 2499 crucis)
2974 2428 3394 2497 gloriosissimi
3440 2428 3693 2485 Matthaei
3736 2429 3887 2485 dens

2236 2514 2410 2579 alius,
2444 2515 2517 2570 de
2539 2530 2660 2586 quo
2685 2523 2741 2570 et
2766 2532 2894 2583 nos,
2930 2517 3138 2589 inquit,
3173 2533 3358 2588 supra
3379 2517 3557 2573 locuti
3592 2534 3822 2573 sumus.
3856 2541 3886 2569 ι»

2232 2602 2496 2658 liisinuat
2534 2603 2729 2671 igitur,
2760 2620 2891 2660 esse
2912 2605 3078 2661 illum
3110 2606 3312 2677 ipsum
3326 2605 3591 2673 dentem,
3623 2606 3726 2677 qui
3752 2623 3888 2663 con-

2233 2706 2441 2745 cessus
2482 2690 2671 2747 fuerat
2699 2694 3025 2749 Athanasio
3057 2697 3354 2750 monacho
3384 2695 3656 2767 corporis
3689 2695 3888 2751 inven-

2236 2778 2367 2844 tori,
2393 2785 2457 2834 ut
2498 2780 2723 2836 dictum
2783 2798 2948 2837 num.
2981 2783 3053 2839 ’74
3080 2801 3097 2854 ;
3126 2783 3352 2856 quique
3384 2783 3576 2839 eidem
3648 2783 3881 2839 ablatus

2232 2866 2451 2922 deinde
2472 2873 2579 2932 est,
2598 2870 3117 2941 quemadmodum
3136 2871 3475 2943 expositum
3506 2878 3598 2927 est
3615 2872 3877 2928 num.7£.

2233 2955 2313 3009 De
2346 2955 2591 3013 brachio
2620 2956 2901 3015 laudatus
2936 2960 3222 3016 Marsilius
3271 2962 3350 3015 ita
3397 2960 3699 3032 loquitur:
3730 2982 3754 3012 ι
3790 2961 3885 3017 Est

2153 3063 2193 3118 (ι
2231 3050 2286 3099 et
2317 3045 2380 3098 D.
2415 3046 2665 3101 Μαιηιωὶ
2695 3047 3008 3104 brachium
3049 3049 3212 3117 illud,
3245 3048 3403 3118 quod
3436 3052 3885 3105 Beneventanus

2229 3134 2539 3204 quondam
2555 3138 2828 3207 princeps
2854 3153 2890 3192 a
2909 3137 3198 3209 Gisulpho
3225 3138 3503 3210 precibus
3530 3141 3886 3209 impetrave-

2225 3225 2359 3275 rat:
2395 3224 2674 3291 quamvis
2728 3232 2973 3291 argento
3021 3227 3412 3294 concluditur,
3464 3241 3535 3281 ex
3598 3224 3878 3280 cancellis

2225 3312 2424 3361 tamen
2440 3309 2632 3364 carnis
2644 3317 2699 3365 et
2718 3312 2945 3367 ossium
2958 3322 3233 3384 aspectus
3255 3314 3616 3371 intuentibus
3641 3319 3818 3383 patet.
3848 3335 3871 3363 ι

2225 3397 2358 3450 Ηωο
2387 3396 2705 3465 Marsilius,
2741 3416 2857 3455 non
2887 3402 3211 3472 explicans,
3244 3420 3366 3475 qua
3395 3404 3707 3460 occasione
3747 3402 3883 3459 bra-

2224 3483 2446 3551 chium,
2498 3488 2660 3558 quod
2712 3489 2930 3545 saeculo
2999 3507 3037 3546 x
3073 3491 3879 3548 Beneventum‘translatum

2224 3574 2522 3640 asseritur,
2556 3582 2761 3647 postea
2792 3578 3044 3635 relatum
3076 3579 3251 3636 fuerit
3284 3580 3619 3638 Salernum.
3666 3582 3878 3635 Verum

2226 3661 2376 3718 sicut
2402 3679 2619 3735 corpus
2652 3667 2707 3721 S.
2739 3667 3006 3724 Januarii
3037 3669 3257 3725 saeculo
3297 3685 3353 3725 ix
3382 3669 3741 3725 translatum
3771 3667 3881 3725 fuit

2223 3752 2464 3821 Neapoli
2482 3756 2894 3821 Beneventum,
2910 3757 3167 3830 indeque
3191 3774 3427 3813 rursum
3443 3758 3560 3814 alio
3574 3757 3841 3814 delatum
3862 3773 3876 3811 :

2222 3836 2588 3910 demumque
2654 3845 2954 3914 Neapolim
3032 3847 3304 3911 relatum,
3376 3846 3476 3900 tali
3535 3853 3639 3902 aut
3704 3845 3882 3901 simili

2220 3923 2405 3979 modo
2443 3926 2757 3984 brachium
2804 3934 2993 3986 sancti
3029 3934 3275 3989 Matthaei
3325 3933 3640 3989 Salernum
3690 3934 3883 3990 redire

2222 4014 2429 4083 potuit.
2465 4016 2627 4070 Certe
2670 4016 2812 4071 illud
2851 4020 3030 4074 modo
3085 4020 3307 4076 Salerni
3351 4036 3506 4086 esse,
3542 4022 3622 4076 uti
3654 4028 3710 4077 et
3736 4023 3882 4079 den-

2222 4104 2360 4167 tem,
2394 4102 2571 4158 etiam
2593 4108 2807 4162 asserit
2836 4106 3040 4164 Musca
3077 4109 3137 4163 in
3174 4106 3543 4180 Compendio
3584 4108 3713 4179 jam
3744 4110 3876 4166 lau-

2222 4188 2385 4245 dato.

2293 4281 2380 4333 9'2.
2435 4280 2491 4336 Si
2523 4288 2723 4338 autem
2769 4284 2911 4340 illud
2952 4285 3149 4356 ipsum
3200 4285 3274 4340 sit
3324 4284 3658 4349 brachium,
3713 4288 3877 4358 quod

2222 4366 2329 4422 fuit
2357 4368 2579 4425 saaculo
2618 4387 2657 4426 x
2703 4372 3036 4440 Beneventi,
3085 4374 3317 4429 videtur
3370 4377 3427 4428 et
3450 4371 3704 4428 alterum
3738 4373 3878 4431 bra-

2220 4456 2417 4511 chium
2431 4457 2706 4531 areliquo
2723 4476 2969 4533 corpore
2982 4468 3325 4535 separatum
3356 4460 3539 4517 fuisse
3556 4462 3777 4518 saaculo
3794 4478 3872 4519 ιι.

2221 4544 2451 4616 Quippe
2487 4547 2776 4603 Rubertus
2820 4550 3186 4606 Guiscardus
3235 4566 3307 4605 ex
3350 4549 3592 4605 invento
3624 4566 3873 4622 corpore

2218 4627 2515 4699 integrum
2539 4649 2607 4687 os
2624 4633 2849 4691 brachii
2865 4654 2971 4708 pro
2989 4654 3051 4693 se
3066 4638 3321 4703 retinuit,
3348 4642 3411 4693 ut
3428 4637 3685 4693 vidimus
3703 4653 3867 4695 num.

2217 4721 2311 4774 80.
2340 4719 2419 4774 De
2468 4721 2565 4777 illo
2604 4737 2741 4779 osse
2800 4724 2860 4779 in
2919 4725 3212 4782 Chronico
3269 4726 3591 4793 Casina-nsi,
3646 4726 3744 4782 lib.
3786 4742 3867 4792 ιιι,

2216 4822 2349 4877 cap.
2376 4813 2462 4876 57,
2496 4809 2676 4867 relata
2704 4814 2931 4868 Boberti
2976 4821 3183 4880 morte;
3212 4814 3336 4870 haec
3366 4814 3645 4886 leguntur
3675 4836 3688 4869 :
3712 4832 3741 4865 α
3767 4814 3865 4870 Hic

2215 4893 2436 4950 interea
2471 4897 2804 4965 (Robertus)
2847 4901 2920 4956 ad
2968 4901 3129 4957 diem
3159 4901 3358 4957 obitus
3406 4903 3497 4959 sui
3553 4900 3867 4958 brachium

2216 4983 2401 5037 sancti
2435 4986 2689 5056 apostoli
2730 4996 2783 5044 et
2832 4990 3214 5060 evangelista
3262 4992 3516 5047 Matthei
3543 4989 3869 5063 capellanis

2214 5070 2358 5136 suis,
2384 5071 2504 5128 ﬁlio
2525 5091 2655 5140 suo,
2688 5077 2911 5133 Salerni
2934 5079 3381 5152 reportandum,
3412 5086 3591 5152 atque
3616 5079 3867 5134 redden-

2211 5157 2357 5214 dum
2400 5162 2651 5235 reliquit.
2686 5165 2799 5221 Sed
2834 5167 2915 5222 illi
2947 5168 3279 5225 substantia
3308 5184 3620 5240 pauperes,
3656 5183 3726 5223 ac
3746 5167 3865 5224 ﬁde

2212 5250 2617 5319 pauperiores,
2656 5255 2885 5311 thecam
2909 5264 3272 5328 argenteam,
3324 5258 3383 5311 in
3415 5272 3541 5329 qua
3589 5262 3868 5312 sanctum
