4124 6270
276 302 383 358 805

1656 303 1831 362 VITA
1863 305 1921 362 S.
1957 306 2319 373 ΜΑΤΤΗᾸΞΙ.

3580 334 3688 390 806

265 429 381 483 tas.
418 426 507 482 Ad
538 431 791 483 mortem
821 431 1023 485 autem
1054 429 1379 497 venientes,
1398 428 1777 500 supradictas
1806 429 1935 486 reli-
1961 455 2010 510 Α
2044 432 2223 509 habet
2252 440 2704 510 monasterium,
2737 450 2810 511 et,
2850 453 2911 503 ut
2947 448 3226 508 laudatus
3255 458 3461 512 auctor
3486 458 3688 515 obser.

270 514 466 587 quias,
506 514 708 571 insciis
767 517 967 583 sociis,
1001 518 1201 589 pueris
1248 517 1370 572 suis
1422 517 1799 585 contradunt,
1833 518 1931 590 qui

268 603 526 677 qualiter
549 612 824 662 sanctum
845 606 1157 662 brachium
1183 607 1552 679 temporibus
1573 608 1795 663 Girardi
1824 608 1935 664 ab-

267 691 425 747 batis
469 693 545 749 ad
596 694 757 749 hunc
804 695 999 751 locum
1053 695 1386 762 detulerint,
1416 696 1548 753 loco
1580 712 1689 751 suo
1720 696 1933 752 scribe-

272 797 428 837 mus.
456 801 482 833 ι
512 782 733 838 Deinde
761 784 860 839 lib.
895 800 969 850 iv,
998 800 1131 855 cap.
1155 788 1244 853 73,
1265 785 1543 840 laudatus
1569 791 1774 841 auctor
1804 786 1931 841 haec

270 869 471 926 scribit
500 886 514 925 :
548 890 577 922 ‹‹
608 872 710 927 Hic
740 871 964 928 interea
994 872 1186 929 abbas
1237 873 1593 945 (Casinensis
1625 873 1928 945 Girardus)

269 974 405 1014 cum
438 960 603 1031 apud
638 962 1043 1017 Beneventum
1075 961 1135 1016 in
1166 961 1502 1033 Apostolico
1535 962 1772 1018 servitio
1804 979 1930 1035 per-

270 1057 561 1119 maneret,
596 1056 653 1105 et
678 1056 837 1108 certo
868 1052 1082 1108 certius
1110 1051 1425 1108 brachium
1458 1054 1644 1109 sancti
1672 1053 1929 1125 apostoli

272 1143 329 1193 et
358 1139 731 1209 evangelista
772 1141 1024 1197 Matthaai
1068 1141 1126 1197 in
1159 1141 1371 1197 eadem
1401 1141 1632 1197 civitate
1662 1143 1929 1198 recondi-

271 1230 397 1282 tum
425 1243 558 1283 esse
580 1227 903 1294 didicisset,
924 1233 997 1286 ad
1019 1246 1080 1286 se
1099 1231 1227 1300 jam
1249 1230 1386 1286 dicti
1403 1230 1631 1286 brachii
1650 1231 1928 1286 custodes

269 1330 638 1382 convocans,
661 1317 931 1389 qualiter,
958 1318 1045 1375 vel
1081 1335 1197 1390 quo
1218 1319 1425 1374 ordine
1446 1319 1714 1389 ejusdem
1739 1319 1928 1374 sancti

270 1404 526 1474 apostoli
556 1404 866 1461 brachium
896 1405 1268 1471 habuissent,
1306 1408 1676 1479 percunctari
1708 1407 1929 1464 studio-

272 1491 505 1547 sissime
535 1493 734 1565 coepit.
783 1495 890 1561 Qui
920 1496 1064 1551 dum
1098 1496 1455 1561 retulissent,
1486 1495 1739 1568 qualiter
1783 1496 1925 1552 illud

272 1595 478 1637 secum
532 1582 821 1639 Robertus
877 1583 999 1640 dux
1051 1584 1360 1640 detulisset
1409 1585 1470 1640 in
1527 1584 1921 1655 expeditione,

269 1685 456 1740 quam
487 1678 693 1726 contra
721 1672 993 1728 Alexium
1039 1674 1461 1744 imperatorem
1510 1672 1820 1738 habuerat,
1854 1688 1924 1728 ac

272 1757 518 1813 demum
550 1760 877 1832 capellanis
904 1763 1026 1817 suis
1054 1762 1130 1817 ad
1160 1767 1411 1818 mortem
1431 1760 1924 1833 reliquerat,ipsi-

270 1861 389 1918 que
420 1851 805 1918 postmodum
839 1848 898 1904 in
925 1850 1019 1905 die
1052 1851 1248 1906 obitus
1281 1851 1371 1905 sui
1413 1848 1525 1905 sibi
1552 1848 1919 1917 dimiserant,

272 1934 465 1990 abbas
511 1952 752 1993 monere
801 1937 934 1993 illos
983 1938 1260 1994 attentius
1300 1938 1499 2009 ccepit,
1531 1943 1596 1994 ut
1640 1943 1803 1995 tanta
1839 1938 1924 1995 di-

271 2025 483 2094 gniora
510 2026 811 2081 Casinensi
843 2027 1119 2083 coenobio
1149 2027 1502 2083 conferrent.

343 2112 430 2167 93.
469 2134 493 2164 α
520 2112 601 2168 llli
623 2121 819 2170 autem
848 2115 1015 2172 ocius
1046 2132 1106 2171 se
1138 2115 1266 2171 haec
1299 2115 1620 2186 adimplere
1646 2115 1920 2181 fatentur,

272 2201 321 2256 si
351 2201 541 2257 abbas
572 2202 703 2258 illos
746 2220 1128 2277 quacumque
1165 2206 1313 2261 hora
1366 2205 1445 2260 ad
1476 2203 1924 2260 conversionem

273 2290 466 2345 venire
512 2290 744 2358 vellent,
781 2292 1007 2364 absque
1053 2292 1253 2365 aliquo
1297 2294 1485 2365 pretio
1527 2292 1660 2348 illos
1702 2294 1762 2348 in
1809 2292 1924 2348 hoc

274 2379 636 2434 monasterio
657 2381 957 2451 reciperet.
981 2381 1151 2446 Quod
1170 2398 1308 2437 cum
1329 2382 1521 2437 abbas
1541 2381 1923 2437 libentissime

271 2482 333 2522 se
357 2466 739 2539 impleturum
763 2469 1199 2540 spepondisset,
1243 2470 1322 2525 illi
1341 2468 1653 2525 confestim
1684 2474 1923 2524 sanctas

268 2553 551 2628 reliquias
592 2556 664 2611 ad
703 2556 863 2613 hunc
916 2558 1115 2616 locum
1162 2557 1439 2613 ferendas
1485 2557 1679 2613 eidem
1723 2557 1920 2612 abbati

271 2644 653 2700 contradunt.
697 2645 1039 2716 Suscipiens
1076 2646 1253 2716 igitur
1279 2646 1433 2702 idem
1463 2646 1653 2702 abbas
1679 2651 1919 2701 sanctas

269 2732 577 2806 reliquias,
637 2734 862 2807 diuque
906 2734 1283 2802 deosculans,
1340 2752 1445 2806 per
1483 2736 1662 2807 hujus
1704 2740 1919 2791 nostra;

269 2822 752 2893 congregationis
782 2826 988 2878 fratres
1014 2822 1090 2878 ad
1135 2824 1248 2878 hoc
1280 2825 1708 2879 monasterium
1740 2829 1920 2879 trans-

272 2910 499 2965 mittere
549 2911 784 2965 studuit.
846 2912 929 2966 Ad
979 2911 1150 2980 cujus
1194 2911 1508 2964 adventum
1549 2926 1759 2965 omnes
1814 2916 1923 2965 ter-

272 3014 424 3065 ram,
446 2998 551 3070 qui
576 2997 733 3053 hanc
755 2998 1193 3063 inhabitabant,
1213 3013 1350 3053 cum
1367 2997 1590 3065 ingenti
1607 2997 1923 3055 devotione

272 3092 329 3141 et
353 3085 595 3156 gaudio,
625 3085 863 3141 obviam
894 3090 1331 3158 processerunt.
1363 3087 1515 3141 Sane
1531 3101 1669 3140 cum
1687 3086 1815 3141 haec
1845 3086 1921 3141 ad

271 3173 455 3245 hujus
487 3180 701 3231 nostra
723 3175 1198 3245 congregationis
1212 3174 1481 3230 notitiam
1494 3174 1918 3245 pervenissent,

271 3262 671 3319 inacstimabili
724 3263 1112 3319 exsultatione
1164 3262 1387 3333 repleti,
1439 3278 1508 3318 ac
1553 3261 1920 3318 solemnibus

272 3352 644 3408 vestimentis
693 3351 908 3414 induti,
958 3368 1097 3408 cum
1144 3350 1533 3422 lampadibus
1573 3356 1629 3407 et
1668 3350 1917 3422 thymia-

273 3440 536 3497 matibus
586 3457 773 3512 usque
820 3440 899 3496 ad
938 3445 1171 3512 portam
1227 3445 1477 3496 veterem
1522 3440 1808 3505 exierunt,
1850 3456 1920 3495 ac

270 3536 438 3586 terra)
452 3530 726 3602 prostrati
738 3534 1011 3585 sanctum
1033 3528 1461 3598 evangelistam
1483 3528 1879 3583 adoraverunt
1902 3545 1915 3583 :

270 3625 703 3690 surgentesque
737 3635 874 3673 cum
904 3618 1167 3673 maxima
1193 3617 1518 3672 reverentia
1547 3616 1914 3671 deosculave-

270 3714 427 3774 runt,
453 3712 511 3762 et
538 3723 675 3762 cum
698 3707 941 3779 hymnis
973 3713 1026 3762 et
1050 3706 1332 3763 laudibus
1361 3704 1506 3761 illud
1530 3705 1590 3760 in
1621 3710 1921 3760 monaste-

271 3796 429 3853 rium
460 3795 920 3856 introducentes.
956 3800 1134 3866 atque
1164 3794 1223 3850 in
1257 3800 1539 3864 argentea
1569 3808 1770 3865 capsa,
1804 3797 1921 3850 tur-

274 3886 428 3940 rium
459 3884 645 3940 instar
682 3890 907 3955 aptata,
952 3888 1226 3940 sanctum
1266 3881 1577 3939 brachium
1616 3882 1921 3938 recluden-

274 3976 384 4039 tes,
412 3973 470 4028 in
484 3977 768 4042 argentea
796 3973 959 4028 trabe
985 3978 1121 4028 ante
1133 3972 1288 4028 beati
1315 3969 1604 4027 Benedicti
1640 3969 1919 4026 altarium

274 4062 730 4133 suspenderunt,
773 4078 933 4117 anno
975 4061 1294 4118 Dominicae
1342 4059 1769 4116 Incarnationis
1793 4060 1896 4115 mil

270 4150 487 4208 lesimo
509 4150 835 4207 centesimo
878 4150 1157 4206 vicesimo
1196 4148 1475 4206 secundo.
1511 4168 1536 4201 υ
1573 4148 1636 4203 in
1660 4147 1920 4203 Adnota-

276 4239 345 4294 tis
388 4240 594 4309 Angeli
618 4239 691 4294 de
724 4242 879 4295 Nuce
904 4238 1137 4294 editoris
1172 4238 1409 4294 additur
1431 4236 1738 4292 brachium
1772 4235 1918 4290 illud

274 4328 455 4384 modo
486 4328 726 4392 servari,
758 4327 818 4382 in
868 4327 1042 4383 theca
1083 4332 1385 4397 argentea,
1432 4322 1658 4379 brachii
1702 4323 1912 4379 forma.

272 4415 709 4487 Papebrochius
770 4420 970 4470 noster
1020 4414 1080 4469 in
1132 4412 1437 4469 ltinerario
1482 4412 1614 4477 Ms.,
1658 4410 1820 4483 quod
1881 4427 1918 4465 a

2042 528 2153 589 vat,
2190 523 2331 581 olim
2361 535 2486 617 erat
2513 532 2799 600 Fratrum,
2833 538 2933 608 qui
2964 540 3341 611 appellantur
3382 543 3681 617 Cruciferi,

2041 626 2201 667 nunc
2223 620 2312 669 est
2343 616 2456 672 sub
2486 634 2627 675 cura
2661 624 2925 680 Fratrum
2951 629 3007 683 S.
3038 628 3372 697 Augustini,
3400 616 3682 692 nimirum

2042 699 2478 770 Hybernorum,
2522 715 2584 762 ut
2628 709 2793 767 addit
2832 721 3039 771 auctor
3059 719 3530 777 recentissimus.
3575 724 3685 781 Ob-

2040 800 2277 846 servant
2309 802 2590 863 praeterea
2619 805 2909 867 auctores,
2952 805 3267 862 ecclesiam
3296 807 3457 865 illam
3488 827 3685 868 recen-

2040 878 2157 968 seri
2202 880 2350 936 inter
2409 883 2605 939 titulos
2648 889 3075 960 Cardinalitios,
3135 900 3190 950 et
3240 897 3487 968 quidem
3534 900 3686 957 inter

2038 966 2422 1038 antiquiores,
2474 980 2533 1026 ut
2580 973 2844 1049 plerique
2892 980 3137 1037 addunt.
3187 966 3461 1042 Nonnulli
3502 988 3684 1046 etiam

2038 1062 2334 1122 asserunt,
2358 1067 2760 1120 constructam
2775 1065 2961 1124 fuisse
2975 1070 3366 1128 circaannum
3392 1079 3494 1131 600
3519 1077 3683 1147 quod

2038 1157 2159 1199 non
2190 1144 2351 1201 lubet
2394 1150 2755 1207 examinare.
2797 1153 2918 1209 Hoc
2958 1157 3172 1215 certius
3201 1166 3309 1227 est,
3344 1144 3681 1222 dedicatam

2038 1229 2218 1287 fuisse
2270 1250 2305 1289 a
2354 1234 2638 1294 Paschale
2685 1240 2751 1306 ll,
2815 1243 2932 1298 sive
2985 1244 3046 1299 id
3076 1245 3297 1304 factum
3345 1249 3520 1307 fuerit
3550 1260 3683 1323 post

2039 1323 2531 1378 constructionem
2558 1326 2834 1396 primam,
2868 1330 2989 1386 sive
3012 1340 3146 1405 post
3172 1334 3677 1397 instaurationem.

2041 1408 2264 1464 Etenim
2294 1409 2571 1469 laudatus
2592 1414 2954 1475 Martinellus
2975 1420 3215 1491 longam
3246 1425 3447 1482 recitat
3476 1427 3679 1485 inscri-

2036 1496 2321 1566 ptionem,
2375 1516 2509 1572 qute
2553 1507 2914 1563 consecratio
2951 1507 3051 1565 illa
3094 1513 3370 1568 asseritur
3416 1515 3475 1570 in
3523 1516 3683 1572 hunc

2034 1586 2306 1641 modum.
2362 1607 2390 1640 «
2418 1589 2480 1643 In
2515 1594 2751 1648 nomine
2790 1596 3023 1653 Domini
3050 1601 3230 1655 nostri
3261 1600 3403 1657 Jesu
3445 1604 3676 1661 Christi.

2034 1672 2239 1729 Amen.
2281 1680 2452 1732 Anno
2499 1681 2924 1739 Incarnationis
2980 1686 3303 1745 Dominicaa
3345 1691 3503 1760 1110,
3536 1692 3683 1749 indi-

2032 1760 2225 1817 ctione
2256 1780 2336 1830 ιιι,
2368 1765 2513 1824 feria
2530 1784 2581 1823 v1
2611 1779 2837 1842 quartae
2882 1774 3203 1832 Dominicae
3254 1779 3313 1833 in
3345 1780 3680 1852 Quadrage-

2033 1849 2202 1921 sima,
2226 1852 2322 1908 die
2348 1853 2781 1913 Incarnationis
2819 1861 3088 1931 ejusdem
3132 1866 3194 1919 D.
3235 1865 3307 1922 N.
3342 1868 3480 1924 Jesu
3521 1849 3679 1927 Chri-

2034 1938 2129 2004 sti,
2184 1941 2562 2012 pontiﬁcatus
2608 1947 2670 2001 D.
2731 1949 3026 2006 Paschalis
3077 1954 3251 2023 Papae
3310 1957 3353 2011 ll
3402 1973 3561 2014 anno
3610 1962 3673 2017 11

2031 2025 2265 2099 (omnes
2297 2037 2449 2087 nota:
2479 2034 2845 2093 concordant
2883 2054 3044 2095 anno
3078 2041 3234 2112 1110)
3281 2043 3550 2102 dedicata
3591 2052 3680 2103 est

2033 2118 2387 2173 venerabilis
2407 2119 2533 2176 hinc
2560 2122 2806 2180 ecclesia
2822 2125 2883 2180 in
2926 2126 3211 2184 honorem
3248 2132 3369 2198 Dei,
3388 2131 3451 2187 Β.
3484 2135 3674 2191 Mariae

2035 2220 2271 2293 semper
2303 2206 2573 2278 Virginis,
2625 2218 2680 2267 et
2708 2212 2863 2270 beati
2893 2217 3147 2288 apostoli
3192 2225 3249 2273 et
3294 2221 3675 2293 evangelista

2035 2292 2309 2360 Matthaai,
2354 2313 2488 2352 cum
2519 2307 2777 2372 quatuor
2804 2302 3108 2369 altaribus,
3137 2322 3273 2378 quae
3299 2315 3431 2364 sunt
3464 2292 3539 2364 in
3584 2326 3676 2366 ea.

2034 2382 2173 2448 Quae
2188 2388 2553 2443 consecratio
2575 2387 2730 2445 facta
2748 2396 2836 2446 est
2863 2408 2899 2447 a
2931 2392 3171 2463 praefato
3196 2394 3463 2464 domino,
3496 2406 3552 2454 et
3581 2416 3680 2455 ve-

2033 2471 2470 2530 nerabilissimo
2499 2477 2775 2533 Pontiﬁce
2797 2479 3069 2536 Paschali
3092 2481 3139 2535 ΙΙ
3170 2498 3349 2555 papa.
3378 2485 3443 2541 In
3461 2487 3677 2556 majori

2032 2558 2327 2630 siquidem
2358 2562 2527 2618 altari
2550 2565 2866 2623 celebravit
2893 2568 3049 2625 idem
3077 2570 3140 2625 D.
3164 2587 3322 2645 papa
3352 2574 3676 2632 missamiu

2029 2644 2319 2703 honorem
2349 2651 2409 2704 Β.
2435 2650 2717 2708 Matthaai.
2742 2653 3121 2726 Coadjutores
3141 2644 3273 2715 vero
3293 2661 3421 2731 ejus
3439 2662 3678 2721 fuerunt

2032 2741 2258 2807 septem
2292 2753 2306 2804 ;
2352 2739 2619 2796 videlicet
2663 2741 2992 2814 Raynerius
3029 2746 3103 2802 de
3145 2747 3323 2816 Ostia,
3356 2752 3677 2808 Riccardus

2032 2822 2107 2879 de
2130 2824 2323 2891 Portu,
2358 2827 2557 2885 Petrus
2587 2830 2662 2886 de
2687 2831 2915 2905 Tibure,
2947 2835 3217 2892 Julianus
3241 2838 3310 2893 de
3344 2841 3669 2909 Ferentino,

2034 2914 2380 2970 Anastasius
2398 2917 2470 2972 de
2495 2918 2664 2985 Alba,
2688 2923 2886 2977 Petrus
2916 2922 2990 2979 de
3014 2924 3363 2995 Tusculano,
3385 2930 3676 2986 Antonius

2032 2997 2104 3053 de
2118 3001 2364 3071 Ainelia,
2394 3008 2782 3075 praesentibus
2813 3011 3114 3078 omnibus,
3136 3015 3192 3069 S.
3217 3016 3282 3070 Β.
3308 3017 3368 3071 Ε.
3399 3018 3678 3075 Cardina-

2031 3084 2207 3152 libus,
2231 3090 2609 3163 presbyteris,
2632 3101 2689 3152 et
2709 3097 3082 3167 diaconibus,
3103 3118 3212 3158 nec
3230 3106 3678 3165 noninnumera

2031 3173 2170 3230 cieri
2199 3182 2255 3233 et
2279 3180 2483 3250 populi
2516 3185 2761 3239 Romani
2781 3187 3178 3245 multitudine.

2099 3265 2189 3320 95.
2224 3268 2287 3321 In
2317 3266 2524 3338 majori
2555 3276 2749 3327 autem
2776 3275 2967 3341 altari,
2993 3285 3338 3339 consecrato
3364 3298 3399 3336 a
3429 3283 3675 3351 praefato

2033 3356 2101 3409 Ι).
2141 3369 2318 3426 papa,
2342 3357 2434 3410 cui
2465 3358 2640 3414 etiam
2659 3360 2880 3430 prastati
2905 3364 3171 3437 episcopi
3198 3369 3525 3439 astiterunt,
3554 3371 3678 3429 fue-

2030 3442 2267 3497 runthae
2288 3442 2548 3514 reliquiae
2561 3445 2886 3503 collocatae:
2912 3454 2969 3505 et
2983 3451 3174 3521 primo
3192 3452 3265 3509 de
3277 3454 3441 3525 ligno
3456 3465 3673 3516 sancta:

2030 3527 2250 3618 Grucis,
2283 3529 2597 3589 brachium
2629 3535 2813 3591 sancti
2844 3538 3114 3604 Matthaai,
3146 3542 3219 3598 de
3248 3542 3449 3615 lapide
3481 3547 3675 3618 sepul-

2028 3616 2106 3672 cri
2139 3618 2345 3673 Christi
2374 3623 2530 3676 etc...
2563 3621 2627 3676 Et
2654 3637 2767 3692 ego
2799 3626 3095 3683 Paschalis
3123 3645 3281 3701 papa
3323 3616 3673 3691 universalis

2028 3705 2299 3762 Ecclesia
2325 3723 2460 3763 cum
2492 3710 2749 3780 praefatis
2770 3714 3067 3786 episcopis
3088 3716 3199 3773 has
3214 3725 3557 3778 sanctorum
3588 3739 3675 3779 re-

2028 3792 2242 3865 liquias
2271 3795 2458 3851 oculis
2489 3798 2746 3869 prepriis
2789 3801 2923 3867 vidi,
2968 3805 3365 3880 manibusque
3413 3813 3558 3865 meis
3590 3817 3673 3868 at-

2029 3884 2286 3954 trectavi,
2320 3890 2377 3940 et
2412 3886 2713 3943 recondidi
2756 3905 2894 3946 cum
2930 3894 3179 3965 antiquo
3230 3896 3395 3953 titulo
3424 3899 3485 3953 in
3530 3916 3671 3957 arca

2028 3987 2366 4030 marmorea
2394 3975 2508 4031 sub
2543 3975 2710 4033 altari
2744 3979 2975 4050 majori.
3012 4003 3035 4035 ιι
3069 3984 3249 4040 Addit
3271 3986 3670 4059 indulgentias

2033 4059 2407 4117 visitantibus
2421 4063 2731 4120 ecclesiam
2756 4066 2919 4123 illam
2941 4085 2977 4124 a
2997 4070 3093 4125 die
3114 4077 3579 4133 consecrationis
3601 4078 3669 4133 25

2027 4149 2211 4203 Martii
2246 4165 2431 4219 usque
2463 4152 2538 4205 ad
2561 4153 2837 4209 Octavam
2861 4156 3234 4215 Pentecostes
3258 4179 3277 4230 ;
3327 4167 3384 4217 et
3429 4163 3488 4229 in
3520 4165 3666 4221 festo

2027 4235 2218 4322 sancti
2244 4236 2489 4290 Matthaai
2532 4238 2592 4290 21
2650 4241 3025 4309 Septembris.
3067 4245 3358 4304 Cieterum
3403 4266 3504 4322 per
3534 4251 3667 4308 bra-

2026 4320 2221 4375 chium
2251 4323 2441 4375 sancti
2472 4323 2739 4393 Matthaai,
2771 4326 2935 4397 quod
2963 4330 3023 4383 in
3052 4330 3221 4387 altari
3275 4320 3665 4406 reconditum,

2025 4407 2264 4479 aliquod
2294 4425 2361 4465 os
2390 4410 2617 4467 brachii
2647 4413 3097 4485 intelligendum
3127 4426 3290 4492 puto,
3322 4438 3446 4479 non
3473 4430 3663 4484 totum

270 4520 441 4560 mora
475 4506 742 4559 Romana
772 4517 962 4573 usque
991 4500 1065 4556 ad
1098 4499 1352 4555 reditum
1383 4498 1443 4554 in
1475 4497 1746 4567 Belgium
1776 4514 1919 4554 con-
1948 4498 1995 4553 D
2023 4496 2357 4554 brachium.
2379 4499 2718 4556 Pancirolus
2739 4503 2799 4558 in
2821 4519 3000 4576 opere
3021 4508 3218 4566 Italico
3240 4512 3322 4569 De
3351 4513 3667 4573 Thesauri:

271 4592 523 4662 scripsit,
568 4605 708 4662 pag.
765 4588 882 4652 l08,
923 4589 1072 4644 inter
1119 4587 1420 4660 reliquias,
1477 4602 1628 4659 quas
1674 4586 1821 4641 vidit
1856 4586 1915 4643 in

270 4680 535 4735 sacrario
561 4676 888 4745 Casinensi,
932 4676 1075 4733 illud
1114 4693 1180 4732 os
1205 4675 1430 4733 brachii
1457 4675 1643 4732 sancti
1667 4674 1917 4732 Matthaai

263 4772 550 4826 recenset.

339 4858 428 4912 94.
457 4856 645 4911 Roma
673 4854 733 4909 in
765 4854 940 4909 variis
985 4852 1249 4909 ecclesiis
1274 4851 1552 4925 reliquias
1593 4850 1912 4908 nonnullas

267 4945 457 5000 sancti
498 4943 750 5000 Matthwi
789 4941 1045 4998 exhibet.
1100 4944 1250 4997 Inter
1293 4956 1647 4997 numerosas
1711 4944 1912 4997 autem

266 5033 439 5089 Urbis
487 5031 767 5097 ecclesias
825 5046 945 5086 una
995 5035 1083 5086 est
1113 5034 1320 5086 sancto
1363 5030 1630 5087 Matthaao
1691 5028 1908 5096 dicata,

260 5138 393 5193 qua;
414 5120 874 5191 cognominatur
898 5119 960 5175 in
989 5118 1330 5184 Marulana,
1364 5134 1471 5189 pro
1508 5118 1571 5174 in
1601 5118 1907 5183 Martana,

259 5212 405 5282 quia
431 5210 768 5282 propinqua
806 5213 893 5264 est
919 5206 1153 5279 tropaeis
1182 5207 1359 5272 Marii,
1408 5213 1469 5262 ut
1498 5205 1643 5262 varii
1669 5207 1910 5278 scripto-

259 5315 356 5357 res
385 5304 677 5355 asserunt.
698 5295 1071 5361 Martinellus,
1106 5296 1166 5352 in
1192 5297 1372 5354 Roma
1389 5310 1580 5357 sacra,
1615 5310 1749 5366 pag.
1785 5299 1906 5359 257,

258 5387 384 5458 agit
414 5388 487 5443 de
531 5387 646 5443 hac
674 5386 861 5443 sancti
908 5385 1162 5440 Mattbaei
1207 5383 1453 5447 ecclesia
1481 5385 1543 5438 in
1569 5384 1906 5449 Merulana,

258 5475 407 5534 alias
433 5477 735 5541 Mariana,
767 5475 824 5531 in
854 5474 1093 5543 regione
1120 5472 1432 5537 montium,
1466 5472 1661 5529 eundo
1687 5488 1722 5528 a
1750 5472 1908 5527 Basi-

257 5565 374 5623 lica
416 5567 474 5623 S.
516 5563 707 5629 Maria)
759 5563 991 5635 Majoris
1029 5563 1108 5620 ad
1169 5565 1540 5619 Lateranum.
1594 5568 1905 5617 Annexum

2025 4585 2403 4652 absconditis,
2458 4591 2657 4645 Romae
2713 4590 2773 4647 in
2849 4594 3097 4652 ecclesia
3153 4600 3344 4657 sancti
3415 4602 3667 4659 Matthaai

2024 4690 2158 4747 pag.
2208 4674 2301 4729 137
2356 4677 2581 4744 asserit,
2627 4677 2789 4734 aliud
2838 4682 3155 4740 brachium
3193 4689 3380 4744 sancti
3409 4692 3659 4748 Mattheai

2024 4763 2247 4818 servari
2284 4763 2344 4818 in
2369 4762 2614 4821 basilica
2642 4774 2813 4823 sacttn
2843 4771 3030 4827 Marias
3061 4773 3313 4842 Majoris,
3347 4777 3506 4833 aliud
3539 4795 3663 4834 rur-

2021 4869 2155 4908 sum
2191 4853 2253 4909 in
2287 4853 2537 4910 ecclesia
2567 4856 2751 4911 sancti
2780 4857 3031 4927 Marcelli
3059 4876 3231 4932 papae
3262 4879 3274 4918 :
3304 4869 3360 4919 et
3378 4865 3439 4919 iu
3464 4865 3659 4923 indice

2016 4940 2401 5013 reliquiarum
2425 4942 2697 5013 adjungit
2716 4946 2901 5001 sancti
2926 4947 3179 5004 Matthaai
3196 4956 3420 5007 costam
3452 4953 3660 5011 haberi

2018 5028 2080 5085 in
2105 5029 2356 5085 ecclesia
2381 5029 2444 5090 S.
2479 5030 2699 5088 Nicolai
2725 5032 2786 5088 in
2810 5032 3071 5090 Carcere.
3098 5036 3195 5092 His
3220 5039 3497 5097 omnibus
3522 5058 3661 5098 con-

2017 5119 2192 5174 sentit
2222 5117 2426 5174 Piazza
2456 5120 2516 5174 in
2548 5119 2958 5191 Hemerologio
2985 5139 3155 5179 sacro
3183 5125 3262 5181 ad
3291 5126 3452 5183 hunc
3477 5129 3657 5198 diem,

2019 5206 2117 5262 ubi
2150 5207 2331 5273 addit,
2364 5207 2635 5263 nonnihil
2664 5208 2842 5265 etiam
2878 5210 3264 5279 reliquiarum
3292 5216 3479 5273 sancti
3515 5217 3658 5275 Mat-

2017 5295 2151 5351 thaai
2182 5298 2401 5351 servari
2433 5297 2488 5352 in
2521 5295 2765 5354 basilica
2795 5299 3074 5356 Vaticana
3103 5303 3288 5359 sancti
3313 5304 3480 5374 Petri,
3511 5313 3566 5363 et
3595 5307 3659 5365 in

2016 5384 2273 5440 ecclesiis
2337 5390 2680 5441 sanctorum
2727 5387 3133 5458 apostolorum
3184 5396 3240 5447 et
3274 5395 3329 5449 S.
3362 5395 3652 5468 Caeciliae;

2018 5473 2297 5545 variaque
2343 5478 2652 5530 enumerat
2689 5476 2888 5532 Romae
2926 5478 3118 5534 sancti
3144 5481 3391 5538 Matthtei
3415 5484 3652 5555 sacella,

2014 5577 2146 5633 quas
2173 5560 2479 5618 brevitatis
2504 5578 2681 5620 causa
2709 5565 2903 5623 mitto.
