4124 6270
525 304 626 358 807

1889 286 2134 346 MENSIS
2167 284 2613 345 SEPTEMBEH.

3837 289 3950 343 808

602 432 689 483 96.
735 427 991 482 Masinus
1044 423 1099 477 in
1135 419 1399 476 Bononia
1451 417 1839 486 perlustrata,
1882 427 2019 484 pag.
2070 411 2172 466 460
2203 412 2244 465 Α
2285 416 2553 481 catalogo
2581 413 2966 484 reliquiarum
3011 410 3319 482 utriusque
3367 411 3710 466 monasterii
3743 412 3945 468 nullas

529 522 794 578 testatur,
819 513 1094 568 Bononia
1113 527 1240 564 esse
1255 508 1558 564 ecclesiam
1579 503 1949 577 parcecialem
1968 506 2172 556 sancto

530 605 796 660 Matthao
814 603 1092 662 dicatam,
1129 600 1184 652 in
1218 614 1338 669 qua
1368 597 1552 667 ipsius
1572 593 1856 649 festivitas
1875 589 2172 663 pracipue

527 693 874 753 celebratur,
918 689 975 742 in
1002 688 1117 742 alia
1148 703 1283 740 vero
1313 684 1559 740 ecclesia
1581 680 1928 754 parochiali,
1965 683 2172 732 sancto

526 779 764 834 Nicolao
796 793 986 839 sacra,
1010 775 1278 845 ejusdem
1306 772 1558 844 apostoli
1587 770 1894 826 brachium
1928 765 2171 838 aliquod

527 865 884 930 conservari,
912 865 1110 935 ibique
1134 863 1562 918 solemnitatem
1578 863 1704 930 ejus
1727 857 2008 913 celebrari
2034 871 2170 909 cum

528 955 906 1023 indulgentiis
973 951 1270 1022 plenariis.
1329 949 1672 1003 Laurentius
1704 946 2065 1016 Beyerlinck,
2111 945 2169 998 in

530 1045 775 1100 Theatra
802 1045 928 1096 vita
946 1040 1242 1101 humana,
1262 1043 1406 1091 tom.
1430 1039 1513 1101 V1,
1531 1037 1604 1091 ad
1633 1051 1836 1090 vocem
1864 1034 2165 1105 Reliquiae,

526 1137 788 1188 recenset
818 1145 956 1200 pag.
990 1131 1089 1183 303
1140 1126 1415 1197 reliquias
1451 1124 1666 1178 multas
1705 1121 1942 1193 Neapoli
1971 1138 2169 1176 serva-

527 1227 633 1284 tas,
667 1220 935 1288 interque
987 1233 1086 1270 eas
1132 1215 1313 1269 sancti
1357 1212 1601 1268 Matthai
1656 1211 1934 1281 reliquias
1972 1210 2171 1263 tribuit

527 1308 785 1362 ecclesia
836 1308 887 1358 S.
932 1305 1108 1360 Maria
1142 1303 1215 1356 de
1254 1301 1576 1373 Sapientia,
1623 1306 1679 1353 et
1719 1314 1861 1369 pag.
1905 1298 2006 1353 301
2034 1313 2170 1353 ossa

526 1398 712 1450 sancti
746 1393 988 1450 Matthai
1024 1394 1077 1446 S.
1115 1390 1303 1444 Maria
1336 1389 1407 1443 de
1441 1387 1785 1459 virginibus.
1819 1387 1970 1440 inter
1991 1384 2171 1440 eccle-

526 1487 644 1539 sias
671 1483 955 1554 plurimas
991 1479 1150 1534 urbis
1181 1477 1439 1532 Venetia
1469 1492 1589 1530 una
1614 1491 1854 1546 quoque
1887 1480 1975 1530 est
2003 1490 2170 1544 paro-

524 1571 725 1628 chialis
749 1576 952 1625 sancto
979 1569 1246 1624 Matthao
1279 1583 1451 1620 sacra
1485 1581 1498 1629 ;
1534 1570 1594 1619 ut
1626 1569 1899 1618 accurate
1931 1563 2172 1634 exponit

523 1658 948 1715 illustrissimus
979 1657 1226 1726 scriptor
1265 1654 1550 1725 nobisque
1583 1651 2007 1718 amicissimus,
2051 1649 2170 1705 Fla-

2283 502 2464 555 sancti
2497 501 2741 556 Matthai
2778 502 3030 555 invenio.
3075 504 3144 554 At
3175 500 3360 555 sancti
3393 500 3644 555 Matthai
3673 501 3939 573 reliquia

2281 604 2440 643 anno
2480 594 2611 644 1554
2649 589 2894 645 inclusa
2921 589 3157 643 fuerunt
3186 590 3243 644 in
3265 589 3432 643 altari
3456 591 3641 644 sancti
3672 590 3940 648 Abundii

2280 676 2444 748 quod
2481 677 2715 733 Sublacn
2775 677 2831 732 in
2871 680 3030 732 Latio
3064 685 3202 731 tunc
3251 681 3614 733 consecravit
3661 680 3931 736 Andreas

2281 765 2520 820 Crucius
2551 766 2872 838 episcopus
2898 767 3255 830 Tiburtinus,
3291 774 3347 820 ut
3378 766 3558 821 habet
3590 767 3930 839 inscriptio,

2279 854 2415 910 data
2446 862 2586 910 tom.
2617 855 2683 910 V1
2718 857 2964 926 Augusti
3000 871 3135 926 pag.
3172 857 3292 909 635.
3337 855 3606 910 Rocchus
3640 856 3837 912 Pirrus
3871 859 3930 914 in

2277 943 2482 998 Sicilia
2515 960 2708 1006 sacra,
2733 949 2843 999 tom
2881 946 2944 1009 ΙΙ,
2977 959 3107 1014 pag.
3159 944 3279 1007 ιη,
3327 944 3426 998 ubi
3456 954 3764 1001 enumerat
3804 947 3927 1002 reli-

2279 1033 2450 1103 quias
2473 1033 2732 1087 ecclesia
2765 1034 3119 1088 cathedralis
3147 1033 3656 1104 Cephaladitana,
3692 1035 3772 1089 ait
3796 1051 3931 1091 eam

2279 1120 2538 1187 gaudere
2569 1123 2716 1191 pede
2749 1124 3128 1190 integrocum
3164 1121 3310 1191 pelle
3342 1121 3405 1175 Β.
3433 1122 3706 1177 Matthai.
3738 1124 3930 1178 Sicilis

2280 1207 2512 1274 insigne
2543 1209 2835 1279 oppidum
2866 1209 3094 1274 Sicilia,
3123 1210 3183 1263 in
3212 1209 3357 1263 valle
3387 1210 3588 1264 Netina
3619 1211 3934 1267 etdiacesi

2280 1295 2682 1366 Syracusana,
2712 1314 2829 1352 non
2849 1297 3050 1369 procul
3078 1314 3113 1353 a
3146 1299 3346 1353 hetiua
3361 1300 3615 1364 civitate,
3651 1306 3932 1356 sanctum

2281 1386 2613 1440 Mattliaum
2642 1394 3284 1457 veneraturpatronum
3319 1386 3634 1452 titularem,
3664 1388 3932 1443 cuidedi-

2279 1480 2410 1528 cata
2450 1481 2534 1528 est
2555 1475 2837 1544 primaria
2866 1475 3115 1530 ecclesia
3138 1475 3510 1547 parochialis.
3547 1479 3670 1531 Non
3703 1477 3930 1541 dubito,

2279 1561 2425 1632 quin
2453 1568 2507 1616 et
2526 1563 2654 1618 alia
2675 1571 2981 1618 serventur
3009 1563 3303 1635 particula
3326 1564 3712 1635 reliquiarum
3739 1567 3930 1621 sancti

2281 1650 2527 1705 Matthai
2556 1650 2613 1704 in
2648 1652 2810 1708 Italia
2841 1660 2894 1707 et
2919 1653 3112 1708 Sicilia
3145 1672 3158 1718 ;
3192 1653 3295 1707 sed
3338 1670 3547 1707 omnes
3578 1670 3931 1710 enumerare

525 1749 743 1803 minius
793 1744 1113 1806 Cornelius,
1171 1749 1405 1797 senator
1459 1742 1730 1804 Venetus,
1793 1740 1852 1793 in
1909 1738 2169 1808 eleganti
2206 1749 2247 1802 Β
2280 1755 2396 1793 non
2429 1744 2518 1793 est
2546 1743 2723 1794 tanta
2747 1741 3129 1805 necessitatis,
3159 1747 3398 1812 quanta
3421 1741 3793 1798 difﬁcultatis.
3823 1744 3930 1798 Ita-

524 1853 703 1908 opere
735 1838 816 1890 De
863 1834 1112 1888 ecclesiis
1168 1831 1408 1896 Venetis,
1460 1829 1584 1884 dec.
1620 1845 1693 1893 iv,
1734 1844 1869 1898 pag.
1905 1828 2028 1890 173,
2063 1827 2156 1884 ubi

523 1926 729 1982 recitat
770 1922 1126 1977 fundationis
1165 1921 1387 1974 litteras
1437 1935 1504 1972 ex
1527 1916 1917 1987 autographo.
1969 1918 2043 1970 Ex
2078 1916 2168 1970 his

523 2022 676 2072 recte
723 2013 981 2072 deducit,
1015 2011 1418 2065 fondationcm
1463 2007 1643 2062 fuisse
1695 2007 1928 2069 factam,
1966 2022 2167 2060 mense

525 2102 845 2162 Februario
868 2100 1007 2155 anni
1038 2105 1170 2153 1155
1203 2115 1365 2152 more
1398 2097 1617 2152 Veneto
1644 2102 1696 2149 et
1729 2094 1978 2149 aliorum
2012 2094 2167 2148 illius

525 2191 826 2262 temporis,
878 2195 936 2242 ut
977 2188 1159 2258 liquet
1188 2203 1259 2240 ex
1299 2185 1617 2240 indictione
1649 2202 1700 2237 iv
1732 2183 1787 2237 in
1829 2183 2031 2237 litteris
2061 2182 2168 2237 ad-

517 2283 693 2349 jecta,
725 2294 835 2349 qua
867 2277 1210 2340 designatur
1235 2288 1430 2328 annus
1461 2275 1599 2327 1156
1633 2290 1646 2337 ;
1697 2272 1798 2325 sed
1838 2286 2038 2325 mense
2069 2272 2166 2325 Fe-

521 2369 759 2424 bruario
787 2363 1065 2436 pergebat
1099 2369 1234 2416 tunc
1279 2377 1506 2416 currere
1538 2376 1733 2414 annus
1790 2361 1925 2413 1156
1976 2374 2166 2430 usque

521 2459 596 2513 ad
657 2454 900 2514 Pascha.
936 2457 1039 2507 aut
1070 2456 1224 2505 certe
1281 2467 1465 2521 usque
1493 2449 1567 2504 ad
1599 2448 1811 2503 festum
1843 2447 2165 2502 Annuntia-

522 2545 717 2607 tionis,
753 2544 874 2596 sive
913 2542 1070 2595 diem
1102 2541 1169 2593 25
1201 2538 1404 2594 Martii.
1442 2537 1739 2593 Fundator
1769 2536 2027 2591 ecclesia
2059 2535 2166 2590 fuit

520 2631 865 2688 Leonardus
928 2628 1258 2692 Cornarius,
1322 2627 1490 2694 cujus
1543 2625 1740 2679 littera
1822 2624 2161 2688 recitantur,

519 2718 1031 2792 quemadmodum
1059 2722 1112 2770 et
1147 2715 1257 2769 alia
1283 2713 1548 2780 donatio,
1571 2729 1705 2784 qua
1737 2728 1896 2767 anno
1926 2715 2062 2768 1166
2085 2711 2164 2766 ad

521 2810 774 2880 primam
789 2804 1052 2860 accessit.
1073 2802 1292 2857 Deinde
1323 2818 1393 2856 ex
1414 2807 1697 2856 vetustate
1734 2800 2164 2854 fatiscenstem-

519 2896 682 2968 plum
721 2897 1075 2948 instauratur
1121 2907 1280 2946 anno
1331 2889 1560 2944 Domini
1589 2890 1746 2952 1615,
1777 2894 1930 2942 utex
1957 2888 2160 2942 inscri-

517 2986 716 3055 ptione
745 2995 1081 3037 marmorea
1112 2979 1429 3033 edocemur
1454 2976 1658 3048 parieti
1683 2976 1883 3040 affixa,
1922 2997 1948 3023 »
1971 2975 2162 3046 inquit

2277 1843 2393 1898 que
2426 1829 2480 1881 in
2528 1828 2904 1883 Germaniam
2941 1835 3190 1892 transeo,
3234 1831 3548 1886 nonnullas
3575 1837 3624 1886 et
3666 1832 3744 1886 ibi
3776 1833 3930 1887 assi-

2279 1922 2589 1985 gnaturus.

2348 2008 2435 2059 98.
2483 2008 2797 2074 Pragenses
2837 2006 2896 2059 in
2931 2006 3209 2062 Bohemia
3244 2006 3458 2062 multas
3491 2008 3751 2064 ecclesia
3798 2026 3922 2065 sua

2277 2092 2600 2147 attribuunt
2631 2094 2818 2148 sancti
2853 2095 3099 2150 Matthai
3133 2095 3428 2167 reliquias.
3458 2098 3717 2153 Thomas
3743 2101 3918 2154 Joan-

2277 2196 2381 2234 nes
2409 2181 2665 2244 Pessina,
2697 2180 2754 2235 in
2785 2183 3130 2250 Phosphoro
3156 2184 3460 2254 Pragensi,
3497 2202 3632 2255 pag.
3664 2189 3785 2252 518,
3823 2205 3925 2243 eas

2277 2269 2358 2323 sic
2383 2276 2695 2324 enumerat
2722 2287 2734 2324 :
2770 2290 2798 2321 ί(
2823 2271 3019 2325 Sancti
3045 2271 3298 2327 Matthai
3324 2274 3576 2344 apostoli
3601 2280 3654 2328 et
3673 2291 3928 2345 evange-

2276 2357 2419 2413 lista
2453 2375 2556 2429 pes
2599 2359 2846 2427 integer.
2893 2367 2946 2415 et
2991 2360 3300 2416 brachium
3343 2379 3476 2417 cum
3512 2363 3662 2434 pelle
3701 2381 3713 2418 :
3759 2372 3925 2420 costa

2277 2452 2520 2513 argento
2574 2447 2958 2512 circumdata,
3009 2454 3064 2504 et
3099 2449 3268 2505 dens.
3324 2453 3463 2505 item
3520 2452 3633 2506 alia
3667 2461 3926 2524 quatuor

2276 2551 2432 2600 ossa,
2466 2535 2642 2590 simul
2673 2535 2731 2590 in
2752 2543 3031 2605 argentea
3065 2538 3233 2592 theca
3265 2541 3600 2611 composita
3629 2558 3641 2595 :
3677 2541 3790 2597 alia
3823 2544 3923 2597 ite-

2275 2640 2404 2677 rum
2437 2623 2712 2678 notabilis
2733 2641 2888 2696 pars.
2927 2647 2953 2674 »
2987 2626 3117 2681 Hac
3147 2627 3360 2682 dicitur
3394 2645 3530 2697 pars
3561 2629 3634 2683 de
3671 2630 3922 2686 humero

2275 2712 2332 2766 in
2350 2713 2628 2780 Catalogo
2655 2714 2948 2783 impresso
2964 2715 3346 2788 reliquiarum
3367 2717 3921 2791 Pragensium,qua

2274 2815 2435 2855 anno
2467 2800 2598 2855 1645
2633 2817 2703 2855 ex
2743 2817 2878 2856 arce
2909 2804 3069 2869 regia
3101 2805 3419 2860 Carlsteina
3459 2807 3513 2860 in
3541 2807 3912 2877 metrOpolim

2273 2889 2752 2954 sunttranslata,
2781 2890 2835 2944 in
2868 2906 2989 2962 quo
3004 2893 3313 2966 etreliqua
3347 2900 3732 2950 recensentur.
3759 2897 3912 2960 Quin

2272 2984 2328 3032 et
2353 2978 2432 3032 ibi
2463 2977 2718 3050 septimo
2744 2980 2950 3034 ordine
2984 2997 3146 3036 num.
3166 2986 3230 3036 56
3253 2984 3554 3037 adduntur
3585 2985 3912 3055 sequentia,

517 3071 831 3136 Cornelius,
888 3069 1047 3123 illam
1099 3067 1370 3122 recitans.
1424 3066 1584 3120 Idem
1636 3064 1814 3136 paulo
1853 3072 1989 3136 post
2031 3065 2108 3120 ait
2142 3082 2155 3120 :
2191 3103 2231 3162 Ο
2270 3068 2489 3133 nescio,
2521 3083 2598 3120 an
2649 3069 2790 3122 satis
2843 3075 2997 3124 recte
3040 3085 3052 3124 :
3093 3089 3121 3121 «
3150 3071 3346 3126 Sancti
3388 3073 3631 3128 Mattbai
3665 3075 3913 3144 apostoli

516 3179 544 3212 (ι
577 3161 875 3214 Postremo
893 3173 1028 3212 cum
1053 3155 1269 3210 nostris
1291 3155 1451 3209 hisce
1470 3153 1836 3225 temporibus
1861 3154 1935 3207 ad
1955 3155 2158 3208 ruinas

515 3255 793 3316 vergeret,
848 3245 1062 3300 Nicolai
1097 3243 1295 3299 Milesii
1350 3242 1586 3314 plebani
1633 3242 1828 3296 studio
1863 3258 1898 3296 a
1947 3242 2158 3296 funda-

515 3336 726 3390 mentis
757 3335 815 3389 in
847 3332 1265 3402 elegantiorem
1299 3331 1556 3386 formam
1593 3332 1935 3396 restituitur,
1969 3345 2157 3382 sacra—

513 3441 629 3497 que
657 3421 1008 3494 supellectile
1053 3427 1105 3476 et
1146 3421 1516 3476 ornamentis
1571 3421 1808 3485 copiose
1848 3417 2156 3471 instruitur

513 3528 674 3568 anno
707 3511 935 3566 Domini
972 3515 1098 3564 I735
1121 3525 1222 3580 per
1245 3508 1542 3578 Aloysium
1573 3509 1887 3561 Foscarum
1913 3504 2157 3576 patriar-

511 3601 684 3656 cham
711 3601 993 3655 Venetum
1025 3602 1420 3652 consecratur.
1449 3617 1469 3644 ι
1489 3596 1565 3649 De
1596 3595 1853 3665 reliquiis
1883 3593 2154 3664 ejusdem

511 3689 772 3744 ecclesia
797 3693 1001 3740 auctor
1034 3701 1168 3754 pag.
1205 3686 1304 3738 175
1347 3683 1545 3736 scribit
1579 3700 1590 3735 :
1628 3703 1651 3730 (ι
1680 3681 1978 3736 Nonnullis
2011 3683 2156 3736 dita-

512 3787 602 3833 tur
651 3777 921 3830 Divorum
971 3771 1238 3841 lipsanis,
1303 3785 1516 3838 nempe
1575 3785 1642 3822 ex
1693 3769 1922 3822 ossibus
1967 3771 2155 3824 sancti

509 3862 762 3934 apostoli
801 3859 1103 3921 Tutelaris,
1149 3881 1172 3906 λ
1216 3862 1324 3910 etc.
1362 3855 1528 3910 Plura
1559 3855 1631 3908 de
1665 3855 1762 3909 illa
1794 3855 2039 3910 ecclesia
2070 3856 2156 3909 di-

508 3951 753 4022 ligenter
779 3948 997 4003 ibidem
1029 3946 1340 4000 observata
1379 3943 1556 3997 videri
1589 3950 1863 4014 possunt.

578 4045 670 4095 97.
721 4034 1020 4092 Cornelius
1061 4041 1256 4089 autem
1319 4033 1376 4086 in
1411 4031 1706 4102 Opusculo
1756 4030 1830 4084 de
1886 4030 2150 4086 Ecclesiis

505 4126 879 4190 Torcellanis,
907 4123 1067 4196 quod
1096 4121 1271 4193 priori
1298 4120 1545 4185 addidit,
1581 4120 1702 4174 duo
1726 4119 1996 4189 assignat
2025 4136 2152 4174 mo-

506 4217 764 4272 nasteria
809 4214 1154 4270 monialium
1187 4218 1392 4267 sancto
1446 4210 1712 4264 Matthao
1758 4216 2009 4264 sacrata.
2041 4212 2151 4264 Pri-

507 4323 671 4362 mum
704 4311 790 4359 est
814 4301 1239 4358 monasterium
1272 4300 1457 4356 sancti
1491 4300 1735 4355 Matthai
1765 4299 1836 4352 de
1866 4299 2148 4368 Majurblo

505 4395 729 4451 ordinis
758 4391 1171 4453 Cisterciensis,
1197 4390 1355 4460 quod
1380 4394 1552 4442 antea
1572 4388 1631 4440 in
1672 4385 1788 4440 alia
1807 4387 1996 4441 insula
2025 4387 2150 4442 fue-

501 4489 593 4538 rat
613 4485 1034 4541 constructum,
1069 4477 1337 4530 videlicet
1364 4477 1420 4528 in
1454 4473 2146 4546 Constantiaco,indeque

503 4571 576 4625 de
608 4583 900 4624 consensu
932 4563 1196 4636 episcopi
1227 4561 1551 4618 Torcellani
1592 4562 1648 4616 in
1682 4561 2031 4631 Majurbium
2064 4564 2145 4617 in-

502 4658 690 4713 sulam
724 4656 830 4710 fuit
861 4651 1230 4714 translatum,
1294 4659 1354 4704 ut
1397 4650 1510 4704 late
1567 4651 1876 4720 exponitur
1939 4656 2085 4721 part.
2128 4669 2143 4705 ι

502 4747 655 4802 illius
681 4743 954 4815 Opusculi
979 4757 1116 4811 pag.
1143 4743 1245 4795 299
1265 4744 1320 4793 et
1343 4753 1505 4809 seqq.
1529 4737 1724 4792 Prima
1748 4736 2010 4792 l'undatio
2044 4755 2144 4795 no-

506 4840 659 4891 tatur
686 4833 840 4887 tacta
871 4846 1027 4886 anno
1064 4829 1217 4898 1218,
1269 4829 1326 4881 in
1354 4826 1784 4891 Constantiaco,
1824 4841 1963 4896 pag.
1992 4828 2093 4883 316
2126 4845 2139 4895 ;

503 4923 605 4978 sed
637 4928 771 4977 ante
802 4920 981 4973 tinem
1004 4918 1269 4988 ejusdem
1294 4914 1929 4970 saculimonasterium
1962 4933 2138 4972 suum

501 5013 575 5067 ad
601 5008 852 5065 insulam
879 5007 1238 5076 Majurbium
1265 5001 1692 5058 transtulerunt
1714 5003 2019 5058 moniales.
2052 5005 2140 5060 AI-

501 5107 689 5154 terum
705 5105 791 5151 est
821 5093 1246 5150 monasterium
1272 5091 1622 5147 monialium
1644 5091 1860 5145 ordinis
1885 5095 1938 5147 S.
1962 5094 2140 5147 Bene-

497 5187 636 5242 dicti
667 5186 723 5239 in
774 5183 967 5238 insula
1013 5182 1275 5237 Muriana
1301 5179 1567 5249 ejusdem
1608 5177 1878 5233 diacesis
1908 5178 2140 5234 Torcel-

496 5275 669 5335 lana,
717 5278 778 5325 ut
825 5272 1064 5342 exponit
1117 5268 1439 5330 Cornelius,
1495 5272 1645 5339 part.
1687 5283 1724 5321 ll
1753 5283 1955 5338 apag.
2010 5271 2133 5324 201.

498 5359 785 5418 Fundatio
824 5375 957 5428 pag.
987 5363 1078 5413 104
1097 5366 1330 5413 notatur
1355 5356 1507 5412 facta
1534 5370 1691 5410 anno
1717 5359 1872 5421 1280,
1903 5356 2136 5411 datum-

495 5462 612 5518 que
629 5452 765 5496 tunc
787 5445 1245 5499 estmonialibus
1264 5449 1553 5498 vetns-tum
1579 5445 1902 5498 oratorium
1926 5450 2132 5502 sancto

495 5529 1058 5597 Matthaodicatum,
1088 5538 1150 5588 ut
1172 5531 1396 5587 ibidem
1420 5531 1596 5588 latius
1621 5531 1806 5588 videri
1829 5536 2037 5604 potest.
2067 5537 2129 5589 In

2269 3162 2324 3210 et
2355 3155 2734 3223 evangelista
2788 3156 3096 3211 brachium
3142 3164 3462 3233 utrumque
3493 3178 3628 3216 cum
3677 3161 3819 3233 pelle
3859 3169 3912 3219 et

2268 3259 2464 3297 carne.
2496 3265 2522 3291 »
2548 3247 2618 3298 At
2657 3244 2712 3297 in
2747 3246 3020 3313 catalogo
3049 3263 3156 3301 ms.
3193 3249 3600 3320 reliquiarum,
3621 3267 3690 3306 ex
3716 3252 3910 3308 Calen-

2268 3330 2434 3384 dario
2467 3331 2772 3398 Pragensis
2797 3333 3058 3389 ecclesia
3079 3342 3366 3403 extracto,
3385 3354 3565 3410 quem
3595 3355 3753 3395 anno
3780 3342 3907 3396 1647

2267 3419 2382 3473 huc
2410 3420 2569 3472 misit
2601 3421 2656 3474 P.
2689 3421 3027 3476 Theodorus
3048 3423 3324 3492 Moretus,
3355 3427 3478 3483 hac
3503 3428 3692 3483 solum
3714 3429 3911 3498 legun-

2270 3513 2360 3562 tur
2387 3507 2463 3562 ad
2485 3511 2542 3561 21
2583 3506 2987 3579 Septembris:
3018 3533 3036 3560 ι
3074 3513 3274 3569 Sancti
3301 3516 3550 3571 Matthai
3588 3519 3836 3588 apostoli
3859 3523 3916 3574 et

2269 3595 2668 3665 evangelista,
2683 3599 2782 3668 qui
2800 3599 2961 3669 apud
2976 3601 3330 3673 Ethiopiam
3351 3606 3676 3676 pradicans
3697 3613 3913 3679 marty-

2268 3685 2422 3739 rium
2438 3693 2769 3755 passuscst.
2791 3685 2972 3758 Cujus
2988 3689 3282 3761 reliquias,
3305 3693 3913 3763 videlicetimaginem

2271 3789 2554 3841 magnam
2581 3791 2716 3828 cum
2732 3781 2976 3844 argento
2989 3784 3044 3832 et
3069 3795 3215 3834 auro
3239 3780 3596 3846 decoratam,
3619 3790 3912 3839 tenentem

2267 3866 2491 3913 costam
2519 3861 2647 3929 ejus
2694 3864 2750 3916 in
2797 3864 3094 3931 manibus,
3150 3884 3300 3937 quas
3345 3868 3564 3922 invenit
3608 3872 3912 3940 piissimus

2266 3946 2541 4017 princeps
2567 3949 2809 4003 Carolus
2834 3951 2930 4013 IV,
2963 3959 3073 4007 etc.
3091 3954 3906 4027 donavitecclesiaPragensi.

2267 4034 2396 4087 Hac
2421 4032 2504 4087 ibi
2541 4050 2553 4087 :
2587 4040 2644 4089 at
2676 4051 2788 4105 ego
2837 4037 3049 4093 lubens
3102 4041 3238 4110 ipsis
3271 4042 3668 4112 Pragensibus
3694 4048 3906 4102 exami—

2263 4120 2528 4176 nandum
2562 4123 3220 4197 relinquam,quantum
3237 4129 3493 4185 habeant
3521 4131 3909 4205 reliquiarum

2261 4212 2446 4265 sancti
2476 4212 2748 4268 Matthai.
2800 4212 3116 4271 Buceliuus
3143 4218 3198 4272 in
3241 4220 3502 4274 sacrario
3529 4220 3909 4280 Benedictino

2259 4298 2418 4369 quod
2450 4299 2626 4355 edidit
2657 4317 2816 4358 anno
2853 4306 3004 4366 1656,
3058 4307 3133 4359 ad
3182 4307 3242 4360 21
3282 4308 3641 4379 Septembris
3676 4311 3747 4365 de
3778 4312 3906 4366 reli-

2259 4387 2412 4456 quiis
2443 4389 2495 4442 S.
2527 4389 2772 4445 Matthai
2822 4390 2942 4446 hac
2967 4393 3171 4448 tradit:
3207 4418 3234 4445 «
3273 4396 3454 4466 Hujus
3489 4399 3689 4467 magni
3724 4415 3905 4454 evan-

2259 4475 2472 4543 gelista
2500 4476 2753 4546 insignis
2785 4481 2976 4550 portio
3001 4491 3336 4539 asservatur
3357 4485 3412 4539 in
3449 4487 3715 4540 Andechs
3737 4487 3899 4554 (mo-

2257 4565 2512 4619 nasterio
2546 4565 2847 4637 Bavaria),
2874 4569 2972 4623 ubi
3006 4575 3062 4623 et
3087 4571 3216 4626 alia
3244 4573 3373 4628 dua
3403 4574 3672 4644 ejusdem
3700 4582 3902 4646 partes

2253 4652 2662 4719 ostenduntur,
2688 4654 2838 4709 Dens
2861 4657 3078 4711 Elnone
3110 4659 3276 4728 (alias
3310 4664 3365 4717 S.
3391 4663 3648 4718 Amandi
3696 4679 3904 4718 mona-

2253 4742 2491 4795 sterium
2525 4742 2842 4796 vocaturin
2876 4745 3192 4818 Flandria),
3226 4748 3346 4804 duo
3405 4751 3657 4806 molares
3693 4752 3900 4807 dentes

2252 4833 2304 4882 et
2336 4828 2450 4883 alia
2483 4829 2770 4884 nonnulla
2821 4833 2877 4884 in
2913 4832 3337 4903 VVeingarten;
3398 4861 3418 4887 ι
3469 4841 3627 4911 quod
3672 4841 3900 4895 Suevia

2251 4921 2338 4970 est
2357 4918 2780 4972 monasterium
2805 4935 2941 4974 cum
2963 4924 3187 4994 oppido
3202 4928 3580 4996 cognomine.
3602 4928 3898 4984 Plurimas

2249 5019 2488 5075 quoque
2518 5006 2703 5059 sancti
2742 5009 2991 5063 Matthai
3022 5012 3299 5083 reliquias
3329 5016 3583 5072 Colonia
3624 5016 3900 5074 attribuit

2249 5091 2305 5145 in
2338 5095 2517 5162 Opere
2541 5109 2649 5148 suo
2667 5097 2956 5162 Gelenius,
2991 5099 3264 5158 nimirum
3289 5119 3422 5174 pag.
3456 5106 3558 5160 264
3581 5105 3732 5161 duas
3763 5121 3891 5178 par-

2250 5180 2456 5235 ticulas
2479 5181 2733 5238 ecclesia
2775 5185 3098 5254 collegiata
3141 5191 3195 5244 S.
3229 5193 3505 5248 Gereonis
3539 5213 3551 5252 :
3601 5209 3732 5265 pag.
3765 5196 3893 5264 372,

2246 5268 2319 5322 de
2348 5270 2537 5338 capite
2561 5274 2744 5327 sancti
2776 5275 3022 5330 Matthai
3046 5276 3267 5349 aliquid
3309 5282 3571 5337 ecclesia
3600 5283 3891 5339 abbatiali

2248 5360 2300 5412 S.
2330 5357 2740 5414 Panthaleonis
2769 5377 2783 5427 ;
2810 5378 2944 5433 pag.
2975 5366 3095 5428 412,
3132 5367 3354 5438 aliquid
3375 5372 3760 5442 reliquiarum
3786 5388 3894 5443 pa-

2244 5445 2483 5500 rochiali
2511 5447 2772 5504 ecclesia
2817 5452 2872 5505 S.
2907 5450 3074 5523 Lupi,
3119 5455 3197 5508 uti
3228 5463 3282 5510 et
3324 5473 3457 5528 pag.
3485 5459 3588 5513 442
3631 5459 3896 5517 ecclesia

2244 5535 2302 5589 S.
2335 5535 2667 5592 Catharina
2702 5540 2935 5595 Ordinis
2961 5541 3434 5613 Teutonicorum,
3471 5563 3610 5621 pag.
3649 5550 3750 5606 456
3800 5566 3898 5607 ec-
