4124 6270
341 383 460 442 809
1676 382 1855 443 VITA
1900 383 1961 444 S.
2010 384 2389 445 MATTH/El
2402 430 2415 445 .

3620 396 3740 457 810

341 540 529 597 etesia
576 538 1081 607 Cartusianorum,
1114 554 1246 611 pag.
1277 539 1383 593 483
1414 539 1673 596 ecclesia
1702 541 1979 597 Carmeli-
2013 546 2073 611 A
2098 544 2279 599 tensis
2302 544 2358 598 in
2387 544 2697 602 Brabantia
2727 562 2906 617 prope
2940 546 3285 604 Iovanium.
3313 550 3437 605 Hac
3468 550 3741 610 laudatus

343 634 559 695 tarum,
594 644 727 700 pag.
758 628 863 681 547
894 626 1149 683 ecclesia
1200 627 1257 683 S.
1291 627 1586 683 Maximini
1639 629 1983 686 monialium
2103 632 2402 704 Rayssius,
2427 634 2520 704 qui
2552 638 2608 690 et
2638 634 2873 690 dentem
2912 634 3148 704 Elnone,
3177 638 3295 692 sive
3324 638 3384 694 in
3407 639 3465 694 S.
3488 641 3739 697 Amandi

342 720 568 775 ordinis
592 717 1022 788 Augustiniani,
1058 732 1189 789 pag.
1222 718 1327 772 560
1355 718 1613 774 ecclesia
1646 718 1984 774 monialium
2100 722 2526 792 coenobio,jam
2551 739 2723 795 supra
2746 730 3156 789 memoratum,
3177 725 3437 796 reliquiis
3458 739 3737 787 accenset.

341 806 608 879 ejusdem
631 806 854 862 ordinis
876 807 935 862 in
959 807 1181 877 majore
1199 806 1502 873 Nazareth,
1530 824 1657 879 pag.
1683 808 1786 863 584
1807 809 1990 863 eccle-
2172 811 2292 865 100.
2346 813 2601 868 Transeo
2644 812 2702 866 in
2754 813 3022 883 Galliam,
3058 814 3154 869 ubi
3202 816 3378 871 variis
3426 816 3568 872 locis
3612 834 3738 874 cre-

340 897 439 954 sia
472 896 532 951 S.
565 894 856 952 Vincentii
884 894 1061 951 tertia
1095 895 1324 967 Regula
1359 896 1419 951 S.
1451 896 1763 964 Francisci,
1796 901 1855 951 et
1886 897 1988 952 de-
2100 898 2245 953 dunt
2276 916 2334 955 se
2365 900 2581 957 habere
2627 906 2802 973 caput
2852 902 3035 957 sancti
3075 903 3350 959 Matthai.
3383 905 3653 962 Albertus
3685 907 3738 963 le

340 1001 506 1042 mum
537 1001 674 1057 pag.
696 985 803 1040 627
833 984 1045 1041 sacello
1074 984 1134 1041 S.
1158 984 1499 1056 Margarita.
1532 987 1601 1040 At
1630 1002 1831 1042 omnes
1863 986 1985 1042 ista
2099 987 2288 1043 Grand
2323 990 2380 1044 in
2414 1007 2585 1061 opere
2616 990 2837 1047 Gallico
2860 993 2930 1046 de
2953 992 3173 1048 sanctis
3206 994 3508 1049 Britannia
3539 997 3741 1053 Armo-

343 1075 583 1131 modica
633 1074 903 1130 videntur
950 1090 1079 1130 esse
1131 1074 1445 1146 particula,
1481 1078 1545 1130 ut
1582 1074 1984 1132 difﬁcultatem
2095 1075 2231 1139 rica
2279 1094 2411 1150 pag.
2443 1081 2548 1134 600
2590 1080 2647 1135 in
2690 1079 2812 1135 Vita
2840 1081 2895 1135 S.
2929 1081 3216 1152 Tanguidi
3266 1082 3493 1138 abbatis
3542 1085 3737 1152 refert,

344 1179 627 1220 numerus
657 1163 883 1219 nullam
915 1164 1121 1236 pariat.
2097 1174 2273 1240 caput
2300 1170 2487 1226 sancti
2518 1169 2771 1224 Matthai
2805 1168 3014 1225 saculo
3040 1187 3094 1225 v1
3127 1188 3228 1241 per
3257 1176 3604 1230 mercatores
3632 1176 3737 1229 Ar-

416 1253 506 1308 99.
537 1253 603 1309 In
633 1252 852 1325 Belgio,
878 1256 1075 1310 nostro
1107 1252 1376 1325 plurimis
1408 1253 1584 1309 etiam
1617 1252 1758 1309 locis
1790 1261 1986 1310 osten-
2094 1256 2344 1313 moricos
2401 1257 2731 1314 clanculum
2791 1256 2968 1312 fuisse
3026 1257 3287 1314 ablatum
3348 1276 3417 1316 ex
3471 1261 3734 1333 Egypto,

341 1342 563 1397 duntur
592 1342 777 1398 sancti
809 1341 1063 1397 Matthtei
1096 1341 1379 1413 reliquiae,
1411 1340 1681 1413 interque
1728 1358 1828 1397 8&8
1873 1358 1989 1397 una
2096 1347 2564 1416 translatumque
2592 1346 2651 1401 in
2674 1345 3026 1401 Britanniam
3051 1348 3423 1415 Armoricam,
3447 1350 3645 1421 ibique
3674 1350 3734 1405 in

342 1429 510 1486 valde
541 1430 837 1487 notabilis.
867 1432 934 1487 Et
956 1447 1094 1487 sane
1118 1432 1455 1487 mirandum
1489 1430 1709 1487 nemini
1739 1433 1912 1499 esset,
1937 1429 1988 1485 si
2094 1437 2330 1495 diocesi
2355 1436 2637 1492 Leonensi
2660 1439 3053 1491 constructum
3075 1438 3513 1506 monasterium,
3538 1438 3597 1494 in
3620 1455 3735 1511 quo

342 1520 413 1575 de
443 1520 622 1590 hujus
654 1519 900 1591 apostoli
952 1520 1212 1591 reliquiis
1246 1520 1380 1592 plus
1419 1520 1722 1592 obtigisset
1771 1518 1988 1593 Belgio,
2097 1528 2283 1583 sancti
2315 1528 2489 1595 caput
2514 1524 2683 1579 fuerit
2705 1524 3053 1594 depositum.
3081 1525 3253 1580 Addit
3275 1526 3570 1596 geminum
3606 1543 3737 1597 pro.

340 1626 519 1680 quam
554 1609 687 1666 aliis
715 1610 1047 1682 provinciis,
1074 1626 1207 1665 cum
1245 1609 1548 1665 CarolusV
1578 1609 1896 1679 imperator
1926 1607 1985 1662 in
2097 1616 2344 1686 digium,
2396 1612 2662 1668 videlicet
2732 1611 3044 1683 scopulum
3096 1613 3153 1667 in
3205 1615 3354 1669 mari
3415 1618 3737 1671 exstantem

338 1698 532 1767 Belgio
560 1704 731 1755 natus
752 1704 809 1755 et
830 1716 978 1771 sape
1009 1700 1211 1770 degere
1234 1698 1441 1756 solitus
1464 1699 1857 1769 sit,idemque
1882 1695 1985 1752 ali-
2095 1704 2277 1761 fuisse
2329 1720 2363 1759 α
2419 1701 2550 1757 navi
2602 1706 2964 1773 perruptum,
3015 1702 3155 1757 dum
3231 1706 3407 1772 caput
3486 1703 3734 1760 advehe.

340 1788 572 1857 quando
602 1787 825 1843 Salerni
863 1788 1055 1857 fuerit,
1087 1787 1185 1843 ubi
1235 1804 1331 1844 eas
1378 1787 1638 1858 accipere
1688 1787 1896 1858 potuit,
1928 1788 1988 1841 et
2093 1794 2304 1860 batur;
2342 1791 2587 1847 alterum
2619 1790 2677 1844 in
2710 1789 3141 1845 constructione
3175 1791 3512 1846 monasterii
3544 1798 3735 1861 patra-

339 1876 474 1934 inde
496 1876 555 1932 in
579 1877 844 1977 Belgium
869 1881 1100 1976 portare
1123 1875 1825 1977 auttransmitterf..Aliis
1848 1891 1985 1977 quo-
2015 1912 2070 1977 B
2094 1886 2218 1938 tum
2245 1902 2261 1948 ;
2285 1880 2383 1936 sed
2408 1883 2717 1949 utrumque
2740 1878 2961 1949 indiget
2989 1878 3358 1934 documentis
3381 1879 3566 1935 multo
3588 1879 3735 1935 anti-

342 1981 455 2036 que
486 1965 670 2022 modis
700 1966 959 2037 reliquia
992 1966 1180 2022 sancti
1211 1966 1466 2022 Matthai
1495 1965 1553 2019 in
1587 1964 1850 2036 Belgium
1882 1965 1983 2019 diu
2015 1964 2069 1977 "
2094 1970 2415 2042 quioribus,
2438 1984 2614 2039 quam
2644 1966 2885 2037 proferri
2912 1967 3153 2036 possint,
3175 1970 3237 2021 ut
3258 1966 3431 2023 fidem
3452 1967 3729 2024 inveniat.

343 2059 478 2111 ante
508 2056 813 2112 transferri
845 2058 1179 2128 potuerunt.
1212 2058 1283 2112 At
1312 2056 1606 2127 quomodo
1638 2054 1826 2111 allata
1858 2055 1987 2110 fue-
2094 2063 2228 2132 Ipsa
2258 2072 2490 2129 quoque
2520 2055 2719 2112 allatio
2751 2054 2956 2125 capitis
2986 2071 3054 2110 ex
3086 2058 3331 2127 Egypto
3364 2072 3478 2111 non
3508 2056 3733 2113 videtur

343 2143 481 2211 rint,
514 2162 628 2202 non
662 2146 891 2202 invenio
922 2147 1074 2216 apud
1105 2146 1440 2217 Rayssium,
1465 2144 1565 2216 qui
1598 2159 1696 2200 eas
1727 2150 1975 2199 recenset

2094 2149 2305 2207 certior
2335 2163 2511 2218 quam
2544 2149 2677 2201 ante
2708 2148 3029 2200 memorata
3058 2144 3317 2216 corporis
3346 2161 3415 2201 ex
3444 2145 3735 2217 Ethiopia

343 2233 404 2289 in
435 2234 1023 2307 Hierogazophylacio
1045 2234 1296 2306 Belgico.
1320 2234 1583 2290 Primum
1608 2237 1761 2289 certe
1793 2232 1984 2289 locum
2090 2238 2414 2296 translatio.
2450 2239 2859 2293 Verumtamen
2902 2235 3116 2291 dictam
3168 2236 3371 2307 capitis
3402 2235 3732 2292 translatio-

341 2328 600 2380 meretur
627 2328 803 2395 caput
830 2324 1048 2390 Sancti,
1083 2324 1239 2395 quod
1271 2339 1401 2395 pag.
1426 2324 1535 2378 394
1566 2322 1836 2379 attribuit
1864 2338 1986 2377 οτα-
2092 2345 2225 2385 nem
2276 2330 2512 2383 narrant
2541 2326 2715 2381 etiam
2748 2324 2987 2380 Carolus
3019 2325 3071 2381 le
3102 2326 3303 2381 Cointe
3332 2325 3390 2379 in
3421 2326 3732 2383 Annalibus

339 2412 487 2468 torio
526 2411 670 2467 aulae
704 2412 1097 2469 Bruxeliensis
1129 2412 1222 2467 his
1254 2412 1481 2467 verbis:
1515 2433 1544 2461 α
1578 2411 1789 2466 Locum
1824 2410 1982 2464 hunc
2090 2417 2467 2475 ecclesiasticis
2485 2415 2928 2479 Francorum,ad
2950 2429 3167 2470 annum
3186 2414 3312 2481 555,
3334 2415 3598 2483 num.2t,
3621 2415 3732 2471 Lu-

337 2505 619 2573 praterea
651 2501 861 2557 mirum
893 2501 952 2556 in
986 2501 1227 2556 modum
1278 2504 1545 2555 venustat
1587 2515 1783 2554 rarum
1834 2498 1978 2552 illud

335 2593 576 2662 pignus,
601 2589 955 2647 sanctissimi
976 2588 1245 2646 videlicet
1267 2589 1512 2661 apostoli
1536 2592 1589 2644 et
1612 2586 1979 2657 evangelista

334 2681 593 2738 Matthai
626 2685 799 2753 caput
829 2682 1141 2752 integrum,
1164 2688 1397 2751 sumptu
1430 2686 1484 2735 et
1503 2677 1693 2734 valere
1727 2677 1978 2732 maximo

332 2766 627 2824 reclusum
658 2766 718 2821 in
750 2770 1024 2837 argentea
1054 2766 1327 2835 imagine,
1352 2764 1620 2819 eumdem
1645 2761 1979 2832 apostolum

334 2861 568 2928 pectore
589 2860 777 2922 tenus,
802 2854 1126 2909 naturalem
1149 2851 1403 2907 hominis
1425 2851 1793 2906 altitudinem
1817 2866 1982 2905 exce-

339 2946 576 2999 dentem
610 2943 915 3008 referente,
944 2942 1097 2997 circa
1129 2940 1301 3009 cujus
1332 2939 1606 2993 humeros
1650 2937 1979 2993 circumvo-

342 3032 521 3086 litans
542 3028 782 3101 angelus
801 3027 1279 3083 atramentarium
1295 3025 1378 3080 illi
1399 3024 1699 3080 vasculum
1724 3024 1982 3095 porrigit.

347 3117 604 3189 Erigitur
632 3116 690 3171 in
721 3116 1004 3188 pradiviti
1037 3131 1100 3171 ex
1132 3115 1313 3170 ebeno
1337 3116 1603 3185 pegmate
1634 3110 1989 3167 artificiosis-

2090 2508 2323 2564 dovicus
2382 2505 2626 2560 Bulteau
2685 2503 2743 2558 in
2794 2502 3123 2574 Compendio
3178 2504 3457 2560 Hz’storico
3513 2504 3733 2561 ordini:

2087 2596 2144 2651 S.
2191 2594 2488 2660 Benedicti,
2534 2593 2635 2648 lib.
2686 2609 2751 2659 ιι,
2798 2609 2919 2663 cap.
2952 2592 3041 2659 28,
3095 2608 3256 2647 num.
3287 2595 3342 2661 2,
3375 2591 3459 2648 uti
3489 2596 3546 2648 et
3582 2608 3731 2649 con-

2088 2685 2467 2741 structionem
2504 2682 2865 2749 monasterii,
2899 2685 3097 2737 saneto
3131 2682 3402 2738 Matthao
3434 2681 3630 2751 dicati,
3661 2683 3733 2739 de

2088 2792 2203 2846 qua
2231 2774 2430 2843 nequit
2470 2771 2743 2827 dubitari.
2778 2769 3173 2838 Mabillonius,
3203 2771 3262 2825 in
3294 2771 3598 2827 Annalibus
3630 2773 3732 2826 Bc-

2088 2863 2402 2929 ncdictz‘nis,
2431 2867 2573 2917 tom.
2599 2860 2645 2926 Ι,
2672 2876 2800 2931 pag.
2834 2859 2939 2914 152
2969 2858 3039 2913 ad
3071 2875 3291 2914 annum
3321 2859 3428 2914 563
3451 2859 3733 2916 fundatio-

2093 2967 2220 3005 nem
2246 2950 2579 3006 monasterii
2607 2949 2863 3021 exponit,
2884 2950 2955 3004 de
2978 2948 3354 3004 translatione
3370 2965 3503 3004 vero
3526 2947 3732 3018 capitis

2092 3039 2280 3094 sancti
2340 3038 2599 3095 Matthai
2655 3039 2990 3094 dubitanter
3046 3037 3308 3109 loquitur
3363 3036 3472 3093 hoc
3521 3039 3727 3092 modo:

2094 3150 2121 3177 «
2157 3128 2296 3182 Dein
2346 3127 2701 3183 monasteria
2730 3143 2763 3181 a
2800 3126 2976 3182 Paulo
3022 3128 3317 3197 (episcopo
3365 3125 3729 3197 Legionensi,

345 3208 494 3264 sime
520 3206 838 3275 elaborato,
868 3205 927 3261 in
960 3221 1074 3277 quo
1109 3204 1395 3275 pracipua
1425 3202 1565 3258 dicti
1595 3200 1841 3274 apostoli
1875 3200 1975 3255 mi-

2096 3217 2167 3271 de
2200 3232 2314 3287 quo
2348 3215 2498 3285 apud
2532 3230 2637 3270 nos
2689 3218 2884 3268 actum
2923 3219 3065 3270 tom.
3093 3214 3158 3281 ΙΙ,
3187 3214 3373 3268 Martii
3394 3232 3427 3268 a
3448 3229 3579 3284 pag.
3608 3213 3729 3285 108)

344 3295 545 3353 recula
575 3295 866 3367 argenteis
892 3294 1107 3350 crustis
1137 3298 1194 3349 et
1223 3292 1456 3349 laminis
1486 3290 1692 3360 incisa,
1715 3290 1989 3362 variaque
2020 3278 2069 3346 C
2095 3278 2447 3370 οοηέιτυοιει,
2480 3301 2538 3356 in
2573 3301 2780 3372 primis
2823 3278 3194 3365 Gerberensé,
3250 3301 3342 3355 cui
3389 3278 3730 3370 Τᾷηέυίάυρ

335 3385 478 3441 artis
507 3383 792 3454 elegantia
839 3382 1224 3439 condecorata
1261 3379 1750 3451 complectuntur.
1785 3379 1966 3446 Idem,

333 3489 463 3545 pag.
496 3473 622 3543 463,
645 3470 922 3527 adscribit
952 3487 1083 3528 ossa
1113 3470 1301 3526 sancti
1336 3468 1610 3535 Matthai,
1635 3468 1693 3523 id
1725 3472 1833 3529 est.
1870 3466 1972 3521 ali-

331 3563 473 3633 quid
521 3578 591 3618 ex
638 3561 887 3627 ossibus,
920 3560 1175 3617 ecclesia
1224 3558 1539 3630 collegiata
1570 3562 1625 3612 S.
1659 3556 1971 3614 Salvatoris

327 3650 537 3722 Brugis
568 3651 627 3706 in
659 3650 966 3718 Flandria;
1000 3664 1232 3705 rursum
1266 3664 1395 3720 pag.
1427 3648 1551 3715 314,
1585 3645 1838 3703 ecclesia
1871 3660 1968 3701 ca-

330 3740 583 3796 thedrali
605 3739 960 3795 Tornacensi
992 3739 1061 3793 de
1092 3742 1293 3793 sancto
1325 3737 1593 3792 Matthao
1625 3734 1882 3807 apostolo
1913 3738 1971 3789 et

330 3829 688 3901 evangelista
719 3829 834 3883 duo
867 3844 1020 3893 ossa,
1057 3843 1238 3882 unum
1271 3826 1509 3898 grande,
1542 3824 1699 3880 aliud
1750 3823 1969 3879 medio-

331 3936 465 3988 cre;
512 3940 541 3969 ι)
592 3935 721 3990 pag.
780 3918 906 3985 451,
969 3916 1248 3973 Rutilensi
1304 3915 1582 3971 Cartusia
1631 3914 1701 3969 ad
1756 3913 1969 3968 Mosam

332 4010 481 4083 (lege
515 4008 840 4075 Mosellam)
871 4009 929 4062 in
963 4008 1168 4063 ducatu
1204 4003 1694 4075 Luxemburgensi
1722 4024 1751 4053 «
1782 4000 1970 4058 sancti

333 4098 588 4155 Matthai
647 4099 894 4169 apostoli
953 4101 1009 4153 et
1065 4097 1430 4169 evangelista
1480 4114 1544 4153 os
1593 4113 1887 4166 magnum,
1940 4118 1968 4149 ιο

332 4204 466 4260 pag.
516 4188 619 4242 430
664 4187 907 4243 abbatia
957 4185 1432 4258 Phalempinensi
1480 4188 1701 4243 ordinis
1747 4192 1803 4241 S.
1854 4189 1972 4241 Au-

332 4277 553 4351 gustini
600 4277 659 4332 in
713 4277 982 4333 Flandria
1028 4285 1363 4348 argenteum
1410 4276 1736 4343 brachium,
1772 4296 1801 4324 «
1843 4273 1974 4341 Ubi,

332 4367 547 4439 inquit,
581 4388 609 4418 «
641 4366 852 4422 eximia
900 4382 1033 4436 pars
1083 4364 1305 4420 brachii
1348 4365 1405 4418 S.
1441 4364 1756 4419 Mattbai...
1791 4378 1976 4417 asser-

334 4461 539 4523 vatur;
576 4475 602 4507 »
636 4458 693 4510 et
726 4470 855 4525 pag.
887 4454 993 4507 216
1041 4451 1304 4507 nonnihil
1363 4452 1433 4505 de
1482 4450 1744 4520 reliquiis
1795 4449 1980 4505 sancti

333 4541 610 4608 Matthai,
632 4542 937 4597 obtentum
969 4541 1119 4596 dono
1149 4540 1469 4610 Margarita
1499 4539 1781 4612 principis
1812 4540 1980 4595 Flan-

2083 3392 2264 3447 abbas
2296 3391 2625 3463 praefectus,
2648 3390 2696 3444 is
2728 3389 2831 3459 qui
2858 3392 2915 3443 S.
2942 3388 3196 3443 Matthai
3228 3387 3645 3443 monasterium
3667 3386 3727 3442 in

2084 3485 2339 3537 extremo
2394 3480 2701 3535 Armorica
2751 3478 2903 3548 apud
2954 3478 3278 3532 Leonenses
3326 3477 3726 3548 promontorio

2080 3573 2190 3628 sub
2225 3570 2482 3626 medium
2519 3567 2799 3624 saeculum
2832 3572 3060 3622 sextum
3102 3566 3500 3621 construxisse
3531 3566 3728 3637 perhi-

2080 3661 2268 3725 betur,
2302 3659 2374 3714 ob
2406 3658 2462 3713 id
2496 3658 2555 3712 in
2587 3656 3052 3712 Finibus-Terra
3086 3656 3587 3726 cognominatum.
3622 3656 3726 3712 Oo-

2080 3749 2366 3804 casionem
2425 3747 2663 3801 tradunt
2692 3745 2880 3801 sancti
2911 3744 3151 3814 apostoli
3186 3748 3361 3813 caput
3387 3759 3454 3797 ex
3483 3743 3724 3815 )Egypto

2080 3856 2113 3893 a
2143 3836 2495 3909 quibusdam
2539 3834 2960 3890 mercatoribus
3012 3832 3408 3888 Leonensibus
3457 3832 3722 3889 allatum.

2079 3927 2299 3984 Novum
2333 3925 2678 3981 asceterium
2711 3922 3068 3979 consecravit
3099 3922 3332 3988 Paulus,
3364 3937 3549 3993 eoque
3578 3926 3726 3977 Tan-

2084 4016 2299 4088 guidus
2322 4030 2352 4069 e
2373 4012 2719 4070 Gerberensi
2751 4012 3122 4078 monasterio,
3148 4011 3243 4066 cui
3266 4012 3571 4067 Relecense
3600 4025 3728 4066 suc-

2080 4104 2278 4171 cessit,
2305 4102 2593 4157 coloniam
2628 4100 2814 4155 duxit.
2842 4104 3070 4155 Perstat
3092 4100 3164 4153 ad
3197 4104 3464 4153 nostrum
3492 4104 3725 4169 tempus

2083 4193 2142 4247 S.
2195 4191 2453 4244 Matthai
2508 4190 2918 4243 monasterium
2954 4190 3058 4243 sub
3090 4190 3149 4243 S.
3184 4187 3365 4242 Mauri
3410 4203 3727 4259 congrega-

2080 4279 2258 4345 tione,
2285 4276 2486 4345 situm,
2508 4284 2569 4330 ut
2604 4291 2738 4329 mox
2768 4276 3052 4340 dicebam,
3076 4276 3133 4329 in
3158 4275 3388 4330 diacesi
3421 4275 3722 4341 Leonensi,

2087 4366 2241 4423 haud
2273 4365 2473 4437 procul
2505 4381 2536 4420 a
2566 4362 2897 4434 Conquitto,
2922 4362 3091 4433 paulo
3123 4362 3355 4434 longius
3377 4380 3411 4418 a
3439 4364 3723 4419 Brestensi

2084 4454 2460 4513 celeberrimo
2508 4458 2700 4525 portu.
2736 4452 2905 4509 Nulla
2953 4452 3069 4507 fere
3112 4452 3183 4507 de
3214 4452 3323 4508 hoc
3372 4453 3726 4508 monasterio

2084 4548 2277 4602 vetera
2308 4549 2679 4598 monumenta
2711 4544 3029 4611 supersunt
3059 4544 3185 4612 post
3214 4539 3400 4596 varias
3423 4541 3493 4596 ab
3514 4540 3726 4612 Anglis

335 4631 495 4699 dria,
544 4631 741 4687 haberi
796 4630 937 4686 dicit
985 4630 1045 4685 in
1089 4629 1323 4686 abbatia
1371 4629 1630 4686 Flinensi
1683 4630 1974 4700 virginum
2006 4635 2279 4701 Dillatas
2311 4633 2540 4701 clades;
2576 4631 2803 4687 tametsi
2852 4631 3161 4701 antiquum
3200 4632 3325 4701 ejus
3356 4630 3723 4702 splendorem

335 4719 831 4777 Cisterciensium.
857 4718 1147 4776 Latiensis
1170 4724 1226 4775 et
1258 4719 1676 4777 Maricellensis
1704 4719 1969 4787 abbatia,

336 4808 521 4865 amba
570 4808 953 4865 Benedictina
986 4809 1045 4864 in
1074 4809 1404 4877 Hannonis,
1437 4809 1654 4880 aliquid
1703 4808 1974 4866 similiter

336 4898 408 4953 de
455 4897 684 4955 ossibus
733 4898 918 4954 sancti
962 4899 1216 4955 Matthai
1264 4898 1561 4970 possidere
1601 4912 1659 4953 se
1707 4900 1970 4955 credunt.

338 4986 521 5042 Priori
553 5004 659 5058 pag
684 4988 789 5041 279
810 4987 1085 5059 Rayssius
1107 4988 1316 5043 tribuit
1338 4992 1561 5060 partem
1592 4988 1757 5060 digiti
1788 4988 1974 5044 sancti

336 5076 592 5132 Matthai
642 5078 886 5148 apostoli
917 5081 974 5133 et
1010 5078 1370 5147 evangelista
1416 5095 1532 5133 una
1579 5094 1709 5133 cum
1762 5094 1973 5145 carne;

337 5164 502 5222 alteri
532 5184 662 5239 pag.
692 5168 799 5222 296
828 5167 1044 5238 aliquid
1077 5169 1147 5223 de
1190 5173 1343 5223 costa
1390 5168 1667 5237 ejusdem.
1701 5168 1976 5223 Canonici

337 5256 560 5312 ordinis
590 5256 648 5311 S.
683 5258 994 5328 Augustini
1042 5257 1101 5312 in
1150 5257 1383 5314 abbatis
1412 5258 1470 5313 S.
1505 5256 1722 5313 Nicolai
1772 5258 1977 5327 Ognia-

339 5345 529 5401 censis
558 5346 628 5401 ad
660 5346 861 5419 Sabim
891 5346 1131 5415 habens,
1164 5347 1365 5402 eodem
1397 5351 1539 5402 teste
1570 5363 1699 5419 pag.
1736 5346 1862 5414 387,
1893 5345 1977 5402 al-

338 5438 462 5489 tare
509 5435 780 5506 portatile
826 5436 1025 5493 Jacobi
1072 5436 1143 5491 de
1191 5436 1443 5492 Vitriaco
1493 5440 1546 5493 S.
1592 5436 1658 5491 R.
1691 5436 1755 5493 E.
1788 5434 1977 5492 cardi-

339 5522 513 5593 nalis,
568 5524 628 5579 in
686 5540 869 5596 eoque
925 5540 1059 5581 cum
1117 5525 1247 5581 aliis
1307 5524 1573 5597 reliquiis
1631 5525 1851 5596 aliquid
1910 5526 1979 5582 de

340 5612 399 5668 S.
444 5612 753 5682 Matthao;
797 5616 867 5671 de
918 5631 1033 5687 quo
1092 5613 1358 5671 nonnihil
1416 5615 1654 5671 demum
1713 5614 1979 5671 attribuit

340 5715 471 5772 pag.
519 5701 614 5756 401
670 5703 915 5761 abbatia
972 5704 1241 5761 Parcensi
1298 5703 1519 5761 ordinis
1572 5703 1974 5762 Pramonstra-

657 5825 920 5886 PATROL.
965 5827 1078 5885 Gn.
1126 5824 1299 5887 CXV.

2082 4725 2273 4797 arguit
2303 4722 2550 4795 insignis
2582 4721 2843 4789 basilica,
2868 4736 2994 4791 qua
3015 4719 3191 4775 variis
3223 4724 3560 4775 sanctorum
3592 4719 3725 4774 reli-

2083 4814 2239 4887 quiis
2287 4816 2490 4868 ornata
2537 4813 2645 4867 est.
2680 4831 2707 4860 »
2741 4810 3025 4866 Caterum
3076 4807 3378 4880 persuasio
3428 4809 3499 4863 de
3538 4808 3726 4879 capite

2083 4902 2270 4958 sancti
2302 4899 2558 4956 Matthai
2591 4901 2817 4954 servato
2836 4898 2895 4952 in
2914 4896 3013 4952 illo
3037 4895 3392 4952 monasterio
3413 4895 3594 4965 viguit
3614 4897 3726 4952 sal-

2083 4997 2201 5049 tem
2234 5009 2268 5047 a
2298 4989 2508 5047 saeculo
2548 5003 2692 5043 x111:
2726 5003 2863 5042 nam
2916 4985 3219 5041 Matthaus
3266 4982 3725 5042 Westmonaste-

2084 5080 2295 5136 riensis
2327 5080 2396 5134 ad
2428 5094 2643 5133 annum
2676 5077 2817 5131 1295
2843 5076 2912 5129 de
2941 5074 3125 5129 classe
3146 5073 3467 5144 Anglorum
3498 5089 3563 5129 eo
3594 5090 3723 5145 per-

2085 5171 2222 5239 lata,
2259 5168 2614 5240 fugientibus
2666 5164 2872 5221 incolis
2921 5162 3283 5227 monasterii,
3316 5162 3435 5217 hac
3482 5160 3721 5219 scribit:

2088 5257 2396 5313 «Posthac
2409 5254 2697 5311 abbatiam
2713 5254 2770 5309 S.
2786 5250 3039 5307 Matthai
3057 5250 3431 5321 quamplures
3452 5250 3720 5321 ingressi,

2086 5346 2477 5405 ecclesiastica
2522 5342 2795 5400 utensilia
2826 5357 2957 5396 cum
2990 5339 3177 5410 capite
3222 5341 3484 5409 ejusdem
3533 5342 3723 5397 sancti

2087 5438 2280 5493 ablato
2312 5435 2383 5490 ad
2415 5433 2721 5489 dominum
2754 5428 3159 5485 Eadmundum
3191 5430 3395 5485 ducem
3441 5431 3724 5486 exercitus

2087 5524 2479 5582 contulerunt.
2508 5524 2639 5589 Qua
2669 5520 2865 5575 omnia
2894 5522 3257 5589 sequestrata
3287 5518 3419 5575 fecit
3448 5517 3720 5575 dominus

2086 5613 2468 5671 Eadmundus
2498 5611 2638 5666 viris
2668 5607 3075 5666 ecclesiasticis
3106 5608 3433 5664 restaurari.
3458 5628 3487 5658 »
3520 5608 3599 5661 Ex
3628 5607 3721 5661 his

2086 5708 2283 5760 tamen
2328 5703 2479 5757 recte
2525 5698 2733 5756 deduci
2784 5695 3007 5769 nequit,
3058 5696 3342 5768 integrum
3371 5711 3494 5752 esse
3523 5694 3719 5763 caput,

3327 5816 3403 5874 26
