4124 6270
447 358 561 417 811

1732 345 2015 409 MENSIS
2061 342 2550 407 SEPTEMBER.

3724 329 3846 389 812

449 514 601 587 quod
632 513 847 569 ibidem
881 513 1125 569 habetur
1174 528 1272 578 pro
1321 509 1508 580 capite
1557 508 1743 564 sancti
1786 506 2035 563 Matthaei
2069 522 2081 571 ;
2112 511 2358 576 Anum.
2436 502 2619 571 Hugo,
2677 496 2737 587 in
2810 495 3122 587 Annalibus
3196 488 3842 587 Prcemonstratensibas,

449 618 636 673 neque
665 601 819 656 enim
843 601 898 654 id
924 600 1133 655 asserit
1151 596 1815 654 Westmonasteriensis.
1842 600 1931 650 An
1952 610 2083 651 vero

447 696 621 763 caput
647 691 814 759 illud,
848 692 997 761 quod
1048 691 1125 745 ibi
1177 689 1442 758 habetur,
1475 688 1549 743 sit
1578 687 1761 743 sancti
1806 685 2082 754 Matthaai,

449 796 566 837 non
598 780 848 849 inquiro.

522 866 642 920 101.
676 864 933 920 Andreas
985 866 1308 935 Saussayus
1350 865 1409 919 in
1452 862 1858 935 Martyrologio
1908 861 2088 918 Galli-

447 971 591 1012 cano
614 955 686 1009 ad
706 957 768 1008 21
798 955 1156 1025 Septembris
1187 954 1475 1009 consentit
1499 970 1630 1008 cum
1654 953 1943 1008 sententia
1970 952 2087 1005 fere

448 1042 747 1100 communi
777 1043 848 1099 de
888 1059 1124 1115 corpore
1172 1043 1358 1098 sancti
1408 1042 1714 1097 Salernum
1766 1040 2086 1107 translato;

450 1132 765 1203 additque:
800 1154 827 1182 κ
861 1136 900 1185 Ε
930 1149 1043 1202 quo
1086 1133 1370 1203 (corpore)
1421 1135 1758 1202 excerptum
1808 1146 2088 1185 veneran-

450 1223 587 1276 dum
619 1225 813 1291 caput,
839 1222 1057 1290 pridem
1086 1221 1145 1275 in
1167 1220 1413 1275 Galliam
1446 1219 1700 1273 delatum
1732 1219 1861 1280 fuit,
1898 1233 2092 1272 recon-

451 1310 759 1381 ditumque
791 1311 848 1364 in
884 1326 1117 1365 summa
1151 1308 1392 1364 basilica
1441 1306 1850 1371 Bellovacensi,
1883 1305 1941 1359 in
1975 1319 2090 1375 qua

451 1398 679 1469 egregio
704 1398 860 1453 cultu
894 1403 1288 1461 conservatur,
1314 1398 1549 1467 dempto
1574 1393 1804 1461 vertice,
1831 1395 1931 1464 qui
1961 1394 2092 1448 Car-

449 1487 575 1542 nuti
610 1487 665 1540 in
701 1487 952 1541 sacrario
984 1486 1198 1541 nobilis
1231 1484 1370 1540 aedis
1398 1484 1655 1555 Virginis
1675 1483 1931 1553 Deiparaa
1967 1486 2088 1537 ma-

453 1592 565 1644 gna
591 1592 722 1629 cum
754 1575 1119 1630 veneratione
1149 1574 1412 1629 habetur.
1440 1597 1463 1625 ι
1502 1576 1563 1628 In
1597 1571 1928 1641 Necrologio
1962 1570 2090 1625 Bel-

454 1663 767 1730 lovacensi,
792 1664 946 1733 quod
970 1663 1243 1718 laudatur
1262 1669 1400 1719 tom.
1420 1662 1492 1718 IX
1508 1661 1704 1717 Gallias
1728 1660 2089 1727 Christianae,

453 1749 562 1805 col.
594 1750 718 1804 742.
761 1751 820 1805 in
870 1750 1079 1806 Milone
1117 1754 1139 1806 Ι
1179 1751 1453 1822 episcopo
1504 1749 1893 1804 Bellovacensi
1940 1748 2092 1802 inter

2188 596 2331 648 tom.
2365 590 2434 660 ΙΙ,
2469 587 2576 644 col.
2605 586 2731 655 649,
2764 587 2835 641 de
2862 585 2961 641 illo
2992 584 3179 656 capite
3210 581 3412 637 scribit
3442 579 3746 650 sequentia
3777 580 3835 632 in

2191 680 2423 736 abbatia
2470 674 2919 747 Regnis-vallis:
2955 694 2984 723 ‹‹
3014 670 3214 728 Sancti
3255 668 3506 723 Matthei
3538 669 3717 738 caput
3748 682 3841 721 ar-

2189 778 2397 841 gentea
2454 767 2750 822 inclusum
2810 780 3004 834 capsa,
3055 760 3407 833 populorum
3466 771 3753 812 concursu
3811 771 3847 810 ι

2191 858 2402 915 saeculo
2431 873 2526 911 xxv
2555 855 2815 911 celebre:
2851 867 3038 923 neque
3080 850 3237 905 enim
3288 847 3533 903 antehac
3583 846 3642 900 in
3688 850 3847 902 vete-

2191 948 2355 1003 ribus
2387 943 2783 1001 monumentis
2815 942 3063 1013 legimus
3114 938 3461 1009 quidquam,
3498 936 3651 991 unde
3693 933 3847 991 ulte-

2193 1037 2311 1091 rior
2339 1035 2389 1090 ei
2423 1035 2609 1105 possit
2640 1033 2960 1101 antiquitas
3008 1025 3353 1098 adjudicari.
3386 1046 3415 1074 ››
3447 1024 3598 1080 Satis
3648 1024 3843 1080 anim-

2194 1126 2453 1180 advertet
2482 1120 2787 1177 studiosus
2806 1119 3007 1183 lector,
3033 1132 3146 1171 non
3171 1129 3344 1187 posse
3373 1112 3570 1169 omnia
3590 1111 3691 1169 illa
3712 1128 3842 1168 esse

2194 1212 2384 1281 capita
2427 1211 2613 1265 sancti
2662 1206 2937 1271 Matthsei,
2971 1207 3019 1262 si
3052 1206 3295 1273 integra,
3329 1207 3431 1258 aut
3462 1202 3578 1257 fere
3620 1201 3846 1271 integra

2195 1304 2333 1359 sint.
2362 1302 2720 1372 Quapropter
2774 1298 2885 1369 ipsi
2918 1296 3246 1352 examinare
3279 1296 3569 1363 poterunt,
3593 1309 3664 1346 an
3698 1293 3845 1347 forte

2196 1391 2445 1447 habeant
2477 1389 2767 1444 modicam
2799 1386 3010 1456 capitis
3042 1382 3394 1456 particulam
3428 1381 3649 1436 factitio
3673 1380 3845 1452 capiti

2194 1480 2556 1551 impositam,
2591 1480 2760 1548 eique
2790 1475 2998 1546 capitis
3031 1488 3244 1528 nomen
3280 1471 3454 1526 fuerit
3482 1469 3840 1542 impositum,

2197 1569 2280 1624 uti
2332 1567 2478 1622 alias
2529 1568 2745 1621 tactum
2798 1580 2926 1619 esse
2974 1559 3388 1632 experimentis
3446 1558 3616 1630 plane
3672 1558 3844 1615 certis

2195 1658 2373 1712 didici
2418 1674 2432 1724 ;
2481 1674 2554 1711 an
2601 1671 2736 1711 vero
2793 1653 3045 1710 habeant
3101 1650 3378 1721 reliquias
3426 1649 3617 1704 Sancti
3662 1648 3843 1704 alicu-

2192 1747 2289 1816 jus
2346 1745 2572 1812 incerti,
2634 1760 2764 1814 quae
2821 1758 2923 1814 per
2990 1755 3243 1797 errorem
3322 1738 3511 1794 sancti
3590 1737 3845 1793 Matthei

453 1840 566 1895 alia
613 1840 885 1910 leguntur
933 1841 1268 1912 sequentia:
1310 1865 1329 1891 α
1371 1842 1533 1896 Dedit
1578 1840 1754 1909 (Milo)
1804 1843 1978 1909 caput
2024 1842 2086 1891 Β.
2123 1837 2435 1935 Bfuerunt
2487 1834 2738 1900 creditas,
2789 1830 3272 1902 quemadmodum
3324 1827 3501 1883 etiam
3549 1844 3665 1883 non
3716 1843 3843 1883 raro

453 1927 707 1983 Matthasi
737 1929 977 1999 apostoli
1013 1934 1069 1984 et
1095 1930 1332 2001 Virgam
1362 1932 1573 1985 Aaron.
1597 1951 1626 1978 υ
1660 1930 1731 1983 At
1765 1929 1916 1982 unde
1947 1926 2091 1981 illud
2123 1924 2173 1935 ν
2202 1924 2512 1994 contingit.

452 2022 625 2087 caput
666 2018 974 2087 acceperit,
1008 2035 1122 2073 non
1170 2020 1512 2090 adjungitur
1537 2018 1594 2073 in
1628 2016 1860 2072 laudata
1907 2014 2095 2070 Gallia

455 2106 804 2162 Christiana.
831 2107 964 2162 Fuit
986 2106 1120 2163 Milo
1145 2108 1201 2162 in
1225 2109 1465 2179 lEgypto
1488 2125 1619 2162 cum
1653 2105 2090 2175 crucesignatis,

455 2194 565 2249 fuit
611 2195 879 2250 similiter
928 2196 1167 2250 notabili
1216 2200 1474 2267 tempore
1523 2198 1583 2251 in
1626 2195 1810 2250 Italia.
1848 2199 1929 2248 An
1966 2210 2094 2249 vero

453 2280 630 2335 etiam
663 2281 837 2336 fuerit
858 2280 1379 2353 ConstantinOpoli,
1404 2283 1596 2351 ibique
1629 2289 1798 2351 caput
1830 2280 1969 2334 illud
1999 2296 2096 2335 ac-

455 2369 689 2438 ceperit,
715 2373 780 2423 ut
810 2370 982 2425 refert
1014 2370 1290 2426 Bailletus
1323 2372 1392 2425 ad
1435 2370 1589 2425 hunc
1618 2370 1772 2425 diem
1805 2369 1862 2423 in
1896 2374 2095 2425 sancto

454 2455 746 2521 Matthzeo,
792 2460 849 2511 et
905 2458 1141 2527 quidem
1205 2463 1463 2529 tempore
1519 2457 1769 2528 Philippi
1822 2456 2093 2527 Augusti,

457 2561 609 2600 anno
653 2546 792 2600 1223
840 2548 1120 2615 defuncti,
1152 2548 1423 2618 nuspiam
1476 2547 1724 2602 invenio.
1758 2549 1829 2601 At
1865 2546 2097 2600 videtur

457 2632 728 2689 Bailletus
785 2635 1187 2705 Necrologium
1266 2635 1577 2691 conciliare
1649 2634 1903 2691 voluisse
1968 2649 2094 2688 cum

456 2721 688 2792 scriptis
724 2740 756 2777 a
785 2722 1020 2793 Cangio,
1052 2729 1109 2779 et
1139 2724 1220 2778 sic
1269 2724 1506 2793 dixisse,
1541 2724 1690 2793 quod
1749 2738 1916 2777 nemo
1963 2725 2097 2776 ante

458 2807 698 2864 dixerat.
725 2809 888 2865 Certe
909 2811 1179 2881 Cangius,
1206 2828 1376 2881 quem
1400 2811 1572 2866 etiam
1607 2810 1807 2865 laudat
1829 2809 1887 2863 in
1913 2810 2100 2864 Histo-

460 2898 579 2954 rico
612 2902 863 2953 tractatu
886 2900 956 2954 de
978 2901 1165 2969 capite
1197 2899 1382 2954 sancti
1402 2899 1649 2955 Joannis
1672 2899 1961 2969 Baptistae,
1987 2898 2099 2952 alia

464 2986 701 3041 omnino
736 2986 895 3056 dicit,
920 3003 1225 3043 recensens
1256 3003 1385 3059 pag.
1410 2988 1512 3041 104
1535 2987 1811 3059 reliquias
1834 3004 1865 3041 a
1884 2987 2098 3041 Latinis

461 3078 595 3146 post
637 3080 978 3144 occupatam
1024 3076 1577 3144 Constantinopolim
1624 3077 1681 3130 in
1731 3076 2096 3131 Occidentem

462 3162 689 3217 missas.
713 3165 856 3218 Nam
890 3164 960 3218 de
991 3163 1180 3233 capite
1210 3164 1395 3219 sancti
1423 3165 1673 3219 Matthaai
1696 3166 1778 3219 sic
1802 3164 2097 3234 loquitur:

2274 2013 2397 2067 103.
2431 2014 2830 2067 Memorantur
2865 2012 2921 2064 et
2951 2007 3074 2063 alia:
3122 2006 3503 2077 reliquiarum
3552 2006 3845 2076 particulas

2205 2101 2337 2158 aliis
2388 2100 2551 2155 locis.
2586 2100 2743 2153 Inter
2790 2096 3070 2168 reliquias
3120 2095 3338 2167 plures,
3371 2112 3496 2166 qua;
3547 2111 3703 2150 anno
3742 2095 3847 2149 894

2204 2191 2405 2246 delatae
2455 2195 2593 2245 sunt
2634 2190 2828 2245 Remis
2880 2189 2936 2242 in
2989 2203 3200 2259 pagum
3257 2187 3846 2254 Veromanduensem,

2206 2282 2595 2352 depositaque
2625 2281 2683 2335 in
2716 2278 2840 2334 vico
2891 2278 3179 2333 Memnico
3221 2278 3278 2331 in
3328 2276 3572 2332 ecclesia
3606 2278 3665 2332 S.
3700 2277 3847 2332 Mar-

2206 2368 2325 2424 tino
2358 2369 2571 2433 dicata,
2606 2372 2940 2423 recensetur
2982 2366 3159 2421 etiam
3207 2364 3431 2436 aliquid
3463 2365 3845 2437 reliquiarum

2205 2457 2392 2513 sancti
2444 2456 2717 2522 Mattbaai,
2752 2460 2814 2510 ut
2862 2454 3043 2510 videri
3086 2457 3293 2525 potest,
3327 2458 3467 2508 tom.
3504 2454 3524 2508 I
3565 2453 3847 2521 Januarii,

2207 2563 2337 2617 pag.
2391 2546 2512 2613 180,
2568 2552 2707 2600 tom.
2755 2543 2829 2599 IlI
2874 2543 3194 2611 Februarii,
3228 2557 3358 2613 pag.
3389 2542 3479 2596 99.
3514 2545 3576 2597 In
3609 2542 3737 2597 Vita
3783 2542 3845 2599 S.

2206 2634 2546 2706 Angilberti,
2594 2633 2817 2689 abbatis
2858 2632 3221 2689 Centulensis
3277 2631 3334 2686 in
3386 2632 3619 2686 Pontivo
3667 2633 3848 2701 (nunc

2208 2724 2435 2780 abbatia
2483 2724 2540 2777 S.
2594 2722 2848 2777 Richarii
2918 2722 3139 2793 passim
3192 2722 3445 2790 vocatur)
3493 2720 3590 2789 qui
3644 2720 3843 2774 Iloruit

2208 2820 2466 2882 tempore
2497 2810 2682 2866 Caroli
2730 2812 2946 2882 Magni,
2983 2813 3227 2865 relertur
3277 2807 3617 2864 constructio
3647 2813 3704 2862 et
3734 2808 3835 2861 de-

2208 2902 2418 2956 dicatio
2453 2901 2649 2971 templi
2682 2899 3045 2955 Centuleusis
3076 2899 3138 2954 B.
3177 2899 3364 2954 Mariae
3396 2912 3525 2953 cum
3562 2894 3838 2950 tredecim

2210 2989 2492 3044 altaribus
2524 2994 2579 3043 et
2610 2988 2894 3058 reliquiis,
2928 3005 3054 3059 quas
3087 2989 3144 3042 in
3178 2986 3424 3059 singulis
3456 2990 3593 3041 sunt
3622 2984 3847 3055 positas.

2210 3079 2297 3134 Ad
2333 3077 2686 3148 propositum
2730 3083 2922 3130 autem
2979 3082 3236 3131 nostrum
3270 3076 3349 3130 ibi
3382 3075 3503 3130 hinc
3534 3074 3845 3143 leguntur:

2213 3190 2240 3218 ‹‹
2272 3168 2468 3222 Altare
2517 3166 2705 3220 sancti
2755 3165 3029 3231 Matthazi,
3063 3164 3121 3217 iu
3169 3181 3283 3233 quo
3326 3164 3587 3233 reliquias
3616 3163 3761 3233 ejus,
3791 3166 3848 3217 et

465 3271 493 3301 ε(
544 3250 851 3306 Gervasius
898 3253 968 3306 de
1014 3228 1467 3317 Chateau-Neuf,
1521 3252 1836 3308 canonicus
1877 3228 2098 3307 Carno-
2133 3228 2384 3309 ClMarci
2436 3260 2491 3306 et
2544 3254 2720 3305 Lucae.
2775 3272 2800 3299 »
2851 3228 3123 3319 Rursum,
3170 3228 3300 3320 pag.
3354 3228 3477 3317 103—,
3528 3228 3847 3306 ubi'datur

464 3339 669 3405 tensis,
721 3344 778 3395 et
828 3345 1025 3410 postea
1077 3342 1383 3413 episcopus
1425 3341 1817 3409 Nivernensis,
1868 3340 2101 3393 donavit

465 3426 721 3482 ecclesias
753 3430 1084 3485 Carnotensi
1128 3436 1303 3500 caput
1354 3430 1536 3485 sancti
1586 3428 1861 3484 Mattbaei.
1897 3429 2101 3482 »Con-

467 3516 642 3572 sentit
665 3518 1043 3573 Sebastianus
1066 3518 1380 3587 Rouillard,
1407 3518 1465 3572 in
1491 3518 1731 3574 Historia
1757 3517 2101 3583 Carnotensi,

467 3620 590 3673 cap.
618 3606 674 3672 8,
706 3622 834 3677 pag.
867 3606 991 3661 207.
1029 3606 1230 3676 Itaque
1278 3610 1660 3662 Carnotenses
1708 3607 2100 3671 crediderunt,

468 3694 758 3764 accepisse
790 3709 851 3749 se
881 3699 1053 3761 caput
1078 3695 1220 3749 illud
1254 3695 1751 3765 Constantinopoli
1784 3713 1796 3760 ;
1832 3696 1930 3749 sed
1969 3712 2100 3764 pro-

463 3780 600 3835 bare
630 3784 944 3850 nequeunt,
978 3788 1144 3848 caput
1173 3782 1359 3835 sancti
1390 3781 1639 3835 Matthaei
1672 3798 1918 3850 unquam
1950 3784 2098 3838 Con-

460 3868 837 3937 stantinopoli
878 3868 1076 3931 fuisse,
1111 3870 1173 3922 ut
1208 3869 1579 3922 Carnotensis
1627 3885 1787 3939 aeque
1827 3886 1891 3924 ac
1920 3870 2100 3925 Bello-

458 3955 720 4011 vacensis
768 3955 1018 4011 ecclesia:
1066 3955 1298 4012 traditio
1343 3956 1659 4011 admodum
1706 3957 1968 4012 videatur
2008 3959 2096 4013 in-

460 4048 636 4101 certa.

530 4133 650 4188 102.
704 4132 831 4189 Jam
891 4133 1165 4205 vidimus,
1215 4135 1401 4190 tribus
1455 4133 1598 4190 locis
1670 4144 1842 4207 caput
1912 4137 2099 4193 sancti

459 4220 713 4277 Matthaai
762 4222 1053 4295 assignari
1083 4223 1140 4278 in
1169 4223 1368 4280 Gallia.
1405 4224 1635 4280 Accedit
1667 4232 1722 4281 et
1751 4232 1989 4296 quartus
2037 4226 2095 4281 in

459 4310 852 4383 Lotharingia,
902 4314 1179 4368 nimirum
1236 4316 1468 4370 abbatia
1525 4315 2098 4371 Praamonstratcnsis

453 4397 513 4452 in
544 4399 778 4454 dioecesi
828 4400 1104 4465 Tullensi,
1138 4402 1541 4471 Regnis-vallis
1586 4403 1762 4470 dicta,
1795 4420 1909 4458 non
1959 4420 2097 4459 con-

456 4489 753 4543 fundenda
811 4504 944 4542 cum
1003 4491 1202 4553 altera,
1247 4505 1372 4558 quas
1421 4490 1600 4560 Regia
1646 4491 1807 4546 vallis
1859 4492 2093 4561 dicitur,

2210 3344 2493 3411 scriptum
2519 3341 2749 3395 nomine
2774 3340 3111 3409 Angilbcrti,
3136 3340 3535 3395 enumerantis
3559 3340 3847 3412 reliquias,

2210 3448 2353 3501 quas
2385 3447 2491 3500 ope
2522 3429 2705 3483 Caroli
2754 3431 2943 3498 Magni
2976 3434 3031 3484 et
3064 3428 3312 3484 aliorum
3341 3446 3408 3482 ex
3438 3429 3614 3484 variis
3666 3428 3852 3500 regio-

2213 3521 2385 3574 nibus
2436 3518 2785 3585 obtinuerat,
2819 3535 2949 3572 cum
3004 3519 3274 3588 plurimis
3314 3518 3446 3573 aliis
3478 3523 3853 3574 recensentur

2210 3609 2393 3664 sancti
2420 3608 2672 3662 Mattbaai
2705 3607 2980 3677 reliquiae.
3009 3608 3132 3662 Non
3156 3608 3389 3663 additur
3412 3613 3627 3673 tamen,
3657 3613 3852 3662 utrum

2210 3698 2384 3753 fuerit
2413 3697 2632 3767 aliquid
2658 3714 2725 3751 ex
2748 3698 2980 3751 ossibus
3013 3697 3230 3764 Sancti,
3257 3714 3329 3752 an
3355 3697 3544 3751 solum
3577 3697 3647 3751 de
3678 3696 3852 3751 vesti-

2212 3787 2442 3841 mentis.
2498 3786 2556 3839 In
2632 3786 2902 3855 Catalogo
2964 3785 3179 3854 prolixo
3260 3784 3658 3856 reliquiarum,
3722 3800 3849 3855 qua

2209 3891 2361 3927 anno
2394 3874 2531 3926 1585
2562 3873 2965 3943 Ulyssiponem
3000 3873 3298 3929 translatae
3331 3878 3484 3936 sunt,
3518 3874 3851 3943 ibidemque

2208 3962 2430 4015 donatas
2462 3961 2661 4014 domui
2696 3961 2970 4030 professae
3000 3962 3480 4028 SocietatisJesu,
3505 3976 3851 4015 enumeran-

2208 4055 2305 4104 tur
2330 4049 2505 4104 etiam
2540 4048 2800 4119 reliquiae
2852 4050 3038 4104 sancti
3092 4050 3347 4104 Matthasi
3388 4048 3658 4120 apostoli,
3690 4049 3846 4120 apud

2210 4156 2314 4193 nos
2371 4143 2509 4193 tom.
2560 4137 2609 4191 II
2658 4137 2943 4206 Januarii,
2977 4154 3107 4209 pag.
3160 4138 3285 4194 6'12.
3330 4140 3533 4193 Verum
3594 4136 3847 4192 sufﬁciat

2207 4226 2329 4282 haec
2359 4227 2737 4295 enumeratio,
2763 4242 2894 4280 cum
2930 4230 3221 4297 nequeant
3246 4226 3364 4281 ulla
3384 4227 3639 4281 humana
3670 4226 3844 4280 indu-

2208 4317 2349 4372 stria
2371 4317 2700 4372 enumerari
2724 4331 2927 4371 omnes
2950 4314 3322 4386 reliquiarum
3358 4314 3675 4386 particulas,
3698 4330 3845 4386 quas

2207 4406 2419 4460 habent
2472 4405 2724 4460 ecclesiae
2775 4409 2875 4459 aut
2924 4421 3180 4476 personae
3221 4404 3471 4473 privatae,
3526 4404 3842 4475 praesertim

2208 4511 2337 4549 cam
2397 4510 2497 4564 per
2544 4494 2889 4548 donationes
2940 4494 3269 4563 frequenter
3312 4494 3383 4548 ab
3432 4510 3547 4547 uno
3598 4493 3722 4549 loco
3769 4492 3842 4548 ad

455 4577 835 4647 ejusdemque
866 4582 954 4630 est
983 4576 1226 4645 ordinis,
1252 4582 1306 4631 et
1328 4577 1387 4632 in
1411 4578 1613 4633 eadem
1645 4579 1896 4634 dioecesi.
1921 4580 2096 4635 Saus-
2126 4583 2184 4647 D
2210 4584 2460 4638 alterum
2494 4584 2941 4637 transferantur.
2968 4583 3261 4650 Ejusmodi
3292 4582 3635 4653 particulam
3664 4598 3843 4654 penes

456 4681 627 4735 sayus
667 4665 727 4719 in
759 4664 1169 4735 Supplemento
1227 4665 1617 4736 martyrologii
1677 4667 1962 4722 Gallicani
2017 4669 2090 4725 ad

456 4755 519 4808 2t
554 4753 908 4823 Septembris
936 4754 1244 4809 annuntiat
1273 4753 1696 4811 venerationem
1729 4758 1914 4811 sancti
1944 4756 2090 4813 Mat-

456 4842 592 4897 thasi
624 4842 883 4898 hodierni
909 4842 967 4897 in
989 4843 1250 4897 coenobio
1284 4843 1455 4913 Regis
1488 4842 1670 4914 vallis,
1699 4854 1757 4900 ut
1780 4846 2092 4917 aliquando

456 4931 633 4985 etiam
681 4935 938 5001 vocatur,
971 4936 1026 4986 et
1071 4932 1374 5003 adjungit:
1410 4951 1435 4983 ι
1466 4932 1704 5001 Cujus...
1751 4952 1881 5003 pars
1933 4937 2093 5007 capi-

455 5019 531 5073 tis
564 5019 897 5086 laureati,...
928 5021 1080 5075 dicto
1131 5022 1187 5076 in
1238 5022 1585 5076 monasterio
1634 5022 2094 5080 honoriﬁcentis-

457 5108 604 5163 sime
652 5115 1004 5178 asservatur,
1056 5116 1111 5164 et
1160 5110 1329 5165 hodie
1378 5110 1618 5166 colenda
1659 5111 2094 5182 religiosissime

454 5195 779 5253 exhibetur.
830 5220 859 5248 »
916 5204 1139 5255 Partem
1200 5202 1408 5270 capitis
1464 5201 1619 5270 dicit,
1671 5204 1914 5272 opinor;
1953 5206 2092 5276 quia

444 5286 570 5355 jam
620 5291 795 5355 caput
842 5288 1135 5343 Bellovaco
1167 5294 1221 5343 et
1253 5292 1498 5345 Carnoto
1543 5297 1889 5347 asseruerat.
1924 5298 2085 5351 Certe

448 5370 756 5438 Calmetus,
802 5373 861 5427 in
911 5376 1145 5430 llzstoria
1193 5380 1590 5450 Lotharingiaz,
1624 5385 1766 5434 tom.
1802 5381 1849 5435 II
1885 5384 2084 5452 primaa

446 5458 721 5513 editionis
752 5459 860 5515 col.
888 5462 958 5511 22
987 5472 1159 5532 caput
1189 5469 1375 5521 sancti
1405 5468 1655 5524 Matthaei
1696 5469 1939 5525 abbatise
1974 5472 2085 5528 Re-

438 5543 728 5615 gis-vallis
777 5547 1057 5616 attribuit,
1098 5554 1155 5603 et
1198 5552 1309 5610 col.
1356 5556 1462 5611 265
1510 5558 1612 5624 ait,
1661 5572 1730 5613 ex
1776 5558 2045 5618 Palasstin
2107 5587 2125 5625 ι

436 5626 687 5687 allatum
722 5632 904 5691 fuisse
935 5647 1038 5704 per
1064 5633 1380 5696 Gobertum
1415 5642 1612 5715 Asperi
1643 5644 1855 5701 Montis
1893 5647 2084 5705 domi-

2203 4690 2293 4728 mc
2325 4673 2530 4736 habeo,
2565 4671 2704 4725 dum
2752 4671 2867 4725 haec
2915 4671 3125 4738 scribo,
3159 4676 3457 4741 acceptam
3505 4688 3656 4726 anno
3706 4671 3845 4726 1753

2201 4760 2458 4816 Venetiis
2492 4760 2562 4813 ab
2590 4757 3075 4814 excellentissimo
3125 4759 3360 4813 domino
3394 4758 3675 4814 Flaminio
3705 4761 3842 4816 Cor-

2203 4849 2373 4914 nelio,
2408 4851 2673 4903 senatore
2720 4846 2957 4913 Veneto,
3006 4847 3278 4918 superius
3330 4847 3586 4915 laudato,
3638 4848 3735 4919 qui
3784 4850 3841 4902 et

2206 4939 2379 4993 aliam
2414 4937 2523 4991 sibi
2556 4936 2811 4991 retinuit.

2276 5028 2395 5082 104.
2433 5028 2573 5081 Loca
2605 5030 2802 5082 sancto
2854 5027 3119 5083 Matthmo
3166 5044 3349 5097 sacra,
3384 5032 3584 5097 praeter
3625 5042 3843 5082 memo-

2204 5121 2326 5170 rata
2358 5115 2636 5170 hactenus
2668 5115 2725 5170 in
2756 5114 3081 5181 Occidente,
3114 5122 3268 5172 certo
3314 5116 3483 5187 plura
3530 5120 3757 5171 exstant
3784 5117 3848 5169 et

2202 5203 2394 5274 aliqua
2426 5204 2602 5258 etiam
2642 5204 2698 5258 in
2743 5203 3054 5275 provinciis
3084 5206 3487 5261 orientalibus.
3517 5206 3595 5260 De
3626 5202 3843 5260 celebri

2198 5293 2547 5348 monasterio
2581 5292 2637 5347 S.
2673 5292 2925 5347 Matthaai
2957 5293 3015 5347 in
3051 5294 3493 5363 Mesopotamia,
3528 5310 3655 5364 quas
3680 5308 3843 5346 nunc

2196 5381 2534 5437 Diarbechia
2566 5381 2796 5450 dicitur,
2819 5383 2973 5452 apud
3008 5382 3207 5436 urbem
3240 5382 3430 5437 Mosul
3461 5386 3561 5437 aut
3592 5381 3838 5438 Niniven

2197 5487 2426 5537 novam,
2460 5471 2791 5541 frequenter
2820 5471 3087 5526 meminit
3116 5476 3495 5539 Assemanus,
3529 5471 3588 5525 in
3618 5471 3844 5526 Biblio-

2195 5560 2345 5615 theca
2376 5559 2668 5629 Orientali,
2702 5564 2845 5617 tom.
2872 5559 2941 5616 II.
2967 5560 3048 5616 Ex
3066 5560 3141 5617 iis
3171 5565 3390 5628 autem,
3414 5577 3538 5632 qua
3570 5575 3703 5632 pag.
3729 5559 3839 5615 408

2194 5649 2368 5708 refert
2398 5651 2468 5708 de
2499 5649 2597 5708 illo
2631 5651 3006 5723 monasterio,
3038 5651 3192 5710 clare
3240 5652 3444 5726 liquet,
3476 5650 3683 5711 saltem
3732 5667 3841 5710 ex-
