4124 6270
313 421 433 483 813

1649 426 1831 492 νιΤΑ
1877 430 1934 495 S.
1987 430 2383 499 ΜΑΤἸἮΛΕῙ.

3597 446 3719 511 814

314 584 540 677 stitisse
570 599 603 637 a
634 581 1167 677 saculo_1v.._lde_m,
1200 587 1340 640 tom.
1370 586 1451 677 ΫΙΙ,
1486 604 1613 659 pag.
1668 592 1792 661 403,
1842 611 1963 652 me-
1994 598 2368 668 Aprehensi,
2430 600 2703 673 ductique
2781 602 3047 670 Niniven,
3108 605 3207 660 ubi
3272 612 3471 677 postea
3543 609 3719 665 occisi

317 672 493 728 minit
539 694 568 723 «
620 670 870 727 emnobii
913 670 1186 741 Chuchie,
1233 676 1384 744 quod
1431 684 1854 739 monasterium
1905 690 1964 741 Β.

320 762 570 819 Matthmi
602 762 820 818 dicitur
848 762 906 817 in
939 766 1138 818 monte
1171 764 1453 835 Elpheph.
1480 790 1508 817 »
1535 768 1609 823 Ex
1639 770 1738 826 illo
1770 778 1964 831 autem

320 853 676 908 monasterio
725 851 1033 908 duodecim
1083 854 1351 910 monachi
1386 872 1516 912 cum
1548 860 1820 933 episcopo
1863 863 1965 919 Ni-

318 941 483 996 nives
511 940 695 996 occisi
726 941 1000 996 dicuntur
1024 941 1196 1010 jussu
1228 943 1498 1000 Pherozis
1536 948 1837 1007 Persarum
1871 969 1964 1009 re-

316 1029 408 1100 gis
438 1028 496 1084 in
532 1029 670 1087 urbe
700 1029 904 1085 Ninive
927 1030 1044 1085 sive
1075 1030 1287 1087 Mosul.
1316 1032 1524 1091 Eadem
1556 1036 1798 1095 historia
1831 1058 1965 1096 nar-

318 1121 482 1172 ratur
528 1119 682 1189 apud
731 1120 1135 1186 Assemanum,
1180 1129 1315 1175 tom.
1368 1122 1463 1189 Ili,
1516 1140 1647 1197 pag.
1689 1126 1815 1196 393,
1866 1130 1966 1185 ubi

317 1210 558 1262 vocatur
587 1206 855 1262 similiter
880 1228 908 1258 κ
940 1209 1271 1265 cmnobium
1301 1212 1556 1282 Cuchtaa,
1582 1235 1611 1263 »
1635 1216 1743 1271 hoc
1774 1221 1879 1283 est,
1904 1218 1962 1273 S.

320 1294 579 1351 Matthai
612 1295 671 1351 in
707 1300 903 1352 monte
951 1296 1312 1368 Elphephio;
1346 1301 1735 1374 monachique
1775 1303 1834 1359 in
1866 1304 1966 1361 illo

320 1385 677 1441 monasterio
706 1385 987 1442 dicuntur
1007 1402 1136 1443 cum
1165 1386 1525 1461 Metropolita
1546 1390 1780 1449 Ninives
1811 1409 1966 1450 com-

2076 693 2237 753 sunt,
2260 690 2412 759 quod
2445 692 2773 748 consentire
2803 692 3025 749 nollent
3045 694 3104 748 in
3128 694 3397 751 haeresim
3432 697 3716 753 Nestoris.-

2075 791 2228 830 nam.
2265 779 2344 833 Ex
2385 794 2451 835 eo
2496 788 2710 848 autem,
2745 783 2898 852 quod
2949 783 3315 854 metropolita
3372 786 3607 841 Ninives
3655 787 3714 841 in

2075 866 2421 921 monasterio
2453 869 2910 939 comprehensus
2942 875 3049 938 est,
3085 872 3361 943 quodque
3393 889 3593 929 omnes
3616 873 3718 928 Ni-

2074 953 2263 1009 nivem
2311 957 2542 1012 fuerunt
2588 959 2768 1023 ducti,
2819 959 2961 1015 satis
3010 965 3162 1015 certo
3206 961 3513 1031 colligitur,
3559 963 3712 1018 idem

2074 1042 2182 1096 hoc
2213 1060 2335 1098 esse
2364 1046 2781 1101 monasterium
2831 1063 2959 1101 cum
3012 1048 3368 1118 praecedente
3412 1051 3563 1119 apud
3595 1055 3717 1105 Mo-

2075 1128 2166 1184 sul
2207 1142 2305 1185 aut
2348 1132 2614 1187 Niniven.
2651 1132 2752 1189 Pro
2799 1135 3000 1189 eodem
3059 1136 3236 1189 etiam
3292 1135 3496 1191 habuit
3553 1139 3715 1192 Asse-

2076 1233 2311 1286 manus,
2335 1222 2484 1291 apud
2521 1238 2690 1291 quem
2724 1222 2892 1292 plura
2916 1223 2986 1277 de
3009 1223 3106 1277 illo
3140 1223 3492 1279 monasterio
3524 1222 3710 1279 videri

2074 1312 2366 1378 poterunt,
2397 1323 2530 1363 cum
2586 1310 2685 1365 illa
2715 1310 2785 1364 ad
2828 1314 3085 1365 sanctum
3136 1310 3470 1369 Matthaaum
3525 1311 3717 1369 minus

2075 1396 2419 1467 pertineant.

1856 1711 2168 1822 ACTA

1323 1941 1591 2001 Auctore
1621 1941 2048 2018 Metaphraste
2078 1942 2413 2022 interprete
2442 1944 2694 2006 Sirleto.

749 2096 1014 2158 (Gracum
1050 2098 1249 2148 textum
1281 2097 1690 2148 exscribendum
1721 2100 2023 2151 curavimus
2054 2114 2118 2152 ex
2150 2101 2268 2152 cod.
2299 2115 2399 2153 ms.
2432 2104 2601 2154 Paris.
2633 2116 2690 2154 n.
2727 2103 2883 2155 1430.
2914 2105 3056 2156 Εοιτ.
3087 2105 3260 2169 Pan.)

381 2406 457 2459 Αἵ
490 2398 630 2473 Ἤδη
677 2402 770 2475 μὶν
803 2402 903 2470 τὴν
941 2402 1087 2477 παρὰ
1141 2407 1237 2458 τοῦ
1297 2403 1607 2468 πλάσαντος
1653 2407 1801 2479 ἡμᾶς
1859 2404 1943 2461 δο-

2128 2409 2170 2466 Ι.
2203 2410 2256 2465 Si
2319 2415 2671 2483 praeceptum
2727 2412 2894 2477 illud,
2944 2415 3102 2486 quod
3163 2416 3234 2471 ab
3294 2429 3383 2486 eo,
3433 2417 3533 2489 qui
3596 2433 3705 2476 nos

304 2492 482 2546 θεῖσαν
511 2490 874 2569 φυλάττοντες
900 2489 1151 2561 ἐντολὴν,
1192 2498 1295 2561 τῆς
1355 2495 1622 2567 μακαρίας
1680 2492 1730 2548 ἐν
1777 2513 1950 2568 παρα-

300 2576 464 2654 δείσῳ
497 2580 762 2652 οἰκήσεώς
792 2602 851 2636 τε
887 2581 976 2635 καὶ
1026 2577 1309 2657 διαγωγῆς
1348 2580 1715 2655 ἀπελαύομεν,
1747 2582 1947 2645 παντὸς

300 2670 363 2724 οὗ
419 2689 567 2731 τινος
628 2670 719 2724 οὑν
777 2674 885 2725 τῶν
945 2671 1068 2745 περὶ
1123 2671 1186 2726 τὸ
1245 2676 1404 2745 σῶμα
1464 2672 1945 2746 ὑπερφρονοῦντες,

302 2760 492 2833 μόνοις
550 2780 608 2814 τε
665 2766 782 2821 τοῖς
842 2759 1006 2821 θείοις
1074 2760 1507 2838 ἐνασχολοῦντες
1555 2762 1647 2816 τὸν
1676 2763 1941 2831 νοῦν,καὶ

294 2855 466 2905 ταῦτα
496 2846 759 2919 διηνεκῶς
795 2849 1213 2925 φανταζόμενοι,
1246 2848 1354 2919 ἤδη
1389 2847 1446 2903 δὲ
1484 2850 1575 2903 καὶ
1607 2852 1635 2903 6
1664 2858 1763 2919 τῆς
1808 2850 1945 2923 πρὸς

296 2939 426 2994 Θεὸν
468 2938 730 3011 πρότερον
792 2936 1131 3007 οἰκειότητος
1190 2934 1488 3006 ὀλισθήσας
1522 2932 1801 3005 διάϐολος,
1832 2938 1947 3011 ἅμα

301 3028 395 3099 μὶν
438 3023 554 3085 οίας
606 3024 939 3080 ἐκπεπτώκει
969 3030 1067 3094 τῆς
1100 3022 1259 3093 δόξης
1314 3020 1472 3085 εἰδώς
1506 3040 1519 3054 ⁶
1571 3026 1683 3096 ἅμα
1740 3021 1795 3078 δὲ
1854 3026 1945 3080 καὶ

294 3118 375 3187 τῷ
459 3114 785 3188 ἀνθρωπείῳ
869 3112 1005 3187 γένει
1094 3109 1576 3189 διαφθονούμενος.
1656 3113 1945 3177 Κάντεῦθεν

295 3205 458 3258 τοῦτο
508 3206 949 3277 συγκατενεγκεῖν
1010 3200 1184 3272 ἐαυτῷ
1243 3200 1319 3261 εἷς
1371 3201 1642 3274 βάραθρον
1677 3200 1942 3277 μηχανώ-

297 3309 458 3363 μενος
520 3289 594 3350 εἷς
660 3287 838 3358 λήθην
890 3294 990 3357 τῆς
1023 3286 1250 3356 ἐντολῆς
1279 3288 1370 3342 τὸν
1399 3285 1683 3361 ἄνθρωπον
1743 3287 1939 3363 ἤγαγε,

291 3377 380 3434 καὶ
421 3380 450 3433 6
479 3382 715 3453 [πρῶτος
772 3378 1055 3445 πλασθεὶς,
1089 3375 1350 3447 ἐσυλήθη,
1384 3380 1502 3455 φεῦ,
1538 3374 1787 3438 ἐλεεινῶς
1843 3377 1936 3431 τὸν

290 3465 655 3543 παράδεισον·
719 3466 817 3522 οὐκ
873 3468 938 3535 ἦν
982 3463 1039 3521 δὲ
1098 3462 1210 3539 ἅμα
1264 3469 1360 3521 τοῦ
1416 3465 1723 3528 πλάσαντος
1763 3466 1934 3537 ἡμᾶς,

289 3557 365 3620 εἷς
421 3562 580 3613 τοῦτο
639 3555 918 3618 ἀπωλείας
976 3553 1383 3630 κατενεχθέντας
1412 3551 1813 3626 περιῖδεῖν,καὶ
1871 3553 1933 3607 τὸ

287 3651 503 3721 πρῶτον
564 3642 947 3707 ἀποϐαλόντας
1007 3643 1241 3717 ἀξίωμα,
1283 3643 1333 3696 ἐν
1396 3641 1568 3704 οὕτως
1619 3643 1799 3715 ἀτίμῳ
1838 3662 1932 3696 κα-

285 3735 537 3792 ταλιπεῖν
568 3739 637 3810 τῇ
670 3733 943 3810 διαγωγῇ.
978 3732 1129 3789 Ἀλλ’
1157 3732 1317 3794 αὐτὸς
1366 3734 1393 3786 ὁ
1440 3736 1520 3803 τῷ
1577 3731 1746 3805 Πατρῖ
1806 3752 1927 3786 συν-

285 3825 529 3901 άναρχος
565 3825 741 3902 Λόγος
772 3824 861 3878 καὶ
889 3820 1162 3884 συναΐδιος
1218 3827 1325 3877 τῶν
1377 3824 1653 3894 πατρικῶν
1691 3820 1929 3882 κενώσας

282 3916 508 3971 κόλπων
568 3915 755 3971 ἕαότον
822 3914 911 3970 ἐπὶ
1001 3914 1210 3987 μητερα
1274 3909 1538 3987 παρθένον
1596 3913 1801 3966 κάτεισι
1860 3908 1929 3965 δι’

286 4005 384 4079 ἐμὲ
438 4004 525 4059 καὶ
583 4005 751 4078 σάρκα
808 4007 984 4081 φορεῖ,
1040 4001 1129 4057 καὶ
1177 4000 1350 4057 πάντα
1404 4001 1550 4070 πλήν
1605 3999 1776 4072 μόνης
1829 4005 1929 4070 τῆς

287 4095 556 4169 ἁμαρτίας
615 4092 909 4169 ὑπέρχεται
966 4093 1033 4147 τὰ
1088 4092 1414 4164 ἀνθρώπινα,
1446 4092 1519 4153 ὡς
1571 4090 1629 4144 ἃν
1678 4091 1777 4158 τήν
1833 4090 1927 4163 μὲν

288 4186 555 4259 ἁμαρτίαν
614 4181 778 4256 ἀνέλῃ
832 4183 1024 4251 καινήν
1086 4179 1142 4236 δέ
1194 4201 1311 4236 τινα
1349 4180 1484 4255 πρὸς
1518 4180 1780 4253 οὐρανοὺς
1840 4178 1926 4232 ἐπ-

287 4271 477 4329 άνοδον
506 4277 623 4335 τοῖς
655 4270 741 4326 ἐπι
774 4279 876 4347 γῆς
909 4268 1185 4342 ὑποδείξῃ.
1218 4268 1370 4325 Ἐπεὶ
1412 4265 1468 4322 δὲ
1509 4268 1599 4321 καί
1654 4267 1931 4326 διακόνους

284 4362 422 4436 πρὸς
451 4366 612 4416 τοῦτο
644 4359 733 4414 καὶ
767 4360 1041 4432 ὑπηρέτας
1101 4354 1247 4431 ἔχειν
1304 4357 1496 4430 ἐχρῆν,
1531 4352 1599 4408 δι’
1629 4356 1701 4407 ὧν
1756 4374 1815 4407 τε
1865 4353 1932 4407 τὰ

281 4458 386 4519 τῆς
460 4448 777 4521 οἰκονομίας
845 4448 933 4502 καὶ
1010 4452 1116 4500 τῶν
1180 4445 1492 4518 μυστηρίων
1548 4442 1927 4516 ἀνακαλύψειε,

285 4541 377 4596 καὶ
416 4540 553 4616 πρὸς
612 4536 879 4610 σωνηρίας
942 4533 1065 4589 ὁδὸν
1116 4535 1241 4595 τοὺς
1278 4533 1594 4605 ἀνθρώπους
1652 4550 1929 4606 χειραγω-

282 4630 488 4704 γήσειε,
565 4623 951 4701 προσκαλεῖται
1041 4624 1135 4697 μὲν
1194 4620 1447 4696 Ἀνδρέας
1528 4619 1617 4675 καί
1702 4618 1922 4694 Πέτρος,

286 4715 423 4791 μετά
478 4713 534 4771 δὲ
613 4715 838 4776 τούτους
894 4706 1152 4774 Ἰάκωϐός
1209 4732 1266 4766 τε
1330 4710 1419 4765 καὶ
1476 4709 1755 4779 Ἰωάννης,
1813 4708 1928 4763 εἶτα

280 4807 583 4875 Ματθαῖος,
616 4804 643 4859 6
673 4807 761 4858 νῦν
791 4805 928 4877 ἡμῖν
959 4801 1205 4863 ὑπόθεσις
1247 4797 1337 4855 ὥν.

2066 2498 2355 2569 formavit,
2390 2500 2716 2571 injunctum
2767 2502 2935 2559 nobis
2968 2503 3040 2575 (1)
3075 2504 3203 2571 fuit,
3236 2520 3463 2562 servare
3501 2506 3708 2563 voluis-

2061 2601 2281 2655 semus,
2318 2588 2485 2643 beata
2535 2588 2637 2644 illa
2684 2590 2937 2659 paradisi
2969 2589 3326 2647 habitatione
3357 2595 3413 2648 et
3442 2592 3561 2649 vita
3591 2593 3704 2649 frui

2058 2673 2227 2729 nobis
2262 2675 2534 2742 licuisset,
2563 2677 2873 2745 omniaque
2897 2694 3172 2748 corporea
3194 2681 3498 2735 commoda
3518 2680 3701 2752 negli-

2056 2770 2279 2834 gentes,
2314 2762 2454 2819 solis
2487 2764 2699 2820 divinis
2731 2765 2902 2822 rebus
2934 2770 3189 2822 mentem
3221 2773 3561 2839 occupatam
3597 2770 3699 2824 ha-

2055 2849 2346 2917 beremus,
2398 2868 2460 2905 ac
2509 2868 2605 2907 eas
2659 2851 2915 2907 assiduis
2972 2853 3419 2924 cogitationibus
3466 2872 3698 2927 semper

2056 2938 2488 2994 meditaremur.
2522 2940 2662 2996 Cum
2714 2940 2831 3009 ille,
2865 2942 2964 3011 qui
2998 2958 3031 2996 a
3062 2941 3258 2997 divina
3306 2943 3696 3002 familiaritate

2055 3023 2229 3079 simul
2265 3030 2437 3097 atque
2470 3044 2502 3083 a
2531 3029 2719 3099 gloria
2749 3029 2981 3097 excidit,
3009 3030 3067 3084 in
3097 3046 3209 3100 qua
3240 3031 3402 3101 prius
3433 3037 3575 3102 erat,
3607 3049 3697 3103 ge-

2054 3114 2176 3167 neri
2208 3113 2458 3169 humano
2506 3117 2811 3184 invideret,
2843 3118 2914 3173 ob
2945 3118 3119 3187 idque
3151 3119 3221 3174 ad
3254 3136 3421 3175 suam
3463 3120 3693 3177 ruinam

2054 3215 2250 3256 secum
2274 3218 2388 3256 una
2411 3203 2683 3258 omnibus
2708 3205 2995 3259 machinis
3021 3205 3159 3260 illud
3186 3209 3544 3278 praecipitare
3567 3214 3701 3265 stu-

2055 3291 2235 3355 deret,
2269 3294 2470 3345 auctor
2511 3290 2618 3345 fuit
2667 3291 2907 3359 homini,
2942 3297 3007 3347 ut
3037 3295 3210 3364 primi
3238 3295 3398 3351 illius
3430 3300 3698 3369 praecepti

2048 3376 2509 3433 oblivisceretur.
2576 3380 2770 3448 Itaque
2828 3379 3002 3434 homo
3062 3380 3210 3452 ipse,
3273 3383 3373 3453 qui
3431 3385 3699 3442 omnium

2047 3468 2270 3539 primus
2315 3485 2347 3523 a
2396 3473 2509 3524 Deo
2558 3469 2840 3525 formatus
2899 3475 3008 3536 est,
3061 3471 3379 3527 miserabili
3442 3475 3696 3544 quodam

2044 3559 2231 3624 modo,
2281 3558 2423 3628 proh
2490 3558 2688 3613 dolor!
2725 3560 2994 3629 paradiso
3055 3560 3313 3631 privatus
3372 3562 3503 3617 fuit.
3556 3563 3685 3621 Non

2042 3650 2236 3700 tamen
2282 3645 2490 3716 ipsius,
2525 3646 2626 3719 qui
2660 3664 2762 3703 nos
2810 3648 3094 3715 formavit,
3125 3649 3454 3719 benignitas
3507 3651 3684 3721 patie-

2042 3734 2235 3799 batur,
2280 3738 2343 3788 ut
2393 3735 2459 3788 ad
2514 3738 2731 3790 tantam
2782 3736 3008 3790 ruinam
3059 3735 3311 3808 prolapsi
3361 3738 3683 3809 despicere-

2042 3838 2194 3888 mur,
2228 3838 2413 3892 neque
2462 3829 2546 3891 ut,
2590 3823 2777 3894 prima
2815 3823 2913 3878 illa
2961 3825 3238 3895 dignitate
3289 3825 3528 3896 amissa,
3560 3833 3682 3884 tam

2039 3911 2278 3984 ignobili
2312 3916 2463 3968 statu
2498 3913 2865 3969 condemnati
2912 3914 3397 3985 relinqueremur.
3433 3916 3532 3972 Ille
3573 3917 3686 3990 igi-

2037 4007 2134 4058 tur
2183 4004 2326 4075 ipse,
2378 4004 2474 4075 qui
2521 4005 2591 4060 ab
2644 4004 2814 4060 initio
2874 4021 3003 4060 cum
3056 4010 3221 4061 Patre
3269 4022 3501 4078 semper
3552 4008 3680 4076 fuit,

2040 4091 2138 4161 qui
2198 4098 2515 4147 coaeternus
2565 4095 2671 4162 est,
2704 4109 2772 4147 ex
2803 4096 3044 4162 paterno
3105 4092 3235 4146 sinu
3298 4095 3680 4161 descendens,

2042 4181 2299 4249 seipsum
2348 4179 2682 4247 exinanivit,
2714 4187 2767 4233 et
2798 4188 3030 4250 propter
3061 4181 3297 4236 humani
3337 4183 3567 4253 generis
3594 4200 3681 4239 sa-

2042 4266 2219 4319 lutem
2255 4269 2497 4319 matrem
2538 4266 2839 4337 Virginem
2890 4269 3092 4335 subiit,
3126 4284 3360 4324 carnem
3414 4271 3682 4341 gestavit,

2040 4358 2097 4409 et
2131 4354 2386 4408 humana
2416 4353 2611 4407 omnia
2659 4354 2940 4409 sustinuit
2971 4361 3178 4424 praeter
3207 4362 3546 4426 peccatum:
3585 4360 3687 4415 hu-

2040 4458 2209 4497 mana
2256 4441 2410 4496 enim
2458 4441 2655 4497 omnia
2707 4444 2982 4515 suscepit,
3029 4451 3085 4499 ut
3133 4449 3429 4516 peccatum
3476 4448 3684 4502 mundi

2035 4530 2284 4597 tolleret,
2307 4534 2361 4583 et
2389 4529 2501 4597 his,
2528 4530 2623 4600 qui
2656 4535 2796 4585 sunt
2826 4532 2884 4586 in
2918 4535 3091 4600 terra,
3119 4548 3330 4589 novum
3364 4534 3679 4604 quemdam

2037 4620 2107 4674 ad
2142 4617 2313 4674 caelos
2356 4618 2582 4673 aditum
2634 4626 2997 4691 praepararet.
3032 4623 3318 4687 Quoniam
3370 4639 3504 4678 vero
3554 4624 3683 4694 ejus

2035 4706 2116 4762 rei
2150 4706 2450 4764 ministros
2491 4706 2701 4762 habere
2730 4708 3005 4777 oportuit,
3040 4725 3138 4778 per
3170 4726 3316 4781 quos
3356 4710 3563 4767 divinae
3594 4712 3682 4766 di-

2034 4798 2422 4871 spensationis
2465 4802 2520 4854 et
2560 4799 2971 4870 mysteriorum
3019 4798 3383 4870 disciplinam
3433 4799 3581 4855 Deus
3628 4805 3685 4857 et

281 4897 653 4970 patefaceret,
686 4898 859 4967 atque
903 4893 1173 4951 homines
1232 4892 1388 4965 ipsos
1416 4891 1487 4946 ad
1520 4889 1725 4948 salutis
1782 4890 1937 4945 viam
1991 4891 2351 4962 perduceret,
2385 4887 2455 4945 ob
2504 4904 2630 4944 eam
2691 4905 2929 4945 causam
2977 4888 3164 4944 vocati
3211 4892 3351 4944 sunt
3398 4890 3680 4959 Andreas,

287 4987 509 5056 Petrus,
541 4985 812 5051 Jacobus,
842 4984 1099 5040 Joannes
1129 4987 1185 5039 et
1215 4980 1545 5048 Matthaeus,
1578 4981 1648 5037 de
1677 4996 1789 5051 quo
1822 4979 1989 5036 nobis
2023 4979 2125 5035 hoc
2158 4978 2278 5035 loco
2309 4976 2619 5034 dicendum
2651 4987 2755 5034 est.

355 5076 434 5139 B',
457 5073 627 5135 Οὗτος
681 5071 861 5127 τοίνυν
893 5070 920 5124 6
950 5074 1045 5126 τοῦ
1096 5072 1333 5144 Χριστοῦ
1384 5068 1630 5140 μαθητὴς
1689 5065 1930 5142 ὕστερον,
1962 5067 2019 5133 D

1292 5167 1295 5170 ⁴
1378 5157 1469 5213 καὶ
1529 5158 1725 5234 χρημά
1815 5198 1828 5213 .

278 5161 530 5235 τελώνης
587 5162 693 5238 πρό

639 5297 653 5310 ,
730 5270 844 5325 τωρ
904 5249 994 5305 καὶ
1050 5248 1240 5324 λογιστ

278 5339 718 5414 καὶπάσηςέν
824 5380 840 5399 .
945 5379 963 5399 .
1066 5379 1085 5397 .
1182 5379 1197 5395 .

361 5532 438 5603 (1)
476 5530 677 5608 Nobis,
724 5529 783 5608 in
832 5527 1019 5601 primo
1055 5525 1357 5608 _nimirum_
1388 5527 1635 5608 parente
1685 5524 1923 5608 Adamo.

286 5595 405 5659 Hoc
421 5595 624 5658 autem
656 5595 892 5657 initium
938 5598 1111 5655 modo
1160 5595 1424 5653 nonnihil
1474 5595 1699 5650 diverso
1724 5595 1929 5650 Latine

286 5689 625 5721 arui-essum
646 5687 771 5721 esse
793 5671 949 5721 apud
982 5670 1392 5721 Linomanum.
1417 5671 1558 5721 tom.
1585 5669 1653 5721 V.
1680 5665 1777 5721 fol.
1804 5666 1927 5721 137.

284 5689 625 5801 expressum
646 5671 949 5755 esse'apud
974 5670 1392 5752 _Lipomanum,
1417 5671 1558 5722 tom.
1585 5669 1653 5735 V,
1680 5669 1777 5721 fol.
1804 5669 1927 5735 137,

281 5761 345 5801 ιιι
390 5760 537 5816 sque
567 5744 882 5802 credidisse
913 5741 1162 5812 aliquos,
1185 5739 1298 5796 alia
1328 5754 1458 5795 esse
1486 5739 1647 5807 Acta,
1680 5752 1807 5809 qua
1838 5737 1932 5795 de-

2114 5066 2186 5123 Ῑῐ.
2220 5066 2344 5134 Hic,
2375 5066 2637 5139 inquam,
2669 5066 2887 5123 Christi
2922 5066 3264 5138 discipulus,
3307 5067 3447 5125 olim
3497 5069 3684 5127 fuerat

2039 5154 2405 5228 publicanus,
2456 5157 2835 5228 pecuniarum
2907 5159 3137 5213 exactor
3182 5160 3237 5212 et
3290 5157 3679 5227 ratiocinator,

2038 5248 2254 5320 quippe
2287 5248 2383 5321 qui
2434 5263 2641 5303 omnes
2689 5251 2950 5319 quaestus
3002 5247 3244 5304 faciendi
3287 5246 3409 5304 vias
3440 5253 3495 5305 et
3525 5254 3679 5307 artes

2037 5340 2294 5403 noverat,
2330 5336 2543 5392 mentis
2601 5335 2941 5401 acrimonia,
2973 5333 3277 5408 multoque
3321 5351 3514 5393 rerum
3566 5354 3679 5395 usu

2038 5526 2122 5600 dit
2152 5527 2519 5600 Lipomanus,
2554 5526 2823 5583 adnotavi
2856 5526 2914 5583 in
2946 5527 3368 5586 Commentario
3400 5546 3563 5585 num.
3590 5530 3678 5600 14,

2036 5597 2515 5723 itbiquetostendi,
2549 5601 2690 5655 Acta
2728 5614 2854 5657 esse
2883 5600 3107 5671 eadem,
3140 5601 3393 5660 diversos
3428 5617 3559 5660 vero
3590 5597 3680 5658 in;

2065 5684 2229 5740 erpre
2258 5684 2340 5725 es.
