4124 6270
496 369 613 429 815

496 471 577 527 ita
607 474 904 542 praestans,
937 470 1001 523 ut
1032 468 1182 521 inter
1210 465 1544 537 publicanos
1584 464 1899 536 principem
1932 464 2121 517 locum
2155 462 2213 527 A
2237 459 2405 534 τέχνη

495 570 717 620 teneret
745 563 841 633 (2).
874 560 1082 615 Postea
1128 574 1259 613 vero
1308 574 1485 629 quam
1536 574 1638 630 pro
1687 556 1875 613 salute
1925 552 2131 609 mundi

494 653 759 709 Christus
809 648 1087 703 Dominus
1120 648 1177 701 in
1216 652 1371 702 terra
1418 646 1635 703 versari
1684 646 1856 718 coepit
1898 644 2131 712 (videte,

495 757 710 813 quasso,
742 737 1124 808 repentinam,
1148 736 1415 803 celerem,
1443 736 1848 791 admirabilem
1880 738 1935 790 et
1964 733 2133 804 plane

493 831 746 887 divinam
805 827 1057 884 hominis
1105 828 1589 899 conversionem),
1638 844 1768 882 cum
1822 824 2133 897 praeteriret

491 918 823 991 aliquando,
854 921 910 973 et
939 916 1175 972 intimas
1220 917 1412 972 cordis
1464 920 1654 987 partes
1695 915 2010 987 inspiceret
2040 912 2136 968 ho-

494 1006 666 1063 minis
693 1006 753 1061 in
784 1004 1001 1061 telonio
1036 1004 1317 1073 sedentis,
1340 1019 1587 1076 cumque
1615 1003 1846 1060 virtutis
1877 1002 2136 1059 studium

495 1099 669 1165 atque
716 1095 980 1149 ardorem
1014 1091 1072 1148 in
1102 1094 1228 1163 ejus
1280 1093 1474 1149 animo
1523 1093 1815 1159 latentem,
1847 1095 1912 1146 ut
1942 1104 2133 1146 rerum

494 1184 849 1241 occultarum
899 1180 1160 1253 cognitor
1206 1188 1259 1236 et
1306 1182 1495 1236 cordis
1545 1184 1958 1251 perscrutator,
1991 1180 2137 1234 bene

494 1276 889 1345 cognosceret,
923 1275 978 1327 et
1024 1270 1350 1342 qualisnam
1402 1286 1467 1325 ex
1516 1285 1603 1337 eo,
1654 1270 1754 1340 qui
1801 1274 1942 1323 tunc
1989 1271 2133 1335 erat,

497 1368 695 1434 postea
751 1363 985 1417 futurus
1044 1363 1217 1429 esset,
1267 1360 1483 1429 optime
1541 1358 1916 1428 prospiceret,
1965 1355 2133 1411 illum

493 1451 738 1515 vocavit,
763 1466 828 1505 ac
850 1450 1015 1520 sequi
1041 1448 1319 1517 sejussit.
1342 1449 1433 1501 Sic
1459 1447 1614 1503 enim
1638 1448 1707 1501 de
1730 1446 1826 1500 illo
1855 1445 2133 1516 scriptum

493 1540 781 1612 legimus:
814 1557 835 1586 ι
862 1540 1003 1593 Cum
1037 1537 1315 1592 transiret
1344 1536 1536 1599 Jesus,
1560 1534 1702 1589 vidit
1734 1533 2133 1603 publicanum,

496 1630 727 1685 nomine
773 1626 926 1694 Levi,
978 1625 1037 1680 in
1107 1623 1322 1679 telonio
1374 1624 1695 1691 sedentem,
1738 1622 1902 1692 eique
1949 1620 2133 1676 dixit:

493 1718 739 1787 Sequere
792 1731 904 1770 me.
956 1736 985 1764 ››
1034 1713 1133 1768 Ille
1186 1729 1319 1768 vero
1376 1728 1490 1766 non
1551 1711 1925 1783 pecuniarum
1949 1712 2134 1781 copia,

495 1822 611 1860 non
655 1820 876 1868 eorum,
931 1803 1033 1874 qui
1084 1800 1556 1867 circumstabant,
1594 1799 1985 1864 multitudine,
2018 1815 2134 1853 non

493 1898 724 1949 terrena
752 1896 808 1949 et
840 1890 1024 1960 fragili
1057 1891 1233 1961 hujus
1267 1889 1470 1944 mundi
1501 1888 1684 1960 gloria
1714 1890 1985 1944 detentus
2011 1891 2134 1955 est;

496 1982 642 2036 nihil
665 1981 911 2051 denique
934 1980 1168 2035 illorum
1191 1980 1451 2034 omnium
1475 1977 1719 2043 curavit,
1738 1993 1861 2047 quae
1884 1976 1942 2031 in
1970 1977 2136 2032 terris

495 2070 817 2125 humanam
879 2073 1132 2124 mentem
1190 2066 1457 2123 servituti
1508 2066 1821 2137 subjicere,
1863 2070 1919 2123 et
1960 2065 2033 2121 ad
2080 2081 2140 2121 se

494 2158 784 2213 attrahere
815 2157 1045 2212 solent:
1081 2157 1181 2212 sed
1215 2156 1319 2227 ita,
1351 2160 1416 2210 ut
1455 2159 1596 2221 erat,
1630 2156 1832 2210 statim
1865 2154 2138 2220 surrexit,

494 2252 551 2302 et
592 2251 827 2303 secutus
875 2250 965 2301 est
1016 2245 1346 2300 Dominum.
1389 2247 1515 2299 Non
1546 2242 1718 2314 longa
1749 2243 2009 2300 oratione
2056 2242 2141 2297 illi

492 2353 641 2408 opus
672 2336 801 2403 fuit,
828 2352 1016 2406 neque
1042 2334 1228 2389 multo
1257 2337 1539 2403 tempore,
1572 2348 1687 2387 non
1723 2331 2165 2386 miraculorum.

493 2424 875 2495 spectatione,
909 2440 1025 2479 non
1080 2424 1332 2492 denique
1382 2421 1750 2491 diligentiore
1779 2424 1881 2476 aut
1911 2420 2143 2475 diutur—

497 2513 661 2568 niore
709 2512 1171 2579 consuetudine;
1206 2512 1306 2567 sed
1350 2526 1482 2566 cum
1526 2510 1778 2580 primum
1824 2510 2142 2580 optabilem

494 2602 657 2657 illam
689 2606 745 2657 et
768 2601 1084 2670 jucundam
1120 2615 1316 2655 vocem
1358 2598 1599 2664 audivit,
1624 2621 1651 2648 «
1686 2599 1939 2668 Sequere
1972 2614 2085 2665 me,
2115 2618 2143 2647 »

496 2690 692 2746 statim
741 2690 1020 2746 telonium
1072 2688 1403 2759 dereliquit,
1438 2693 1493 2742 et
1542 2688 1836 2758 exigendae
1885 2687 2145 2758 pecuniae

496 2776 707 2842 socios,
793 2792 1146 2848 omnemque
1226 2775 1465 2831 honoris
1550 2775 1780 2845 pristini
1864 2775 2153 2846 cupidita-

1784 362 1833 419 M
1846 357 2065 419 ENSIS
2112 355 2417 418 SEPTEM
2431 359 2607 425 BER.

3777 357 3891 418 816

2490 504 2503 516 .
2586 503 2598 516 .
2679 504 2694 519 ,
2772 503 2787 516 .
2868 501 2883 517 .
2961 476 3202 529 ,μενος,
3254 456 3344 511 καὶ
3392 456 3514 517 νοὸς
3592 498 3607 513 .
3686 498 3701 510 .

2731 590 2744 605 .
2832 546 2922 602 καὶ
2980 546 3320 622 πραγμάτων
3388 545 3744 621 πολυπειρία,
3791 550 3888 617 τὴν

2239 640 2464 711 πρώτην
2515 640 2657 714 παρὰ
2700 637 2967 699 τελώναις
3011 636 3158 706 τάξιν
3214 635 3428 711 ἐπέχων
3463 655 3474 668 ·
3522 635 3641 691 ἐπεὶ
3693 634 3749 691 δὲ
3796 640 3888 702 τὰς

2242 727 2328 783 ἐπὶ
2379 729 2622 804 σωτηρίᾳ
2658 733 2757 784 τοῦ
2817 728 3029 800 κόσμου
3080 720 3361 798 διατριϐὰς
3407 724 3544 780 κατὰ
3593 732 3696 803 γῆν
3744 729 3886 803 εἶχεν

2243 818 2270 870 6
2329 817 2532 891 Κύριος
2618 819 2802 893 (ὁρᾶτε
2876 816 2938 871 τὸ
3001 822 3101 884 τῆς
3162 810 3479 887 μεταϐολῆς
3545 820 3642 870 τοῦ
3698 815 3885 891 ἀνδρὸς

2241 901 2438 980 ἀθρόον
2470 908 2545 970 ὡς
2576 907 2842 985 ὑπερφυὲς
2866 906 2956 960 καὶ
2997 900 3345 978 παράδοξον).
3383 904 3444 962 Ὁ
3478 905 3575 978 μὲν
3615 906 3718 982 γὰρ
3762 928 3889 982 παρ·

2242 996 2384 1068 άγων
2448 999 2527 1067 τῷ
2599 998 2749 1069 βάθει
2819 1002 2919 1065 τῆς
2992 997 3091 1048 τοῦ
3165 990 3360 1067 ἀνδρὸς
3423 991 3650 1068 καρδίας
3722 994 3885 1053 ἐνεῖδε

2242 1085 2388 1158 παρὰ
2450 1085 2515 1139 τὸ
2580 1082 2839 1139 τελώνιον
2911 1082 3356 1158 προκαθημένου,
3412 1082 3502 1137 καὶ
3569 1085 3661 1139 τὸν
3748 1085 3887 1141 ὑπο·

2243 1176 2550 1245 καθήμενον
2608 1181 2707 1243 τῆς
2766 1175 2964 1248 ἀρετῆς
3020 1173 3170 1244 αὐτῷ
3240 1172 3408 1242 ζῆλον
3480 1175 3570 1227 οἷα
3646 1175 3889 1248 γνώστης

2241 1261 2484 1339 κρυφίων
2540 1260 2631 1317 καὶ
2688 1259 2924 1337 καρδιῶν
2986 1260 3269 1332 ἐξεταστὴς
3339 1258 3580 1336 ἀκριϐῶς
3639 1260 3888 1339 ἐγνωκὼς

2241 1351 2334 1404 καὶ
2383 1353 2500 1412 οἷος
2549 1348 2610 1404 ἂν
2668 1349 2719 1421 ἐξ
2776 1351 2895 1406 οἷόυ
2967 1352 3179 1426 γένοιτο
3228 1348 3519 1425 προειδὼς,
3577 1352 3737 1407 καλεῖ
3798 1357 3888 1427 μὶν

2245 1439 2402 1493 αὐτὸν
2435 1438 2751 1494 ἀκολουθεῖν
2785 1438 3203 1513 ἐντελλόμενος.
3253 1462 3278 1495 α
3327 1440 3587 1515 Παράγων
3628 1442 3753 1515 γὰρ,
3787 1465 3887 1519 φη-

2246 1528 2351 1595 σὶν,
2393 1529 2419 1581 6
2445 1530 2656 1597 Ἰησοῦς
2692 1527 2826 1584 εἶδεν
2860 1531 2989 1583 Λευί
3018 1530 3108 1584 τὸν
3148 1531 3422 1591 Ματθαῖον
3483 1528 3570 1584 ἐπὶ
3620 1530 3683 1585 τὸ
3722 1532 3893 1587 τελώ-

2242 1637 2356 1670 νιον
2404 1619 2732 1689 καθήμενον,
2767 1620 2853 1673 καὶ
2908 1618 3052 1694 λέγει
3094 1619 3244 1690 αὐτῷ
3277 1634 3291 1649 ⁸
3345 1617 3661 1676 Ἀκολούθει
3707 1642 3821 1693 μοι.
3865 1645 3892 1674 n

2242 1706 2304 1762 Ὀ
2392 1703 2446 1759 δὲ
2515 1706 2576 1761 οὐ
2645 1707 2954 1781 χρημάτων
3033 1705 3273 1778 πληθὺν,
3334 1707 3396 1761 οὐ
3483 1707 3890 1782 περιστηκότων

2249 1791 2449 1867 ὄχλον,
2484 1794 2544 1849 οὐ
2592 1798 2689 1865 τὴν
2751 1796 2932 1870 χαμαὶ
2986 1796 3290 1869 συρομένην
3347 1793 3502 1865 δόξαν
3552 1797 3750 1867 ταύτην
3803 1797 3892 1851 καὶ

2249 1882 2496 1956 ῥέουσαν,
2540 1882 2645 1958 οὐχ
2685 1879 2784 1938 ὅσα
2830 1891 2938 1939 τῶν
2984 1883 3118 1958 τῇδε
3162 1881 3625 1939 καταδουλοῦσθαι
3682 1906 3739 1940 τε
3792 1887 3888 1954 τὴν

2246 1976 2372 2027 νοῦν
2422 1973 2512 2025 καὶ
2563 1971 2963 2049 σφετερίζεσθαι
3020 1972 3224 2050 πέφυκε
3287 1974 3349 2028 τὸ
3408 1975 3660 2049 παράπαν
3738 1973 3887 2030 οὐδὲν

2252 2060 2745 2134 ὑπολογισάμενος,
2798 2061 2872 2122 ὡς
2922 2061 3067 2136 εἶχεν
3092 2062 3245 2127 εὐθὺς
3303 2062 3555 2133 ἀναστὰς,
3608 2061 3730 2119 οὔτε
3791 2086 3893 2138 μα-

2250 2154 2394 2223 κρῶν
2439 2147 2634 2220 ἐδεήθη
2678 2150 2886 2226 λόγων,
2911 2152 3036 2207 οὔτε
3075 2153 3276 2227 χρόνου
3329 2158 3554 2227 συχνοῦ.
3589 2154 3745 2209 Ἀλλ’
3776 2153 3897 2210 οὐδὲ

2253 2239 2540 2311 θαυμάτων
2620 2240 2740 2302 θέας
2800 2238 2923 2296 οὐδὲ
2977 2239 3307 2316 τελεωτέρας
3364 2250 3463 2312 τῆς
3526 2241 3752 2316 ὁμιλίας
3806 2246 3892 2299 καὶ

2251 2328 2530 2398 πλείονος,
2564 2327 2709 2385 ἀλλά
2743 2331 2903 2403 μόνον
2935 2331 3008 2392 ὠς
3046 2339 3147 2401 τῆς
3186 2332 3430 2395 εὐκταίας
3485 2333 3692 2406 ἐκείνης
3752 2334 3897 2406 αὐτῷ

2254 2424 2441 2494 φωνῆς
2478 2420 2566 2474 καὶ
2598 2418 2781 2488 ἡδείας
2821 2422 3073 2491 ἤκουσεν,
3106 2445 3134 2477 α
3165 2422 3486 2487 Ἀκολούθει
3527 2446 3643 2497 μοι,
3677 2448 3706 2475 »
3737 2445 3897 2480 κατα-

2255 2506 2431 2561 λείπει
2495 2509 2590 2581 μὲν
2646 2509 2708 2564 τὸ
2754 2508 3011 2566 τελώνιον
3064 2512 3275 2579 αὐτίκα,
3310 2512 3618 2569 καταλείπει
3660 2511 3717 2568 δέ
3774 2512 3899 2575 τοὺς

2256 2598 2702 2673 συμπράκτορας,
2754 2598 3171 2676 συγκαταλεῖπει
3231 2599 3287 2655 δὲ
3329 2602 3419 2657 καὶ
3481 2604 3578 2672 τήν
3626 2604 3747 2677 περί
3802 2604 3900 2658 αὐ-

2254 2687 2344 2740 τὸν
2429 2693 2599 2742 πᾶσαν
2677 2687 3022 2766 φιλοτιμίαν,
3072 2691 3163 2745 καὶ
3240 2691 3469 2767 ἀργύρου
3535 2693 3727 2753 παντὸς
3804 2692 3897 2747 καὶ

2258 2781 2472 2850 χρυσοῦ
2496 2778 2587 2835 τὸν
2617 2778 2925 2853 πολύτιμον
2968 2780 3187 2836 ὠνεῖται
3223 2781 3574 2857 μαργαρίτην.

495 2870 613 2920 tem
663 2865 895 2936 abjecit,
946 2882 1012 2922 ac
1060 2868 1179 2921 toto
1226 2863 1325 2920 illo
1376 2867 1614 2935 argento
1662 2870 1716 2919 et
1765 2880 1926 2934 auro,
1968 2865 2124 2936 quod
2181 2868 2348 2922 antea
2406 2870 2758 2941 possidebat,
2795 2868 3103 2943 pretiosam
3165 2874 3530 2943 margaritam
3598 2878 3887 2928 mercatus

497 2958 607 3009 est.

569 3043 666 3097 IlI.
712 3044 797 3098 Ita
844 3042 943 3114 qui
995 3042 1125 3098 Levi
1157 3043 1347 3105 Fantea
1400 3041 1719 3109 dicebatur,
1770 3024 1903 3097 cum
1952 3057 2137 3099 mores

2327 3049 2394 3103 I".
2429 3045 2588 3102 Οῧτώ
2621 3047 2778 3109 Λευίς
2804 3048 2897 3104 τὸν
2917 3051 3137 3124 ξτρόπον
3189 3048 3503 3124 θαυμασίως
3538 3043 3856 3120 μεταϐαλὼν
3880 3068 3895 3084 ο

499 3131 779 3203 pristinos
837 3130 1254 3187 admirabiliter
1328 3131 1694 3199 mutavisset,
1754 3131 2139 3203 appellatione

500 3236 728 3292 quoque
758 3221 1056 3291 superiore
1086 3224 1328 3285 mutata,
1364 3220 1672 3275 Matthaeus
1704 3222 1893 3276 dictus
1922 3226 2009 3277 est
2038 3222 2139 3291 (3),

502 3309 600 3380 qui
631 3309 905 3379 deinceps
936 3326 1069 3364 cum
1103 3309 1230 3380 ipso
1253 3309 1389 3365 Jesu
1416 3310 1770 3377 versabatur,
1793 3309 1874 3364 ita
1897 3314 1980 3373 ut,
2004 3325 2138 3364 cum

499 3403 698 3470 postea
726 3398 990 3454 Christus
1022 3400 1145 3469 ipse
1176 3398 1234 3452 in
1261 3400 1387 3468 ejus
1419 3398 1587 3453 domo
1618 3399 1999 3462 recumberet,
2024 3415 2140 3453 una

501 3503 634 3542 cum
666 3487 765 3543 illo
793 3493 849 3542 et
883 3488 1192 3542 Matthaeus
1245 3486 1624 3543 discubuerit.
1658 3489 1778 3553 Qua
1820 3487 1889 3542 de
1921 3503 1978 3542 re
2008 3503 2140 3543 cum

502 3575 776 3631 Pharisaei
826 3576 1180 3643 dubitarent,
1213 3582 1266 3630 et
1297 3576 1368 3630 ab
1418 3576 1544 3645 ejus
1590 3575 1895 3647 discipulis
1924 3592 2142 3647 quaere-

508 3668 657 3729 rent,
718 3680 959 3719 curnam
1020 3680 1216 3718 eorum
1276 3664 1554 3733 Magister
1609 3680 1740 3719 cum
1816 3665 2142 3734 publicanis

501 3750 697 3805 cibum
732 3753 988 3805 sumeret
1012 3765 1025 3806 :
1049 3750 1167 3815 ille,
1193 3750 1283 3805 his
1315 3750 1551 3819 auditis,
1586 3752 1917 3820 respondit:
1959 3775 1984 3805 α
2014 3753 2139 3809 Non

501 3855 649 3909 opus
706 3838 923 3895 habent
978 3838 1220 3905 medico,
1268 3837 1365 3907 qui
1419 3838 1562 3893 bene
1618 3838 1827 3905 valent,
1880 3842 1981 3895 sed
2040 3841 2139 3912 qui

501 3926 653 3982 male
682 3943 744 3982 se
785 3926 1021 3981 habent.
1060 3947 1085 3979 ι»
1139 3926 1279 3981 Item
1332 3924 1472 3980 illud
1510 3942 1522 3979 :
1567 3948 1596 3977 «
1648 3926 1863 3981 Euntes
1912 3926 2137 3995 discite,

501 4016 640 4085 quid
676 4016 771 4084 sit,
804 4015 1257 4071 Misericordiam
1288 4015 1435 4079 volo,
1472 4019 1527 4070 et
1558 4031 1670 4070 non
1703 4014 2075 4069 sacrificium.
2111 4036 2138 4064 »

502 4107 625 4171 Qua
656 4122 715 4161 re
762 4104 1094 4175 declaravit,
1128 4122 1190 4160 se
1240 4105 1488 4173 venisse,
1525 4121 1639 4161 non
1691 4109 1753 4159 ut
1795 4105 1982 4175 justos
2015 4121 2141 4161 om-

501 4195 661 4259 nino,
695 4195 796 4249 sed
844 4201 902 4249 ut
951 4201 1275 4265 peccatores
1302 4192 1375 4248 ad
1408 4194 1809 4266 paenitentiam
1854 4193 2137 4249 invitaret.

497 4281 576 4336 Ex
608 4281 706 4337 illo
734 4286 993 4354 tempore
1024 4282 1329 4338 Mattbseus
1361 4283 1438 4337 ita
1469 4284 1754 4338 mundum
1808 4282 2138 4354 dereliquit,

499 4373 564 4423 ut
606 4377 660 4424 et
708 4370 819 4441 ipsi
870 4371 1109 4430 mundo.
1144 4374 1200 4425 et
1243 4372 1517 4426 omnibus
1567 4371 1874 4425 mundanis
1920 4371 2141 4440 cupidi-

498 4457 737 4523 tatibus,
789 4473 958 4512 cruce
1015 4462 1311 4526 suscepta,
1370 4459 1806 4521 renuntiaverit,
1867 4457 1973 4511 soli
2024 4459 2138 4515 Deo

499 4545 719 4612 vivens,
744 4549 799 4599 et
820 4545 947 4614 ejus
978 4544 1220 4616 vestigia
1245 4561 1511 4615 sequens,
1536 4546 1915 4616 omniumque
1939 4546 2135 4617 signo-

500 4649 629 4689 rum
661 4648 726 4688 ac
757 4631 1171 4687 miraculorum
1203 4632 1395 4703 ipsius
1444 4637 1731 4703 spectator
1762 4638 1817 4689 et
1850 4634 2140 4706 particeps

500 4724 728 4779 factus:
764 4722 978 4792 quippe
1024 4722 1123 4793 qui
1163 4737 1263 4793 per
1310 4726 1495 4777 totum
1549 4721 2003 4793 dispensationis
2052 4724 2138 4778 di-

497 4812 643 4866 vinas
703 4817 930 4880 tempus
978 4825 1092 4865 una
1141 4825 1271 4865 cum
1329 4811 1466 4865 Jesu
1522 4815 1785 4867 versatus
1836 4811 1961 4879 fuit,
2008 4829 2139 4869 cum

498 4899 746 4954 summis
769 4898 897 4969 ejus
920 4897 1220 4970 discipulis
1255 4904 1731 4968 connumeratus,
1753 4904 1811 4955 et
1832 4917 1964 4956 cum
1995 4906 2138 4956 tem-

498 4988 654 5057 poris
721 5002 1029 5059 progressu
1097 4988 1317 5042 faciens
1366 4986 1594 5042 virtutis
1653 4989 2135 5058 progressionem.

498 5074 640 5129 Cum
688 5091 820 5131 vero
868 5079 1105 5145 tempus
1152 5073 1298 5129 illud
1347 5074 1599 5131 salutare
1651 5076 1988 5142 advenisset,
2023 5093 2137 5148 quo

571 5262 645 5335 (2)
678 5262 753 5316 De
788 5262 895 5317 hoc
930 5262 1077 5318 inter
1108 5262 1453 5334 publicanos
1504 5264 1833 5335 principatu
1885 5264 2138 5321 dubitari

502 5332 712 5405 merito
742 5338 947 5401 potest,
977 5332 1204 5390 etiamsi
1237 5336 1430 5391 solum
1464 5332 1789 5405 credamus,
1823 5336 2052 5403 ingenio
2082 5342 2139 5392 et

501 5402 840 5482 dexteritate
879 5406 1199 5482 principem
1256 5408 1460 5476 asseri,
1497 5413 1558 5462 ut
1591 5402 1932 5463 locus'clare
1963 5424 2135 5478 expo-

500 5474 661 5527 nitur
690 5474 842 5543 apud
880 5475 1285 5542 Lipomanum.

569 5544 639 5611 (3)
669 5544 1035 5599 Existimavit
1074 5552 1297 5614 auctor,
1340 5564 1454 5604 non
1504 5549 1685 5605 fuisse
1735 5549 1958 5604 dictum
1990 5549 2137 5605 Mat-

496 5612 708 5671 tbmum
736 5620 899 5696 _ant_e
946 5612 1335 5696 .v‘ocatiqnem,
1383 5620 1480 5696 sed
1532 5620 1680 5678 Levi.
1730 5621 1964 5696 Certum
2022 5624 2134 5690 est,

493 5698 703 5747 nomen
736 5684 865 5743 Levi
910 5683 1106 5741 eidem
1156 5683 1337 5747 fuisse
1374 5690 1547 5746 etiam
1578 5699 1707 5748 ante
1732 5683 2127 5761 vocationem:

2252 3133 2325 3196 εἷς
2387 3136 2662 3191 Ματθαῖον
2714 3140 2805 3191 καί
2857 3140 2956 3207 τὴν
3008 3141 3378 3213 προσηγορίαν
3423 3137 3725 3208 ἠλλάξατο,
3759 3137 3897 3193 ὥστε

2249 3222 2338 3274 καὶ
2378 3222 2712 3295 ἀνακειμένῳ
2746 3228 2879 3296 μετὰ
2926 3230 3091 3280 ταῦτα
3131 3225 3190 3279 ἐκ
3226 3229 3294 3298 τῇ
3348 3228 3495 3296 οἰκίᾳ
3552 3231 3635 3298 τῷ
3692 3230 3894 3297 Ἰησοῦ,

2250 3313 2655 3365 συνανακεῖσθαι
2715 3311 2863 3384 αὐτῷ
2921 3313 3007 3366 καὶ
3062 3320 3361 3385 Ματθαῖον,
3406 3315 3485 3393 ἐφ’
3520 3317 3565 3388 ᾧ
3621 3314 3895 3392 διαπορεῖο

2250 3407 2370 3460 σθαι
2409 3399 2535 3459 τοὺς
2587 3401 2939 3475 Φαρισαίους,
2972 3403 3061 3455 καὶ
3116 3400 3579 3467 ἀναπυνθανεσθαι
3627 3410 3736 3459 τῶν
3795 3426 3894 3477 μα-

2251 3490 2429 3555 θητῶν
2467 3508 2479 3520 ’
2515 3490 2580 3543 Τι
2640 3484 2777 3556 δῆτα
2820 3490 2955 3561 μετὰ
3010 3489 3260 3545 τελωνῶν
3305 3492 3332 3545 ὁ
3366 3489 3690 3555 διδάσκαλος
3744 3495 3893 3567 ὑμῶν

2250 3574 2443 3638 ἐσθίεις
2473 3578 2563 3631 τὸν
2596 3575 2652 3631 δὲ
2682 3577 2980 3634 ἀκούσαντα
3011 3602 3191 3657 φαναι,
3225 3604 3253 3632 ‹‹
3304 3580 3380 3638 Οὐ
3428 3582 3615 3658 χρείαν
3676 3577 3893 3658 ἔχουσιν

2252 3666 2302 3719 οἱ
2361 3664 2643 3741 ἴσχυοντες
2685 3673 2903 3742 ῖατροῦ,
2935 3668 3062 3724 ἀλλ’
3093 3671 3143 3723 ὸὶ
3196 3676 3375 3733 κακῶς
3424 3667 3662 3746 ἔχοντες.
3700 3697 3720 3723 ι
3769 3674 3895 3748 Καὶ,

2251 3778 2279 3806 ‹‹
2318 3756 2663 3827 Πορευθέντες
2700 3759 2893 3830 μάθετε
2922 3758 2971 3813 τί
3007 3758 3170 3813 ἐστιν’
3199 3759 3391 3815 ”Ελεον
3415 3760 3557 3824 θέλω
3586 3760 3677 3813 καὶ
3709 3760 3769 3815 ου
3802 3764 3894 3816 θυ-

2250 3842 2386 3899 σίαν.
2423 3867 2450 3895 ››
2481 3847 2549 3900 Τί
2578 3851 2739 3901 τοῦτο
2773 3845 2983 3917 δηλῶν,
3017 3849 3091 3911 ὡς
3124 3848 3183 3903 οὐ
3217 3847 3458 3912 δικαίους
3498 3851 3633 3920 ἦλθε
3665 3852 3895 3908 καλέσαι

2250 3931 2485 3998 πάντως,
2520 3933 2664 3988 ἀλλὰ
2709 3936 3074 4009 ἁμαρτωλοὺς
3124 3938 3200 4001 εἷς
3263 3941 3568 4011 μετάνοιαν.
3619 3943 3892 4007 Ἐντεῦθεν

2252 4026 2571 4096 σταυροῦται
2617 4023 2710 4095 μὶν
2756 4025 2783 4078 6
2833 4027 3107 4089 Ματθαῖος
3156 4031 3235 4099 τῷ
3275 4028 3466 4102 κόσμῳ
3510 4030 3695 4101 παντὶ,
3731 4053 3893 4086 σταυ-

2253 4113 2437 4184 ροῦται
2484 4107 2540 4165 δὲ
2578 4117 2698 4173 ταῖς
2746 4120 3038 4186 κοσμικαῖς
3089 4114 3320 4177 ἀπάσαις
3360 4116 3695 4191 ἐπιθυμίαις,
3740 4120 3891 4193 μόνῳ

2248 4219 2304 4252 τε
2335 4203 2414 4270 τῷ
2444 4204 2558 4271 Θεῷ
2605 4205 2732 4271 ζῶν,
2765 4201 2854 4255 καὶ
2911 4203 3087 4276 τούτῳ
3124 4206 3239 4258 κατ’
3274 4204 3429 4283 ἴχνος
3483 4204 3767 4279 ἔπὸμενος,
3800 4231 3893 4263 και

2248 4286 2458 4343 πάντων
2519 4289 2684 4345 αὐτοῦ
2740 4294 2847 4345 τῶν
2900 4292 3141 4366 σημείων
3173 4315 3228 4348 τε
3257 4295 3345 4349 καὶ
3378 4296 3663 4369 θαυμάτων
3725 4299 3892 4353 αὐτό-

2250 4398 2391 4447 πτης
2438 4380 2524 4433 καί
2572 4380 2829 4442 κοινωνὸς
2883 4377 3095 4451 ὢν,ἀτε
3141 4384 3265 4457 παρ’
3314 4383 3441 4438 ὅλον
3483 4385 3573 4439 τὸν
3613 4393 3711 4455 τῆς
3741 4386 3890 4441 οἱκο-

2249 4468 2441 4540 νομίας
2497 4469 2696 4542 χρόνον
2756 4471 2906 4540 αὐτῷ
2952 4471 3354 4547 συγγινόμενος,
3390 4478 3506 4535 τοῖς
3564 4480 3670 4529 τῶν
3711 4478 3888 4547 μαθη-

2246 4560 2353 4609 τῶν
2408 4577 2466 4609 τε
2504 4558 2823 4630 κορυφαίοις
2865 4559 3383 4633 συναριθμούμενος,
3433 4562 3525 4617 καὶ
3570 4567 3648 4635 τῷ
3700 4564 3889 4638 χρόνῳ

2247 4651 2651 4719 συμπροῖοῦσαν
2698 4642 2840 4723 ἔχων
2901 4650 2998 4716 τὴν
3054 4649 3270 4725 ἀρετήν.
3299 4652 3446 4707 Ἐπεὶ
3506 4650 3561 4707 δὲ
3605 4652 3694 4707 καί
3737 4655 3887 4708 ὁτοῦ

2247 4732 2518 4809 σωτηρίου
2564 4735 2768 4797 πάθους
2811 4735 3114 4813 ἐφειστήκει
3154 4740 3363 4813 καιρὸς,
3402 4741 3491 4796 καὶ
3547 4746 3689 4817 ταφῇ
3750 4742 3887 4814 μετᾶ

2242 4822 2334 4877 τὸν
2368 4823 2593 4898 σταυρὸν
2621 4824 2682 4877 τὸ
2712 4829 2808 4878 τοῦ
2859 4826 3061 4900 Κυρίου
3111 4826 3384 4900 παρεδόθη
3435 4835 3616 4903 σῶμα,
3649 4831 3737 4886 καὶ
3793 4834 3886 4885 νῦν

2249 4911 2341 4983 μὲν
2389 4916 2506 4975 τοῖς
2566 4918 2835 4983 μαθηταῖς
2889 4917 3026 4987 μετά
3061 4918 3160 4986 την
3208 4917 3493 4974 ἀνάστασιν
3532 4918 3886 4997 ἐπιφαίνεται,

2243 5004 2333 5053 νῦν
2364 4996 2420 5053 δὲ
2451 5000 2671 5063 ἀθέατος
2702 5002 2766 5071 ἦν
2819 5003 3001 5067 αὐτοῖς
3062 5006 3127 5059 τὰ
3186 5006 3392 5078 πολλὰ,
3423 5007 3580 5071 τέλος
3638 4996 3714 5071 είς
3784 5009 3885 5063 οὖν

2246 5088 2431 5163 ρανοῦς
2493 5089 2768 5168 ἀνελήφθη
2828 5094 2919 5149 καὶ
2975 5094 3064 5148 τὸν
3140 5094 3499 5170 Παράκλητον
3565 5097 3761 5162 ἐκεῖθεν
3826 5098 3885 5153 ἐν

2244 5281 2301 5334 at
2333 5294 2539 5335 nomen
2580 5280 2836 5357 Matth‘eei
2886 5290 3081 5354 postea
3127 5287 3348 5357 tantum
3379 5286 3447 5340 ab
3481 5284 3607 5357 ipso
3640 5302 3891 5357 usurpa-

2243 5356 2390 5417 tum,
2432 5367 2551 5428 non
2612 5353 3084 5428 existimo,icum
3136 5353 3442 5428 Matthceus
3492 5353 3614 5428 ipse
3661 5353 3884 5428 capf9,

2242 5437 2385 5495 vers.
2427 5422 2864 5495 9Acontrarium
2920 5427 3145 5495 innuat,
3205 5427 3299 5482 ubi
3360 5422 3573 5484 dicit':
3626 5450 3654 5477 «
3716 5422 3886 5486 Vidit

2242 5491 2451 5567 (Jesus)
2486 5493 2776 5550 hominem
2825 5491 3218 5552 sedentem'in
3261 5497 3506 5567 teloneo,
3538 5498 3884 5557 Mattbasum

2243 5562 2496 5691 nucemine.
2538 5586 2567 5615 »
2602 5567 2801 5638 Itaque
2824 5568 2943 5639 jam
2976 5573 3098 5624 tum
3147 5568 3396 5625 habebat
3438 5562 3738 5643 geminum
3771 5588 3886 5628 no-
