4124 6270
345 298 468 359 817
1679 307 1866 371 VI'I‘A
1911 310 1973 372 S.

2117 312 2430 374 LTTHIEI.
3627 325 3745 388 818

342 454 474 512 εἴδει
531 455 770 529 πυρίνων
824 455 1089 534 γλωσσῶν
1170 465 1286 524 τοῖς
1343 460 1671 528 ἀποστόλοις
1727 467 1968 543 ἐκπέμπε

2114 471 2276 528 Iesus
2315 489 2547 530 crucem
2608 489 2815 548 passus
2869 479 2974 546 est,
3007 481 3063 533 et
3088 476 3322 536 Domini
3355 497 3568 554 corpus
3608 489 3742 556 post

341 544 492 606 ὅπως
550 548 617 618 τῇ
671 544 866 600 τούτου
925 545 1206 621 ἐμπνεύσει
1246 551 1347 620 τήν
1403 552 1564 627 χάριν
1619 560 1734 617 τοῖς
1786 553 1969 621 ἔθνεσι·

2113 575 2330 618 :rucem
2387 564 2575 634 ipsam
2609 544 2968 634 sepultura
3008 566 3288 623 traditum
3350 544 3478 637 fuit,
3531 544 3741 630 et.ille

339 634 764 712 ἀπαγγείλωσιν,
800 634 971 698 ἄλλος
1002 657 1062 692 τε
1089 642 1198 692 τῶν
1233 641 1492 711 μαθητῶν
1541 642 1801 720 ἀλλαχοῦ
1860 644 1967 700 ἐποι

2107 655 2230 721 post
2260 653 2744 708 resurrectionem
2791 654 3107 724 aliquando
3148 634 3598 726 discipulis—suis
3630 677 3735 732 ap-

340 723 527 799 ρεύθη,
585 723 672 780 ἓπὶ
723 729 825 780 πᾶν
879 727 977 794 τῆς
1029 725 1356 801 οἰκουμένης
1413 725 1566 796 ἔθνος
1632 733 1706 796 ὡς
1764 730 1968 791 ἕκαστος

2103 740 2408 809 paruisset,
2458 743 2672 812 saepius
2719 759 2850 798 vero
2889 723 3133 798 illorum
3181 723 3380 802 oculos
3442 723 3731 819 latuisset,

340 814 428 869 ὑπ’
458 813 664 869 ἐκείνου
699 812 893 888 λάχοι.
1421 869 1425 872 .

2105 834 2387 897 postremo
2436 829 2496 884 in
2545 831 2754 886 caelum
2804 837 3144 902 assumptus
3193 837 3304 899 est,
3347 842 3402 889 et
3451 812 3733 906 Spiritum

337 906 693 997 paracleturn
746 907 907 963 illinc
953 907 1062 966 sub
1111 909 1282 980 ignea
1337 909 1667 984 linguarum
1722 917 1915 988 specie
1946 919 2017 972 ad
2051 921 2348 987 apostolos
2406 937 2545 976 suos
2604 921 2788 990 misit,
2821 927 2884 976 ut
2924 938 3026 992 per
3076 924 3204 992 ejus
3252 924 3439 996 ipsius
3486 926 3734 997 Spiritus

334 995 596 1053 aﬂlatum
655 997 928 1069 gentibus
985 1000 1232 1072 gratiam
1291 1002 1606 1069 nuntiaret,
1639 1009 1780 1062 tunc
1835 1007 2137 1078 Discipuli,
2169 1009 2281 1064 alio
2333 1010 2453 1077 alii,
2505 1011 2748 1083 profecti
2805 1016 2945 1068 sunt
2986 1013 3058 1068 ad
3107 995 3289 1070 totius
3337 1015 3496 1071 orbis
3529 995 3731 1074 terra-

332 1104 464 1144 rum
496 1093 701 1160 gentes
730 1089 831 1160 (4),
863 1093 1038 1161 prout
1068 1091 1468 1163 unusquisque
1494 1095 1565 1150 ab
1595 1095 1694 1150 illo
1726 1097 1849 1166 ipso
1878 1098 2094 1166 Spiritu
2127 1099 2464 1158 ducebatur.

402 1181 472 1233 A'.
503 1175 651 1231 Ἐπεὶ
705 1174 800 1230 οὖν
861 1177 1009 1232 οὕτω
1064 1183 1253 1249 ταῦτα,
1311 1179 1401 1234 καὶ
1460 1183 1510 1235 οἱ
1571 1183 1808 1254 μαθηταὶ
1880 1185 1977 1246 τὰς

2158 1189 2248 1242 IV.
2283 1190 2423 1244 Cum
2456 1190 2633 1260 igitur
2671 1190 2791 1246 haec
2821 1191 2903 1248 ita
2934 1208 2994 1248 se
3028 1192 3332 1260 haberent,
3363 1197 3420 1250 et
3452 1196 3725 1265 discipuli

334 1266 522 1340 χώρας
553 1260 831 1334 διέλαϐον,
863 1267 984 1321 τότε
1028 1267 1117 1322 καὶ
1175 1269 1203 1322 ὁ
1261 1269 1567 1343 θαυμαστὸς
1599 1271 1756 1334 οὗτος
1822 1274 1962 1329 Ματ-

2100 1276 2348 1346 regiones
2377 1276 2520 1332 alias
2543 1277 2639 1333 alii
2663 1280 2914 1350 aggressi
2945 1280 3214 1348 fuissent,
3240 1284 3378 1336 tunc
3409 1260 3728 1340 admirabi-

329 1359 484 1417 θαῖος
541 1353 628 1408 καὶ
691 1355 862 1431 μὲγας
920 1354 1227 1418 ἀπόστολος
1286 1359 1387 1412 οὐκ
1443 1356 1604 1421 αὒτὸς
1665 1361 1828 1434 μόνος
1877 1365 1957 1416 τοῖ

2095 1364 2155 1420 iis
2184 1369 2240 1420 et
2271 1379 2522 1436 magnus
2551 1366 2844 1435 apostolus
2876 1366 3203 1434 Matthaaus,
3225 1373 3519 1426 tantarum
3541 1372 3723 1428 bona-

327 1443 527 1515 ἄγαθοῦ
573 1444 885 1521 μετασχὼν,
920 1445 1122 1518 ἑτέροις
1178 1445 1524 1520 ἀπεκρύψατο
1577 1450 1674 1516 τήν
1729 1448 1955 1521 μετάλη-

2092 1470 2212 1510 rum
2248 1471 2442 1510 rerum
2494 1455 2656 1511 solus
2708 1455 2996 1527 particeps
3041 1473 3170 1512 esse
3220 1457 3423 1522 noluit,
3457 1461 3558 1516 sed
3591 1461 3720 1517 aliis

325 1535 436 1605 ψιν,
469 1529 614 1586 ἀλλὰ
648 1532 734 1586 καὶ
766 1537 881 1596 τοῖς
910 1531 1106 1596 ἄλλοις
1146 1539 1419 1590 κοινοῦται
1479 1540 1540 1592 τὸ
1596 1537 1814 1611 ἀγαθόν.
1865 1540 1953 1593 Κα

2089 1541 2249 1597 etiam
2285 1543 2632 1599 beueﬁcium
2665 1544 3002 1608 impertivit.
3038 1545 3237 1616 Itaque
3276 1563 3408 1602 cum
3441 1565 3504 1604 se
3534 1553 3717 1606 totum

324 1619 458 1676 ὅλον
520 1621 706 1676 ἑαυτὸν
767 1624 884 1676 οἷον
947 1625 1252 1700 συναγαγών
1309 1645 1368 1679 τε
1425 1626 1514 1680 καὶ
1591 1629 1952 1702 συγκροτήσας

2088 1629 2426 1703 aollegisset.
2457 1632 2828 1704 Evangelium
2852 1649 3050 1703 suum,
3083 1639 3140 1690 et
3169 1635 3468 1705 religionis
3499 1653 3565 1693 ac
3598 1639 3716 1708 pie-

329 1707 680 1788 διαχαράττει
705 1713 772 1797 τὸ
828 1713 943 1767 κατ’
972 1712 1130 1767 αὑτὸν
1169 1712 1494 1789 Εὐαγγέλιω
1549 1717 1637 1770 καὶ
1691 1715 1957 1793 λογαγρα-

2088 1720 2211 1775 μαιίε
2241 1720 2588 1789 doctrinam,
2611 1721 2940 1777 litterarum
2973 1724 3372 1780 monumentis
3402 1707 3716 1797 consigna-

321 1805 412 1878 φεῖ
438 1802 537 1868 τήν
571 1794 860 1869 εὐσέϐειαν,
887 1799 959 1855 ’ἶν’
991 1803 1124 1876 ἅπερ
1159 1803 1210 1857 οἱ
1257 1800 1420 1858 ἄλλοι
1453 1802 1540 1858 διά
1571 1805 1826 1878 γλώττης
1858 1803 1949 1860 ἐδί-

2083 1809 2169 1878 vit,
2203 1813 2268 1864 ut
2296 1809 2588 1876 videlicet,
2611 1825 2740 1880 quae
2770 1809 2868 1865 alii
2899 1827 2997 1866 ore
3027 1827 3093 1866 ac
3123 1810 3326 1882 lingua
3356 1794 3711 1882 docuissent,

322 1886 532 1959 δασκον,
600 1893 768 1945 ταῦτα
825 1891 982 1953 οὗτος
1037 1889 1380 1966 ἐγγράμμασι
1439 1891 1686 1968 παραδῷ.
1731 1896 1950 1951 Ἀνωθει

2085 1913 2138 1953 3a
2167 1897 2294 1968 ipse
2313 1898 2547 1969 scriptis
2579 1899 2904 1954 mandaret.
2935 1898 3128 1955 Altius
3160 1899 3334 1971 igitur
3363 1901 3497 1956 inde
3529 1918 3713 1973 usque

319 1976 379 2033 δὲ
433 1979 522 2032 καὶ
578 1977 685 2034 ἀπὸ
742 1974 994 2054 ’Λϐρααμ
1061 1987 1160 2050 τῆς
1228 1981 1583 2058 γενεαλογίαις
1641 1983 1940 2057 ἀρξαμενυς

2083 1987 2142 2042 ιι)
2173 1987 2300 2057 ipso
2338 1987 2632 2043 Abraham
2664 1986 2878 2043 Christi
2921 1987 3206 2058 originem
3248 2005 3511 2054 exorsus,
3542 1999 3711 2062 atque

314 2066 405 2121 καὶ
463 2066 607 2122 οὕτω
661 2070 887 2138 καθεξῆς
946 2069 1176 2144 προϊὼν,
1235 2075 1427 2145 πρῶτα
1486 2072 1582 2144 μὲν
1662 2075 1761 2142 τήν
1828 2076 1942 2129 κατι

2080 2076 2148 2131 ita
2179 2075 2452 2148 deinceps
2485 2091 2845 2146 progressus,
2877 2077 3135 2147 primum
3167 2077 3375 2132 Christi
3425 2078 3708 2149 originem

314 2155 484 2230 σάρκα
511 2161 608 2211 τοῦ
638 2159 874 2230 Χριστοῦ
917 2155 1164 2232 γέννησιν
1223 2160 1652 2236 εὐαγγελίζεται,
1683 2165 1784 2233 τήν
1841 2162 1941 2218 ἀνᾶ

2079 2166 2390 2222 secundum
2422 2180 2658 2222 carnem
2693 2165 2858 2222 nobis
2891 2166 3197 2237 nuntiavit,
3237 2167 3447 2223 deinde
3494 2183 3707 2238 quem-

309 2241 492 2314 δειξιν,
527 2245 639 2300 εἶτα
671 2247 770 2315 τὴν
803 2246 1078 2320 βάπτισιν,
1109 2250 1210 2318 τήν
1258 2254 1370 2305 τῶν
1427 2250 1750 2306 ἀποστόλων
1802 2251 1931 2306 ἐκλο

2077 2255 2385 2310 admodum
2418 2254 2745 2323 baptizatus
2779 2254 2906 2320 fuit,
2939 2252 3259 2326 discipulos
3289 2253 3484 2326 elegit,
3517 2260 3705 2312 tenta-

307 2335 436 2408 γῆν,
465 2335 592 2396 τοὺς
650 2337 1010 2410 πειρασμοὺς,
1045 2337 1215 2407 αὐτήν
1272 2359 1331 2392 τε
1373 2339 1566 2393 ἑαυτοῦ
1596 2340 1935 2415 πρόσκλησιν

2080 2343 2254 2399 :iones
2285 2343 2602 2414 superavit,
2627 2347 2684 2398 et
2716 2343 2840 2414 ipse
2870 2360 2903 2398 a
2929 2343 3067 2399 Jesu
3099 2347 3340 2399 vocatus
3371 2347 3478 2410 est,
3511 2359 3708 2417 quem-

305 2421 522 2485 καὶτὰς
553 2422 699 2497 ἱεράς
744 2426 1152 2500 μυσταγωγίας,
1186 2427 1320 2480 ὅσασ
1373 2447 1430 2480 τε
1489 2425 1578 2481 διὰ
1625 2425 1933 2500 παραϐολῶπ

2080 2431 2378 2485 ιᾱωοάυω
2411 2430 2588 2485 etiam
2622 2446 2787 2485 sacra
2817 2430 3145 2485 divinarum
3188 2445 3384 2485 rerum
3433 2431 3708 2503 mysteria

309 2512 338 2566 ὁ
369 2513 611 2587 Χριστὸς
643 2512 734 2567 ααὶ
763 2512 890 2577 ὅσας
941 2512 996 2568 ἐν
1033 2513 1311 2590 παρρησίᾳ
1362 2521 1477 2576 τοῖς
1538 2518 1809 2590 μαθηταῖς
1867 2517 1937 2571 σὺ·

2078 2519 2316 2582 κὶοουὶῑ,
2350 2517 2561 2588 partim
2598 2517 2909 2589 parabolis,
2935 2517 3146 2589 partim
3179 2522 3372 2588 aperto
3400 2518 3706 2589 discipulis

306 2607 425 2665 τοῖς
481 2603 680 2677 ὄχλοις
730 2602 954 2676 ὡμίλει,
985 2605 1090 2675 ςτᾶς
1149 2605 1440 2682 ὑπερφυεῖς
1499 2607 1934 2680 θαυματοποιίας

2078 2610 2116 2662 ιι
2163 2606 2357 2662 turbis
2387 2622 2452 2661 ea
2493 2605 2900 2672 pronuntians.
2932 2606 3175 2676 Scripsit
3221 2606 3376 2661 idem
3427 2607 3706 2664 miracula

305 2691 400 2754 τὰς
429 2695 537 2747 τῶν
567 2692 866 2748 νοσούντων
912 2695 1224 2768 θεραπείας,
1254 2695 1351 2756 τὰς
1403 2699 1511 2750 τῶν
1543 2692 1930 2768 δαιμονῶντων

2074 2711 2238 2766 supra
2268 2694 2543 2750 humanae
2573 2700 2792 2750 naturae
2825 2703 3059 2766 captum
3105 2695 3176 2749 ab
3217 2695 3418 2750 eodem
3447 2694 3583 2751 Jesu
3619 2696 3702 2751 fa-

303 2785 413 2836 τῶν
443 2780 823 2856 ἐνοχλούντων
874 2781 1223 2857 ἀπαλλαγὰς,
1253 2783 1351 2848 τὴν
1407 2788 1516 2836 τῶν
1571 2785 1745 2857 ἄρτων
1793 2785 1931 2841 εὐλόι

2076 2789 2170 2851 sta,
2218 2785 2352 2840 item
2401 2784 2803 2856 egrotantium
2853 2785 3202 2853 curationes,
3253 2799 3478 2851 eorum,
3522 2784 3618 2855 qui
3671 2801 3704 2839 a

305 2889 489 2944 γησιν,
544 2869 636 2923 τὸν
695 2868 748 2922 ἐν
803 2867 1046 2943 θαλάσσῃ
1104 2869 1425 2944 περίπατον,
1479 2870 1570 2923 καὶ
1624 2875 1723 2939 τὴν
1772 2872 1824 2926 ἐν
1877 2877 1933 2944 τῑι

2073 2873 2421 2928 itemonlbus
2472 2874 2845 2940 vexabantur,
2889 2873 3276 2942 liberationes,
3323 2889 3502 2943 panes
3548 2872 3701 2941 illos,

307 2957 424 3030 ὄρει
472 2961 567 3011 τοῦ
598 2952 794 3032 Θαϐὼρ
848 2958 1292 3034 μεταμόρφωσιν.
1327 2963 1557 3014 ’Έπειτα
1595 2959 1682 3012 καὶ
1741 2961 1807 3013 τὰ
1853 2966 1935 3028 τῆ.

2071 2961 2279 3032 quibus
2310 2961 2436 3032 ipse
2466 2959 2774 3028 benedixit,
2797 2967 2854 3016 et
2876 2962 3088 3018 multos
3119 2961 3293 3032 pavit,
3327 2962 3699 3033 qaemadmo-

308 3042 555 3120 δευτιὲραιι
607 3046 776 3100 αὐτοῦ
833 3046 1138 3121 παρουσίας
1177 3040 1415 3117 ἀκριϐῶς
1469 3049 1550 3118 τῷ
1607 3045 1761 3120 λόγῳ
1817 3067 1936 3122 προ·

2074 3048 2205 3102 dum
2264 3064 2365 3119 per
2415 3065 2573 3105 mare
2631 3050 2877 3121 pedibus
2935 3048 3270 3114 ambularit,
3303 3053 3360 3105 et
3401 3050 3459 3104 in
3509 3057 3702 3106 monte

307 3131 782 3212 διαζωγραφήσας,
841 3135 967 3190 τότε
1018 3136 1143 3211 περὶ
1225 3139 1322 3190 τοῦ
1409 3139 1675 3208 μυστικοῦ
1735 3133 1935 3191 δείπνοι

2072 3135 2295 3190 Thabor
2325 3137 2385 3191 in
2416 3136 2590 3191 aliam
2624 3139 2936 3206 quamdam
2973 3137 3216 3192 formam
3241 3152 3303 3192 se
3322 3135 3700 3194 transtulerit.

302 3225 390 3278 καὶ
453 3223 552 3278 ὅσα
607 3225 731 3298 περῖ
788 3226 888 3293 τήν
945 3223 997 3278 ὲν
1043 3223 1192 3296 αὐτῷ
1275 3223 1571 3298 προδοσίαν
1644 3227 1930 3300 συνηνέχθῖ

2075 3223 2282 3280 Deinde
2302 3223 2552 3279 alterum
2570 3225 2699 3294 ejus
2723 3225 3032 3280 adventum
3061 3225 3417 3296 diligentiori
3446 3224 3703 3280 oratione

304 3308 612 3381 διεξελθὼν,
645 3313 743 3380 τήν
806 3310 1244 3386 ὑποκεκριμένην
1303 3332 1361 3366 τε
1399 3316 1498 3367 τοῦ
1557 3311 1796 3368 Πιλάτου
1839 3313 1930 3388 κρί

2077 3313 2456 3385 sonscripsit:
2507 3329 2748 3384 quasque
2804 3314 2874 3369 de
2931 3315 3182 3385 mystica
3233 3313 3358 3382 ejus
3414 3330 3598 3379 coena,
3648 3317 3705 3369 et

304 3421 408 3468 σιν,
439 3401 530 3456 καὶ
584 3403 684 3470 τήν
739 3405 835 3456 τοῦ
894 3396 1122 3463 δικαίως
1175 3399 1426 3465 ἐλθόντος
1468 3406 1646 3476 κρῖναι
1696 3403 1932 3477 κατάκρι·

2072 3405 2136 3460 de
2191 3403 2380 3475 ipsius
2439 3401 2768 3473 proditione
2821 3402 2966 3458 facta
3014 3407 3203 3471 erant,
3236 3403 3591 3473 perstrinxit.
3617 3403 3700 3457 Ad

306 3507 411 3556 σιν,
447 3487 562 3542 εἶτα
583 3487 680 3557 τήν
717 3489 919 3564 ταφὴν,
950 3489 1050 3558 τήν
1081 3488 1388 3556 ἀνάστασιν,
1420 3489 1520 3555 τὴν
1580 3487 1666 3543 ἐπὶ
1716 3495 1816 3558 τῆς
1851 3495 1934 3544 Γα·

2076 3494 2184 3549 huic
2217 3491 2429 3548 falsum
2460 3491 2604 3546 illud
2637 3491 3138 3562 Pilatijudicium,
3159 3495 3216 3547 et
3235 3491 3384 3561 ejus,
3409 3490 3504 3562 qui
3528 3491 3704 3560 venit,

307 3573 530 3637 λιλαίας
585 3580 703 3636 τοῖς
763 3575 1093 3638 ἀποστόλοις
1124 3576 1434 3652 ἐμφάνειαν,
1467 3576 1556 3630 ὅτε
1611 3592 1699 3630 και
1735 3574 1933 3644 δοθῆναι

2076 3590 2126 3637 ut
2152 3583 2312 3653 juste
2340 3580 2485 3635 alios
2511 3580 2829 3649 judicaret,
2848 3580 3111 3652 iniquam
3133 3580 3704 3649 condemnationem,

308 3669 480 3721 πᾶσαν
539 3665 778 3737 ἐξουσίαν
836 3664 984 3739 αἱ)τῷ
1016 3665 1066 3722 ἰν
1102 3665 1316 3741 οὐρανῷ
1344 3666 1432 3722 καὶ
1464 3665 1552 3722 ἐπὶ
1601 3669 1703 3744 γῆς
1748 3665 1934 3740 εἷ’ρηκε

2076 3671 2444 3742 sepulturam,
2478 3668 3098 3740 resurrectionemque,
3122 3673 3179 3724 et
3209 3668 3704 3738 quemadmodum

2064 3760 2216 3831 apud
2248 3756 2545 3813 Galilaeam
2578 3757 2846 3828 apparuit
2866 3757 3162 3829 apostolis,
3185 3773 3300 3828 quo
3323 3761 3580 3827 tempore
3610 3759 3706 3812 da-

2066 3854 2183 3905 tam
2207 3846 2320 3904 sibi
2339 3846 2483 3902 dixit
2504 3862 2736 3902 omnem
2759 3850 3104 3919 potestatem
3129 3845 3191 3901 in
3208 3845 3350 3901 coelo
3373 3851 3427 3902 et
3448 3846 3506 3901 in
3529 3851 3705 3902 terra.

385 3935 466 3990 E'.
496 3931 598 3989 Καὶ
627 3932 726 4000 τήν
757 3929 1068 4004 οἰκονομίαν
1127 3929 1414 4004 συντόμως
1444 3930 1604 4010 φάναι
1633 3935 1730 3985 τοῦ
1789 3931 1956 4006 λόγου

2136 3935 2206 3992 V.
2240 3937 2381 3991 Cum
2413 3933 2615 4007 igitur,
2639 3941 2700 3990 ut
2729 3935 3070 3992 summatim
3104 3934 3316 4004 dicam,
3339 3938 3518 3990 totam
3549 3934 3708 3990 Chri-

312 4027 487 4078 πᾶσαν
517 4019 826 4094 ἐκθέμενος,
858 4020 1002 4076 οὕτω
1036 4019 1361 4094 Παρθυαίοις
1394 4022 1565 4092 μήπω
1611 4025 1680 4094 τῇ
1739 4026 1940 4096 Περσῶη

2077 4024 2142 4080 sti
2202 4024 2698 4093 dispensationem
2753 4023 3176 4093 explicavisset,
3236 4021 3475 4077 Parthos
3543 4022 3705 4090 adiit,

312 4113 464 4187 ἀρχῇ
521 4110 912 4186 προσθεμένοις
994 4111 1092 4179 τὴν
1179 4109 1452 4184 σωτηρίαν
1539 4109 1934 4185 εὐηγγελίσατο

2076 4114 2170 4184 qui
2202 4113 2460 4167 nondum
2510 4113 2820 4169 Persarum
2851 4111 3094 4180 imperio
3126 4111 3387 4180 adjuncti
3420 4119 3580 4166 erant
3611 4112 3704 4182 (5),

314 4204 403 4257 καὶ
463 4201 530 4256 τὰ
585 4201 722 4256 κατά
773 4202 873 4270 τὴν
934 4199 1302 4265 Παλαιστίνην
1347 4199 1652 4273 περιελθὼν
1694 4197 1937 4270 κλίματα

2081 4201 2323 4271 Lpsisque
2364 4199 2552 4254 salute
2599 4199 2884 4267 nuntiata,
2917 4199 3234 4254 Palaestinae
3262 4198 3514 4268 regionis
3563 4199 3709 4254 ﬁnes

314 4289 548 4361 πλήθεσί
605 4309 662 4344 τε
710 4287 1050 4362 συμπλακεῖς
1077 4287 1519 4361 πολυγλώσσοις.
1552 4285 1706 4359 λιμῷ
1761 4306 1819 4340 τε
1869 4304 1938 4339 κα

2085 4289 2418 4361 peragravit.
2447 4287 2545 4342 ubi
2577 4303 2709 4342 cum
2743 4287 2964 4358 ingenti
2991 4287 3370 4341 multitudine
3398 4285 3576 4342 variis
3606 4286 3713 4342 lin-

317 4379 462 4454 δίψει
521 4377 610 4433 καὶ
671 4382 894 4455 συχναῖς
951 4374 1364 4450 προσπαλαίσας
1392 4377 1658 4429 κακώσεσι
1710 4373 1798 4428 καὶ
1854 4394 1945 4427 κινι

2084 4378 2204 4451 guis
2262 4376 2504 4449 przedita
2559 4391 2910 4448 congressus
2959 4378 3068 4440 est,
3114 4390 3246 4430 cum
3297 4375 3465 4442 fame,
3519 4374 3614 4430 siti
3656 4378 3712 4430 et

319 4467 528 4536 δόνοις,
557 4471 674 4528 τοῖς
733 4465 825 4537 μὲν
886 4464 944 4519 ἐκ
996 4468 1107 4519 τῶν
1163 4466 1262 4532 τῆς
1303 4458 1548 4526 ἀσεϐείας
1601 4463 1947 4538 προεστώτωι

2081 4446 2289 4524 crebris
2348 4465 2624 4522 aerumnis
2678 4446 2744 4521 ac
2801 4464 3077 4537 periculis
3135 4463 3412 4532 luctatus,
3463 4479 3709 4535 quorum

317 4556 702 4633 ὶπαγομὲνοις,
749 4559 867 4616 τοῖς
925 4551 983 4609 δὶ
1037 4553 1127 4608 καὶ
1188 4552 1295 4608 ἀπὸ
1375 4556 1485 4609 τῶν
1549 4551 1945 4628 χαλεπωτάτου

2081 4557 2184 4614 alia
2221 4555 2640 4629 superstitiosis
2690 4555 3012 4626 impietatis
3063 4554 3361 4625 praesides,
3395 4552 3509 4609 alia
3549 4569 3709 4610 acer-

319 4645 526 4701 τούτων
577 4641 950 4721 δημαγωγῶν,
979 4643 1072 4699 τὸν
1107 4649 1339 4718 Σωτῆρα
1393 4644 1632 4719 Χριστὸν
1690 4642 1947 4722 θαῤῥαλὲς

2080 4647 2295 4704 bissimi
2328 4644 2675 4718 populorum
2700 4644 2918 4700 tribuni
2939 4644 3343 4700 crudelissime
3369 4643 3708 4700 efferebant.

395 4790 470 4862 (4)
498 4791 621 4870 Non
675 4792 794 4870 tam
826 4788 940 4870 cito
981 4789 1180 4870 Iudaea
1245 4793 1624 4870 excesserunt
1683 4789 1960 4870 Apostoli,
2072 4790 2286 4870 dicant,
2322 4788 2478 4870 apud
2508 4787 3166 4870 Parthos'praadicasse.
3189 4785 3550 4870 Matthaeum,
3582 4785 3714 4870 Par-

322 4856 494 4934 quam
530 4862 627 4938 hic
670 4867 868 4938 auctor
915 4860 1210 4938 insinuat:
1243 4877 1430 4938 neque
1467 4856 1772 4938 Maghzeu's
1798 4856 1965 4938 vide-
2071 4856 2292 4938 thique,
2311 4856 2419 4938 qui
2439 4866 2699 4938 tempore
2720 4856 2972 4938 Matthaei
3008 4858 3294 4938 habebant
3313 4856 3520 4938 in_illis‘
3537 4856 3715 4938 parti:

321 4927 414 4990 (ur
446 4932 806 5011 mansissein
827 4931 1028 5011 Judzea
1058 4933 1126 5011 ad
1157 4927 1532 5011 scribendum
1565 4933 1960 5011 Evangelium,
2071 4927 2196 5011 bus'
2240 4927 2649 5011 principatum,
2701 4930 3161 5011 postea-multis
3218 4927 3443 5011 sgeculjs
3495 4927 3713 5011 fuerint

322 5005 557 5082 quando
590 5003 689 5082 alii
711 5004 836 5075 jam
871 5003 1392 5082 proﬁciscebant_ur
1411 5005 1480 5059 ad
1507 4999 1854 5082 longinquas
1875 4999 1963 5082 re}
2074 5007 2206 5082 s‘ub_
2240 4999 2484 5082 imperio
2538 4999 2869 5082 Persarum:
2904 5002 3069 5082 At_de
3115 4999 3516 5082 praedicatione
3561 4999 3714 5082 Mat-

322 5069 558 5156 giones,
595 5079 670 5156 ut.
703 5069 835 5129 mox
871 5069 1113 5156 innuit,
1145 5075 1244 5130 sed
1301 5069 1674 5156 Evangelqu
1709 5069 1966 5156 _scr_ipsit
2073 5077 2208 5156 thaai
2241 5069 2394 5156 apud
2416 5075 2719 5156 Thebanos
2748 5072 2946 5156 nullus
2973 5072 3247 5156 loquitur,
3271 5069 3485 5156 necOi‘lll.
3511 5074 3714 5156 postea

324 5141 460 5205 ante
505 5145 848 5223 divisionem
876 5147 1307 5223 apostolorum.
1340 5141 1491 5202 Vide
1521 5147 1678 5204 dicta
1707 5148 1764 5204 in
1793 5141 1966 5204 Gom-
2075 5141 2311 5223 fuerunt
2341 5147 2450 5202 sub
2479 5149 2780 5223 Persarum
2811 5141 3076 5223 imperio.
3111 5146 3309 5223 Itaque
3338 5141 3562 5223 videtur
3591 5141 3713 5196 Me-

325 5219 830 5294 men_tario,_np_m.
863 5213 1020 5272 42st
1047 5217 1136 5272 43.
1289 5288 1323 5294 _
1409 5289 1438 5294 Α
1769 5291 1806 5294 __
1854 5290 1864 5294 _
2075 5219 2405 5294 taphrastes
2449 5218 2784 5294 credidisse,
2823 5213 3183 5294 Matthmum,
3214 5213 3404 5294 aliqua
3452 5216 3713 5282 tempore

395 5288 674 5366 (5)__Apud
701 5288 1085 5366 Lipoma_t_1_urn
1122 5304 1224 5359 pro
1249 5304 1262 5342 :
1289 5288 1533 5366 Parthos
1564 5289 1728 5366 adiit,
1753 5290 1968 5345 dicitur
2079 5285 2422 5366 praedicasse
2454 5289 2521 5366 in
2544 5287 2786 5366 imperio
2836 5287 3201 5366 Parthorum,
3234 5285 3442 5366 deinde
3488 5299 3711 5366 regres-

329 5357 675 5438 praadicasse
696 5383 725 5410 ‹‹
751 5357 904 5430 apud
928 5357 1254 5438 Thebanos,
1274 5359 1373 5430 qui
1396 5361 1639 5438 imperio
1657 5357 1964 5438 Persarum
2077 5357 2368 5438 spmesse
2400 5361 2459 5414 in
2485 5358 2876 5438 Palestinam,
2912 5373 2979 5438 ac
3008 5359 3246 5438 demum
3287 5357 3712 5438 profectumOin

327 5429 586 5488 nondum
636 5429 1020 5504 accesserant.
1055 5452 1082 5481 »
1117 5430 1253 5504 Uter
1293 5429 1515 5488 rectius
1563 5437 1785 5488 textum
1819 5436 1965 5488 Grae-
2076 5433 2448 5504 Ethiopiam.
2485 5431 2621 5504 Illic
2641 5433 2834 5504 autem
2879 5429 3020 5504 ordo
3071 5429 3499 5504 praedicationis
3528 5429 3714 5496 ipsius

329 5521 462 5560 cum
520 5503 889 5580 expresserit,
932 5506 1106 5580 certo‘
1145 5502 1295 5580 scire
1351 5519 1594 5580 nequeo,
1643 5519 1776 5560 cum
1821 5507 1972 5580 facta
2079 5522 2192 5580 non
2224 5498 2864 5580 eét_improbahi_l_is,ut
2894 5498 3617 5580 colligetprud‘ensdector
3645 5511 3713 5551 ex

329 5580 528 5647 Graeca
568 5565 688 5647 p'mg
732 5565 917 5647 oculis
947 5589 1061 5629 non
1095 5572 1356 5647 habeam.
1389 5565 1654 5630 Attamen
1703 5575 1968 5647 conjicio,
2082 5565 2491 5647 disputﬁisjle
2525 5565 2924 5645 pradicatione
2958 5565 3424 5628 sancti-Matthei
3453 5568 3514 5622 in
3545 5569 3712 5621 Com-

331 5643 636 5705 lectionem
667 5645 818 5702 Surii
851 5659 976 5702 esse
1005 5643 1475 5717 probabiliorem,
1507 5661 1636 5702 cum
1667 5646 1766 5704 alii
1794 5643 1972 5704 etiam
2083 5643 2364 5703 mentario
2395 5643 2424 5716 §
2453 5645 2506 5699 4.
