  <div class='ocr_page' id='page_1' title='image "/cluster/home/n/w/nwhite01/storage/ocr_20150623/115/mdp.39015028574336/421.png"; bbox 0 0 4124 6270; ppageno 0'>
   <div class='ocr_carea' id='block_1_1' title="bbox 468 300 3887 372">
    <p class='ocr_par' dir='ltr' id='par_1_1' title="bbox 468 300 3887 372">
     <span class='ocr_line' id='line_1_1' title="bbox 468 300 3887 372; baseline -0.003 -1"><span class='ocrx_word' id='word_1_1' title='bbox 468 306 586 372; x_wconf 80' lang='grc'><strong>819</strong></span> <span class='ocrx_word' id='word_1_2' title='bbox 1762 307 2042 369; x_wconf 88' lang='lat' dir='ltr'><strong>MENSIS</strong></span> <span class='ocrx_word' id='word_1_3' title='bbox 2089 303 2573 367; x_wconf 78' lang='lat' dir='ltr'><strong>SEPTEMBEB.</strong></span> <span class='ocrx_word' id='word_1_4' title='bbox 3756 300 3887 360; x_wconf 80' lang='lat'><strong>820</strong></span> 
     </span>
    </p>
   </div>
   <div class='ocr_carea' id='block_1_2' title="bbox 461 452 2101 563">
    <p class='ocr_par' dir='ltr' id='par_1_2' title="bbox 461 468 2101 563">
     <span class='ocr_line' id='line_1_2' title="bbox 461 468 2101 563; baseline -0.002 -36"><span class='ocrx_word' id='word_1_5' title='bbox 461 471 659 528; x_wconf 82' lang='lat' dir='ltr'><strong>Atille</strong></span> <span class='ocrx_word' id='word_1_6' title='bbox 708 470 1089 527; x_wconf 86' lang='lat' dir='ltr'><strong>nihilominus</strong></span> <span class='ocrx_word' id='word_1_7' title='bbox 1135 472 1331 526; x_wconf 89' lang='lat' dir='ltr'><strong>tamen</strong></span> <span class='ocrx_word' id='word_1_8' title='bbox 1380 469 1738 525; x_wconf 88' lang='lat' dir='ltr'><strong>Salvatorem</strong></span> <span class='ocrx_word' id='word_1_9' title='bbox 1784 468 2101 563; x_wconf 77' lang='lat' dir='ltr'><strong>Christum,</strong></span> 
     </span>
    </p>
   </div>
   <div class='ocr_carea' id='block_1_3' title="bbox 2213 452 3875 563">
    <p class='ocr_par' dir='ltr' id='par_1_3' title="bbox 2216 452 3875 542">
     <span class='ocr_line' id='line_1_3' title="bbox 2216 452 3875 542; baseline -0.004 -22"><span class='ocrx_word' id='word_1_10' title='bbox 2216 466 2305 520; x_wconf 86' lang='lat' dir='ltr'><strong>xui</strong></span> <span class='ocrx_word' id='word_1_11' title='bbox 2371 468 2527 542; x_wconf 76' lang='grc' dir='ltr'>φωνῇ</span> <span class='ocrx_word' id='word_1_12' title='bbox 2612 460 2703 515; x_wconf 84' lang='grc' dir='ltr'><strong>καὶ</strong></span> <span class='ocrx_word' id='word_1_13' title='bbox 2768 459 2956 532; x_wconf 82' lang='grc' dir='ltr'>γνώμῃ</span> <span class='ocrx_word' id='word_1_14' title='bbox 3014 456 3257 531; x_wconf 77' lang='grc' dir='ltr'><strong>ἐκήρυξε,</strong></span> <span class='ocrx_word' id='word_1_15' title='bbox 3320 452 3449 519; x_wconf 75' lang='grc' dir='ltr'>τοὺς</span> <span class='ocrx_word' id='word_1_16' title='bbox 3514 455 3744 519; x_wconf 80' lang='grc' dir='ltr'>ἁλόντας</span> <span class='ocrx_word' id='word_1_17' title='bbox 3800 463 3875 531; x_wconf 75' lang='grc' dir='ltr'><strong>τῇ</strong></span> 
     </span>
    </p>
   </div>
   <div class='ocr_carea' id='block_1_4' title="bbox 464 545 2101 653">
    <p class='ocr_par' dir='ltr' id='par_1_4' title="bbox 464 557 2101 628">
     <span class='ocr_line' id='line_1_4' title="bbox 464 557 2101 628; baseline -0.003 -13"><span class='ocrx_word' id='word_1_18' title='bbox 464 565 523 615; x_wconf 92' lang='lat' dir='ltr'><strong>et</strong></span> <span class='ocrx_word' id='word_1_19' title='bbox 573 563 764 615; x_wconf 90' lang='lat' dir='ltr'><strong>mente</strong></span> <span class='ocrx_word' id='word_1_20' title='bbox 810 564 867 613; x_wconf 91' lang='lat' dir='ltr'><strong>et</strong></span> <span class='ocrx_word' id='word_1_21' title='bbox 912 575 1047 614; x_wconf 92' lang='lat' dir='ltr'><strong>voce</strong></span> <span class='ocrx_word' id='word_1_22' title='bbox 1102 557 1287 613; x_wconf 92' lang='lat' dir='ltr'><strong>libera</strong></span> <span class='ocrx_word' id='word_1_23' title='bbox 1340 558 1707 628; x_wconf 73' lang='lat' dir='ltr'><strong>praedicabat,</strong></span> <span class='ocrx_word' id='word_1_24' title='bbox 1741 562 1798 612; x_wconf 91' lang='lat' dir='ltr'>et</span> <span class='ocrx_word' id='word_1_25' title='bbox 1846 573 1966 623; x_wconf 90' lang='lat' dir='ltr'><strong>eos,</strong></span> <span class='ocrx_word' id='word_1_26' title='bbox 2012 558 2101 627; x_wconf 87' lang='lat' dir='ltr'><strong>qui</strong></span> 
     </span>
    </p>
   </div>
   <div class='ocr_carea' id='block_1_5' title="bbox 2213 545 3873 653">
    <p class='ocr_par' dir='ltr' id='par_1_5' title="bbox 2216 545 3873 625">
     <span class='ocr_line' id='line_1_5' title="bbox 2216 545 3873 625; baseline -0.004 -18"><span class='ocrx_word' id='word_1_27' title='bbox 2216 552 2396 625; x_wconf 82' lang='grc' dir='ltr'>πλάνῃ</span> <span class='ocrx_word' id='word_1_28' title='bbox 2457 552 2594 625; x_wconf 85' lang='grc' dir='ltr'>πρὸς</span> <span class='ocrx_word' id='word_1_29' title='bbox 2654 546 2980 621; x_wconf 84' lang='grc' dir='ltr'>θεογνωσίαν</span> <span class='ocrx_word' id='word_1_30' title='bbox 3039 545 3475 620; x_wconf 79' lang='grc' dir='ltr'>ἐχειραγώγησε,</span> <span class='ocrx_word' id='word_1_31' title='bbox 3508 551 3611 613; x_wconf 82' lang='grc' dir='ltr'><strong>τῆς</strong></span> <span class='ocrx_word' id='word_1_32' title='bbox 3662 547 3873 616; x_wconf 76' lang='grc' dir='ltr'>ἀπάτης</span> 
     </span>
    </p>
   </div>
   <div class='ocr_carea' id='block_1_6' title="bbox 465 633 2101 742">
    <p class='ocr_par' dir='ltr' id='par_1_6' title="bbox 465 646 2101 718">
     <span class='ocr_line' id='line_1_6' title="bbox 465 646 2101 718; baseline -0.002 -14"><span class='ocrx_word' id='word_1_33' title='bbox 465 664 657 705; x_wconf 90' lang='lat' dir='ltr'><strong>errore</strong></span> <span class='ocrx_word' id='word_1_34' title='bbox 708 648 932 718; x_wconf 84' lang='lat' dir='ltr'>decepti</span> <span class='ocrx_word' id='word_1_35' title='bbox 990 648 1235 716; x_wconf 83' lang='lat' dir='ltr'><strong>fuerant,</strong></span> <span class='ocrx_word' id='word_1_36' title='bbox 1285 648 1356 701; x_wconf 91' lang='lat' dir='ltr'><strong>ad</strong></span> <span class='ocrx_word' id='word_1_37' title='bbox 1408 647 1661 703; x_wconf 84' lang='lat' dir='ltr'><strong>divinam</strong></span> <span class='ocrx_word' id='word_1_38' title='bbox 1718 646 2101 718; x_wconf 90' lang='lat' dir='ltr'><strong>cognitionem</strong></span> 
     </span>
    </p>
   </div>
   <div class='ocr_carea' id='block_1_7' title="bbox 2213 633 3875 742">
    <p class='ocr_par' dir='ltr' id='par_1_7' title="bbox 2215 633 3875 742">
     <span class='ocr_line' id='line_1_7' title="bbox 2215 633 3875 712; baseline -0.003 -18"><span class='ocrx_word' id='word_1_39' title='bbox 2215 642 2506 710; x_wconf 85' lang='grc' dir='ltr'>ἀπέστησε,</span> <span class='ocrx_word' id='word_1_40' title='bbox 2553 639 2790 712; x_wconf 73' lang='grc' dir='ltr'>προσῆξε</span> <span class='ocrx_word' id='word_1_41' title='bbox 2862 640 2930 709; x_wconf 82' lang='grc' dir='ltr'><strong>τῇ</strong></span> <span class='ocrx_word' id='word_1_42' title='bbox 2990 633 3244 705; x_wconf 81' lang='grc' dir='ltr'>ἀληθείᾳ,</span> <span class='ocrx_word' id='word_1_43' title='bbox 3302 633 3364 688; x_wconf 65' lang='lat' dir='ltr'><strong>Ex</strong></span> <span class='ocrx_word' id='word_1_44' title='bbox 3421 634 3589 706; x_wconf 82' lang='grc' dir='ltr'>μέσου</span> <span class='ocrx_word' id='word_1_45' title='bbox 3646 635 3715 689; x_wconf 79' lang='grc' dir='ltr'><strong>τὰ</strong></span> <span class='ocrx_word' id='word_1_46' title='bbox 3770 643 3875 705; x_wconf 79' lang='grc' dir='ltr'><strong>τῆς</strong></span> 
     </span>
     <span class='ocr_line' id='line_1_8' title="bbox 2226 723 3786 742; baseline -0.001 0"><span class='ocrx_word' id='word_1_47' title='bbox 2226 730 2239 742; x_wconf 84' lang='grc'><strong>.</strong></span> <span class='ocrx_word' id='word_1_48' title='bbox 2315 724 2343 742; x_wconf 68' lang='grc' dir='ltr'><strong>ρ</strong></span> <span class='ocrx_word' id='word_1_49' title='bbox 2384 728 2395 742; x_wconf 93' lang='grc'><strong><em>,</em></strong></span> <span class='ocrx_word' id='word_1_50' title='bbox 2671 726 2682 742; x_wconf 72' lang='grc' dir='ltr'><strong>ι</strong></span> <span class='ocrx_word' id='word_1_51' title='bbox 2905 726 2920 742; x_wconf 63' lang='grc' dir='ltr'>ς</span> <span class='ocrx_word' id='word_1_52' title='bbox 3028 725 3038 742; x_wconf 73' lang='grc' dir='ltr'><strong>ρ</strong></span> <span class='ocrx_word' id='word_1_53' title='bbox 3235 728 3262 739; x_wconf 83' lang='grc'><strong>..</strong></span> <span class='ocrx_word' id='word_1_54' title='bbox 3316 723 3364 742; x_wconf 63' lang='grc' dir='ltr'>η</span> <span class='ocrx_word' id='word_1_55' title='bbox 3427 734 3446 742; x_wconf 83' lang='lat'><strong>-</strong></span> <span class='ocrx_word' id='word_1_56' title='bbox 3485 729 3507 739; x_wconf 85' lang='lat'><strong>-</strong></span> <span class='ocrx_word' id='word_1_57' title='bbox 3629 723 3644 742; x_wconf 57' lang='grc' dir='ltr'><strong>η</strong></span> <span class='ocrx_word' id='word_1_58' title='bbox 3774 725 3786 741; x_wconf 74' lang='grc' dir='ltr'><strong><em>ρ</em></strong></span> 
     </span>
    </p>
   </div>
   <div class='ocr_carea' id='block_1_8' title="bbox 469 723 2101 833">
    <p class='ocr_par' dir='ltr' id='par_1_8' title="bbox 469 735 2101 807">
     <span class='ocr_line' id='line_1_9' title="bbox 469 735 2101 807; baseline -0.001 -16"><span class='ocrx_word' id='word_1_59' title='bbox 469 737 843 807; x_wconf 83' lang='lat' dir='ltr'><strong>perducebat,</strong></span> <span class='ocrx_word' id='word_1_60' title='bbox 877 736 948 790; x_wconf 93' lang='lat' dir='ltr'><strong>ab</strong></span> <span class='ocrx_word' id='word_1_61' title='bbox 979 737 1194 790; x_wconf 90' lang='lat' dir='ltr'><strong>erroris</strong></span> <span class='ocrx_word' id='word_1_62' title='bbox 1242 735 1473 791; x_wconf 83' lang='lat' dir='ltr'><strong>fallacia</strong></span> <span class='ocrx_word' id='word_1_63' title='bbox 1523 741 1777 791; x_wconf 90' lang='lat' dir='ltr'><strong>remotos</strong></span> <span class='ocrx_word' id='word_1_64' title='bbox 1818 741 1875 791; x_wconf 93' lang='lat' dir='ltr'><strong>et</strong></span> <span class='ocrx_word' id='word_1_65' title='bbox 1904 737 1973 790; x_wconf 90' lang='lat' dir='ltr'><strong>ad</strong></span> <span class='ocrx_word' id='word_1_66' title='bbox 2006 751 2101 790; x_wconf 92' lang='lat' dir='ltr'><strong>ve-</strong></span> 
     </span>
    </p>
   </div>
   <div class='ocr_carea' id='block_1_9' title="bbox 2213 723 3871 833">
    <p class='ocr_par' dir='ltr' id='par_1_9' title="bbox 2216 723 3871 833">
     <span class='ocr_line' id='line_1_10' title="bbox 2216 723 3871 798; baseline -0.002 -15"><span class='ocrx_word' id='word_1_67' title='bbox 2216 724 2462 789; x_wconf 89' lang='grc' dir='ltr'>ἀσεϐείας</span> <span class='ocrx_word' id='word_1_68' title='bbox 2520 726 2809 797; x_wconf 85' lang='grc' dir='ltr'>πεποίηκε,</span> <span class='ocrx_word' id='word_1_69' title='bbox 2831 726 2923 780; x_wconf 88' lang='grc' dir='ltr'><strong>καὶ</strong></span> <span class='ocrx_word' id='word_1_70' title='bbox 2969 725 3166 785; x_wconf 81' lang='grc' dir='ltr'>πάντας</span> <span class='ocrx_word' id='word_1_71' title='bbox 3197 728 3277 796; x_wconf 78' lang='grc' dir='ltr'>τῷ</span> <span class='ocrx_word' id='word_1_72' title='bbox 3306 723 3507 793; x_wconf 81' lang='grc' dir='ltr'>ἀληθεῖ</span> <span class='ocrx_word' id='word_1_73' title='bbox 3557 723 3647 777; x_wconf 80' lang='grc' dir='ltr'><strong>καὶ</strong></span> <span class='ocrx_word' id='word_1_74' title='bbox 3718 725 3871 798; x_wconf 87' lang='grc' dir='ltr'>μόνῳ</span> 
     </span>
     <span class='ocr_line' id='line_1_11' title="bbox 2224 812 3777 833; baseline 0 0"><span class='ocrx_word' id='word_1_75' title='bbox 2224 826 2249 833; x_wconf 55' lang='grc' dir='ltr'><strong>Α</strong></span> <span class='ocrx_word' id='word_1_76' title='bbox 2293 825 2319 833; x_wconf 71' lang='grc'><strong>.-</strong></span> <span class='ocrx_word' id='word_1_77' title='bbox 2629 819 2638 833; x_wconf 79' lang='grc'><strong><em>1</em></strong></span> <span class='ocrx_word' id='word_1_78' title='bbox 2914 817 2928 833; x_wconf 59' lang='grc' dir='ltr'>ς</span> <span class='ocrx_word' id='word_1_79' title='bbox 3062 814 3071 833; x_wconf 68' lang='grc'><strong><em>1</em></strong></span> <span class='ocrx_word' id='word_1_80' title='bbox 3467 812 3481 833; x_wconf 73' lang='grc' dir='ltr'><strong><em>Ι</em></strong></span> <span class='ocrx_word' id='word_1_81' title='bbox 3749 822 3777 833; x_wconf 70' lang='grc' dir='ltr'><strong>ευ</strong></span> 
     </span>
    </p>
   </div>
   <div class='ocr_carea' id='block_1_10' title="bbox 470 814 2101 896">
    <p class='ocr_par' dir='ltr' id='par_1_10' title="bbox 470 824 2101 896">
     <span class='ocr_line' id='line_1_12' title="bbox 470 824 2101 896; baseline -0.002 -16"><span class='ocrx_word' id='word_1_82' title='bbox 470 825 661 880; x_wconf 88' lang='lat' dir='ltr'><strong>ritatis</strong></span> <span class='ocrx_word' id='word_1_83' title='bbox 684 825 1073 895; x_wconf 87' lang='lat' dir='ltr'><strong>cognitionem</strong></span> <span class='ocrx_word' id='word_1_84' title='bbox 1096 824 1426 881; x_wconf 88' lang='lat' dir='ltr'><strong>translatos.</strong></span> <span class='ocrx_word' id='word_1_85' title='bbox 1453 825 1635 896; x_wconf 90' lang='lat' dir='ltr'><strong>Impia</strong></span> <span class='ocrx_word' id='word_1_86' title='bbox 1655 826 1833 896; x_wconf 80' lang='lat' dir='ltr'><strong>igitur</strong></span> <span class='ocrx_word' id='word_1_87' title='bbox 1852 824 2101 895; x_wconf 87' lang='lat' dir='ltr'><strong>gentium</strong></span> 
     </span>
    </p>
   </div>
   <div class='ocr_carea' id='block_1_11' title="bbox 2213 814 3870 896">
    <p class='ocr_par' dir='ltr' id='par_1_11' title="bbox 2217 814 3870 895">
     <span class='ocr_line' id='line_1_13' title="bbox 2217 814 3870 895; baseline -0.003 -21"><span class='ocrx_word' id='word_1_88' title='bbox 2217 825 2334 890; x_wconf 85' lang='grc' dir='ltr'><strong>Θεῷ</strong></span> <span class='ocrx_word' id='word_1_89' title='bbox 2390 819 2796 895; x_wconf 78' lang='grc' dir='ltr'>προσηγάγετο,</span> <span class='ocrx_word' id='word_1_90' title='bbox 2860 817 2936 889; x_wconf 80' lang='grc' dir='ltr'>μή</span> <span class='ocrx_word' id='word_1_91' title='bbox 3008 814 3173 889; x_wconf 87' lang='grc' dir='ltr'>μέχρι</span> <span class='ocrx_word' id='word_1_92' title='bbox 3249 834 3306 868; x_wconf 89' lang='grc' dir='ltr'><strong>τε</strong></span> <span class='ocrx_word' id='word_1_93' title='bbox 3384 814 3595 869; x_wconf 88' lang='grc' dir='ltr'>τούτων</span> <span class='ocrx_word' id='word_1_94' title='bbox 3680 822 3870 884; x_wconf 80' lang='grc' dir='ltr'>στῆναι</span> 
     </span>
    </p>
   </div>
   <div class='ocr_carea' id='block_1_12' title="bbox 473 913 2112 984">
    <p class='ocr_par' dir='ltr' id='par_1_12' title="bbox 473 913 2112 984">
     <span class='ocr_line' id='line_1_14' title="bbox 473 913 2112 984; baseline -0.001 -16"><span class='ocrx_word' id='word_1_95' title='bbox 473 914 885 984; x_wconf 81' lang='lat' dir='ltr'><strong>superstitione</strong></span> <span class='ocrx_word' id='word_1_96' title='bbox 938 913 1009 967; x_wconf 91' lang='lat' dir='ltr'><strong>de</strong></span> <span class='ocrx_word' id='word_1_97' title='bbox 1056 913 1245 968; x_wconf 90' lang='lat' dir='ltr'><strong>medio</strong></span> <span class='ocrx_word' id='word_1_98' title='bbox 1296 914 1551 981; x_wconf 87' lang='lat' dir='ltr'><strong>sublata,</strong></span> <span class='ocrx_word' id='word_1_99' title='bbox 1600 930 1799 968; x_wconf 89' lang='lat' dir='ltr'><strong>omnes</strong></span> <span class='ocrx_word' id='word_1_100' title='bbox 1849 913 2112 968; x_wconf 86' lang='lat' dir='ltr'><strong>homines</strong></span> 
     </span>
    </p>
   </div>
   <div class='ocr_carea' id='block_1_13' title="bbox 470 1001 2111 1073">
    <p class='ocr_par' dir='ltr' id='par_1_13' title="bbox 470 1001 2111 1073">
     <span class='ocr_line' id='line_1_15' title="bbox 470 1001 2111 1073; baseline -0.002 -16"><span class='ocrx_word' id='word_1_101' title='bbox 470 1018 604 1057; x_wconf 86' lang='lat' dir='ltr'><strong>vero</strong></span> <span class='ocrx_word' id='word_1_102' title='bbox 634 1006 690 1057; x_wconf 92' lang='lat' dir='ltr'><strong>et</strong></span> <span class='ocrx_word' id='word_1_103' title='bbox 719 1002 825 1057; x_wconf 91' lang='lat' dir='ltr'><strong>soli</strong></span> <span class='ocrx_word' id='word_1_104' title='bbox 874 1001 989 1056; x_wconf 91' lang='lat' dir='ltr'><strong>Deo</strong></span> <span class='ocrx_word' id='word_1_105' title='bbox 1034 1001 1320 1071; x_wconf 81' lang='lat' dir='ltr'><strong>adjunxit,</strong></span> <span class='ocrx_word' id='word_1_106' title='bbox 1365 1018 1551 1073; x_wconf 91' lang='lat' dir='ltr'><strong>neque</strong></span> <span class='ocrx_word' id='word_1_107' title='bbox 1600 1018 1717 1056; x_wconf 68' lang='lat' dir='ltr'><strong>suae</strong></span> <span class='ocrx_word' id='word_1_108' title='bbox 1765 1001 2111 1072; x_wconf 89' lang='lat' dir='ltr'><strong>predicatio-</strong></span> 
     </span>
    </p>
   </div>
   <div class='ocr_carea' id='block_1_14' title="bbox 472 1088 2110 1155">
    <p class='ocr_par' dir='ltr' id='par_1_14' title="bbox 472 1088 2110 1155">
     <span class='ocr_line' id='line_1_16' title="bbox 472 1088 2110 1155; baseline -0.002 -11"><span class='ocrx_word' id='word_1_109' title='bbox 472 1091 565 1144; x_wconf 91' lang='lat' dir='ltr'><strong>nis</strong></span> <span class='ocrx_word' id='word_1_110' title='bbox 607 1090 930 1145; x_wconf 84' lang='lat' dir='ltr'><strong>doctrinam</strong></span> <span class='ocrx_word' id='word_1_111' title='bbox 956 1090 1073 1145; x_wconf 87' lang='lat' dir='ltr'><strong>illis</strong></span> <span class='ocrx_word' id='word_1_112' title='bbox 1096 1094 1325 1145; x_wconf 84' lang='lat' dir='ltr'><strong>tantum</strong></span> <span class='ocrx_word' id='word_1_113' title='bbox 1360 1091 1576 1145; x_wconf 90' lang='lat' dir='ltr'><strong>ﬁnibus</strong></span> <span class='ocrx_word' id='word_1_114' title='bbox 1608 1091 1887 1145; x_wconf 85' lang='lat' dir='ltr'><strong>contineri</strong></span> <span class='ocrx_word' id='word_1_115' title='bbox 1909 1088 2110 1155; x_wconf 88' lang='lat' dir='ltr'><strong>voluit,</strong></span> 
     </span>
    </p>
   </div>
   <div class='ocr_carea' id='block_1_15' title="bbox 470 1179 2110 1250">
    <p class='ocr_par' dir='ltr' id='par_1_15' title="bbox 470 1179 2110 1250">
     <span class='ocr_line' id='line_1_17' title="bbox 470 1179 2110 1250; baseline -0.002 -17"><span class='ocrx_word' id='word_1_116' title='bbox 470 1180 570 1233; x_wconf 89' lang='lat' dir='ltr'><strong>sed</strong></span> <span class='ocrx_word' id='word_1_117' title='bbox 606 1180 675 1233; x_wconf 89' lang='lat' dir='ltr'><strong>ad</strong></span> <span class='ocrx_word' id='word_1_118' title='bbox 702 1179 1054 1249; x_wconf 64' lang='lat' dir='ltr'><strong>Ethiopiam</strong></span> <span class='ocrx_word' id='word_1_119' title='bbox 1089 1180 1188 1249; x_wconf 85' lang='lat'><strong>(6),</strong></span> <span class='ocrx_word' id='word_1_120' title='bbox 1220 1195 1396 1250; x_wconf 90' lang='lat' dir='ltr'><strong>quam</strong></span> <span class='ocrx_word' id='word_1_121' title='bbox 1449 1180 1694 1234; x_wconf 89' lang='lat' dir='ltr'><strong>sortitus</strong></span> <span class='ocrx_word' id='word_1_122' title='bbox 1744 1181 1951 1246; x_wconf 81' lang='lat' dir='ltr'><strong>fuerat,</strong></span> <span class='ocrx_word' id='word_1_123' title='bbox 1984 1192 2110 1247; x_wconf 86' lang='lat' dir='ltr'><strong>per-</strong></span> 
     </span>
    </p>
   </div>
   <div class='ocr_carea' id='block_1_16' title="bbox 467 1265 2112 1338">
    <p class='ocr_par' dir='ltr' id='par_1_16' title="bbox 467 1265 2112 1338">
     <span class='ocr_line' id='line_1_18' title="bbox 467 1265 2112 1338; baseline -0.001 -17"><span class='ocrx_word' id='word_1_124' title='bbox 467 1268 660 1333; x_wconf 87' lang='lat' dir='ltr'><strong>venit;</strong></span> <span class='ocrx_word' id='word_1_125' title='bbox 694 1269 862 1338; x_wconf 90' lang='lat' dir='ltr'><strong>cujus</strong></span> <span class='ocrx_word' id='word_1_126' title='bbox 922 1267 1175 1338; x_wconf 86' lang='lat' dir='ltr'><strong>regionis</strong></span> <span class='ocrx_word' id='word_1_127' title='bbox 1237 1267 1502 1322; x_wconf 84' lang='lat' dir='ltr'><strong>homines</strong></span> <span class='ocrx_word' id='word_1_128' title='bbox 1549 1282 1679 1322; x_wconf 90' lang='lat' dir='ltr'><strong>cum</strong></span> <span class='ocrx_word' id='word_1_129' title='bbox 1730 1267 1802 1320; x_wconf 89' lang='lat' dir='ltr'><strong>ad</strong></span> <span class='ocrx_word' id='word_1_130' title='bbox 1851 1265 2112 1321; x_wconf 87' lang='lat' dir='ltr'><strong>veritatis</strong></span> 
     </span>
    </p>
   </div>
   <div class='ocr_carea' id='block_1_17' title="bbox 467 1355 2108 1427">
    <p class='ocr_par' dir='ltr' id='par_1_17' title="bbox 467 1355 2108 1427">
     <span class='ocr_line' id='line_1_19' title="bbox 467 1355 2108 1427; baseline -0.001 -17"><span class='ocrx_word' id='word_1_131' title='bbox 467 1355 735 1411; x_wconf 89' lang='lat' dir='ltr'><strong>notitiam</strong></span> <span class='ocrx_word' id='word_1_132' title='bbox 769 1355 1157 1427; x_wconf 84' lang='lat' dir='ltr'><strong>perduxisset.</strong></span> <span class='ocrx_word' id='word_1_133' title='bbox 1192 1356 1657 1425; x_wconf 63' lang='lat' dir='ltr'><strong>Christianisque</strong></span> <span class='ocrx_word' id='word_1_134' title='bbox 1700 1355 1833 1412; x_wconf 89' lang='lat' dir='ltr'><strong>ﬁdei</strong></span> <span class='ocrx_word' id='word_1_135' title='bbox 1865 1370 2108 1427; x_wconf 87' lang='lat' dir='ltr'><strong>gymna-</strong></span> 
     </span>
    </p>
   </div>
   <div class='ocr_carea' id='block_1_18' title="bbox 470 1443 2109 1515">
    <p class='ocr_par' dir='ltr' id='par_1_18' title="bbox 470 1443 2109 1515">
     <span class='ocr_line' id='line_1_20' title="bbox 470 1443 2109 1515; baseline -0.001 -16"><span class='ocrx_word' id='word_1_136' title='bbox 470 1445 621 1499; x_wconf 89' lang='lat' dir='ltr'><strong>sium</strong></span> <span class='ocrx_word' id='word_1_137' title='bbox 655 1443 772 1499; x_wconf 86' lang='lat' dir='ltr'><strong>illis</strong></span> <span class='ocrx_word' id='word_1_138' title='bbox 803 1445 1220 1511; x_wconf 86' lang='lat' dir='ltr'><strong>constituisset,</strong></span> <span class='ocrx_word' id='word_1_139' title='bbox 1254 1448 1311 1499; x_wconf 89' lang='lat' dir='ltr'>et</span> <span class='ocrx_word' id='word_1_140' title='bbox 1340 1460 1718 1515; x_wconf 90' lang='lat' dir='ltr'><strong>quoscunque</strong></span> <span class='ocrx_word' id='word_1_141' title='bbox 1750 1445 1937 1515; x_wconf 90' lang='lat' dir='ltr'><strong>potuit</strong></span> <span class='ocrx_word' id='word_1_142' title='bbox 1965 1460 2109 1515; x_wconf 84' lang='lat' dir='ltr'><strong>prae-</strong></span> 
     </span>
    </p>
   </div>
   <div class='ocr_carea' id='block_1_19' title="bbox 476 1531 2111 1602">
    <p class='ocr_par' dir='ltr' id='par_1_19' title="bbox 476 1531 2111 1602">
     <span class='ocr_line' id='line_1_21' title="bbox 476 1531 2111 1602; baseline 0.001 -16"><span class='ocrx_word' id='word_1_143' title='bbox 476 1531 786 1587; x_wconf 87' lang='lat' dir='ltr'><strong>dicationis</strong></span> <span class='ocrx_word' id='word_1_144' title='bbox 818 1549 938 1587; x_wconf 75' lang='lat' dir='ltr'><strong>suae</strong></span> <span class='ocrx_word' id='word_1_145' title='bbox 963 1533 1184 1587; x_wconf 88' lang='lat' dir='ltr'><strong>retibus</strong></span> <span class='ocrx_word' id='word_1_146' title='bbox 1210 1533 1561 1598; x_wconf 88' lang='lat' dir='ltr'><strong>inclusisset,</strong></span> <span class='ocrx_word' id='word_1_147' title='bbox 1596 1533 1898 1602; x_wconf 89' lang='lat' dir='ltr'><strong>multaque</strong></span> <span class='ocrx_word' id='word_1_148' title='bbox 1936 1532 2111 1587; x_wconf 87' lang='lat' dir='ltr'><strong>mira-</strong></span> 
     </span>
    </p>
   </div>
   <div class='ocr_carea' id='block_1_20' title="bbox 475 1621 2108 1693">
    <p class='ocr_par' dir='ltr' id='par_1_20' title="bbox 475 1621 2108 1693">
     <span class='ocr_line' id='line_1_22' title="bbox 475 1621 2108 1693; baseline 0.001 -17"><span class='ocrx_word' id='word_1_149' title='bbox 475 1621 625 1686; x_wconf 84' lang='lat' dir='ltr'><strong>cula,</strong></span> <span class='ocrx_word' id='word_1_150' title='bbox 657 1622 871 1678; x_wconf 90' lang='lat' dir='ltr'><strong>Christi</strong></span> <span class='ocrx_word' id='word_1_151' title='bbox 902 1639 1007 1692; x_wconf 85' lang='lat' dir='ltr'><strong>cpe</strong></span> <span class='ocrx_word' id='word_1_152' title='bbox 1037 1624 1295 1693; x_wconf 86' lang='lat' dir='ltr'><strong>adjutus,</strong></span> <span class='ocrx_word' id='word_1_153' title='bbox 1328 1624 1633 1693; x_wconf 72' lang='lat' dir='ltr'><strong>effecisset,</strong></span> <span class='ocrx_word' id='word_1_154' title='bbox 1665 1632 1718 1678; x_wconf 92' lang='lat' dir='ltr'><strong>et</strong></span> <span class='ocrx_word' id='word_1_155' title='bbox 1748 1640 1867 1692; x_wconf 90' lang='lat' dir='ltr'><strong>eos,</strong></span> <span class='ocrx_word' id='word_1_156' title='bbox 1900 1624 1998 1693; x_wconf 90' lang='lat' dir='ltr'><strong>qui</strong></span> <span class='ocrx_word' id='word_1_157' title='bbox 2038 1625 2108 1677; x_wconf 91' lang='lat' dir='ltr'><strong>ad</strong></span> 
     </span>
    </p>
   </div>
   <div class='ocr_carea' id='block_1_21' title="bbox 474 1709 2108 1784">
    <p class='ocr_par' dir='ltr' id='par_1_21' title="bbox 474 1709 2108 1784">
     <span class='ocr_line' id='line_1_23' title="bbox 474 1709 2108 1784; baseline 0.003 -21"><span class='ocrx_word' id='word_1_158' title='bbox 474 1709 574 1764; x_wconf 91' lang='lat' dir='ltr'><strong>Dei</strong></span> <span class='ocrx_word' id='word_1_159' title='bbox 621 1710 789 1766; x_wconf 87' lang='lat' dir='ltr'><strong>ﬁdem</strong></span> <span class='ocrx_word' id='word_1_160' title='bbox 840 1714 1099 1767; x_wconf 83' lang='lat' dir='ltr'><strong>conversi</strong></span> <span class='ocrx_word' id='word_1_161' title='bbox 1148 1718 1331 1778; x_wconf 90' lang='lat' dir='ltr'><strong>erant,</strong></span> <span class='ocrx_word' id='word_1_162' title='bbox 1368 1728 1466 1784; x_wconf 91' lang='lat' dir='ltr'><strong>per</strong></span> <span class='ocrx_word' id='word_1_163' title='bbox 1506 1730 1716 1783; x_wconf 90' lang='lat' dir='ltr'><strong>aquam</strong></span> <span class='ocrx_word' id='word_1_164' title='bbox 1747 1719 1805 1768; x_wconf 92' lang='lat' dir='ltr'><strong>et</strong></span> <span class='ocrx_word' id='word_1_165' title='bbox 1834 1713 2108 1784; x_wconf 87' lang='lat' dir='ltr'><strong>spiritum</strong></span> 
     </span>
    </p>
   </div>
   <div class='ocr_carea' id='block_1_22' title="bbox 472 1797 2111 1873">
    <p class='ocr_par' dir='ltr' id='par_1_22' title="bbox 472 1797 2111 1873">
     <span class='ocr_line' id='line_1_24' title="bbox 472 1797 2111 1873; baseline 0.003 -22"><span class='ocrx_word' id='word_1_166' title='bbox 472 1797 697 1853; x_wconf 87' lang='lat' dir='ltr'><strong>Christo</strong></span> <span class='ocrx_word' id='word_1_167' title='bbox 728 1799 1113 1869; x_wconf 85' lang='lat' dir='ltr'><strong>adjunxisset,</strong></span> <span class='ocrx_word' id='word_1_168' title='bbox 1141 1800 1445 1855; x_wconf 86' lang='lat' dir='ltr'><strong>ecclesiam</strong></span> <span class='ocrx_word' id='word_1_169' title='bbox 1498 1805 1757 1856; x_wconf 90' lang='lat' dir='ltr'><strong>sanctam</strong></span> <span class='ocrx_word' id='word_1_170' title='bbox 1790 1802 1901 1873; x_wconf 89' lang='lat' dir='ltr'><strong>ipsi</strong></span> <span class='ocrx_word' id='word_1_171' title='bbox 1931 1802 2111 1856; x_wconf 66' lang='lat' dir='ltr'><strong>aediﬁ-</strong></span> 
     </span>
    </p>
   </div>
   <div class='ocr_carea' id='block_1_23' title="bbox 471 1889 2106 1961">
    <p class='ocr_par' dir='ltr' id='par_1_23' title="bbox 471 1889 2106 1961">
     <span class='ocr_line' id='line_1_25' title="bbox 471 1889 2106 1961; baseline 0.002 -20"><span class='ocrx_word' id='word_1_172' title='bbox 471 1889 717 1942; x_wconf 91' lang='lat' dir='ltr'><strong>candam</strong></span> <span class='ocrx_word' id='word_1_173' title='bbox 764 1889 1006 1959; x_wconf 85' lang='lat' dir='ltr'><strong>curavit,</strong></span> <span class='ocrx_word' id='word_1_174' title='bbox 1040 1890 1525 1961; x_wconf 77' lang='lat' dir='ltr'><strong>presbyter-osque</strong></span> <span class='ocrx_word' id='word_1_175' title='bbox 1555 1907 1621 1945; x_wconf 91' lang='lat' dir='ltr'><strong>ac</strong></span> <span class='ocrx_word' id='word_1_176' title='bbox 1650 1891 1925 1946; x_wconf 87' lang='lat' dir='ltr'><strong>diaconos</strong></span> <span class='ocrx_word' id='word_1_177' title='bbox 1970 1906 2106 1945; x_wconf 90' lang='lat' dir='ltr'><strong>con-</strong></span> 
     </span>
    </p>
   </div>
   <div class='ocr_carea' id='block_1_24' title="bbox 470 1971 2108 2049">
    <p class='ocr_par' dir='ltr' id='par_1_24' title="bbox 470 1971 2108 2049">
     <span class='ocr_line' id='line_1_26' title="bbox 470 1971 2108 2049; baseline 0.001 -18"><span class='ocrx_word' id='word_1_178' title='bbox 470 1976 685 2044; x_wconf 87' lang='lat' dir='ltr'><strong>stituit,</strong></span> <span class='ocrx_word' id='word_1_179' title='bbox 718 1978 964 2045; x_wconf 82' lang='lat' dir='ltr'><strong>singulis</strong></span> <span class='ocrx_word' id='word_1_180' title='bbox 995 1971 1200 2033; x_wconf 54' lang='lat' dir='ltr'><strong>di&#39;ebus</strong></span> <span class='ocrx_word' id='word_1_181' title='bbox 1232 1980 1571 2034; x_wconf 87' lang='lat' dir='ltr'><strong>concionem</strong></span> <span class='ocrx_word' id='word_1_182' title='bbox 1624 1980 1864 2046; x_wconf 88' lang='lat' dir='ltr'><strong>habens,</strong></span> <span class='ocrx_word' id='word_1_183' title='bbox 1899 1980 2108 2049; x_wconf 84' lang='lat' dir='ltr'><strong>partim</strong></span> 
     </span>
    </p>
   </div>
   <div class='ocr_carea' id='block_1_25' title="bbox 470 2065 2108 2139">
    <p class='ocr_par' dir='ltr' id='par_1_25' title="bbox 470 2065 2108 2139">
     <span class='ocr_line' id='line_1_27' title="bbox 470 2065 2108 2139; baseline 0.004 -22"><span class='ocrx_word' id='word_1_184' title='bbox 470 2065 537 2118; x_wconf 85' lang='lat' dir='ltr'><strong>ad</strong></span> <span class='ocrx_word' id='word_1_185' title='bbox 581 2066 875 2121; x_wconf 87' lang='lat' dir='ltr'><strong>veritatem</strong></span> <span class='ocrx_word' id='word_1_186' title='bbox 926 2066 1291 2122; x_wconf 89' lang='lat' dir='ltr'><strong>retinendam</strong></span> <span class='ocrx_word' id='word_1_187' title='bbox 1341 2066 1475 2123; x_wconf 91' lang='lat' dir='ltr'><strong>illos</strong></span> <span class='ocrx_word' id='word_1_188' title='bbox 1524 2068 1863 2133; x_wconf 82' lang='lat' dir='ltr'><strong>adhortans,</strong></span> <span class='ocrx_word' id='word_1_189' title='bbox 1897 2068 2108 2139; x_wconf 88' lang='lat' dir='ltr'><strong>partim</strong></span> 
     </span>
    </p>
   </div>
   <div class='ocr_carea' id='block_1_26' title="bbox 472 2151 2111 2227">
    <p class='ocr_par' dir='ltr' id='par_1_26' title="bbox 472 2151 2111 2227">
     <span class='ocr_line' id='line_1_28' title="bbox 472 2151 2111 2227; baseline 0.002 -22"><span class='ocrx_word' id='word_1_190' title='bbox 472 2151 748 2222; x_wconf 82' lang='lat' dir='ltr'><strong>mysteria</strong></span> <span class='ocrx_word' id='word_1_191' title='bbox 771 2153 1004 2208; x_wconf 89' lang='lat' dir='ltr'><strong>tradens</strong></span> <span class='ocrx_word' id='word_1_192' title='bbox 1029 2170 1042 2207; x_wconf 91' lang='lat'><strong>:</strong></span> <span class='ocrx_word' id='word_1_193' title='bbox 1066 2169 1164 2209; x_wconf 89' lang='lat' dir='ltr'><strong>eos</strong></span> <span class='ocrx_word' id='word_1_194' title='bbox 1187 2169 1338 2225; x_wconf 89' lang='lat' dir='ltr'><strong>vero,</strong></span> <span class='ocrx_word' id='word_1_195' title='bbox 1363 2156 1459 2225; x_wconf 89' lang='lat' dir='ltr'><strong>qui</strong></span> <span class='ocrx_word' id='word_1_196' title='bbox 1485 2156 1857 2227; x_wconf 84' lang='lat' dir='ltr'><strong>languoribus</strong></span> <span class='ocrx_word' id='word_1_197' title='bbox 1880 2159 1937 2211; x_wconf 92' lang='lat' dir='ltr'><strong>et</strong></span> <span class='ocrx_word' id='word_1_198' title='bbox 1959 2171 2111 2210; x_wconf 91' lang='lat' dir='ltr'><strong>mor-</strong></span> 
     </span>
    </p>
   </div>
   <div class='ocr_carea' id='block_1_27' title="bbox 465 2238 2108 2314">
    <p class='ocr_par' dir='ltr' id='par_1_27' title="bbox 465 2238 2108 2314">
     <span class='ocr_line' id='line_1_29' title="bbox 465 2238 2108 2314; baseline 0.002 -21"><span class='ocrx_word' id='word_1_199' title='bbox 465 2238 557 2293; x_wconf 90' lang='lat' dir='ltr'><strong>bis</strong></span> <span class='ocrx_word' id='word_1_200' title='bbox 584 2239 672 2294; x_wconf 91' lang='lat' dir='ltr'><strong>vel</strong></span> <span class='ocrx_word' id='word_1_201' title='bbox 704 2240 1030 2295; x_wconf 69' lang='lat' dir='ltr'><strong>dzemonum</strong></span> <span class='ocrx_word' id='word_1_202' title='bbox 1064 2242 1288 2297; x_wconf 90' lang='lat' dir='ltr'><strong>malitia</strong></span> <span class='ocrx_word' id='word_1_203' title='bbox 1312 2244 1598 2314; x_wconf 88' lang='lat' dir='ltr'><strong>oppressi,</strong></span> <span class='ocrx_word' id='word_1_204' title='bbox 1630 2244 1701 2299; x_wconf 86' lang='lat' dir='ltr'><strong>de</strong></span> <span class='ocrx_word' id='word_1_205' title='bbox 1729 2246 1848 2299; x_wconf 88' lang='lat' dir='ltr'><strong>vita</strong></span> <span class='ocrx_word' id='word_1_206' title='bbox 1879 2244 2108 2314; x_wconf 89' lang='lat' dir='ltr'><strong>pericli-</strong></span> 
     </span>
    </p>
   </div>
   <div class='ocr_carea' id='block_1_28' title="bbox 468 2326 2111 2395">
    <p class='ocr_par' dir='ltr' id='par_1_28' title="bbox 468 2326 2111 2395">
     <span class='ocr_line' id='line_1_30' title="bbox 468 2326 2111 2395; baseline 0.005 -14"><span class='ocrx_word' id='word_1_207' title='bbox 468 2326 769 2395; x_wconf 87' lang='lat' dir='ltr'><strong>tabantur,</strong></span> <span class='ocrx_word' id='word_1_208' title='bbox 800 2330 972 2384; x_wconf 90' lang='lat' dir='ltr'><strong>verbo</strong></span> <span class='ocrx_word' id='word_1_209' title='bbox 1005 2334 1061 2385; x_wconf 91' lang='lat' dir='ltr'><strong>et</strong></span> <span class='ocrx_word' id='word_1_210' title='bbox 1090 2346 1299 2386; x_wconf 89' lang='lat' dir='ltr'><strong>manus</strong></span> <span class='ocrx_word' id='word_1_211' title='bbox 1331 2336 1548 2387; x_wconf 88' lang='lat' dir='ltr'><strong>attactu</strong></span> <span class='ocrx_word' id='word_1_212' title='bbox 1576 2333 1647 2387; x_wconf 89' lang='lat' dir='ltr'><strong>ab</strong></span> <span class='ocrx_word' id='word_1_213' title='bbox 1679 2332 1955 2388; x_wconf 91' lang='lat' dir='ltr'><strong>omnibus</strong></span> <span class='ocrx_word' id='word_1_214' title='bbox 1988 2348 2111 2389; x_wconf 89' lang='lat' dir='ltr'><strong>mo-</strong></span> 
     </span>
    </p>
   </div>
   <div class='ocr_carea' id='block_1_29' title="bbox 466 2415 1214 2477">
    <p class='ocr_par' dir='ltr' id='par_1_29' title="bbox 466 2415 1214 2477">
     <span class='ocr_line' id='line_1_31' title="bbox 466 2415 1214 2477; baseline 0.009 -8"><span class='ocrx_word' id='word_1_215' title='bbox 466 2415 654 2471; x_wconf 89' lang='lat' dir='ltr'><strong>lestiis</strong></span> <span class='ocrx_word' id='word_1_216' title='bbox 685 2419 879 2473; x_wconf 89' lang='lat' dir='ltr'><strong>statim</strong></span> <span class='ocrx_word' id='word_1_217' title='bbox 912 2417 1214 2477; x_wconf 88' lang='lat' dir='ltr'><strong>liberabat.</strong></span> 
     </span>
    </p>
   </div>
   <div class='ocr_carea' id='block_1_30' title="bbox 542 2502 2110 2582">
    <p class='ocr_par' dir='ltr' id='par_1_30' title="bbox 542 2502 2110 2582">
     <span class='ocr_line' id='line_1_32' title="bbox 542 2502 2110 2582; baseline 0.006 -25"><span class='ocrx_word' id='word_1_218' title='bbox 542 2502 638 2559; x_wconf 88' lang='lat' dir='ltr'><strong>VI.</strong></span> <span class='ocrx_word' id='word_1_219' title='bbox 688 2504 895 2561; x_wconf 88' lang='lat' dir='ltr'><strong>Postea</strong></span> <span class='ocrx_word' id='word_1_220' title='bbox 940 2522 1075 2562; x_wconf 86' lang='lat' dir='ltr'><strong>vero</strong></span> <span class='ocrx_word' id='word_1_221' title='bbox 1124 2524 1298 2577; x_wconf 88' lang='lat' dir='ltr'><strong>quam</strong></span> <span class='ocrx_word' id='word_1_222' title='bbox 1349 2526 1494 2581; x_wconf 90' lang='lat' dir='ltr'><strong>opus</strong></span> <span class='ocrx_word' id='word_1_223' title='bbox 1538 2511 1728 2582; x_wconf 83' lang='lat' dir='ltr'><strong>exegit</strong></span> <span class='ocrx_word' id='word_1_224' title='bbox 1775 2528 1884 2567; x_wconf 92' lang='lat' dir='ltr'><strong>sua</strong></span> <span class='ocrx_word' id='word_1_225' title='bbox 1939 2528 2110 2567; x_wconf 92' lang='lat' dir='ltr'><strong>voca-</strong></span> 
     </span>
    </p>
   </div>
   <div class='ocr_carea' id='block_1_31' title="bbox 473 2591 2108 2671">
    <p class='ocr_par' dir='ltr' id='par_1_31' title="bbox 473 2591 2108 2671">
     <span class='ocr_line' id='line_1_33' title="bbox 473 2591 2108 2671; baseline 0.006 -26"><span class='ocrx_word' id='word_1_226' title='bbox 473 2591 632 2647; x_wconf 89' lang='lat' dir='ltr'><strong>tione</strong></span> <span class='ocrx_word' id='word_1_227' title='bbox 688 2593 956 2664; x_wconf 89' lang='lat' dir='ltr'><strong>dignum,</strong></span> <span class='ocrx_word' id='word_1_228' title='bbox 1015 2601 1074 2651; x_wconf 91' lang='lat' dir='ltr'><strong>et</strong></span> <span class='ocrx_word' id='word_1_229' title='bbox 1130 2596 1392 2652; x_wconf 90' lang='lat' dir='ltr'><strong>debitum</strong></span> <span class='ocrx_word' id='word_1_230' title='bbox 1450 2615 1595 2669; x_wconf 87' lang='lat' dir='ltr'><strong>opus</strong></span> <span class='ocrx_word' id='word_1_231' title='bbox 1648 2600 1977 2671; x_wconf 84' lang='lat' dir='ltr'><strong>complevit,</strong></span> <span class='ocrx_word' id='word_1_232' title='bbox 2036 2602 2108 2655; x_wconf 89' lang='lat' dir='ltr'><strong>ad</strong></span> 
     </span>
    </p>
   </div>
   <div class='ocr_carea' id='block_1_32' title="bbox 472 2681 2109 2759">
    <p class='ocr_par' dir='ltr' id='par_1_32' title="bbox 472 2681 2109 2759">
     <span class='ocr_line' id='line_1_34' title="bbox 472 2681 2109 2759; baseline 0.007 -26"><span class='ocrx_word' id='word_1_233' title='bbox 472 2681 628 2750; x_wconf 90' lang='lat' dir='ltr'><strong>quod</strong></span> <span class='ocrx_word' id='word_1_234' title='bbox 680 2686 919 2737; x_wconf 83' lang='lat' dir='ltr'><strong>vocatus</strong></span> <span class='ocrx_word' id='word_1_235' title='bbox 966 2684 1172 2751; x_wconf 85' lang='lat' dir='ltr'><strong>fuerat,</strong></span> <span class='ocrx_word' id='word_1_236' title='bbox 1205 2701 1306 2754; x_wconf 88' lang='lat' dir='ltr'><strong>per</strong></span> <span class='ocrx_word' id='word_1_237' title='bbox 1362 2688 1703 2759; x_wconf 81' lang='lat' dir='ltr'><strong>martyrium</strong></span> <span class='ocrx_word' id='word_1_238' title='bbox 1755 2688 1813 2742; x_wconf 90' lang='lat' dir='ltr'><strong>in</strong></span> <span class='ocrx_word' id='word_1_239' title='bbox 1867 2688 2109 2744; x_wconf 91' lang='lat' dir='ltr'><strong>Domino</strong></span> 
     </span>
    </p>
   </div>
   <div class='ocr_carea' id='block_1_33' title="bbox 466 2769 2111 2849">
    <p class='ocr_par' dir='ltr' id='par_1_33' title="bbox 466 2769 2111 2849">
     <span class='ocr_line' id='line_1_35' title="bbox 466 2769 2111 2849; baseline 0.007 -27"><span class='ocrx_word' id='word_1_240' title='bbox 466 2769 702 2839; x_wconf 87' lang='lat' dir='ltr'><strong>quievit,</strong></span> <span class='ocrx_word' id='word_1_241' title='bbox 736 2775 792 2825; x_wconf 91' lang='lat' dir='ltr'><strong>et</strong></span> <span class='ocrx_word' id='word_1_242' title='bbox 822 2772 1013 2839; x_wconf 90' lang='lat' dir='ltr'><strong>nobis,</strong></span> <span class='ocrx_word' id='word_1_243' title='bbox 1058 2774 1158 2845; x_wconf 92' lang='lat' dir='ltr'><strong>qui</strong></span> <span class='ocrx_word' id='word_1_244' title='bbox 1214 2791 1519 2830; x_wconf 88' lang='lat' dir='ltr'><strong>versamur</strong></span> <span class='ocrx_word' id='word_1_245' title='bbox 1566 2778 1623 2831; x_wconf 93' lang='lat' dir='ltr'><strong>in</strong></span> <span class='ocrx_word' id='word_1_246' title='bbox 1672 2778 1864 2845; x_wconf 89' lang='lat' dir='ltr'><strong>terris,</strong></span> <span class='ocrx_word' id='word_1_247' title='bbox 1896 2794 2111 2849; x_wconf 87' lang='lat' dir='ltr'><strong>corpus</strong></span> 
     </span>
    </p>
   </div>
   <div class='ocr_carea' id='block_1_34' title="bbox 465 2856 2109 2938">
    <p class='ocr_par' dir='ltr' id='par_1_34' title="bbox 465 2856 2109 2938">
     <span class='ocr_line' id='line_1_36' title="bbox 465 2856 2109 2938; baseline 0.005 -25"><span class='ocrx_word' id='word_1_248' title='bbox 465 2856 699 2928; x_wconf 84' lang='lat' dir='ltr'><strong>reliquit</strong></span> <span class='ocrx_word' id='word_1_249' title='bbox 750 2860 936 2931; x_wconf 89' lang='lat' dir='ltr'><strong>gloria</strong></span> <span class='ocrx_word' id='word_1_250' title='bbox 984 2867 1041 2916; x_wconf 90' lang='lat' dir='ltr'><strong>et</strong></span> <span class='ocrx_word' id='word_1_251' title='bbox 1093 2864 1324 2935; x_wconf 88' lang='lat' dir='ltr'><strong>hymnis</strong></span> <span class='ocrx_word' id='word_1_252' title='bbox 1381 2874 1670 2932; x_wconf 88' lang='lat' dir='ltr'><strong>ornatum,</strong></span> <span class='ocrx_word' id='word_1_253' title='bbox 1721 2883 1957 2938; x_wconf 90' lang='lat' dir='ltr'><strong>eosque,</strong></span> <span class='ocrx_word' id='word_1_254' title='bbox 2009 2868 2109 2938; x_wconf 91' lang='lat' dir='ltr'><strong>qui</strong></span> 
     </span>
    </p>
   </div>
   <div class='ocr_carea' id='block_1_35' title="bbox 460 2947 2110 3028">
    <p class='ocr_par' dir='ltr' id='par_1_35' title="bbox 460 2947 2110 3028">
     <span class='ocr_line' id='line_1_37' title="bbox 460 2947 2110 3028; baseline 0.007 -27"><span class='ocrx_word' id='word_1_255' title='bbox 460 2947 805 3003; x_wconf 88' lang='lat' dir='ltr'><strong>memoriam</strong></span> <span class='ocrx_word' id='word_1_256' title='bbox 837 2950 965 3019; x_wconf 90' lang='lat' dir='ltr'><strong>ejus</strong></span> <span class='ocrx_word' id='word_1_257' title='bbox 988 2950 1299 3022; x_wconf 85' lang='lat' dir='ltr'><strong>celebrant,</strong></span> <span class='ocrx_word' id='word_1_258' title='bbox 1319 2955 1573 3010; x_wconf 88' lang='lat' dir='ltr'><strong>vicissim</strong></span> <span class='ocrx_word' id='word_1_259' title='bbox 1600 2955 1783 3012; x_wconf 90' lang='lat' dir='ltr'><strong>multo</strong></span> <span class='ocrx_word' id='word_1_260' title='bbox 1803 2956 2110 3028; x_wconf 86' lang='lat' dir='ltr'><strong>splendore</strong></span> 
     </span>
    </p>
   </div>
   <div class='ocr_carea' id='block_1_36' title="bbox 456 3042 2106 3117">
    <p class='ocr_par' dir='ltr' id='par_1_36' title="bbox 456 3042 2106 3117">
     <span class='ocr_line' id='line_1_38' title="bbox 456 3042 2106 3117; baseline 0.007 -25"><span class='ocrx_word' id='word_1_261' title='bbox 456 3052 696 3106; x_wconf 89' lang='lat' dir='ltr'><strong>ornans,</strong></span> <span class='ocrx_word' id='word_1_262' title='bbox 717 3055 782 3094; x_wconf 90' lang='lat' dir='ltr'><strong>ac</strong></span> <span class='ocrx_word' id='word_1_263' title='bbox 805 3044 1041 3096; x_wconf 89' lang='lat' dir='ltr'><strong>sanctos</strong></span> <span class='ocrx_word' id='word_1_264' title='bbox 1063 3042 1322 3098; x_wconf 89' lang='lat' dir='ltr'><strong>efﬁciens</strong></span> <span class='ocrx_word' id='word_1_265' title='bbox 1340 3061 1353 3098; x_wconf 88' lang='lat'><strong><em>:</em></strong></span> <span class='ocrx_word' id='word_1_266' title='bbox 1371 3044 1431 3099; x_wconf 91' lang='lat' dir='ltr'><strong>id</strong></span> <span class='ocrx_word' id='word_1_267' title='bbox 1452 3047 1603 3117; x_wconf 91' lang='lat' dir='ltr'><strong>quod</strong></span> <span class='ocrx_word' id='word_1_268' title='bbox 1626 3047 1796 3101; x_wconf 88' lang='lat' dir='ltr'><strong>multi</strong></span> <span class='ocrx_word' id='word_1_269' title='bbox 1818 3064 1886 3103; x_wconf 86' lang='lat' dir='ltr'><strong>ex</strong></span> <span class='ocrx_word' id='word_1_270' title='bbox 1906 3063 2106 3103; x_wconf 88' lang='lat' dir='ltr'><strong>eorum</strong></span> 
     </span>
    </p>
   </div>
   <div class='ocr_carea' id='block_1_37' title="bbox 456 3129 2103 3209">
    <p class='ocr_par' dir='ltr' id='par_1_37' title="bbox 456 3129 2103 3209">
     <span class='ocr_line' id='line_1_39' title="bbox 456 3129 2103 3209; baseline 0.007 -28"><span class='ocrx_word' id='word_1_271' title='bbox 456 3142 724 3195; x_wconf 89' lang='lat' dir='ltr'><strong>numero,</strong></span> <span class='ocrx_word' id='word_1_272' title='bbox 750 3129 846 3198; x_wconf 92' lang='lat' dir='ltr'><strong>qui</strong></span> <span class='ocrx_word' id='word_1_273' title='bbox 882 3145 981 3200; x_wconf 89' lang='lat' dir='ltr'><strong>per</strong></span> <span class='ocrx_word' id='word_1_274' title='bbox 1010 3131 1351 3200; x_wconf 88' lang='lat' dir='ltr'><strong>Apostolum</strong></span> <span class='ocrx_word' id='word_1_275' title='bbox 1383 3133 1573 3204; x_wconf 90' lang='lat' dir='ltr'><strong>ipsum</strong></span> <span class='ocrx_word' id='word_1_276' title='bbox 1613 3134 1803 3190; x_wconf 91' lang='lat' dir='ltr'><strong>salute</strong></span> <span class='ocrx_word' id='word_1_277' title='bbox 1829 3136 1990 3209; x_wconf 89' lang='lat' dir='ltr'><strong>digni</strong></span> <span class='ocrx_word' id='word_1_278' title='bbox 2023 3137 2103 3192; x_wconf 82' lang='lat' dir='ltr'><strong>fa-</strong></span> 
     </span>
    </p>
   </div>
   <div class='ocr_carea' id='block_1_38' title="bbox 2138 1847 2193 1913">
    <p class='ocr_par' dir='ltr' id='par_1_38' title="bbox 2138 1847 2193 1913">
     <span class='ocr_line' id='line_1_40' title="bbox 2138 1847 2193 1913; baseline 0 0"><span class='ocrx_word' id='word_1_279' title='bbox 2138 1847 2193 1913; x_wconf 93' lang='lat' dir='ltr'><strong>B</strong></span> 
     </span>
    </p>
   </div>
   <div class='ocr_carea' id='block_1_39' title="bbox 2222 901 3871 981">
    <p class='ocr_par' dir='ltr' id='par_1_39' title="bbox 2222 901 3871 981">
     <span class='ocr_line' id='line_1_41' title="bbox 2222 901 3871 981; baseline -0.001 -19"><span class='ocrx_word' id='word_1_280' title='bbox 2222 907 2561 981; x_wconf 88' lang='grc' dir='ltr'>βουλόμενος</span> <span class='ocrx_word' id='word_1_281' title='bbox 2592 908 2738 979; x_wconf 84' lang='grc' dir='ltr'>αὐτῷ</span> <span class='ocrx_word' id='word_1_282' title='bbox 2780 906 2847 962; x_wconf 70' lang='grc' dir='ltr'><strong>τὰ</strong></span> <span class='ocrx_word' id='word_1_283' title='bbox 2888 913 2987 975; x_wconf 83' lang='grc' dir='ltr'><strong>τῆς</strong></span> <span class='ocrx_word' id='word_1_284' title='bbox 3030 901 3283 981; x_wconf 75' lang='grc' dir='ltr'>διδαχῆς.</span> <span class='ocrx_word' id='word_1_285' title='bbox 3326 904 3417 958; x_wconf 87' lang='grc' dir='ltr'><strong>καὶ</strong></span> <span class='ocrx_word' id='word_1_286' title='bbox 3464 905 3565 971; x_wconf 77' lang='grc' dir='ltr'>τὴν</span> <span class='ocrx_word' id='word_1_287' title='bbox 3618 902 3871 975; x_wconf 69' lang='grc' dir='ltr'>ἀποκληι</span> 
     </span>
    </p>
   </div>
   <div class='ocr_carea' id='block_1_40' title="bbox 2220 993 3871 1071">
    <p class='ocr_par' dir='ltr' id='par_1_40' title="bbox 2220 993 3871 1071">
     <span class='ocr_line' id='line_1_42' title="bbox 2220 993 3871 1071; baseline -0.001 -21"><span class='ocrx_word' id='word_1_288' title='bbox 2220 998 2477 1071; x_wconf 82' lang='grc' dir='ltr'>ρωθεῖσαν</span> <span class='ocrx_word' id='word_1_289' title='bbox 2531 996 2677 1066; x_wconf 82' lang='grc' dir='ltr'><strong>αὐτῷ</strong></span> <span class='ocrx_word' id='word_1_290' title='bbox 2732 994 3017 1069; x_wconf 79' lang='grc' dir='ltr'>ἱεράπὸλιν</span> <span class='ocrx_word' id='word_1_291' title='bbox 3066 999 3165 1062; x_wconf 84' lang='grc' dir='ltr'><strong>τῆς</strong></span> <span class='ocrx_word' id='word_1_292' title='bbox 3225 993 3449 1067; x_wconf 82' lang='grc' dir='ltr'>Συρίας,</span> <span class='ocrx_word' id='word_1_293' title='bbox 3486 997 3567 1064; x_wconf 78' lang='grc' dir='ltr'>τῷ</span> <span class='ocrx_word' id='word_1_294' title='bbox 3607 997 3704 1048; x_wconf 76' lang='grc' dir='ltr'><strong>τοῦ</strong></span> <span class='ocrx_word' id='word_1_295' title='bbox 3763 995 3871 1051; x_wconf 79' lang='grc' dir='ltr'><strong>Εὐ-</strong></span> 
     </span>
    </p>
   </div>
   <div class='ocr_carea' id='block_1_41' title="bbox 2218 1077 3864 1163">
    <p class='ocr_par' dir='ltr' id='par_1_41' title="bbox 2218 1077 3864 1163">
     <span class='ocr_line' id='line_1_43' title="bbox 2218 1077 3864 1163; baseline -0.002 -22"><span class='ocrx_word' id='word_1_296' title='bbox 2218 1087 2421 1163; x_wconf 79' lang='grc' dir='ltr'>φράτου</span> <span class='ocrx_word' id='word_1_297' title='bbox 2466 1087 2615 1159; x_wconf 86' lang='grc' dir='ltr'>μέρει</span> <span class='ocrx_word' id='word_1_298' title='bbox 2667 1083 3016 1155; x_wconf 80' lang='grc' dir='ltr'>διακειμένην</span> <span class='ocrx_word' id='word_1_299' title='bbox 3065 1077 3496 1154; x_wconf 81' lang='grc' dir='ltr'>καταλαμϐάνει,</span> <span class='ocrx_word' id='word_1_300' title='bbox 3531 1082 3621 1136; x_wconf 81' lang='grc' dir='ltr'><strong>καὶ</strong></span> <span class='ocrx_word' id='word_1_301' title='bbox 3676 1082 3864 1154; x_wconf 66' lang='grc' dir='ltr'>ἐπειδὴ</span> 
     </span>
    </p>
   </div>
   <div class='ocr_carea' id='block_1_42' title="bbox 2216 1170 3867 1250">
    <p class='ocr_par' dir='ltr' id='par_1_42' title="bbox 2216 1170 3867 1250">
     <span class='ocr_line' id='line_1_44' title="bbox 2216 1170 3867 1250; baseline -0.002 -20"><span class='ocrx_word' id='word_1_302' title='bbox 2216 1178 2351 1250; x_wconf 85' lang='grc' dir='ltr'>πρὸς</span> <span class='ocrx_word' id='word_1_303' title='bbox 2380 1174 2641 1245; x_wconf 81' lang='grc' dir='ltr'>ἀληθείας</span> <span class='ocrx_word' id='word_1_304' title='bbox 2672 1173 2961 1246; x_wconf 78' lang='grc' dir='ltr'>ἐπίγνωσιν</span> <span class='ocrx_word' id='word_1_305' title='bbox 2995 1170 3294 1245; x_wconf 79' lang='grc' dir='ltr'>ἐπανήγαγε</span> <span class='ocrx_word' id='word_1_306' title='bbox 3322 1172 3409 1226; x_wconf 88' lang='grc' dir='ltr'>καὶ</span> <span class='ocrx_word' id='word_1_307' title='bbox 3452 1172 3577 1232; x_wconf 80' lang='grc' dir='ltr'>τοὺς</span> <span class='ocrx_word' id='word_1_308' title='bbox 3618 1171 3673 1226; x_wconf 82' lang='grc' dir='ltr'>ἐν</span> <span class='ocrx_word' id='word_1_309' title='bbox 3703 1170 3867 1246; x_wconf 79' lang='grc' dir='ltr'>αὒτῇ,</span> 
     </span>
    </p>
   </div>
   <div class='ocr_carea' id='block_1_43' title="bbox 2218 1261 3870 1335">
    <p class='ocr_par' dir='ltr' id='par_1_43' title="bbox 2218 1261 3870 1335">
     <span class='ocr_line' id='line_1_45' title="bbox 2218 1261 3870 1335; baseline -0.002 -15"><span class='ocrx_word' id='word_1_310' title='bbox 2218 1263 2594 1320; x_wconf 86' lang='grc' dir='ltr'>διδασκαλεῖόν</span> <span class='ocrx_word' id='word_1_311' title='bbox 2653 1286 2710 1319; x_wconf 88' lang='grc' dir='ltr'><strong>τε</strong></span> <span class='ocrx_word' id='word_1_312' title='bbox 2757 1264 2991 1325; x_wconf 87' lang='grc' dir='ltr'>πίστεως</span> <span class='ocrx_word' id='word_1_313' title='bbox 3040 1261 3151 1317; x_wconf 81' lang='grc' dir='ltr'>ἐκεῖ</span> <span class='ocrx_word' id='word_1_314' title='bbox 3181 1263 3609 1335; x_wconf 73' lang='grc' dir='ltr'>συστησάμενος,</span> <span class='ocrx_word' id='word_1_315' title='bbox 3638 1261 3730 1316; x_wconf 88' lang='grc' dir='ltr'><strong>καὶ</strong></span> <span class='ocrx_word' id='word_1_316' title='bbox 3784 1267 3870 1334; x_wconf 78' lang='grc' dir='ltr'>τῷ</span> 
     </span>
    </p>
   </div>
   <div class='ocr_carea' id='block_1_44' title="bbox 2215 1350 3863 1430">
    <p class='ocr_par' dir='ltr' id='par_1_44' title="bbox 2215 1350 3863 1430">
     <span class='ocr_line' id='line_1_46' title="bbox 2215 1350 3863 1430; baseline -0.002 -21"><span class='ocrx_word' id='word_1_317' title='bbox 2215 1360 2313 1409; x_wconf 75' lang='grc' dir='ltr'><strong>τοῦ</strong></span> <span class='ocrx_word' id='word_1_318' title='bbox 2346 1354 2514 1430; x_wconf 85' lang='grc' dir='ltr'>λόγου</span> <span class='ocrx_word' id='word_1_319' title='bbox 2548 1352 2749 1426; x_wconf 82' lang='grc' dir='ltr'>δικτύῳ</span> <span class='ocrx_word' id='word_1_320' title='bbox 2778 1354 2976 1414; x_wconf 72' lang='grc' dir='ltr'>πάντας</span> <span class='ocrx_word' id='word_1_321' title='bbox 3010 1354 3095 1413; x_wconf 81' lang='grc' dir='ltr'>οἷς</span> <span class='ocrx_word' id='word_1_322' title='bbox 3145 1350 3205 1405; x_wconf 79' lang='grc' dir='ltr'><strong>ἃν</strong></span> <span class='ocrx_word' id='word_1_323' title='bbox 3257 1350 3478 1425; x_wconf 80' lang='grc' dir='ltr'>ἐντύχοι</span> <span class='ocrx_word' id='word_1_324' title='bbox 3546 1353 3863 1427; x_wconf 77' lang='grc' dir='ltr'>ζωγρήσας,</span> 
     </span>
    </p>
   </div>
   <div class='ocr_carea' id='block_1_45' title="bbox 2219 1438 3865 1517">
    <p class='ocr_par' dir='ltr' id='par_1_45' title="bbox 2219 1438 3865 1517">
     <span class='ocr_line' id='line_1_47' title="bbox 2219 1438 3865 1517; baseline -0.002 -19"><span class='ocrx_word' id='word_1_325' title='bbox 2219 1444 2508 1517; x_wconf 79' lang='grc' dir='ltr'>θαυμάτων</span> <span class='ocrx_word' id='word_1_326' title='bbox 2547 1464 2605 1498; x_wconf 91' lang='grc' dir='ltr'><strong>τε</strong></span> <span class='ocrx_word' id='word_1_327' title='bbox 2652 1442 2870 1513; x_wconf 80' lang='grc' dir='ltr'>πληθὺν</span> <span class='ocrx_word' id='word_1_328' title='bbox 2914 1440 3301 1515; x_wconf 74' lang='grc' dir='ltr'>ἐργασάμενος,</span> <span class='ocrx_word' id='word_1_329' title='bbox 3331 1443 3423 1495; x_wconf 87' lang='grc' dir='ltr'>καὶ</span> <span class='ocrx_word' id='word_1_330' title='bbox 3480 1438 3546 1509; x_wconf 78' lang='grc' dir='ltr'>δὴ</span> <span class='ocrx_word' id='word_1_331' title='bbox 3592 1441 3681 1496; x_wconf 84' lang='lat' dir='ltr'><strong>xui</strong></span> <span class='ocrx_word' id='word_1_332' title='bbox 3735 1441 3865 1503; x_wconf 83' lang='grc' dir='ltr'>τοὺς</span> 
     </span>
    </p>
   </div>
   <div class='ocr_carea' id='block_1_46' title="bbox 2216 1528 3864 1607">
    <p class='ocr_par' dir='ltr' id='par_1_46' title="bbox 2216 1528 3864 1607">
     <span class='ocr_line' id='line_1_48' title="bbox 2216 1528 3864 1607; baseline -0.002 -20"><span class='ocrx_word' id='word_1_333' title='bbox 2216 1532 2661 1597; x_wconf 82' lang='grc' dir='ltr'>πεπιστευκότας,</span> <span class='ocrx_word' id='word_1_334' title='bbox 2698 1529 2765 1585; x_wconf 88' lang='grc' dir='ltr'>δι’</span> <span class='ocrx_word' id='word_1_335' title='bbox 2797 1528 2991 1591; x_wconf 79' lang='grc' dir='ltr'>ὕδατός</span> <span class='ocrx_word' id='word_1_336' title='bbox 3023 1551 3080 1585; x_wconf 88' lang='grc' dir='ltr'><strong>τε</strong></span> <span class='ocrx_word' id='word_1_337' title='bbox 3117 1532 3205 1584; x_wconf 90' lang='lat' dir='ltr'><strong>xui</strong></span> <span class='ocrx_word' id='word_1_338' title='bbox 3239 1532 3555 1602; x_wconf 85' lang='grc' dir='ltr'>Πνεύματος</span> <span class='ocrx_word' id='word_1_339' title='bbox 3586 1550 3864 1607; x_wconf 88' lang='grc' dir='ltr'>προσαγα-</span> 
     </span>
    </p>
   </div>
   <div class='ocr_carea' id='block_1_47' title="bbox 2216 1617 3863 1696">
    <p class='ocr_par' dir='ltr' id='par_1_47' title="bbox 2216 1617 3863 1696">
     <span class='ocr_line' id='line_1_49' title="bbox 2216 1617 3863 1696; baseline 0.002 -21"><span class='ocrx_word' id='word_1_340' title='bbox 2216 1622 2329 1695; x_wconf 88' lang='grc' dir='ltr'><strong>γὼν</strong></span> <span class='ocrx_word' id='word_1_341' title='bbox 2360 1625 2438 1692; x_wconf 81' lang='grc' dir='ltr'>τῷ</span> <span class='ocrx_word' id='word_1_342' title='bbox 2460 1625 2704 1696; x_wconf 77' lang='grc' dir='ltr'>Χριστῷ,</span> <span class='ocrx_word' id='word_1_343' title='bbox 2740 1618 3033 1689; x_wconf 76' lang='grc' dir='ltr'>ἐκκλησίαν</span> <span class='ocrx_word' id='word_1_344' title='bbox 3066 1619 3211 1690; x_wconf 84' lang='grc' dir='ltr'><strong>αὐτῷ</strong></span> <span class='ocrx_word' id='word_1_345' title='bbox 3250 1619 3406 1695; x_wconf 82' lang='grc' dir='ltr'>ἁγίαν</span> <span class='ocrx_word' id='word_1_346' title='bbox 3438 1617 3863 1693; x_wconf 84' lang='grc' dir='ltr'>ᾠκοδομήσατο,</span> 
     </span>
    </p>
   </div>
   <div class='ocr_carea' id='block_1_48' title="bbox 2214 1705 3864 1784">
    <p class='ocr_par' dir='ltr' id='par_1_48' title="bbox 2214 1705 3864 1784">
     <span class='ocr_line' id='line_1_50' title="bbox 2214 1705 3864 1784; baseline 0.001 -19"><span class='ocrx_word' id='word_1_347' title='bbox 2214 1712 2377 1784; x_wconf 73' lang='grc' dir='ltr'>ἱερεῖς</span> <span class='ocrx_word' id='word_1_348' title='bbox 2428 1709 2486 1764; x_wconf 72' lang='grc' dir='ltr'>δὲ</span> <span class='ocrx_word' id='word_1_349' title='bbox 2525 1710 2613 1764; x_wconf 77' lang='grc' dir='ltr'><strong>καὶ</strong></span> <span class='ocrx_word' id='word_1_350' title='bbox 2658 1705 3053 1783; x_wconf 84' lang='grc' dir='ltr'>πρεσϐυτέρους</span> <span class='ocrx_word' id='word_1_351' title='bbox 3111 1706 3537 1783; x_wconf 81' lang='grc' dir='ltr'>ἀποκληρώσας,</span> <span class='ocrx_word' id='word_1_352' title='bbox 3596 1712 3685 1766; x_wconf 88' lang='grc' dir='ltr'><strong>καὶ</strong></span> <span class='ocrx_word' id='word_1_353' title='bbox 3744 1711 3864 1768; x_wconf 86' lang='grc' dir='ltr'>δια-</span> 
     </span>
    </p>
   </div>
   <div class='ocr_carea' id='block_1_49' title="bbox 2215 1797 3865 1873">
    <p class='ocr_par' dir='ltr' id='par_1_49' title="bbox 2215 1797 3865 1873">
     <span class='ocr_line' id='line_1_51' title="bbox 2215 1797 3865 1873; baseline -0.004 -19"><span class='ocrx_word' id='word_1_354' title='bbox 2215 1802 2405 1862; x_wconf 87' lang='grc' dir='ltr'>κόνους</span> <span class='ocrx_word' id='word_1_355' title='bbox 2432 1806 2514 1872; x_wconf 78' lang='grc' dir='ltr'><strong>τῷ</strong></span> <span class='ocrx_word' id='word_1_356' title='bbox 2562 1800 2799 1871; x_wconf 86' lang='grc' dir='ltr'>τοιούτῳ</span> <span class='ocrx_word' id='word_1_357' title='bbox 2838 1798 3002 1853; x_wconf 79' lang='grc' dir='ltr'>πάλιν</span> <span class='ocrx_word' id='word_1_358' title='bbox 3050 1797 3402 1872; x_wconf 77' lang='grc' dir='ltr'>ἐγκαταλέξας</span> <span class='ocrx_word' id='word_1_359' title='bbox 3464 1802 3682 1873; x_wconf 78' lang='grc' dir='ltr'>βαθμῷ,</span> <span class='ocrx_word' id='word_1_360' title='bbox 3740 1804 3865 1859; x_wconf 73' lang='grc' dir='ltr'><strong>ἑκά-</strong></span> 
     </span>
    </p>
   </div>
   <div class='ocr_carea' id='block_1_50' title="bbox 2219 1888 3859 1965">
    <p class='ocr_par' dir='ltr' id='par_1_50' title="bbox 2219 1888 3859 1965">
     <span class='ocr_line' id='line_1_52' title="bbox 2219 1888 3859 1965; baseline 0.002 -21"><span class='ocrx_word' id='word_1_361' title='bbox 2219 1911 2349 1960; x_wconf 91' lang='grc' dir='ltr'>στης</span> <span class='ocrx_word' id='word_1_362' title='bbox 2404 1910 2462 1943; x_wconf 86' lang='grc' dir='ltr'><strong>τε</strong></span> <span class='ocrx_word' id='word_1_363' title='bbox 2509 1888 3030 1960; x_wconf 79' lang='grc' dir='ltr'>ἐκκλησιαζόμενος,</span> <span class='ocrx_word' id='word_1_364' title='bbox 3062 1888 3152 1942; x_wconf 84' lang='grc' dir='ltr'><strong>καὶ</strong></span> <span class='ocrx_word' id='word_1_365' title='bbox 3207 1892 3369 1943; x_wconf 81' lang='grc' dir='ltr'>τοῦτο</span> <span class='ocrx_word' id='word_1_366' title='bbox 3430 1889 3524 1961; x_wconf 75' lang='grc' dir='ltr'>μὲν</span> <span class='ocrx_word' id='word_1_367' title='bbox 3584 1891 3719 1965; x_wconf 84' lang='grc' dir='ltr'>πρὸς</span> <span class='ocrx_word' id='word_1_368' title='bbox 3757 1895 3859 1961; x_wconf 85' lang='grc' dir='ltr'><strong>τήν</strong></span> 
     </span>
    </p>
   </div>
   <div class='ocr_carea' id='block_1_51' title="bbox 2220 1974 3863 2054">
    <p class='ocr_par' dir='ltr' id='par_1_51' title="bbox 2220 1974 3863 2054">
     <span class='ocr_line' id='line_1_53' title="bbox 2220 1974 3863 2054; baseline -0.004 -21"><span class='ocrx_word' id='word_1_369' title='bbox 2220 1977 2479 2048; x_wconf 84' lang='grc' dir='ltr'>ἀλήθειαν</span> <span class='ocrx_word' id='word_1_370' title='bbox 2523 1975 2859 2054; x_wconf 71' lang='grc' dir='ltr'>ὑπαλείφων,</span> <span class='ocrx_word' id='word_1_371' title='bbox 2890 1981 3050 2031; x_wconf 79' lang='grc' dir='ltr'>τοῦτο</span> <span class='ocrx_word' id='word_1_372' title='bbox 3087 1974 3145 2031; x_wconf 76' lang='grc' dir='ltr'>δὲ</span> <span class='ocrx_word' id='word_1_373' title='bbox 3186 1974 3518 2051; x_wconf 80' lang='grc' dir='ltr'>παραδιδοὺς</span> <span class='ocrx_word' id='word_1_374' title='bbox 3548 1979 3615 2033; x_wconf 81' lang='grc' dir='ltr'><strong>τὰ</strong></span> <span class='ocrx_word' id='word_1_375' title='bbox 3648 1984 3863 2051; x_wconf 73' lang='grc' dir='ltr'>μυστή-</span> 
     </span>
    </p>
   </div>
   <div class='ocr_carea' id='block_1_52' title="bbox 2220 2064 3863 2141">
    <p class='ocr_par' dir='ltr' id='par_1_52' title="bbox 2220 2064 3863 2141">
     <span class='ocr_line' id='line_1_54' title="bbox 2220 2064 3863 2141; baseline 0.002 -20"><span class='ocrx_word' id='word_1_376' title='bbox 2220 2088 2330 2141; x_wconf 85' lang='grc' dir='ltr'>ρια,</span> <span class='ocrx_word' id='word_1_377' title='bbox 2360 2073 2475 2127; x_wconf 87' lang='grc' dir='ltr'>τοῖς</span> <span class='ocrx_word' id='word_1_378' title='bbox 2506 2064 2695 2120; x_wconf 79' lang='grc' dir='ltr'>πάθεσί</span> <span class='ocrx_word' id='word_1_379' title='bbox 2724 2087 2783 2119; x_wconf 88' lang='grc' dir='ltr'><strong>τε</strong></span> <span class='ocrx_word' id='word_1_380' title='bbox 2828 2066 2919 2119; x_wconf 87' lang='lat' dir='ltr'><strong>xui</strong></span> <span class='ocrx_word' id='word_1_381' title='bbox 2962 2067 3143 2127; x_wconf 87' lang='grc' dir='ltr'>νόσοις</span> <span class='ocrx_word' id='word_1_382' title='bbox 3182 2064 3527 2138; x_wconf 77' lang='grc' dir='ltr'>πιεζόμενος.</span> <span class='ocrx_word' id='word_1_383' title='bbox 3560 2069 3595 2137; x_wconf 73' lang='grc' dir='ltr'><strong>ἢ</strong></span> <span class='ocrx_word' id='word_1_384' title='bbox 3658 2066 3863 2141; x_wconf 84' lang='grc' dir='ltr'>δαιμο-</span> 
     </span>
    </p>
   </div>
   <div class='ocr_carea' id='block_1_53' title="bbox 2216 2152 3863 2229">
    <p class='ocr_par' dir='ltr' id='par_1_53' title="bbox 2216 2152 3863 2229">
     <span class='ocr_line' id='line_1_55' title="bbox 2216 2152 3863 2229; baseline -0.001 -17"><span class='ocrx_word' id='word_1_385' title='bbox 2216 2157 2349 2212; x_wconf 88' lang='grc' dir='ltr'>νίων</span> <span class='ocrx_word' id='word_1_386' title='bbox 2406 2155 2666 2224; x_wconf 82' lang='grc' dir='ltr'>κακότητι</span> <span class='ocrx_word' id='word_1_387' title='bbox 2723 2152 3146 2223; x_wconf 86' lang='grc' dir='ltr'>κινδυνεύοντας,</span> <span class='ocrx_word' id='word_1_388' title='bbox 3179 2152 3335 2229; x_wconf 85' lang='grc' dir='ltr'>λόγῳ</span> <span class='ocrx_word' id='word_1_389' title='bbox 3372 2155 3462 2209; x_wconf 88' lang='grc' dir='ltr'><strong>καὶ</strong></span> <span class='ocrx_word' id='word_1_390' title='bbox 3502 2157 3688 2229; x_wconf 88' lang='grc' dir='ltr'>χειρὸς</span> <span class='ocrx_word' id='word_1_391' title='bbox 3732 2156 3863 2211; x_wconf 80' lang='grc' dir='ltr'>ἐπα-</span> 
     </span>
    </p>
   </div>
   <div class='ocr_carea' id='block_1_54' title="bbox 2221 2241 3413 2322">
    <p class='ocr_par' dir='ltr' id='par_1_54' title="bbox 2221 2241 3413 2322">
     <span class='ocr_line' id='line_1_56' title="bbox 2221 2241 3413 2322; baseline -0.003 -19"><span class='ocrx_word' id='word_1_392' title='bbox 2221 2248 2319 2322; x_wconf 79' lang='grc' dir='ltr'><strong>φῇ,</strong></span> <span class='ocrx_word' id='word_1_393' title='bbox 2347 2250 2455 2300; x_wconf 79' lang='grc' dir='ltr'><strong>τῶν</strong></span> <span class='ocrx_word' id='word_1_394' title='bbox 2483 2243 2860 2319; x_wconf 75' lang='grc' dir='ltr'>ἐνοχλούντων</span> <span class='ocrx_word' id='word_1_395' title='bbox 2894 2242 3048 2305; x_wconf 81' lang='grc' dir='ltr'>εὐθὺς</span> <span class='ocrx_word' id='word_1_396' title='bbox 3082 2241 3413 2313; x_wconf 87' lang='grc' dir='ltr'>ἀπήλαττεν.</span> 
     </span>
    </p>
   </div>
   <div class='ocr_carea' id='block_1_55' title="bbox 2292 2509 3862 2591">
    <p class='ocr_par' dir='ltr' id='par_1_55' title="bbox 2292 2509 3862 2591">
     <span class='ocr_line' id='line_1_57' title="bbox 2292 2509 3862 2591; baseline 0.001 -23"><span class='ocrx_word' id='word_1_397' title='bbox 2292 2532 2341 2575; x_wconf 84' lang='grc' dir='ltr'>ς.</span> <span class='ocrx_word' id='word_1_398' title='bbox 2375 2510 2600 2583; x_wconf 87' lang='grc' dir='ltr'>Ἀμέλει</span> <span class='ocrx_word' id='word_1_399' title='bbox 2639 2509 2733 2564; x_wconf 88' lang='lat' dir='ltr'><strong>xui</strong></span> <span class='ocrx_word' id='word_1_400' title='bbox 2754 2517 2852 2579; x_wconf 86' lang='grc' dir='ltr'><strong>τῆς</strong></span> <span class='ocrx_word' id='word_1_401' title='bbox 2884 2511 3079 2565; x_wconf 71' lang='grc' dir='ltr'>ἑαυτοῦ</span> <span class='ocrx_word' id='word_1_402' title='bbox 3118 2510 3370 2582; x_wconf 87' lang='grc' dir='ltr'>κλήσεως</span> <span class='ocrx_word' id='word_1_403' title='bbox 3401 2513 3548 2583; x_wconf 80' lang='grc' dir='ltr'>ἀξίαν</span> <span class='ocrx_word' id='word_1_404' title='bbox 3580 2516 3679 2584; x_wconf 76' lang='grc' dir='ltr'>τὴν</span> <span class='ocrx_word' id='word_1_405' title='bbox 3708 2515 3862 2591; x_wconf 79' lang='grc' dir='ltr'>ἐργα-</span> 
     </span>
    </p>
   </div>
   <div class='ocr_carea' id='block_1_56' title="bbox 2219 2594 3861 2677">
    <p class='ocr_par' dir='ltr' id='par_1_56' title="bbox 2219 2594 3861 2677">
     <span class='ocr_line' id='line_1_58' title="bbox 2219 2594 3861 2677; baseline 0.002 -25"><span class='ocrx_word' id='word_1_406' title='bbox 2219 2596 2336 2652; x_wconf 82' lang='grc' dir='ltr'>σίαν</span> <span class='ocrx_word' id='word_1_407' title='bbox 2370 2594 2733 2660; x_wconf 79' lang='grc' dir='ltr'>ἀποδεδωκὼς</span> <span class='ocrx_word' id='word_1_408' title='bbox 2762 2601 2841 2667; x_wconf 83' lang='grc' dir='ltr'>τῷ</span> <span class='ocrx_word' id='word_1_409' title='bbox 2887 2594 3191 2667; x_wconf 73' lang='grc' dir='ltr'>καλέσαντι,</span> <span class='ocrx_word' id='word_1_410' title='bbox 3222 2599 3313 2653; x_wconf 84' lang='grc' dir='ltr'><strong>καὶ</strong></span> <span class='ocrx_word' id='word_1_411' title='bbox 3360 2598 3584 2675; x_wconf 83' lang='grc' dir='ltr'>πλήρης</span> <span class='ocrx_word' id='word_1_412' title='bbox 3640 2605 3861 2677; x_wconf 80' lang='grc' dir='ltr'>ἡμερῶν</span> 
     </span>
    </p>
   </div>
   <div class='ocr_carea' id='block_1_57' title="bbox 2216 2684 3860 2764">
    <p class='ocr_par' dir='ltr' id='par_1_57' title="bbox 2216 2684 3860 2764">
     <span class='ocr_line' id='line_1_59' title="bbox 2216 2684 3860 2764; baseline 0.003 -23"><span class='ocrx_word' id='word_1_413' title='bbox 2216 2689 2509 2761; x_wconf 89' lang='grc' dir='ltr'>γενόμενος</span> <span class='ocrx_word' id='word_1_414' title='bbox 2541 2690 2648 2741; x_wconf 82' lang='grc' dir='ltr'>τῶν</span> <span class='ocrx_word' id='word_1_415' title='bbox 2679 2690 2776 2741; x_wconf 76' lang='grc' dir='ltr'>τοῦ</span> <span class='ocrx_word' id='word_1_416' title='bbox 2810 2686 3144 2759; x_wconf 84' lang='grc' dir='ltr'>Πνεύματος,</span> <span class='ocrx_word' id='word_1_417' title='bbox 3177 2684 3228 2741; x_wconf 83' lang='grc' dir='ltr'>ἒν</span> <span class='ocrx_word' id='word_1_418' title='bbox 3262 2688 3444 2762; x_wconf 81' lang='grc' dir='ltr'>εἰρήνῃ</span> <span class='ocrx_word' id='word_1_419' title='bbox 3468 2691 3604 2764; x_wconf 86' lang='grc' dir='ltr'>πρὸς</span> <span class='ocrx_word' id='word_1_420' title='bbox 3634 2692 3727 2745; x_wconf 89' lang='grc' dir='ltr'>τὸν</span> <span class='ocrx_word' id='word_1_421' title='bbox 3756 2700 3860 2762; x_wconf 83' lang='grc' dir='ltr'><strong>τῆς</strong></span> 
     </span>
    </p>
   </div>
   <div class='ocr_carea' id='block_1_58' title="bbox 2219 2773 3853 2852">
    <p class='ocr_par' dir='ltr' id='par_1_58' title="bbox 2219 2773 3853 2852">
     <span class='ocr_line' id='line_1_60' title="bbox 2219 2773 3853 2852; baseline 0.002 -21"><span class='ocrx_word' id='word_1_422' title='bbox 2219 2776 2444 2850; x_wconf 82' lang='grc' dir='ltr'>εἷ’ρήνης</span> <span class='ocrx_word' id='word_1_423' title='bbox 2476 2773 2700 2830; x_wconf 79' lang='grc' dir='ltr'>ἀναλύει</span> <span class='ocrx_word' id='word_1_424' title='bbox 2731 2776 2879 2845; x_wconf 87' lang='grc' dir='ltr'>Θεὸν,</span> <span class='ocrx_word' id='word_1_425' title='bbox 2913 2775 3003 2829; x_wconf 87' lang='grc' dir='ltr'><strong>καὶ</strong></span> <span class='ocrx_word' id='word_1_426' title='bbox 3040 2776 3155 2838; x_wconf 77' lang='grc' dir='ltr'>τοῖς</span> <span class='ocrx_word' id='word_1_427' title='bbox 3189 2777 3283 2849; x_wconf 81' lang='grc' dir='ltr'><strong>μὶν</strong></span> <span class='ocrx_word' id='word_1_428' title='bbox 3310 2776 3392 2832; x_wconf 81' lang='grc' dir='ltr'><strong>ἐπὶ</strong></span> <span class='ocrx_word' id='word_1_429' title='bbox 3413 2785 3515 2852; x_wconf 81' lang='grc' dir='ltr'><strong>γῆς</strong></span> <span class='ocrx_word' id='word_1_430' title='bbox 3533 2781 3666 2852; x_wconf 82' lang='grc' dir='ltr'>ἡμῖν</span> <span class='ocrx_word' id='word_1_431' title='bbox 3695 2800 3853 2834; x_wconf 87' lang='grc' dir='ltr'>κατα-</span> 
     </span>
    </p>
   </div>
   <div class='ocr_carea' id='block_1_59' title="bbox 2219 2862 3849 2939">
    <p class='ocr_par' dir='ltr' id='par_1_59' title="bbox 2219 2862 3849 2939">
     <span class='ocr_line' id='line_1_61' title="bbox 2219 2862 3849 2939; baseline 0.002 -21"><span class='ocrx_word' id='word_1_432' title='bbox 2219 2862 2399 2918; x_wconf 83' lang='grc' dir='ltr'>λείπει</span> <span class='ocrx_word' id='word_1_433' title='bbox 2436 2865 2498 2919; x_wconf 86' lang='grc' dir='ltr'>τὸ</span> <span class='ocrx_word' id='word_1_434' title='bbox 2530 2868 2709 2936; x_wconf 81' lang='grc' dir='ltr'>σῶμα,</span> <span class='ocrx_word' id='word_1_435' title='bbox 2744 2862 2871 2939; x_wconf 78' lang='grc' dir='ltr'>δόξῃ</span> <span class='ocrx_word' id='word_1_436' title='bbox 2903 2885 2961 2919; x_wconf 89' lang='grc' dir='ltr'><strong>τε</strong></span> <span class='ocrx_word' id='word_1_437' title='bbox 2998 2866 3087 2920; x_wconf 87' lang='grc' dir='ltr'><strong>καὶ</strong></span> <span class='ocrx_word' id='word_1_438' title='bbox 3126 2867 3315 2938; x_wconf 78' lang='grc' dir='ltr'>ὕμνοις</span> <span class='ocrx_word' id='word_1_439' title='bbox 3345 2865 3727 2939; x_wconf 86' lang='grc' dir='ltr'>κοσμούμενον,</span> <span class='ocrx_word' id='word_1_440' title='bbox 3758 2868 3849 2923; x_wconf 85' lang='grc' dir='ltr'>καὶ</span> 
     </span>
    </p>
   </div>
   <div class='ocr_carea' id='block_1_60' title="bbox 2219 2952 3859 3029">
    <p class='ocr_par' dir='ltr' id='par_1_60' title="bbox 2219 2952 3859 3029">
     <span class='ocr_line' id='line_1_62' title="bbox 2219 2952 3859 3029; baseline 0.002 -21"><span class='ocrx_word' id='word_1_441' title='bbox 2219 2952 2487 3029; x_wconf 80' lang='grc' dir='ltr'>λαμπρῶς</span> <span class='ocrx_word' id='word_1_442' title='bbox 2513 2956 2878 3026; x_wconf 81' lang='grc' dir='ltr'>ἀντικοσμοῦν</span> <span class='ocrx_word' id='word_1_443' title='bbox 2907 2955 2997 3009; x_wconf 86' lang='grc' dir='ltr'><strong>καὶ</strong></span> <span class='ocrx_word' id='word_1_444' title='bbox 3028 2956 3352 3029; x_wconf 83' lang='grc' dir='ltr'>καθαγιάζον</span> <span class='ocrx_word' id='word_1_445' title='bbox 3388 2956 3577 3016; x_wconf 71' lang='grc' dir='ltr'>ἱκανῶς</span> <span class='ocrx_word' id='word_1_446' title='bbox 3606 2956 3731 3017; x_wconf 69' lang='grc' dir='ltr'>τοὺς</span> <span class='ocrx_word' id='word_1_447' title='bbox 3770 2955 3859 3011; x_wconf 81' lang='grc' dir='ltr'>δο-</span> 
     </span>
    </p>
   </div>
   <div class='ocr_carea' id='block_1_61' title="bbox 2219 3041 3859 3120">
    <p class='ocr_par' dir='ltr' id='par_1_61' title="bbox 2219 3041 3859 3120">
     <span class='ocr_line' id='line_1_63' title="bbox 2219 3041 3859 3120; baseline 0.001 -22"><span class='ocrx_word' id='word_1_448' title='bbox 2219 3044 2496 3115; x_wconf 79' lang='grc' dir='ltr'>ξάζοντας,</span> <span class='ocrx_word' id='word_1_449' title='bbox 2529 3044 2557 3099; x_wconf 79' lang='grc' dir='ltr'><strong>’ὁ</strong></span> <span class='ocrx_word' id='word_1_450' title='bbox 2590 3041 2657 3111; x_wconf 80' lang='grc' dir='ltr'>δὴ</span> <span class='ocrx_word' id='word_1_451' title='bbox 2689 3042 2891 3099; x_wconf 89' lang='grc' dir='ltr'>πολλοὶ</span> <span class='ocrx_word' id='word_1_452' title='bbox 2937 3047 3045 3098; x_wconf 83' lang='grc' dir='ltr'><strong>τῶν</strong></span> <span class='ocrx_word' id='word_1_453' title='bbox 3097 3045 3183 3099; x_wconf 86' lang='grc' dir='ltr'>ὑπ’</span> <span class='ocrx_word' id='word_1_454' title='bbox 3214 3046 3382 3100; x_wconf 82' lang='grc' dir='ltr'>αὐτοῦ</span> <span class='ocrx_word' id='word_1_455' title='bbox 3429 3052 3529 3114; x_wconf 83' lang='grc' dir='ltr'><strong>τῆς</strong></span> <span class='ocrx_word' id='word_1_456' title='bbox 3586 3047 3859 3120; x_wconf 87' lang='grc' dir='ltr'>σωτηρίας</span> 
     </span>
    </p>
   </div>
   <div class='ocr_carea' id='block_1_62' title="bbox 2218 3129 3860 3209">
    <p class='ocr_par' dir='ltr' id='par_1_62' title="bbox 2218 3129 3860 3209">
     <span class='ocr_line' id='line_1_64' title="bbox 2218 3129 3860 3209; baseline 0.002 -22"><span class='ocrx_word' id='word_1_457' title='bbox 2218 3133 2537 3205; x_wconf 79' lang='grc' dir='ltr'>ἠξιωμένων</span> <span class='ocrx_word' id='word_1_458' title='bbox 2583 3131 3037 3209; x_wconf 78' lang='grc' dir='ltr'>ἱερολογήσαντὲς</span> <span class='ocrx_word' id='word_1_459' title='bbox 3075 3153 3134 3186; x_wconf 89' lang='grc' dir='ltr'><strong>τε</strong></span> <span class='ocrx_word' id='word_1_460' title='bbox 3190 3133 3278 3186; x_wconf 86' lang='grc' dir='ltr'><strong>καὶ</strong></span> <span class='ocrx_word' id='word_1_461' title='bbox 3333 3129 3744 3207; x_wconf 86' lang='grc' dir='ltr'>περιϐαλόντες,</span> <span class='ocrx_word' id='word_1_462' title='bbox 3775 3135 3860 3190; x_wconf 81' lang='grc' dir='ltr'><strong>ἐν·</strong></span> 
     </span>
    </p>
   </div>
   <div class='ocr_carea' id='block_1_63' title="bbox 456 3195 2101 3295">
    <p class='ocr_par' dir='ltr' id='par_1_63' title="bbox 456 3215 2101 3282">
     <span class='ocr_line' id='line_1_65' title="bbox 456 3215 2101 3282; baseline 0.005 -11"><span class='ocrx_word' id='word_1_463' title='bbox 456 3215 537 3271; x_wconf 88' lang='lat' dir='ltr'><strong>cti</strong></span> <span class='ocrx_word' id='word_1_464' title='bbox 568 3226 724 3282; x_wconf 89' lang='lat' dir='ltr'><strong>sunt,</strong></span> <span class='ocrx_word' id='word_1_465' title='bbox 760 3219 939 3272; x_wconf 88' lang='lat' dir='ltr'><strong>sacris</strong></span> <span class='ocrx_word' id='word_1_466' title='bbox 982 3219 1339 3277; x_wconf 84' lang='lat' dir='ltr'><strong>orationibus</strong></span> <span class='ocrx_word' id='word_1_467' title='bbox 1392 3230 1728 3280; x_wconf 88' lang='lat' dir='ltr'><strong>consuetam</strong></span> <span class='ocrx_word' id='word_1_468' title='bbox 1760 3231 1816 3281; x_wconf 90' lang='lat' dir='ltr'><strong>et</strong></span> <span class='ocrx_word' id='word_1_469' title='bbox 1847 3233 2101 3282; x_wconf 86' lang='lat' dir='ltr'><strong>sanctam</strong></span> 
     </span>
    </p>
   </div>
   <div class='ocr_carea' id='block_1_64' title="bbox 2213 3195 3858 3295">
    <p class='ocr_par' dir='ltr' id='par_1_64' title="bbox 2214 3195 3858 3295">
     <span class='ocr_line' id='line_1_66' title="bbox 2214 3195 3858 3295; baseline 0.004 -22"><span class='ocrx_word' id='word_1_470' title='bbox 2214 3195 2390 3293; x_wconf 67' lang='grc' dir='ltr'>τίμως</span> <span class='ocrx_word' id='word_1_471' title='bbox 2446 3227 2515 3294; x_wconf 80' lang='grc' dir='ltr'><strong>τῇ</strong></span> <span class='ocrx_word' id='word_1_472' title='bbox 2574 3195 2936 3293; x_wconf 71' lang='grc' dir='ltr'>νενομισμένῃ</span> <span class='ocrx_word' id='word_1_473' title='bbox 3007 3220 3129 3290; x_wconf 79' lang='grc' dir='ltr'>ὁσία</span> <span class='ocrx_word' id='word_1_474' title='bbox 3184 3219 3514 3295; x_wconf 83' lang='grc' dir='ltr'>παρέδοσαν.</span> <span class='ocrx_word' id='word_1_475' title='bbox 3576 3223 3746 3285; x_wconf 83' lang='grc' dir='ltr'>Δύτὸς</span> <span class='ocrx_word' id='word_1_476' title='bbox 3802 3221 3858 3279; x_wconf 72' lang='grc' dir='ltr'>δὲ</span> 
     </span>
    </p>
   </div>
   <div class='ocr_carea' id='block_1_65' title="bbox 459 3304 2101 3385">
    <p class='ocr_par' dir='ltr' id='par_1_65' title="bbox 459 3304 2101 3385">
     <span class='ocr_line' id='line_1_67' title="bbox 459 3304 2101 3385; baseline 0.007 -27"><span class='ocrx_word' id='word_1_477' title='bbox 459 3304 589 3375; x_wconf 86' lang='lat' dir='ltr'><strong>ejus</strong></span> <span class='ocrx_word' id='word_1_478' title='bbox 635 3305 1024 3363; x_wconf 83' lang='lat' dir='ltr'><strong>celebritatem</strong></span> <span class='ocrx_word' id='word_1_479' title='bbox 1085 3309 1401 3367; x_wconf 87' lang='lat' dir='ltr'><strong>honoriﬁce</strong></span> <span class='ocrx_word' id='word_1_480' title='bbox 1450 3314 1759 3369; x_wconf 86' lang='lat' dir='ltr'><strong>admodum</strong></span> <span class='ocrx_word' id='word_1_481' title='bbox 1812 3317 2101 3385; x_wconf 85' lang='lat' dir='ltr'><strong>prosecuti</strong></span> 
     </span>
    </p>
   </div>
   <div class='ocr_carea' id='block_1_66' title="bbox 458 3397 2101 3470">
    <p class='ocr_par' dir='ltr' id='par_1_66' title="bbox 458 3397 2101 3470">
     <span class='ocr_line' id='line_1_68' title="bbox 458 3397 2101 3470; baseline 0.007 -24"><span class='ocrx_word' id='word_1_482' title='bbox 458 3397 751 3449; x_wconf 76' lang='lat' dir='ltr'><strong>memorias</strong></span> <span class='ocrx_word' id='word_1_483' title='bbox 801 3398 1201 3465; x_wconf 91' lang='lat' dir='ltr'><strong>prodiderunt.</strong></span> <span class='ocrx_word' id='word_1_484' title='bbox 1256 3400 1380 3470; x_wconf 85' lang='lat' dir='ltr'><strong>Ipse</strong></span> <span class='ocrx_word' id='word_1_485' title='bbox 1431 3418 1562 3456; x_wconf 90' lang='lat' dir='ltr'><strong>vero</strong></span> <span class='ocrx_word' id='word_1_486' title='bbox 1615 3404 1742 3458; x_wconf 88' lang='lat' dir='ltr'><strong>sine</strong></span> <span class='ocrx_word' id='word_1_487' title='bbox 1800 3403 2101 3458; x_wconf 85' lang='lat' dir='ltr'><strong>intervallo</strong></span> 
     </span>
    </p>
   </div>
   <div class='ocr_carea' id='block_1_67' title="bbox 459 3480 2101 3555">
    <p class='ocr_par' dir='ltr' id='par_1_67' title="bbox 459 3480 2101 3555">
     <span class='ocr_line' id='line_1_69' title="bbox 459 3480 2101 3555; baseline 0.007 -19"><span class='ocrx_word' id='word_1_488' title='bbox 459 3480 646 3551; x_wconf 90' lang='lat' dir='ltr'><strong>aliquo</strong></span> <span class='ocrx_word' id='word_1_489' title='bbox 667 3500 807 3554; x_wconf 90' lang='lat' dir='ltr'><strong>puro</strong></span> <span class='ocrx_word' id='word_1_490' title='bbox 831 3495 1065 3555; x_wconf 90' lang='lat' dir='ltr'><strong>aspectu</strong></span> <span class='ocrx_word' id='word_1_491' title='bbox 1095 3489 1310 3543; x_wconf 89' lang='lat' dir='ltr'><strong>Domini</strong></span> <span class='ocrx_word' id='word_1_492' title='bbox 1335 3490 1469 3545; x_wconf 90' lang='lat' dir='ltr'><strong>Jesu</strong></span> <span class='ocrx_word' id='word_1_493' title='bbox 1493 3490 1710 3548; x_wconf 90' lang='lat' dir='ltr'><strong>Christi</strong></span> <span class='ocrx_word' id='word_1_494' title='bbox 1735 3493 1937 3548; x_wconf 86' lang='lat' dir='ltr'><strong>faciem</strong></span> <span class='ocrx_word' id='word_1_495' title='bbox 1966 3511 2101 3548; x_wconf 88' lang='lat' dir='ltr'><strong>con-</strong></span> 
     </span>
    </p>
   </div>
   <div class='ocr_carea' id='block_1_68' title="bbox 457 3571 2102 3649">
    <p class='ocr_par' dir='ltr' id='par_1_68' title="bbox 457 3571 2102 3649">
     <span class='ocr_line' id='line_1_70' title="bbox 457 3571 2102 3649; baseline 0.009 -24"><span class='ocrx_word' id='word_1_496' title='bbox 457 3571 792 3643; x_wconf 90' lang='lat' dir='ltr'><strong>templatur,</strong></span> <span class='ocrx_word' id='word_1_497' title='bbox 815 3579 871 3628; x_wconf 92' lang='lat' dir='ltr'><strong>et</strong></span> <span class='ocrx_word' id='word_1_498' title='bbox 892 3575 948 3628; x_wconf 90' lang='lat' dir='ltr'><strong>in</strong></span> <span class='ocrx_word' id='word_1_499' title='bbox 981 3576 1108 3643; x_wconf 85' lang='lat' dir='ltr'><strong>ejus</strong></span> <span class='ocrx_word' id='word_1_500' title='bbox 1139 3576 1437 3634; x_wconf 72' lang='lat' dir='ltr'><strong>immensas</strong></span> <span class='ocrx_word' id='word_1_501' title='bbox 1468 3580 1664 3649; x_wconf 68' lang='lat' dir='ltr'><strong>gloriae</strong></span> <span class='ocrx_word' id='word_1_502' title='bbox 1694 3598 1908 3638; x_wconf 91' lang='lat' dir='ltr'><strong>corona</strong></span> <span class='ocrx_word' id='word_1_503' title='bbox 1938 3585 2102 3639; x_wconf 89' lang='lat' dir='ltr'><strong>deco-</strong></span> 
     </span>
    </p>
   </div>
   <div class='ocr_carea' id='block_1_69' title="bbox 459 3664 2096 3742">
    <p class='ocr_par' dir='ltr' id='par_1_69' title="bbox 459 3664 2096 3742">
     <span class='ocr_line' id='line_1_71' title="bbox 459 3664 2096 3742; baseline 0.009 -28"><span class='ocrx_word' id='word_1_504' title='bbox 459 3664 640 3725; x_wconf 87' lang='lat' dir='ltr'><strong>ratur,</strong></span> <span class='ocrx_word' id='word_1_505' title='bbox 658 3664 830 3731; x_wconf 89' lang='lat' dir='ltr'><strong>atque</strong></span> <span class='ocrx_word' id='word_1_506' title='bbox 848 3678 977 3716; x_wconf 91' lang='lat' dir='ltr'><strong>cum</strong></span> <span class='ocrx_word' id='word_1_507' title='bbox 999 3680 1064 3717; x_wconf 91' lang='lat' dir='ltr'><strong>eo</strong></span> <span class='ocrx_word' id='word_1_508' title='bbox 1083 3664 1257 3719; x_wconf 89' lang='lat' dir='ltr'><strong>simul</strong></span> <span class='ocrx_word' id='word_1_509' title='bbox 1279 3683 1537 3734; x_wconf 89' lang='lat' dir='ltr'><strong>versans,</strong></span> <span class='ocrx_word' id='word_1_510' title='bbox 1554 3670 1769 3726; x_wconf 82' lang='lat' dir='ltr'><strong>exultat</strong></span> <span class='ocrx_word' id='word_1_511' title='bbox 1788 3678 2096 3742; x_wconf 88' lang='lat' dir='ltr'><strong>perpetuo:</strong></span> 
     </span>
    </p>
   </div>
   <div class='ocr_carea' id='block_1_70' title="bbox 455 3748 2100 3833">
    <p class='ocr_par' dir='ltr' id='par_1_70' title="bbox 455 3748 2100 3833">
     <span class='ocr_line' id='line_1_72' title="bbox 455 3748 2100 3833; baseline 0.009 -30"><span class='ocrx_word' id='word_1_512' title='bbox 455 3748 548 3803; x_wconf 91' lang='lat' dir='ltr'><strong>cui</strong></span> <span class='ocrx_word' id='word_1_513' title='bbox 572 3749 840 3803; x_wconf 84' lang='lat' dir='ltr'><strong>convenit</strong></span> <span class='ocrx_word' id='word_1_514' title='bbox 857 3752 1048 3804; x_wconf 89' lang='lat' dir='ltr'><strong>omnis</strong></span> <span class='ocrx_word' id='word_1_515' title='bbox 1068 3752 1273 3821; x_wconf 87' lang='lat' dir='ltr'><strong>gloria,</strong></span> <span class='ocrx_word' id='word_1_516' title='bbox 1290 3754 1492 3821; x_wconf 92' lang='lat' dir='ltr'><strong>honor,</strong></span> <span class='ocrx_word' id='word_1_517' title='bbox 1514 3758 1774 3814; x_wconf 87' lang='lat' dir='ltr'><strong>adoratio</strong></span> <span class='ocrx_word' id='word_1_518' title='bbox 1793 3763 1851 3813; x_wconf 90' lang='lat' dir='ltr'><strong>et</strong></span> <span class='ocrx_word' id='word_1_519' title='bbox 1873 3763 2100 3833; x_wconf 85' lang='lat' dir='ltr'><strong>magni-</strong></span> 
     </span>
    </p>
   </div>
   <div class='ocr_carea' id='block_1_71' title="bbox 456 3836 2094 3910">
    <p class='ocr_par' dir='ltr' id='par_1_71' title="bbox 456 3836 2094 3910">
     <span class='ocr_line' id='line_1_73' title="bbox 456 3836 2094 3910; baseline 0.009 -20"><span class='ocrx_word' id='word_1_520' title='bbox 456 3836 711 3900; x_wconf 82' lang='lat' dir='ltr'><strong>ﬁcentia,</strong></span> <span class='ocrx_word' id='word_1_521' title='bbox 740 3852 897 3892; x_wconf 91' lang='lat' dir='ltr'><strong>nunc</strong></span> <span class='ocrx_word' id='word_1_522' title='bbox 927 3843 981 3893; x_wconf 89' lang='lat' dir='ltr'><strong>et</strong></span> <span class='ocrx_word' id='word_1_523' title='bbox 1009 3854 1260 3910; x_wconf 88' lang='lat' dir='ltr'><strong>semper,</strong></span> <span class='ocrx_word' id='word_1_524' title='bbox 1293 3848 1352 3897; x_wconf 92' lang='lat' dir='ltr'><strong>et</strong></span> <span class='ocrx_word' id='word_1_525' title='bbox 1381 3844 1442 3898; x_wconf 89' lang='lat' dir='ltr'><strong>in</strong></span> <span class='ocrx_word' id='word_1_526' title='bbox 1472 3844 1681 3900; x_wconf 84' lang='lat' dir='ltr'><strong>saecula</strong></span> <span class='ocrx_word' id='word_1_527' title='bbox 1728 3848 2094 3905; x_wconf 59' lang='lat' dir='ltr'><strong>saculorum.</strong></span> 
     </span>
    </p>
   </div>
   <div class='ocr_carea' id='block_1_72' title="bbox 449 3925 656 3981">
    <p class='ocr_par' dir='ltr' id='par_1_72' title="bbox 449 3925 656 3981">
     <span class='ocr_line' id='line_1_74' title="bbox 449 3925 656 3981; baseline 0.01 -2"><span class='ocrx_word' id='word_1_528' title='bbox 449 3925 656 3981; x_wconf 81' lang='lat' dir='ltr'><strong>Amen.</strong></span> 
     </span>
    </p>
   </div>
   <div class='ocr_carea' id='block_1_73' title="bbox 530 4110 2093 4197">
    <p class='ocr_par' dir='ltr' id='par_1_73' title="bbox 530 4110 2093 4197">
     <span class='ocr_line' id='line_1_75' title="bbox 530 4110 2093 4197; baseline 0.013 -33"><span class='ocrx_word' id='word_1_529' title='bbox 530 4110 606 4180; x_wconf 86' lang='grc'><strong>(6)</strong></span> <span class='ocrx_word' id='word_1_530' title='bbox 638 4110 742 4197; x_wconf 47' lang='lat' dir='ltr'><strong>lli-c‘</strong></span> <span class='ocrx_word' id='word_1_531' title='bbox 760 4128 959 4197; x_wconf 75' lang='lat' dir='ltr'><strong>rursus</strong></span> <span class='ocrx_word' id='word_1_532' title='bbox 988 4115 1233 4197; x_wconf 73' lang='lat' dir='ltr'><strong>multum</strong></span> <span class='ocrx_word' id='word_1_533' title='bbox 1266 4117 1539 4197; x_wconf 69' lang='lat' dir='ltr'><strong>dissentit</strong></span> <span class='ocrx_word' id='word_1_534' title='bbox 1570 4124 1745 4197; x_wconf 88' lang='lat' dir='ltr'><strong>editio</strong></span> <span class='ocrx_word' id='word_1_535' title='bbox 1772 4125 2093 4197; x_wconf 87' lang='lat' dir='ltr'><strong>Lipomani,</strong></span> 
     </span>
    </p>
   </div>
   <div class='ocr_carea' id='block_1_74' title="bbox 456 4183 2093 4264">
    <p class='ocr_par' dir='ltr' id='par_1_74' title="bbox 456 4183 2093 4264">
     <span class='ocr_line' id='line_1_76' title="bbox 456 4183 2093 4264; baseline 0.012 -29"><span class='ocrx_word' id='word_1_536' title='bbox 456 4186 649 4264; x_wconf 53' lang='lat' dir='ltr'><strong>et‘pro</strong></span> <span class='ocrx_word' id='word_1_537' title='bbox 679 4183 967 4264; x_wconf 58' lang='lat' dir='ltr'><strong>[Ethiopia</strong></span> <span class='ocrx_word' id='word_1_538' title='bbox 1000 4188 1307 4243; x_wconf 77' lang='lat' dir='ltr'><strong>substituit</strong></span> <span class='ocrx_word' id='word_1_539' title='bbox 1352 4192 1707 4264; x_wconf 86' lang='lat' dir='ltr'><strong>Hierapolim</strong></span> <span class='ocrx_word' id='word_1_540' title='bbox 1739 4183 2053 4255; x_wconf 50' lang='lat' dir='ltr'><strong>bis&#39;verbis</strong></span> <span class='ocrx_word' id='word_1_541' title='bbox 2080 4183 2093 4255; x_wconf 72' lang='grc' dir='ltr'>ξ</span> 
     </span>
    </p>
   </div>
   <div class='ocr_carea' id='block_1_75' title="bbox 459 4252 2095 4342">
    <p class='ocr_par' dir='ltr' id='par_1_75' title="bbox 459 4252 2095 4342">
     <span class='ocr_line' id='line_1_77' title="bbox 459 4252 2095 4342; baseline 0.014 -37"><span class='ocrx_word' id='word_1_542' title='bbox 459 4252 730 4342; x_wconf 50' lang='lat' dir='ltr'><strong>«jNolens</strong></span> <span class='ocrx_word' id='word_1_543' title='bbox 761 4261 955 4342; x_wconf 76' lang='lat' dir='ltr'><strong>autem</strong></span> <span class='ocrx_word' id='word_1_544' title='bbox 989 4274 1053 4342; x_wconf 77' lang='lat' dir='ltr'><strong>eo</strong></span> <span class='ocrx_word' id='word_1_545' title='bbox 1088 4275 1473 4342; x_wconf 36' lang='lat' dir='ltr'><strong>usqueﬁsuam</strong></span> <span class='ocrx_word' id='word_1_546' title='bbox 1506 4252 1709 4324; x_wconf 81' lang='lat' dir='ltr'><strong>sistere</strong></span> <span class='ocrx_word' id='word_1_547' title='bbox 1737 4252 2095 4342; x_wconf 72' lang='lat' dir='ltr'><strong>doctrinam,</strong></span> 
     </span>
    </p>
   </div>
   <div class='ocr_carea' id='block_1_76' title="bbox 454 4325 2092 4411">
    <p class='ocr_par' dir='ltr' id='par_1_76' title="bbox 454 4325 2092 4411">
     <span class='ocr_line' id='line_1_78' title="bbox 454 4325 2092 4411; baseline 0.013 -34"><span class='ocrx_word' id='word_1_548' title='bbox 454 4325 525 4378; x_wconf 92' lang='lat' dir='ltr'><strong>ad</strong></span> <span class='ocrx_word' id='word_1_549' title='bbox 578 4325 627 4379; x_wconf 89' lang='lat' dir='ltr'><strong>ei</strong></span> <span class='ocrx_word' id='word_1_550' title='bbox 677 4330 829 4411; x_wconf 28' lang='lat' dir='ltr'><strong>sor-te</strong></span> <span class='ocrx_word' id='word_1_551' title='bbox 880 4325 1215 4411; x_wconf 61' lang='lat' dir='ltr'><strong>attributam</strong></span> <span class='ocrx_word' id='word_1_552' title='bbox 1276 4332 1449 4403; x_wconf 60' lang='lat' dir='ltr'><strong>Syriis</strong></span> <span class='ocrx_word' id='word_1_553' title='bbox 1494 4340 1877 4411; x_wconf 24' lang='lat' dir='ltr'><strong>AHierapolim,</strong></span> <span class='ocrx_word' id='word_1_554' title='bbox 1921 4325 2092 4399; x_wconf 69' lang='lat' dir='ltr'><strong>sitam</strong></span> 
     </span>
    </p>
   </div>
   <div class='ocr_carea' id='block_1_77' title="bbox 453 4400 2092 4470">
    <p class='ocr_par' dir='ltr' id='par_1_77' title="bbox 453 4400 2092 4470">
     <span class='ocr_line' id='line_1_79' title="bbox 453 4400 2092 4470; baseline 0.013 -23"><span class='ocrx_word' id='word_1_555' title='bbox 453 4411 629 4466; x_wconf 90' lang='lat' dir='ltr'><strong>prope</strong></span> <span class='ocrx_word' id='word_1_556' title='bbox 662 4406 878 4466; x_wconf 88' lang='lat' dir='ltr'><strong>partem</strong></span> <span class='ocrx_word' id='word_1_557' title='bbox 934 4400 1580 4470; x_wconf 47' lang='lat' dir='ltr'><strong>Euphratem,&#39;accedit,</strong></span> <span class='ocrx_word' id='word_1_558' title='bbox 1614 4432 1640 4459; x_wconf 86' lang='lat'>»</span> <span class='ocrx_word' id='word_1_559' title='bbox 1676 4400 1784 4465; x_wconf 76' lang='lat' dir='ltr'><strong>etc.</strong></span> <span class='ocrx_word' id='word_1_560' title='bbox 1832 4400 1904 4467; x_wconf 70' lang='lat' dir='ltr'><strong>At</strong></span> <span class='ocrx_word' id='word_1_561' title='bbox 1952 4431 2092 4468; x_wconf 92' lang='lat' dir='ltr'><strong>rur-</strong></span> 
     </span>
    </p>
   </div>
   <div class='ocr_carea' id='block_1_78' title="bbox 451 4470 2088 4550">
    <p class='ocr_par' dir='ltr' id='par_1_78' title="bbox 451 4470 2088 4550">
     <span class='ocr_line' id='line_1_80' title="bbox 451 4470 2088 4550; baseline 0.013 -31"><span class='ocrx_word' id='word_1_562' title='bbox 451 4482 581 4550; x_wconf 84' lang='lat' dir='ltr'><strong>sum</strong></span> <span class='ocrx_word' id='word_1_563' title='bbox 634 4484 747 4521; x_wconf 84' lang='lat' dir='ltr'><strong>non</strong></span> <span class='ocrx_word' id='word_1_564' title='bbox 795 4470 980 4547; x_wconf 79' lang='lat' dir='ltr'><strong>capio,</strong></span> <span class='ocrx_word' id='word_1_565' title='bbox 1011 4475 1301 4550; x_wconf 76' lang='lat' dir='ltr'><strong>quomodo</strong></span> <span class='ocrx_word' id='word_1_566' title='bbox 1346 4476 1441 4550; x_wconf 81' lang='lat' dir='ltr'><strong>hic</strong></span> <span class='ocrx_word' id='word_1_567' title='bbox 1490 4479 1560 4550; x_wconf 88' lang='lat' dir='ltr'><strong>de</strong></span> <span class='ocrx_word' id='word_1_568' title='bbox 1612 4481 1892 4550; x_wconf 81' lang='lat' dir='ltr'><strong>Hierapoli</strong></span> <span class='ocrx_word' id='word_1_569' title='bbox 1946 4488 2088 4539; x_wconf 82' lang='lat' dir='ltr'><strong>refe-</strong></span> 
     </span>
    </p>
   </div>
   <div class='ocr_carea' id='block_1_79' title="bbox 448 4538 2171 4625">
    <p class='ocr_par' dir='ltr' id='par_1_79' title="bbox 448 4538 2171 4625">
     <span class='ocr_line' id='line_1_81' title="bbox 448 4538 2171 4625; baseline 0.015 -38"><span class='ocrx_word' id='word_1_570' title='bbox 448 4538 883 4625; x_wconf 51' lang='lat' dir='ltr'><strong>ranturomnia.</strong></span> <span class='ocrx_word' id='word_1_571' title='bbox 905 4538 1202 4609; x_wconf 26' lang='lat' dir='ltr'><strong>qum’apud</strong></span> <span class='ocrx_word' id='word_1_572' title='bbox 1226 4542 1461 4622; x_wconf 85' lang='lat' dir='ltr'><strong>Surium</strong></span> <span class='ocrx_word' id='word_1_573' title='bbox 1483 4549 1552 4602; x_wconf 90' lang='lat' dir='ltr'><strong>de</strong></span> <span class='ocrx_word' id='word_1_574' title='bbox 1568 4538 1876 4623; x_wconf 60' lang='lat' dir='ltr'><strong>[Ethiopia</strong></span> <span class='ocrx_word' id='word_1_575' title='bbox 1900 4538 2085 4619; x_wconf 77' lang='lat' dir='ltr'><strong>Quare</strong></span> <span class='ocrx_word' id='word_1_576' title='bbox 2115 4559 2171 4625; x_wconf 88' lang='lat' dir='ltr'><strong>D</strong></span> 
     </span>
    </p>
   </div>
   <div class='ocr_carea' id='block_1_80' title="bbox 446 4607 2085 4694">
    <p class='ocr_par' dir='ltr' id='par_1_80' title="bbox 446 4607 2085 4694">
     <span class='ocr_line' id='line_1_82' title="bbox 446 4607 2085 4694; baseline 0.012 -31"><span class='ocrx_word' id='word_1_577' title='bbox 446 4607 713 4694; x_wconf 78' lang='lat' dir='ltr'><strong>dubitare</strong></span> <span class='ocrx_word' id='word_1_578' title='bbox 741 4610 834 4662; x_wconf 83' lang='lat' dir='ltr'><strong>vix</strong></span> <span class='ocrx_word' id='word_1_579' title='bbox 867 4607 1299 4694; x_wconf 69' lang='lat' dir='ltr'><strong>possum,_quin</strong></span> <span class='ocrx_word' id='word_1_580' title='bbox 1343 4626 1610 4689; x_wconf 82' lang='lat' dir='ltr'><strong>corrupta</strong></span> <span class='ocrx_word' id='word_1_581' title='bbox 1640 4628 1696 4676; x_wconf 91' lang='lat' dir='ltr'><strong>et</strong></span> <span class='ocrx_word' id='word_1_582' title='bbox 1736 4607 2085 4694; x_wconf 35' lang='lat' dir='ltr'><strong>interriti—lati;</strong></span> 
     </span>
    </p>
   </div>
   <div class='ocr_carea' id='block_1_81' title="bbox 448 4678 2087 4756">
    <p class='ocr_par' dir='ltr' id='par_1_81' title="bbox 448 4678 2087 4756">
     <span class='ocr_line' id='line_1_83' title="bbox 448 4678 2087 4756; baseline 0.015 -27"><span class='ocrx_word' id='word_1_583' title='bbox 448 4678 565 4756; x_wconf 85' lang='lat' dir='ltr'><strong>sint</strong></span> <span class='ocrx_word' id='word_1_584' title='bbox 596 4683 764 4756; x_wconf 72' lang='lat' dir='ltr'><strong>Acta,</strong></span> <span class='ocrx_word' id='word_1_585' title='bbox 793 4696 918 4756; x_wconf 75' lang='lat' dir='ltr'><strong>quae</strong></span> <span class='ocrx_word' id='word_1_586' title='bbox 968 4682 1151 4756; x_wconf 86' lang='lat' dir='ltr'><strong>edidit</strong></span> <span class='ocrx_word' id='word_1_587' title='bbox 1174 4678 1574 4756; x_wconf 58' lang='lat' dir='ltr'><strong>&#39;Lipomanus,</strong></span> <span class='ocrx_word' id='word_1_588' title='bbox 1606 4698 1662 4746; x_wconf 92' lang='lat' dir='ltr'><strong>et</strong></span> <span class='ocrx_word' id='word_1_589' title='bbox 1693 4678 1845 4749; x_wconf 85' lang='lat' dir='ltr'><strong>certe</strong></span> <span class='ocrx_word' id='word_1_590' title='bbox 1868 4678 2087 4753; x_wconf 67' lang='lat' dir='ltr'><strong>altern:</strong></span> 
     </span>
    </p>
   </div>
   <div class='ocr_carea' id='block_1_82' title="bbox 449 4751 2085 4828">
    <p class='ocr_par' dir='ltr' id='par_1_82' title="bbox 449 4751 2085 4828">
     <span class='ocr_line' id='line_1_84' title="bbox 449 4751 2085 4828; baseline 0.013 -26"><span class='ocrx_word' id='word_1_591' title='bbox 449 4753 538 4828; x_wconf 85' lang='lat' dir='ltr'><strong>tra</strong></span> <span class='ocrx_word' id='word_1_592' title='bbox 569 4753 705 4828; x_wconf 79' lang='lat' dir='ltr'><strong>sunt</strong></span> <span class='ocrx_word' id='word_1_593' title='bbox 734 4751 961 4828; x_wconf 83' lang='lat' dir='ltr'><strong>duobus</strong></span> <span class='ocrx_word' id='word_1_594' title='bbox 986 4752 1125 4808; x_wconf 88' lang='lat' dir='ltr'><strong>locis</strong></span> <span class='ocrx_word' id='word_1_595' title='bbox 1144 4751 1438 4828; x_wconf 80' lang='lat' dir='ltr'><strong>corrupta.</strong></span> <span class='ocrx_word' id='word_1_596' title='bbox 1461 4751 1848 4820; x_wconf 86' lang='lat' dir='ltr'><strong>Combeﬁsius</strong></span> <span class='ocrx_word' id='word_1_597' title='bbox 1878 4767 1935 4821; x_wconf 90' lang='lat' dir='ltr'><strong>in</strong></span> <span class='ocrx_word' id='word_1_598' title='bbox 1969 4751 2085 4825; x_wconf 66' lang='lat' dir='ltr'><strong>Ad.</strong></span> 
     </span>
    </p>
   </div>
   <div class='ocr_carea' id='block_1_83' title="bbox 449 4820 2084 4898">
    <p class='ocr_par' dir='ltr' id='par_1_83' title="bbox 449 4820 2084 4898">
     <span class='ocr_line' id='line_1_85' title="bbox 449 4820 2084 4898; baseline 0.015 -27"><span class='ocrx_word' id='word_1_599' title='bbox 449 4820 630 4898; x_wconf 64' lang='lat' dir='ltr'><strong>ctario</strong></span> <span class='ocrx_word' id='word_1_600' title='bbox 660 4821 982 4898; x_wconf 77' lang='lat' dir='ltr'><strong>novissimo</strong></span> <span class='ocrx_word' id='word_1_601' title='bbox 1010 4830 1156 4895; x_wconf 91' lang='lat' dir='ltr'><strong>part.</strong></span> <span class='ocrx_word' id='word_1_602' title='bbox 1184 4829 1208 4882; x_wconf 89' lang='grc'><strong>1</strong></span> <span class='ocrx_word' id='word_1_603' title='bbox 1246 4820 1370 4898; x_wconf 70' lang='lat' dir='ltr'><strong>pag.</strong></span> <span class='ocrx_word' id='word_1_604' title='bbox 1405 4831 1507 4885; x_wconf 71' lang='grc'><strong>497</strong></span> <span class='ocrx_word' id='word_1_605' title='bbox 1540 4834 1639 4890; x_wconf 91' lang='lat' dir='ltr'><strong>dat</strong></span> <span class='ocrx_word' id='word_1_606' title='bbox 1666 4820 2084 4897; x_wconf 73' lang='lat' dir='ltr'><strong>Adnotationes</strong></span> 
     </span>
    </p>
   </div>
   <div class='ocr_carea' id='block_1_84' title="bbox 448 4888 2083 4978">
    <p class='ocr_par' dir='ltr' id='par_1_84' title="bbox 448 4888 2083 4978">
     <span class='ocr_line' id='line_1_86' title="bbox 448 4888 2083 4978; baseline 0.015 -35"><span class='ocrx_word' id='word_1_607' title='bbox 448 4888 509 4978; x_wconf 78' lang='lat' dir='ltr'><strong>in</strong></span> <span class='ocrx_word' id='word_1_608' title='bbox 540 4890 870 4978; x_wconf 41' lang='lat' dir='ltr'><strong>gratio‘nem</strong></span> <span class='ocrx_word' id='word_1_609' title='bbox 920 4888 1218 4978; x_wconf 54' lang='lat' dir='ltr'><strong>l‘iic&#39;etiein</strong></span> <span class='ocrx_word' id='word_1_610' title='bbox 1246 4888 1600 4978; x_wconf 56' lang='lat' dir='ltr'><strong>Matthgeum,</strong></span> <span class='ocrx_word' id='word_1_611' title='bbox 1625 4888 1971 4978; x_wconf 13' lang='lat' dir='ltr'><strong>lib—ique&#39;bis&#39;</strong></span> <span class='ocrx_word' id='word_1_612' title='bbox 1984 4888 2083 4967; x_wconf 54' lang='lat' dir='ltr'><strong>EQ:</strong></span> 
     </span>
    </p>
   </div>
   <div class='ocr_carea' id='block_1_85' title="bbox 450 4963 2085 5042">
    <p class='ocr_par' dir='ltr' id='par_1_85' title="bbox 450 4963 2085 5042">
     <span class='ocr_line' id='line_1_87' title="bbox 450 4963 2085 5042; baseline 0.015 -27"><span class='ocrx_word' id='word_1_613' title='bbox 450 4963 607 5028; x_wconf 79' lang='lat' dir='ltr'><strong>serit,</strong></span> <span class='ocrx_word' id='word_1_614' title='bbox 641 4969 784 5020; x_wconf 82' lang='lat' dir='ltr'><strong>Acta</strong></span> <span class='ocrx_word' id='word_1_615' title='bbox 814 4964 911 5021; x_wconf 90' lang='lat' dir='ltr'><strong>illa</strong></span> <span class='ocrx_word' id='word_1_616' title='bbox 941 4968 1358 5042; x_wconf 67' lang='lat' dir='ltr'><strong>Metapbrastas,</strong></span> <span class='ocrx_word' id='word_1_617' title='bbox 1392 4975 1544 5032; x_wconf 89' lang='lat' dir='ltr'><strong>sicut</strong></span> <span class='ocrx_word' id='word_1_618' title='bbox 1572 4963 1956 5037; x_wconf 53' lang='lat' dir='ltr'><strong>edita&#39;sunta</strong></span> <span class='ocrx_word' id='word_1_619' title='bbox 1984 4963 2085 5039; x_wconf 60' lang='grc' dir='ltr'><strong>1ῖῖ-</strong></span> 
     </span>
    </p>
   </div>
   <div class='ocr_carea' id='block_1_86' title="bbox 2210 3306 3859 3389">
    <p class='ocr_par' dir='ltr' id='par_1_86' title="bbox 2210 3306 3859 3389">
     <span class='ocr_line' id='line_1_88' title="bbox 2210 3306 3859 3389; baseline 0.003 -27"><span class='ocrx_word' id='word_1_620' title='bbox 2210 3310 2490 3382; x_wconf 86' lang='grc' dir='ltr'>προσώπῳ</span> <span class='ocrx_word' id='word_1_621' title='bbox 2522 3308 2724 3380; x_wconf 86' lang='grc' dir='ltr'>Κυρίου</span> <span class='ocrx_word' id='word_1_622' title='bbox 2768 3306 2985 3379; x_wconf 84' lang='grc' dir='ltr'>ἀμέσως</span> <span class='ocrx_word' id='word_1_623' title='bbox 3042 3308 3131 3362; x_wconf 83' lang='grc' dir='ltr'><strong>καὶ</strong></span> <span class='ocrx_word' id='word_1_624' title='bbox 3188 3311 3435 3384; x_wconf 80' lang='grc' dir='ltr'>καθαρῶς</span> <span class='ocrx_word' id='word_1_625' title='bbox 3488 3310 3859 3389; x_wconf 80' lang='grc' dir='ltr'>ἐμφανίζεται,</span> 
     </span>
    </p>
   </div>
   <div class='ocr_carea' id='block_1_87' title="bbox 2208 3394 3857 3474">
    <p class='ocr_par' dir='ltr' id='par_1_87' title="bbox 2208 3394 3857 3474">
     <span class='ocr_line' id='line_1_89' title="bbox 2208 3394 3857 3474; baseline 0.005 -25"><span class='ocrx_word' id='word_1_626' title='bbox 2208 3402 2288 3468; x_wconf 79' lang='grc' dir='ltr'>τῷ</span> <span class='ocrx_word' id='word_1_627' title='bbox 2342 3404 2443 3465; x_wconf 84' lang='grc' dir='ltr'>τῆς</span> <span class='ocrx_word' id='word_1_628' title='bbox 2502 3395 2699 3459; x_wconf 78' lang='grc' dir='ltr'>ἐκεῖθέν</span> <span class='ocrx_word' id='word_1_629' title='bbox 2749 3417 2808 3451; x_wconf 86' lang='grc' dir='ltr'><strong>τε</strong></span> <span class='ocrx_word' id='word_1_630' title='bbox 2875 3394 3033 3466; x_wconf 65' lang='grc' dir='ltr'>δόξηθ</span> <span class='ocrx_word' id='word_1_631' title='bbox 3096 3398 3339 3472; x_wconf 77' lang='grc' dir='ltr'>στεφάνῳ</span> <span class='ocrx_word' id='word_1_632' title='bbox 3398 3408 3712 3474; x_wconf 84' lang='grc' dir='ltr'>κοσμεῖται,</span> <span class='ocrx_word' id='word_1_633' title='bbox 3769 3405 3857 3458; x_wconf 88' lang='grc' dir='ltr'><strong>καὶ</strong></span> 
     </span>
    </p>
   </div>
   <div class='ocr_carea' id='block_1_88' title="bbox 2208 3484 3861 3564">
    <p class='ocr_par' dir='ltr' id='par_1_88' title="bbox 2208 3484 3861 3564">
     <span class='ocr_line' id='line_1_90' title="bbox 2208 3484 3861 3564; baseline 0.004 -25"><span class='ocrx_word' id='word_1_634' title='bbox 2208 3485 2385 3557; x_wconf 86' lang='grc' dir='ltr'>τούτῳ</span> <span class='ocrx_word' id='word_1_635' title='bbox 2443 3484 2648 3539; x_wconf 76' lang='grc' dir='ltr'>σύνεστι</span> <span class='ocrx_word' id='word_1_636' title='bbox 2734 3484 2824 3539; x_wconf 85' lang='grc' dir='ltr'><strong>καὶ</strong></span> <span class='ocrx_word' id='word_1_637' title='bbox 2905 3484 3325 3561; x_wconf 86' lang='grc' dir='ltr'>συναγάλλεται,</span> <span class='ocrx_word' id='word_1_638' title='bbox 3359 3489 3403 3560; x_wconf 85' lang='grc' dir='ltr'>ᾦ</span> <span class='ocrx_word' id='word_1_639' title='bbox 3461 3491 3659 3564; x_wconf 89' lang='grc' dir='ltr'>πρέπει</span> <span class='ocrx_word' id='word_1_640' title='bbox 3718 3495 3861 3545; x_wconf 82' lang='grc' dir='ltr'>πᾶσα</span> 
     </span>
    </p>
   </div>
   <div class='ocr_carea' id='block_1_89' title="bbox 2211 3571 3862 3652">
    <p class='ocr_par' dir='ltr' id='par_1_89' title="bbox 2211 3571 3862 3652">
     <span class='ocr_line' id='line_1_91' title="bbox 2211 3571 3862 3652; baseline 0.005 -25"><span class='ocrx_word' id='word_1_641' title='bbox 2211 3571 2360 3645; x_wconf 85' lang='grc' dir='ltr'>δόζα,</span> <span class='ocrx_word' id='word_1_642' title='bbox 2390 3575 2526 3645; x_wconf 86' lang='grc' dir='ltr'><strong>τιμή</strong></span> <span class='ocrx_word' id='word_1_643' title='bbox 2559 3571 2647 3627; x_wconf 81' lang='grc' dir='ltr'><strong>καὶ</strong></span> <span class='ocrx_word' id='word_1_644' title='bbox 2678 3573 3076 3648; x_wconf 83' lang='grc' dir='ltr'>προσκύνησις,</span> <span class='ocrx_word' id='word_1_645' title='bbox 3113 3576 3473 3650; x_wconf 89' lang='grc' dir='ltr'>μεγαλωσύνη</span> <span class='ocrx_word' id='word_1_646' title='bbox 3534 3599 3594 3634; x_wconf 84' lang='grc' dir='ltr'><strong>τε</strong></span> <span class='ocrx_word' id='word_1_647' title='bbox 3632 3580 3725 3634; x_wconf 79' lang='grc' dir='ltr'><strong>καὶ</strong></span> <span class='ocrx_word' id='word_1_648' title='bbox 3762 3601 3862 3652; x_wconf 82' lang='grc' dir='ltr'>με·</span> 
     </span>
    </p>
   </div>
   <div class='ocr_carea' id='block_1_90' title="bbox 2209 3662 3858 3739">
    <p class='ocr_par' dir='ltr' id='par_1_90' title="bbox 2209 3662 3858 3739">
     <span class='ocr_line' id='line_1_92' title="bbox 2209 3662 3858 3739; baseline 0.003 -21"><span class='ocrx_word' id='word_1_649' title='bbox 2209 3662 2602 3739; x_wconf 89' lang='grc' dir='ltr'>γαλοπρέπεια,</span> <span class='ocrx_word' id='word_1_650' title='bbox 2634 3668 2725 3719; x_wconf 79' lang='grc' dir='ltr'><strong>νῦν</strong></span> <span class='ocrx_word' id='word_1_651' title='bbox 2756 3662 2844 3717; x_wconf 90' lang='grc' dir='ltr'><strong>καὶ</strong></span> <span class='ocrx_word' id='word_1_652' title='bbox 2896 3664 2977 3718; x_wconf 83' lang='grc' dir='ltr'><strong>ἀεὶ</strong></span> <span class='ocrx_word' id='word_1_653' title='bbox 3034 3663 3123 3719; x_wconf 89' lang='grc' dir='ltr'><strong>καὶ</strong></span> <span class='ocrx_word' id='word_1_654' title='bbox 3182 3665 3257 3728; x_wconf 80' lang='grc' dir='ltr'>εἰς</span> <span class='ocrx_word' id='word_1_655' title='bbox 3302 3665 3430 3728; x_wconf 81' lang='grc' dir='ltr'>τοὺς</span> <span class='ocrx_word' id='word_1_656' title='bbox 3489 3666 3691 3730; x_wconf 76' lang='grc' dir='ltr'>αἰῶνας</span> <span class='ocrx_word' id='word_1_657' title='bbox 3750 3673 3858 3725; x_wconf 83' lang='grc' dir='ltr'><strong>τῶν</strong></span> 
     </span>
    </p>
   </div>
   <div class='ocr_carea' id='block_1_91' title="bbox 2208 3754 2687 3825">
    <p class='ocr_par' dir='ltr' id='par_1_91' title="bbox 2208 3754 2687 3825">
     <span class='ocr_line' id='line_1_93' title="bbox 2208 3754 2687 3825; baseline 0.002 -18"><span class='ocrx_word' id='word_1_658' title='bbox 2208 3754 2449 3810; x_wconf 81' lang='grc' dir='ltr'>αἰώνων.</span> <span class='ocrx_word' id='word_1_659' title='bbox 2484 3754 2687 3825; x_wconf 80' lang='grc' dir='ltr'>’Δμήν.</span> 
     </span>
    </p>
   </div>
   <div class='ocr_carea' id='block_1_92' title="bbox 2205 4133 3851 4218">
    <p class='ocr_par' dir='ltr' id='par_1_92' title="bbox 2205 4133 3851 4218">
     <span class='ocr_line' id='line_1_94' title="bbox 2205 4133 3851 4218; baseline 0.012 -35"><span class='ocrx_word' id='word_1_660' title='bbox 2205 4147 2476 4218; x_wconf 72' lang='lat' dir='ltr'><strong>pomanp,</strong></span> <span class='ocrx_word' id='word_1_661' title='bbox 2509 4133 2867 4218; x_wconf 58' lang='lat' dir='ltr'><strong>probatiora</strong></span> <span class='ocrx_word' id='word_1_662' title='bbox 2895 4153 3023 4192; x_wconf 87' lang='lat' dir='ltr'><strong>esse</strong></span> <span class='ocrx_word' id='word_1_663' title='bbox 3081 4139 3385 4218; x_wconf 50' lang='lat' dir='ltr'><strong>Surianis,</strong></span> <span class='ocrx_word' id='word_1_664' title='bbox 3417 4158 3544 4218; x_wconf 67' lang='lat' dir='ltr'><strong>quas</strong></span> <span class='ocrx_word' id='word_1_665' title='bbox 3581 4145 3666 4218; x_wconf 11' lang='lat' dir='ltr'><strong>&quot;ab</strong></span> <span class='ocrx_word' id='word_1_666' title='bbox 3724 4146 3851 4218; x_wconf 91' lang='lat' dir='ltr'><strong>ipso</strong></span> 
     </span>
    </p>
   </div>
   <div class='ocr_carea' id='block_1_93' title="bbox 2204 4204 3847 4284">
    <p class='ocr_par' dir='ltr' id='par_1_93' title="bbox 2204 4204 3847 4284">
     <span class='ocr_line' id='line_1_95' title="bbox 2204 4204 3847 4284; baseline 0.011 -28"><span class='ocrx_word' id='word_1_667' title='bbox 2204 4204 2376 4284; x_wconf 67' lang='lat' dir='ltr'><strong>etiam</strong></span> <span class='ocrx_word' id='word_1_668' title='bbox 2416 4205 2729 4284; x_wconf 73' lang='lat' dir='ltr'><strong>Lipomano</strong></span> <span class='ocrx_word' id='word_1_669' title='bbox 2748 4207 2911 4284; x_wconf 83' lang='lat' dir='ltr'><strong>edita</strong></span> <span class='ocrx_word' id='word_1_670' title='bbox 2950 4219 3085 4264; x_wconf 91' lang='lat' dir='ltr'><strong>sunt</strong></span> <span class='ocrx_word' id='word_1_671' title='bbox 3119 4219 3255 4267; x_wconf 88' lang='lat' dir='ltr'><strong>tom.</strong></span> <span class='ocrx_word' id='word_1_672' title='bbox 3292 4204 3409 4280; x_wconf 82' lang='grc' dir='ltr'><strong>νιί,</strong></span> <span class='ocrx_word' id='word_1_673' title='bbox 3432 4204 3539 4270; x_wconf 67' lang='grc' dir='ltr'><strong>ΤοΙ.</strong></span> <span class='ocrx_word' id='word_1_674' title='bbox 3570 4217 3712 4284; x_wconf 79' lang='lat'><strong>265;</strong></span> <span class='ocrx_word' id='word_1_675' title='bbox 3745 4204 3847 4274; x_wconf 71' lang='lat' dir='ltr'><strong>sed</strong></span> 
     </span>
    </p>
   </div>
   <div class='ocr_carea' id='block_1_94' title="bbox 2205 4274 3850 4346">
    <p class='ocr_par' dir='ltr' id='par_1_94' title="bbox 2205 4274 3850 4346">
     <span class='ocr_line' id='line_1_96' title="bbox 2205 4274 3850 4346; baseline 0.011 -18"><span class='ocrx_word' id='word_1_676' title='bbox 2205 4274 2423 4329; x_wconf 86' lang='lat' dir='ltr'><strong>nullam</strong></span> <span class='ocrx_word' id='word_1_677' title='bbox 2461 4274 2621 4331; x_wconf 86' lang='lat' dir='ltr'><strong>addit</strong></span> <span class='ocrx_word' id='word_1_678' title='bbox 2653 4279 2935 4335; x_wconf 85' lang='lat' dir='ltr'><strong>rationem</strong></span> <span class='ocrx_word' id='word_1_679' title='bbox 2960 4300 2971 4334; x_wconf 89' lang='lat'><strong>:</strong></span> <span class='ocrx_word' id='word_1_680' title='bbox 3002 4288 3058 4335; x_wconf 89' lang='lat' dir='ltr'><strong>et</strong></span> <span class='ocrx_word' id='word_1_681' title='bbox 3086 4299 3227 4337; x_wconf 92' lang='lat' dir='ltr'><strong>sane</strong></span> <span class='ocrx_word' id='word_1_682' title='bbox 3256 4274 3567 4342; x_wconf 84' lang='lat' dir='ltr'><strong>diﬁiculter</strong></span> <span class='ocrx_word' id='word_1_683' title='bbox 3596 4274 3850 4346; x_wconf 84' lang='lat' dir='ltr'><strong>dedisset</strong></span> 
     </span>
    </p>
   </div>
   <div class='ocr_carea' id='block_1_95' title="bbox 2203 4346 3849 4427">
    <p class='ocr_par' dir='ltr' id='par_1_95' title="bbox 2203 4346 3849 4427">
     <span class='ocr_line' id='line_1_97' title="bbox 2203 4346 3849 4427; baseline 0.011 -28"><span class='ocrx_word' id='word_1_684' title='bbox 2203 4346 2496 4427; x_wconf 70' lang='lat' dir='ltr'><strong>idoneam.</strong></span> <span class='ocrx_word' id='word_1_685' title='bbox 2541 4350 2765 4427; x_wconf 71' lang='lat' dir='ltr'><strong>Etenim</strong></span> <span class='ocrx_word' id='word_1_686' title='bbox 2828 4352 3185 4421; x_wconf 87' lang='lat' dir='ltr'><strong>probabilius</strong></span> <span class='ocrx_word' id='word_1_687' title='bbox 3234 4362 3342 4425; x_wconf 91' lang='lat' dir='ltr'><strong>est,</strong></span> <span class='ocrx_word' id='word_1_688' title='bbox 3388 4360 3541 4427; x_wconf 89' lang='lat' dir='ltr'><strong>apud</strong></span> <span class='ocrx_word' id='word_1_689' title='bbox 3604 4360 3849 4418; x_wconf 92' lang='lat' dir='ltr'><strong>Parthos</strong></span> 
     </span>
    </p>
   </div>
   <div class='ocr_carea' id='block_1_96' title="bbox 2204 4420 3849 4499">
    <p class='ocr_par' dir='ltr' id='par_1_96' title="bbox 2204 4420 3849 4499">
     <span class='ocr_line' id='line_1_98' title="bbox 2204 4420 3849 4499; baseline 0.012 -29"><span class='ocrx_word' id='word_1_690' title='bbox 2204 4420 2548 4499; x_wconf 58' lang='lat' dir='ltr'><strong>prsedicasse</strong></span> <span class='ocrx_word' id='word_1_691' title='bbox 2583 4420 3143 4499; x_wconf 70' lang='lat' dir='ltr'><strong>M_atthaetim,_quam</strong></span> <span class='ocrx_word' id='word_1_692' title='bbox 3192 4420 3339 4496; x_wconf 83' lang='lat' dir='ltr'><strong>apud</strong></span> <span class='ocrx_word' id='word_1_693' title='bbox 3388 4420 3717 4499; x_wconf 71' lang='lat' dir='ltr'><strong>Thebanos,</strong></span> <span class='ocrx_word' id='word_1_694' title='bbox 3752 4450 3849 4488; x_wconf 89' lang='lat' dir='ltr'><strong>ne-</strong></span> 
     </span>
    </p>
   </div>
   <div class='ocr_carea' id='block_1_97' title="bbox 2203 4492 3846 4573">
    <p class='ocr_par' dir='ltr' id='par_1_97' title="bbox 2203 4492 3846 4573">
     <span class='ocr_line' id='line_1_99' title="bbox 2203 4492 3846 4573; baseline 0.009 -30"><span class='ocrx_word' id='word_1_695' title='bbox 2203 4492 2516 4573; x_wconf 65' lang='lat' dir='ltr'><strong>scioquos,</strong></span> <span class='ocrx_word' id='word_1_696' title='bbox 2551 4496 2893 4573; x_wconf 79' lang='lat' dir='ltr'><strong>qui_p_oslea</strong></span> <span class='ocrx_word' id='word_1_697' title='bbox 2940 4492 3244 4552; x_wconf 75' lang='lat' dir='ltr'><strong>Persarum</strong></span> <span class='ocrx_word' id='word_1_698' title='bbox 3295 4501 3539 4573; x_wconf 85' lang='lat' dir='ltr'><strong>imperio</strong></span> <span class='ocrx_word' id='word_1_699' title='bbox 3588 4492 3846 4573; x_wconf 82' lang='lat' dir='ltr'><strong>adjuncli</strong></span> 
     </span>
    </p>
   </div>
   <div class='ocr_carea' id='block_1_98' title="bbox 2198 4559 3843 4641">
    <p class='ocr_par' dir='ltr' id='par_1_98' title="bbox 2198 4559 3843 4641">
     <span class='ocr_line' id='line_1_100' title="bbox 2198 4559 3843 4641; baseline 0.012 -29"><span class='ocrx_word' id='word_1_700' title='bbox 2198 4559 2449 4641; x_wconf 79' lang='lat' dir='ltr'><strong>fuerint;</strong></span> <span class='ocrx_word' id='word_1_701' title='bbox 2486 4559 2839 4641; x_wconf 76' lang='lat' dir='ltr'><strong>prebabilius</strong></span> <span class='ocrx_word' id='word_1_702' title='bbox 2872 4583 3118 4641; x_wconf 77' lang='lat' dir='ltr'><strong>quoque</strong></span> <span class='ocrx_word' id='word_1_703' title='bbox 3139 4580 3242 4634; x_wconf 89' lang='lat' dir='ltr'><strong>est,</strong></span> <span class='ocrx_word' id='word_1_704' title='bbox 3276 4559 3620 4641; x_wconf 64' lang='lat' dir='ltr'><strong>(Ethiopiam</strong></span> <span class='ocrx_word' id='word_1_705' title='bbox 3651 4559 3843 4632; x_wconf 71' lang='lat' dir='ltr'><strong>eidem</strong></span> 
     </span>
    </p>
   </div>
   <div class='ocr_carea' id='block_1_99' title="bbox 2195 4632 3846 4715">
    <p class='ocr_par' dir='ltr' id='par_1_99' title="bbox 2195 4632 3846 4715">
     <span class='ocr_line' id='line_1_101' title="bbox 2195 4632 3846 4715; baseline 0.011 -30"><span class='ocrx_word' id='word_1_706' title='bbox 2195 4632 2469 4715; x_wconf 75' lang='lat' dir='ltr'><strong>obtigisse</strong></span> <span class='ocrx_word' id='word_1_707' title='bbox 2504 4632 2909 4715; x_wconf 58' lang='lat' dir='ltr'><strong>prfedicationé</strong></span> <span class='ocrx_word' id='word_1_708' title='bbox 2934 4632 3404 4715; x_wconf 72' lang='lat' dir='ltr'><strong>illu_minandam,</strong></span> <span class='ocrx_word' id='word_1_709' title='bbox 3436 4632 3613 4715; x_wconf 55' lang='lat' dir='ltr'><strong>q&#39;uam</strong></span> <span class='ocrx_word' id='word_1_710' title='bbox 3645 4647 3846 4702; x_wconf 89' lang='lat' dir='ltr'><strong>civita-</strong></span> 
     </span>
    </p>
   </div>
   <div class='ocr_carea' id='block_1_100' title="bbox 2195 4706 3844 4778">
    <p class='ocr_par' dir='ltr' id='par_1_100' title="bbox 2195 4706 3844 4778">
     <span class='ocr_line' id='line_1_102' title="bbox 2195 4706 3844 4778; baseline 0.011 -21"><span class='ocrx_word' id='word_1_711' title='bbox 2195 4708 2309 4778; x_wconf 79' lang='lat' dir='ltr'><strong>tem</strong></span> <span class='ocrx_word' id='word_1_712' title='bbox 2347 4722 2519 4778; x_wconf 83' lang='lat' dir='ltr'><strong>unam</strong></span> <span class='ocrx_word' id='word_1_713' title='bbox 2550 4706 2721 4773; x_wconf 75' lang='lat' dir='ltr'><strong>Syriae</strong></span> <span class='ocrx_word' id='word_1_714' title='bbox 2752 4708 3127 4778; x_wconf 87' lang='lat' dir='ltr'><strong>Hierapolim.</strong></span> <span class='ocrx_word' id='word_1_715' title='bbox 3167 4714 3226 4765; x_wconf 84' lang='lat' dir='ltr'><strong>In</strong></span> <span class='ocrx_word' id='word_1_716' title='bbox 3263 4706 3422 4769; x_wconf 84' lang='lat' dir='ltr'><strong>hisce</strong></span> <span class='ocrx_word' id='word_1_717' title='bbox 3453 4706 3650 4772; x_wconf 72' lang='lat' dir='ltr'><strong>autem</strong></span> <span class='ocrx_word' id='word_1_718' title='bbox 3704 4720 3844 4776; x_wconf 86' lang='lat' dir='ltr'><strong>solis</strong></span> 
     </span>
    </p>
   </div>
   <div class='ocr_carea' id='block_1_101' title="bbox 2192 4775 3845 4857">
    <p class='ocr_par' dir='ltr' id='par_1_101' title="bbox 2192 4775 3845 4857">
     <span class='ocr_line' id='line_1_103' title="bbox 2192 4775 3845 4857; baseline 0.012 -31"><span class='ocrx_word' id='word_1_719' title='bbox 2192 4775 2333 4857; x_wconf 60' lang='lat' dir='ltr'><strong>Acta</strong></span> <span class='ocrx_word' id='word_1_720' title='bbox 2364 4777 2658 4857; x_wconf 78' lang='lat' dir='ltr'><strong>differunt,</strong></span> <span class='ocrx_word' id='word_1_721' title='bbox 2690 4778 2748 4857; x_wconf 86' lang='lat' dir='ltr'><strong>in</strong></span> <span class='ocrx_word' id='word_1_722' title='bbox 2783 4775 3386 4857; x_wconf 51' lang='lat' dir='ltr'><strong>reliq&#39;uisconsonant</strong></span> <span class='ocrx_word' id='word_1_723' title='bbox 3415 4794 3620 4857; x_wconf 67' lang='lat' dir='ltr'><strong>praeter</strong></span> <span class='ocrx_word' id='word_1_724' title='bbox 3650 4775 3845 4845; x_wconf 51' lang='lat' dir='ltr'><strong>diver4</strong></span> 
     </span>
    </p>
   </div>
   <div class='ocr_carea' id='block_1_102' title="bbox 2194 4844 3841 4928">
    <p class='ocr_par' dir='ltr' id='par_1_102' title="bbox 2194 4844 3841 4928">
     <span class='ocr_line' id='line_1_104' title="bbox 2194 4844 3841 4928; baseline 0.012 -29"><span class='ocrx_word' id='word_1_725' title='bbox 2194 4844 2986 4928; x_wconf 71' lang='lat' dir='ltr'><strong>sitatam_in_terpretationis.</strong></span> <span class='ocrx_word' id='word_1_726' title='bbox 3038 4851 3253 4928; x_wconf 87' lang='lat' dir='ltr'><strong>Verum</strong></span> <span class='ocrx_word' id='word_1_727' title='bbox 3314 4857 3384 4911; x_wconf 91' lang='lat' dir='ltr'><strong>de</strong></span> <span class='ocrx_word' id='word_1_728' title='bbox 3415 4844 3841 4928; x_wconf 52' lang='lat' dir='ltr'><strong>praedicatione</strong></span> 
     </span>
    </p>
   </div>
   <div class='ocr_carea' id='block_1_103' title="bbox 2193 4917 3843 5004">
    <p class='ocr_par' dir='ltr' id='par_1_103' title="bbox 2193 4917 3843 5004">
     <span class='ocr_line' id='line_1_105' title="bbox 2193 4917 3843 5004; baseline 0.014 -38"><span class='ocrx_word' id='word_1_729' title='bbox 2193 4917 2651 5004; x_wconf 54' lang='lat' dir='ltr'><strong>sanctilviatthnaai</strong></span> <span class='ocrx_word' id='word_1_730' title='bbox 2674 4925 2729 4974; x_wconf 93' lang='lat' dir='ltr'><strong>et</strong></span> <span class='ocrx_word' id='word_1_731' title='bbox 2752 4920 2966 5004; x_wconf 79' lang='lat' dir='ltr'><strong>deloco</strong></span> <span class='ocrx_word' id='word_1_732' title='bbox 2998 4927 3258 5004; x_wconf 66' lang='lat' dir='ltr'><strong>martyrii</strong></span> <span class='ocrx_word' id='word_1_733' title='bbox 3298 4933 3401 4984; x_wconf 91' lang='lat' dir='ltr'><strong>aut</strong></span> <span class='ocrx_word' id='word_1_734' title='bbox 3434 4917 3637 4987; x_wconf 72' lang='lat' dir='ltr'><strong>inortis</strong></span> <span class='ocrx_word' id='word_1_735' title='bbox 3669 4917 3843 5004; x_wconf 88' lang='lat' dir='ltr'><strong>plura</strong></span> 
     </span>
    </p>
   </div>
   <div class='ocr_carea' id='block_1_104' title="bbox 2192 4986 3169 5067">
    <p class='ocr_par' dir='ltr' id='par_1_104' title="bbox 2192 4986 3169 5067">
     <span class='ocr_line' id='line_1_106' title="bbox 2192 4986 3169 5067; baseline 0.012 -28"><span class='ocrx_word' id='word_1_736' title='bbox 2192 4986 2443 5041; x_wconf 88' lang='lat' dir='ltr'><strong>disserui</strong></span> <span class='ocrx_word' id='word_1_737' title='bbox 2473 4988 2532 5044; x_wconf 91' lang='lat' dir='ltr'><strong>in</strong></span> <span class='ocrx_word' id='word_1_738' title='bbox 2564 4991 3017 5061; x_wconf 88' lang='lat' dir='ltr'><strong>Commentario,</strong></span> <span class='ocrx_word' id='word_1_739' title='bbox 3054 4994 3083 5067; x_wconf 88' lang='lat'><strong>§</strong></span> <span class='ocrx_word' id='word_1_740' title='bbox 3117 4986 3169 5051; x_wconf 60' lang='lat'><strong>4&#39;.</strong></span> 
     </span>
    </p>
   </div>
  </div>
