4124 6270
374 277 490 338 821

374 437 2128 481 ἦ

1587 282 2067 352 MARTYRIUM
2114 293 2180 355 S.
2231 293 2578 356 THECLE.

3658 311 3779 373 822

2132 453 3775 485 ὣ

1071 596 1371 692 ΠΕΡΙ
1453 601 1695 696 ΤΗΣ
1780 603 2142 702 ΑΓΙΑΣ
2224 608 2438 704 ΚΑΙ
2502 614 3100 713 ΕΝΔΟΞΟΥ

1569 801 1690 856 ΚΑΙ
1734 804 1944 862 ΚΑΛΛΙ
1957 808 2000 860 Ν
2016 808 2172 864 ΙΚΟΥ
2209 809 2580 868 ΜΑΡΤΥΡΟΣ

983 1000 1692 1134 ΘΕΚΛΗΣ
1801 1011 2143 1138 ΤΗΣ
2259 1016 2484 1144 EN
2618 1018 3166 1150 ΙΚΝΙΩ.

697 1452 840 1536 DE
911 1453 1364 1543 SANCTA,
1454 1458 2034 1548 GLORIOSA
2101 1467 2236 1550 AC
2313 1466 2834 1564 VICTRICE
2911 1474 3452 1564 MARTYBE

1027 1686 1816 1853 THECLA
1896 1693 2023 1855 ΙΓ

2133 1662 2505 1862 [1οΝ
2517 1695 2857 1863 ΙΕΝ
2869 1700 3110 1864 SI.

749 1957 1106 2023 (Septembris
1136 1958 1220 2008 die
1248 1959 1326 2009 23.
1356 1986 1417 1999 —
1445 1961 1626 2012 Graece
1657 1965 1710 2013 et
1743 1963 1927 2014 Latine
1965 1965 2134 2017 edidit
2162 1969 2344 2018 Petrus
2369 1968 2643 2020 Pantinus.
2677 1970 2997 2034 Antwerpim
3028 1971 3168 2033 1608,
3207 1971 3394 2035 ἱη-ιο.)

446 2299 698 2386 ΑηἊρτι
763 2301 860 2351 τοῦ
909 2297 1150 2386 μεγάλου
1180 2306 1281 2368 τῆς
1328 2299 1588 2370 ἀληθείας
1637 2302 2023 2376 εὐαγγελιστοῦ

2210 2309 2251 2365 Ι.
2303 2310 2446 2366 Cum
2497 2312 2754 2383 primum
2805 2314 3020 2370 Paulus
3064 2330 3315 2386 magnus
3359 2314 3458 2372 ille
3511 2313 3767 2370 veritatis

374 2409 431 2443 τε
455 2385 546 2441 καὶ
585 2387 850 2458 κήρυκος,
891 2385 1112 2442 Παύλου
1147 2388 1292 2460 φημὶ
1347 2395 1447 2457 τῆς
1480 2390 1878 2466 πολυφθόγγου
1935 2399 2031 2446 τοῦ

377 2479 617 2550 Χριστοῦ
665 2473 992 2551 σάλπιγγος,
1026 2474 1133 2530 ἀπὸ
1184 2477 1525 2551 Ἀντιοχείας
1565 2484 1663 2547 τῆς
1724 2479 1776 2533 ἐν
1837 2483 2027 2554 Συρίᾳ,

375 2565 462 2620 ἐπὶ
488 2565 549 2618 τὸ
581 2562 807 2622 Ἰκόνιον
831 2563 1190 2640 ἀφικομένου,
1222 2564 1310 2620 καὶ
1341 2568 1434 2620 τὸν
1466 2573 1565 2634 τῆς
1627 2572 1772 2635 ζωῆς
1834 2571 2026 2642 λόγον,

374 2652 536 2708 οἷονεῖ
587 2651 802 2726 σπέρμα
861 2657 1028 2720 θεῖον,
1096 2651 1206 2707 ἐκεῖ
1264 2650 1777 2726 καταϐαλλομένου,
1838 2662 2026 2730 Δημᾶς

372 2743 465 2797 καὶ
520 2739 884 2815 Ἑρμογένης,
934 2739 1124 2815 ἄνδρες
1183 2743 1244 2794 oo
1307 2744 1442 2815 πρὸς
1485 2741 1749 2812 ἀλήθειαν
1809 2749 2023 2816 ζῶντες,

377 2829 504 2886 ἀλλ’
549 2827 884 2901 ὑποκρίσεως
934 2826 1082 2889 ὄντες
1132 2828 1584 2902 πεπληρωμένοι,
1635 2831 1781 2900 αὐτῷ
1849 2835 2026 2886 συνεί-

379 2916 656 2972 ποντο.Ὀ
717 2914 934 2976 Παῦλος
993 2914 1110 2983 οῦν,
1166 2915 1258 2969 ἅτε
1309 2920 1405 2968 τοῦ
1455 2918 1693 2988 Χριστοῦ
1755 2921 2024 2990 μαθητὴς,

381 3005 469 3060 καὶ
530 3003 722 3076 μεστὸς
776 2999 850 3055 ὢν
910 3002 1244 3077 ἀγαθότητος
1309 3004 1408 3071 τὴν
1485 3006 1691 3078 ψυχὴν,
1749 3005 2027 3068 ἀπλοῖκῶς

380 3093 568 3154 αὐτοῖς
613 3092 699 3146 καὶ
759 3091 961 3170 φιλίως
1015 3089 1336 3167 προσέκειτο
1371 3112 1383 3124 ’
1443 3092 1532 3146 καὶ
1608 3094 1782 3147 πάντα
1837 3095 1902 3161 ἦν
1959 3095 2025 3148 τὰ

377 3182 513 3236 κατὰ
543 3181 639 3249 τὴν
675 3177 999 3249 δεσποτικὴν
1032 3179 1350 3253 οἰκονομίαν
1397 3179 1580 3242 αὐτοῖς
1622 3179 2020 3255 διοικούμενος,

374 3271 441 3325 τὰ
473 3267 733 3344 μεγαλεῖά
767 3289 826 3322 τε
863 3271 960 3321 τοῦ
983 3272 1114 3323 Θεοῦ
1138 3265 1501 3343 διαγγέλλων,
1532 3270 1621 3324 καὶ
1681 3271 1828 3333 ὅπως
1882 3269 2021 3325 ἆπο-

374 3357 675 3434 καλυφθείη
736 3355 884 3428 αὐτῷ
945 3357 1162 3427 Κύριος,
1217 3357 1307 3413 καὶ
1366 3357 1501 3432 πρὸς
1560 3359 1748 3414 ἑαυτὸν
1792 3359 2024 3415 ἐπισπά-

379 3469 552 3505 σοιτο.
595 3443 818 3514 Ἐπειδὴ
852 3443 910 3500 δὲ
940 3446 1029 3500 καὶ
1062 3446 1112 3500 ἐν
1147 3445 1282 3520 αὐτῇ
1321 3449 1388 3520 τῇ
1420 3447 1580 3502 πόλει
1609 3452 1715 3503 τῶν
1756 3449 2023 3505 Ἰκονιέων

376 3539 614 3614 γένοιτο,
680 3535 1015 3606 ἐπιξενοῦται
1071 3538 1216 3608 παρά
1286 3558 1389 3591 τινι
1473 3535 1624 3611 ἀνδρὶ
1681 3538 2022 3615 Ὠνησιφόρῳ

2145 2399 2387 2456 nuntius
2436 2417 2506 2456 aa
2554 2417 2760 2472 praeco,
2794 2406 2851 2457 et
2881 2419 3091 2458 sonora
3137 2403 3347 2459 Christi
3386 2404 3546 2471 tuba,
3577 2402 3778 2458 relicta

2139 2487 2466 2554 Antiochia,
2509 2490 2680 2560 Syriae
2732 2490 2889 2560 urbe,
2938 2491 3198 2546 Iconium
3254 2491 3530 2556 venisset,
3583 2490 3781 2561 ibique

2138 2575 2269 2629 vitae
2308 2577 2561 2644 verbum,
2598 2577 2784 2633 instar
2804 2579 2982 2633 divini
3019 2579 3285 2646 seminis,
3314 2583 3630 2650 spargeret,
3670 2578 3777 2634 De-

2139 2677 2258 2716 mas
2299 2666 2355 2716 et
2404 2667 2813 2734 Hermogenes,
2861 2681 2974 2719 non
3026 2681 3092 2719 ex
3140 2664 3403 2721 veritatis
3443 2665 3777 2736 praescripto

2135 2750 2413 2818 viventes,
2471 2753 2571 2807 sed
2627 2751 2857 2808 ﬁctione
2915 2753 3094 2823 pleni,
3146 2769 3259 2808 una
3313 2753 3481 2807 illum
3531 2751 3776 2808 comita-

2137 2838 2350 2892 bantur
2389 2855 2402 2892 :
2445 2855 2594 2908 quos
2641 2839 2880 2909 Paulus,
2924 2840 3140 2910 quippe
3178 2840 3393 2896 Christi
3433 2839 3774 2910 discipulus,

2137 2926 2331 2981 animo
2370 2926 2529 2980 omni
2586 2926 2945 2982 humanitate
3001 2928 3246 2997 imbuto,
3305 2927 3550 2983 candide
3599 2933 3772 2998 atque

2135 3013 2321 3067 amice
2377 3013 2847 3084 amplectebatur,
2906 3016 3215 3084 omniaque
3288 3015 3429 3084 illis,
3505 3032 3631 3086 quae
3701 3016 3772 3070 ad

2134 3098 2498 3156 Dominicam
2543 3102 2932 3172 disciplinam,
2965 3103 3300 3174 vivendique
3339 3107 3552 3159 rectam
3593 3103 3771 3157 ratio-

2133 3201 2266 3240 nem
2310 3186 2679 3255 pertinerent,
2711 3189 3140 3259 suppeditabat,
3167 3189 3457 3260 magnalia
3485 3189 3606 3257 Dei,
3640 3204 3760 3244 mo-

2132 3274 2392 3346 dumque
2435 3292 2548 3346 quo
2577 3276 2854 3331 Dominus
2898 3276 3010 3347 ipsi
3053 3278 3437 3347 apparuisset,
3478 3283 3534 3332 et
3575 3277 3649 3332 ad
3697 3291 3758 3333 se

2130 3363 2426 3429 traxisset,
2473 3363 2591 3420 illis
2637 3380 2933 3421 enarrans.
2977 3364 3037 3420 In
3078 3365 3262 3434 ipssm
3309 3382 3478 3436 porro
3509 3365 3764 3421 Iconien-

2130 3455 2281 3508 slum
2335 3453 2538 3508 urbem
2571 3455 2692 3525 jam
2745 3456 3063 3524 ingressus,
3114 3454 3364 3525 hospitio
3413 3456 3693 3526 excipitur
3729 3472 3764 3510 a

2132 3543 2386 3612 quodam
2447 3543 2589 3609 viro,
2630 3543 2725 3597 cui
2781 3541 3139 3613 Onesiphoro
3191 3558 3425 3613 nomen,
3483 3543 3584 3614 qui
3630 3558 3764 3598 cum

376 3627 618 3704 τοῦνομα
661 3629 720 3691 ’ὃς
755 3623 980 3698 εὐσεϐής
1025 3649 1084 3683 τε
1124 3625 1198 3683 ὢν
1249 3629 1334 3682 καὶ
1396 3627 1573 3684 τᾶλλα
1612 3630 1808 3704 ἀγαθὸς
1862 3630 2021 3705 ἀνὴρ,

391 3720 405 3731 .
545 3717 556 3731 .
755 3717 976 3731 -...
1237 3713 1397 3731 ει...
1507 3717 1758 3731 ..-μ
1909 3720 1994 3731 ..

2133 3636 2335 3687 caetera
2393 3630 2479 3685 vir
2527 3631 2740 3702 probus
2787 3635 2961 3700 esset,
3006 3635 3130 3686 tum
3189 3630 3360 3686 etiam
3405 3632 3560 3703 pius,
3590 3631 3764 3686 simul

377 3720 451 3782 ὡς
489 3717 654 3791 μόνον
688 3721 784 3771 τοῦ
815 3717 1047 3772 Ἰκονίου
1087 3713 1423 3791 παραλαϐεῖν
1467 3717 1558 3772 τὸν
1619 3717 1838 3772 Ηαῦλου
1898 3720 2022 3789 ἀνή-

375 3829 521 3878 κοεν,
554 3806 781 3877 ἐξελθὼν
838 3804 952 3878 ἅμα
1007 3805 1220 3878 γυναικὶ
1249 3806 1339 3860 καί
1378 3805 1586 3869 τέκνοις
1616 3808 1762 3879 αὑτῷ
1795 3807 2017 3879 ὑπαντᾷ,

376 3897 586 3972 Ἐμαθε
642 3897 746 3971 γὰρ
804 3895 950 3969 παρά
1004 3894 1189 3964 Τίτου,
1239 3897 1428 3956 ὁποῖος
1495 3898 1597 3972 ἄρα
1652 3899 1750 3966 τήν
1790 3895 1932 3951 ἰδέαν
1991 3898 2019 3950 ὁ

2130 3725 2308 3791 atque
2342 3720 2584 3787 audivit,
2618 3718 2854 3775 Paulum
2895 3721 2963 3775 ad
3013 3721 3214 3774 urbem
3265 3721 3595 3788 adventare,
3628 3736 3763 3774 cum

2130 3824 2308 3864 uxore
2362 3813 2421 3864 et
2475 3807 2676 3863 liberis
2722 3808 2947 3864 obviam
3014 3809 3330 3880 procedens
3380 3807 3764 3879 (intellexerat

2128 3897 2284 3954 enim
2332 3913 2402 3952 ex
2432 3897 2584 3963 Tito,
2613 3913 2728 3968 qua
2785 3895 2970 3952 forma
3017 3896 3227 3952 Paulus
3283 3897 3456 3967 esset)
3508 3897 3637 3967 ejus
3673 3896 3761 3950 vi-

376 3983 616 4055 Παῦλος,
657 3984 748 4039 καὶ
806 3983 962 4055 πόθῳ
1019 3987 1101 4055 τῷ
1148 3982 1350 4040 ἐκείνου
1412 3984 1636 4060 βληθεὶς
1703 3986 1840 4040 κατὰ
1901 3985 2019 4050 θέαν

2133 3985 2298 4041 dendi
2347 3985 2633 4042 desiderio
2684 3989 2893 4052 tactus,
2935 3983 3125 4040 exivit.
3167 3984 3346 4048 Quem
3395 3985 3761 4040 accedentem

376 4073 543 4130 αὐτοῦ
576 4072 740 4148 ἐξῄει.
774 4069 925 4130 Ἰδὼν
959 4069 1016 4127 δὲ
1067 4071 1278 4130 Παῦλον
1327 4072 1651 4149 ἐρχόμενον,
1685 4072 1854 4148 ἄνδρα
1901 4075 2017 4128 οἷον

377 4166 406 4220 ὁ
437 4163 600 4222 Τίτου
633 4162 807 4239 λόγος
839 4162 1137 4238 ὑπέγραψε,
1175 4162 1383 4243 βραχὺν
1424 4166 1525 4234 τὴν
1582 4162 1828 4233 ἡλικίαν,
1860 4162 2022 4234 ψιλὸν

376 4255 475 4324 τὴν
538 4252 806 4331 κεφαλὴν,
865 4252 1111 4329 ἆγγύλον
1150 4253 1245 4314 τὰς
1287 4255 1502 4325 κνήμας
1561 4253 1792 4329 γρυπὸν,
1856 4251 2020 4304 σύνο-

379 4364 538 4420 φουν,
567 4342 629 4396 τὸ
664 4345 854 4413 μεῖζον
888 4341 1052 4415 φάναι
1081 4341 1170 4393 καὶ
1201 4341 1562 4412 καιριώτατον
1597 4341 1843 4414 χάριτος,
1875 4338 2021 4409 θείης

380 4428 820 4503 πεπληρωμένον
853 4447 865 4459 ⁸
926 4432 1122 4500 Χαῖρε,
1171 4429 1324 4506 φησὶ.
1373 4428 1511 4502 πρὸς
1559 4429 1746 4499 αὐτὸν,
1783 4428 2023 4503 ὑπηρέτα

378 4523 476 4575 τοῦ
508 4517 905 4591 εὐλογημένου.
934 4517 994 4573 Ὀ
1025 4515 1240 4579 Παῦλος
1289 4514 1367 4582 δὲ,
1399 4517 1488 4571 καὶ
1538 4516 1696 4579 αὐτὸς
1750 4518 2022 4593 ΙΙνεύματι

387 4607 516 4680 θείῳ
536 4606 628 4660 τὸν
661 4602 828 4679 ἄνδρα
856 4604 1202 4677 καταμαθὼν,
1234 4607 1428 4679 σεμνόν
1456 4627 1513 4662 τε
1558 4608 1859 4682 προσώπου
1895 4629 2021 4680 μει-

385 4693 578 4768 δίαμα,
608 4693 697 4749 καὶ
727 4695 862 4763 ἦθος
896 4693 1080 4768 χαρίεν
1113 4693 1258 4767 αὐτῷ
1287 4693 1648 4766 ἐπιδείξας-Ἢ
1686 4695 1866 4772 χάρις,
1896 4695 2020 4774 ἔφη,

386 4784 483 4842 τοῦ
514 4788 648 4840 Θεοῦ
678 4782 762 4855 εἴη
800 4783 932 4857 μετᾶ
963 4785 1078 4853 σοῦ,
1111 4785 1200 4841 καὶ
1230 4789 1330 4840 τοῦ
1373 4784 1524 4842 οἷ’κου
1571 4809 1685 4843 σου.
1729 4793 1916 4862 Δημᾶς
1969 4785 2024 4844 δὲ

387 4875 479 4931 καὶ
508 4873 870 4949 Ἑρμογένης,
903 4872 993 4936 οὒς
1021 4872 1129 4945 ἤδη
1179 4875 1268 4930 καί
1326 4875 1644 4940 ἀκολουθεῖν
1694 4877 1842 4949 αὐτῷ
1888 4875 2014 4954 ἔφη·

387 4984 504 5039 μιν,
537 4961 720 5040 φθόνῳ
759 4963 838 5034 τῷ
888 4964 1024 5036 πρὸς
1076 4965 1168 5019 τὸν
1224 4964 1440 5021 Παῦλον
1499 4965 1593 5028 τὰς
1655 4967 1834 5040 ψυχὰς
1873 4964 2022 5036 πλη-

2129 4078 2517 4148 conspiciens,
2568 4077 2756 4131 virum
2807 4075 3090 4145 videlicet,
3134 4076 3367 4146 qualem
3404 4076 3517 4130 Titi
3575 4090 3760 4130 sermo

2131 4166 2538 4234 descripserat,
2589 4164 2746 4218 brevi
2778 4163 3033 4233 corporis
3071 4168 3317 4230 statura,
3362 4163 3550 4234 capite
3604 4161 3760 4232 exili,

2129 4251 2293 4307 tibiis
2359 4249 2636 4315 incurvis,
2695 4266 2838 4304 naso
2916 4251 3161 4319 adunco,
3209 4249 3360 4305 ciliis
3431 4248 3763 4318 contractis,

2130 4341 2327 4396 animo
2358 4355 2424 4395 ac
2477 4342 2670 4394 mente
2717 4342 2956 4405 attenta,
2979 4345 3178 4409 utque,
3232 4338 3383 4406 quod
3433 4337 3622 4406 majus
3650 4342 3762 4404 est,

2129 4437 2186 4488 et
2217 4430 2467 4486 maxime
2497 4429 2568 4484 ad
2615 4445 2734 4485 rem
2768 4428 2924 4494 facit,
2958 4429 3222 4495 referam,
3255 4427 3446 4482 virum
3476 4426 3761 4498 (inquam)

2130 4521 2326 4577 divina
2381 4517 2565 4589 gratia
2625 4517 2880 4588 plenum,
2941 4516 3126 4581 Salve,
3187 4516 3400 4587 inquit,
3450 4531 3609 4571 serve
3667 4516 3762 4570 Dei

2129 4608 2442 4673 benedicti,
2477 4605 2567 4662 cui
2623 4605 2836 4661 Paulus
2874 4610 2932 4661 et
2989 4606 3115 4677 ipse
3161 4605 3368 4672 virum,
3405 4603 3500 4660 Dei
3545 4601 3761 4675 Spiritu

2131 4701 2391 4766 docente,
2429 4711 2805 4769 cognoscens,
2836 4694 3024 4750 laetam
3058 4695 3374 4766 quamdam
3405 4692 3604 4748 vultus
3633 4709 3762 4763 gra-

2128 4788 2381 4854 vitatem,
2429 4789 2771 4857 gratamque
2799 4782 3014 4853 ingenii
3045 4783 3390 4837 suavitatem
3431 4781 3758 4847 ostendens,

2131 4879 2347 4943 Gratia,
2391 4875 2602 4946 inquit,
2635 4874 2736 4929 Dei
2766 4879 2952 4929 tecum
2995 4877 3052 4928 et
3098 4889 3229 4927 cum
3261 4876 3362 4926 tua
3392 4869 3589 4926 famlia
3617 4878 3757 4925 esto.

2131 4967 2342 5022 Demas
2372 4983 2537 5036 porro
2560 4974 2614 5020 et
2642 4966 3032 5033 Hermogenes
3063 4962 3232 5033 (quos
3261 4961 3452 5030 ipsum
3499 4957 3763 5014 comitari

387 5013 504 5039 5""!
546 5013 714 5040 Ῐ”’Τ
773 5013 831 5034 ’Τ
895 5013 1022 5036 ’“Γ””
1088 5013 1161 5019 ⁷⁷⁷
1224 5013 1434 5021 —"""'
1511 5013 1592 5028 “”“¹
1660 5013 1832 5040 Τ⁷Α-”Ὶ
1880 5013 1988 5036 ””“Ἶ

387 5052 703 5130 γέντες,καὶ
735 5051 832 5120 τὴν
862 5050 1031 5106 ὠδῖνα
1060 5057 1156 5122 τῆς
1197 5054 1418 5122 καρδίας
1469 5054 1578 5130 οὐχ
1620 5057 1727 5110 οἷοί
1769 5077 1828 5112 τε
1877 5055 2021 5116 ὄντες

2133 5013 2341 5022 ”ν”’“““’
2372 5013 2614 5036 l'"""
2643 5013 3029 5033 """"n"'"
3065 5013 3227 5033 \‘l”"
3264 5013 3300 5030 ’1
3612 5013 3621 5014 ί

2133 5056 2428 5127 diximus),
2447 5053 2658 5110 animis
2682 5069 2782 5124 per
2800 5051 3075 5106 invidiam
3101 5052 3158 5104 in
3183 5049 3426 5104 Paulum
3441 5047 3763 5113 concitatis,

386 5142 609 5218 στέγειν,
671 5138 796 5195 ἀλλ’
851 5139 930 5204 εἷς
982 5145 1098 5220 φῶς
1155 5141 1492 5218 ἔνεγκόντες·
1551 5145 1742 5220 Ἡμεῖς
1802 5143 1859 5202 δέ
1916 5167 2022 5219 σοι,

384 5231 522 5307 πρὸς
558 5229 651 5285 τὸν
698 5229 1051 5306 Ὀνησιφόρον
1103 5233 1282 5308 φασὶν,
1329 5233 1390 5288 οὗ
1433 5231 1695 5306 δοκοῦμεν
1745 5237 1873 5290 εἶναι
1929 5240 2026 5290 τοῦ

386 5318 789 5394 εὖλογημένου,
847 5316 930 5372 ὅτι
989 5320 1065 5392 μή
1114 5320 1204 5374 καὶ
1262 5322 1397 5394 πρὸς
1453 5327 1623 5394 ἡμᾶς,
1690 5322 1835 5379 ἀλλὰ
1891 5325 2027 5399 πρὸς

388 5407 607 5463 Παῦλον
649 5405 814 5478 μόνον
836 5408 936 5477 τὴν
970 5408 1271 5482 πρόσρησιν
1302 5409 1544 5481 ἐποιήσω
1571 5433 1583 5482 ς
1619 5413 1678 5470 Ὀ
1709 5411 1765 5467 δὲ
1821 5413 1908 5467 καὶ
1941 5413 2029 5465 ἀπ’

2133 5149 2190 5201 et
2219 5145 2405 5200 cordis
2437 5144 2527 5200 sui
2551 5143 2830 5209 dolorem,
2856 5140 3041 5194 instar
3063 5143 3287 5209 partus,
3321 5136 3562 5192 minime
3580 5139 3768 5206 tegere

2132 5235 2412 5300 valentes,
2445 5232 2544 5288 sed
2576 5231 2633 5286 in
2667 5237 2926 5301 apertum
2960 5229 3311 5299 proferentes
3345 5243 3357 5281 :
3391 5225 3561 5292 Quid,
3583 5224 3766 5290 aiunt,

2138 5323 2513 5389 Onesiphoro,
2543 5337 2614 5375 an
2651 5335 2754 5374 nos
2784 5332 3016 5387 quoque
3057 5315 3129 5370 ad
3178 5317 3360 5371 Deum
3401 5313 3769 5370 benedictum

2141 5429 2254 5468 non
2294 5411 2557 5465 videmur
2588 5407 2691 5462 tibi
2729 5406 3030 5478 pertinere,
3065 5403 3221 5477 quod
3244 5403 3409 5460 nobis
3440 5399 3770 5474 praeteritis,

390 5496 571 5552 αὐτῶν
626 5498 732 5548 τῶν
767 5496 1029 5570 ῥημάτων
1059 5498 1161 5568 τήν
1195 5498 1615 5574 ὑποκαθημένην
1676 5501 1856 5565 αὐτοῖς
1888 5500 2023 5556 ἕνδοη

2143 5518 2328 5559 unum
2365 5499 2610 5555 Paulum
2630 5501 2711 5556 sis
2743 5497 3066 5554 allocutus?
3090 5497 3164 5552 Ex
3197 5495 3407 5567 quibus
3428 5491 3618 5548 verbis
3636 5505 3770 5545 cum

390 5583 577 5638 κακίαν
625 5587 992 5660 κατανοήσας,
1051 5584 1201 5644 Ἐπεὶ
1255 5587 1361 5662 οὐχ
1419 5588 1531 5662 ὁρω
1584 5588 1634 5644 ἐν
1695 5591 1849 5665 tam,
1901 5591 2034 5660 εἶπε,

2147 5591 2569 5663 improbitatem
2626 5592 2684 5646 in
2740 5588 2885 5661 ipsis
2941 5587 3288 5644 insidentem
3363 5579 3768 5655 perspexisset,
