4124 6270
363 298 481 357 823

1668 286 1950 349 MENSIS
1996 282 2482 346 SEPTEMBER.

3645 267 3774 327 824

369 463 488 519 Hoc
519 461 671 527 ideo,
719 461 930 533 inquit,
971 477 1003 514 a
1043 473 1131 514 me
1163 460 1358 513 actum
1407 457 1514 519 est,
1548 451 1700 522 quod
1751 466 1865 506 non
1898 451 1999 505 de-

2112 445 2316 518 καρπὸν
2346 439 2533 497 ούδένα
2564 435 2917 504 δικπιοσύνης
2950 452 2963 464 ·
2993 429 3108 487 οὔδ’
3141 426 3232 484 οῦν
3285 426 3431 483 ἀλλὰ
3461 425 3549 481 καὶ
3605 426 3772 500 ὑμεῖς

369 552 729 623 prehendam
757 550 816 604 in
849 549 1009 604 vobis
1044 547 1229 602 ullum
1253 543 1492 615 justitiaa
1527 542 1773 596 fructum
1806 556 1819 594 :
1851 539 2004 593 nihi-

367 639 621 694 lominus
651 643 840 694 tamen
873 653 971 692 vos
1002 649 1234 706 quoque
1264 633 1502 688 domum
1557 645 1747 685 meam
1793 629 2003 698 venite,

368 733 426 783 et
455 730 514 782 in
545 743 612 782 ea
650 725 1017 797 requiescite.

438 815 506 870 II.
548 815 765 870 Paulus
822 814 1002 886 igitur
1049 829 1115 868 eo
1159 812 1482 883 ingressus,
1537 812 1705 880 capta
1749 808 2006 879 primum

368 904 579 975 quiete,
614 903 823 958 deinde
851 907 1082 973 sumpto
1113 901 1261 967 cibo,
1297 900 1473 955 verba
1505 899 1692 954 facere
1724 897 2005 965 instituit,

371 998 429 1048 et
457 991 688 1064 pietatis
733 991 1060 1046 doctrinam
1099 989 1312 1045 animis
1341 1003 1564 1053 eorum,
1598 987 1689 1056 qui
1723 1001 2012 1042 convene-

369 1087 520 1145 rant,
566 1078 964 1134 disseminare.
1017 1077 1190 1147 Cujus
1229 1076 1509 1131 doctrina:
1538 1075 2007 1147 principiumiac

368 1168 811 1224 fundamentum
847 1167 931 1220 illi
981 1166 1110 1232 fuit,
1154 1165 1553 1220 Beatitudines
1584 1181 1616 1219 a
1657 1163 1884 1219 Christo
1920 1164 2008 1219 de-

369 1259 710 1329 praedicataa.
744 1255 903 1311 Beati
944 1255 1123 1325 enim,
1175 1254 1386 1325 inquit,
1433 1268 1716 1324 pauperes
1745 1252 1957 1324 spiritu
1993 1269 2006 1308 :

367 1347 644 1418 quoniam
667 1344 930 1416 ipsorum
955 1347 1043 1399 est
1059 1359 1305 1415 regnum
1321 1343 1598 1398 cmlorum
1615 1341 1654 1396 ί.
1673 1341 1826 1397 Beati
1847 1358 1942 1396 mu
1953 1359 2010 1396 n-

369 1435 442 1489 do
467 1434 670 1489 corde:
705 1433 982 1503 quoniam
1014 1431 1126 1502 ipsi
1160 1432 1342 1487 Deum
1377 1431 1669 1486 videbunt.
1702 1430 1861 1486 Beati
1881 1447 2011 1485 con-

369 1523 643 1586 tinentes,
685 1525 740 1577 et
770 1521 951 1577 stulto
1001 1520 1137 1575 huic
1189 1521 1408 1576 mundo
1439 1518 1841 1585 valedicentes,
1874 1519 2010 1590 quia

370 1614 485 1668 Deo
542 1610 833 1682 imprimis
891 1610 1221 1681 placebunt.
1277 1611 1435 1665 Beati
1500 1609 1770 1665 timorem
1824 1610 1917 1665 Dei
1948 1609 2007 1664 in

368 1700 560 1757 cordis
587 1698 741 1754 velut
786 1703 945 1754 utero
987 1699 1392 1770 parturientes,
1435 1698 1739 1769 ipsiusque
1777 1697 2009 1754 oracula

2113 533 2335 608 ἔρχεσθε
2358 530 2433 592 εἰς
2461 529 2550 584 τὸν
2581 526 2710 600 ἐμὸν
2741 524 2912 592 οἶκον,
2943 522 3032 576 καὶ
3065 519 3417 575 ἀναπαύεσθε.

2185 807 2348 862 ΒἨΟ
2415 800 2632 863 Παῦλος
2691 797 2782 854 οῦν
2824 798 2996 853 ἐκεῖσε
3049 794 3362 870 γενόμενος,
3420 793 3511 849 καὶ
3573 798 3770 867 πρῶτα

2117 897 2210 970 μὶν
2275 891 2641 961 ἄναπαύσεως,
2690 887 2876 944 ἔπειτα
2933 885 2990 941 δὲ
3045 889 3134 940 καί
3197 885 3471 958 τραπέζης
3533 883 3774 955 μεταλα-

2113 984 2254 1060 χὼν,
2288 981 2450 1057 λόγον
2499 979 2726 1048 ἥπτετο,
2755 979 2844 1032 καὶ
2893 981 3009 1037 ταῖς
3055 978 3258 1049 ψυχαῖς
3322 977 3425 1028 τῶν
3482 971 3770 1049 συνειλεγ-

2117 1073 2290 1146 μένων
2345 1073 2407 1126 τὸ
2465 1077 2566 1140 τῆς
2620 1063 2890 1130 εὐσεϐείας
2947 1064 3132 1143 δόγμα
3159 1062 3530 1137 καταςπείρειν
3584 1063 3771 1133 ἀπήρ-

2114 1184 2267 1243 χετο.
2301 1163 2543 1216 Γίνονται
2575 1157 2631 1214 δὲ
2660 1159 2807 1230 αὖτῷ
2847 1159 2993 1232 ἀρχῆ
3025 1157 3116 1210 καὶ
3160 1149 3444 1221 καταϐολὴ
3477 1161 3576 1222 τῆς
3607 1151 3768 1208 διδα-

2112 1250 2338 1312 σκαλίας
2370 1253 2422 1304 οἱ
2468 1247 2805 1322 μακαρισμοὶ
2855 1251 2950 1300 τοῦ
3008 1246 3269 1318 Χριστοῦ.
3304 1243 3574 1316 Μακάριοι
3635 1243 3768 1318 γὰρ,

2115 1343 2281 1412 εἶπεν,
2316 1343 2366 1396 οἱ
2398 1341 2617 1414 πτωχοὶ
2648 1343 2727 1410 τῷ
2759 1337 3044 1409 πνεύματι,
3080 1333 3163 1389 δτι
3221 1333 3396 1388 αὐτῶν
3431 1333 3575 1387 ἐστιν
3599 1335 3633 1401 ἡ
3672 1335 3774 1396 Βα-

2114 1431 2291 1486 σιλεία
2347 1434 2456 1484 τῶν
2519 1428 2780 1501 ούρανῶν.
2832 1423 3103 1499 Μακάριοι
3147 1423 3197 1476 o't
3243 1421 3654 1496 ἐγκρατεῖς,καὶ
3710 1423 3769 1476 οἱ

2111 1522 2191 1592 τῷ
2245 1520 2460 1592 ματαίῳ
2541 1518 2718 1588 τούτῳ
2808 1514 3001 1586 κόσμῳ
3067 1511 3486 1584 ἀποταξάμενοι,
3545 1512 3627 1565 δτι
3687 1515 3769 1583 τῷ

2113 1613 2227 1681 Θεῷ
2275 1609 2682 1682 εύαρεστοῦντες
2747 1600 2981 1661 ἔσονται.
3041 1601 3314 1675 Μακάριοι
3383 1600 3434 1654 οἱ
3519 1601 3610 1654 τὸν
3663 1605 3763 1654 τοῦ

2113 1702 2245 1755 Θεοῦ
2286 1693 2456 1772 φόϐον
2512 1696 2565 1750 ἐν
2620 1695 2812 1772 γαστρὶ
2881 1689 3099 1767 καρδίας
3181 1688 3486 1758 ὡδίνοντες,
3541 1690 3632 1744 καὶ
3695 1691 3764 1744 τὰ

368 1792 682 1843 trementes
715 1803 727 1842 :
763 1788 1042 1858 quoniam
1078 1788 1273 1859 ipsum
1312 1787 1613 1856 videbunt,
1641 1795 1694 1842 et
1725 1793 2002 1858 tanquam

2116 1786 2281 1843 αύτοῦ
2326 1787 2614 1861 τρέμοντες
2674 1784 2854 1859 λόγια,
2887 1783 2971 1836 δτι
3039 1779 3197 1835 αὐτὸν
3258 1777 3628 1852 ὄψονται,καὶ
3687 1780 3760 1842 ὡς

2124 1876 2149 1893 Ἰ
2250 1877 2269 1893 Χ
2457 1877 2471 1893 1
2590 1874 2614 1893 ἢ
2653 1877 2666 1892 \
2853 1875 2864 1887 ‘
3051 1872 3061 1888 ⁸
3225 1892 3228 1893 ,
3296 1873 3355 1893 ιη
3406 1871 3420 1886 ‘
3475 1871 3521 1893 Α,
3581 1892 3587 1893 ,
3679 1872 3691 1887 ‘
3717 1891 3729 1893 _

371 1876 562 1948 angeli
593 1881 871 1948 perpetuo
901 1893 1034 1932 cum
1083 1877 1210 1949 ipso
1239 1877 1467 1949 degent.
1509 1877 1594 1931 Ad
1622 1892 1795 1948 quem
1828 1875 2003 1945 enim,

370 1966 566 2036 inquit
592 1963 708 2033 ille,
741 1965 1082 2037 adspiciam,
1105 1965 1218 2021 nisi
1247 1967 1318 2022 ad
1351 1966 1572 2037 mitem,
1604 1971 1658 2022 et
1688 1965 1928 2020 tacitum
1951 1969 2009 2021 et

369 2057 716 2109 trementem
747 2069 1046 2111 sermones
1077 2071 1239 2110 meos
1271 2055 1299 2109 ?
1328 2055 1489 2109 Beati
1543 2055 1642 2126 qui
1695 2059 2005 2126 postquam

368 2141 467 2197 Dei
508 2141 803 2197 lavacrum
833 2147 1238 2214 susceperunt,
1273 2160 1517 2214 corpora
1545 2160 1654 2199 sua
1682 2160 1826 2214 pura
1854 2144 2008 2198 dein-

366 2245 502 2302 ceps
541 2230 612 2284 ab
643 2231 805 2286 omni
836 2232 1007 2287 sorde
1037 2231 1455 2300 custodientes,
1482 2231 1758 2304 paciﬁcos
1788 2232 2007 2302 seipsos

362 2316 480 2374 vita
508 2334 574 2374 ac
608 2318 871 2374 moribus
899 2318 1175 2376 exhibent
1206 2336 1221 2376 :
1255 2320 1534 2393 quoniam
1583 2320 1690 2376 ﬁlii
1719 2321 2007 2376 Altissimi

362 2408 742 2466 vocabuntur.
775 2410 934 2465 Beati
967 2410 1370 2468 misericordes
1404 2428 1416 2467 :
1459 2412 1739 2484 quoniam
1771 2411 2003 2467 miseri-

368 2498 627 2554 cordiam
688 2503 1139 2570 consequentur,
1187 2504 1244 2554 et
1299 2499 1359 2555 in
1418 2500 1509 2556 die
1564 2499 1769 2570 judicii
1814 2499 2006 2555 nullas

365 2587 634 2658 supplicii
654 2603 855 2659 pcenas
884 2587 1274 2658 experientur.
1300 2589 1458 2644 Beati
1485 2605 1731 2658 quorum
1767 2605 2008 2660 corpora

365 2676 581 2747 pariter
662 2679 833 2747 atque
879 2678 1107 2747 animae,
1177 2681 1362 2745 casta,
1442 2677 1631 2733 instar
1685 2678 2005 2749 virginum,

362 2768 608 2819 servatas
669 2765 932 2819 fuerint:
982 2765 1263 2835 quoniam
1313 2765 1428 2820 Deo
1475 2766 1693 2837 accepti
1723 2771 1919 2836 erunt,
1951 2774 2008 2823 et

351 2851 598 2922 justitize
647 2852 1033 2925 puritatisque
1080 2869 1193 2909 sua
1240 2854 1560 2911 mercedem
1608 2856 1762 2927 apud
1808 2855 2004 2926 ipsum

360 2940 678 3009 invenient,
742 2941 998 3012 quietem
1056 2941 1470 3013 sempiternam
1530 2943 1880 3014 adepturi‘.
1938 2944 2008 3000 Et

362 3028 542 3084 Paulo
599 3029 836 3100 quidem
884 3029 1176 3102 ejusmodi
1241 3030 1411 3088 verba
1467 3033 1525 3087 in
1574 3033 1744 3089 domo
1795 3031 2005 3090 Onesi-

367 3116 533 3186 phori
564 3134 759 3174 coram
810 3119 948 3188 illis,
981 3119 1083 3190 qui
1131 3121 1197 3176 ad
1243 3135 1300 3176 se
1330 3126 1626 3187 venerant,
1668 3122 2005 3184 disserente.

371 3208 430 3261 et
478 3206 778 3263 nonnullis
825 3209 1060 3280 quidem
1129 3209 1376 3266 libenter
1432 3211 1771 3283 placideque
1835 3212 2002 3268 illum

369 3294 766 3361 audientibus,
821 3296 952 3352 aliis
1009 3301 1203 3354 autem
1253 3299 1794 3356 sermocinationem
1855 3302 2006 3357 hanc

367 3383 725 3454 negligenter
753 3384 1193 3456 accipientibus,
1221 3393 1276 3444 et
1307 3389 1615 3445 surdorum
1637 3389 1820 3444 instar
1839 3390 2006 3445 aﬂ‘ec-

364 3469 463 3540 tis,
511 3470 644 3527 aliis
695 3472 970 3546 denique,
1035 3492 1150 3530 non
1211 3477 1401 3532 solum
1443 3479 1513 3532 ad
1573 3477 1696 3535 haec
1734 3478 2004 3534 attentio-

362 3573 496 3614 nem
542 3577 656 3615 non
689 3563 1124 3632 praestantibus,
1148 3565 1250 3620 sed
1293 3565 1439 3622 mala
1467 3567 1705 3639 insuper
1742 3567 1801 3622 in
1833 3566 2004 3624 corde

367 3647 745 3719 agitantibus,
784 3650 1017 3718 Thecla,
1048 3653 1208 3724 virgo
1247 3656 1513 3724 quaedam
1555 3655 1789 3725 nobilis,
1817 3658 2001 3715 Theo-

366 3734 502 3791 cleaa
540 3736 680 3805 lilia,
713 3737 834 3794 viro
867 3741 1178 3811 desponsa,
1211 3743 1303 3796 cui
1336 3759 1547 3798 nomen
1580 3745 1910 3817 Thamyris,
1943 3750 2001 3804 in

363 3824 576 3879 vicinia
613 3826 960 3897 Onesiphori
995 3827 1275 3896 habitans,
1307 3847 1407 3900 per
1451 3831 1760 3887 fenestram
1801 3852 2002 3892 aurem

364 3913 595 3968 avidam
654 3913 922 3968 audiendi
956 3916 1276 3988 porrigens,
1311 3918 1473 3975 Pauli
1504 3922 1680 3978 verba
1713 3925 2005 3981 ausculta-

365 4001 462 4056 bat
486 4017 498 4056 :
525 4003 691 4072 cujus
713 4005 1089 4074 quantumvis
1114 4006 1315 4063 faciem
1340 4007 1581 4065 minime
1599 4011 1900 4083 aspiceret,
1923 4015 2005 4071 ita

365 4093 557 4146 tamen
600 4106 665 4146 ex
708 4092 832 4162 ejus
883 4109 1152 4151 sermone
1205 4098 1505 4168 pendebat,
1539 4107 1603 4155 ut
1650 4101 2000 4172 reliquarum

363 4193 555 4234 rerum
589 4182 854 4237 omnium
887 4199 1027 4238 cura
1057 4185 1334 4252 demissa,
1369 4189 1437 4243 ad
1471 4188 1664 4261 ipsum
1693 4191 1884 4249 solum
1915 4198 2002 4250 at-

361 4268 644 4339 tenderet,
679 4275 736 4326 et
779 4287 883 4342 per
913 4272 1106 4343 ipsum
1141 4274 1367 4332 Christo
1408 4284 1790 4351 coaptaretur.
1825 4285 1999 4340 Cum-

365 4373 476 4428 que
504 4358 725 4416 videret
773 4361 987 4418 multas
1036 4368 1153 4422 tam
1204 4368 1574 4426 matrimonio
1631 4374 1997 4444 coniunctas,

365 4462 539 4516 quam
563 4447 813 4519 virgines
837 4451 909 4505 ad
934 4451 1176 4508 Paulum
1202 4455 1616 4525 ingredientes,
1639 4461 2002 4518 desiderabat

2114 1876 2339 1954 ἄγγελοι
2377 1877 2556 1949 τούτῳ
2587 1874 2676 1930 διὰ
2706 1875 2904 1934 παντὸς
2947 1872 3272 1926 συνέσονται.
3296 1871 3423 1927 Ἐπὶ
3470 1871 3591 1925 τίνα
3635 1872 3759 1946 γὰρ,

2113 1967 2274 2046 φησὶν
2330 1965 2512 2037 αὐτὸς,
2543 1961 2846 2036 ἐπιϐλέψῃ),
2879 1960 3006 2016 ἄλλ’
3047 1959 3083 2028 ἢ
3152 1959 3240 2015 ἐπὶ
3306 1961 3397 2014 τὸν
3446 1963 3616 2035 πρᾶον
3674 1960 3758 2014 καὶ

2112 2055 2346 2134 ἡσύχιον
2399 2057 2487 2110 καὶ
2543 2051 2812 2129 τρέμοντά
2867 2072 2972 2123 μου
3029 2049 3156 2110 τοὺς
3199 2048 3442 2124 λόγους;
3495 2052 3759 2123 Μακάριοι

2113 2147 2164 2200 οἱ
2193 2146 2254 2200 τὸ
2287 2150 2429 2209 θεῖον
2478 2141 2757 2216 δεξάμενοι
2811 2141 3114 2216 βάπτισμα,
3160 2141 3271 2194 εἶτα
3332 2139 3504 2214 ῥύπου
3557 2141 3761 2212 καθαρά

2111 2233 2178 2289 τὰ
2209 2235 2412 2289 ἑαυτῶν
2439 2234 2778 2305 τηρήσαντες
2816 2229 3066 2302 σώματα,
3099 2228 3190 2282 καὶ
3220 2232 3302 2299 τῷ
3351 2229 3540 2302 τρόπῳ
3585 2229 3759 2300 τούτῳ

2113 2323 2461 2395 εἰρηνοποιοῖ
2515 2319 2906 2381 καταστάντεςο
2959 2317 3043 2373 ὅτι
3117 2317 3274 2371 αὐτοὶ
3341 2316 3452 2371 υἱοί
3511 2315 3759 2391 Ὑψίστου

2110 2411 2507 2482 κληθήσονται,
2543 2411 2812 2482 Μακάριοι
2845 2409 2898 2463 οἱ
2928 2407 3227 2479 ἐλεήμονες
3250 2425 3262 2439 ·
3298 2405 3380 2460 ὅτι
3409 2405 3564 2460 αὐτοὶ
3605 2405 3757 2476 ἐλεη-

2114 2504 2393 2571 θήσονται,
2424 2500 2514 2554 καὶ
2545 2498 2826 2562 κολάσεως
2865 2499 2977 2572 οὐχ
3020 2494 3199 2566 ἕξουσι
3248 2500 3440 2571 πεῖραν
3482 2495 3534 2550 ἐν
3584 2496 3760 2570 ἡμέρᾳ

2110 2591 2361 2665 κρίσεως.
2397 2591 2674 2664 Μακάριοι
2732 2589 2806 2643 ὧν
2859 2591 2949 2643 καὶ
3017 2589 3082 2644 τὰ
3135 2589 3362 2660 σώματα
3410 2589 3500 2642 καὶ
3549 2589 3603 2642 αἱ
3655 2592 3757 2662 ψυ-

2111 2680 2210 2756 χαὶ
2265 2681 2517 2753 παρθένοι
2577 2677 3012 2752 διετηρήθησανο
3064 2679 3149 2734 ὅτι
3206 2678 3616 2748 εύαρεστήσουσι
3672 2683 3750 2749 τῷ

2113 2774 2252 2840 Θεῷ,
2310 2769 2401 2825 καὶ
2441 2769 2533 2824 τὸν
2585 2775 2687 2838 τῆς
2745 2765 3094 2839 δικαιοσύνης
3153 2768 3244 2823 καὶ
3300 2767 3512 2843 ἁγνείας
3561 2766 3746 2838 μισθὸν

2111 2859 2236 2933 παρ’
2309 2858 2455 2929 αύτῷ
2520 2857 2831 2932 εὑρήσουσι,
2897 2858 2987 2911 καὶ
3063 2859 3356 2912 ἀνάπαυσιν
3420 2857 3494 2917 εἷς
3556 2855 3745 2916 αἰῶνας

2112 2941 2307 3017 ἕξουσί.
2359 2949 2599 3004 Τοιαῦτα
2646 2952 2742 3002 τοῦ
2798 2945 3040 3020 Παύλου,
3070 2946 3205 3002 κατὰ
3269 2947 3364 3001 τὸν
3396 2943 3748 3022 Ὀνησιφόρου

2115 3039 2285 3107 οἶκον,
2351 3045 2468 3102 τοῖς
2523 3037 2884 3114 προσελθοῦσι
2962 3037 3378 3113 διαλεγομένου,
3453 3038 3544 3092 καὶ
3595 3045 3757 3092 τινων

2119 3130 2211 3200 μὲν
2271 3126 2446 3198 ἡδέως
2502 3129 2594 3184 καὶ
2649 3131 2942 3204 προσηνῶς
3021 3129 3121 3196 τὴν
3206 3128 3376 3198 ἀκοὴν
3423 3126 3752 3202 ὑπεχόντων.

2118 3217 2270 3272 ἐνίων
2341 3215 2397 3271 δὲ
2452 3215 2970 3292 κατολιγωρούντων
3028 3220 3124 3271 τοῦ
3172 3216 3361 3292 λόγου,
3402 3220 3492 3272 καὶ
3553 3219 3754 3292 κωφοῖς

2117 3306 2307 3376 ἐπίσης
2338 3303 2712 3379 διακειμένων,
2734 3305 2921 3360 ἄλλων
2955 3303 3011 3360 δὲ
3040 3305 3176 3380 πρὸς
3203 3311 3282 3379 τῷ
3342 3307 3419 3379 μὴ
3469 3307 3759 3384 προσέχειν

2113 3393 2192 3451 ἔτι
2249 3394 2336 3450 καὶ
2385 3396 2594 3471 πονηρὰ
2645 3395 3018 3470 λογιζομένων
3078 3394 3130 3450 ἐν
3189 3400 3308 3460 ταῖς
3344 3393 3595 3470 καρδίαις
3625 3415 3639 3428 ο
3673 3393 3762 3449 Θέ-

2111 3484 2218 3540 κλα
2272 3507 2355 3546 τις
2413 3483 2632 3560 εὐγενὴς
2690 3485 2974 3560 παρθένος,
3017 3482 3308 3545 Θεοκλεῒας
3366 3484 3626 3560 θυγάτηρ,
3665 3507 3763 3558 με·

2118 3575 2496 3649 μνηστευμένη
2528 3570 2678 3648 ἀνδρὶ
2713 3574 2774 3629 οὗ
2813 3575 2875 3628 τὸ
2919 3570 3095 3646 ὄνομα
3143 3573 3381 3649 Θάμυρίς
3421 3573 3508 3642 ἦν,
3541 3572 3593 3628 ἐν
3645 3589 3758 3650 γει-

2110 3665 2283 3720 τόνων
2332 3665 2787 3740 τῷὈνησιφὸρῳ
2841 3664 2936 3725 τὰς
2995 3663 3236 3733 οἰκήσεις
3283 3663 3616 3736 ποιουμένη,
3671 3661 3762 3720 διὰ

2112 3761 2212 3823 τῆς
2270 3751 2484 3828 θυρίδος
2541 3753 2806 3831 φιλήκοον
2845 3751 2939 3815 οῦς
2968 3754 3340 3832 [ὑποσχοῦσα,
3373 3758 3478 3808 τῶν
3537 3753 3758 3811 Ηαύλου

2113 3841 2296 3917 λόγων
2345 3841 2690 3917 ἐπηκροᾶτο·
2743 3844 2834 3898 καὶ
2883 3841 3173 3918 πρόσωπον
3229 3844 3323 3916 μὲν
3382 3842 3593 3898 ἐκεῖνου
3660 3844 3762 3900 ούκ

2113 3935 2257 4005 εἶχεν
2307 3930 2456 4004 ὁρᾷν.
2519 3929 2663 3985 οὕτω
2721 3928 2778 3985 δὲ
2831 3934 2939 3985 τῶν
2997 3931 3166 3986 αὐτοῦ
3227 3929 3404 4006 λόγων
3465 3931 3755 4008 ἐξήρτητο,

2113 4019 2250 4075 ὥστε
2323 4022 2539 4075 πάντων
2608 4019 2866 4092 ἀμέλειαν
2934 4026 3302 4096 καταγνοῦσαν
3372 4026 3479 4078 τῶν
3541 4022 3753 4094 ἄλλων,

2111 4108 2257 4182 αύτῷ
2300 4109 2450 4182 μόνῳ
2504 4115 2996 4182 προσκεῖσθαι,καῖ
3046 4107 3115 4165 δι’
3146 4111 3311 4166 αὐτοῦ
3340 4113 3569 4186 ’Χριστῷ
3634 4133 3757 4167 συν-

2110 4199 2456 4274 αρμόζεσθαι.
2507 4202 2718 4274 Ὁρῶσα
2772 4197 2829 4254 δὲ
2887 4198 3102 4262 πολλὰς
3158 4205 3264 4256 τῶν
3324 4205 3586 4276 γυναικῶν
3662 4203 3755 4258 καὶ

2109 4289 2390 4364 παρθένων
2447 4291 2581 4364 πρὸς
2640 4287 2854 4344 Παῦλον
2916 4289 3212 4356 εἰσιούσας,
3265 4288 3446 4356 ἐπόθει
3504 4292 3596 4364 μὶν
3660 4293 3752 4347 καὶ

2109 4378 2244 4447 αύτή
2277 4376 2391 4433 ὄκιν
2425 4377 2577 4448 ἰδεῖν,
2612 4379 2673 4434 οὗ
2729 4383 2978 4434 τοιοῦτον
3029 4376 3268 4435 ἀπέλαόε
3309 4385 3416 4434 τῶν
3468 4381 3751 4454 ῥημάτων.

2111 4468 2259 4522 Ἐπεὶ
2294 4464 2350 4523 δὲ
2379 4470 2515 4524 κατὰ
2543 4469 2606 4524 τὸ
2638 4470 2809 4544 παρὸν
2837 4473 2998 4524 τοῦτο
3039 4466 3299 4524 ἀδύνατον
3340 4470 3426 4539 ἦν,
3457 4469 3584 4534 τοὺς
3625 4482 3752 4546 θερ-

365 4535 599 4605 quidem
658 4541 714 4591 et
751 4536 880 4607 ipsa
937 4538 1043 4592 viri
1103 4548 1403 4612 aspectum
1447 4543 1684 4618 intueri,
1716 4565 1785 4604 ex
1833 4551 2002 4620 cuius

2113 4555 2249 4628 μοὺς
2292 4561 2606 4632 μιμουμένη
2643 4535 2750 4613 τῶν
2804 4557 3065 4634 ἐραστῶν,
3098 4559 3320 4630 ἠρκεῖτο
3353 4535 3442 4614 λαὶ
3479 4561 3620 4635 μόνῃ

363 4639 628 4680 sermone
700 4628 926 4681 tantum
989 4627 1242 4685 fructum
1324 4630 1650 4702 hauriebat,
1699 4642 1993 4709 caeterum,

364 4712 518 4781 quod
556 4711 664 4784 ipsi
695 4716 823 4769 tum
860 4716 1136 4786 temporis
1183 4718 1233 4774 id
1267 4719 1450 4775 facere
1489 4722 1730 4781 minime
1776 4725 1996 4798 liceret,

363 4802 612 4859 fervidos
669 4811 929 4861 amantes
960 4805 1206 4876 imitata,
1246 4807 1304 4864 in
1338 4809 1460 4867 sola
1483 4811 1733 4871 fenestra
1763 4818 1994 4889 acquie-

362 4890 582 4952 scebat,
640 4891 809 4965 eique
847 4895 1122 4952 continuo
1171 4897 1534 4957 (adhaerebat.
1588 4903 1750 4960 Pauli
1807 4909 1996 4965 verbis

360 4975 780 5068 indesinenter,
814 4985 1089 5055 tanquam
1133 4983 1357 5057 lignum
1404 4989 1563 5059 iuxta
1607 5009 1807 5064 aquas,
1850 5013 1994 5068 qua-

361 5081 493 5157 rum
531 5067 592 5122 in
621 5069 878 5157 iPsalmis
935 5073 1148 5129 mentio
1199 5081 1302 5144 est,
1345 5077 1695 5150 plantatum,
1729 5067 1988 5157 irrigata.

359 5153 544 5217 Quam
577 5156 675 5244 ubi
716 5163 903 5214 mater
947 5162 1209 5232 advertit,
1264 5169 1425 5228 tanto
1456 5170 1582 5239 jam
1619 5153 1877 5244 tempore
1909 5175 1991 5231 fe-

359 5247 566 5330 nestrae
600 5243 683 5330 illi
716 5248 967 5316 aﬂixam,
1001 5251 1278 5322 ignorans
1328 5255 1547 5315 scilicet
1575 5275 1697 5330 qua
1731 5243 1788 5316 in
1820 5267 1990 5320 corde

355 5329 440 5384 illi
497 5329 727 5388 inclusa
782 5333 1047 5409 laterent,
1107 5348 1432 5412 suspectam
1503 5329 1698 5405 tamen
1757 5351 1990 5408 interim

351 5416 704 5479 immensam
745 5424 892 5482 hanc
922 5430 992 5483 ad
1043 5430 1354 5491 fenestram
1395 5438 1712 5496 sessionem
1746 5441 1987 5514 habens,

419 5605 434 5640 ¹
467 5602 682 5661 Matth.
716 5621 768 5674 v,
797 5605 851 5661 5.

2108 4643 2306 4718 θυρίδι,
2363 4646 2451 4702 καὶ
2501 4645 2699 4716 ταύτης
2759 4645 3048 4710 διαπαντὸς
3105 4645 3307 4723 εἷ’χετο,
3366 4653 3482 4710 τοῖς
3542 4647 3749 4704 ἐκείνου

2105 4734 2292 4809 λόγοις
2367 4733 2731 4797 ἀδιαλείπτως
2817 4733 3173 4809 ἀρδευομένη,
3231 4735 3321 4791 καὶ
3361 4736 3527 4792 οἷονεί
3585 4738 3746 4808 ξύλον

2106 4824 2236 4879 οὗσα
2281 4824 2679 4903 πεφυτευμένον
2762 4827 2907 4898 παρὰ
2964 4831 3082 4887 τοῖς
3167 4829 3469 4900 ψαΛμικοῖς
3532 4827 3746 4900 ὕοασιν,

2101 4915 2164 4970 Ἣ
2226 4915 2408 4986 μέντοι
2471 4917 2652 4987 μήτηρ
2710 4913 2892 4988 αὐτῆςι
2932 4913 3020 4970 ἐπὶ
3079 4915 3277 4994 χρόνον
3339 4914 3482 4972 οὕτω
3541 4919 3742 4993 συχνὸν

2105 5004 2284 5077 ὁρῶσα
2338 5003 2540 5073 ταύτην
2595 5006 2663 5076 τῇ
2723 5000 2898 5076 θυρίδι
2959 5003 3420 5079 πρυσηλωμένην.
3482 5009 3574 5062 καὶ
3632 5013 3742 5066 τῶν

2105 5091 2198 5166 μὶν
2249 5091 2323 5153 εἷς
2380 5089 2602 5167 καρδίαν
2644 5090 2789 5156 ὅλως
2820 5091 3034 5166 ἀμαθὴς
3068 5092 3223 5164 οὖσα,
3255 5093 3401 5165 πλὴν
3449 5095 3594 5152 ἀλλὰ
3651 5099 3743 5157 καὶ

2100 5181 2269 5249 αὐτὴν
2301 5181 2398 5250 τὴν
2429 5179 2660 5254 ἄμετρον
2702 5182 3076 5238 ὑποπτεύουσα
3122 5183 3471 5260 προσεδρίαυ,
3503 5185 3740 5251 ἁπαλοῖς

2099 5269 2388 5342 πρότερον,
2419 5268 2507 5323 καὶ
2547 5270 2691 5324 τοῦτ’
2729 5269 2857 5325 αύτὸ
2899 5270 3104 5344 ῥήμασι
3135 5279 3424 5347 μητρικοῖς
3486 5273 3736 5351 ἐπειρᾶτο

2097 5358 2328 5414 κωλύειν
2365 5377 2378 5390 ⁸
2438 5357 2650 5429 Τέκνον,
2694 5359 2943 5437 λέγουσα,
3013 5360 3210 5433 Θέκλα,
3266 5366 3318 5416 τί
3368 5362 3452 5417 σοὶ
3509 5363 3599 5419 καὶ
3656 5371 3737 5438 τῷ

2097 5447 2227 5522 ξένῳ
2267 5447 2445 5520 τούτῳ
2493 5449 2583 5503 καὶ
2632 5450 2816 5524 γόητι,
2848 5452 2893 5524 ᾧ
2941 5450 3232 5528 προσέχεις
3279 5449 3594 5524 διαπαντὸς,
3641 5456 3732 5511 καὶ
