4124 6270
337 301 455 362 825

1539 311 2022 378 MARTYRIUM
2067 315 2134 376 S.
2179 311 2536 376 THEGL/E.

3613 303 3734 365 826

339 458 514 523 οὕτως
539 457 660 531 ἢλω
689 466 806 524 τοῖς
838 459 1003 518 αὐτοῦ
1033 463 1240 538 ῥήμασι
1268 486 1282 529 ς
1321 466 1524 542 βλέψον
1559 467 1668 541 ἤδη
1710 473 1800 527 καὶ
1846 472 1972 547 πρὸς

2093 471 2321 530 blandis
2341 471 2621 545 primum,
2643 471 2753 528 hoc
2784 472 2873 526 est
2903 469 3178 525 maternis
3209 465 3423 534 verbis,
3447 465 3635 536 ipsam
3659 465 3730 519 ab

337 555 506 625 ἡμᾶς,
558 552 644 607 καὶ
712 550 881 629 λύγου
941 552 1194 626 μετάδος,
1252 557 1340 612 καὶ
1422 567 1710 636 μετασχεῖν
1772 569 1978 636 τροφῆς

337 643 750 716 προθυμήθητι.
785 642 935 700 Ἐπεὶ
995 640 1052 698 δὲ
1091 643 1237 700 οὕτω
1299 645 1528 721 λέγουσα
1574 647 1743 723 μηδὲν
1807 652 1983 722 ἤνυεν,

338 730 484 787 ἀλλὰ
531 731 593 785 τὸ
640 735 736 786 τοῦ
782 730 976 806 λόγου,
1007 737 1178 808 νεκρῷ
1231 737 1366 811 πρὸς
1407 738 1501 800 οῦς
1532 735 1830 815 διελέγετο,
1859 743 1894 810 ἡ
1927 738 1986 796 δὲ

338 821 427 874 καὶ
466 819 881 895 αὐστηροτέρων
930 819 1134 890 ἥπτετο
1174 823 1471 897 ῥημάτων·
1521 829 1635 882 Ἵνα
1663 827 1715 883 τί
1757 827 1830 891 ὥς
1875 849 1980 900 τις,

339 906 598 983 λέγουσα,
634 907 732 981 μία
779 912 884 963 τῶν
931 909 1176 985 ἀφρόνων
1217 913 1305 968 καὶ
1346 915 1440 977 τὰς
1496 916 1771 987 αἰσθήσεις
1819 918 1981 981 αὐτὰς

336 995 746 1068 ἀπολωλεκυῖα,
793 997 946 1073 ἀνδρὶ
1012 999 1216 1076 ἀγνῶτι
1273 1003 1466 1080 καθέξῃ
1526 1004 1722 1068 ἀτενῶς
1778 1009 1980 1082 προσὲ-

338 1105 552 1160 χουσα;
585 1083 863 1158 αἱδέσθητι
919 1090 1188 1166 συγγενεῖς
1223 1109 1235 1123 ⁸
1269 1089 1545 1164 αἰδέσθητι
1595 1093 1814 1172 φίλους,
1847 1095 1980 1164 ἡλι-

335 1173 596 1238 κιώτιδας
630 1194 644 1207 ⁸
677 1176 834 1254 φύσιν
863 1177 1030 1247 αὐτὴν
1065 1177 1445 1252 δυσωπήθητι.
1488 1185 1593 1238 Καὶ
1638 1183 1785 1246 ὅπως
1824 1183 1977 1239 ἔλευ-

337 1263 464 1339 θέρα
517 1265 866 1341 τυγχάνουσα
919 1263 1127 1338 δούλην
1187 1264 1333 1345 ἔχεις
1392 1274 1603 1346 ψυχὴν,
1663 1275 1753 1328 καὶ
1813 1279 1982 1329 ταῦτα

335 1354 585 1430 θυφάτηρ
649 1356 744 1428 μὲν
801 1355 1089 1420 Θεοκλείας
1158 1360 1311 1430 οὖσα,
1373 1364 1588 1434 μνηστή
1671 1360 1728 1418 δὲ
1794 1364 1981 1437 Θαμύ-

333 1440 522 1517 ριδοςς
571 1446 755 1502 Ταῦτα
815 1444 1072 1520 λέγουσα,
1129 1448 1216 1503 καὶ
1282 1451 1373 1505 τὸν
1461 1459 1748 1524 μνηστῆρα
1835 1475 1982 1524 μετεο

330 1531 575 1605 καλεῖτο,
633 1532 723 1588 καὶ
773 1533 831 1594 ὃς
887 1534 1085 1608 παρῄει
1134 1539 1357 1608 πτηνὸς,
1417 1544 1523 1593 τῶν
1573 1539 1764 1615 γάμων
1822 1538 1979 1595 ἕνεκα

329 1622 430 1691 τὴν
471 1619 668 1691 κλῆσιν
703 1621 972 1696 οἰόμενος.
1005 1624 1092 1684 Ὠς
1123 1623 1212 1680 οὖν
1247 1623 1410 1695 ἤκουε
1450 1629 1576 1701 παρ’
1616 1629 1788 1696 αὐτῆς
1829 1628 1978 1691 ὅπως

333 1712 368 1780 ἡ
415 1710 611 1781 Θέκλα,
643 1712 732 1766 καὶ
777 1713 861 1766 ὅτι
896 1718 1044 1787 τρεῖς
1091 1713 1294 1788 ἡμέραι
1345 1715 1432 1770 καὶ
1465 1716 1653 1782 νύκτες
1678 1719 1789 1772 ἴσαι
1845 1738 1980 1789 παρ·

2094 561 2195 618 illa
2260 561 2563 632 prohibere
2625 559 2968 617 contendit:
3022 556 3185 624 Filia,
3244 555 3538 626 inquiens,
3600 569 3728 608 mea

2095 650 2327 722 Thecla,
2360 651 2497 722 quid
2538 649 2642 705 tibi
2684 664 2814 704 cum
2863 653 3132 704 extraneo
3183 645 3280 700 illo
3315 642 3732 715 praestigiatore

2094 742 2196 810 rei,
2241 758 2412 812 quem
2453 741 2534 797 ita
2572 740 2804 797 assidue
2845 737 3164 806 auscultas,
3207 735 3493 806 cujusque
3537 732 3729 788 verbis

2094 846 2281 902 usque
2330 832 2472 888 adeo
2521 834 2690 902 capta
2735 825 3003 883 teneris?
3035 841 3138 880 nos
3188 838 3414 894 quoque
3455 822 3581 890 jam
3633 821 3732 874 ad-

2092 921 2272 992 spice,
2307 925 2362 976 et
2400 918 2673 989 colloquii
2704 917 2786 972 tui
2829 913 3138 986 participes
3169 913 3364 976 redde,
3399 925 3463 964 ac
3501 910 3572 965 de
3603 908 3729 963 cibo

2092 1009 2376 1065 sumendo
2408 1008 2613 1080 cogita.
2648 1006 2770 1070 Quo
2818 1003 2919 1058 illa
2958 1016 3226 1057 sermone
3257 1015 3387 1065 usa,
3416 1013 3546 1053 cum
3579 995 3725 1051 nihil

2092 1097 2416 1170 proﬁceret,
2466 1097 2566 1152 sed
2638 1099 2700 1150 ut
2747 1092 2861 1149 dici
2927 1091 3094 1157 solet,
3143 1092 3370 1144 mortuo
3420 1086 3482 1141 in
3525 1101 3723 1140 aurem

2089 1189 2263 1244 verba
2293 1189 2520 1252 faceret,
2545 1183 2823 1255 asperiori
2843 1179 3108 1251 loquendi
3142 1193 3349 1249 genere
3378 1176 3458 1231 uti
3491 1190 3728 1245 aggres-

2091 1295 2193 1336 sa:
2244 1282 2307 1332 Et
2363 1277 2525 1348 quid,
2568 1275 2780 1346 inquit,
2829 1273 3017 1328 instar
3060 1271 3300 1333 insanae,
3344 1271 3402 1322 et
3448 1265 3724 1321 sensibus

2090 1367 2232 1439 ipsis
2279 1365 2560 1437 spoliatae,
2603 1362 2875 1418 continuo
2929 1360 3024 1414 hic
3067 1358 3358 1425 assidens,
3401 1356 3473 1410 ad
3536 1354 3725 1409 virum

2089 1457 2355 1529 ignotum
2387 1454 2471 1510 ita
2499 1453 2750 1508 attendis
2778 1451 2806 1505 ‘I
2837 1463 3092 1504 reverere
3131 1450 3432 1516 cognatos,
3469 1457 3726 1500 reverere

2091 1545 2332 1612 amicos,
2378 1557 2635 1598 reverere
2681 1538 2950 1611 aequales,
2995 1540 3260 1591 naturam
3313 1536 3499 1602 ipsam
3554 1547 3723 1587 reve-

2091 1651 2236 1700 rere,
2269 1650 2371 1688 cur
2414 1632 2593 1686 libera
2634 1646 2768 1685 cum
2809 1629 2910 1696 sis,
2937 1626 3200 1681 animum
3242 1621 3506 1678 servilem
3548 1621 3722 1693 geris,

2089 1725 2264 1796 idque
2308 1722 2430 1778 ﬁlia
2494 1719 2812 1785 Theocleae,
2855 1731 3072 1787 sponsa
3125 1710 3546 1781 Thamyridis?
3603 1711 3723 1773 Quo

331 1798 563 1869 ἔλθοιεν,
612 1802 705 1856 καὶ
750 1802 884 1872 αύτή
942 1809 1042 1872 τῆς
1111 1801 1329 1879 θυρίδος
1409 1806 1470 1861 τὸ
1543 1807 1795 1881 παράπαν
1878 1807 1972 1862 οὐκ

347 1893 357 1908 .
551 1891 562 1908 .
660 1893 688 1908 η
849 1895 872 1906 ..
978 1893 992 1908 .
1149 1893 1163 1908 ι
1361 1898 1388 1908 ..
1535 1893 1576 1908 κ.
1639 1897 1664 1908 λ
1788 1895 1800 1908 .

2093 1813 2263 1880 dicto,
2313 1812 2508 1883 ipsum
2559 1823 2834 1880 sponsum
2884 1803 3145 1865 arcessit,
3205 1800 3306 1872 qui
3354 1806 3409 1855 et
3457 1799 3724 1863 festinus,

331 1891 624 1960 ἀποσταίη,
659 1893 875 1965 βρωτοῦ
939 1893 1035 1965 μὲν
1075 1893 1166 1947 καὶ
1221 1898 1391 1949 ποτοῦ
1448 1893 1588 1968 μηδέ
1637 1895 1816 1972 βραχὺ
1849 1919 1984 1970 μνη·

335 1978 662 2054 μονεύσασα,
691 1983 802 2035 τῶν
862 1979 1082 2036 Παύλου
1137 1979 1194 2036 δὲ
1255 1984 1424 2056 μόνου
1475 1983 1654 2059 λόγων
1712 1985 1980 2060 ἐκκρεμα-

336 2067 470 2141 μένη
506 2067 669 2123 ’ἐπεὶ
721 2073 888 2124 ταῦτα
937 2071 966 2124 ὁ
997 2071 1241 2146 Θάμυρις
1297 2073 1495 2142 ἤκουεν
1552 2074 1659 2130 ἀπὸ
1713 2081 1814 2145 τῆς
1876 2098 1978 2149 μη-

330 2158 477 2231 τρὸς,
511 2157 628 2212 εἶτα
673 2157 764 2213 καὶ
811 2160 1216 2234 προστιθείσης,
1249 2160 1324 2216 Σὺ
1365 2159 1442 2230 δὲ,
1477 2165 1727 2237 μνηστήρ
1772 2165 1876 2241 γὰρ
1909 2164 1974 2235 εἴ,

328 2245 594 2322 πρόσελθε
622 2247 925 2322 ταύτῃ,καῖ
956 2248 1255 2320 ἀποστῆναι
1298 2257 1416 2314 τοῖς
1476 2257 1591 2315 σοῖς
1637 2251 1828 2328 λόγοις
1879 2262 1979 2325 τῆς

328 2333 544 2410 θυρίδος
602 2335 768 2405 αὐτὴν
827 2339 1236 2412 παρασκεύασον
1279 2359 1294 2372 ⁸
1354 2341 1630 2415 πρόσεισιν
1690 2344 1889 2408 εύθέως
1948 2346 1975 2400 ὁ

327 2425 591 2498 Θάμυρις,
632 2424 722 2480 καὶ
762 2424 1105 2490 παντοδαπὸς
1146 2427 1350 2505 γίνεται
1392 2435 1508 2493 τοῖς
1560 2429 1772 2506 λόγοις,
1812 2438 1974 2489 τοῦτο

331 2513 425 2587 μὲν
475 2511 809 2587 κολακεύων,
856 2517 1019 2571 τοῦτο
1081 2513 1139 2571 δὲ
1193 2523 1491 2590 παραινῶν,
1547 2523 1710 2574 τοῦτο
1769 2518 1827 2576 δὲ
1881 2523 1970 2576 καὶ

325 2602 799 2679 πληκτικωτέροις
846 2604 1012 2676 αὐτὴν
1078 2607 1317 2680 ῥήμασιν
1367 2607 1706 2685 ἐπιστρέφειν
1764 2611 1972 2684 πειρώ-

328 2711 513 2764 μενος,
543 2691 635 2746 καὶ
667 2713 680 2725 ⁸
710 2693 778 2748 Τί
849 2694 925 2764 μὴ
969 2693 1105 2766 πρὸς
1150 2695 1242 2749 τὸν
1295 2695 1537 2769 Θάμυριν
1570 2697 1661 2752 τὸν
1696 2697 1786 2752 σὸν
1821 2699 1970 2771 ὁρᾷς,

329 2778 500 2855 ἔλεγε,
521 2780 614 2834 τὸν
638 2780 891 2856 νυμφίον,
924 2779 1178 2856 φιλτάτῃ,
1208 2782 1298 2836 τὸν
1342 2783 1431 2837 σόν
1457 2803 1471 2851 ;
1502 2783 1620 2838 τίνα
1677 2783 1734 2840 δὶ
1789 2785 1971 2862 φιλεῖς

328 2865 524 2938 ἄλλον,
582 2867 711 2932 τοὺς
774 2868 940 2942 ἐμοὺς
1011 2864 1215 2945 ἔρωτας
1280 2872 1624 2944 ἀτιμάσασα;
1681 2872 1734 2927 τί
1800 2873 1971 2935 οὕτως

327 2953 634 3026 ἐξέστηκας,
667 2956 720 3010 τί
772 2955 914 3011 οὕτω
944 2957 1182 3032 κάτοχος
1216 2958 1296 3030 εἷς
1335 2960 1408 3032 μή
1443 2979 1495 3012 τι
1553 2979 1638 3014 σοι
1703 2966 1790 3014 κα“
1828 2958 1970 3014 ἄκων

327 3043 721 3118 προσέκρουσα,
781 3043 1058 3123 eadm;
1112 3047 1189 3120 μὴ
1244 3051 1362 3109 τοῖς
1419 3049 1557 3103 κατὰ
1613 3048 1710 3116 σὴν
1753 3047 1974 3119 θὲλησιν

330 3133 652 3208 ἀγνοοῦντες
679 3133 784 3212 οὐχ
833 3135 1297 3211 ὑπουργήσαμεν;
1345 3137 1492 3212 τάχα
1551 3135 1827 3212 μέλλομεν
1895 3139 1971 3201 εἷς

2092 1907 2150 1959 et
2177 1898 2554 1961 velut,alatus
2590 1894 2842 1964 advenit,
2875 1893 3213 1964 nuptiarum
3255 1906 3316 1944 se
3346 1904 3521 1944 causa
3553 1887 3728 1941 advo-

2095 1989 2213 2046 cari
2243 1988 2604 2046 existimans.
2640 1985 2917 2040 Caeterum
2969 1981 3068 2036 ubi
3100 1996 3166 2035 ex
3205 1995 3291 2045 ea,
3326 1994 3438 2048 quo
3477 1975 3602 2030 loco
3633 1989 3724 2028 res

2087 2077 2309 2136 Theclae
2346 2079 2566 2144 essent,
2609 2072 2972 2142 intelligeret,
3007 2068 3279 2141 quodque
3319 2068 3450 2136 post
3496 2067 3724 2119 exactos

2082 2170 2205 2240 jam
2250 2172 2367 2223 tres
2414 2165 2561 2233 dics,
2603 2167 2659 2219 et
2707 2160 2945 2216 totidem
2999 2161 3218 2224 noctes,
3269 2153 3371 2210 illa
3408 2152 3646 2209 omnino
3691 2167 3724 2206 a

2089 2239 2344 2314 fenestra
2390 2272 2504 2310 non
2560 2251 2907 2318 recessisset,
2934 2247 3046 2303 cibi
3078 2253 3360 2317 polusque
3409 2258 3480 2296 ne
3521 2239 3725 2296 tantil-

2087 2347 2208 2402 lum
2251 2345 2486 2418 quidem
2534 2357 2775 2405 memor,
2808 2342 3038 2394 tantum
3070 2352 3136 2392 ex
3181 2332 3340 2389 Patili
3372 2330 3560 2387 verbis
3595 2345 3725 2384 sus-

2086 2452 2264 2507 pensa
2315 2450 2329 2490 :
2382 2433 2526 2498 hac,
2590 2430 2844 2499 inquam,
2886 2442 3016 2481 cum
3082 2421 3386 2492 Thamyris
3431 2435 3501 2475 ex
3545 2421 3726 2473 matre

2082 2523 2452 2595 intelligeret,
2485 2520 2718 2591 illaque,
2750 2517 2990 2573 adderet
3022 2531 3035 2569 :
3067 2512 3177 2568 Adi
3207 2516 3269 2568 tu
3296 2510 3455 2566 illam
3486 2509 3726 2580 (quippe

2082 2629 2333 2685 sponsus
2381 2612 2509 2681 ejus
2559 2609 2644 2680 es)
2692 2612 2750 2663 et
2795 2604 2987 2661 verbis
3017 2619 3051 2658 a
3098 2602 3348 2656 fenestra
3387 2607 3446 2654 ut
3477 2595 3722 2654 absistat

2081 2684 2310 2758 efficere
2383 2698 2688 2764 contende,
2750 2693 2974 2751 accedit
3037 2691 3302 2763 protinus
3385 2684 3715 2756 Thamyris,

2082 2791 2510 2862 omnigenoque
2552 2799 2842 2850 sermone,
2875 2797 3031 2838 nunc
3069 2780 3308 2851 quidem
3340 2774 3718 2842 assentando,

2081 2895 2237 2934 nunc
2289 2876 2676 2945 admonendo,
2709 2889 2865 2929 nunc
2909 2869 3283 2938 increpando,
3319 2865 3480 2920 illam
3520 2882 3552 2918 a
3582 2880 3721 2934 pro-

2084 2969 2270 3040 posito
2316 2983 2581 3023 revocare
2627 2969 2894 3021 conatur.
2929 2963 2997 3017 Et
3027 2961 3191 3033 quid,
3223 2956 3439 3029 inquit,
3472 2954 3720 3026 Thamy-

2083 3056 2191 3112 rim
2223 3073 2503 3128 sponsum
2536 3060 2698 3111 tuum
2733 3069 2848 3110 non
2880 3049 3113 3122 aspicis,
3147 3046 3288 3104 mihi
3322 3043 3716 3102 charissima?

2083 3144 2368 3215 numquid
2407 3144 2554 3198 torte
2602 3144 2781 3197 alium
2825 3157 3010 3206 amas,
3041 3139 3099 3194 in
3131 3138 3469 3207 despectum
3501 3131 3714 3189 amoris

327 3221 456 3287 τοὺς
510 3224 743 3297 γάμους.
805 3225 1079 3298 Ὀψίζουσι
1134 3201 1252 3290 τοῖς
1306 3201 1641 3299 ᾠδιέοῖςόἱ
1699 3201 1966 3300 ὑμέναιοι.

2082 3250 2220 3306 erga
2249 3201 2304 3289 le
2333 3232 2447 3288 mei
2477 3231 2505 3286 ?
2548 3248 2651 3286 cur
2681 3231 2780 3296 ita,
2811 3201 3285 3291 veluti'attonita,
3319 3241 3352 3279 a
3382 3227 3438 3279 te
3463 3219 3659 3278 abiisti
3689 3219 3716 3275 ?

328 3313 432 3369 Καὶ
473 3311 519 3367 εί
581 3311 790 3386 βούλει,
835 3311 1194 3379 τελείσθωσαν
1253 3315 1446 3371 πάντα.
1480 3317 1549 3373 ἸΙ
1593 3317 1684 3373 καὶ
1733 3315 1811 3372 ἔτι
1871 3338 1968 3372 πε-

329 3405 688 3476 ριμενοῦμεν;
737 3406 832 3457 τοῦ
911 3406 1006 3458 σοῦ
1069 3403 1170 3478 γὰρ
1225 3403 1560 3479 θελήματος,
1619 3407 1815 3477 Θὲκλα,
1875 3406 1965 3462 καὶ

330 3491 496 3564 μόνου
569 3495 665 3546 τοῦ
747 3492 1007 3566 νεύματος
1099 3493 1260 3556 αὐτὸς
1329 3495 1600 3569 ἤρτημαι.
1659 3497 1842 3552 Ταῦτά
1909 3518 1967 3552 τε

325 3575 517 3656 ἔλεγε,
552 3583 643 3636 καὶ
693 3584 947 3658 σχήμασι
1023 3581 1460 3659 παρακλητικοῖς
1512 3579 1590 3639 ἔτι
1647 3581 1821 3640 ἕλκειν
1891 3587 1966 3647 εἰς

327 3670 514 3726 ἑαυτὸν
567 3669 841 3747 ἐπειρᾶτο,
881 3671 1062 3746 ἡρέμα
1119 3670 1175 3726 δὲ
1232 3671 1321 3726 καὶ
1389 3673 1588 3744 ὀθόνης
1638 3675 1966 3748 ἁπτόμενος,

325 3760 636 3830 Ἀνάστηθι,
716 3759 992 3838 φάγωμεν,
1079 3760 1394 3838 ὑπεφώνει·
1462 3763 1743 3834 ἀνάστηθι,
1826 3763 1968 3818 πίω-

332 3871 450 3922 μεν.
483 3849 551 3908 Τί
578 3850 678 3925 γὰρ
709 3851 846 3923 ἡμῖν
877 3850 967 3904 καὶ
992 3850 1054 3905 τὸ
1101 3849 1245 3906 πολὺ
1297 3851 1456 3906 τοῦτο
1503 3854 1602 3922 τῆς
1659 3851 1832 3915 αἰτίας
1892 3852 1966 3914 εἷς

326 3933 548 4010 ὅνησιη
582 3936 755 3994 Ἀλλᾶ
791 3942 957 3993 ταῦτα
999 3940 1093 4012 μὲν
1125 3938 1329 4002 ἐκεῖνος
1364 3958 1378 3972 ⁸
1411 3938 1558 4009 πλὴν
1604 3940 1693 3996 καὶ
1749 3946 1863 4003 τοῖς
1916 3941 1968 3998 ἐν

323 4032 403 4101 τῷ
452 4027 587 4101 οἴκῳ
644 4032 772 4082 πᾶσι
831 4028 1010 4090 κοινὸς
1050 4028 1118 4098 ἧν
1177 4029 1205 4084 ὁ
1259 4031 1452 4102 θρῆνος
1487 4047 1500 4062 ⁸
1558 4027 1826 4105 Θαμύριδι
1870 4031 1966 4104 μὶν

325 4119 577 4194 γυναικὸς
625 4116 954 4194 ἀστοχοῦντι
988 4135 1001 4148 ⁸
1064 4117 1326 4190 Θεοκλείᾳ
1399 4115 1477 4185 δὶ,
1535 4120 1725 4174 τέγνου
1776 4139 1789 4153 ⁸
1849 4125 1968 4182 ταῖς

325 4205 383 4263 δὲ
433 4205 768 4274 παιδίσκαις,
808 4206 1037 4282 κυρίας⁸
1089 4209 1178 4262 καὶ
1238 4207 1506 4286 σύγχυσις
1564 4209 1629 4278 ἦν
1681 4207 1733 4262 ἐν
1791 4209 1969 4280 τούτῳ

321 4295 538 4370 πολλὴ,
572 4296 661 4352 καὶ
691 4297 890 4362 πένθος
919 4297 1364 4372 ἀπαρηγόρητον.

2079 3341 2213 3379 num
2249 3338 2351 3396 per
2383 3319 2836 3392 imprudentiam
2877 3318 3024 3373 forte
3055 3319 3111 3370 te
3141 3313 3374 3381 offendi,
3406 3311 3714 3367 dilectissi-

2078 3414 2222 3468 ma?
2270 3429 2410 3468 num
2459 3409 2741 3465 voluntati
2785 3411 2896 3463 tua:
2941 3402 3334 3475 obsequioque
3372 3401 3432 3455 in
3477 3406 3532 3456 te
3583 3416 3710 3456 meo

2077 3500 2306 3573 uspiam
2354 3499 2567 3556 defui?
2597 3497 2772 3553 nimis
2816 3497 3035 3553 fortean
3099 3493 3199 3548 diu
3243 3493 3470 3546 nostras
3518 3489 3712 3545 hacte-

2077 3607 2192 3646 nus
2243 3605 2532 3645 moramur
2563 3587 2798 3658 nuptias
2825 3602 2839 3640 :
2872 3583 3051 3640 nimis
3082 3582 3181 3638 diu
3214 3579 3497 3652 hymenaei
3531 3580 3715 3635 nostri

2076 3686 2281 3736 cantus
2326 3677 2566 3734 musicis
2611 3676 2891 3733 differtur.
2926 3675 3110 3741 Quare
3139 3669 3189 3726 si
3220 3668 3398 3736 lubet,
3431 3683 3558 3739 age,
3590 3683 3715 3723 om-

2077 3769 2177 3824 nia
2207 3767 2613 3824 conﬁciantur.
2663 3767 2752 3822 An
2800 3764 3121 3820 etiamnum
3151 3757 3563 3816 cunctabimur
3588 3756 3616 3811 7
3645 3772 3714 3812 ex

2076 3857 2372 3914 voluntate
2433 3857 2589 3912 enim
2652 3859 2773 3922 tua,
2822 3869 2949 3909 mea
2985 3851 3223 3920 Thecta,
3275 3847 3511 3920 soloque
3569 3854 3711 3901 nutu

2078 3949 2314 4018 pendeo.
2353 3947 2481 4003 Haec
2520 3949 2578 4002 et
2615 3943 2865 4010 dicebat,
2897 3952 2949 3999 et
2979 3949 3144 4014 gestu
3169 3940 3422 4013 quodam
3450 3935 3710 4008 corporis

2079 4036 2150 4092 ad
2209 4035 2664 4108 permovendum
2716 4030 2938 4088 efﬁcaci
2985 4030 3146 4086 illam
3190 4029 3247 4084 in
3279 4043 3447 4085 suam
3479 4033 3715 4082 senten-

2083 4124 2222 4178 tiam
2273 4123 2608 4194 pertrahere
2640 4121 2953 4186 nitebatur,
2986 4117 3128 4190 quin
3168 4120 3224 4173 et
3252 4119 3469 4172 vestem
3503 4114 3712 4170 lineam

2079 4210 2266 4282 ipsius
2313 4211 2559 4266 remisse
2592 4215 2858 4280 tangens,
2891 4208 3095 4280 Surge,
3131 4204 3400 4276 subjecit,
3433 4203 3711 4268 edamus;

2080 4315 2268 4371 surge,
2302 4299 2571 4357 bibamus
2598 4314 2611 4353 :
2646 4298 2784 4371 quid
2809 4299 2966 4354 enim
2998 4303 3161 4354 tanta
3180 4295 3376 4351 inedia
3395 4292 3565 4348 nobis
3587 4307 3714 4364 pro-

325 4388 554 4445 fuerit?
601 4387 894 4442 Hactenus
941 4387 1059 4443 ille.
1125 4389 1338 4442 Omnes
1386 4386 1618 4442 interim
1678 4386 2028 4444 domesticos
2091 4389 2425 4446 communis
2479 4389 2672 4445 luctus
2729 4388 2960 4454 invasit,
2999 4385 3403 4454 Thamyridem
3457 4383 3713 4454 quidem,

326 4477 483 4549 quod
551 4492 726 4532 uxore
775 4476 1082 4546 excideret,
1136 4475 1504 4544 Theocleam,
1565 4478 1720 4548 quod
1771 4477 1913 4546 ﬁlia,
1961 4477 2205 4536 ancillas
2259 4479 2531 4552 denique,
2577 4479 2732 4552 quod
2789 4477 3070 4535 domina:
3115 4476 3390 4548 hincque,
3447 4469 3712 4529 confusio

327 4583 393 4624 ac
424 4582 639 4622 maeror
667 4569 898 4622 exortus
927 4564 1087 4620 omni
1118 4563 1513 4622 consolatione
1552 4568 1759 4638 major.

397 4658 466 4709 Γ’.
499 4649 678 4710 ’Δλλᾶ
725 4655 794 4726 τῇ
839 4649 1036 4724 Θέκλᾳ,
1066 4654 1156 4708 καί
1203 4650 1414 4707 τούτων
1446 4653 1772 4729 γινομένων,
1800 4654 1962 4731 ὀλίγη

2151 4658 2249 4715 ΙΙΙ.
2281 4658 2564 4716 Caeterum
2585 4657 2813 4716 Theclae
2836 4673 3008 4731 parva
3024 4655 3202 4714 etiam
3224 4653 3433 4712 horum
3456 4650 3711 4709 omnium

328 4741 548 4820 φροντίς
581 4760 592 4772 ·
628 4745 734 4798 τῶν
766 4741 940 4797 αὐτῶν
971 4741 1028 4797 δὲ
1076 4739 1284 4822 εἷ’χετο,
1315 4741 1405 4797 καί
1458 4749 1558 4813 τῆς
1612 4741 1829 4819 θυρίδος
1881 4745 1968 4801 ού-

327 4829 514 4906 δαμῶς
545 4831 824 4910 ἀφίστατο,
855 4831 946 4887 καὶ
986 4832 1038 4886 οἱ
1075 4831 1294 4888 Παύλου
1326 4831 1487 4908 λόγοι
1549 4832 1748 4907 μελέτη
1803 4834 1969 4913 ταύτῃ

328 4920 602 4994 διηνεκής.
640 4922 703 4980 Ὀ
760 4921 1003 4996 Θάμυρις
1035 4919 1149 4993 οῦν,
1183 4919 1341 4984 εἰδὼς
1393 4924 1466 4985 ὡς
1511 4921 1798 4994 ἀνονήτοις
1847 4924 1967 4981 ἐπι-

325 5015 525 5088 χειρεῖ,
584 5009 755 5082 ζήλου
802 5015 1022 5087 πικροῦ,
1056 5015 1231 5083 θυμοῦ
1259 5033 1318 5066 τε
1372 5013 1461 5067 καὶ
1521 5011 1688 5090 ὀργῆς
1733 5013 1967 5071 ἐντεῦθεν

329 5101 722 5172 ὑποπλησθεὶς,
779 5101 1025 5175 πρόεισιν
1083 5096 1183 5172 ἔξω
1240 5102 1374 5157 κατὰ
1430 5099 1698 5180 ἄμφοδον,
1757 5106 1846 5160 καὶ
1899 5106 1965 5176 ἦν

326 5192 468 5247 οὕτω
524 5195 879 5266 παρατηρῶν,
931 5189 1010 5252 τίς
1070 5211 1131 5246 τε
1176 5192 1310 5266 πρὸς
1365 5191 1456 5246 τὸν
1505 5193 1720 5249 Παῦλον
1782 5195 1962 5266 εἰσίοι,

325 5282 412 5336 καὶ
439 5280 520 5342 τίς
548 5278 851 5355 ἐξέρχοιτο.
885 5280 988 5336 Καὶ
1035 5277 1101 5348 δὴ
1153 5277 1248 5336 δύο
1277 5282 1422 5343 τινας
1456 5282 1556 5356 ὁρᾷ
1614 5286 1963 5361 μαχομένους

327 5372 460 5445 πρὸς
517 5368 803 5440 ἀλλήλους
858 5389 916 5424 τε
971 5369 1059 5423 καὶ
1115 5369 1518 5440 στασιάζοντας.
1563 5378 1750 5446 Δημᾶς
1810 5373 1962 5430 οὗτοι

327 5461 416 5516 καὶ
473 5459 807 5536 Ἑρμογένης
855 5461 1008 5530 ἦσαν·
1055 5459 1151 5523 οὓς
1183 5463 1211 5516 ὁ
1243 5461 1408 5536 λόγος
1449 5463 1650 5539 φθάσας
1695 5461 1961 5537 ἐδήμησε,

330 5550 420 5605 καὶ
450 5548 590 5612 ὅτως
624 5549 827 5622 Παύλῳ
856 5548 952 5623 μὶν
993 5547 1231 5620 εἵποντο,
1262 5549 1460 5620 ἥκιστα
1514 5549 1571 5606 δὲ
1624 5556 1701 5624 τῷ
1755 5550 1962 5610 ἐκείνου

337 5637 443 5713 βίῳ
490 5635 805 5693 συνείποντο
838 5655 852 5673 ⁸
906 5636 988 5698 οἷς
1043 5634 1134 5692 καὶ
1191 5637 1219 5692 ὁ
1276 5638 1516 5713 Θάμυρις
1572 5635 1831 5714 ἕντυχὼν,
1872 5642 1963 5697 καὶ

2076 4767 2234 4820 cura,
2269 4755 2322 4806 et
2351 4750 2410 4805 in
2442 4749 2534 4818 iis,
2568 4767 2694 4822 quae
2726 4751 2994 4820 cceperat,
3029 4761 3424 4819 perseverans,
3459 4743 3712 4798 fenestra

2079 4838 2414 4896 nullatenus
2469 4838 2808 4903 absistebat,
2858 4836 3028 4893 unius
3101 4833 3266 4890 Pauli
3333 4829 3704 4888 sermonibus

2076 4935 2196 4988 tota
2243 4931 2423 4985 animi
2471 4928 2839 4985 contentione
2890 4926 3197 4997 studioque
3244 4923 3490 4978 intenta.
3547 4919 3709 4984 Quod

2078 5021 2171 5076 ubi
2228 5018 2538 5089 Thamyris
2594 5017 2770 5084 videt,
2809 5030 2979 5086 seque
3027 5013 3106 5070 rei
3155 5025 3520 5084 nequaquam
3569 5024 3705 5064 suc-

2074 5126 2324 5166 cessurae
2371 5123 2606 5180 operam
2661 5107 2818 5174 dare,
2849 5105 2968 5162 acri
3021 5101 3307 5174 zelotypia
3362 5103 3536 5171 atque
3592 5097 3709 5154 ira-

2073 5199 2290 5256 cundia
2337 5197 2660 5269 perculsus,
2698 5196 2851 5251 foras
2908 5193 2969 5249 in
3019 5192 3266 5266 plateam
3315 5187 3703 5262 progreditur,

2072 5285 2202 5356 quis
2234 5285 2302 5340 ad
2327 5283 2574 5339 Paulum
2606 5283 2868 5346 intraret,
2894 5281 3098 5352 quisve
3126 5277 3262 5333 inde
3284 5274 3480 5341 exiret,
3513 5274 3705 5330 obser-

2071 5393 2214 5433 vans
2245 5392 2259 5430 :
2294 5391 2424 5431 cum
2459 5376 2606 5429 duos
2628 5373 2912 5444 quosdam
2944 5371 3093 5426 inter
3122 5385 3185 5425 se
3214 5368 3617 5439 depugnantes
3647 5367 3703 5420 et

2073 5466 2329 5522 rixantes
2388 5464 2557 5531 videt,
2617 5467 2852 5519 Demam
2923 5475 3128 5531 nempe
3183 5462 3240 5514 et
3280 5457 3700 5526 Hermogenem

2071 5555 2164 5628 (de
2194 5553 2409 5626 quibus
2439 5556 2613 5609 antea
2657 5550 2929 5618 diximus,
2960 5547 3127 5606 Pauli
3161 5546 3398 5620 quidem
3428 5540 3701 5628 asseclgas,

2070 5626 2187 5700 non
2217 5641 2360 5701 item
2389 5639 2521 5700 vitae
2549 5639 2870 5702 imitatores
2899 5637 3125 5711 fuisse),
3145 5633 3207 5693 in
3231 5649 3374 5707 quos
3405 5645 3538 5688 cum
3558 5626 3704 5685 Tha-
