4124 6270
3679 227 3839 290 828

400 255 513 317 82⁸1
1685 245 1960 307 MENSIS
2008 245 2046 306 S

2160 244 2495 308 TEMBER.

404 414 589 487 myris
629 413 953 478 incidisset,
986 414 1044 466 et
1079 411 1149 467 de
1205 408 1383 465 Paulo
1414 408 1792 479 qumsivisset,
1824 406 2030 463 volun-

2160 404 2265 478 τερὶ
2327 402 2544 459 Παύλου
2603 396 2878 473 ἐρόμενος,
2938 394 3060 469 εὗρε
3144 407 3571 465 συναιρομενους
3630 385 3834 443 αὐτοῦ

2305 495 2314 497 _
2358 490 2372 497 -
2419 493 2429 497 -
2652 486 2713 497 -ι
2777 488 2786 497 ι
2998 484 3010 497 \
3131 482 3143 497 ε
3261 481 3272 494 \
3366 478 3393 497 Μ
3430 475 3454 495 ἢ
3646 481 3672 492 ~

405 482 507 561 tati
544 521 663 559 suae
695 502 1018 559 conformes
1066 498 1277 570 reperit
1310 514 1321 553 :
1357 498 1543 553 virum
1576 514 1637 553 se
1668 496 1853 567 illum,
1883 497 2040 568 quis-

2160 498 2264 555 τοῖς
2297 490 2618 563 θελήμασιν.
2652 486 2922 560 Είρήκασι
2950 484 3076 558 γὰρ,
3115 482 3193 542 ὡς
3220 482 3313 534 τὸν
3359 482 3527 552 ἄνδρα
3578 482 3830 547 τοῦτον,

405 610 544 650 nam
568 597 742 657 esset,
772 593 1039 645 accurate
1061 603 1424 657 nequaquam
1450 586 1673 643 novisse
1695 590 2037 656 asserentes,

2160 584 2207 644 ὅς
2260 602 2342 643 τις
2401 581 2493 653 μὲν
2553 574 2660 648 εἷή,
2699 578 2773 648 μὴ
2810 571 2956 648 ἔχειν
2990 567 3229 646 ἀκριϐῶς
3261 567 3480 637 εἰδέναι,
3511 570 3836 640 νομοθετεῖ

407 681 801 752 virginitatem
854 683 1045 733 autem
1103 675 1257 731 velut
1306 676 1490 748 legem
1540 676 1785 742 sancire,
1834 675 2041 746 hisque

403 770 594 826 verbis
645 767 774 823 uti:
822 766 945 821 Nisi
995 767 1050 821 in
1099 765 1361 821 castitate
1408 766 1749 835 pcrsistatis,
1802 781 2040 836 corpora

403 863 597 915 vestra
641 860 773 929 post.
804 859 1048 911 mortem
1084 871 1451 926 nequaquam
1499 864 1816 926 resurgent,
1849 870 2038 926 neque

396 966 499 1006 vos
533 951 658 1005 vitae
702 948 1097 1003 haereditatem
1140 947 1566 1018 adipiscemini.
1600 948 1720 1011 Quo
1751 950 2038 1004 sermonis

400 1054 609 1111 genere
652 1039 897 1108 juvenes
942 1035 1219 1090 uxoribus
1270 1036 1475 1107 privat,
1506 1037 1759 1108 virgines
1791 1037 2037 1106 maritis,

403 1128 736 1187 caelibatum
769 1131 1065 1189 astruens,
1095 1142 1279 1195 eoque
1310 1126 1457 1181 facto
1480 1126 1709 1181 animos
1730 1126 2035 1196 simplicio-

403 1234 535 1273 rum
596 1214 912 1285 decipiens.
972 1213 1120 1277 Quos
1164 1213 1317 1268 viros
1348 1214 1656 1283 Thamyris
1687 1231 1755 1269 ex
1786 1223 2039 1286 tempore

411 1305 523 1362 sibi
574 1301 909 1359 conciliatos
956 1302 1115 1358 domi
1151 1318 1268 1356 suae
1319 1301 1564 1372 hospitio
1595 1302 1823 1373 excipit,
1857 1320 2038 1374 appo-

410 1394 636 1464 sitoque
682 1407 965 1462 perquam
1014 1396 1356 1460 sumptuoso
1406 1392 1669 1462 prandio,
1726 1392 1924 1447 omnia
1971 1392 2041 1447 de

404 1481 584 1537 Paulo
640 1480 927 1535 curiosius
974 1484 1407 1550 percunctatus,
1451 1480 1582 1536 illos
1624 1481 1684 1535 in
1728 1481 2039 1537 consilium

407 1570 685 1625 adhibet:
720 1584 973 1639 quonam
1020 1569 1190 1623 modo
1234 1568 1331 1623 illo
1373 1568 1617 1633 devicto,
1651 1574 1708 1624 et
1738 1571 1809 1624 de
1852 1570 2042 1627 medio

410 1658 653 1722 sublato,
688 1658 977 1727 desponsa
1020 1656 1131 1711 sibi
1161 1656 1369 1711 Thecla
1402 1657 1641 1712 minime
1673 1658 2038 1728 spoliaretur.

2150 670 2207 727 δὲ
2258 668 2569 744 παρθενίαν,
2600 669 2699 721 Ἢν
2734 666 2811 739 μὴ
2867 661 3013 735 ἁγνοὶ
3079 659 3317 733 μείνητε,
3354 657 3547 733 λέγων,
3606 655 3824 718 ἄλλως

2148 761 2248 815 οῦκ
2302 757 2363 813 ἂν
2427 758 2559 831 μετὰ
2608 754 2839 819 θάνατον
2894 748 2961 805 τᾶ
3018 748 3246 821 σώματα
3306 748 3457 819 ὑμῶν
3506 744 3814 815 ἀνασταίη,

2147 851 2235 905 καὶ
2295 855 2441 919 ζωῆς
2504 848 2752 922 γένοισθε
2799 838 3168 915 κληρονόμοι.
3228 837 3326 891 Καὶ
3385 839 3552 890 ταῦτα
3605 834 3820 908 λέγων,

2146 939 2435 1013 ἀποστερεῖ
2494 938 2586 1010 μὲν
2657 933 2808 995 νέους
2877 932 3170 1006 γυναικῶν,
3226 926 3522 999 παρθένους
3583 922 3639 980 δὲ
3708 924 3819 978 ἆν-

2388 1030 2700 1099 νομοθετῶν
2736 1021 2999 1097 ἀγαμίαν,
3028 1019 3119 1072 καὶ
3171 1018 3316 1071 οὕτω
3356 1015 3450 1077 τὰς
3482 1014 3661 1089 ψυχὰς
3691 1018 3819 1068 τῶν

2872 1129 2883 1141 ·
2918 1110 2988 1165 Ὀ
3022 1109 3264 1181 Θάμυρις
3306 1103 3395 1160 οῦν
3428 1104 3554 1165 τοὺς
3600 1101 3815 1179 ἄνδρας

2146 1214 2490 1281 παραχρῆμα
2549 1202 2982 1273 ὑποποιούμενος
3050 1197 3125 1258 εἷς
3183 1197 3274 1251 τὸν
3369 1195 3565 1249 ἑαυτοῦ
3648 1193 3814 1248 οἶκον

2149 1280 2381 1366 ξενίζει·
2434 1295 2523 1348 καὶ
2582 1290 2765 1346 δεῖπνα
2817 1283 3098 1354 πολυτελῆ
3158 1283 3495 1359 παρατιθεὶς,
3553 1282 3622 1336 τὰ
3672 1280 3818 1355 περὶ

2149 1390 2245 1442 τοῦ
2318 1382 2536 1438 Παύλου
2592 1402 2651 1435 τε
2706 1377 3115 1451 περιεργότερον
3194 1371 3469 1446 ἀνηρώτα,
3515 1370 3607 1423 καὶ
3659 1390 3819 1443 συμ-

2150 1471 2385 1535 ϐούλους
2434 1465 2734 1545 ἐλάμϐανε,
2794 1469 2911 1527 πῶς
2970 1462 3031 1519 ἂν
3110 1462 3306 1517 τούτου
3386 1456 3820 1534 περιγενόμενος

2151 1564 2209 1620 ἐκ
2265 1564 2428 1637 μέσου
2486 1583 2543 1616 τε
2609 1561 2868 1628 ποιήσας,
2924 1556 3022 1622 τῆς
3108 1548 3595 1625 μεμνηστευμένης
3659 1547 3818 1617 αὐτῷ

2151 1653 2363 1722 Θέκλης
2395 1654 2470 1723 μή
2506 1649 2832 1721 ἀστοχήσοι,
2865 1648 3056 1715 Δημᾶς
3090 1639 3146 1695 δὲ
3188 1638 3280 1694 καὶ
3321 1638 3684 1712 Ἑρμογένης,
3714 1640 3816 1707 Τῷ

2148 1026 2288 1101 δρῶν
2323 1048 2336 1060 ·

2148 1116 2528 1191 ἁπλουστέρων
2559 1116 2836 1184 ἐξαπατῶν

417 1745 519 1801 Cui
570 1749 765 1799 Demas
796 1724 870 1799 _et.
924 1744 1335 1815 Hermogenes,
1390 1724 2043 1817 Caestellioiinquiunt,

2160 1741 2390 1819 ἡγεμόνι
2416 1735 2756 1807 ΚαστεΛλίῳ,
2790 1734 2963 1804 εἶπον,
2989 1733 3057 1785 τὰ
3087 1729 3209 1803 περὶ
3243 1728 3411 1783 αὐτοῦ
3444 1724 3819 1801 διασάφησον,

2176 1833 2189 1839 -
2277 1831 2289 1839 ι
2443 1828 2481 1839 ι..
2637 1826 2646 1839 \
2730 1822 2754 1839 ν
2804 1824 2821 1839 κ
3022 1825 3048 1834 ~
3220 1821 3248 1832 "'
3321 1837 3349 1839 κ.
3393 1816 3405 1833 ‘
3478 1816 3538 1839 FZ,
3562 1836 3586 1839 __
3634 1812 3802 1839 -.μί-μ

416 1834 651 1906 praesidi
684 1834 808 1888 vitae
842 1834 1027 1903 ipsius
1067 1833 1404 1889 institutum
1454 1836 1754 1903 denuntia,
1789 1836 2049 1892 imbuere

418 1922 853 1978 multitudinem
887 1940 1032 1977 nova
1053 1928 1109 1978 et.
1133 1929 1401 1979 extranea
1422 1924 1882 1980 Christianorum
1916 1925 2051 1980 doc-

414 2013 565 2068 trina
597 2029 611 2066 :
645 2028 790 2067 curm
824 2012 1100 2067 nimirum
1135 2013 1218 2067 illi
1249 2017 1316 2068 de
1348 2019 1553 2069 caetero
1590 2014 1761 2069 fuerit
1801 2014 2051 2069 Paulum

414 2102 487 2156 ad
519 2101 761 2157 Caesaris
790 2101 1047 2155 edictum
1077 2100 1345 2171 perdere:
1371 2107 1540 2173 atque
1571 2119 1638 2157 ea
1669 2103 1892 2159 ratione
1916 2120 2053 2159 uxo-

411 2204 534 2244 rem
582 2193 742 2245 tuam
788 2189 1030 2244 liberam
1070 2189 1248 2244 libere
1274 2189 1374 2244 tibi
1421 2190 1635 2246 habere
1685 2191 1903 2258 licebit,
1938 2208 2053 2262 qua

408 2277 469 2333 in
503 2293 562 2333 re
612 2293 684 2332 ne
739 2294 843 2332 nos
893 2278 1125 2348 quidem
1159 2284 1213 2333 te
1246 2280 1628 2350 negligemus,
1660 2279 1798 2350 quin
1833 2280 2049 2352 potius,

414 2366 604 2437 quoad
637 2366 763 2436 ejus
791 2366 976 2421 facere
1008 2365 1348 2436 poterimus,
1382 2383 1496 2423 una
1525 2369 1957 2438 adiuvabimus.

486 2453 577 2511 IV.
611 2455 920 2524 Thamyris
956 2455 1155 2525 igitur,
1188 2455 1465 2527 zelotypia
1505 2456 1698 2513 adhuc
1730 2463 1787 2513 et
1818 2458 2049 2514 iracun-

407 2543 504 2598 dia
562 2542 786 2614 plenus,
819 2542 1075 2597 diluculo
1132 2559 1505 2614 consurgens,
1557 2546 1795 2600 domum
1840 2546 2049 2600 Onesi-

412 2632 579 2703 phori
614 2632 799 2702 pergit
828 2648 961 2686 cum
995 2633 1357 2703 magistratu,
1393 2638 1449 2687 et
1480 2650 1656 2688 manu
1683 2652 1797 2689 non
1829 2650 2042 2706 pauca:

411 2720 621 2775 deinde
669 2720 725 2774 in
779 2720 1020 2775 Paulum
1058 2720 1342 2788 incidens,
1383 2721 1731 2793 Corrupisti,
1764 2724 1977 2794 inquit,
2012 2741 2042 2778 ο

413 2808 608 2875 homo,
642 2808 1027 2864 Iconiensium
1080 2811 1304 2874 urbem,
1354 2810 1695 2882 Theclazque
1747 2812 1887 2868 mihi
1920 2814 2047 2869 des-

410 2902 690 2968 pensatae,
742 2899 1080 2969 conjugium
1129 2915 1317 2954 meum
1366 2905 1426 2954 ut
1485 2900 1650 2955 nihili
1707 2903 2042 2972 aestimaret,

413 2985 756 3056 persuasisti
788 3002 803 3054 ;
832 2985 961 3040 veni
997 2985 1237 3056 proinde
1268 2988 1549 3043 rationem
1584 2987 1759 3059 hujus
1791 2990 1873 3045 tui
1910 2991 2044 3046 facti

409 3089 606 3128 coram
648 3074 893 3143 praside
942 3074 1294 3131 redditurus.
1330 3079 1463 3140 Quas
1509 3078 1607 3132 ubi
1653 3079 1815 3144 dixit,
1856 3079 2044 3135 omnis

413 3161 733 3217 multitudo
774 3162 856 3216 illi
906 3168 993 3218 est
1036 3181 1295 3232 assensa,
1329 3168 1523 3238 Apage
1550 3168 2045 3239 praestigiatorem,

412 3248 995 3320 clamantes,,omnes
1045 3252 1198 3309 enim
1250 3259 1481 3311 nostras
1523 3274 1726 3313 uxores
1776 3259 2042 3327 perdidit.

412 3338 583 3394 Stans
612 3339 787 3409 igitur
807 3340 1110 3411 Thamyris
1141 3347 1272 3399 ante
1305 3344 1581 3413 tribunal,
1615 3362 1827 3417 magna
1859 3347 2045 3401 homi-

411 3443 548 3481 num
647 3428 1016 3484 multitudine
1091 3432 1338 3499 cinctus,
1408 3434 1626 3501 ingenti
1684 3450 1821 3489 voce
1872 3450 1885 3489 2
1943 3434 2045 3489 Hic

416 3514 610 3583 homo,
637 3514 851 3585 inquit,
891 3517 1042 3571 unde
1072 3518 1150 3571 sit
1177 3517 1536 3587 ignoramus,
1576 3521 1823 3593 virgines
1855 3530 2046 3577 autem

416 3618 487 3657 ne
547 3604 772 3658 nubant
842 3605 1129 3674 prohibet,
1199 3608 1573 3679 tumultuque
1642 3611 1841 3666 urbem
1899 3610 2050 3667 hanc

416 3692 687 3764 complet,
721 3694 875 3749 dicat
898 3711 1032 3765 ergo
1052 3712 1153 3750 cur
1184 3696 1302 3751 haec
1333 3698 1520 3753 faciat.
1543 3700 1746 3755 Demas
1773 3706 1966 3756 autem
1999 3711 2053 3757 et

417 3786 836 3852 Hermogenes,
869 3798 1058 3837 rerum
1084 3786 1482 3852 praestantium
1505 3788 1723 3842 indocti
1755 3790 2049 3860 discipuli,

420 3885 607 3939 neque
638 3869 955 3941 quidquam
993 3869 1154 3925 Judaa
1186 3873 1467 3928 scelerata
1503 3874 1873 3943 improbitate
1904 3878 2052 3933 infe-

418 3958 622 4021 riores,
655 3957 839 4013 eidem
868 3965 1300 4029 suggesserunt,
1332 3961 1545 4019 diceret
1576 3963 1820 4020 Paulum
1851 3967 2052 4023 Chris-

420 4046 645 4101 tianum
678 4061 828 4113 esse,
858 4051 1031 4117 atque
1063 4048 1143 4103 ita
1172 4049 1454 4107 citissime
1481 4052 1830 4123 periturum.

492 4137 553 4189 V.
589 4138 804 4190 Praeses
848 4152 1009 4208 porro
1060 4138 1321 4194 animum
1363 4142 1689 4200 accuratius
1722 4145 2051 4212 intendens,

420 4224 597 4280 Paulo
648 4225 719 4279 ad
769 4240 831 4279 se
874 4227 1108 4297 propius
1161 4229 1498 4300 constituto,
1532 4234 1670 4298 Quis
1730 4241 1793 4289 tu
1839 4252 1919 4303 es,
1955 4236 2052 4303 ait,

424 4317 479 4368 et
510 4329 772 4383 quasnam
806 4312 926 4381 illa,
958 4318 1013 4369 et
1044 4315 1239 4386 qualia
1270 4335 1399 4389 quae
1429 4321 1598 4376 doces
1628 4323 1655 4376 ?
1687 4339 1869 4393 neque
1900 4324 2053 4380 enim

425 4403 495 4456 de
525 4418 584 4456 re
634 4402 799 4457 nihili
850 4412 900 4457 le
946 4412 1249 4461 accusant.
1289 4409 1371 4461 Ad
1407 4425 1530 4477 quae
1580 4412 1797 4467 Paulus
1827 4413 2058 4469 sublata

2161 1812 2234 1892 ὡς
2267 1828 2537 1885 ἀναπείθει
2567 1826 2693 1888 τοὺς
2727 1822 2934 1898 ὄχλους
2983 1825 3051 1895 τῇ
3091 1821 3252 1890 καινῇ
3320 1816 3409 1871 καὶ
3476 1816 3596 1888 ξένῃ
3632 1812 3810 1887 ταύτῃ

2158 1929 2262 1980 τῶν
2327 1922 2659 1992 Χριστιανῶν
2715 1911 3081 1982 διδασκαλίᾳ·
3144 1910 3233 1964 καὶ
3284 1909 3346 1962 τὸ
3406 1904 3601 1961 λοιπὸν
3656 1904 3811 1976 αὐτῷ

2164 2016 2258 2088 μὲν
2319 2010 2548 2085 μελήσει
2595 2008 2731 2061 κατά
2783 2005 2845 2058 τὸ
2904 2000 3087 2088 δόγμα
3122 2003 3218 2054 τοῦ
3279 1997 3564 2071 Καίσαρος,
3588 1992 3811 2088 Παῦλον

2160 2085 2423 2159 ἀπολέσαι
2450 2119 2461 2132 ⁶
2498 2098 2582 2153 σοὶ
2629 2095 2687 2151 δὲ
2738 2093 2912 2154 οὕτως
2967 2086 3116 2145 ἔσται
3166 2090 3264 2156 τήν
3303 2091 3534 2161 γυναῖκα
3564 2086 3661 2154 τήν
3705 2085 3807 2147 σὴν

2159 2190 2304 2269 ἔχειν
2348 2187 2626 2262 ἐλευθέραν
2659 2185 2976 2257 ἐλευθέρως.
3012 2177 3165 2269 Πλὴν
3196 2176 3345 2269 ἀλλά
3390 2175 3683 2269 καὶ-ἡμεῖς
3740 2172 3811 2228 οῦ

2158 2265 2539 2354 περιοψόμεθα
2597 2297 2674 2347 σε,
2728 2271 2875 2328 ἀλλὰ
2927 2271 2993 2325 τὰ
3051 2266 3250 2323 δυνατά
3314 2265 3549 2340 ἐσόμεθα
3625 2283 3813 2336 συνερ-

2158 2376 2399 2448 γοῦντες.
2912 2449 2922 2455 _
2997 2447 3011 2455 Α
3255 2446 3263 2455 ι
3516 2443 3534 2455 ἱ
3742 2442 3753 2455 ι

2229 2462 2299 2517 Δ’.
2332 2461 2455 2515 Ἔτι
2489 2456 2579 2510 οῦν
2616 2452 2790 2524 ζήλου
2838 2449 2927 2505 καὶ
2988 2447 3158 2523 ὀργῆς
3196 2446 3440 2519 Θάμυρις
3471 2443 3810 2517 πληρωθεὶςν

2157 2548 2359 2625 ὄρθρου
2391 2543 2695 2604 διαναστὰς.
2732 2541 2807 2602 εἰς
2840 2540 2930 2595 τὸν
2993 2538 3149 2593 οἶκον
3184 2534 3544 2611 Ὀνησιφόρου
3574 2531 3804 2607 γίνεται,

2161 2622 2294 2712 μετά
2321 2638 2412 2692 καὶ
2443 2635 2750 2710 ἀρχόντων,
2783 2629 2872 2685 καὶ
2906 2627 3093 2703 χειρὸς
3136 2624 3237 2680 οὐκ
3276 2622 3470 2697 ὀλίγης
3505 2641 3517 2655 ·
3572 2622 3682 2675 εἶτα
3721 2624 3799 2691 τῷ

2157 2708 2360 2798 Παύλῳ
2412 2708 2750 2798 περιτυχὼν,
2794 2719 3129 2795 Διέιρθειρας,
3162 2710 3367 2789 ἔλεγεν,
3399 2712 3661 2783 ἄνθρωπε,
3687 2708 3793 2798 ⁸τήν

2158 2795 2422 2874 Ἰκονιέων
2478 2795 2642 2866 πόλιν
2677 2827 2692 2841 ⁸
2723 2810 2814 2863 καὶ
2863 2808 2962 2875 τὴν
3014 2804 3368 2879 ἡρμοσμένην
3409 2799 3527 2871 ἐμοὶ
3585 2795 3785 2852 Θέκλαν

2153 2906 2434 2964 ἀνέπεισας
2490 2899 2613 2975 περὶ
2673 2895 2894 2957 οὐδενὸς
2952 2893 3078 2955 τοὺς
3121 2893 3285 2965 ἐμοὺς
3320 2890 3499 2945 θέσθαι
3562 2887 3790 2975 γάμους.

2153 2998 2363 3069 νΕρχου
2420 2991 2727 3063 τοιγαροῦν,
2761 2984 2926 3062 λόγον
2970 2981 3171 3062 ὑφέξων
3222 2981 3356 3069 πρὸς
3396 2978 3489 3032 τὸν
3539 2974 3791 3069 ἡγεμόνα.

2403 3079 2575 3154 ἓλεγε,
2605 3077 2695 3131 καὶ
2754 3079 2857 3137 πᾶς
2911 3075 2938 3127 6
2998 3070 3171 3149 ὄχλος
3228 3068 3378 3138 αὐτῷ
3436 3064 3791 3140 συνηγόρουν,

2157 3178 2367 3245 ’Ἄπαγε
2405 3152 2727 3239 τὸνήγόητα,
2762 3161 3014 3237 λέγοντες
3048 3179 3061 3192 ο
3095 3158 3265 3219 πάσας
3304 3158 3407 3230 γὰρ
3439 3158 3600 3225 ἡμῶν
3646 3152 3795 3205 ἆπώ-

2156 3261 2279 3317 λεσε
2324 3242 2423 3317 τὰς
2470 3259 2745 3330 γυναῖκας.
2809 3252 2948 3311 Στάς
3007 3246 3098 3303 οῦν
3155 3248 3183 3301 6
3241 3245 3483 3318 Θάμυρις
3544 3242 3648 3316 πρὸ
3702 3244 3793 3294 τοῦ

2159 3351 2431 3425 βήματος,
2489 3339 2633 3417 ἔχων
2690 3341 2778 3394 ὑπ’
2827 3340 2980 3410 αὐτῷ
3030 3335 3120 3391 καὶ
3178 3336 3240 3389 τὸ
3297 3334 3534 3402 πλῆθος,
3593 3332 3793 3405 κραυγῇ

2160 3421 2412 3513 μεγίστῃ,
2444 3434 2504 3489 Ὁ
2534 3431 2814 3505 ἄνθρωπος
2854 3427 3032 3487 οῦτος.
3074 3421 3279 3497 ἔλεγεν,
3313 3424 3442 3513 ὅθεν-
3486 3421 3605 3495 μὶν,
3638 3421 3794 3494 ἀγνο-

2158 3510 2362 3599 οῦμεν·
2422 3526 2709 3599 γαμεῖσθαι
2770 3515 2826 3572 δὲ
2878 3516 2972 3577 τὰς
3039 3513 3331 3587 παρθένους
3390 3510 3451 3565 οὐ
3503 3513 3793 3583 συγχωρεῖ,

2158 3618 2245 3672 καὶ
2296 3615 2544 3688 ταραχῆς
2602 3610 2694 3681 μὲν
2732 3609 2830 3676 τὴν
2887 3604 3049 3660 πόλιν
3109 3601 3354 3677 πληροῖ⁸
3417 3600 3621 3655 εἱπάτω
3669 3600 3793 3688 γοῦν

2159 3707 2287 3761 ὅτου
2339 3684 2498 3777 χάριν
2556 3703 2717 3754 τοῦτο
2766 3700 2943 3759 ποιεῖ.
2978 3698 3167 3765 Δημᾶς
3226 3690 3281 3746 δέ
3320 3690 3409 3744 καὶ
3441 3684 3793 3764 Ἑρμογένης,

2160 3796 2212 3850 οι
2244 3792 2467 3865 ἀμαθεῖς
2494 3794 2601 3844 τῶν
2642 3788 2823 3843 καλῶν
2879 3782 3140 3858 μαθηταὶ.
3182 3781 3272 3837 καῖ
3316 3777 3484 3854 μηδὲν
3525 3780 3670 3855 τάχα
3698 3783 3793 3846 τῆς

2158 3879 2337 3941 Ἰούδα
2397 3878 2711 3953 μοχθηρίας
2770 3871 3224 3944 ἀπολειπόμενοι,
3294 3867 3574 3924 ὑπετίθουν
3629 3865 3790 3938 αύτῳ.

2162 3972 2316 4046 Λέγε,
2367 3969 2685 4045 φάσκοντες,
2738 3965 2818 4018 ὅτι
2878 3960 3203 4036 Χριστιανὸς
3254 3957 3361 4029 εἴη,
3419 3957 3508 4012 καὶ
3567 3956 3794 4030 τάχιστα

2162 4058 2467 4117 ἀπολεῖται.

2234 4151 2309 4207 Ε’.
2341 4150 2402 4206 Ὁ
2432 4146 2657 4222 ἡγεμὼν
2693 4140 2751 4198 δὲ
2788 4143 2888 4210 τὴν
2916 4138 3156 4195 διάνοιαν
3217 4136 3530 4207 ἐπιστήσας,
3562 4134 3651 4189 καὶ
3706 4134 3790 4187 τὸν

2164 4237 2381 4296 Παῦλον
2439 4221 2712 4311 ἐγγυτέρω
2759 4230 3245 4306 παραστησάμενος
3282 4245 3294 4258 ·
3354 4224 3445 4286 Τίς
3486 4224 3563 4285 εἷς
3615 4221 3789 4295 λέγει’

2162 4329 2283 4385 τίνα
2313 4325 2369 4382 δὲ
2415 4326 2504 4380 καὶ
2537 4324 2669 4397 ἅπερ
2705 4318 3013 4387 διδᾶσκειςς
3055 4317 3115 4371 ού
3147 4317 3250 4391 γὰρ
3302 4315 3366 4370 ιὰ
3420 4314 3659 4388 τυχόντα
3705 4331 3793 4365 σου

2167 4419 2577 4490 κατηγοροῦσιν.
2611 4414 2781 4485 ’Ἄρας
2829 4406 2886 4463 δὲ
2950 4409 3047 4476 τὴν
3103 4406 3286 4480 φωνὴν
3347 4405 3375 4458 6
3434 4400 3649 4461 Παῦλος
3683 4418 3695 4433 '
3734 4399 3794 4456 Ei

418 4507 597 4549 voce:
640 4492 697 4545 Si
758 4491 927 4545 hodie
974 4509 1146 4562 super
1212 4495 1474 4551 doctrina
1522 4502 1849 4567 convenior,
1912 4504 2046 4559 audi

2160 4507 2264 4580 ἐγὼ
2297 4507 2559 4577 σήμερον,
2599 4496 2726 4576 ἔφη,
2759 4497 2881 4572 περί
2932 4494 3166 4570 διδαχῆς
3216 4494 3596 4567 ἀνακρίνομαι,
3628 4490 3793 4544 ἄκουε

419 4580 558 4650 quid
607 4579 819 4648 dicam,
852 4582 1179 4650 proconsul.
1228 4582 1382 4639 Deus
1430 4587 1641 4655 vivens,
1674 4588 1824 4645 Deus
1875 4591 2053 4648 ultio-

420 4685 584 4734 num,
617 4667 770 4725 Deus
814 4668 1036 4725 nullius
1068 4671 1145 4725 rei
1178 4671 1469 4743 indigens,
1502 4676 1600 4731 sed
1631 4679 1814 4733 solam
1858 4682 2049 4735 homi-

424 4772 565 4811 num
589 4762 859 4828 expetens
891 4757 1159 4827 salutem,
1194 4760 1352 4817 misit
1390 4779 1501 4831 me,
1533 4766 1730 4821 Jcsum
1754 4767 2049 4826 Christum

422 4844 631 4901 Filium
676 4863 846 4901 suum
896 4847 1278 4905 denuntiare:
1312 4867 1479 4920 quem
1529 4853 1699 4910 etiam
1749 4857 2049 4931 denuntio,

421 4937 571 4990 etut
622 4934 679 4989 in
710 4934 833 5004 ipso
883 4952 1044 5007 spem
1104 4937 1353 4996 habeant
1396 4941 1664 5000 homines
1711 4946 1915 5005 doceo:
1951 4949 2054 5020 qui

424 5022 584 5077 solus
641 5024 924 5079 mundum
984 5036 1270 5083 errantem
1321 5032 1766 5091 commiseratus
1823 5044 1933 5105 est,
1981 5055 2051 5094 ne

426 5111 693 5182 deinceps
778 5111 1052 5169 simulate
1127 5115 1397 5173 mortales
1459 5122 1667 5195 vivant,
1718 5127 1814 5182 sed
1872 5128 2045 5182 fidem

422 5201 678 5266 teneant,
712 5199 1056 5271 animosque
1087 5202 1187 5259 Dei
1227 5206 1437 5262 timore
1476 5219 1828 5283 coercentes,
1860 5215 2047 5285 pravis

424 5285 701 5342 omnibus
732 5288 1004 5356 operibus
1051 5296 1404 5363 renuntient,
1438 5303 1493 5353 et
1524 5300 1581 5355 in
1615 5302 1881 5372 puritate,
1904 5304 2053 5358 veri-

422 5375 680 5443 tatisque
716 5389 912 5430 amore
942 5376 1152 5432 vivant.
1187 5384 1373 5444 Quare
1413 5385 1458 5439 si
1491 5402 1615 5458 ego,
1650 5406 1681 5443 ο
1723 5390 2050 5459 proconsul,

417 5478 483 5516 ea
516 5476 643 5531 quas
679 5459 818 5548 mihi
854 5462 1103 5518 revelata
1136 5485 1168 5520 a
1217 5471 1329 5525 Deo
1361 5480 1515 5540 sunt,
1550 5478 1690 5532 doce
1722 5479 2049 5548 o,quidnam

410 5551 631 5622 injuste
680 5547 865 5602 facere
916 5550 1226 5611 invenior?
1252 5560 1467 5625 Quibus
1496 5563 1593 5621 ille
1626 5547 1864 5636 auditis,
1896 5570 2054 5624 Pau-

2160 4576 2266 4650 τῶν
2319 4593 2464 4667 ἐμῶν
2513 4590 2711 4665 λόγων,
2748 4587 3030 4651 ἀνθύπατε.
3062 4584 3191 4645 Θεὸς
3245 4588 3370 4652 ζῶν,
3414 4581 3544 4645 Θεὸς
3583 4576 3790 4648 ἐκδική-

2161 4706 2319 4752 σεων,
2354 4684 2482 4743 Θεὸς
2532 4673 2858 4751 ἀπροσδεὴς,
2894 4675 3062 4747 μόνης
3104 4670 3162 4725 δὲ
3219 4671 3444 4746 χρῄζων
3505 4667 3789 4743 ἀνθρώπων

2164 4772 2452 4845 σωτηρίας,
2500 4763 2803 4822 ἀπέσταλκέ
2854 4784 2940 4837 με,
2998 4761 3087 4816 τὸν
3140 4760 3302 4815 αὐτοῦ
3346 4755 3515 4814 παῖδα
3571 4757 3789 4831 εὐαγγι-

2164 4842 2400 4931 λίζεσθαι
2459 4859 2669 4925 Ἰησοῦν
2727 4853 2981 4926 Χριστὸν,
3022 4848 3184 4923 ὅνπερ
3243 4846 3309 4917 δὴ
3369 4848 3457 4903 καὶ
3512 4842 3787 4921 εὐαγγελί-

2164 4958 2349 5023 ζομαι,
2381 4946 2431 5002 ἐν
2488 4943 2675 5015 ἐκείνῳ
2732 4940 2881 5017 ἔχειν
2922 4942 3018 5003 τὰς
3065 4936 3290 5001 ἐλπίδας
3327 4938 3450 4997 τοὺς
3482 4934 3787 5009 ἀνθρώπους

2163 5037 2453 5103 διδὸίσκων,
2492 5035 2550 5095 ’ὸς
2605 5033 2761 5107 μόνῳ
2802 5029 3133 5099 συνεπάθησε
3172 5024 3517 5099 πλανωμένῳ
3567 5023 3783 5096 κόσμῳ’

2156 5126 2248 5182 ἵνα
2307 5123 2499 5200 μηκέτι
2551 5122 2625 5185 εἷς
2667 5121 2948 5194 ὑπόκρισιν
2983 5119 3136 5183 ὦσιν,
3170 5115 3314 5171 ἀλλὰ
3370 5117 3550 5169 πίστιν
3605 5107 3783 5187 ἔχωσι,

2160 5217 2250 5271 καὶ
2284 5210 2441 5289 φόϐῳ
2488 5216 2621 5268 Θεοῦ
2653 5210 3011 5284 συνεχόμενοι
3039 5207 3133 5269 τὰς
3176 5203 3420 5281 καρδίας,
3453 5208 3613 5257 πᾶσιν
3670 5200 3787 5256 ἀπο-

2159 5288 2419 5375 τάξωνται
2484 5303 2746 5375 πονηροῖς
2811 5292 3013 5372 ἔργοις,
3070 5296 3163 5349 καὶ
3220 5293 3273 5348 ἐν
3336 5288 3513 5367 ἁγνείᾳ
3572 5291 3783 5359 ξήσωσι,

2160 5391 2247 5445 καὶ
2302 5390 2481 5464 ἀγάπῃ
2535 5391 2634 5461 τῇς
2691 5382 3062 5457 ἀληθείας.Εἷ
3123 5383 3213 5437 οῦν
3263 5381 3388 5456 ἐγὼ,
3420 5377 3786 5448 ἀνθύπατε,τά

2161 5478 2308 5552 παρά
2371 5482 2465 5533 τοῦ
2518 5480 2652 5533 Θεοῦ
2733 5495 2827 5547 μοι
2886 5468 3379 5545 ἀποκεκαΛυμμένα
3434 5464 3691 5539 διδάσκω,
3740 5468 3785 5521 τί

2160 5586 2293 5622 ποτε
2345 5563 2531 5623 ἄδικον
2577 5565 2897 5639 εὑρίσκομαι
2954 5558 3127 5639 δρῶν;
3168 5563 3346 5619 Ταῦτα
3386 5556 3588 5618 ἐκεῖνος
3632 5553 3782 5609 ἀκού-
