  <div class='ocr_page' id='page_1' title='image "/cluster/home/n/w/nwhite01/storage/ocr_20150623/115/mdp.39015028574336/426.png"; bbox 0 0 4124 6270; ppageno 0'>
   <div class='ocr_carea' id='block_1_1' title="bbox 395 264 515 328">
    <p class='ocr_par' dir='ltr' id='par_1_1' title="bbox 395 264 515 328">
     <span class='ocr_line' id='line_1_1' title="bbox 395 264 515 328; baseline -0.017 0"><span class='ocrx_word' id='word_1_1' title='bbox 395 264 515 328; x_wconf 73' lang='grc'>829</span> 
     </span>
    </p>
   </div>
   <div class='ocr_carea' id='block_1_2' title="bbox 1639 271 2623 340">
    <p class='ocr_par' dir='ltr' id='par_1_2' title="bbox 1639 271 2623 340">
     <span class='ocr_line' id='line_1_2' title="bbox 1639 271 2623 340; baseline 0.004 -7"><span class='ocrx_word' id='word_1_2' title='bbox 1639 271 2115 340; x_wconf 82' lang='lat' dir='ltr'>MARTYRIUM</span> <span class='ocrx_word' id='word_1_3' title='bbox 2160 278 2225 340; x_wconf 91' lang='lat' dir='ltr'>S.</span> <span class='ocrx_word' id='word_1_4' title='bbox 2271 277 2623 340; x_wconf 62' lang='lat' dir='ltr'>THECLjE.</span> 
     </span>
    </p>
   </div>
   <div class='ocr_carea' id='block_1_3' title="bbox 3664 269 3784 336">
    <p class='ocr_par' dir='ltr' id='par_1_3' title="bbox 3664 269 3784 336">
     <span class='ocr_line' id='line_1_3' title="bbox 3664 269 3784 336; baseline -0.017 -1"><span class='ocrx_word' id='word_1_5' title='bbox 3664 269 3784 336; x_wconf 83' lang='lat'>830</span> 
     </span>
    </p>
   </div>
   <div class='ocr_carea' id='block_1_4' title="bbox 387 419 2022 513">
    <p class='ocr_par' dir='ltr' id='par_1_4' title="bbox 387 419 2022 513">
     <span class='ocr_line' id='line_1_4' title="bbox 387 419 2022 513; baseline 0.007 -34"><span class='ocrx_word' id='word_1_6' title='bbox 387 444 505 493; x_wconf 90' lang='grc' dir='ltr'>σας,</span> <span class='ocrx_word' id='word_1_7' title='bbox 535 422 746 479; x_wconf 81' lang='grc' dir='ltr'>κελεύει</span> <span class='ocrx_word' id='word_1_8' title='bbox 778 419 998 494; x_wconf 83' lang='grc' dir='ltr'>δεθῆναι</span> <span class='ocrx_word' id='word_1_9' title='bbox 1051 424 1144 480; x_wconf 83' lang='grc' dir='ltr'>τὸν</span> <span class='ocrx_word' id='word_1_10' title='bbox 1201 425 1442 500; x_wconf 78' lang='grc' dir='ltr'>Παῦλον,</span> <span class='ocrx_word' id='word_1_11' title='bbox 1480 428 1572 485; x_wconf 83' lang='grc' dir='ltr'>καὶ</span> <span class='ocrx_word' id='word_1_12' title='bbox 1613 432 1757 488; x_wconf 78' lang='grc' dir='ltr'>οὕτω</span> <span class='ocrx_word' id='word_1_13' title='bbox 1805 438 1874 508; x_wconf 81' lang='grc' dir='ltr'>τῇ</span> <span class='ocrx_word' id='word_1_14' title='bbox 1934 456 2022 513; x_wconf 79' lang='grc' dir='ltr'>φυ-</span> 
     </span>
    </p>
   </div>
   <div class='ocr_carea' id='block_1_5' title="bbox 2136 419 3778 513">
    <p class='ocr_par' dir='ltr' id='par_1_5' title="bbox 2148 432 3778 506">
     <span class='ocr_line' id='line_1_5' title="bbox 2148 432 3778 506; baseline -0.004 -11"><span class='ocrx_word' id='word_1_15' title='bbox 2148 439 2270 496; x_wconf 86' lang='lat' dir='ltr'><strong>lum</strong></span> <span class='ocrx_word' id='word_1_16' title='bbox 2303 439 2508 494; x_wconf 83' lang='lat' dir='ltr'>vinciri</span> <span class='ocrx_word' id='word_1_17' title='bbox 2551 442 2609 494; x_wconf 91' lang='lat' dir='ltr'>et</span> <span class='ocrx_word' id='word_1_18' title='bbox 2649 439 2711 494; x_wconf 91' lang='lat' dir='ltr'>in</span> <span class='ocrx_word' id='word_1_19' title='bbox 2759 453 3048 495; x_wconf 89' lang='lat' dir='ltr'>carcerem</span> <span class='ocrx_word' id='word_1_20' title='bbox 3097 435 3250 492; x_wconf 89' lang='lat' dir='ltr'>tradi</span> <span class='ocrx_word' id='word_1_21' title='bbox 3283 434 3549 506; x_wconf 88' lang='lat' dir='ltr'>imperat,</span> <span class='ocrx_word' id='word_1_22' title='bbox 3586 432 3778 504; x_wconf 98' lang='lat' dir='ltr'>quoad</span> 
     </span>
    </p>
   </div>
   <div class='ocr_carea' id='block_1_6' title="bbox 388 509 2032 596">
    <p class='ocr_par' dir='ltr' id='par_1_6' title="bbox 388 509 2032 596">
     <span class='ocr_line' id='line_1_6' title="bbox 388 509 2032 596; baseline 0.006 -28"><span class='ocrx_word' id='word_1_23' title='bbox 388 512 534 586; x_wconf 81' lang='grc' dir='ltr'>λακῇ</span> <span class='ocrx_word' id='word_1_24' title='bbox 594 509 842 583; x_wconf 84' lang='grc' dir='ltr'>δοθῆναι,</span> <span class='ocrx_word' id='word_1_25' title='bbox 872 509 976 576; x_wconf 78' lang='grc' dir='ltr'>ἓως</span> <span class='ocrx_word' id='word_1_26' title='bbox 1034 512 1094 568; x_wconf 84' lang='grc' dir='ltr'>ἃν</span> <span class='ocrx_word' id='word_1_27' title='bbox 1152 513 1308 570; x_wconf 80' lang='grc' dir='ltr'>αὐτὸν</span> <span class='ocrx_word' id='word_1_28' title='bbox 1363 517 1499 572; x_wconf 80' lang='grc' dir='ltr'>κατὰ</span> <span class='ocrx_word' id='word_1_29' title='bbox 1555 519 1772 595; x_wconf 77' lang='grc' dir='ltr'>σχολὴν</span> <span class='ocrx_word' id='word_1_30' title='bbox 1812 509 2032 596; x_wconf 78' lang='grc' dir='ltr'>γένηται</span> 
     </span>
    </p>
   </div>
   <div class='ocr_carea' id='block_1_7' title="bbox 387 601 972 672">
    <p class='ocr_par' dir='ltr' id='par_1_7' title="bbox 387 601 972 672">
     <span class='ocr_line' id='line_1_7' title="bbox 387 601 972 672; baseline -0.003 -14"><span class='ocrx_word' id='word_1_31' title='bbox 387 601 454 658; x_wconf 71' lang='grc' dir='ltr'>τὰ</span> <span class='ocrx_word' id='word_1_32' title='bbox 483 602 686 657; x_wconf 84' lang='grc' dir='ltr'>ἐκείνου</span> <span class='ocrx_word' id='word_1_33' title='bbox 717 607 972 672; x_wconf 87' lang='grc' dir='ltr'>ζητῆσαι.</span> 
     </span>
    </p>
   </div>
   <div class='ocr_carea' id='block_1_8' title="bbox 459 687 2032 775">
    <p class='ocr_par' dir='ltr' id='par_1_8' title="bbox 459 687 2032 775">
     <span class='ocr_line' id='line_1_8' title="bbox 459 687 2032 775; baseline 0.006 -27"><span class='ocrx_word' id='word_1_34' title='bbox 459 693 523 754; x_wconf 87' lang='grc' dir='ltr'>ς’.</span> <span class='ocrx_word' id='word_1_35' title='bbox 552 692 618 746; x_wconf 87' lang='grc' dir='ltr'>ἹΙ</span> <span class='ocrx_word' id='word_1_36' title='bbox 660 689 838 745; x_wconf 83' lang='grc' dir='ltr'>Θέκλα</span> <span class='ocrx_word' id='word_1_37' title='bbox 889 687 947 746; x_wconf 81' lang='grc' dir='ltr'>δὲ</span> <span class='ocrx_word' id='word_1_38' title='bbox 995 696 1162 747; x_wconf 90' lang='grc' dir='ltr'>ταῦτα</span> <span class='ocrx_word' id='word_1_39' title='bbox 1223 695 1486 767; x_wconf 77' lang='grc' dir='ltr'>μαθοῦσα,</span> <span class='ocrx_word' id='word_1_40' title='bbox 1513 697 1725 772; x_wconf 80' lang='grc' dir='ltr'>σπουδῇ</span> <span class='ocrx_word' id='word_1_41' title='bbox 1784 700 2032 775; x_wconf 83' lang='grc' dir='ltr'>περιελο-</span> 
     </span>
    </p>
   </div>
   <div class='ocr_carea' id='block_1_9' title="bbox 389 777 2032 864">
    <p class='ocr_par' dir='ltr' id='par_1_9' title="bbox 389 777 2032 864">
     <span class='ocr_line' id='line_1_9' title="bbox 389 777 2032 864; baseline 0.008 -31"><span class='ocrx_word' id='word_1_42' title='bbox 389 779 545 853; x_wconf 80' lang='grc' dir='ltr'>μένη,</span> <span class='ocrx_word' id='word_1_43' title='bbox 603 777 734 855; x_wconf 74' lang='grc' dir='ltr'>ὅπερ</span> <span class='ocrx_word' id='word_1_44' title='bbox 809 782 875 849; x_wconf 83' lang='grc' dir='ltr'>ἦν</span> <span class='ocrx_word' id='word_1_45' title='bbox 939 780 1076 857; x_wconf 77' lang='grc' dir='ltr'>αὐτῇ</span> <span class='ocrx_word' id='word_1_46' title='bbox 1142 781 1337 839; x_wconf 82' lang='grc' dir='ltr'>ἐνώτιά</span> <span class='ocrx_word' id='word_1_47' title='bbox 1407 806 1466 841; x_wconf 87' lang='grc' dir='ltr'>τε</span> <span class='ocrx_word' id='word_1_48' title='bbox 1521 789 1610 842; x_wconf 82' lang='grc' dir='ltr'>καὶ</span> <span class='ocrx_word' id='word_1_49' title='bbox 1660 787 2032 864; x_wconf 71' lang='grc' dir='ltr'>περιδέρῥαια,</span> 
     </span>
    </p>
   </div>
   <div class='ocr_carea' id='block_1_10' title="bbox 385 868 2033 954">
    <p class='ocr_par' dir='ltr' id='par_1_10' title="bbox 385 868 2033 954">
     <span class='ocr_line' id='line_1_10' title="bbox 385 868 2033 954; baseline 0.006 -29"><span class='ocrx_word' id='word_1_50' title='bbox 385 869 474 925; x_wconf 80' lang='grc' dir='ltr'>καὶ</span> <span class='ocrx_word' id='word_1_51' title='bbox 523 868 801 944; x_wconf 83' lang='grc' dir='ltr'>ὁρμίσκοι,</span> <span class='ocrx_word' id='word_1_52' title='bbox 864 877 1073 945; x_wconf 76' lang='grc' dir='ltr'>χρυσοῦ</span> <span class='ocrx_word' id='word_1_53' title='bbox 1121 875 1606 948; x_wconf 72' lang='grc' dir='ltr'>κατεσκευασμένα,</span> <span class='ocrx_word' id='word_1_54' title='bbox 1653 882 1732 950; x_wconf 84' lang='grc' dir='ltr'>τῷ</span> <span class='ocrx_word' id='word_1_55' title='bbox 1790 878 2033 954; x_wconf 87' lang='grc' dir='ltr'>πυλωρῷ</span> 
     </span>
    </p>
   </div>
   <div class='ocr_carea' id='block_1_11' title="bbox 385 955 2029 1042">
    <p class='ocr_par' dir='ltr' id='par_1_11' title="bbox 385 955 2029 1042">
     <span class='ocr_line' id='line_1_11' title="bbox 385 955 2029 1042; baseline 0.007 -31"><span class='ocrx_word' id='word_1_56' title='bbox 385 964 484 1027; x_wconf 78' lang='grc' dir='ltr'>τῆς</span> <span class='ocrx_word' id='word_1_57' title='bbox 518 956 692 1019; x_wconf 71' lang='grc' dir='ltr'>οἰκίας</span> <span class='ocrx_word' id='word_1_58' title='bbox 724 955 913 1013; x_wconf 84' lang='grc' dir='ltr'>δίδωσι</span> <span class='ocrx_word' id='word_1_59' title='bbox 950 978 961 992; x_wconf 90' lang='grc'><strong>·</strong></span> <span class='ocrx_word' id='word_1_60' title='bbox 1014 959 1103 1014; x_wconf 85' lang='grc' dir='ltr'>καὶ</span> <span class='ocrx_word' id='word_1_61' title='bbox 1163 960 1336 1026; x_wconf 75' lang='grc' dir='ltr'>οὕτως</span> <span class='ocrx_word' id='word_1_62' title='bbox 1375 963 1656 1020; x_wconf 83' lang='grc' dir='ltr'>ἀκώλυτον</span> <span class='ocrx_word' id='word_1_63' title='bbox 1689 971 1901 1042; x_wconf 81' lang='grc' dir='ltr'>σχοῦσα</span> <span class='ocrx_word' id='word_1_64' title='bbox 1929 970 2029 1037; x_wconf 81' lang='grc' dir='ltr'>τήν</span> 
     </span>
    </p>
   </div>
   <div class='ocr_carea' id='block_1_12' title="bbox 385 1043 2028 1132">
    <p class='ocr_par' dir='ltr' id='par_1_12' title="bbox 385 1043 2028 1132">
     <span class='ocr_line' id='line_1_12' title="bbox 385 1043 2028 1132; baseline 0.007 -32"><span class='ocrx_word' id='word_1_65' title='bbox 385 1043 594 1117; x_wconf 73' lang='grc' dir='ltr'>ἔξοδον,</span> <span class='ocrx_word' id='word_1_66' title='bbox 654 1046 757 1102; x_wconf 80' lang='grc' dir='ltr'>ὑπὸ</span> <span class='ocrx_word' id='word_1_67' title='bbox 816 1047 982 1132; x_wconf 88' lang='grc' dir='ltr'>νύκτα</span> <span class='ocrx_word' id='word_1_68' title='bbox 1030 1050 1164 1123; x_wconf 82' lang='grc' dir='ltr'>πρὸς</span> <span class='ocrx_word' id='word_1_69' title='bbox 1219 1052 1318 1120; x_wconf 79' lang='grc' dir='ltr'>τὴν</span> <span class='ocrx_word' id='word_1_70' title='bbox 1387 1052 1634 1131; x_wconf 72' lang='grc' dir='ltr'>φυλακὴν</span> <span class='ocrx_word' id='word_1_71' title='bbox 1705 1056 2028 1132; x_wconf 71' lang='grc' dir='ltr'>ἀφικνεῖται,</span> 
     </span>
    </p>
   </div>
   <div class='ocr_carea' id='block_1_13' title="bbox 385 1131 2030 1218">
    <p class='ocr_par' dir='ltr' id='par_1_13' title="bbox 385 1131 2030 1218">
     <span class='ocr_line' id='line_1_13' title="bbox 385 1131 2030 1218; baseline 0.007 -31"><span class='ocrx_word' id='word_1_72' title='bbox 385 1132 515 1187; x_wconf 85' lang='grc' dir='ltr'>Εἶτα</span> <span class='ocrx_word' id='word_1_73' title='bbox 565 1133 702 1208; x_wconf 87' lang='grc' dir='ltr'>πρὸς</span> <span class='ocrx_word' id='word_1_74' title='bbox 752 1137 850 1188; x_wconf 87' lang='grc' dir='ltr'>τοῦ</span> <span class='ocrx_word' id='word_1_75' title='bbox 934 1131 1350 1213; x_wconf 78' lang='grc' dir='ltr'>δεσμοφύλακας</span> <span class='ocrx_word' id='word_1_76' title='bbox 1436 1131 1762 1216; x_wconf 17' lang='grc' dir='ltr'>κατόπτρῳί</span> <span class='ocrx_word' id='word_1_77' title='bbox 1811 1144 2030 1218; x_wconf 75' lang='grc' dir='ltr'>ἀργυρῷ</span> 
     </span>
    </p>
   </div>
   <div class='ocr_carea' id='block_1_14' title="bbox 382 1219 2028 1303">
    <p class='ocr_par' dir='ltr' id='par_1_14' title="bbox 382 1219 2028 1303">
     <span class='ocr_line' id='line_1_14' title="bbox 382 1219 2028 1303; baseline 0.007 -29"><span class='ocrx_word' id='word_1_78' title='bbox 382 1221 548 1276; x_wconf 85' lang='grc' dir='ltr'>πάλιν</span> <span class='ocrx_word' id='word_1_79' title='bbox 575 1222 673 1291; x_wconf 80' lang='grc' dir='ltr'>τήν</span> <span class='ocrx_word' id='word_1_80' title='bbox 708 1219 919 1276; x_wconf 77' lang='grc' dir='ltr'>εἴσοδον</span> <span class='ocrx_word' id='word_1_81' title='bbox 961 1225 1262 1298; x_wconf 71' lang='grc' dir='ltr'>πριαμέιη,</span> <span class='ocrx_word' id='word_1_82' title='bbox 1295 1225 1483 1282; x_wconf 80' lang='grc' dir='ltr'>εἷ’σεισι</span> <span class='ocrx_word' id='word_1_83' title='bbox 1539 1230 1677 1303; x_wconf 87' lang='grc' dir='ltr'>πρὸς</span> <span class='ocrx_word' id='word_1_84' title='bbox 1732 1232 1824 1285; x_wconf 87' lang='grc' dir='ltr'>τὸν</span> <span class='ocrx_word' id='word_1_85' title='bbox 1887 1237 2028 1286; x_wconf 88' lang='grc' dir='ltr'>Παῦ-</span> 
     </span>
    </p>
   </div>
   <div class='ocr_carea' id='block_1_15' title="bbox 384 1308 2030 1393">
    <p class='ocr_par' dir='ltr' id='par_1_15' title="bbox 384 1308 2030 1393">
     <span class='ocr_line' id='line_1_15' title="bbox 384 1308 2030 1393; baseline 0.006 -28"><span class='ocrx_word' id='word_1_86' title='bbox 384 1308 502 1379; x_wconf 93' lang='grc' dir='ltr'>λον,</span> <span class='ocrx_word' id='word_1_87' title='bbox 535 1309 627 1365; x_wconf 86' lang='grc' dir='ltr'>καὶ</span> <span class='ocrx_word' id='word_1_88' title='bbox 683 1312 952 1366; x_wconf 84' lang='grc' dir='ltr'>καθίσασα</span> <span class='ocrx_word' id='word_1_89' title='bbox 980 1313 1126 1389; x_wconf 84' lang='grc' dir='ltr'>παρά</span> <span class='ocrx_word' id='word_1_90' title='bbox 1172 1315 1298 1376; x_wconf 85' lang='grc' dir='ltr'>τοὺς</span> <span class='ocrx_word' id='word_1_91' title='bbox 1357 1317 1524 1371; x_wconf 85' lang='grc' dir='ltr'>αὐτοῦ</span> <span class='ocrx_word' id='word_1_92' title='bbox 1580 1315 1773 1386; x_wconf 81' lang='grc' dir='ltr'>πόδας,</span> <span class='ocrx_word' id='word_1_93' title='bbox 1802 1316 2030 1393; x_wconf 72' lang='grc' dir='ltr'>ἕτοιμον</span> 
     </span>
    </p>
   </div>
   <div class='ocr_carea' id='block_1_16' title="bbox 380 1397 2030 1480">
    <p class='ocr_par' dir='ltr' id='par_1_16' title="bbox 380 1397 2030 1480">
     <span class='ocr_line' id='line_1_16' title="bbox 380 1397 2030 1480; baseline 0.006 -27"><span class='ocrx_word' id='word_1_94' title='bbox 380 1397 548 1468; x_wconf 79' lang='grc' dir='ltr'>ἀκοὴν</span> <span class='ocrx_word' id='word_1_95' title='bbox 579 1397 769 1474; x_wconf 84' lang='grc' dir='ltr'>λόγοις</span> <span class='ocrx_word' id='word_1_96' title='bbox 798 1398 1005 1468; x_wconf 83' lang='grc' dir='ltr'>ἐδίδου,</span> <span class='ocrx_word' id='word_1_97' title='bbox 1038 1402 1233 1476; x_wconf 89' lang='grc' dir='ltr'>κηρίου</span> <span class='ocrx_word' id='word_1_98' title='bbox 1264 1407 1463 1468; x_wconf 89' lang='grc' dir='ltr'>παντὸς</span> <span class='ocrx_word' id='word_1_99' title='bbox 1495 1406 1584 1460; x_wconf 77' lang='grc' dir='ltr'>καὶ</span> <span class='ocrx_word' id='word_1_100' title='bbox 1635 1406 1858 1480; x_wconf 74' lang='grc' dir='ltr'>μέλιτος</span> <span class='ocrx_word' id='word_1_101' title='bbox 1902 1407 2030 1477; x_wconf 72' lang='grc' dir='ltr'>ἡδυ-</span> 
     </span>
    </p>
   </div>
   <div class='ocr_carea' id='block_1_17' title="bbox 376 1485 2032 1566">
    <p class='ocr_par' dir='ltr' id='par_1_17' title="bbox 376 1485 2032 1566">
     <span class='ocr_line' id='line_1_17' title="bbox 376 1485 2032 1566; baseline 0.006 -23"><span class='ocrx_word' id='word_1_102' title='bbox 376 1488 578 1563; x_wconf 89' lang='grc' dir='ltr'>τέροις,</span> <span class='ocrx_word' id='word_1_103' title='bbox 609 1489 700 1543; x_wconf 85' lang='grc' dir='ltr'>καὶ</span> <span class='ocrx_word' id='word_1_104' title='bbox 751 1485 873 1545; x_wconf 73' lang='grc' dir='ltr'>οὕτε</span> <span class='ocrx_word' id='word_1_105' title='bbox 925 1495 1004 1563; x_wconf 83' lang='grc' dir='ltr'>τῷ</span> <span class='ocrx_word' id='word_1_106' title='bbox 1061 1491 1265 1565; x_wconf 81' lang='grc' dir='ltr'>Παύλῳ</span> <span class='ocrx_word' id='word_1_107' title='bbox 1324 1491 1444 1556; x_wconf 89' lang='grc' dir='ltr'>δέος</span> <span class='ocrx_word' id='word_1_108' title='bbox 1483 1497 1546 1566; x_wconf 75' lang='grc' dir='ltr'>ἦν</span> <span class='ocrx_word' id='word_1_109' title='bbox 1575 1500 1674 1551; x_wconf 90' lang='grc' dir='ltr'>τοῦ</span> <span class='ocrx_word' id='word_1_110' title='bbox 1704 1503 1892 1560; x_wconf 83' lang='grc' dir='ltr'>παθεῖν</span> <span class='ocrx_word' id='word_1_111' title='bbox 1941 1519 2032 1553; x_wconf 79' lang='grc' dir='ltr'>κα-</span> 
     </span>
    </p>
   </div>
   <div class='ocr_carea' id='block_1_18' title="bbox 378 1576 2026 1660">
    <p class='ocr_par' dir='ltr' id='par_1_18' title="bbox 378 1576 2026 1660">
     <span class='ocr_line' id='line_1_18' title="bbox 378 1576 2026 1660; baseline 0.005 -29"><span class='ocrx_word' id='word_1_112' title='bbox 378 1582 490 1641; x_wconf 82' lang='grc' dir='ltr'>κῶς</span> <span class='ocrx_word' id='word_1_113' title='bbox 525 1595 538 1610; x_wconf 79' lang='grc'><strong><em>⁸</em></strong></span> <span class='ocrx_word' id='word_1_114' title='bbox 600 1576 811 1649; x_wconf 80' lang='grc' dir='ltr'>ἐκείνης</span> <span class='ocrx_word' id='word_1_115' title='bbox 879 1601 936 1634; x_wconf 91' lang='grc' dir='ltr'>τε</span> <span class='ocrx_word' id='word_1_116' title='bbox 991 1583 1025 1650; x_wconf 77' lang='grc' dir='ltr'>ἡ</span> <span class='ocrx_word' id='word_1_117' title='bbox 1083 1581 1262 1644; x_wconf 83' lang='grc' dir='ltr'><strong>πίστις</strong></span> <span class='ocrx_word' id='word_1_118' title='bbox 1347 1581 1561 1654; x_wconf 73' lang='grc' dir='ltr'>ηὔξανε,</span> <span class='ocrx_word' id='word_1_119' title='bbox 1619 1583 2026 1660; x_wconf 76' lang='grc' dir='ltr'>καταφιλούσης</span> 
     </span>
    </p>
   </div>
   <div class='ocr_carea' id='block_1_19' title="bbox 379 1665 2025 1748">
    <p class='ocr_par' dir='ltr' id='par_1_19' title="bbox 379 1665 2025 1748">
     <span class='ocr_line' id='line_1_19' title="bbox 379 1665 2025 1748; baseline 0.005 -27"><span class='ocrx_word' id='word_1_120' title='bbox 379 1667 544 1722; x_wconf 79' lang='grc' dir='ltr'>αὐτοῦ</span> <span class='ocrx_word' id='word_1_121' title='bbox 600 1669 668 1723; x_wconf 73' lang='grc' dir='ltr'>τὰ</span> <span class='ocrx_word' id='word_1_122' title='bbox 724 1665 917 1742; x_wconf 76' lang='grc' dir='ltr'>δεσμά.</span> <span class='ocrx_word' id='word_1_123' title='bbox 974 1667 1194 1740; x_wconf 80' lang='grc' dir='ltr'><strong>Ἐπειδὴ</strong></span> <span class='ocrx_word' id='word_1_124' title='bbox 1254 1668 1310 1726; x_wconf 75' lang='grc' dir='ltr'>δὲ</span> <span class='ocrx_word' id='word_1_125' title='bbox 1385 1673 1498 1746; x_wconf 74' lang='grc' dir='ltr'>ἅμα</span> <span class='ocrx_word' id='word_1_126' title='bbox 1578 1674 1727 1748; x_wconf 71' lang='grc' dir='ltr'>πρωῒ</span> <span class='ocrx_word' id='word_1_127' title='bbox 1779 1674 2025 1744; x_wconf 80' lang='grc' dir='ltr'>ἐζητεῖτο</span> 
     </span>
    </p>
   </div>
   <div class='ocr_carea' id='block_1_20' title="bbox 2144 521 3775 599">
    <p class='ocr_par' dir='ltr' id='par_1_20' title="bbox 2144 521 3775 599">
     <span class='ocr_line' id='line_1_20' title="bbox 2144 521 3775 599; baseline -0.005 -14"><span class='ocrx_word' id='word_1_128' title='bbox 2144 528 2326 585; x_wconf 90' lang='lat' dir='ltr'>otium</span> <span class='ocrx_word' id='word_1_129' title='bbox 2373 528 2486 599; x_wconf 85' lang='lat' dir='ltr'>ipsi</span> <span class='ocrx_word' id='word_1_130' title='bbox 2541 532 2712 595; x_wconf 83' lang='lat' dir='ltr'>esset,</span> <span class='ocrx_word' id='word_1_131' title='bbox 2747 528 2816 584; x_wconf 91' lang='lat' dir='ltr'>de</span> <span class='ocrx_word' id='word_1_132' title='bbox 2847 526 3006 582; x_wconf 89' lang='lat' dir='ltr'>hisce</span> <span class='ocrx_word' id='word_1_133' title='bbox 3062 526 3133 581; x_wconf 89' lang='lat' dir='ltr'>ad</span> <span class='ocrx_word' id='word_1_134' title='bbox 3163 524 3330 579; x_wconf 91' lang='lat' dir='ltr'>illum</span> <span class='ocrx_word' id='word_1_135' title='bbox 3375 521 3775 595; x_wconf 79' lang='lat' dir='ltr'>spectantibus</span> 
     </span>
    </p>
   </div>
   <div class='ocr_carea' id='block_1_21' title="bbox 2144 617 2786 690">
    <p class='ocr_par' dir='ltr' id='par_1_21' title="bbox 2144 617 2786 690">
     <span class='ocr_line' id='line_1_21' title="bbox 2144 617 2786 690; baseline -0.006 -14"><span class='ocrx_word' id='word_1_136' title='bbox 2144 621 2402 690; x_wconf 80' lang='lat' dir='ltr'>amplius</span> <span class='ocrx_word' id='word_1_137' title='bbox 2429 617 2786 690; x_wconf 85' lang='lat' dir='ltr'>inquirendi.</span> 
     </span>
    </p>
   </div>
   <div class='ocr_carea' id='block_1_22' title="bbox 2215 701 3774 774">
    <p class='ocr_par' dir='ltr' id='par_1_22' title="bbox 2215 701 3774 774">
     <span class='ocr_line' id='line_1_22' title="bbox 2215 701 3774 774; baseline -0.006 -9"><span class='ocrx_word' id='word_1_138' title='bbox 2215 709 2302 765; x_wconf 87' lang='lat' dir='ltr'>VI.</span> <span class='ocrx_word' id='word_1_139' title='bbox 2367 710 2584 774; x_wconf 85' lang='lat' dir='ltr'>Quibus</span> <span class='ocrx_word' id='word_1_140' title='bbox 2635 706 2958 774; x_wconf 81' lang='lat' dir='ltr'>intellectis,</span> <span class='ocrx_word' id='word_1_141' title='bbox 3007 704 3219 760; x_wconf 82' lang='lat' dir='ltr'>Thecla</span> <span class='ocrx_word' id='word_1_142' title='bbox 3292 701 3514 772; x_wconf 85' lang='lat' dir='ltr'>ingenti</span> <span class='ocrx_word' id='word_1_143' title='bbox 3581 701 3774 756; x_wconf 91' lang='lat' dir='ltr'>studio</span> 
     </span>
    </p>
   </div>
   <div class='ocr_carea' id='block_1_23' title="bbox 2142 790 3775 868">
    <p class='ocr_par' dir='ltr' id='par_1_23' title="bbox 2142 790 3775 868">
     <span class='ocr_line' id='line_1_23' title="bbox 2142 790 3775 868; baseline -0.005 -17"><span class='ocrx_word' id='word_1_144' title='bbox 2142 797 2405 866; x_wconf 88' lang='lat' dir='ltr'>incitata,</span> <span class='ocrx_word' id='word_1_145' title='bbox 2447 814 2592 868; x_wconf 87' lang='lat' dir='ltr'>quas</span> <span class='ocrx_word' id='word_1_146' title='bbox 2635 796 2886 850; x_wconf 80' lang='lat' dir='ltr'>habebat</span> <span class='ocrx_word' id='word_1_147' title='bbox 2922 795 3154 848; x_wconf 83' lang='lat' dir='ltr'>inaures</span> <span class='ocrx_word' id='word_1_148' title='bbox 3195 797 3252 846; x_wconf 90' lang='lat' dir='ltr'>et</span> <span class='ocrx_word' id='word_1_149' title='bbox 3290 790 3546 859; x_wconf 81' lang='lat' dir='ltr'>collaris,</span> <span class='ocrx_word' id='word_1_150' title='bbox 3580 805 3775 860; x_wconf 88' lang='lat' dir='ltr'>parva-</span> 
     </span>
    </p>
   </div>
   <div class='ocr_carea' id='block_1_24' title="bbox 2141 879 3774 958">
    <p class='ocr_par' dir='ltr' id='par_1_24' title="bbox 2141 879 3774 958">
     <span class='ocr_line' id='line_1_24' title="bbox 2141 879 3774 958; baseline -0.006 -17"><span class='ocrx_word' id='word_1_151' title='bbox 2141 903 2254 958; x_wconf 87' lang='lat' dir='ltr'>que</span> <span class='ocrx_word' id='word_1_152' title='bbox 2281 887 2516 943; x_wconf 87' lang='lat' dir='ltr'>monilia</span> <span class='ocrx_word' id='word_1_153' title='bbox 2546 903 2613 942; x_wconf 81' lang='lat' dir='ltr'>ex</span> <span class='ocrx_word' id='word_1_154' title='bbox 2661 901 2799 940; x_wconf 86' lang='lat' dir='ltr'>auro</span> <span class='ocrx_word' id='word_1_155' title='bbox 2830 884 3109 947; x_wconf 85' lang='lat' dir='ltr'>confecta,</span> <span class='ocrx_word' id='word_1_156' title='bbox 3137 880 3375 952; x_wconf 88' lang='lat' dir='ltr'>janitori</span> <span class='ocrx_word' id='word_1_157' title='bbox 3414 879 3624 934; x_wconf 90' lang='lat' dir='ltr'>domus</span> <span class='ocrx_word' id='word_1_158' title='bbox 3654 894 3774 932; x_wconf 74' lang='lat' dir='ltr'>suae</span> 
     </span>
    </p>
   </div>
   <div class='ocr_carea' id='block_1_25' title="bbox 2141 968 3777 1046">
    <p class='ocr_par' dir='ltr' id='par_1_25' title="bbox 2141 968 3777 1046">
     <span class='ocr_line' id='line_1_25' title="bbox 2141 968 3777 1046; baseline -0.007 -15"><span class='ocrx_word' id='word_1_159' title='bbox 2141 977 2294 1032; x_wconf 93' lang='lat' dir='ltr'>dono</span> <span class='ocrx_word' id='word_1_160' title='bbox 2351 976 2470 1043; x_wconf 90' lang='lat' dir='ltr'>dat,</span> <span class='ocrx_word' id='word_1_161' title='bbox 2529 979 2704 1046; x_wconf 84' lang='lat' dir='ltr'>atque</span> <span class='ocrx_word' id='word_1_162' title='bbox 2760 974 2841 1028; x_wconf 89' lang='lat' dir='ltr'>ita</span> <span class='ocrx_word' id='word_1_163' title='bbox 2898 971 3143 1027; x_wconf 89' lang='lat' dir='ltr'>liberum</span> <span class='ocrx_word' id='word_1_164' title='bbox 3188 969 3400 1024; x_wconf 79' lang='lat' dir='ltr'>exitum</span> <span class='ocrx_word' id='word_1_165' title='bbox 3460 972 3648 1034; x_wconf 85' lang='lat' dir='ltr'>nacta,</span> <span class='ocrx_word' id='word_1_166' title='bbox 3708 968 3777 1021; x_wconf 91' lang='lat' dir='ltr'>de</span> 
     </span>
    </p>
   </div>
   <div class='ocr_carea' id='block_1_26' title="bbox 2143 1056 3771 1127">
    <p class='ocr_par' dir='ltr' id='par_1_26' title="bbox 2143 1056 3771 1127">
     <span class='ocr_line' id='line_1_26' title="bbox 2143 1056 3771 1127; baseline -0.007 -7"><span class='ocrx_word' id='word_1_167' title='bbox 2143 1069 2310 1120; x_wconf 91' lang='lat' dir='ltr'>nocte</span> <span class='ocrx_word' id='word_1_168' title='bbox 2365 1065 2436 1119; x_wconf 91' lang='lat' dir='ltr'>ad</span> <span class='ocrx_word' id='word_1_169' title='bbox 2490 1079 2777 1119; x_wconf 89' lang='lat' dir='ltr'>carcerem</span> <span class='ocrx_word' id='word_1_170' title='bbox 2837 1061 3056 1116; x_wconf 82' lang='lat' dir='ltr'>accedit</span> <span class='ocrx_word' id='word_1_171' title='bbox 3139 1075 3153 1114; x_wconf 73' lang='grc' dir='ltr'>ε</span> <span class='ocrx_word' id='word_1_172' title='bbox 3232 1057 3323 1112; x_wconf 92' lang='lat' dir='ltr'>ubi</span> <span class='ocrx_word' id='word_1_173' title='bbox 3384 1074 3417 1112; x_wconf 92' lang='lat' dir='ltr'>a</span> <span class='ocrx_word' id='word_1_174' title='bbox 3481 1056 3771 1127; x_wconf 71' lang='lat' dir='ltr'>praefecto,</span> 
     </span>
    </p>
   </div>
   <div class='ocr_carea' id='block_1_27' title="bbox 2141 1144 3774 1226">
    <p class='ocr_par' dir='ltr' id='par_1_27' title="bbox 2141 1144 3774 1226">
     <span class='ocr_line' id='line_1_27' title="bbox 2141 1144 3774 1226; baseline -0.007 -17"><span class='ocrx_word' id='word_1_175' title='bbox 2141 1160 2413 1226; x_wconf 82' lang='lat' dir='ltr'>argenteo</span> <span class='ocrx_word' id='word_1_176' title='bbox 2445 1169 2645 1208; x_wconf 87' lang='lat' dir='ltr'>rursus</span> <span class='ocrx_word' id='word_1_177' title='bbox 2683 1150 2917 1223; x_wconf 87' lang='lat' dir='ltr'>speculo</span> <span class='ocrx_word' id='word_1_178' title='bbox 2969 1149 3189 1204; x_wconf 78' lang='lat' dir='ltr'>aditum</span> <span class='ocrx_word' id='word_1_179' title='bbox 3237 1150 3643 1214; x_wconf 90' lang='lat' dir='ltr'>commercata,</span> <span class='ocrx_word' id='word_1_180' title='bbox 3705 1144 3774 1198; x_wconf 89' lang='lat' dir='ltr'>ad</span> 
     </span>
    </p>
   </div>
   <div class='ocr_carea' id='block_1_28' title="bbox 2141 1231 3777 1312">
    <p class='ocr_par' dir='ltr' id='par_1_28' title="bbox 2141 1231 3777 1312">
     <span class='ocr_line' id='line_1_28' title="bbox 2141 1231 3777 1312; baseline -0.008 -14"><span class='ocrx_word' id='word_1_181' title='bbox 2141 1241 2385 1298; x_wconf 90' lang='lat' dir='ltr'>Paulum</span> <span class='ocrx_word' id='word_1_182' title='bbox 2409 1239 2734 1312; x_wconf 84' lang='lat' dir='ltr'>ingreditur</span> <span class='ocrx_word' id='word_1_183' title='bbox 2764 1257 2776 1294; x_wconf 89' lang='lat'>:</span> <span class='ocrx_word' id='word_1_184' title='bbox 2815 1239 2886 1294; x_wconf 89' lang='lat' dir='ltr'>ad</span> <span class='ocrx_word' id='word_1_185' title='bbox 2918 1238 3087 1307; x_wconf 84' lang='lat' dir='ltr'>cujus</span> <span class='ocrx_word' id='word_1_186' title='bbox 3120 1237 3294 1307; x_wconf 86' lang='lat' dir='ltr'>pedes</span> <span class='ocrx_word' id='word_1_187' title='bbox 3325 1234 3554 1299; x_wconf 90' lang='lat' dir='ltr'>sedens,</span> <span class='ocrx_word' id='word_1_188' title='bbox 3586 1231 3777 1286; x_wconf 82' lang='lat' dir='ltr'>verbis</span> 
     </span>
    </p>
   </div>
   <div class='ocr_carea' id='block_1_29' title="bbox 2142 1324 3776 1402">
    <p class='ocr_par' dir='ltr' id='par_1_29' title="bbox 2142 1324 3776 1402">
     <span class='ocr_line' id='line_1_29' title="bbox 2142 1324 3776 1402; baseline -0.007 -16"><span class='ocrx_word' id='word_1_189' title='bbox 2142 1333 2266 1402; x_wconf 83' lang='lat' dir='ltr'>ejus</span> <span class='ocrx_word' id='word_1_190' title='bbox 2294 1331 2449 1387; x_wconf 90' lang='lat' dir='ltr'>omni</span> <span class='ocrx_word' id='word_1_191' title='bbox 2485 1330 2615 1385; x_wconf 82' lang='lat' dir='ltr'>favo</span> <span class='ocrx_word' id='word_1_192' title='bbox 2646 1333 2704 1384; x_wconf 91' lang='lat' dir='ltr'>et</span> <span class='ocrx_word' id='word_1_193' title='bbox 2736 1327 2901 1384; x_wconf 90' lang='lat' dir='ltr'>melle</span> <span class='ocrx_word' id='word_1_194' title='bbox 2931 1324 3285 1382; x_wconf 86' lang='lat' dir='ltr'>dulcioribus</span> <span class='ocrx_word' id='word_1_195' title='bbox 3317 1325 3565 1378; x_wconf 88' lang='lat' dir='ltr'>attentas</span> <span class='ocrx_word' id='word_1_196' title='bbox 3607 1335 3776 1376; x_wconf 84' lang='lat' dir='ltr'>aures</span> 
     </span>
    </p>
   </div>
   <div class='ocr_carea' id='block_1_30' title="bbox 2143 1408 3777 1493">
    <p class='ocr_par' dir='ltr' id='par_1_30' title="bbox 2143 1408 3777 1493">
     <span class='ocr_line' id='line_1_30' title="bbox 2143 1408 3777 1493; baseline -0.009 -17"><span class='ocrx_word' id='word_1_197' title='bbox 2143 1422 2451 1493; x_wconf 75' lang='lat' dir='ltr'>praebebat.</span> <span class='ocrx_word' id='word_1_198' title='bbox 2483 1419 2681 1489; x_wconf 89' lang='lat' dir='ltr'>Neque</span> <span class='ocrx_word' id='word_1_199' title='bbox 2719 1417 2894 1472; x_wconf 91' lang='lat' dir='ltr'>Paulo</span> <span class='ocrx_word' id='word_1_200' title='bbox 2941 1415 3160 1470; x_wconf 86' lang='lat' dir='ltr'>interea</span> <span class='ocrx_word' id='word_1_201' title='bbox 3190 1418 3377 1468; x_wconf 89' lang='lat' dir='ltr'>metus</span> <span class='ocrx_word' id='word_1_202' title='bbox 3412 1415 3535 1465; x_wconf 90' lang='lat' dir='ltr'>erat</span> <span class='ocrx_word' id='word_1_203' title='bbox 3572 1408 3777 1464; x_wconf 88' lang='lat' dir='ltr'>durius</span> 
     </span>
    </p>
   </div>
   <div class='ocr_carea' id='block_1_31' title="bbox 2140 1497 3774 1579">
    <p class='ocr_par' dir='ltr' id='par_1_31' title="bbox 2140 1497 3774 1579">
     <span class='ocr_line' id='line_1_31' title="bbox 2140 1497 3774 1579; baseline -0.01 -13"><span class='ocrx_word' id='word_1_204' title='bbox 2140 1509 2354 1578; x_wconf 75' lang='lat' dir='ltr'>aliquid</span> <span class='ocrx_word' id='word_1_205' title='bbox 2417 1506 2798 1579; x_wconf 87' lang='lat' dir='ltr'>perpetiendi,</span> <span class='ocrx_word' id='word_1_206' title='bbox 2832 1509 2888 1560; x_wconf 90' lang='lat' dir='ltr'>et</span> <span class='ocrx_word' id='word_1_207' title='bbox 2926 1503 3101 1572; x_wconf 88' lang='lat' dir='ltr'>hujus</span> <span class='ocrx_word' id='word_1_208' title='bbox 3133 1502 3298 1568; x_wconf 83' lang='lat' dir='ltr'>ﬁdes,</span> <span class='ocrx_word' id='word_1_209' title='bbox 3355 1497 3586 1553; x_wconf 89' lang='lat' dir='ltr'>vincula</span> <span class='ocrx_word' id='word_1_210' title='bbox 3635 1513 3774 1567; x_wconf 89' lang='lat' dir='ltr'>quo-</span> 
     </span>
    </p>
   </div>
   <div class='ocr_carea' id='block_1_32' title="bbox 2137 1585 3777 1668">
    <p class='ocr_par' dir='ltr' id='par_1_32' title="bbox 2137 1585 3777 1668">
     <span class='ocr_line' id='line_1_32' title="bbox 2137 1585 3777 1668; baseline -0.008 -15"><span class='ocrx_word' id='word_1_211' title='bbox 2137 1614 2251 1668; x_wconf 91' lang='lat' dir='ltr'>que</span> <span class='ocrx_word' id='word_1_212' title='bbox 2280 1598 2408 1667; x_wconf 90' lang='lat' dir='ltr'>ejus</span> <span class='ocrx_word' id='word_1_213' title='bbox 2434 1593 2840 1657; x_wconf 83' lang='lat' dir='ltr'>exosculantis,</span> <span class='ocrx_word' id='word_1_214' title='bbox 2875 1592 3063 1663; x_wconf 85' lang='lat' dir='ltr'>magis</span> <span class='ocrx_word' id='word_1_215' title='bbox 3095 1589 3399 1659; x_wconf 80' lang='lat' dir='ltr'>magisque</span> <span class='ocrx_word' id='word_1_216' title='bbox 3436 1585 3777 1655; x_wconf 77' lang='lat' dir='ltr'>augebatur.</span> 
     </span>
    </p>
   </div>
   <div class='ocr_carea' id='block_1_33' title="bbox 2137 1671 3829 1751">
    <p class='ocr_par' dir='ltr' id='par_1_33' title="bbox 2137 1671 3829 1751">
     <span class='ocr_line' id='line_1_33' title="bbox 2137 1671 3829 1751; baseline -0.01 -9"><span class='ocrx_word' id='word_1_217' title='bbox 2137 1685 2281 1742; x_wconf 86' lang='lat' dir='ltr'>Cum</span> <span class='ocrx_word' id='word_1_218' title='bbox 2339 1691 2526 1741; x_wconf 88' lang='lat' dir='ltr'>autem</span> <span class='ocrx_word' id='word_1_219' title='bbox 2571 1681 2749 1739; x_wconf 86' lang='lat' dir='ltr'>simul</span> <span class='ocrx_word' id='word_1_220' title='bbox 2805 1698 2870 1736; x_wconf 91' lang='lat' dir='ltr'>ac</span> <span class='ocrx_word' id='word_1_221' title='bbox 2922 1680 3046 1751; x_wconf 88' lang='lat' dir='ltr'>jam</span> <span class='ocrx_word' id='word_1_222' title='bbox 3088 1675 3417 1741; x_wconf 84' lang='lat' dir='ltr'>diluxisset,</span> <span class='ocrx_word' id='word_1_223' title='bbox 3449 1691 3482 1730; x_wconf 91' lang='lat' dir='ltr'>a</span> <span class='ocrx_word' id='word_1_224' title='bbox 3537 1671 3774 1728; x_wconf 83' lang='lat' dir='ltr'>famulis</span> <span class='ocrx_word' id='word_1_225' title='bbox 3817 1677 3829 1686; x_wconf 89' lang='lat'><strong>&#39;</strong></span> 
     </span>
    </p>
   </div>
   <div class='ocr_carea' id='block_1_34' title="bbox 379 1754 2022 1873">
    <p class='ocr_par' dir='ltr' id='par_1_34' title="bbox 379 1754 2022 1873">
     <span class='ocr_line' id='line_1_34' title="bbox 379 1754 2022 1837; baseline 0.005 -27"><span class='ocrx_word' id='word_1_226' title='bbox 379 1754 557 1811; x_wconf 83' lang='grc' dir='ltr'>Θέκλα</span> <span class='ocrx_word' id='word_1_227' title='bbox 615 1756 720 1811; x_wconf 80' lang='grc' dir='ltr'>ὑπὸ</span> <span class='ocrx_word' id='word_1_228' title='bbox 773 1761 880 1812; x_wconf 82' lang='grc' dir='ltr'>τῶν</span> <span class='ocrx_word' id='word_1_229' title='bbox 936 1756 1149 1814; x_wconf 83' lang='grc' dir='ltr'>οἷ’κείων</span> <span class='ocrx_word' id='word_1_230' title='bbox 1177 1781 1236 1814; x_wconf 90' lang='grc' dir='ltr'>τε</span> <span class='ocrx_word' id='word_1_231' title='bbox 1263 1761 1353 1816; x_wconf 78' lang='grc' dir='ltr'>καὶ</span> <span class='ocrx_word' id='word_1_232' title='bbox 1394 1759 1726 1837; x_wconf 72' lang='grc' dir='ltr'>Θαμύριδος,</span> <span class='ocrx_word' id='word_1_233' title='bbox 1760 1763 1851 1818; x_wconf 84' lang='grc' dir='ltr'>ἅτε</span> <span class='ocrx_word' id='word_1_234' title='bbox 1889 1764 2022 1819; x_wconf 89' lang='grc' dir='ltr'>ἀπο-</span> 
     </span>
     <span class='ocr_line' id='line_1_35' title="bbox 379 1845 1982 1873; baseline -0.002 0"><span class='ocrx_word' id='word_1_235' title='bbox 379 1845 577 1873; x_wconf 59' lang='grc' dir='ltr'>Ί-,-λ..--</span> <span class='ocrx_word' id='word_1_236' title='bbox 639 1847 727 1873; x_wconf 64' lang='grc' dir='ltr'>---Α</span> <span class='ocrx_word' id='word_1_237' title='bbox 777 1848 910 1873; x_wconf 78' lang='lat'>______\_</span> <span class='ocrx_word' id='word_1_238' title='bbox 962 1851 1050 1873; x_wconf 42' lang='lat'>_3.-</span> <span class='ocrx_word' id='word_1_239' title='bbox 1121 1849 1174 1873; x_wconf 56' lang='lat' dir='ltr'>re</span> <span class='ocrx_word' id='word_1_240' title='bbox 1214 1853 1267 1873; x_wconf 63' lang='lat'>\,</span> <span class='ocrx_word' id='word_1_241' title='bbox 1333 1850 1382 1873; x_wconf 61' lang='grc' dir='ltr'>νδ</span> <span class='ocrx_word' id='word_1_242' title='bbox 1433 1853 1444 1873; x_wconf 76' lang='lat' dir='ltr'>r</span> <span class='ocrx_word' id='word_1_243' title='bbox 1713 1855 1724 1873; x_wconf 80' lang='grc' dir='ltr'>ι</span> <span class='ocrx_word' id='word_1_244' title='bbox 1956 1859 1982 1870; x_wconf 86' lang='grc'>...</span> 
     </span>
    </p>
   </div>
   <div class='ocr_carea' id='block_1_35' title="bbox 2136 1754 3778 1873">
    <p class='ocr_par' dir='ltr' id='par_1_35' title="bbox 2137 1765 3778 1842">
     <span class='ocr_line' id='line_1_36' title="bbox 2137 1765 3778 1842; baseline -0.01 -12"><span class='ocrx_word' id='word_1_245' title='bbox 2137 1773 2476 1830; x_wconf 89' lang='lat' dir='ltr'>domesticis</span> <span class='ocrx_word' id='word_1_246' title='bbox 2533 1783 2587 1828; x_wconf 89' lang='lat' dir='ltr'>et</span> <span class='ocrx_word' id='word_1_247' title='bbox 2645 1769 2994 1842; x_wconf 79' lang='lat' dir='ltr'>Thamyride</span> <span class='ocrx_word' id='word_1_248' title='bbox 3041 1765 3272 1830; x_wconf 89' lang='lat' dir='ltr'>Thecla,</span> <span class='ocrx_word' id='word_1_249' title='bbox 3306 1769 3586 1835; x_wconf 81' lang='lat' dir='ltr'>tanquam</span> <span class='ocrx_word' id='word_1_250' title='bbox 3645 1777 3778 1832; x_wconf 86' lang='lat' dir='ltr'>per-</span> 
     </span>
    </p>
   </div>
   <div class='ocr_carea' id='block_1_36' title="bbox 379 1845 2022 1924">
    <p class='ocr_par' dir='ltr' id='par_1_36' title="bbox 379 1845 2022 1924">
     <span class='ocr_line' id='line_1_37' title="bbox 379 1845 2022 1924; baseline 0.006 -23"><span class='ocrx_word' id='word_1_251' title='bbox 379 1845 608 1919; x_wconf 85' lang='grc' dir='ltr'>λομένη,</span> <span class='ocrx_word' id='word_1_252' title='bbox 639 1847 729 1903; x_wconf 83' lang='grc' dir='ltr'>καὶ</span> <span class='ocrx_word' id='word_1_253' title='bbox 777 1848 912 1904; x_wconf 86' lang='grc' dir='ltr'>κατά</span> <span class='ocrx_word' id='word_1_254' title='bbox 959 1851 1053 1912; x_wconf 82' lang='grc' dir='ltr'>τὰς</span> <span class='ocrx_word' id='word_1_255' title='bbox 1113 1849 1271 1914; x_wconf 86' lang='grc' dir='ltr'>ὁδοὺς</span> <span class='ocrx_word' id='word_1_256' title='bbox 1327 1850 1604 1924; x_wconf 80' lang='grc' dir='ltr'>ἐδιώκετο,</span> <span class='ocrx_word' id='word_1_257' title='bbox 1635 1855 1725 1908; x_wconf 86' lang='grc' dir='ltr'>καί</span> <span class='ocrx_word' id='word_1_258' title='bbox 1781 1877 1862 1917; x_wconf 91' lang='grc' dir='ltr'>τις</span> <span class='ocrx_word' id='word_1_259' title='bbox 1915 1859 2022 1911; x_wconf 83' lang='grc' dir='ltr'>τῶν</span> 
     </span>
    </p>
   </div>
   <div class='ocr_carea' id='block_1_37' title="bbox 378 1934 2024 2019">
    <p class='ocr_par' dir='ltr' id='par_1_37' title="bbox 378 1934 2024 2019">
     <span class='ocr_line' id='line_1_38' title="bbox 378 1934 2024 2019; baseline 0.006 -29"><span class='ocrx_word' id='word_1_260' title='bbox 378 1934 707 2009; x_wconf 80' lang='grc' dir='ltr'>ὁμοδούλων</span> <span class='ocrx_word' id='word_1_261' title='bbox 735 1941 831 1992; x_wconf 90' lang='grc' dir='ltr'>τοῦ</span> <span class='ocrx_word' id='word_1_262' title='bbox 870 1939 1134 2014; x_wconf 90' lang='grc' dir='ltr'>πυλωροῦ</span> <span class='ocrx_word' id='word_1_263' title='bbox 1162 1943 1224 1995; x_wconf 87' lang='grc' dir='ltr'>τὸ</span> <span class='ocrx_word' id='word_1_264' title='bbox 1269 1943 1488 2019; x_wconf 82' lang='grc' dir='ltr'>γεγονὸς</span> <span class='ocrx_word' id='word_1_265' title='bbox 1539 1943 1755 2016; x_wconf 80' lang='grc' dir='ltr'><strong>μηνύει,</strong></span> <span class='ocrx_word' id='word_1_266' title='bbox 1789 1944 1870 1999; x_wconf 80' lang='grc' dir='ltr'>ὅτι</span> <span class='ocrx_word' id='word_1_267' title='bbox 1924 1947 2024 1999; x_wconf 82' lang='grc' dir='ltr'>νύ-</span> 
     </span>
    </p>
   </div>
   <div class='ocr_carea' id='block_1_38' title="bbox 373 2025 2021 2112">
    <p class='ocr_par' dir='ltr' id='par_1_38' title="bbox 373 2025 2021 2112">
     <span class='ocr_line' id='line_1_39' title="bbox 373 2025 2021 2112; baseline 0.007 -33"><span class='ocrx_word' id='word_1_268' title='bbox 373 2044 523 2100; x_wconf 88' lang='grc' dir='ltr'>κτωρ</span> <span class='ocrx_word' id='word_1_269' title='bbox 581 2025 809 2097; x_wconf 79' lang='grc' dir='ltr'>ἐξέλθοι,</span> <span class='ocrx_word' id='word_1_270' title='bbox 838 2028 930 2082; x_wconf 82' lang='grc' dir='ltr'>καὶ</span> <span class='ocrx_word' id='word_1_271' title='bbox 985 2029 1013 2083; x_wconf 88' lang='grc' dir='ltr'><strong>ὁ</strong></span> <span class='ocrx_word' id='word_1_272' title='bbox 1067 2027 1349 2105; x_wconf 85' lang='grc' dir='ltr'>πυλωρὸς,</span> <span class='ocrx_word' id='word_1_273' title='bbox 1398 2031 1680 2102; x_wconf 81' lang='grc' dir='ltr'><strong>ἐξετάσεως</strong></span> <span class='ocrx_word' id='word_1_274' title='bbox 1765 2033 2021 2112; x_wconf 83' lang='grc' dir='ltr'>ἀνάγκαις</span> 
     </span>
    </p>
   </div>
   <div class='ocr_carea' id='block_1_39' title="bbox 375 2113 2023 2196">
    <p class='ocr_par' dir='ltr' id='par_1_39' title="bbox 375 2113 2023 2196">
     <span class='ocr_line' id='line_1_40' title="bbox 375 2113 2023 2196; baseline 0.008 -28"><span class='ocrx_word' id='word_1_275' title='bbox 375 2113 722 2188; x_wconf 87' lang='grc' dir='ltr'>παραδοθεὶς.</span> <span class='ocrx_word' id='word_1_276' title='bbox 757 2115 972 2193; x_wconf 83' lang='grc' dir='ltr'>εἷ’ρηκεν</span> <span class='ocrx_word' id='word_1_277' title='bbox 1026 2113 1111 2174; x_wconf 77' lang='grc' dir='ltr'>ὅτι</span> <span class='ocrx_word' id='word_1_278' title='bbox 1160 2121 1296 2196; x_wconf 89' lang='grc' dir='ltr'>πρὸς</span> <span class='ocrx_word' id='word_1_279' title='bbox 1332 2121 1424 2176; x_wconf 87' lang='grc' dir='ltr'>τὸν</span> <span class='ocrx_word' id='word_1_280' title='bbox 1475 2121 1619 2192; x_wconf 80' lang='grc' dir='ltr'>ξένον</span> <span class='ocrx_word' id='word_1_281' title='bbox 1665 2121 1870 2180; x_wconf 82' lang='grc' dir='ltr'>ἐκεῖνον</span> <span class='ocrx_word' id='word_1_282' title='bbox 1923 2125 2023 2181; x_wconf 88' lang='grc' dir='ltr'>ἀπ-</span> 
     </span>
    </p>
   </div>
   <div class='ocr_carea' id='block_1_40' title="bbox 378 2201 2020 2285">
    <p class='ocr_par' dir='ltr' id='par_1_40' title="bbox 378 2201 2020 2285">
     <span class='ocr_line' id='line_1_41' title="bbox 378 2201 2020 2285; baseline 0.006 -26"><span class='ocrx_word' id='word_1_283' title='bbox 378 2201 552 2276; x_wconf 83' lang='grc' dir='ltr'>έλθοι,</span> <span class='ocrx_word' id='word_1_284' title='bbox 591 2205 684 2260; x_wconf 87' lang='grc' dir='ltr'>τὸν</span> <span class='ocrx_word' id='word_1_285' title='bbox 741 2205 792 2260; x_wconf 89' lang='grc' dir='ltr'>ἐν</span> <span class='ocrx_word' id='word_1_286' title='bbox 850 2214 1118 2285; x_wconf 72' lang='grc' dir='ltr'>φυλακαῖς</span> <span class='ocrx_word' id='word_1_287' title='bbox 1171 2209 1531 2283; x_wconf 85' lang='grc' dir='ltr'>τηρούμενον,</span> <span class='ocrx_word' id='word_1_288' title='bbox 1589 2211 1808 2267; x_wconf 88' lang='grc' dir='ltr'>ἀπίασιν</span> <span class='ocrx_word' id='word_1_289' title='bbox 1863 2214 2020 2278; x_wconf 83' lang='grc' dir='ltr'>εὐθὺς</span> 
     </span>
    </p>
   </div>
   <div class='ocr_carea' id='block_1_41' title="bbox 377 2291 2020 2377">
    <p class='ocr_par' dir='ltr' id='par_1_41' title="bbox 377 2291 2020 2377">
     <span class='ocr_line' id='line_1_42' title="bbox 377 2291 2020 2377; baseline 0.005 -29"><span class='ocrx_word' id='word_1_290' title='bbox 377 2291 453 2356; x_wconf 83' lang='grc' dir='ltr'>εἷς</span> <span class='ocrx_word' id='word_1_291' title='bbox 503 2294 566 2348; x_wconf 88' lang='grc' dir='ltr'>τὸ</span> <span class='ocrx_word' id='word_1_292' title='bbox 613 2291 1014 2370; x_wconf 78' lang='grc' dir='ltr'>δεσμωτήριον,</span> <span class='ocrx_word' id='word_1_293' title='bbox 1058 2297 1148 2351; x_wconf 82' lang='grc' dir='ltr'>καὶ</span> <span class='ocrx_word' id='word_1_294' title='bbox 1198 2297 1506 2372; x_wconf 82' lang='grc' dir='ltr'>εὑρίσκουσι</span> <span class='ocrx_word' id='word_1_295' title='bbox 1563 2301 1763 2370; x_wconf 89' lang='grc' dir='ltr'>ταύτην</span> <span class='ocrx_word' id='word_1_296' title='bbox 1822 2302 2020 2377; x_wconf 85' lang='grc' dir='ltr'>τρόπον</span> 
     </span>
    </p>
   </div>
   <div class='ocr_carea' id='block_1_42' title="bbox 371 2379 2018 2463">
    <p class='ocr_par' dir='ltr' id='par_1_42' title="bbox 371 2379 2018 2463">
     <span class='ocr_line' id='line_1_43' title="bbox 371 2379 2018 2463; baseline 0.005 -27"><span class='ocrx_word' id='word_1_297' title='bbox 371 2383 493 2437; x_wconf 77' lang='grc' dir='ltr'>τινὰ</span> <span class='ocrx_word' id='word_1_298' title='bbox 550 2379 774 2456; x_wconf 83' lang='grc' dir='ltr'>δεσμοῖς</span> <span class='ocrx_word' id='word_1_299' title='bbox 813 2383 990 2438; x_wconf 86' lang='grc' dir='ltr'>πόθου</span> <span class='ocrx_word' id='word_1_300' title='bbox 1047 2385 1126 2457; x_wconf 80' lang='grc' dir='ltr'>τῷ</span> <span class='ocrx_word' id='word_1_301' title='bbox 1186 2387 1390 2460; x_wconf 82' lang='grc' dir='ltr'>Παύλῳ</span> <span class='ocrx_word' id='word_1_302' title='bbox 1447 2387 1855 2463; x_wconf 81' lang='grc' dir='ltr'>συνδεδεμένην.</span> <span class='ocrx_word' id='word_1_303' title='bbox 1916 2391 2018 2448; x_wconf 88' lang='grc' dir='ltr'>Καὶ</span> 
     </span>
    </p>
   </div>
   <div class='ocr_carea' id='block_1_43' title="bbox 375 2469 2014 2553">
    <p class='ocr_par' dir='ltr' id='par_1_43' title="bbox 375 2469 2014 2553">
     <span class='ocr_line' id='line_1_44' title="bbox 375 2469 2014 2553; baseline 0.005 -28"><span class='ocrx_word' id='word_1_304' title='bbox 375 2469 544 2544; x_wconf 76' lang='grc' dir='ltr'>μηδὲν</span> <span class='ocrx_word' id='word_1_305' title='bbox 602 2473 800 2527; x_wconf 90' lang='grc' dir='ltr'>τούτου</span> <span class='ocrx_word' id='word_1_306' title='bbox 856 2471 1025 2528; x_wconf 88' lang='grc' dir='ltr'>πλέον</span> <span class='ocrx_word' id='word_1_307' title='bbox 1083 2474 1348 2546; x_wconf 77' lang='grc' dir='ltr'>εἰπόντες,</span> <span class='ocrx_word' id='word_1_308' title='bbox 1402 2476 1437 2546; x_wconf 73' lang='grc' dir='ltr'><strong>ἢ</strong></span> <span class='ocrx_word' id='word_1_309' title='bbox 1489 2475 1794 2553; x_wconf 83' lang='grc' dir='ltr'>δράσαντες,</span> <span class='ocrx_word' id='word_1_310' title='bbox 1849 2477 2014 2547; x_wconf 81' lang='grc' dir='ltr'>ἐξίασι</span> 
     </span>
    </p>
   </div>
   <div class='ocr_carea' id='block_1_44' title="bbox 369 2558 2016 2640">
    <p class='ocr_par' dir='ltr' id='par_1_44' title="bbox 369 2558 2016 2640">
     <span class='ocr_line' id='line_1_45' title="bbox 369 2558 2016 2640; baseline 0.004 -24"><span class='ocrx_word' id='word_1_311' title='bbox 369 2560 536 2616; x_wconf 81' lang='grc' dir='ltr'>πάλιν</span> <span class='ocrx_word' id='word_1_312' title='bbox 560 2580 571 2593; x_wconf 80' lang='grc'><em>’</em></span> <span class='ocrx_word' id='word_1_313' title='bbox 608 2561 722 2617; x_wconf 77' lang='grc' dir='ltr'>εἶτα</span> <span class='ocrx_word' id='word_1_314' title='bbox 751 2565 876 2625; x_wconf 87' lang='grc' dir='ltr'>τοὺς</span> <span class='ocrx_word' id='word_1_315' title='bbox 907 2558 1116 2638; x_wconf 76' lang='grc' dir='ltr'>ὄχλους</span> <span class='ocrx_word' id='word_1_316' title='bbox 1167 2563 1617 2640; x_wconf 78' lang='grc' dir='ltr'>ἐπισπασάμενοι,</span> <span class='ocrx_word' id='word_1_317' title='bbox 1652 2564 1824 2636; x_wconf 78' lang='grc' dir='ltr'>δῆλον</span> <span class='ocrx_word' id='word_1_318' title='bbox 1852 2571 2016 2622; x_wconf 86' lang='grc' dir='ltr'>τοῦτο</span> 
     </span>
    </p>
   </div>
   <div class='ocr_carea' id='block_1_45' title="bbox 367 2651 2014 2731">
    <p class='ocr_par' dir='ltr' id='par_1_45' title="bbox 367 2651 2014 2731">
     <span class='ocr_line' id='line_1_46' title="bbox 367 2651 2014 2731; baseline 0.002 -25"><span class='ocrx_word' id='word_1_319' title='bbox 367 2655 449 2722; x_wconf 81' lang='grc' dir='ltr'>τῷ</span> <span class='ocrx_word' id='word_1_320' title='bbox 503 2651 734 2725; x_wconf 78' lang='grc' dir='ltr'>ἡγεμόνι</span> <span class='ocrx_word' id='word_1_321' title='bbox 789 2657 1037 2723; x_wconf 90' lang='grc' dir='ltr'>ποιοῦσι,</span> <span class='ocrx_word' id='word_1_322' title='bbox 1094 2655 1183 2710; x_wconf 85' lang='grc' dir='ltr'>καὶ</span> <span class='ocrx_word' id='word_1_323' title='bbox 1240 2655 1298 2718; x_wconf 77' lang='grc' dir='ltr'>ὃς</span> <span class='ocrx_word' id='word_1_324' title='bbox 1347 2655 1434 2711; x_wconf 88' lang='grc' dir='ltr'>ἐπὶ</span> <span class='ocrx_word' id='word_1_325' title='bbox 1490 2659 1551 2712; x_wconf 89' lang='grc' dir='ltr'>τὸ</span> <span class='ocrx_word' id='word_1_326' title='bbox 1605 2657 1757 2731; x_wconf 79' lang='grc' dir='ltr'>βῆμα</span> <span class='ocrx_word' id='word_1_327' title='bbox 1804 2656 2014 2714; x_wconf 90' lang='grc' dir='ltr'>κελεύει</span> 
     </span>
    </p>
   </div>
   <div class='ocr_carea' id='block_1_46' title="bbox 368 2739 2014 2826">
    <p class='ocr_par' dir='ltr' id='par_1_46' title="bbox 368 2739 2014 2826">
     <span class='ocr_line' id='line_1_47' title="bbox 368 2739 2014 2826; baseline 0.004 -30"><span class='ocrx_word' id='word_1_328' title='bbox 368 2740 460 2796; x_wconf 84' lang='grc' dir='ltr'>τὸν</span> <span class='ocrx_word' id='word_1_329' title='bbox 492 2739 708 2796; x_wconf 78' lang='grc' dir='ltr'>Παῦλον</span> <span class='ocrx_word' id='word_1_330' title='bbox 736 2739 980 2816; x_wconf 73' lang='grc' dir='ltr'>ἄγεσθαι.</span> <span class='ocrx_word' id='word_1_331' title='bbox 1012 2744 1075 2799; x_wconf 72' lang='grc' dir='ltr'><strong>ἸΙ</strong></span> <span class='ocrx_word' id='word_1_332' title='bbox 1125 2743 1301 2799; x_wconf 87' lang='grc' dir='ltr'>Θέκλα</span> <span class='ocrx_word' id='word_1_333' title='bbox 1357 2742 1432 2815; x_wconf 76' lang='grc' dir='ltr'>δὲ,</span> <span class='ocrx_word' id='word_1_334' title='bbox 1467 2747 1543 2807; x_wconf 83' lang='grc' dir='ltr'>ὡς</span> <span class='ocrx_word' id='word_1_335' title='bbox 1600 2744 2014 2826; x_wconf 72' lang='grc' dir='ltr'>ἀπολειφθεῖσα,</span> 
     </span>
    </p>
   </div>
   <div class='ocr_carea' id='block_1_47' title="bbox 371 2830 2011 2908">
    <p class='ocr_par' dir='ltr' id='par_1_47' title="bbox 371 2830 2011 2908">
     <span class='ocr_line' id='line_1_48' title="bbox 371 2830 2011 2908; baseline 0.005 -24"><span class='ocrx_word' id='word_1_336' title='bbox 371 2830 636 2885; x_wconf 79' lang='grc' dir='ltr'>πενθοῦσα</span> <span class='ocrx_word' id='word_1_337' title='bbox 663 2833 752 2898; x_wconf 76' lang='grc' dir='ltr'>ἦν,</span> <span class='ocrx_word' id='word_1_338' title='bbox 783 2831 873 2884; x_wconf 81' lang='grc' dir='ltr'>καὶ</span> <span class='ocrx_word' id='word_1_339' title='bbox 923 2831 1057 2903; x_wconf 89' lang='grc' dir='ltr'>πρὸς</span> <span class='ocrx_word' id='word_1_340' title='bbox 1101 2835 1181 2902; x_wconf 79' lang='grc' dir='ltr'>τῷ</span> <span class='ocrx_word' id='word_1_341' title='bbox 1227 2833 1380 2904; x_wconf 87' lang='grc' dir='ltr'>τόπῳ</span> <span class='ocrx_word' id='word_1_342' title='bbox 1422 2832 1753 2906; x_wconf 75' lang='grc' dir='ltr'>κυλιομένη,</span> <span class='ocrx_word' id='word_1_343' title='bbox 1783 2834 1834 2890; x_wconf 79' lang='grc' dir='ltr'>ἐν</span> <span class='ocrx_word' id='word_1_344' title='bbox 1890 2837 1935 2908; x_wconf 84' lang='grc' dir='ltr'>ᾧ</span> <span class='ocrx_word' id='word_1_345' title='bbox 1983 2841 2011 2892; x_wconf 87' lang='grc' dir='ltr'>ὁ</span> 
     </span>
    </p>
   </div>
   <div class='ocr_carea' id='block_1_48' title="bbox 376 2916 2014 2996">
    <p class='ocr_par' dir='ltr' id='par_1_48' title="bbox 376 2916 2014 2996">
     <span class='ocr_line' id='line_1_49' title="bbox 376 2916 2014 2996; baseline 0.002 -22"><span class='ocrx_word' id='word_1_346' title='bbox 376 2916 592 2980; x_wconf 86' lang='grc' dir='ltr'>Παῦλος</span> <span class='ocrx_word' id='word_1_347' title='bbox 648 2921 956 2992; x_wconf 79' lang='grc' dir='ltr'>καθήμενος</span> <span class='ocrx_word' id='word_1_348' title='bbox 1015 2918 1252 2974; x_wconf 86' lang='grc' dir='ltr'>ἐποιεῖτο</span> <span class='ocrx_word' id='word_1_349' title='bbox 1311 2922 1411 2990; x_wconf 81' lang='grc' dir='ltr'>τὴν</span> <span class='ocrx_word' id='word_1_350' title='bbox 1468 2919 1726 2996; x_wconf 82' lang='grc' dir='ltr'>διδαχήν.</span> <span class='ocrx_word' id='word_1_351' title='bbox 1785 2926 2014 2980; x_wconf 78' lang='grc' dir='ltr'>Ἔπειτα</span> 
     </span>
    </p>
   </div>
   <div class='ocr_carea' id='block_1_49' title="bbox 375 3007 2017 3089">
    <p class='ocr_par' dir='ltr' id='par_1_49' title="bbox 375 3007 2017 3089">
     <span class='ocr_line' id='line_1_50' title="bbox 375 3007 2017 3089; baseline 0.004 -28"><span class='ocrx_word' id='word_1_352' title='bbox 375 3007 732 3068; x_wconf 87' lang='grc' dir='ltr'>κελεύσαντος</span> <span class='ocrx_word' id='word_1_353' title='bbox 784 3011 879 3061; x_wconf 92' lang='grc' dir='ltr'>τοῦ</span> <span class='ocrx_word' id='word_1_354' title='bbox 933 3007 1206 3083; x_wconf 73' lang='grc' dir='ltr'>ἡγεμόνος</span> <span class='ocrx_word' id='word_1_355' title='bbox 1263 3007 1352 3061; x_wconf 81' lang='grc' dir='ltr'>καὶ</span> <span class='ocrx_word' id='word_1_356' title='bbox 1401 3007 1567 3078; x_wconf 76' lang='grc' dir='ltr'>αὐτὴν</span> <span class='ocrx_word' id='word_1_357' title='bbox 1619 3010 1881 3089; x_wconf 80' lang='grc' dir='ltr'>ἀχθῆναι,</span> <span class='ocrx_word' id='word_1_358' title='bbox 1914 3014 2017 3068; x_wconf 88' lang='grc' dir='ltr'>οὐκ</span> 
     </span>
    </p>
   </div>
   <div class='ocr_carea' id='block_1_50' title="bbox 378 3089 2014 3175">
    <p class='ocr_par' dir='ltr' id='par_1_50' title="bbox 378 3089 2014 3175">
     <span class='ocr_line' id='line_1_51' title="bbox 378 3089 2014 3175; baseline 0.004 -26"><span class='ocrx_word' id='word_1_359' title='bbox 378 3089 683 3168; x_wconf 81' lang='grc' dir='ltr'>ἀπέϐλεψεν</span> <span class='ocrx_word' id='word_1_360' title='bbox 743 3097 777 3164; x_wconf 83' lang='grc' dir='ltr'>ἡ</span> <span class='ocrx_word' id='word_1_361' title='bbox 828 3091 1087 3168; x_wconf 74' lang='grc' dir='ltr'>ἀοίδιμος</span> <span class='ocrx_word' id='word_1_362' title='bbox 1144 3095 1280 3168; x_wconf 88' lang='grc' dir='ltr'>πρὸς</span> <span class='ocrx_word' id='word_1_363' title='bbox 1337 3095 1438 3164; x_wconf 76' lang='grc' dir='ltr'>τήν</span> <span class='ocrx_word' id='word_1_364' title='bbox 1499 3095 1679 3170; x_wconf 81' lang='grc' dir='ltr'>φύσιν,</span> <span class='ocrx_word' id='word_1_365' title='bbox 1736 3097 1819 3153; x_wconf 78' lang='grc' dir='ltr'>ὅτι</span> <span class='ocrx_word' id='word_1_366' title='bbox 1877 3103 2014 3175; x_wconf 88' lang='grc' dir='ltr'>γυνή</span> 
     </span>
    </p>
   </div>
   <div class='ocr_carea' id='block_1_51' title="bbox 2137 1855 3778 1935">
    <p class='ocr_par' dir='ltr' id='par_1_51' title="bbox 2137 1855 3778 1935">
     <span class='ocr_line' id='line_1_52' title="bbox 2137 1855 3778 1935; baseline -0.01 -16"><span class='ocrx_word' id='word_1_367' title='bbox 2137 1863 2276 1930; x_wconf 89' lang='lat' dir='ltr'>dita,</span> <span class='ocrx_word' id='word_1_368' title='bbox 2311 1878 2414 1935; x_wconf 93' lang='lat' dir='ltr'>per</span> <span class='ocrx_word' id='word_1_369' title='bbox 2461 1863 2581 1916; x_wconf 85' lang='lat' dir='ltr'>vias</span> <span class='ocrx_word' id='word_1_370' title='bbox 2621 1865 2994 1932; x_wconf 66' lang='lat' dir='ltr'>quaereretur,</span> <span class='ocrx_word' id='word_1_371' title='bbox 3029 1855 3383 1928; x_wconf 87' lang='lat' dir='ltr'>quidamque</span> <span class='ocrx_word' id='word_1_372' title='bbox 3433 1866 3500 1906; x_wconf 86' lang='lat' dir='ltr'>ex</span> <span class='ocrx_word' id='word_1_373' title='bbox 3543 1865 3778 1905; x_wconf 84' lang='lat' dir='ltr'>conser-</span> 
     </span>
    </p>
   </div>
   <div class='ocr_carea' id='block_1_52' title="bbox 2137 1939 3780 2023">
    <p class='ocr_par' dir='ltr' id='par_1_52' title="bbox 2137 1939 3780 2023">
     <span class='ocr_line' id='line_1_53' title="bbox 2137 1939 3780 2023; baseline -0.01 -15"><span class='ocrx_word' id='word_1_374' title='bbox 2137 1954 2223 2008; x_wconf 86' lang='lat' dir='ltr'>vis</span> <span class='ocrx_word' id='word_1_375' title='bbox 2266 1952 2540 2023; x_wconf 88' lang='lat' dir='ltr'>janitoris</span> <span class='ocrx_word' id='word_1_376' title='bbox 2587 1952 2802 2006; x_wconf 83' lang='lat' dir='ltr'>faclum</span> <span class='ocrx_word' id='word_1_377' title='bbox 2852 1947 3154 2010; x_wconf 88' lang='lat' dir='ltr'>indicaret,</span> <span class='ocrx_word' id='word_1_378' title='bbox 3189 1943 3342 2014; x_wconf 91' lang='lat' dir='ltr'>quod</span> <span class='ocrx_word' id='word_1_379' title='bbox 3372 1939 3472 1995; x_wconf 91' lang='lat' dir='ltr'>illa</span> <span class='ocrx_word' id='word_1_380' title='bbox 3512 1940 3581 1995; x_wconf 91' lang='lat' dir='ltr'>de</span> <span class='ocrx_word' id='word_1_381' title='bbox 3616 1942 3780 1994; x_wconf 84' lang='lat' dir='ltr'>nocte</span> 
     </span>
    </p>
   </div>
   <div class='ocr_carea' id='block_1_53' title="bbox 2134 2029 3772 2112">
    <p class='ocr_par' dir='ltr' id='par_1_53' title="bbox 2134 2029 3772 2112">
     <span class='ocr_line' id='line_1_54' title="bbox 2134 2029 3772 2112; baseline -0.009 -15"><span class='ocrx_word' id='word_1_382' title='bbox 2134 2041 2424 2106; x_wconf 83' lang='lat' dir='ltr'>exivisset,</span> <span class='ocrx_word' id='word_1_383' title='bbox 2485 2041 2706 2112; x_wconf 86' lang='lat' dir='ltr'>janitor</span> <span class='ocrx_word' id='word_1_384' title='bbox 2762 2035 3063 2110; x_wconf 79' lang='lat' dir='ltr'>quaestioni</span> <span class='ocrx_word' id='word_1_385' title='bbox 3115 2032 3388 2099; x_wconf 90' lang='lat' dir='ltr'>traditus,</span> <span class='ocrx_word' id='word_1_386' title='bbox 3440 2029 3513 2084; x_wconf 93' lang='lat' dir='ltr'>ad</span> <span class='ocrx_word' id='word_1_387' title='bbox 3574 2043 3772 2084; x_wconf 88' lang='lat' dir='ltr'>senem</span> 
     </span>
    </p>
   </div>
   <div class='ocr_carea' id='block_1_54' title="bbox 2133 2116 3770 2202">
    <p class='ocr_par' dir='ltr' id='par_1_54' title="bbox 2133 2116 3770 2202">
     <span class='ocr_line' id='line_1_55' title="bbox 2133 2116 3770 2202; baseline -0.01 -15"><span class='ocrx_word' id='word_1_388' title='bbox 2133 2130 2324 2197; x_wconf 92' lang='lat' dir='ltr'>illum,</span> <span class='ocrx_word' id='word_1_389' title='bbox 2374 2133 2472 2202; x_wconf 92' lang='lat' dir='ltr'>qui</span> <span class='ocrx_word' id='word_1_390' title='bbox 2530 2131 2589 2185; x_wconf 91' lang='lat' dir='ltr'>in</span> <span class='ocrx_word' id='word_1_391' title='bbox 2647 2143 2874 2184; x_wconf 90' lang='lat' dir='ltr'>carcere</span> <span class='ocrx_word' id='word_1_392' title='bbox 2917 2122 3290 2188; x_wconf 89' lang='lat' dir='ltr'>attinebatur,</span> <span class='ocrx_word' id='word_1_393' title='bbox 3341 2117 3555 2173; x_wconf 86' lang='lat' dir='ltr'>adiisse</span> <span class='ocrx_word' id='word_1_394' title='bbox 3609 2116 3770 2170; x_wconf 81' lang='lat' dir='ltr'>dixit.</span> 
     </span>
    </p>
   </div>
   <div class='ocr_carea' id='block_1_55' title="bbox 2133 2206 3776 2292">
    <p class='ocr_par' dir='ltr' id='par_1_55' title="bbox 2133 2206 3776 2292">
     <span class='ocr_line' id='line_1_56' title="bbox 2133 2206 3776 2292; baseline -0.01 -15"><span class='ocrx_word' id='word_1_395' title='bbox 2133 2221 2222 2278; x_wconf 88' lang='lat' dir='ltr'>Illi</span> <span class='ocrx_word' id='word_1_396' title='bbox 2299 2221 2566 2292; x_wconf 87' lang='lat' dir='ltr'>protinus</span> <span class='ocrx_word' id='word_1_397' title='bbox 2623 2220 2693 2274; x_wconf 91' lang='lat' dir='ltr'>ad</span> <span class='ocrx_word' id='word_1_398' title='bbox 2756 2230 3047 2273; x_wconf 86' lang='lat' dir='ltr'>carcerem</span> <span class='ocrx_word' id='word_1_399' title='bbox 3107 2212 3410 2276; x_wconf 88' lang='lat' dir='ltr'>abeuntes,</span> <span class='ocrx_word' id='word_1_400' title='bbox 3470 2206 3776 2261; x_wconf 87' lang='lat' dir='ltr'>inveniunt</span> 
     </span>
    </p>
   </div>
   <div class='ocr_carea' id='block_1_56' title="bbox 2131 2292 3775 2368">
    <p class='ocr_par' dir='ltr' id='par_1_56' title="bbox 2131 2292 3775 2368">
     <span class='ocr_line' id='line_1_57' title="bbox 2131 2292 3775 2368; baseline -0.01 -6"><span class='ocrx_word' id='word_1_401' title='bbox 2131 2307 2294 2366; x_wconf 90' lang='lat' dir='ltr'>illam</span> <span class='ocrx_word' id='word_1_402' title='bbox 2325 2307 2602 2365; x_wconf 85' lang='lat' dir='ltr'>desiderii</span> <span class='ocrx_word' id='word_1_403' title='bbox 2644 2303 2891 2361; x_wconf 89' lang='lat' dir='ltr'>vinculis</span> <span class='ocrx_word' id='word_1_404' title='bbox 2939 2299 3115 2356; x_wconf 87' lang='lat' dir='ltr'>Paulo</span> <span class='ocrx_word' id='word_1_405' title='bbox 3146 2294 3568 2368; x_wconf 86' lang='lat' dir='ltr'>quodammodo</span> <span class='ocrx_word' id='word_1_406' title='bbox 3607 2292 3775 2348; x_wconf 89' lang='lat' dir='ltr'>colli-</span> 
     </span>
    </p>
   </div>
   <div class='ocr_carea' id='block_1_57' title="bbox 2129 2383 3767 2471">
    <p class='ocr_par' dir='ltr' id='par_1_57' title="bbox 2129 2383 3767 2471">
     <span class='ocr_line' id='line_1_58' title="bbox 2129 2383 3767 2471; baseline -0.012 -16"><span class='ocrx_word' id='word_1_407' title='bbox 2129 2404 2350 2471; x_wconf 86' lang='lat' dir='ltr'>gatam,</span> <span class='ocrx_word' id='word_1_408' title='bbox 2383 2397 2647 2468; x_wconf 89' lang='lat' dir='ltr'>nihilque</span> <span class='ocrx_word' id='word_1_409' title='bbox 2686 2400 2813 2451; x_wconf 90' lang='lat' dir='ltr'>tum</span> <span class='ocrx_word' id='word_1_410' title='bbox 2844 2390 3098 2463; x_wconf 88' lang='lat' dir='ltr'>amplius</span> <span class='ocrx_word' id='word_1_411' title='bbox 3138 2390 3395 2444; x_wconf 88' lang='lat' dir='ltr'>dicentes</span> <span class='ocrx_word' id='word_1_412' title='bbox 3425 2393 3525 2440; x_wconf 89' lang='lat' dir='ltr'>aut</span> <span class='ocrx_word' id='word_1_413' title='bbox 3554 2383 3767 2439; x_wconf 87' lang='lat' dir='ltr'>facien-</span> 
     </span>
    </p>
   </div>
   <div class='ocr_carea' id='block_1_58' title="bbox 2131 2473 3762 2555">
    <p class='ocr_par' dir='ltr' id='par_1_58' title="bbox 2131 2473 3762 2555">
     <span class='ocr_line' id='line_1_59' title="bbox 2131 2473 3762 2555; baseline -0.01 -13"><span class='ocrx_word' id='word_1_414' title='bbox 2131 2493 2235 2555; x_wconf 90' lang='lat' dir='ltr'>tes,</span> <span class='ocrx_word' id='word_1_415' title='bbox 2269 2503 2500 2542; x_wconf 88' lang='lat' dir='ltr'>rursum</span> <span class='ocrx_word' id='word_1_416' title='bbox 2532 2489 2765 2552; x_wconf 88' lang='lat' dir='ltr'>exeunt,</span> <span class='ocrx_word' id='word_1_417' title='bbox 2796 2487 2853 2538; x_wconf 88' lang='lat' dir='ltr'>et</span> <span class='ocrx_word' id='word_1_418' title='bbox 2894 2477 3265 2536; x_wconf 79' lang='lat' dir='ltr'>multitudine</span> <span class='ocrx_word' id='word_1_419' title='bbox 3295 2475 3366 2530; x_wconf 90' lang='lat' dir='ltr'>ad</span> <span class='ocrx_word' id='word_1_420' title='bbox 3407 2489 3469 2530; x_wconf 91' lang='lat' dir='ltr'>se</span> <span class='ocrx_word' id='word_1_421' title='bbox 3499 2473 3762 2539; x_wconf 89' lang='lat' dir='ltr'>attracta,</span> 
     </span>
    </p>
   </div>
   <div class='ocr_carea' id='block_1_59' title="bbox 2131 2559 3766 2644">
    <p class='ocr_par' dir='ltr' id='par_1_59' title="bbox 2131 2559 3766 2644">
     <span class='ocr_line' id='line_1_60' title="bbox 2131 2559 3766 2644; baseline -0.01 -15"><span class='ocrx_word' id='word_1_422' title='bbox 2131 2591 2252 2630; x_wconf 90' lang='lat' dir='ltr'>rem</span> <span class='ocrx_word' id='word_1_423' title='bbox 2285 2579 2466 2630; x_wconf 88' lang='lat' dir='ltr'>totam</span> <span class='ocrx_word' id='word_1_424' title='bbox 2500 2572 2726 2644; x_wconf 60' lang='lat' dir='ltr'>prasidi</span> <span class='ocrx_word' id='word_1_425' title='bbox 2754 2571 3013 2626; x_wconf 89' lang='lat' dir='ltr'>indicant</span> <span class='ocrx_word' id='word_1_426' title='bbox 3047 2565 3183 2638; x_wconf 92' lang='lat' dir='ltr'>:qui</span> <span class='ocrx_word' id='word_1_427' title='bbox 3215 2561 3458 2619; x_wconf 89' lang='lat' dir='ltr'>Paulum</span> <span class='ocrx_word' id='word_1_428' title='bbox 3481 2562 3549 2616; x_wconf 89' lang='lat' dir='ltr'>ad</span> <span class='ocrx_word' id='word_1_429' title='bbox 3584 2559 3766 2615; x_wconf 87' lang='lat' dir='ltr'>tribu-</span> 
     </span>
    </p>
   </div>
   <div class='ocr_carea' id='block_1_60' title="bbox 2129 2648 3768 2734">
    <p class='ocr_par' dir='ltr' id='par_1_60' title="bbox 2129 2648 3768 2734">
     <span class='ocr_line' id='line_1_61' title="bbox 2129 2648 3768 2734; baseline -0.01 -16"><span class='ocrx_word' id='word_1_430' title='bbox 2129 2662 2224 2718; x_wconf 89' lang='lat' dir='ltr'>nal</span> <span class='ocrx_word' id='word_1_431' title='bbox 2265 2663 2358 2734; x_wconf 90' lang='lat' dir='ltr'>agi</span> <span class='ocrx_word' id='word_1_432' title='bbox 2401 2662 2593 2733; x_wconf 89' lang='lat' dir='ltr'>jubet.</span> <span class='ocrx_word' id='word_1_433' title='bbox 2643 2659 2855 2715; x_wconf 87' lang='lat' dir='ltr'>Thecla</span> <span class='ocrx_word' id='word_1_434' title='bbox 2897 2657 3128 2712; x_wconf 88' lang='lat' dir='ltr'>interim</span> <span class='ocrx_word' id='word_1_435' title='bbox 3163 2661 3430 2721; x_wconf 87' lang='lat' dir='ltr'>tanquam</span> <span class='ocrx_word' id='word_1_436' title='bbox 3470 2648 3768 2714; x_wconf 90' lang='lat' dir='ltr'>derelicta,</span> 
     </span>
    </p>
   </div>
   <div class='ocr_carea' id='block_1_61' title="bbox 2127 2737 3765 2814">
    <p class='ocr_par' dir='ltr' id='par_1_61' title="bbox 2127 2737 3765 2814">
     <span class='ocr_line' id='line_1_62' title="bbox 2127 2737 3765 2814; baseline -0.01 -7"><span class='ocrx_word' id='word_1_437' title='bbox 2127 2753 2187 2807; x_wconf 92' lang='lat' dir='ltr'>in</span> <span class='ocrx_word' id='word_1_438' title='bbox 2248 2766 2490 2806; x_wconf 84' lang='lat' dir='ltr'>moerere</span> <span class='ocrx_word' id='word_1_439' title='bbox 2541 2765 2692 2814; x_wconf 90' lang='lat' dir='ltr'>esse,</span> <span class='ocrx_word' id='word_1_440' title='bbox 2729 2751 2786 2803; x_wconf 87' lang='lat' dir='ltr'>et</span> <span class='ocrx_word' id='word_1_441' title='bbox 2845 2747 2904 2800; x_wconf 91' lang='lat' dir='ltr'>in</span> <span class='ocrx_word' id='word_1_442' title='bbox 2948 2746 3093 2810; x_wconf 92' lang='lat' dir='ltr'>loco,</span> <span class='ocrx_word' id='word_1_443' title='bbox 3141 2743 3241 2798; x_wconf 90' lang='lat' dir='ltr'>ubi</span> <span class='ocrx_word' id='word_1_444' title='bbox 3288 2738 3506 2795; x_wconf 88' lang='lat' dir='ltr'>Paulus</span> <span class='ocrx_word' id='word_1_445' title='bbox 3555 2737 3765 2794; x_wconf 88' lang='lat' dir='ltr'>sedens</span> 
     </span>
    </p>
   </div>
   <div class='ocr_carea' id='block_1_62' title="bbox 2128 2826 3766 2907">
    <p class='ocr_par' dir='ltr' id='par_1_62' title="bbox 2128 2826 3766 2907">
     <span class='ocr_line' id='line_1_63' title="bbox 2128 2826 3766 2907; baseline -0.01 -11"><span class='ocrx_word' id='word_1_446' title='bbox 2128 2841 2422 2907; x_wconf 89' lang='lat' dir='ltr'>docuerat,</span> <span class='ocrx_word' id='word_1_447' title='bbox 2471 2837 2738 2894; x_wconf 87' lang='lat' dir='ltr'>volutari.</span> <span class='ocrx_word' id='word_1_448' title='bbox 2772 2835 2988 2892; x_wconf 90' lang='lat' dir='ltr'>Deinde</span> <span class='ocrx_word' id='word_1_449' title='bbox 3018 2849 3150 2888; x_wconf 91' lang='lat' dir='ltr'>cum</span> <span class='ocrx_word' id='word_1_450' title='bbox 3191 2846 3398 2901; x_wconf 68' lang='lat' dir='ltr'>praeses</span> <span class='ocrx_word' id='word_1_451' title='bbox 3437 2826 3594 2883; x_wconf 85' lang='lat' dir='ltr'>illam</span> <span class='ocrx_word' id='word_1_452' title='bbox 3626 2841 3766 2897; x_wconf 89' lang='lat' dir='ltr'>quo-</span> 
     </span>
    </p>
   </div>
   <div class='ocr_carea' id='block_1_63' title="bbox 2129 2915 3767 3000">
    <p class='ocr_par' dir='ltr' id='par_1_63' title="bbox 2129 2915 3767 3000">
     <span class='ocr_line' id='line_1_64' title="bbox 2129 2915 3767 3000; baseline -0.008 -17"><span class='ocrx_word' id='word_1_453' title='bbox 2129 2944 2242 3000; x_wconf 92' lang='lat' dir='ltr'>que</span> <span class='ocrx_word' id='word_1_454' title='bbox 2298 2928 2508 2983; x_wconf 89' lang='lat' dir='ltr'>adduci</span> <span class='ocrx_word' id='word_1_455' title='bbox 2565 2927 2867 2997; x_wconf 87' lang='lat' dir='ltr'>jussisset,</span> <span class='ocrx_word' id='word_1_456' title='bbox 2925 2940 3040 2980; x_wconf 91' lang='lat' dir='ltr'>non</span> <span class='ocrx_word' id='word_1_457' title='bbox 3109 2919 3351 2993; x_wconf 86' lang='lat' dir='ltr'>aspexit,</span> <span class='ocrx_word' id='word_1_458' title='bbox 3393 2915 3767 2973; x_wconf 85' lang='lat' dir='ltr'>celeberrima</span> 
     </span>
    </p>
   </div>
   <div class='ocr_carea' id='block_1_64' title="bbox 2129 3006 3763 3088">
    <p class='ocr_par' dir='ltr' id='par_1_64' title="bbox 2129 3006 3763 3088">
     <span class='ocr_line' id='line_1_65' title="bbox 2129 3006 3763 3088; baseline -0.007 -17"><span class='ocrx_word' id='word_1_459' title='bbox 2129 3017 2250 3072; x_wconf 66' lang='lat' dir='ltr'>hac</span> <span class='ocrx_word' id='word_1_460' title='bbox 2289 3015 2472 3088; x_wconf 87' lang='lat' dir='ltr'>virgo,</span> <span class='ocrx_word' id='word_1_461' title='bbox 2507 3017 2578 3072; x_wconf 90' lang='lat' dir='ltr'>ad</span> <span class='ocrx_word' id='word_1_462' title='bbox 2629 3021 2919 3084; x_wconf 89' lang='lat' dir='ltr'>naturam,</span> <span class='ocrx_word' id='word_1_463' title='bbox 2968 3013 3122 3085; x_wconf 90' lang='lat' dir='ltr'>quod</span> <span class='ocrx_word' id='word_1_464' title='bbox 3164 3011 3378 3067; x_wconf 80' lang='lat' dir='ltr'>femina</span> <span class='ocrx_word' id='word_1_465' title='bbox 3419 3011 3572 3063; x_wconf 88' lang='lat' dir='ltr'>esset</span> <span class='ocrx_word' id='word_1_466' title='bbox 3615 3023 3629 3061; x_wconf 89' lang='lat'><strong>:</strong></span> <span class='ocrx_word' id='word_1_467' title='bbox 3664 3006 3763 3061; x_wconf 91' lang='lat' dir='ltr'>sed</span> 
     </span>
    </p>
   </div>
   <div class='ocr_carea' id='block_1_65' title="bbox 2129 3096 3771 3175">
    <p class='ocr_par' dir='ltr' id='par_1_65' title="bbox 2129 3096 3771 3175">
     <span class='ocr_line' id='line_1_66' title="bbox 2129 3096 3771 3175; baseline -0.007 -17"><span class='ocrx_word' id='word_1_468' title='bbox 2129 3103 2239 3159; x_wconf 91' lang='lat' dir='ltr'>hoc</span> <span class='ocrx_word' id='word_1_469' title='bbox 2293 3104 2485 3175; x_wconf 88' lang='lat' dir='ltr'>ipsum</span> <span class='ocrx_word' id='word_1_470' title='bbox 2526 3105 2679 3175; x_wconf 92' lang='lat' dir='ltr'>quod</span> <span class='ocrx_word' id='word_1_471' title='bbox 2721 3119 2856 3159; x_wconf 90' lang='lat' dir='ltr'>cum</span> <span class='ocrx_word' id='word_1_472' title='bbox 2900 3101 3098 3171; x_wconf 92' lang='lat' dir='ltr'>Paulo,</span> <span class='ocrx_word' id='word_1_473' title='bbox 3149 3098 3235 3154; x_wconf 92' lang='lat' dir='ltr'>vel</span> <span class='ocrx_word' id='word_1_474' title='bbox 3283 3097 3477 3169; x_wconf 87' lang='lat' dir='ltr'>potius</span> <span class='ocrx_word' id='word_1_475' title='bbox 3539 3096 3771 3166; x_wconf 90' lang='lat' dir='ltr'>propter</span> 
     </span>
    </p>
   </div>
   <div class='ocr_carea' id='block_1_66' title="bbox 379 3181 2022 3263">
    <p class='ocr_par' dir='ltr' id='par_1_66' title="bbox 379 3182 2022 3258">
     <span class='ocr_line' id='line_1_67' title="bbox 379 3182 2022 3258; baseline 0.004 -20"><span class='ocrx_word' id='word_1_476' title='bbox 379 3183 446 3251; x_wconf 79' lang='grc' dir='ltr'>ἦν</span> <span class='ocrx_word' id='word_1_477' title='bbox 481 3201 494 3218; x_wconf 89' lang='lat'><strong>&#39;</strong></span> <span class='ocrx_word' id='word_1_478' title='bbox 527 3182 655 3240; x_wconf 88' lang='grc' dir='ltr'>ἀλλ’</span> <span class='ocrx_word' id='word_1_479' title='bbox 685 3183 816 3239; x_wconf 82' lang='grc' dir='ltr'>αὐτὸ</span> <span class='ocrx_word' id='word_1_480' title='bbox 865 3185 927 3239; x_wconf 92' lang='grc' dir='ltr'>τὸ</span> <span class='ocrx_word' id='word_1_481' title='bbox 979 3185 1115 3257; x_wconf 85' lang='grc' dir='ltr'>μετά</span> <span class='ocrx_word' id='word_1_482' title='bbox 1155 3183 1395 3255; x_wconf 83' lang='grc' dir='ltr'>Παύλου,</span> <span class='ocrx_word' id='word_1_483' title='bbox 1428 3187 1463 3256; x_wconf 73' lang='grc' dir='ltr'><strong>ἢ</strong></span> <span class='ocrx_word' id='word_1_484' title='bbox 1501 3184 1714 3258; x_wconf 81' lang='grc' dir='ltr'>μᾶλλον</span> <span class='ocrx_word' id='word_1_485' title='bbox 1747 3185 1835 3242; x_wconf 82' lang='grc' dir='ltr'>διὰ</span> <span class='ocrx_word' id='word_1_486' title='bbox 1889 3191 2022 3245; x_wconf 83' lang='grc' dir='ltr'>Παῦ-</span> 
     </span>
    </p>
   </div>
   <div class='ocr_carea' id='block_1_67' title="bbox 2136 3181 3775 3263">
    <p class='ocr_par' dir='ltr' id='par_1_67' title="bbox 2136 3181 3775 3263">
     <span class='ocr_line' id='line_1_68' title="bbox 2136 3181 3775 3263; baseline -0.007 -17"><span class='ocrx_word' id='word_1_487' title='bbox 2136 3191 2405 3260; x_wconf 90' lang='lat' dir='ltr'>Paulum,</span> <span class='ocrx_word' id='word_1_488' title='bbox 2460 3209 2659 3263; x_wconf 68' lang='lat' dir='ltr'>poenas</span> <span class='ocrx_word' id='word_1_489' title='bbox 2707 3196 2857 3248; x_wconf 87' lang='lat' dir='ltr'>esset</span> <span class='ocrx_word' id='word_1_490' title='bbox 2912 3191 3138 3256; x_wconf 90' lang='lat' dir='ltr'>datura,</span> <span class='ocrx_word' id='word_1_491' title='bbox 3174 3192 3236 3243; x_wconf 88' lang='lat' dir='ltr'>ut</span> <span class='ocrx_word' id='word_1_492' title='bbox 3284 3187 3343 3242; x_wconf 90' lang='lat' dir='ltr'>in</span> <span class='ocrx_word' id='word_1_493' title='bbox 3392 3201 3453 3241; x_wconf 90' lang='lat' dir='ltr'>re</span> <span class='ocrx_word' id='word_1_494' title='bbox 3503 3181 3775 3256; x_wconf 57' lang='lat' dir='ltr'>praeclara</span> 
     </span>
    </p>
   </div>
   <div class='ocr_carea' id='block_1_68' title="bbox 381 3269 2023 3346">
    <p class='ocr_par' dir='ltr' id='par_1_68' title="bbox 381 3269 2023 3346">
     <span class='ocr_line' id='line_1_69' title="bbox 381 3269 2023 3346; baseline 0.002 -18"><span class='ocrx_word' id='word_1_495' title='bbox 381 3271 500 3341; x_wconf 88' lang='grc' dir='ltr'>λον,</span> <span class='ocrx_word' id='word_1_496' title='bbox 527 3271 985 3343; x_wconf 81' lang='grc' dir='ltr'>κολασθήσεσθαι,</span> <span class='ocrx_word' id='word_1_497' title='bbox 1018 3269 1238 3340; x_wconf 77' lang='grc' dir='ltr'>πολλὴν</span> <span class='ocrx_word' id='word_1_498' title='bbox 1271 3271 1406 3346; x_wconf 80' lang='grc' dir='ltr'>αὐτῇ</span> <span class='ocrx_word' id='word_1_499' title='bbox 1439 3269 1620 3328; x_wconf 80' lang='grc' dir='ltr'>ἐδίδου</span> <span class='ocrx_word' id='word_1_500' title='bbox 1669 3276 1767 3344; x_wconf 81' lang='grc' dir='ltr'>τήν</span> <span class='ocrx_word' id='word_1_501' title='bbox 1817 3273 2023 3346; x_wconf 77' lang='grc' dir='ltr'>ἡδονήν</span> 
     </span>
    </p>
   </div>
   <div class='ocr_carea' id='block_1_69' title="bbox 377 3357 2025 3444">
    <p class='ocr_par' dir='ltr' id='par_1_69' title="bbox 377 3357 2025 3444">
     <span class='ocr_line' id='line_1_70' title="bbox 377 3357 2025 3444; baseline 0.003 -29"><span class='ocrx_word' id='word_1_502' title='bbox 377 3361 468 3415; x_wconf 79' lang='grc' dir='ltr'>καὶ</span> <span class='ocrx_word' id='word_1_503' title='bbox 525 3362 625 3430; x_wconf 73' lang='grc' dir='ltr'>τὴν</span> <span class='ocrx_word' id='word_1_504' title='bbox 685 3358 946 3417; x_wconf 69' lang='grc' dir='ltr'>εὔκλειαν.</span> <span class='ocrx_word' id='word_1_505' title='bbox 1005 3361 1066 3418; x_wconf 90' lang='grc' dir='ltr'>Ὁ</span> <span class='ocrx_word' id='word_1_506' title='bbox 1118 3359 1302 3436; x_wconf 81' lang='grc' dir='ltr'>μέντοι</span> <span class='ocrx_word' id='word_1_507' title='bbox 1358 3357 1556 3437; x_wconf 74' lang='grc' dir='ltr'>ὄχλος,</span> <span class='ocrx_word' id='word_1_508' title='bbox 1619 3366 2025 3444; x_wconf 79' lang='grc' dir='ltr'>προσαχθέντος</span> 
     </span>
    </p>
   </div>
   <div class='ocr_carea' id='block_1_70' title="bbox 377 3448 2022 3529">
    <p class='ocr_par' dir='ltr' id='par_1_70' title="bbox 377 3448 2022 3529">
     <span class='ocr_line' id='line_1_71' title="bbox 377 3448 2022 3529; baseline 0.003 -25"><span class='ocrx_word' id='word_1_509' title='bbox 377 3448 542 3506; x_wconf 85' lang='grc' dir='ltr'>πάλιν</span> <span class='ocrx_word' id='word_1_510' title='bbox 599 3453 698 3504; x_wconf 89' lang='grc' dir='ltr'>τοῦ</span> <span class='ocrx_word' id='word_1_511' title='bbox 720 3449 963 3521; x_wconf 85' lang='grc' dir='ltr'>Παύλου,</span> <span class='ocrx_word' id='word_1_512' title='bbox 994 3449 1206 3506; x_wconf 87' lang='grc' dir='ltr'>πλείονι</span> <span class='ocrx_word' id='word_1_513' title='bbox 1261 3449 1566 3527; x_wconf 77' lang='grc' dir='ltr'>ἐκέχρηντο</span> <span class='ocrx_word' id='word_1_514' title='bbox 1595 3457 1664 3528; x_wconf 81' lang='grc' dir='ltr'>τῇ</span> <span class='ocrx_word' id='word_1_515' title='bbox 1701 3454 1808 3529; x_wconf 81' lang='grc' dir='ltr'>βοῇ</span> <span class='ocrx_word' id='word_1_516' title='bbox 1833 3460 1848 3486; x_wconf 87' lang='lat'><strong>‘</strong></span> <span class='ocrx_word' id='word_1_517' title='bbox 1884 3456 2022 3525; x_wconf 85' lang='grc' dir='ltr'>Γόης</span> 
     </span>
    </p>
   </div>
   <div class='ocr_carea' id='block_1_71' title="bbox 377 3536 2024 3616">
    <p class='ocr_par' dir='ltr' id='par_1_71' title="bbox 377 3536 2024 3616">
     <span class='ocr_line' id='line_1_72' title="bbox 377 3536 2024 3616; baseline 0.002 -21"><span class='ocrx_word' id='word_1_518' title='bbox 377 3539 511 3612; x_wconf 71' lang='grc' dir='ltr'>ἐστὶ,</span> <span class='ocrx_word' id='word_1_519' title='bbox 545 3538 819 3615; x_wconf 88' lang='grc' dir='ltr'>λέγοντες,</span> <span class='ocrx_word' id='word_1_520' title='bbox 849 3536 972 3616; x_wconf 74' lang='grc' dir='ltr'>ἔρῥε</span> <span class='ocrx_word' id='word_1_521' title='bbox 1019 3543 1228 3596; x_wconf 88' lang='grc' dir='ltr'>τοῦτον.</span> <span class='ocrx_word' id='word_1_522' title='bbox 1283 3539 1439 3610; x_wconf 80' lang='grc' dir='ltr'>Ηλήν</span> <span class='ocrx_word' id='word_1_523' title='bbox 1496 3541 1558 3596; x_wconf 79' lang='grc' dir='ltr'>οὐ</span> <span class='ocrx_word' id='word_1_524' title='bbox 1627 3541 1827 3616; x_wconf 81' lang='grc' dir='ltr'>ῥᾳδίως</span> <span class='ocrx_word' id='word_1_525' title='bbox 1878 3539 2024 3600; x_wconf 82' lang='grc' dir='ltr'>ἔπει-</span> 
     </span>
    </p>
   </div>
   <div class='ocr_carea' id='block_1_72' title="bbox 376 3625 2023 3704">
    <p class='ocr_par' dir='ltr' id='par_1_72' title="bbox 376 3625 2023 3704">
     <span class='ocr_line' id='line_1_73' title="bbox 376 3625 2023 3704; baseline 0.002 -21"><span class='ocrx_word' id='word_1_526' title='bbox 376 3631 466 3684; x_wconf 91' lang='grc' dir='ltr'>θον</span> <span class='ocrx_word' id='word_1_527' title='bbox 511 3647 525 3660; x_wconf 90' lang='grc'><strong>·</strong></span> <span class='ocrx_word' id='word_1_528' title='bbox 585 3629 874 3701; x_wconf 83' lang='grc' dir='ltr'>ἀνθυπάτῳ</span> <span class='ocrx_word' id='word_1_529' title='bbox 913 3629 1016 3704; x_wconf 84' lang='grc' dir='ltr'>γὰρ</span> <span class='ocrx_word' id='word_1_530' title='bbox 1075 3625 1512 3700; x_wconf 83' lang='grc' dir='ltr'>ἐσπουδάσθησαν</span> <span class='ocrx_word' id='word_1_531' title='bbox 1550 3631 1601 3685; x_wconf 74' lang='grc' dir='ltr'>οἱ</span> <span class='ocrx_word' id='word_1_532' title='bbox 1656 3636 1753 3687; x_wconf 88' lang='grc' dir='ltr'>τοῦ</span> <span class='ocrx_word' id='word_1_533' title='bbox 1805 3632 2023 3688; x_wconf 84' lang='grc' dir='ltr'>Παύλου</span> 
     </span>
    </p>
   </div>
   <div class='ocr_carea' id='block_1_73' title="bbox 377 3714 2022 3796">
    <p class='ocr_par' dir='ltr' id='par_1_73' title="bbox 377 3714 2022 3796">
     <span class='ocr_line' id='line_1_74' title="bbox 377 3714 2022 3796; baseline 0.002 -24"><span class='ocrx_word' id='word_1_534' title='bbox 377 3715 562 3793; x_wconf 87' lang='grc' dir='ltr'>λόγοι,</span> <span class='ocrx_word' id='word_1_535' title='bbox 616 3718 707 3772; x_wconf 82' lang='grc' dir='ltr'>καὶ</span> <span class='ocrx_word' id='word_1_536' title='bbox 765 3714 943 3786; x_wconf 81' lang='grc' dir='ltr'>ἡδέως</span> <span class='ocrx_word' id='word_1_537' title='bbox 1009 3717 1178 3773; x_wconf 79' lang='grc' dir='ltr'>ἀύτοῦ</span> <span class='ocrx_word' id='word_1_538' title='bbox 1250 3718 1468 3790; x_wconf 75' lang='grc' dir='ltr'>ἤκουεν,</span> <span class='ocrx_word' id='word_1_539' title='bbox 1527 3717 1606 3796; x_wconf 76' lang='grc' dir='ltr'>ἐφ’</span> <span class='ocrx_word' id='word_1_540' title='bbox 1669 3722 1748 3784; x_wconf 72' lang='grc' dir='ltr'>οἷς</span> <span class='ocrx_word' id='word_1_541' title='bbox 1795 3721 2022 3794; x_wconf 77' lang='grc' dir='ltr'>ὡμίλει,</span> 
     </span>
    </p>
   </div>
   <div class='ocr_carea' id='block_1_74' title="bbox 374 3804 2024 3886">
    <p class='ocr_par' dir='ltr' id='par_1_74' title="bbox 374 3804 2024 3886">
     <span class='ocr_line' id='line_1_75' title="bbox 374 3804 2024 3886; baseline 0.001 -23"><span class='ocrx_word' id='word_1_542' title='bbox 374 3808 496 3879; x_wconf 86' lang='grc' dir='ltr'>περὶ</span> <span class='ocrx_word' id='word_1_543' title='bbox 555 3812 663 3862; x_wconf 77' lang='grc' dir='ltr'>τῶν</span> <span class='ocrx_word' id='word_1_544' title='bbox 728 3805 892 3862; x_wconf 79' lang='grc' dir='ltr'>ὁσίων</span> <span class='ocrx_word' id='word_1_545' title='bbox 963 3810 1062 3862; x_wconf 87' lang='grc' dir='ltr'>τοῦ</span> <span class='ocrx_word' id='word_1_546' title='bbox 1127 3807 1366 3883; x_wconf 85' lang='grc' dir='ltr'>Χριστοῦ</span> <span class='ocrx_word' id='word_1_547' title='bbox 1420 3804 1610 3886; x_wconf 77' lang='grc' dir='ltr'>ἔργων.</span> <span class='ocrx_word' id='word_1_548' title='bbox 1671 3810 1915 3873; x_wconf 77' lang='grc' dir='ltr'>Καλέσας</span> <span class='ocrx_word' id='word_1_549' title='bbox 1968 3808 2024 3865; x_wconf 79' lang='grc' dir='ltr'>δὲ</span> 
     </span>
    </p>
   </div>
   <div class='ocr_carea' id='block_1_75' title="bbox 371 3893 2023 3975">
    <p class='ocr_par' dir='ltr' id='par_1_75' title="bbox 371 3893 2023 3975">
     <span class='ocr_line' id='line_1_76' title="bbox 371 3893 2023 3975; baseline 0.002 -24"><span class='ocrx_word' id='word_1_550' title='bbox 371 3896 472 3965; x_wconf 71' lang='grc' dir='ltr'>τὴν</span> <span class='ocrx_word' id='word_1_551' title='bbox 552 3894 777 3966; x_wconf 86' lang='grc' dir='ltr'>Θέκλαν,</span> <span class='ocrx_word' id='word_1_552' title='bbox 829 3895 926 3952; x_wconf 81' lang='grc' dir='ltr'>Διᾶ</span> <span class='ocrx_word' id='word_1_553' title='bbox 1008 3895 1084 3966; x_wconf 83' lang='grc' dir='ltr'>τί,</span> <span class='ocrx_word' id='word_1_554' title='bbox 1134 3893 1435 3972; x_wconf 83' lang='grc' dir='ltr'>ἐλεγεν,ού</span> <span class='ocrx_word' id='word_1_555' title='bbox 1511 3902 1665 3973; x_wconf 80' lang='grc' dir='ltr'>γαμῇ</span> <span class='ocrx_word' id='word_1_556' title='bbox 1748 3897 2023 3975; x_wconf 86' lang='grc' dir='ltr'>Θαμύριδι</span> 
     </span>
    </p>
   </div>
   <div class='ocr_carea' id='block_1_76' title="bbox 373 3984 2020 4060">
    <p class='ocr_par' dir='ltr' id='par_1_76' title="bbox 373 3984 2020 4060">
     <span class='ocr_line' id='line_1_77' title="bbox 373 3984 2020 4060; baseline 0.002 -20"><span class='ocrx_word' id='word_1_557' title='bbox 373 3984 513 4040; x_wconf 79' lang='grc' dir='ltr'>κατὰ</span> <span class='ocrx_word' id='word_1_558' title='bbox 594 3984 684 4040; x_wconf 89' lang='grc' dir='ltr'>τὸν</span> <span class='ocrx_word' id='word_1_559' title='bbox 745 3984 1012 4041; x_wconf 88' lang='grc' dir='ltr'>Ἰκονιέων</span> <span class='ocrx_word' id='word_1_560' title='bbox 1090 3986 1300 4060; x_wconf 88' lang='grc' dir='ltr'>νόμον;</span> <span class='ocrx_word' id='word_1_561' title='bbox 1361 3985 1537 4042; x_wconf 86' lang='grc' dir='ltr'>Θέκλα</span> <span class='ocrx_word' id='word_1_562' title='bbox 1603 3984 1661 4042; x_wconf 87' lang='grc' dir='ltr'>δὲ</span> <span class='ocrx_word' id='word_1_563' title='bbox 1718 3986 2020 4053; x_wconf 87' lang='grc' dir='ltr'>ἀνθύπατον</span> 
     </span>
    </p>
   </div>
   <div class='ocr_carea' id='block_1_77' title="bbox 379 4073 2022 4155">
    <p class='ocr_par' dir='ltr' id='par_1_77' title="bbox 379 4073 2022 4155">
     <span class='ocr_line' id='line_1_78' title="bbox 379 4073 2022 4155; baseline 0.002 -26"><span class='ocrx_word' id='word_1_564' title='bbox 379 4074 473 4148; x_wconf 77' lang='grc' dir='ltr'>μὶν</span> <span class='ocrx_word' id='word_1_565' title='bbox 559 4074 748 4137; x_wconf 85' lang='grc' dir='ltr'>αὐτοῖς</span> <span class='ocrx_word' id='word_1_566' title='bbox 834 4073 1064 4151; x_wconf 73' lang='grc' dir='ltr'>ῥήμασι,</span> <span class='ocrx_word' id='word_1_567' title='bbox 1121 4075 1212 4130; x_wconf 81' lang='grc' dir='ltr'>καὶ</span> <span class='ocrx_word' id='word_1_568' title='bbox 1295 4079 1375 4148; x_wconf 82' lang='grc' dir='ltr'>τῷ</span> <span class='ocrx_word' id='word_1_569' title='bbox 1452 4082 1552 4146; x_wconf 83' lang='grc' dir='ltr'>τῆς</span> <span class='ocrx_word' id='word_1_570' title='bbox 1609 4077 1789 4152; x_wconf 81' lang='grc' dir='ltr'>ἀρχῆς</span> <span class='ocrx_word' id='word_1_571' title='bbox 1847 4077 2022 4155; x_wconf 80' lang='grc' dir='ltr'>ὄγκῳ,</span> 
     </span>
    </p>
   </div>
   <div class='ocr_carea' id='block_1_78' title="bbox 380 4163 2022 4242">
    <p class='ocr_par' dir='ltr' id='par_1_78' title="bbox 380 4163 2022 4242">
     <span class='ocr_line' id='line_1_79' title="bbox 380 4163 2022 4242; baseline 0.001 -24"><span class='ocrx_word' id='word_1_572' title='bbox 380 4165 572 4239; x_wconf 87' lang='grc' dir='ltr'>μικρὸν</span> <span class='ocrx_word' id='word_1_573' title='bbox 629 4163 788 4220; x_wconf 80' lang='grc' dir='ltr'>ἐτίθει</span> <span class='ocrx_word' id='word_1_574' title='bbox 846 4163 936 4219; x_wconf 88' lang='grc' dir='ltr'>καὶ</span> <span class='ocrx_word' id='word_1_575' title='bbox 974 4165 1037 4220; x_wconf 85' lang='grc' dir='ltr'>τὸ</span> <span class='ocrx_word' id='word_1_576' title='bbox 1086 4165 1256 4242; x_wconf 91' lang='grc' dir='ltr'>τυχόν</span> <span class='ocrx_word' id='word_1_577' title='bbox 1293 4181 1307 4196; x_wconf 79' lang='grc'><strong><em>⁸</em></strong></span> <span class='ocrx_word' id='word_1_578' title='bbox 1358 4164 1480 4229; x_wconf 77' lang='grc' dir='ltr'>ὅθεν</span> <span class='ocrx_word' id='word_1_579' title='bbox 1531 4163 1656 4220; x_wconf 75' lang='grc' dir='ltr'>οόδὶ</span> <span class='ocrx_word' id='word_1_580' title='bbox 1703 4165 2022 4240; x_wconf 87' lang='grc' dir='ltr'>ἀπεκρίνατό</span> 
     </span>
    </p>
   </div>
   <div class='ocr_carea' id='block_1_79' title="bbox 375 4251 2022 4330">
    <p class='ocr_par' dir='ltr' id='par_1_79' title="bbox 375 4251 2022 4330">
     <span class='ocr_line' id='line_1_80' title="bbox 375 4251 2022 4330; baseline -0.001 -21"><span class='ocrx_word' id='word_1_581' title='bbox 375 4274 428 4309; x_wconf 90' lang='grc' dir='ltr'>τι</span> <span class='ocrx_word' id='word_1_582' title='bbox 459 4254 597 4328; x_wconf 87' lang='grc' dir='ltr'>πρὸς</span> <span class='ocrx_word' id='word_1_583' title='bbox 628 4253 786 4309; x_wconf 80' lang='grc' dir='ltr'>αὐτὸν</span> <span class='ocrx_word' id='word_1_584' title='bbox 817 4254 1137 4330; x_wconf 85' lang='grc' dir='ltr'>τοπαράπαν</span> <span class='ocrx_word' id='word_1_585' title='bbox 1172 4273 1184 4287; x_wconf 77' lang='grc' dir='ltr'><strong><em>ο</em></strong></span> <span class='ocrx_word' id='word_1_586' title='bbox 1239 4254 1454 4310; x_wconf 91' lang='grc' dir='ltr'>Παῦλον</span> <span class='ocrx_word' id='word_1_587' title='bbox 1504 4251 1561 4309; x_wconf 71' lang='grc' dir='ltr'>δὲ</span> <span class='ocrx_word' id='word_1_588' title='bbox 1589 4258 1654 4322; x_wconf 75' lang='grc' dir='ltr'>ἦν</span> <span class='ocrx_word' id='word_1_589' title='bbox 1700 4256 1850 4317; x_wconf 76' lang='grc' dir='ltr'>ὅλως</span> <span class='ocrx_word' id='word_1_590' title='bbox 1895 4255 2022 4309; x_wconf 85' lang='grc' dir='ltr'>ἀτε-</span> 
     </span>
    </p>
   </div>
   <div class='ocr_carea' id='block_1_80' title="bbox 373 4341 2023 4417">
    <p class='ocr_par' dir='ltr' id='par_1_80' title="bbox 373 4341 2023 4417">
     <span class='ocr_line' id='line_1_81' title="bbox 373 4341 2023 4417; baseline -0.001 -19"><span class='ocrx_word' id='word_1_591' title='bbox 373 4346 479 4404; x_wconf 81' lang='grc' dir='ltr'>νῶς</span> <span class='ocrx_word' id='word_1_592' title='bbox 533 4343 830 4417; x_wconf 85' lang='grc' dir='ltr'>βλέπουσα,</span> <span class='ocrx_word' id='word_1_593' title='bbox 866 4341 1048 4416; x_wconf 81' lang='grc' dir='ltr'>ὥσπερ</span> <span class='ocrx_word' id='word_1_594' title='bbox 1077 4342 1138 4396; x_wconf 82' lang='grc' dir='ltr'>ἐκ</span> <span class='ocrx_word' id='word_1_595' title='bbox 1189 4343 1385 4398; x_wconf 87' lang='grc' dir='ltr'>τούτου</span> <span class='ocrx_word' id='word_1_596' title='bbox 1447 4344 1633 4416; x_wconf 86' lang='grc' dir='ltr'>μόνου,</span> <span class='ocrx_word' id='word_1_597' title='bbox 1666 4346 1761 4397; x_wconf 89' lang='grc' dir='ltr'>τοῦ</span> <span class='ocrx_word' id='word_1_598' title='bbox 1819 4342 2023 4398; x_wconf 84' lang='grc' dir='ltr'>ἐκεῖνον</span> 
     </span>
    </p>
   </div>
   <div class='ocr_carea' id='block_1_81' title="bbox 379 4427 2020 4506">
    <p class='ocr_par' dir='ltr' id='par_1_81' title="bbox 379 4427 2020 4506">
     <span class='ocr_line' id='line_1_82' title="bbox 379 4427 2020 4506; baseline -0.001 -18"><span class='ocrx_word' id='word_1_599' title='bbox 379 4433 530 4506; x_wconf 81' lang='grc' dir='ltr'>ὁρᾷν,</span> <span class='ocrx_word' id='word_1_600' title='bbox 554 4431 616 4485; x_wconf 88' lang='grc' dir='ltr'>τὸ</span> <span class='ocrx_word' id='word_1_601' title='bbox 648 4431 894 4484; x_wconf 77' lang='grc' dir='ltr'>ἀναπνεῖν</span> <span class='ocrx_word' id='word_1_602' title='bbox 927 4427 1135 4504; x_wconf 76' lang='grc' dir='ltr'>ἔχουσα</span> <span class='ocrx_word' id='word_1_603' title='bbox 1164 4432 1252 4484; x_wconf 87' lang='grc' dir='ltr'>καὶ</span> <span class='ocrx_word' id='word_1_604' title='bbox 1294 4431 1356 4485; x_wconf 89' lang='grc' dir='ltr'>τὸ</span> <span class='ocrx_word' id='word_1_605' title='bbox 1406 4434 1525 4504; x_wconf 79' lang='grc' dir='ltr'>ζῇν.</span> <span class='ocrx_word' id='word_1_606' title='bbox 1559 4431 1818 4486; x_wconf 88' lang='grc' dir='ltr'>Θεοκλεία</span> <span class='ocrx_word' id='word_1_607' title='bbox 1875 4429 1931 4486; x_wconf 76' lang='grc' dir='ltr'>δὲ</span> <span class='ocrx_word' id='word_1_608' title='bbox 1985 4433 2020 4501; x_wconf 82' lang='grc' dir='ltr'><strong>ἡ</strong></span> 
     </span>
    </p>
   </div>
   <div class='ocr_carea' id='block_1_82' title="bbox 2135 3273 3768 3353">
    <p class='ocr_par' dir='ltr' id='par_1_82' title="bbox 2135 3273 3768 3353">
     <span class='ocr_line' id='line_1_83' title="bbox 2135 3273 3768 3353; baseline -0.007 -17"><span class='ocrx_word' id='word_1_609' title='bbox 2135 3296 2404 3353; x_wconf 86' lang='lat' dir='ltr'>magnam</span> <span class='ocrx_word' id='word_1_610' title='bbox 2438 3279 2522 3335; x_wconf 90' lang='lat' dir='ltr'>illi</span> <span class='ocrx_word' id='word_1_611' title='bbox 2549 3279 2731 3335; x_wconf 82' lang='lat' dir='ltr'>animi</span> <span class='ocrx_word' id='word_1_612' title='bbox 2751 3278 3108 3335; x_wconf 81' lang='lat' dir='ltr'>alacritatem</span> <span class='ocrx_word' id='word_1_613' title='bbox 3142 3275 3412 3332; x_wconf 88' lang='lat' dir='ltr'>addebat.</span> <span class='ocrx_word' id='word_1_614' title='bbox 3436 3273 3635 3328; x_wconf 91' lang='lat' dir='ltr'>Turba</span> <span class='ocrx_word' id='word_1_615' title='bbox 3664 3286 3768 3325; x_wconf 85' lang='lat' dir='ltr'>au-</span> 
     </span>
    </p>
   </div>
   <div class='ocr_carea' id='block_1_83' title="bbox 2131 3358 3769 3439">
    <p class='ocr_par' dir='ltr' id='par_1_83' title="bbox 2131 3358 3769 3439">
     <span class='ocr_line' id='line_1_84' title="bbox 2131 3358 3769 3439; baseline -0.008 -15"><span class='ocrx_word' id='word_1_616' title='bbox 2131 3373 2274 3438; x_wconf 87' lang='lat' dir='ltr'>tem,</span> <span class='ocrx_word' id='word_1_617' title='bbox 2307 3384 2542 3423; x_wconf 89' lang='lat' dir='ltr'>rursum</span> <span class='ocrx_word' id='word_1_618' title='bbox 2577 3367 2858 3439; x_wconf 91' lang='lat' dir='ltr'>producto</span> <span class='ocrx_word' id='word_1_619' title='bbox 2891 3365 3083 3432; x_wconf 90' lang='lat' dir='ltr'>Paulo,</span> <span class='ocrx_word' id='word_1_620' title='bbox 3115 3378 3328 3435; x_wconf 89' lang='lat' dir='ltr'>magna</span> <span class='ocrx_word' id='word_1_621' title='bbox 3363 3358 3769 3415; x_wconf 82' lang='lat' dir='ltr'>vociferatione</span> 
     </span>
    </p>
   </div>
   <div class='ocr_carea' id='block_1_84' title="bbox 2132 3451 3766 3529">
    <p class='ocr_par' dir='ltr' id='par_1_84' title="bbox 2132 3451 3766 3529">
     <span class='ocr_line' id='line_1_85' title="bbox 2132 3451 3766 3529; baseline -0.009 -15"><span class='ocrx_word' id='word_1_622' title='bbox 2132 3475 2259 3524; x_wconf 88' lang='lat' dir='ltr'>usa,</span> <span class='ocrx_word' id='word_1_623' title='bbox 2293 3456 2690 3529; x_wconf 66' lang='lat' dir='ltr'>Praestigiator</span> <span class='ocrx_word' id='word_1_624' title='bbox 2742 3459 2850 3519; x_wconf 88' lang='lat' dir='ltr'>est,</span> <span class='ocrx_word' id='word_1_625' title='bbox 2895 3452 3188 3526; x_wconf 89' lang='lat' dir='ltr'>inquiunt,</span> <span class='ocrx_word' id='word_1_626' title='bbox 3236 3453 3448 3523; x_wconf 89' lang='lat' dir='ltr'>pereat.</span> <span class='ocrx_word' id='word_1_627' title='bbox 3488 3451 3766 3502; x_wconf 63' lang='lat' dir='ltr'>Ceterum</span> 
     </span>
    </p>
   </div>
   <div class='ocr_carea' id='block_1_85' title="bbox 2133 3537 3769 3616">
    <p class='ocr_par' dir='ltr' id='par_1_85' title="bbox 2133 3537 3769 3616">
     <span class='ocr_line' id='line_1_86' title="bbox 2133 3537 3769 3616; baseline -0.009 -14"><span class='ocrx_word' id='word_1_628' title='bbox 2133 3563 2249 3602; x_wconf 90' lang='lat' dir='ltr'>non</span> <span class='ocrx_word' id='word_1_629' title='bbox 2300 3546 2466 3602; x_wconf 84' lang='lat' dir='ltr'>facile</span> <span class='ocrx_word' id='word_1_630' title='bbox 2519 3546 2674 3616; x_wconf 91' lang='lat' dir='ltr'>quod</span> <span class='ocrx_word' id='word_1_631' title='bbox 2734 3545 3025 3608; x_wconf 88' lang='lat' dir='ltr'>volebant,</span> <span class='ocrx_word' id='word_1_632' title='bbox 3085 3537 3416 3613; x_wconf 90' lang='lat' dir='ltr'>proconsuli</span> <span class='ocrx_word' id='word_1_633' title='bbox 3466 3550 3769 3608; x_wconf 89' lang='lat' dir='ltr'>persuase-</span> 
     </span>
    </p>
   </div>
   <div class='ocr_carea' id='block_1_86' title="bbox 2132 3626 3762 3706">
    <p class='ocr_par' dir='ltr' id='par_1_86' title="bbox 2132 3626 3762 3706">
     <span class='ocr_line' id='line_1_87' title="bbox 2132 3626 3762 3706; baseline -0.008 -15"><span class='ocrx_word' id='word_1_634' title='bbox 2132 3639 2290 3706; x_wconf 90' lang='lat' dir='ltr'>runt,</span> <span class='ocrx_word' id='word_1_635' title='bbox 2341 3635 2431 3690; x_wconf 89' lang='lat' dir='ltr'>cui</span> <span class='ocrx_word' id='word_1_636' title='bbox 2490 3633 2650 3690; x_wconf 85' lang='lat' dir='ltr'>Pauli</span> <span class='ocrx_word' id='word_1_637' title='bbox 2709 3649 2899 3690; x_wconf 89' lang='lat' dir='ltr'>sermo</span> <span class='ocrx_word' id='word_1_638' title='bbox 2931 3649 3062 3688; x_wconf 89' lang='lat' dir='ltr'>cum</span> <span class='ocrx_word' id='word_1_639' title='bbox 3109 3629 3300 3686; x_wconf 85' lang='lat' dir='ltr'>studio</span> <span class='ocrx_word' id='word_1_640' title='bbox 3349 3626 3762 3698; x_wconf 87' lang='lat' dir='ltr'>accipiebatur,</span> 
     </span>
    </p>
   </div>
   <div class='ocr_carea' id='block_1_87' title="bbox 2132 3715 3773 3796">
    <p class='ocr_par' dir='ltr' id='par_1_87' title="bbox 2132 3715 3773 3796">
     <span class='ocr_line' id='line_1_88' title="bbox 2132 3715 3773 3796; baseline -0.007 -16"><span class='ocrx_word' id='word_1_641' title='bbox 2132 3725 2492 3796; x_wconf 86' lang='lat' dir='ltr'>libenterque</span> <span class='ocrx_word' id='word_1_642' title='bbox 2549 3723 2839 3789; x_wconf 88' lang='lat' dir='ltr'>audiebat,</span> <span class='ocrx_word' id='word_1_643' title='bbox 2881 3738 3010 3793; x_wconf 66' lang='lat' dir='ltr'>quae</span> <span class='ocrx_word' id='word_1_644' title='bbox 3051 3720 3148 3776; x_wconf 90' lang='lat' dir='ltr'>ille</span> <span class='ocrx_word' id='word_1_645' title='bbox 3189 3719 3260 3775; x_wconf 90' lang='lat' dir='ltr'>de</span> <span class='ocrx_word' id='word_1_646' title='bbox 3309 3716 3488 3773; x_wconf 84' lang='lat' dir='ltr'>sacris</span> <span class='ocrx_word' id='word_1_647' title='bbox 3538 3715 3711 3771; x_wconf 91' lang='lat' dir='ltr'>rebus</span> <span class='ocrx_word' id='word_1_648' title='bbox 3741 3731 3773 3768; x_wconf 90' lang='lat' dir='ltr'>a</span> 
     </span>
    </p>
   </div>
   <div class='ocr_carea' id='block_1_88' title="bbox 2132 3806 3770 3885">
    <p class='ocr_par' dir='ltr' id='par_1_88' title="bbox 2132 3806 3770 3885">
     <span class='ocr_line' id='line_1_89' title="bbox 2132 3806 3770 3885; baseline -0.008 -15"><span class='ocrx_word' id='word_1_649' title='bbox 2132 3813 2363 3870; x_wconf 89' lang='lat' dir='ltr'>Christo</span> <span class='ocrx_word' id='word_1_650' title='bbox 2394 3812 2573 3885; x_wconf 86' lang='lat' dir='ltr'>gestis</span> <span class='ocrx_word' id='word_1_651' title='bbox 2616 3810 2848 3884; x_wconf 91' lang='lat' dir='ltr'>publice</span> <span class='ocrx_word' id='word_1_652' title='bbox 2887 3809 3225 3866; x_wconf 86' lang='lat' dir='ltr'>disserebat.</span> <span class='ocrx_word' id='word_1_653' title='bbox 3260 3807 3547 3862; x_wconf 79' lang='lat' dir='ltr'>Advocata</span> <span class='ocrx_word' id='word_1_654' title='bbox 3578 3806 3770 3858; x_wconf 88' lang='lat' dir='ltr'>autem</span> 
     </span>
    </p>
   </div>
   <div class='ocr_carea' id='block_1_89' title="bbox 2132 3891 3767 3974">
    <p class='ocr_par' dir='ltr' id='par_1_89' title="bbox 2132 3891 3767 3974">
     <span class='ocr_line' id='line_1_90' title="bbox 2132 3891 3767 3974; baseline -0.007 -16"><span class='ocrx_word' id='word_1_655' title='bbox 2132 3901 2362 3972; x_wconf 86' lang='lat' dir='ltr'>Thecla,</span> <span class='ocrx_word' id='word_1_656' title='bbox 2397 3901 2532 3970; x_wconf 90' lang='lat' dir='ltr'>Cur,</span> <span class='ocrx_word' id='word_1_657' title='bbox 2564 3900 2776 3974; x_wconf 90' lang='lat' dir='ltr'>inquit.</span> <span class='ocrx_word' id='word_1_658' title='bbox 2808 3896 3146 3970; x_wconf 87' lang='lat' dir='ltr'>Thamyridi</span> <span class='ocrx_word' id='word_1_659' title='bbox 3178 3897 3346 3968; x_wconf 79' lang='lat' dir='ltr'>juxta</span> <span class='ocrx_word' id='word_1_660' title='bbox 3376 3891 3767 3951; x_wconf 90' lang='lat' dir='ltr'>Iconiensium</span> 
     </span>
    </p>
   </div>
   <div class='ocr_carea' id='block_1_90' title="bbox 2129 3981 3766 4062">
    <p class='ocr_par' dir='ltr' id='par_1_90' title="bbox 2129 3981 3766 4062">
     <span class='ocr_line' id='line_1_91' title="bbox 2129 3981 3766 4062; baseline -0.007 -16"><span class='ocrx_word' id='word_1_661' title='bbox 2129 3990 2316 4062; x_wconf 86' lang='lat' dir='ltr'>legem</span> <span class='ocrx_word' id='word_1_662' title='bbox 2355 4007 2471 4046; x_wconf 89' lang='lat' dir='ltr'>non</span> <span class='ocrx_word' id='word_1_663' title='bbox 2522 3989 2740 4046; x_wconf 80' lang='lat' dir='ltr'>nubis?</span> <span class='ocrx_word' id='word_1_664' title='bbox 2769 3986 2980 4044; x_wconf 89' lang='lat' dir='ltr'>Thecla</span> <span class='ocrx_word' id='word_1_665' title='bbox 3009 4002 3142 4043; x_wconf 86' lang='lat' dir='ltr'>vero</span> <span class='ocrx_word' id='word_1_666' title='bbox 3178 3981 3582 4056; x_wconf 89' lang='lat' dir='ltr'>proconsulem</span> <span class='ocrx_word' id='word_1_667' title='bbox 3635 3995 3766 4036; x_wconf 89' lang='lat' dir='ltr'>cum</span> 
     </span>
    </p>
   </div>
   <div class='ocr_carea' id='block_1_91' title="bbox 2131 4069 3762 4148">
    <p class='ocr_par' dir='ltr' id='par_1_91' title="bbox 2131 4069 3762 4148">
     <span class='ocr_line' id='line_1_92' title="bbox 2131 4069 3762 4148; baseline -0.009 -12"><span class='ocrx_word' id='word_1_668' title='bbox 2131 4080 2255 4136; x_wconf 88' lang='lat' dir='ltr'>suis</span> <span class='ocrx_word' id='word_1_669' title='bbox 2285 4080 2418 4136; x_wconf 89' lang='lat' dir='ltr'>istis</span> <span class='ocrx_word' id='word_1_670' title='bbox 2446 4079 2661 4146; x_wconf 87' lang='lat' dir='ltr'>verbis,</span> <span class='ocrx_word' id='word_1_671' title='bbox 2694 4077 2940 4148; x_wconf 91' lang='lat' dir='ltr'>ipsoque</span> <span class='ocrx_word' id='word_1_672' title='bbox 2979 4076 3122 4130; x_wconf 88' lang='lat' dir='ltr'>adeo</span> <span class='ocrx_word' id='word_1_673' title='bbox 3169 4073 3549 4144; x_wconf 89' lang='lat' dir='ltr'>magistratus</span> <span class='ocrx_word' id='word_1_674' title='bbox 3588 4069 3762 4136; x_wconf 87' lang='lat' dir='ltr'>fastu,</span> 
     </span>
    </p>
   </div>
   <div class='ocr_carea' id='block_1_92' title="bbox 2133 4157 3764 4238">
    <p class='ocr_par' dir='ltr' id='par_1_92' title="bbox 2133 4157 3764 4238">
     <span class='ocr_line' id='line_1_93' title="bbox 2133 4157 3764 4238; baseline -0.007 -16"><span class='ocrx_word' id='word_1_675' title='bbox 2133 4184 2235 4238; x_wconf 90' lang='lat' dir='ltr'>pro</span> <span class='ocrx_word' id='word_1_676' title='bbox 2272 4184 2447 4237; x_wconf 91' lang='lat' dir='ltr'>parvo</span> <span class='ocrx_word' id='word_1_677' title='bbox 2485 4183 2625 4222; x_wconf 87' lang='lat' dir='ltr'>sane</span> <span class='ocrx_word' id='word_1_678' title='bbox 2664 4181 2729 4221; x_wconf 91' lang='lat' dir='ltr'>ac</span> <span class='ocrx_word' id='word_1_679' title='bbox 2758 4163 2856 4219; x_wconf 90' lang='lat' dir='ltr'>vili</span> <span class='ocrx_word' id='word_1_680' title='bbox 2887 4163 3139 4220; x_wconf 81' lang='lat' dir='ltr'>habebat</span> <span class='ocrx_word' id='word_1_681' title='bbox 3168 4178 3182 4217; x_wconf 88' lang='lat'><strong>:</strong></span> <span class='ocrx_word' id='word_1_682' title='bbox 3216 4163 3294 4216; x_wconf 91' lang='lat' dir='ltr'>ita</span> <span class='ocrx_word' id='word_1_683' title='bbox 3325 4167 3387 4216; x_wconf 92' lang='lat' dir='ltr'>ut</span> <span class='ocrx_word' id='word_1_684' title='bbox 3415 4176 3487 4216; x_wconf 90' lang='lat' dir='ltr'>ne</span> <span class='ocrx_word' id='word_1_685' title='bbox 3524 4157 3764 4213; x_wconf 78' lang='lat' dir='ltr'>verbum</span> 
     </span>
    </p>
   </div>
   <div class='ocr_carea' id='block_1_93' title="bbox 2131 4247 3766 4328">
    <p class='ocr_par' dir='ltr' id='par_1_93' title="bbox 2131 4247 3766 4328">
     <span class='ocr_line' id='line_1_94' title="bbox 2131 4247 3766 4328; baseline -0.007 -17"><span class='ocrx_word' id='word_1_686' title='bbox 2131 4255 2370 4328; x_wconf 88' lang='lat' dir='ltr'>quidem</span> <span class='ocrx_word' id='word_1_687' title='bbox 2403 4255 2486 4310; x_wconf 90' lang='lat' dir='ltr'>illi</span> <span class='ocrx_word' id='word_1_688' title='bbox 2537 4253 2930 4323; x_wconf 90' lang='lat' dir='ltr'>responderet,</span> <span class='ocrx_word' id='word_1_689' title='bbox 2961 4252 3033 4306; x_wconf 90' lang='lat' dir='ltr'>ad</span> <span class='ocrx_word' id='word_1_690' title='bbox 3082 4249 3327 4305; x_wconf 89' lang='lat' dir='ltr'>Paulum</span> <span class='ocrx_word' id='word_1_691' title='bbox 3372 4247 3766 4303; x_wconf 83' lang='lat' dir='ltr'>indesinenter</span> 
     </span>
    </p>
   </div>
   <div class='ocr_carea' id='block_1_94' title="bbox 2130 4337 3766 4411">
    <p class='ocr_par' dir='ltr' id='par_1_94' title="bbox 2130 4337 3766 4411">
     <span class='ocr_line' id='line_1_95' title="bbox 2130 4337 3766 4411; baseline -0.009 -9"><span class='ocrx_word' id='word_1_692' title='bbox 2130 4344 2370 4402; x_wconf 88' lang='lat' dir='ltr'>omnino</span> <span class='ocrx_word' id='word_1_693' title='bbox 2401 4342 2652 4409; x_wconf 90' lang='lat' dir='ltr'>intuens,</span> <span class='ocrx_word' id='word_1_694' title='bbox 2678 4349 2951 4411; x_wconf 86' lang='lat' dir='ltr'>tanquam</span> <span class='ocrx_word' id='word_1_695' title='bbox 2975 4339 3022 4396; x_wconf 92' lang='lat' dir='ltr'>si</span> <span class='ocrx_word' id='word_1_696' title='bbox 3055 4355 3124 4394; x_wconf 84' lang='lat' dir='ltr'>ex</span> <span class='ocrx_word' id='word_1_697' title='bbox 3147 4337 3267 4394; x_wconf 89' lang='lat' dir='ltr'>solo</span> <span class='ocrx_word' id='word_1_698' title='bbox 3296 4337 3424 4406; x_wconf 88' lang='lat' dir='ltr'>ejus</span> <span class='ocrx_word' id='word_1_699' title='bbox 3453 4337 3766 4405; x_wconf 91' lang='lat' dir='ltr'>conspectu</span> 
     </span>
    </p>
   </div>
   <div class='ocr_carea' id='block_1_95' title="bbox 2133 4425 3770 4506">
    <p class='ocr_par' dir='ltr' id='par_1_95' title="bbox 2133 4425 3770 4506">
     <span class='ocr_line' id='line_1_96' title="bbox 2133 4425 3770 4506; baseline -0.009 -17"><span class='ocrx_word' id='word_1_700' title='bbox 2133 4434 2447 4506; x_wconf 87' lang='lat' dir='ltr'>respiraret</span> <span class='ocrx_word' id='word_1_701' title='bbox 2499 4448 2564 4487; x_wconf 90' lang='lat' dir='ltr'>ac</span> <span class='ocrx_word' id='word_1_702' title='bbox 2617 4430 2848 4487; x_wconf 89' lang='lat' dir='ltr'>viveret.</span> <span class='ocrx_word' id='word_1_703' title='bbox 2880 4432 3015 4497; x_wconf 73' lang='lat' dir='ltr'>Quae</span> <span class='ocrx_word' id='word_1_704' title='bbox 3073 4429 3210 4485; x_wconf 90' lang='lat' dir='ltr'>dum</span> <span class='ocrx_word' id='word_1_705' title='bbox 3257 4425 3542 4483; x_wconf 88' lang='lat' dir='ltr'>Theoclea</span> <span class='ocrx_word' id='word_1_706' title='bbox 3587 4429 3770 4479; x_wconf 89' lang='lat' dir='ltr'>mater</span> 
     </span>
    </p>
   </div>
   <div class='ocr_carea' id='block_1_96' title="bbox 385 4518 2022 4620">
    <p class='ocr_par' dir='ltr' id='par_1_96' title="bbox 385 4518 2020 4595">
     <span class='ocr_line' id='line_1_97' title="bbox 385 4518 2020 4595; baseline 0.002 -21"><span class='ocrx_word' id='word_1_707' title='bbox 385 4522 572 4595; x_wconf 80' lang='grc' dir='ltr'>μήτηρ</span> <span class='ocrx_word' id='word_1_708' title='bbox 625 4518 792 4588; x_wconf 80' lang='grc' dir='ltr'>αὐτῆς</span> <span class='ocrx_word' id='word_1_709' title='bbox 850 4519 1031 4594; x_wconf 81' lang='grc' dir='ltr'>ὁρῶσα</span> <span class='ocrx_word' id='word_1_710' title='bbox 1087 4523 1277 4592; x_wconf 88' lang='grc' dir='ltr'>ταῦτα,</span> <span class='ocrx_word' id='word_1_711' title='bbox 1325 4519 1416 4575; x_wconf 86' lang='grc' dir='ltr'>καὶ</span> <span class='ocrx_word' id='word_1_712' title='bbox 1471 4525 1551 4593; x_wconf 78' lang='grc' dir='ltr'>τῷ</span> <span class='ocrx_word' id='word_1_713' title='bbox 1608 4525 1822 4595; x_wconf 84' lang='grc' dir='ltr'>θυμικῷ</span> <span class='ocrx_word' id='word_1_714' title='bbox 1868 4522 2020 4595; x_wconf 87' lang='grc' dir='ltr'>σάλῳ</span> 
     </span>
    </p>
   </div>
   <div class='ocr_carea' id='block_1_97' title="bbox 2136 4518 3765 4620">
    <p class='ocr_par' dir='ltr' id='par_1_97' title="bbox 2136 4518 3765 4596">
     <span class='ocr_line' id='line_1_98' title="bbox 2136 4518 3765 4596; baseline -0.01 -15"><span class='ocrx_word' id='word_1_715' title='bbox 2136 4525 2260 4596; x_wconf 87' lang='lat' dir='ltr'>ejus</span> <span class='ocrx_word' id='word_1_716' title='bbox 2298 4523 2473 4590; x_wconf 88' lang='lat' dir='ltr'>videt,</span> <span class='ocrx_word' id='word_1_717' title='bbox 2505 4521 2818 4578; x_wconf 62' lang='lat' dir='ltr'>iracundia</span> <span class='ocrx_word' id='word_1_718' title='bbox 2850 4525 2991 4577; x_wconf 67' lang='lat' dir='ltr'>astu</span> <span class='ocrx_word' id='word_1_719' title='bbox 3028 4519 3105 4575; x_wconf 85' lang='lat' dir='ltr'>ita</span> <span class='ocrx_word' id='word_1_720' title='bbox 3151 4518 3388 4590; x_wconf 84' lang='lat' dir='ltr'>agitata,</span> <span class='ocrx_word' id='word_1_721' title='bbox 3420 4518 3486 4570; x_wconf 88' lang='lat' dir='ltr'>ut</span> <span class='ocrx_word' id='word_1_722' title='bbox 3525 4518 3765 4568; x_wconf 87' lang='lat' dir='ltr'>matrem</span> 
     </span>
    </p>
   </div>
   <div class='ocr_carea' id='block_1_98' title="bbox 379 4602 2022 4685">
    <p class='ocr_par' dir='ltr' id='par_1_98' title="bbox 379 4608 2021 4685">
     <span class='ocr_line' id='line_1_99' title="bbox 379 4608 2021 4685; baseline 0.001 -20"><span class='ocrx_word' id='word_1_723' title='bbox 379 4610 470 4665; x_wconf 75' lang='grc' dir='ltr'>καὶ</span> <span class='ocrx_word' id='word_1_724' title='bbox 519 4609 688 4664; x_wconf 81' lang='grc' dir='ltr'>αὐτοῦ</span> <span class='ocrx_word' id='word_1_725' title='bbox 740 4612 836 4662; x_wconf 87' lang='grc' dir='ltr'>τοῦ</span> <span class='ocrx_word' id='word_1_726' title='bbox 893 4608 1032 4663; x_wconf 80' lang='grc' dir='ltr'>εἶναι</span> <span class='ocrx_word' id='word_1_727' title='bbox 1101 4611 1288 4685; x_wconf 74' lang='grc' dir='ltr'>μήτηρ</span> <span class='ocrx_word' id='word_1_728' title='bbox 1347 4608 1705 4684; x_wconf 80' lang='grc' dir='ltr'>ἐκλαθομένη,</span> <span class='ocrx_word' id='word_1_729' title='bbox 1758 4609 2021 4666; x_wconf 79' lang='grc' dir='ltr'>Κατᾶκαιε</span> 
     </span>
    </p>
   </div>
   <div class='ocr_carea' id='block_1_99' title="bbox 2136 4602 3763 4685">
    <p class='ocr_par' dir='ltr' id='par_1_99' title="bbox 2136 4602 3763 4678">
     <span class='ocr_line' id='line_1_100' title="bbox 2136 4602 3763 4678; baseline -0.01 -7"><span class='ocrx_word' id='word_1_730' title='bbox 2136 4614 2369 4671; x_wconf 91' lang='lat' dir='ltr'>omnino</span> <span class='ocrx_word' id='word_1_731' title='bbox 2392 4627 2455 4668; x_wconf 88' lang='lat' dir='ltr'>se</span> <span class='ocrx_word' id='word_1_732' title='bbox 2477 4627 2604 4667; x_wconf 88' lang='lat' dir='ltr'>esse</span> <span class='ocrx_word' id='word_1_733' title='bbox 2626 4609 3089 4676; x_wconf 85' lang='lat' dir='ltr'>oblivisceretur,</span> <span class='ocrx_word' id='word_1_734' title='bbox 3111 4611 3243 4676; x_wconf 88' lang='lat' dir='ltr'>Ure,</span> <span class='ocrx_word' id='word_1_735' title='bbox 3260 4602 3763 4678; x_wconf 80' lang='lat' dir='ltr'>inquit,exlegem,</span> 
     </span>
    </p>
   </div>
   <div class='ocr_carea' id='block_1_100' title="bbox 379 4691 2020 4776">
    <p class='ocr_par' dir='ltr' id='par_1_100' title="bbox 379 4691 2020 4776">
     <span class='ocr_line' id='line_1_101' title="bbox 379 4691 2020 4776; baseline 0.001 -22"><span class='ocrx_word' id='word_1_736' title='bbox 379 4699 471 4754; x_wconf 85' lang='grc' dir='ltr'>τὸν</span> <span class='ocrx_word' id='word_1_737' title='bbox 531 4695 754 4771; x_wconf 74' lang='grc' dir='ltr'>ἄνομον,</span> <span class='ocrx_word' id='word_1_738' title='bbox 796 4691 968 4774; x_wconf 80' lang='grc' dir='ltr'>ἔλεγε,</span> <span class='ocrx_word' id='word_1_739' title='bbox 1001 4697 1257 4754; x_wconf 83' lang='grc' dir='ltr'>κατάκαιε</span> <span class='ocrx_word' id='word_1_740' title='bbox 1310 4699 1401 4755; x_wconf 85' lang='grc' dir='ltr'>τὸν</span> <span class='ocrx_word' id='word_1_741' title='bbox 1461 4697 1726 4776; x_wconf 74' lang='grc' dir='ltr'>ἅνυμφον,</span> <span class='ocrx_word' id='word_1_742' title='bbox 1758 4699 1808 4756; x_wconf 81' lang='grc' dir='ltr'>ἐν</span> <span class='ocrx_word' id='word_1_743' title='bbox 1872 4701 2020 4773; x_wconf 79' lang='grc' dir='ltr'>μέσῳ</span> 
     </span>
    </p>
   </div>
   <div class='ocr_carea' id='block_1_101' title="bbox 380 4787 1245 4867">
    <p class='ocr_par' dir='ltr' id='par_1_101' title="bbox 380 4787 1245 4867">
     <span class='ocr_line' id='line_1_102' title="bbox 380 4787 1245 4867; baseline 0 -22"><span class='ocrx_word' id='word_1_744' title='bbox 380 4793 481 4845; x_wconf 86' lang='grc' dir='ltr'>τοῦ</span> <span class='ocrx_word' id='word_1_745' title='bbox 511 4787 727 4844; x_wconf 82' lang='grc' dir='ltr'>σταδίου</span> <span class='ocrx_word' id='word_1_746' title='bbox 758 4790 846 4844; x_wconf 90' lang='grc' dir='ltr'>καὶ</span> <span class='ocrx_word' id='word_1_747' title='bbox 874 4793 972 4844; x_wconf 90' lang='grc' dir='ltr'>τοῦ</span> <span class='ocrx_word' id='word_1_748' title='bbox 1003 4789 1245 4867; x_wconf 80' lang='grc' dir='ltr'>θεάτρου.</span> 
     </span>
    </p>
   </div>
   <div class='ocr_carea' id='block_1_102' title="bbox 455 4878 2020 4961">
    <p class='ocr_par' dir='ltr' id='par_1_102' title="bbox 455 4878 2020 4961">
     <span class='ocr_line' id='line_1_103' title="bbox 455 4878 2020 4961; baseline 0.003 -27"><span class='ocrx_word' id='word_1_749' title='bbox 455 4881 524 4937; x_wconf 88' lang='grc' dir='ltr'>Ζ’.</span> <span class='ocrx_word' id='word_1_750' title='bbox 550 4881 782 4937; x_wconf 84' lang='grc' dir='ltr'>Ἐπαθεν</span> <span class='ocrx_word' id='word_1_751' title='bbox 814 4878 905 4935; x_wconf 85' lang='grc' dir='ltr'>οῦν</span> <span class='ocrx_word' id='word_1_752' title='bbox 935 4882 1033 4951; x_wconf 81' lang='grc' dir='ltr'>τὴν</span> <span class='ocrx_word' id='word_1_753' title='bbox 1075 4883 1260 4961; x_wconf 74' lang='grc' dir='ltr'>ψυχὴν</span> <span class='ocrx_word' id='word_1_754' title='bbox 1312 4881 1403 4937; x_wconf 82' lang='grc' dir='ltr'>καὶ</span> <span class='ocrx_word' id='word_1_755' title='bbox 1439 4883 1466 4936; x_wconf 86' lang='grc' dir='ltr'>ὁ</span> <span class='ocrx_word' id='word_1_756' title='bbox 1495 4882 1720 4956; x_wconf 75' lang='grc' dir='ltr'>ἡγεμὼν</span> <span class='ocrx_word' id='word_1_757' title='bbox 1755 4879 2020 4951; x_wconf 86' lang='grc' dir='ltr'>ἐκτόπως,</span> 
     </span>
    </p>
   </div>
   <div class='ocr_carea' id='block_1_103' title="bbox 384 4966 2020 5048">
    <p class='ocr_par' dir='ltr' id='par_1_103' title="bbox 384 4966 2020 5048">
     <span class='ocr_line' id='line_1_104' title="bbox 384 4966 2020 5048; baseline 0.002 -26"><span class='ocrx_word' id='word_1_758' title='bbox 384 4966 609 5030; x_wconf 86' lang='grc' dir='ltr'>καὶτοῖς</span> <span class='ocrx_word' id='word_1_759' title='bbox 658 4967 811 5030; x_wconf 83' lang='grc' dir='ltr'>ὅλοις</span> <span class='ocrx_word' id='word_1_760' title='bbox 870 4969 1300 5044; x_wconf 82' lang='grc' dir='ltr'>ἀπορηθεὶς,τὸν</span> <span class='ocrx_word' id='word_1_761' title='bbox 1360 4969 1452 5043; x_wconf 75' lang='grc' dir='ltr'>μὲν</span> <span class='ocrx_word' id='word_1_762' title='bbox 1510 4968 1724 5025; x_wconf 85' lang='grc' dir='ltr'>Παῦλον</span> <span class='ocrx_word' id='word_1_763' title='bbox 1780 4969 2020 5048; x_wconf 77' lang='grc' dir='ltr'>φλαγελ-</span> 
     </span>
    </p>
   </div>
   <div class='ocr_carea' id='block_1_104' title="bbox 385 5052 2022 5134">
    <p class='ocr_par' dir='ltr' id='par_1_104' title="bbox 385 5052 2022 5134">
     <span class='ocr_line' id='line_1_105' title="bbox 385 5052 2022 5134; baseline 0 -19"><span class='ocrx_word' id='word_1_764' title='bbox 385 5058 586 5131; x_wconf 87' lang='grc' dir='ltr'>λώσας,</span> <span class='ocrx_word' id='word_1_765' title='bbox 621 5052 878 5113; x_wconf 78' lang='grc' dir='ltr'>ἐκϐάλλει</span> <span class='ocrx_word' id='word_1_766' title='bbox 938 5065 1040 5129; x_wconf 83' lang='grc' dir='ltr'>τῆς</span> <span class='ocrx_word' id='word_1_767' title='bbox 1094 5058 1348 5120; x_wconf 89' lang='grc' dir='ltr'>πόλεως·</span> <span class='ocrx_word' id='word_1_768' title='bbox 1382 5059 1584 5115; x_wconf 80' lang='grc' dir='ltr'>Θέκλαν</span> <span class='ocrx_word' id='word_1_769' title='bbox 1644 5057 1701 5114; x_wconf 75' lang='grc' dir='ltr'>δὲ</span> <span class='ocrx_word' id='word_1_770' title='bbox 1756 5059 2022 5134; x_wconf 84' lang='grc' dir='ltr'>πυρίκαυ-</span> 
     </span>
    </p>
   </div>
   <div class='ocr_carea' id='block_1_105' title="bbox 385 5143 2020 5223">
    <p class='ocr_par' dir='ltr' id='par_1_105' title="bbox 385 5143 2020 5223">
     <span class='ocr_line' id='line_1_106' title="bbox 385 5143 2020 5223; baseline 0.002 -20"><span class='ocrx_word' id='word_1_771' title='bbox 385 5168 506 5203; x_wconf 90' lang='grc' dir='ltr'>στον</span> <span class='ocrx_word' id='word_1_772' title='bbox 589 5143 832 5223; x_wconf 76' lang='grc' dir='ltr'>γενέσθαι</span> <span class='ocrx_word' id='word_1_773' title='bbox 915 5145 1283 5218; x_wconf 74' lang='grc' dir='ltr'>καταδικᾶζει.</span> <span class='ocrx_word' id='word_1_774' title='bbox 1366 5147 1543 5211; x_wconf 79' lang='grc' dir='ltr'>Αὐτὸς</span> <span class='ocrx_word' id='word_1_775' title='bbox 1633 5145 1690 5203; x_wconf 75' lang='grc' dir='ltr'>δὲ</span> <span class='ocrx_word' id='word_1_776' title='bbox 1769 5148 2020 5210; x_wconf 80' lang='grc' dir='ltr'>ἀναστὰς.</span> 
     </span>
    </p>
   </div>
   <div class='ocr_carea' id='block_1_106' title="bbox 384 5233 2022 5314">
    <p class='ocr_par' dir='ltr' id='par_1_106' title="bbox 384 5233 2022 5314">
     <span class='ocr_line' id='line_1_107' title="bbox 384 5233 2022 5314; baseline 0 -23"><span class='ocrx_word' id='word_1_777' title='bbox 384 5234 639 5311; x_wconf 82' lang='grc' dir='ltr'>ἠπείγετο</span> <span class='ocrx_word' id='word_1_778' title='bbox 668 5234 806 5310; x_wconf 87' lang='grc' dir='ltr'>πρὸς</span> <span class='ocrx_word' id='word_1_779' title='bbox 835 5235 898 5290; x_wconf 87' lang='grc' dir='ltr'>τὸ</span> <span class='ocrx_word' id='word_1_780' title='bbox 929 5234 1174 5310; x_wconf 72' lang='grc' dir='ltr'>θέατρον,</span> <span class='ocrx_word' id='word_1_781' title='bbox 1217 5237 1305 5291; x_wconf 84' lang='grc' dir='ltr'>καὶ</span> <span class='ocrx_word' id='word_1_782' title='bbox 1364 5242 1466 5299; x_wconf 79' lang='grc' dir='ltr'>πᾶς</span> <span class='ocrx_word' id='word_1_783' title='bbox 1524 5234 1582 5292; x_wconf 64' lang='grc' dir='ltr'>δὲ</span> <span class='ocrx_word' id='word_1_784' title='bbox 1637 5238 1664 5292; x_wconf 86' lang='grc' dir='ltr'>ὁ</span> <span class='ocrx_word' id='word_1_785' title='bbox 1725 5233 1898 5314; x_wconf 77' lang='grc' dir='ltr'>ὄχλος</span> <span class='ocrx_word' id='word_1_786' title='bbox 1935 5235 2022 5292; x_wconf 80' lang='grc' dir='ltr'>ἐπὶ</span> 
     </span>
    </p>
   </div>
   <div class='ocr_carea' id='block_1_107' title="bbox 383 5323 2022 5400">
    <p class='ocr_par' dir='ltr' id='par_1_107' title="bbox 383 5323 2022 5400">
     <span class='ocr_line' id='line_1_108' title="bbox 383 5323 2022 5400; baseline 0 -20"><span class='ocrx_word' id='word_1_787' title='bbox 383 5325 482 5392; x_wconf 80' lang='grc' dir='ltr'>τὴν</span> <span class='ocrx_word' id='word_1_788' title='bbox 532 5323 653 5380; x_wconf 75' lang='grc' dir='ltr'>θέαν</span> <span class='ocrx_word' id='word_1_789' title='bbox 708 5323 908 5394; x_wconf 85' lang='grc' dir='ltr'>ταύτην</span> <span class='ocrx_word' id='word_1_790' title='bbox 967 5323 1130 5398; x_wconf 76' lang='grc' dir='ltr'>ἐξῄει.</span> <span class='ocrx_word' id='word_1_791' title='bbox 1161 5326 1224 5383; x_wconf 87' lang='grc' dir='ltr'><em>Ἥ</em></span> <span class='ocrx_word' id='word_1_792' title='bbox 1256 5323 1430 5381; x_wconf 86' lang='grc' dir='ltr'>Θέκλα</span> <span class='ocrx_word' id='word_1_793' title='bbox 1483 5327 1668 5398; x_wconf 71' lang='grc' dir='ltr'>μέντοι</span> <span class='ocrx_word' id='word_1_794' title='bbox 1723 5326 1796 5388; x_wconf 87' lang='grc' dir='ltr'>ὡς</span> <span class='ocrx_word' id='word_1_795' title='bbox 1854 5324 2022 5400; x_wconf 84' lang='grc' dir='ltr'>ἀμνὸς</span> 
     </span>
    </p>
   </div>
   <div class='ocr_carea' id='block_1_108' title="bbox 385 5411 2022 5490">
    <p class='ocr_par' dir='ltr' id='par_1_108' title="bbox 385 5411 2022 5490">
     <span class='ocr_line' id='line_1_109' title="bbox 385 5411 2022 5490; baseline 0.001 -22"><span class='ocrx_word' id='word_1_796' title='bbox 385 5412 438 5468; x_wconf 77' lang='grc' dir='ltr'>ἐν</span> <span class='ocrx_word' id='word_1_797' title='bbox 494 5411 688 5487; x_wconf 77' lang='grc' dir='ltr'>ἐρήμῳ</span> <span class='ocrx_word' id='word_1_798' title='bbox 743 5413 838 5467; x_wconf 85' lang='grc' dir='ltr'>τὸν</span> <span class='ocrx_word' id='word_1_799' title='bbox 895 5412 1150 5486; x_wconf 82' lang='grc' dir='ltr'>ποιμένα,</span> <span class='ocrx_word' id='word_1_800' title='bbox 1184 5413 1358 5478; x_wconf 76' lang='grc' dir='ltr'>οὕτως</span> <span class='ocrx_word' id='word_1_801' title='bbox 1412 5413 1545 5484; x_wconf 82' lang='grc' dir='ltr'>αύτὴ</span> <span class='ocrx_word' id='word_1_802' title='bbox 1589 5412 1802 5469; x_wconf 87' lang='grc' dir='ltr'>Παῦλον</span> <span class='ocrx_word' id='word_1_803' title='bbox 1860 5434 2022 5490; x_wconf 87' lang='grc' dir='ltr'>περι-</span> 
     </span>
    </p>
   </div>
   <div class='ocr_carea' id='block_1_109' title="bbox 391 5498 2023 5581">
    <p class='ocr_par' dir='ltr' id='par_1_109' title="bbox 391 5498 2023 5581">
     <span class='ocr_line' id='line_1_110' title="bbox 391 5498 2023 5581; baseline 0.001 -25"><span class='ocrx_word' id='word_1_804' title='bbox 391 5504 665 5556; x_wconf 80' lang='grc' dir='ltr'>σκοποῦσα</span> <span class='ocrx_word' id='word_1_805' title='bbox 718 5503 783 5570; x_wconf 70' lang='grc' dir='ltr'>ἦν</span> <span class='ocrx_word' id='word_1_806' title='bbox 817 5519 832 5533; x_wconf 83' lang='grc'><strong>·</strong></span> <span class='ocrx_word' id='word_1_807' title='bbox 890 5501 980 5556; x_wconf 82' lang='grc' dir='ltr'>καὶ</span> <span class='ocrx_word' id='word_1_808' title='bbox 1038 5501 1178 5557; x_wconf 74' lang='grc' dir='ltr'>οὕτω</span> <span class='ocrx_word' id='word_1_809' title='bbox 1235 5498 1637 5577; x_wconf 78' lang='grc' dir='ltr'>περιϐλεπούσῃ</span> <span class='ocrx_word' id='word_1_810' title='bbox 1691 5501 2023 5581; x_wconf 80' lang='grc' dir='ltr'>ἐπιφαίνεται</span> 
     </span>
    </p>
   </div>
   <div class='ocr_carea' id='block_1_110' title="bbox 392 5591 2022 5668">
    <p class='ocr_par' dir='ltr' id='par_1_110' title="bbox 392 5591 2022 5668">
     <span class='ocr_line' id='line_1_111' title="bbox 392 5591 2022 5668; baseline 0.003 -22"><span class='ocrx_word' id='word_1_811' title='bbox 392 5591 698 5663; x_wconf 77' lang='grc' dir='ltr'>καθήμενος</span> <span class='ocrx_word' id='word_1_812' title='bbox 762 5591 790 5646; x_wconf 83' lang='grc' dir='ltr'>ὁ</span> <span class='ocrx_word' id='word_1_813' title='bbox 849 5593 1103 5668; x_wconf 81' lang='grc' dir='ltr'>Χριστὸς,</span> <span class='ocrx_word' id='word_1_814' title='bbox 1162 5591 1374 5649; x_wconf 81' lang='grc' dir='ltr'>Παῦλον</span> <span class='ocrx_word' id='word_1_815' title='bbox 1461 5591 1905 5668; x_wconf 84' lang='grc' dir='ltr'>ὑποκρινάμενος.</span> <span class='ocrx_word' id='word_1_816' title='bbox 1961 5594 2022 5651; x_wconf 82' lang='grc' dir='ltr'><em>Ἦ</em></span> 
     </span>
    </p>
   </div>
   <div class='ocr_carea' id='block_1_111' title="bbox 2131 4691 3690 4774">
    <p class='ocr_par' dir='ltr' id='par_1_111' title="bbox 2131 4691 3690 4774">
     <span class='ocr_line' id='line_1_112' title="bbox 2131 4691 3690 4774; baseline -0.01 -15"><span class='ocrx_word' id='word_1_817' title='bbox 2131 4720 2235 4759; x_wconf 87' lang='lat' dir='ltr'>ure</span> <span class='ocrx_word' id='word_1_818' title='bbox 2274 4701 2526 4774; x_wconf 87' lang='lat' dir='ltr'>conjugii</span> <span class='ocrx_word' id='word_1_819' title='bbox 2559 4701 2779 4757; x_wconf 86' lang='lat' dir='ltr'>hostem</span> <span class='ocrx_word' id='word_1_820' title='bbox 2808 4699 2866 4755; x_wconf 88' lang='lat' dir='ltr'>in</span> <span class='ocrx_word' id='word_1_821' title='bbox 2901 4699 3088 4754; x_wconf 89' lang='lat' dir='ltr'>medio</span> <span class='ocrx_word' id='word_1_822' title='bbox 3120 4697 3279 4764; x_wconf 90' lang='lat' dir='ltr'>circi,</span> <span class='ocrx_word' id='word_1_823' title='bbox 3311 4695 3428 4750; x_wconf 87' lang='lat' dir='ltr'>sive</span> <span class='ocrx_word' id='word_1_824' title='bbox 3458 4691 3690 4748; x_wconf 83' lang='lat' dir='ltr'>theatri.</span> 
     </span>
    </p>
   </div>
   <div class='ocr_carea' id='block_1_112' title="bbox 2202 4870 3764 4949">
    <p class='ocr_par' dir='ltr' id='par_1_112' title="bbox 2202 4870 3764 4949">
     <span class='ocr_line' id='line_1_113' title="bbox 2202 4870 3764 4949; baseline -0.006 -15"><span class='ocrx_word' id='word_1_825' title='bbox 2202 4881 2324 4937; x_wconf 86' lang='lat' dir='ltr'>VII.</span> <span class='ocrx_word' id='word_1_826' title='bbox 2367 4882 2587 4936; x_wconf 69' lang='lat' dir='ltr'>Praises</span> <span class='ocrx_word' id='word_1_827' title='bbox 2620 4879 2854 4934; x_wconf 82' lang='lat' dir='ltr'>interim</span> <span class='ocrx_word' id='word_1_828' title='bbox 2885 4894 3060 4949; x_wconf 91' lang='lat' dir='ltr'>supra</span> <span class='ocrx_word' id='word_1_829' title='bbox 3119 4875 3356 4930; x_wconf 89' lang='lat' dir='ltr'>modum</span> <span class='ocrx_word' id='word_1_830' title='bbox 3401 4870 3598 4928; x_wconf 90' lang='lat' dir='ltr'>animo</span> <span class='ocrx_word' id='word_1_831' title='bbox 3649 4878 3764 4926; x_wconf 88' lang='lat' dir='ltr'>tur-</span> 
     </span>
    </p>
   </div>
   <div class='ocr_carea' id='block_1_113' title="bbox 2132 4958 3771 5038">
    <p class='ocr_par' dir='ltr' id='par_1_113' title="bbox 2132 4958 3771 5038">
     <span class='ocr_line' id='line_1_114' title="bbox 2132 4958 3771 5038; baseline -0.007 -12"><span class='ocrx_word' id='word_1_832' title='bbox 2132 4970 2323 5036; x_wconf 87' lang='lat' dir='ltr'>batus,</span> <span class='ocrx_word' id='word_1_833' title='bbox 2358 4973 2413 5025; x_wconf 89' lang='lat' dir='ltr'>et</span> <span class='ocrx_word' id='word_1_834' title='bbox 2461 4967 2690 5025; x_wconf 85' lang='lat' dir='ltr'>consilii</span> <span class='ocrx_word' id='word_1_835' title='bbox 2716 4967 2907 5038; x_wconf 90' lang='lat' dir='ltr'>inops,</span> <span class='ocrx_word' id='word_1_836' title='bbox 2935 4964 3176 5020; x_wconf 92' lang='lat' dir='ltr'>Paulum</span> <span class='ocrx_word' id='word_1_837' title='bbox 3213 4960 3566 5034; x_wconf 86' lang='lat' dir='ltr'>ﬂagellatum</span> <span class='ocrx_word' id='word_1_838' title='bbox 3629 4958 3771 5015; x_wconf 89' lang='lat' dir='ltr'>urbe</span> 
     </span>
    </p>
   </div>
   <div class='ocr_carea' id='block_1_114' title="bbox 2133 5049 3767 5130">
    <p class='ocr_par' dir='ltr' id='par_1_114' title="bbox 2133 5049 3767 5130">
     <span class='ocr_line' id='line_1_115' title="bbox 2133 5049 3767 5130; baseline -0.007 -16"><span class='ocrx_word' id='word_1_839' title='bbox 2133 5058 2312 5130; x_wconf 86' lang='lat' dir='ltr'>ejicit,</span> <span class='ocrx_word' id='word_1_840' title='bbox 2370 5057 2640 5114; x_wconf 80' lang='lat' dir='ltr'>Theclam</span> <span class='ocrx_word' id='word_1_841' title='bbox 2699 5072 2834 5113; x_wconf 90' lang='lat' dir='ltr'>vero</span> <span class='ocrx_word' id='word_1_842' title='bbox 2889 5054 3011 5127; x_wconf 86' lang='lat' dir='ltr'>igni</span> <span class='ocrx_word' id='word_1_843' title='bbox 3076 5051 3427 5109; x_wconf 84' lang='lat' dir='ltr'>exurendam</span> <span class='ocrx_word' id='word_1_844' title='bbox 3498 5049 3767 5106; x_wconf 90' lang='lat' dir='ltr'>condem-</span> 
     </span>
    </p>
   </div>
   <div class='ocr_carea' id='block_1_115' title="bbox 2134 5136 3766 5220">
    <p class='ocr_par' dir='ltr' id='par_1_115' title="bbox 2134 5136 3766 5220">
     <span class='ocr_line' id='line_1_116' title="bbox 2134 5136 3766 5220; baseline -0.007 -15"><span class='ocrx_word' id='word_1_845' title='bbox 2134 5153 2236 5204; x_wconf 90' lang='lat' dir='ltr'>nat</span> <span class='ocrx_word' id='word_1_846' title='bbox 2287 5164 2300 5204; x_wconf 92' lang='lat'><strong>:</strong></span> <span class='ocrx_word' id='word_1_847' title='bbox 2346 5164 2708 5220; x_wconf 86' lang='lat' dir='ltr'>surgensque</span> <span class='ocrx_word' id='word_1_848' title='bbox 2737 5146 2798 5202; x_wconf 91' lang='lat' dir='ltr'>in</span> <span class='ocrx_word' id='word_1_849' title='bbox 2830 5147 3148 5209; x_wconf 89' lang='lat' dir='ltr'>theatrum,</span> <span class='ocrx_word' id='word_1_850' title='bbox 3180 5157 3298 5196; x_wconf 89' lang='lat' dir='ltr'>una</span> <span class='ocrx_word' id='word_1_851' title='bbox 3326 5155 3461 5197; x_wconf 91' lang='lat' dir='ltr'>cum</span> <span class='ocrx_word' id='word_1_852' title='bbox 3508 5141 3625 5194; x_wconf 89' lang='lat' dir='ltr'>tota</span> <span class='ocrx_word' id='word_1_853' title='bbox 3662 5136 3766 5193; x_wconf 88' lang='lat' dir='ltr'>illa</span> 
     </span>
    </p>
   </div>
   <div class='ocr_carea' id='block_1_116' title="bbox 2133 5227 3760 5306">
    <p class='ocr_par' dir='ltr' id='par_1_116' title="bbox 2133 5227 3760 5306">
     <span class='ocr_line' id='line_1_117' title="bbox 2133 5227 3760 5306; baseline -0.007 -14"><span class='ocrx_word' id='word_1_854' title='bbox 2133 5236 2532 5304; x_wconf 88' lang='lat' dir='ltr'>multitudine,</span> <span class='ocrx_word' id='word_1_855' title='bbox 2580 5235 2653 5292; x_wconf 87' lang='lat' dir='ltr'>ad</span> <span class='ocrx_word' id='word_1_856' title='bbox 2711 5234 2821 5292; x_wconf 85' lang='lat' dir='ltr'>tale</span> <span class='ocrx_word' id='word_1_857' title='bbox 2868 5231 3265 5306; x_wconf 87' lang='lat' dir='ltr'>spectaculum</span> <span class='ocrx_word' id='word_1_858' title='bbox 3314 5229 3562 5286; x_wconf 84' lang='lat' dir='ltr'>festinus</span> <span class='ocrx_word' id='word_1_859' title='bbox 3621 5227 3760 5282; x_wconf 82' lang='lat' dir='ltr'>exit.</span> 
     </span>
    </p>
   </div>
   <div class='ocr_carea' id='block_1_117' title="bbox 2136 5320 3765 5394">
    <p class='ocr_par' dir='ltr' id='par_1_117' title="bbox 2136 5320 3765 5394">
     <span class='ocr_line' id='line_1_118' title="bbox 2136 5320 3765 5394; baseline -0.008 -12"><span class='ocrx_word' id='word_1_860' title='bbox 2136 5325 2373 5382; x_wconf 84' lang='lat' dir='ltr'>Interim</span> <span class='ocrx_word' id='word_1_861' title='bbox 2403 5327 2478 5394; x_wconf 35' lang='lat' dir='ltr'>ut.</span> <span class='ocrx_word' id='word_1_862' title='bbox 2513 5339 2698 5393; x_wconf 79' lang='lat' dir='ltr'>agnus</span> <span class='ocrx_word' id='word_1_863' title='bbox 2724 5324 2784 5379; x_wconf 91' lang='lat' dir='ltr'>in</span> <span class='ocrx_word' id='word_1_864' title='bbox 2839 5323 2965 5379; x_wconf 90' lang='lat' dir='ltr'>loco</span> <span class='ocrx_word' id='word_1_865' title='bbox 2995 5323 3217 5378; x_wconf 90' lang='lat' dir='ltr'>deserto</span> <span class='ocrx_word' id='word_1_866' title='bbox 3263 5320 3332 5376; x_wconf 90' lang='lat' dir='ltr'>ad</span> <span class='ocrx_word' id='word_1_867' title='bbox 3365 5333 3538 5374; x_wconf 89' lang='lat' dir='ltr'>suum</span> <span class='ocrx_word' id='word_1_868' title='bbox 3571 5321 3765 5388; x_wconf 89' lang='lat' dir='ltr'>pasto-</span> 
     </span>
    </p>
   </div>
   <div class='ocr_carea' id='block_1_118' title="bbox 2133 5405 3764 5486">
    <p class='ocr_par' dir='ltr' id='par_1_118' title="bbox 2133 5405 3764 5486">
     <span class='ocr_line' id='line_1_119' title="bbox 2133 5405 3764 5486; baseline -0.011 -12"><span class='ocrx_word' id='word_1_869' title='bbox 2133 5433 2279 5486; x_wconf 85' lang='lat' dir='ltr'>rem,</span> <span class='ocrx_word' id='word_1_870' title='bbox 2311 5416 2395 5472; x_wconf 91' lang='lat' dir='ltr'>ita</span> <span class='ocrx_word' id='word_1_871' title='bbox 2427 5412 2637 5472; x_wconf 87' lang='lat' dir='ltr'>Thecla</span> <span class='ocrx_word' id='word_1_872' title='bbox 2683 5413 2754 5468; x_wconf 86' lang='lat' dir='ltr'>ad</span> <span class='ocrx_word' id='word_1_873' title='bbox 2789 5411 3034 5468; x_wconf 89' lang='lat' dir='ltr'>Paulum</span> <span class='ocrx_word' id='word_1_874' title='bbox 3079 5407 3475 5482; x_wconf 79' lang='lat' dir='ltr'>aspiciendam</span> <span class='ocrx_word' id='word_1_875' title='bbox 3507 5405 3764 5461; x_wconf 88' lang='lat' dir='ltr'>circum-</span> 
     </span>
    </p>
   </div>
   <div class='ocr_carea' id='block_1_119' title="bbox 2134 5495 3766 5581">
    <p class='ocr_par' dir='ltr' id='par_1_119' title="bbox 2134 5495 3766 5581">
     <span class='ocr_line' id='line_1_120' title="bbox 2134 5495 3766 5581; baseline -0.011 -16"><span class='ocrx_word' id='word_1_876' title='bbox 2134 5525 2358 5581; x_wconf 85' lang='lat' dir='ltr'>quaque</span> <span class='ocrx_word' id='word_1_877' title='bbox 2405 5507 2601 5564; x_wconf 89' lang='lat' dir='ltr'>oculos</span> <span class='ocrx_word' id='word_1_878' title='bbox 2647 5504 2915 5561; x_wconf 90' lang='lat' dir='ltr'>intendit.</span> <span class='ocrx_word' id='word_1_879' title='bbox 2950 5504 3106 5569; x_wconf 89' lang='lat' dir='ltr'>Quod</span> <span class='ocrx_word' id='word_1_880' title='bbox 3138 5502 3278 5557; x_wconf 90' lang='lat' dir='ltr'>dum</span> <span class='ocrx_word' id='word_1_881' title='bbox 3316 5499 3474 5566; x_wconf 87' lang='lat' dir='ltr'>facit,</span> <span class='ocrx_word' id='word_1_882' title='bbox 3505 5495 3766 5551; x_wconf 85' lang='lat' dir='ltr'>Christus</span> 
     </span>
    </p>
   </div>
   <div class='ocr_carea' id='block_1_120' title="bbox 2134 5584 3763 5664">
    <p class='ocr_par' dir='ltr' id='par_1_120' title="bbox 2134 5584 3763 5664">
     <span class='ocr_line' id='line_1_121' title="bbox 2134 5584 3763 5664; baseline -0.012 -10"><span class='ocrx_word' id='word_1_883' title='bbox 2134 5596 2300 5654; x_wconf 88' lang='lat' dir='ltr'>Pauli</span> <span class='ocrx_word' id='word_1_884' title='bbox 2347 5597 2534 5655; x_wconf 81' lang='lat' dir='ltr'>forma</span> <span class='ocrx_word' id='word_1_885' title='bbox 2585 5593 2928 5664; x_wconf 85' lang='lat' dir='ltr'>assimilata,</span> <span class='ocrx_word' id='word_1_886' title='bbox 2986 5592 3195 5650; x_wconf 88' lang='lat' dir='ltr'>sedens</span> <span class='ocrx_word' id='word_1_887' title='bbox 3257 5589 3446 5646; x_wconf 89' lang='lat' dir='ltr'>eidem</span> <span class='ocrx_word' id='word_1_888' title='bbox 3504 5584 3763 5655; x_wconf 89' lang='lat' dir='ltr'>apparet.</span> 
     </span>
    </p>
   </div>
  </div>
