4124 6270
397 299 512 360 831

401 462 549 518 Tum
581 457 684 515 illa
714 457 864 514 intra
893 472 955 512 se
1006 472 1019 511 :
1052 453 1210 520 Quod
1254 451 1470 520 animo,
1503 449 1714 520 inquit,
1748 463 1861 503 non
1894 444 2038 502 satis
2066 443 2124 511 Α

407 566 616 622 magno
670 565 736 603 ac
783 561 1059 618 generoso
1111 542 1239 607 sim,
1271 541 1486 596 idcirco
1535 538 1748 592 Paulus
1796 553 1857 592 se
1895 534 2040 589 mihi

405 636 884 708 conspiciendum
943 633 1129 698 offert,
1180 633 1435 700 dumque
1468 629 1686 683 intente
1729 626 1898 681 illum
1943 625 2042 679 in—

403 731 619 792 tuetur,
652 727 780 796 ipsa
808 724 1055 789 vidente,
1086 722 1143 777 in
1173 722 1349 777 cmlos
1380 720 1500 774 abit
1533 735 1546 772 :
1583 717 1776 789 pueris
1805 715 2036 772 interim

403 821 460 872 et
515 814 838 886 virginibus
895 812 1056 884 ligna
1103 815 1158 867 et
1189 810 1452 876 herbam,
1485 809 1554 864 ad
1585 808 1859 862 Theclam
1908 822 2042 860 exu-

404 901 670 970 rendam,
694 899 1214 969 comportantibus,
1248 915 1373 968 qua:
1395 905 1454 951 ut
1478 897 1633 951 nuda
1655 896 1894 950 inducta
1913 894 2036 962 fuit,

406 990 670 1062 protinus
719 989 1024 1060 praesidem
1069 989 1340 1058 inspectes
1390 985 1780 1058 pulchritudo,
1819 985 2041 1040 formas-

407 1095 541 1151 que,
602 1078 932 1149 praastantia
999 1077 1275 1148 percellit,
1325 1075 1869 1146 commiseratioque
1924 1072 2037 1145 ipsi

409 1183 617 1238 magna
661 1167 894 1236 injecta,
930 1166 1082 1237 quod
1116 1165 1248 1220 talis
1280 1165 1438 1235 virgo
1487 1164 1683 1220 statim
1713 1167 1866 1219 esset
1896 1162 2041 1234 peri-

405 1260 558 1321 tura,
590 1255 731 1309 adeo
765 1259 828 1309 ut
867 1255 1041 1309 etiam
1074 1255 1130 1308 in
1163 1253 1449 1326 lacrymas
1477 1253 1808 1308 manifestas
1853 1267 1914 1307 ea
1947 1267 2038 1308 res

406 1343 704 1398 hominem
754 1342 1032 1414 adigeret.
1069 1343 1267 1414 Lignis
1304 1349 1493 1398 autem
1530 1345 1650 1413 jam
1708 1342 2038 1410 substratis,

406 1435 676 1498 tortores,
727 1436 792 1485 ut
849 1432 1281 1499 conscenderet,
1316 1436 1727 1503 praeceperunt,
1762 1446 2038 1488 conscen-

411 1519 496 1574 dit
552 1518 670 1584 illa,
705 1519 891 1592 ﬁgura
936 1536 998 1575 se
1049 1520 1238 1575 crucis
1296 1522 1672 1592 consignans,
1724 1521 1807 1575 illi
1843 1520 2037 1591 ignem

408 1609 736 1664 accendunt
787 1625 800 1664 :
847 1609 946 1679 qui
979 1608 1285 1678 plurimam
1345 1609 1503 1664 illam
1539 1611 1835 1666 materiam
1862 1610 2038 1665 corri-

407 1695 572 1767 piens
617 1699 673 1750 et
724 1696 1078 1751 vehementer
1123 1701 1348 1763 auctus,
1407 1697 1566 1753 illam
1627 1701 1865 1754 omnino
1923 1714 2036 1752 non

405 1783 618 1854 attigit.
651 1784 868 1856 Nempe
899 1785 1202 1856 oportebat
1231 1786 1289 1839 in
1323 1785 1422 1840 illa
1460 1787 1759 1858 compleri,
1784 1786 1936 1855 quod
1966 1787 2038 1842 ab

409 1874 555 1929 Isaia
613 1875 1063 1945 praenuntiatum
1116 1876 1347 1931 fuerat:
1391 1877 1691 1933 «Etiamsi
1743 1878 2042 1933 transieris

409 1979 511 2033 per
539 1968 979 2034 aquam,tecum
1015 1981 1166 2032 sum,
1192 1969 1248 2019 et
1279 1963 1521 2022 ﬂumina
1553 1983 1665 2022 non
1698 1966 2043 2022 concludent

406 2055 505 2107 te:
543 2056 598 2107 et
634 2052 682 2108 si
733 2053 1027 2109 transieris
1057 2070 1158 2126 per
1195 2054 1414 2126 ignem,
1444 2073 1556 2110 non
1599 2057 1957 2112 combureris
1996 2057 2039 2126 ε,

411 2155 596 2210 neque
619 2158 758 2197 sane
787 2143 1089 2197 combusta
1119 2143 1247 2211 fuit,
1280 2144 1430 2200 nube
1449 2161 1608 2216 aquae
1629 2145 1816 2216 ipsam
1847 2146 2040 2202 inum-

409 2227 637 2296 brante,
670 2231 1068 2302 grandineque
1097 2232 1156 2286 in
1191 2235 1366 2288 totam
1400 2249 1636 2288 arenam
1659 2235 1738 2288 ita
1755 2234 1956 2302 effusa,
1982 2241 2043 2290 ut

411 2320 468 2371 et
514 2316 668 2387 ignis
707 2319 1193 2389 exstingueretur,
1222 2325 1278 2375 et
1317 2321 1484 2375 multi
1537 2323 1637 2393 qui
1682 2323 1923 2378 aderant
1978 2340 2042 2378 ea

406 2403 731 2474 interirent,
765 2407 978 2463 Thecla
1009 2412 1202 2465 autem
1251 2409 1376 2466 sine
1407 2426 1552 2465 noxa
1583 2417 2036 2467 conservaretur.

445 2493 619 2574 ⁵νΙΙΙ.
681 2495 897 2552 Paulus
955 2497 1175 2554 interea
1217 2515 1350 2556 cum
1383 2501 1742 2573 Onesiphoro
1789 2519 1853 2556 ac
1912 2504 2040 2574 ejus

409 2597 582 2638 uxore
630 2587 807 2656 atque
861 2585 1081 2657 liberis,
1114 2588 1174 2644 in
1229 2595 1606 2646 monumento
1639 2591 1892 2662 quodam
1951 2591 2039 2645 in-

403 2674 577 2739 tecto,
606 2673 758 2742 quod
785 2673 953 2744 juxta
984 2675 1156 2746 viam,
1195 2692 1317 2748 quae
1348 2678 1420 2733 ab
1452 2679 1590 2734 urbe
1622 2678 1813 2734 Iconio
1847 2679 2037 2750 Daph-

407 2774 535 2813 nem
571 2759 694 2828 fert,
719 2761 893 2816 situm
921 2765 1653 2836 erat,jejunioinsistebat,
1679 2784 1793 2838 quo
1818 2768 2040 2824 diutius

409 2854 717 2918 protracto,
779 2850 960 2907 fames
1024 2868 1227 2922 pueros
1285 2855 1494 2911 invasit
1560 2873 1574 2911 :
1634 2857 1733 2928 qui
1789 2856 2034 2913 Paulum

406 2936 706 3004 adeuntes,
775 2939 1112 3008 Esurimus,
1155 2943 1448 3014 inquiunt,
1505 2960 1689 3017 neque
1753 2945 2038 3002 habemus

403 3041 517 3096 quo
556 3041 734 3096 panes
765 3043 1046 3085 emamus.
1082 3031 1476 3104 Onesiphorus
1506 3035 1686 3103 enim,
1712 3037 1836 3107 jam
1869 3054 2035 3092 mun-

403 3113 460 3167 di
494 3114 665 3170 rebus
692 3117 1097 3189 valerejussis,
1121 3137 1250 3176 eum
1287 3129 1401 3178 tota
1423 3139 1530 3179 sua
1553 3124 1767 3180 familia
1795 3126 2030 3182 Paulum
2067 3157 2118 3222 Ο

404 3203 748 3273 sequebatur
778 3223 791 3262 :
825 3208 924 3277 qui
970 3225 1031 3263 se
1065 3210 1267 3280 penula
1307 3229 1411 3268 sua
1441 3229 1676 3283 exuens,
1711 3231 1886 3287 puero
1917 3222 2034 3272 tra-

407 3290 514 3356 dit,
555 3295 629 3358 et,
687 3295 817 3364 Abi,
876 3295 1082 3366 inquit,
1121 3298 1344 3372 hacque
1403 3320 1578 3373 panes
1637 3320 1813 3376 quam
1870 3311 2034 3376 potes

407 3377 689 3450 plurimos
714 3393 1005 3456 coemptos
1027 3387 1096 3442 ad
1125 3405 1228 3444 nos
1259 3391 1438 3446 adfer.
1457 3395 1610 3459 Quos
1641 3410 1771 3448 cum
1795 3399 2032 3461 emeret,

407 3483 558 3556 ecce,
589 3470 861 3528 Theclam
891 3475 1065 3543 videt,
1097 3485 1149 3532 et
1184 3495 1296 3548 prae
1346 3481 1732 3537 admiratione
1760 3483 2033 3556 obstupe-

406 3555 592 3612 factus
651 3559 984 3632 (agnoverat
1043 3565 1198 3620 enim
1264 3566 1448 3639 illam,
1510 3571 1724 3643 quippe
1782 3555 2036 3644 quaslin

401 3645 601 3734 eadem
659 3665 852 3706 secum
882 3653 1118 3710 ‘vicinia
1166 3655 1520 3730 habitasset),
1552 3661 1621 3715 Et
1658 3677 1790 3730 quo,
1823 3662 2036 3734 inquit,

403 3750 434 3788 ο
467 3733 698 3805 Thecla,
731 3755 846 3809 quo
879 3742 1069 3812 pergis
1095 3742 1123 3796 ?
1152 3743 1410 3814 Paulum,
1442 3748 1542 3815 ait,
1576 3764 1645 3802 ex
1674 3750 1808 3822 igne
1836 3767 2036 3807 recens

407 3827 652 3891 servata,
708 3842 1045 3897 persequor,
1105 3831 1197 3886 cui
1229 3848 1392 3903 puer,
1427 3835 1646 3891 Ducam
1697 3838 1770 3893 ad
1819 3837 2033 3894 illum:

404 3912 679 3982 quoniam
729 3919 829 3969 tua
859 3933 1034 3973 causa
1081 3919 1137 3973 in
1199 3921 1450 3978 maxima
1496 3922 1888 3981 sollicitudine
1927 3933 2035 3995 est,

407 4006 675 4075 totosque
727 4006 852 4077 jam
893 4024 993 4064 sex
1039 4009 1160 4067 dies
1201 4012 1427 4084 jejunio
1475 4018 1532 4070 et
1560 4016 1806 4072 orationi
1853 4018 2038 4074 inten-

408 4093 522 4148 tus.
583 4093 715 4157 Quas
772 4095 868 4150 ubi
913 4099 984 4152 ad
1044 4101 1371 4173 sepulcrum
1434 4106 1698 4175 accessit,
1743 4107 1918 4164 Paulo
1978 4107 2036 4163 in

403 4195 594 4252 genua
616 4183 958 4254 proclinata,
983 4189 1344 4262 dicenteque,
1377 4194 1768 4253 DomineJesu
1793 4197 2035 4270 Christe,

403 4285 476 4326 ne
524 4271 773 4344 attingat
830 4275 983 4347 ignis
1030 4278 1310 4337 famulam
1345 4286 1508 4340 tuam
1554 4285 1842 4357 Theclam,
1873 4287 1974 4343 illa
2004 4307 2038 4344 a

398 4363 560 4431 tergo
617 4363 920 4432 assistens,
966 4367 1137 4423 Pater
1209 4370 1518 4442 clamabat,
1564 4375 1659 4444 qui
1717 4376 1920 4432 omium
1982 4383 2038 4432 et

399 4451 611 4535 terram
660 4450 862 4521 fecisti,
895 4453 1171 4512 benedico
1204 4464 1276 4528 te,
1311 4462 1462 4530 quod
1515 4477 1604 4517 me
1633 4478 1700 4517 ex
1754 4464 1886 4535 igne
1916 4482 2033 4520 ser-

402 4534 645 4605 vaveris,
673 4542 738 4592 ut
775 4539 1023 4596 Paulum
1058 4543 1300 4600 videam.
1334 4546 1441 4609 Qui
1474 4555 1535 4602 ut
1587 4534 1854 4619 surrexit,
1885 4551 2037 4606 The-

406 4621 670 4696 clatnque
708 4628 951 4698 aspexit,
993 4628 1192 4688 laetitia
1221 4632 1449 4704 plenus,
1483 4635 1656 4704 Deus,
1695 4636 1907 4710 inquit,
1941 4640 2039 4710 qui

405 4715 770 4786 nostijcorda,
805 4719 972 4775 Pater
996 4721 1221 4778 Domini
1250 4725 1362 4780 mei
1393 4724 1531 4780 Jesu
1563 4725 1795 4796 Christi,
1819 4729 2036 4801 gratias

405 4804 507 4859 tibi
563 4821 693 4878 ago,
752 4809 1043 4880 quoniam,
1117 4813 1273 4883 quod
1330 4831 1362 4868 a
1415 4821 1466 4868 te
1521 4817 1830 4888 postulavi,
1891 4819 2035 4876 mihi

403 4891 636 4981 dedisti.
696 4898 944 4968 Eratque
1001 4900 1061 4955 in
1113 4911 1488 4961 monumento
1560 4906 1744 4963 multa
1799 4925 2037 4981 prorsus

405 4979 690 5052 hilaritas,
729 4986 900 5043 Paulo
957 4993 1014 5046 et
1063 4992 1431 5062 Onesiphoro,
1464 4995 1680 5067 quique
1737 4979 1870 5054 cum
1922 4999 2037 5055 illis

405 5077 589 5138 erant,
649 5091 760 5144 praa
825 5079 1036 5149 gaudio
1092 5081 1488 5139 exultantibus
1551 5086 1756 5158 (panes
1841 5094 2034 5145 autem

406 5158 700 5251 habebant
744 5168 1022 5240 quinque,
1056 5172 1124 5225 ad
1170 5172 1292 5227 haec
1330 5173 1484 5230 olera
1515 5179 1686 5247 atque
1717 5179 1950 5251 aquam)
1980 5184 2038 5236 et

409 5249 481 5301 ob
506 5265 677 5318 opera
702 5252 910 5310 Christi
932 5274 1058 5327 quas
1089 5259 1147 5314 in
1180 5276 1241 5315 se
1262 5262 1680 5333 percipiebant,
1703 5283 1829 5322 sese
1855 5249 2037 5323 oblec-

408 5337 687 5425 tantibus.
737 5340 954 5399 Deinde
1009 5346 1218 5403 Thecla
1274 5353 1341 5406 ad
1402 5353 1648 5409 Paulum
1696 5371 1710 5409 :
1772 5357 2031 5425 Defensa,

397 5422 612 5495 inquit,
649 5439 808 5482 coma
847 5434 902 5484 et
958 5436 1117 5488 veste
1147 5441 1391 5508 mutata,
1421 5445 1692 5512 prompto
1741 5444 1931 5499 animo
1979 5422 2035 5500 te

2070 1815 2124 1880 B

467 5605 491 5641 ³
521 5606 638 5662 Isa.
671 5621 830 5679 xuii,
860 5611 916 5666 2.

1683 281 1970 347 MENSIS
2012 277 2502 342 SEPTEMBEB.

3625 302 3628 305 λ
3691 270 3869 334 832

2149 438 2206 496 δὲ
2261 440 2380 503 καθ’
2438 437 2658 505 ἑαυτὴν,
2717 434 2791 496 ὡς
2847 431 3183 508 μικροψύχῳ
3242 430 3445 493 πάντος
3513 430 3646 502 οῧση
3722 432 3854 489 καὶ

2151 530 2378 604 ἀγεννεῖ,
2439 521 2641 601 ἔλεγεν,
2699 523 2857 594 ἦλθε.
2921 520 3137 584 Παῦλος
3222 519 3450 598 ὀφθῆναί
3540 542 3657 594 μοι,
3724 521 3849 577 καὶ

2147 621 2438 692 προσεῖχεν
2486 615 2660 674 οὕτως
2716 611 2890 675 ἀτενὲς
2926 611 3224 687 βλέπουσα,
3255 611 3343 665 καὶ
3378 611 3436 672 ὃς
3495 609 3570 673 εἷς
3631 609 3843 684 οὖροι-

2147 707 2272 768 νοῦς
2306 704 2490 778 ἀπῄει,
2526 701 2740 776 ὁρώσης
2771 701 2959 771 αὐτῆς,
2995 702 3061 759 Οἱ
3109 698 3299 763 παῖδες
3362 700 3541 774 μέντοι
3594 701 3693 756 καὶ
3761 702 3844 756 αἱ

2147 794 2424 869 παρθένοι,
2454 792 2586 864 ξύλα
2638 792 2723 847 καὶ
2783 793 2982 868 χόρτον
3033 792 3343 869 συνέφερον,
3396 790 3536 845 ὥστε
3595 791 3840 846 Θέκλαν

2147 885 2562 952 κατακαυθῆναι.
2593 887 2678 945 Ὠς
2736 879 2792 936 δὲ
2849 881 3083 955 εἰσήχθη
3116 882 3320 955 γυμνὴ,
3355 876 3648 948 ἐκπλήττει
3704 880 3828 952 μὲν

2149 974 2343 1035 εὐθέως
2399 971 2491 1027 τὸν
2547 970 2810 1047 ἡγεμόνα,
2840 971 2901 1025 τὸ
2959 968 3169 1029 κάλλος
3220 969 3388 1038 αὐτῆς
3440 967 3826 1040 θεασάμενον,

2147 1064 2234 1118 καὶ
2267 1064 2363 1132 την
2390 1059 2533 1137 ὥραν
2569 1078 2582 1093 ·
2613 1057 2767 1121 ἷέλεος
2819 1057 2876 1114 δὲ
2923 1059 3070 1130 αύτῷ
3121 1055 3290 1113 δεινὸν
3340 1051 3634 1130 ἐμϐάλλει,
3672 1058 3823 1113 ὅσον

2149 1149 2301 1206 οὔπω
2358 1147 2702 1212 ἀπόλλυσθαι
2763 1147 3043 1220 μέλλουσα
3087 1147 3313 1216 τοιαύτη
3361 1145 3648 1219 παρθένος,
3678 1145 3822 1202 ὅθεν

2148 1239 2215 1309 δὴ
2271 1241 2359 1295 καὶ
2422 1240 2495 1301 εἰς
2557 1237 2761 1312 δάκρυα
2814 1241 2978 1292 τοῦτο
3038 1234 3236 1316 φανερὰ
3289 1236 3605 1309 κατήνεγκε.
3675 1238 3822 1293 Τῶν

2148 1331 2322 1402 ξύλων
2379 1327 2436 1385 δὲ
2490 1325 2599 1400 ἤδη
2650 1327 3159 1402 καταστρωθέντων,
3219 1324 3466 1380 ἐκέλευον
3512 1325 3686 1394 αὐτὴν
3759 1325 3819 1379 οἱ

2147 1419 2341 1492 δήμιοι
2373 1414 2649 1488 ἐπιϐῆναι.
2683 1419 2746 1474 Ἠ
2780 1417 2836 1471 δὲ
2866 1412 3030 1486 ἐπέϐη
3091 1419 3168 1487 τῷ
3212 1419 3310 1469 τοῦ
3359 1418 3589 1488 σταυροῦ
3641 1415 3818 1488 τύπῳ

2148 1510 2340 1579 ἑαυτὴν
2375 1508 2748 1581 σημειώσασα,
2780 1507 2869 1561 καὶ
2921 1506 2973 1560 οἱ
3008 1502 3204 1577 δήμιοι
3232 1505 3294 1558 τὸ
3343 1507 3449 1580 πῦρ
3499 1502 3752 1580 ἐφῆπτον
3793 1523 3812 1539 ο

2147 1598 2257 1652 εἶτα
2310 1595 2608 1671 διαδραμὸν
2666 1595 2928 1666 πλείστην
2985 1595 3143 1665 ὕλην,
3176 1593 3265 1648 καὶ
3324 1593 3400 1656 εἷς
3435 1592 3590 1648 «πολὺ
3632 1593 3812 1664 αὐξη-

2145 1689 2253 1756 θὶν,
2287 1686 2498 1757 ἐκείνης
2555 1684 2668 1742 οὐδ’
2703 1684 2850 1748 ὅλως
2907 1684 3108 1758 ἥψατο.
3143 1681 3291 1738 Ἔδει
3338 1684 3442 1759 γὰρ
3499 1683 3817 1759 πεπληρῶ-

2147 1790 2269 1844 σθαι
2298 1779 2387 1834 καὶ
2434 1778 2517 1833 ἐπ’
2549 1779 2708 1850 αὐτῇ.
2758 1777 2786 1831 ὃ
2833 1781 2912 1848 τῷ
2973 1775 3101 1848 θείῳ
3159 1774 3349 1843 Ἡσαΐᾳ
3397 1773 3810 1849 προήγγελται,

2171 1871 2178 1884 ι
2313 1865 2338 1888 τι
2405 1866 2427 1886 εκ
2493 1863 2522 1889 ρ
2570 1867 2582 1886 ι
2707 1863 2730 1882 κ
2761 1867 2774 1886 ι
2815 1861 2842 1882 »ι
3174 1861 3187 1879 ι
3312 1866 3337 1878 ε.
3629 1863 3645 1883 ‘

2150 1869 2233 1923 ὁτι
2267 1875 2369 1922 Καν
2401 1887 2673 1939 οιαοαινῃς
2704 1879 2753 1920 οι
2814 1861 3027 1933 υδατος,
3063 1884 3197 1937 μετα
3247 1883 3340 1917 σου
3390 1861 3525 1936 εἰμι,
3557 1884 3647 1918 και
3691 1884 3810 1917 πο-

2149 1957 2318 2031 ταμοὶ
2350 1956 2412 2011 ού
2445 1952 2878 2030 συνεγκλείσουσί
2909 1974 2967 2008 σε
2999 1973 3010 1985 ·
3045 1953 3133 2008 καὶ
3182 1952 3240 2006 ἂν
3292 1950 3514 2027 διέλθῃς
3556 1949 3645 2008 διὰ
3705 1974 3812 2007 πυ-

2153 2047 2268 2123 ρὸς,
2303 2047 2362 2102 ού
2398 2049 2473 2121 μὴ
2511 2047 2869 2121 κατακαυθῇς.
2905 2041 3115 2103 Οὔκουν
3174 2042 3299 2099 οὐδὶ
3355 2041 3750 2098 κατακέκαυται
3788 2062 3805 2075 ⁸

2149 2135 2348 2213 νεφέλη
2401 2137 2503 2211 γὰρ
2562 2133 2758 2197 ὕδατος
2798 2133 2964 2204 αὐτὴν
2996 2131 3298 2203 ἔπεσκίασε,
3333 2130 3552 2211 χάλαζά
3605 2155 3665 2188 τε
3725 2133 3807 2195 εἷς

2151 2221 2287 2280 ἅπαν
2342 2227 2404 2280 τὸ
2459 2223 2654 2304 ἔδαφος
2711 2225 2964 2299 ἐξεχύθη,
2999 2223 3136 2279 ὥστε
3174 2223 3236 2277 τὸ
3273 2221 3369 2294 μὲν
3399 2222 3505 2297 πῦρ
3565 2218 3806 2291 σϐεσθῆ-

2149 2337 2256 2384 ναι,
2288 2316 2538 2376 πολλοὺς
2587 2313 2643 2370 δὲ
2667 2319 2773 2369 τῶν
2809 2313 2920 2368 ἐκεῖ
2946 2315 3229 2389 τυχόντων
3291 2309 3673 2390 διαφθαρῆναι,
3700 2317 3800 2386 τὴν

2150 2403 2353 2460 Θέκλαν
2391 2402 2448 2459 δὲ
2479 2399 2696 2474 ἀϐλαϐῆ
2729 2401 3190 2481 διαφυλαχθῆναι.

2222 2496 2300 2550 Η’.
2335 2496 2433 2548 Ἦν
2488 2491 2544 2548 δὶ
2585 2493 2612 2547 6
2663 2491 2879 2556 Παῦλος
2935 2493 3155 2564 νηστείᾳ
3208 2492 3624 2567 προσκείμενος,
3661 2496 3797 2570 μετά

2148 2582 2511 2660 Ὀνησιφόρου
2567 2603 2624 2638 τε
2679 2582 2768 2638 καὶ
2816 2588 2917 2652 τῆς
2973 2583 3136 2638 αὐτοῦ
3205 2583 3477 2658 γυναικὸς,
3536 2585 3624 2638 καὶ
3683 2589 3788 2640 τῶι

2147 2673 2372 2743 τέκνων,
2431 2668 2482 2726 ἕν
2539 2693 2647 2727 τινι
2707 2672 2927 2726 ἀσκεπεῖ
3006 2671 3260 2745 μνημείῳ
3327 2673 3460 2728 κατά
3511 2675 3606 2740 τὴν
3661 2671 3783 2727 ὁδὸν

2146 2761 2397 2834 κειμένῳ,
2454 2762 2553 2829 τήν
2606 2762 2711 2816 ἀπὸ
2769 2762 2995 2817 Ἰκονίου
3072 2761 3150 2823 εἰς
3229 2763 3438 2834 Δάφνην
3491 2763 3770 2839 φέρουσαν.

2147 2851 2272 2907 Ἐπὶ
2330 2850 2472 2906 πολὺ
2531 2847 2621 2905 οῦν
2671 2857 2769 2921 τῆς
2821 2849 3070 2925 ρηστείας
3099 2849 3266 2920 αὐτῆς
3304 2850 3771 2926 παρατεινομένης,

2145 2939 2173 2994 6
2205 2939 2371 3015 λιμὸς
2401 2945 2508 2995 τῶν
2542 2937 2748 2995 παίδων
2780 2939 3032 3005 καθίκετο
3069 2959 3082 2972 ·
3133 2942 3223 2995 καὶ
3281 2941 3668 3016 προσελθόντες
3708 2945 3779 3011 τῷ

2145 3029 2365 3104 Παύλῳ.
2400 3035 2704 3103 ΙΙεινῶμεν,
2746 3029 2954 3107 ἔλεγον,
2978 3029 3066 3084 καὶ
3126 3030 3224 3085 οὐκ
3272 3025 3474 3106 ἔχομεν
3526 3029 3633 3102 ὅτῳ
3691 3027 3785 3104 ἆρ-

2144 3139 2269 3180 τους
2319 3119 2703 3191 ἐξονησόμεθα.
2757 3121 2860 3175 Ἦν
2917 3117 3017 3192 γὰρ
3063 3119 3090 3172 6
3136 3118 3490 3196 Ὀνησιφόρος
3539 3115 3644 3188 ἤδη
3679 3123 3780 3172 τῶν

2144 3211 2241 3261 τοῦ
2270 3207 2485 3278 κόσμου
2515 3206 2803 3283 ἀφέμενος,
2835 3207 2927 3260 καὶ
2954 3205 3069 3280 ὅλῳ
3099 3205 3238 3280 οἷ’κῳ
3267 3212 3346 3280 τῷ
3403 3207 3606 3280 Παύλῳ
3660 3206 3783 3262 ἀκο-

2147 3293 2382 3358 λουθῶν.
2416 3293 2632 3356 Παῦλος
2666 3293 2756 3348 οῦν
2786 3296 2879 3350 τὸν
2941 3293 3232 3367 ἐπενδύτην
3287 3292 3466 3367 ἐκδὺς,
3505 3301 3585 3369 τῷ
3639 3292 3786 3350 παιδὶ

2147 3381 2362 3454 δίδωσι,
2391 3383 2506 3453 καὶ,
2536 3386 2751 3455 ”Απιθι,
2796 3384 2943 3458 λέχει
2979 3405 2990 3418 ’
3041 3386 3128 3440 καὶ
3179 3384 3355 3458 τούτῳ
3413 3383 3636 3448 πλείους
3683 3390 3784 3441 τῶν

2145 3472 2322 3548 ἄρτων
2375 3473 2696 3548 πριάμενος,
2756 3469 3079 3551 ἕνεγκε.Ὡσ
3147 3471 3204 3529 δὲ
3269 3475 3458 3531 ὠνεῖτο
3519 3473 3646 3538 τδὺς
3701 3475 3787 3550 ἅρ-

2144 3562 2272 3626 τοὺς
2332 3564 2359 3618 ὁ
2416 3569 2567 3635 παῖς,
2611 3569 2802 3640 θεωρεῖ
2850 3563 3076 3634 Θέκλαν,
3130 3565 3221 3618 καὶ
3274 3563 3421 3626 ὅλως
3473 3563 3778 3635 ἐξίσταται·

2146 3653 2351 3730 ἐπέγνω
2413 3655 2516 3730 γὰρ
2560 3653 2784 3723 ταύτην,
2819 3655 2908 3708 ἅτε
2956 3653 3272 3729 ἐγγειτόνων
3322 3655 3472 3727 αὐτῷ
3514 3655 3778 3713 οἰκοῦσαν.

2148 3748 2260 3798 Ποῦ
2301 3742 2418 3815 οὖν,
2449 3739 2572 3820 ἔφη,
2605 3742 2800 3810 Θέκλα,
2832 3745 2940 3796 ποῦ
2989 3739 3056 3811 δὴ
3106 3743 3346 3817 πορεύῃ,
3379 3744 3412 3812 ἡ
3473 3739 3532 3797 δέ
3565 3761 3577 3774 ·
3639 3747 3780 3798 Παῦ-

2146 3829 2242 3885 λον
2299 3827 2407 3901 ἤδη
2471 3828 2817 3902 μεταδιώκω,
2848 3829 2908 3886 ἐκ
2936 3831 3105 3906 πυρὸς
3155 3830 3274 3906 ἄρτι
3318 3832 3569 3890 σωθεῖσα,
3601 3832 3694 3888 Καὶ
3749 3833 3775 3886 ὁ

2145 3923 2272 3980 παῖς
2307 3936 2321 3950 ⁶
2353 3917 2513 3974 Ἀλλ’
2561 3919 2692 3995 ἐγὼ,
2743 3918 2868 3998 ἔφη,
2928 3919 3105 3991 ἐπάξω
3137 3941 3194 3976 σε
3249 3921 3384 3997 πρὸς
3447 3919 3629 3994 αὐτόν,
3669 3920 3776 3977 ἐπεὶ

2144 4006 2231 4060 καὶ
2266 4003 2484 4074 πολλὴν
2526 4001 2642 4082 ἔχει
2701 4011 2800 4078 την
2851 4009 2974 4084 περῖ
3033 4012 3128 4063 σοῦ
3188 4007 3477 4082 μέριμναν,
3507 4011 3598 4064 καὶ
3653 4007 3776 4070 ὅλας

2145 4092 2253 4166 ἤδη
2313 4095 2523 4170 ἡμέρας
2580 4097 2634 4168 ’ἐξ
2691 4098 2910 4170 νηστείᾳ
2943 4095 3276 4154 διαπονεῖται
3329 4097 3420 4153 καὶ
3476 4103 3772 4173 προσευχῇ.

2143 4186 2233 4248 Ὡς
2266 4183 2323 4241 δὲ
2354 4185 2548 4259 ἐπέστη
2610 4188 2785 4245 Θέκλα
2840 4189 2927 4245 ἐπὶ
2984 4191 3046 4245 τὸ
3107 4193 3398 4262 μνημεῖον,
3432 4187 3654 4244 Παύλου
3706 4187 3772 4251 εἰς

2142 4275 2340 4351 γόνατα
2365 4275 2670 4347 κλιθέντος,
2701 4280 2814 4349 καὶ,
2839 4279 3005 4352 Κύριε
3038 4280 3218 4349 Ἰησοῦ
3258 4278 3475 4353 Χριστὶ,
3509 4275 3772 4354 λέγοντος,

2150 4373 2224 4444 μή
2289 4369 2515 4444 ἀψάσθω
2573 4365 2783 4438 Θέκλης
2831 4374 2932 4437 τῆς
2982 4374 3080 4436 σῆς
3113 4365 3318 4438 δούλης
3347 4367 3410 4421 τὸ
3439 4369 3545 4442 πῦρ
3579 4385 3594 4399 -
3648 4365 3772 4436 αὐτή

2147 4457 2361 4522 ὅπισθεν
2401 4459 2630 4516 ἑστῶσα.
2678 4459 2871 4530 Πάτερ,
2904 4451 3146 4528 ἐϐόησεν,
3198 4457 3226 4510 ὁ
3284 4457 3515 4526 ποιήσας
3572 4457 3664 4512 τὸν
3701 4454 3776 4510 οὐ·

2150 4549 2300 4623 ρανὸν
2336 4550 2423 4603 καὶ
2454 4551 2553 4619 τὴν
2591 4555 2716 4623 γῆν,
2751 4547 2962 4623 εύΛογῶ
2995 4567 3072 4614 σε,
3105 4545 3188 4601 ὅτι
3223 4566 3289 4620 με
3343 4545 3406 4600 ἐκ
3451 4545 3623 4619 πυρὸς
3651 4540 3774 4600 ἔσω-

2149 4660 2266 4707 σας,
2295 4637 2390 4693 ’ἶνα
2447 4637 2663 4696 Παῦλον
2723 4633 2852 4695 ἴδω.
2891 4637 2978 4698 Ὦς
3030 4633 3087 4691 δὲ
3147 4637 3336 4707 ἀνέστη
3397 4633 3637 4706 Παῦλος,
3693 4635 3772 4692 καὶ

2150 4725 2257 4784 εἶδε
2314 4729 2541 4795 Θέκλαν,
2599 4731 2772 4802 χαρᾶς
2828 4718 3083 4798 ἔμπλεως
3166 4724 3431 4802 γεγονὼς,
3490 4725 3605 4799 Θεέ,
3659 4721 3773 4804 ἔφη,

2145 4817 2568 4894 καρδιογνῶστα,
2593 4817 2764 4890 Πάτερ
2820 4818 2922 4870 τοῦ
2970 4814 3174 4890 Κυρίου
3237 4837 3342 4890 μου
3411 4818 3592 4888 Ἰησοῦ
3649 4820 3772 4892 Χρι-

2148 4913 2296 4978 στοῦ,
2365 4907 2672 4982 εὐχαριστῶ
2752 4926 2858 4975 σοι,
2915 4904 3020 4975 ὅτι,
3081 4906 3110 4960 ὅ
3165 4905 3530 4982 ᾑρετισάμην,
3586 4902 3771 4966 ἔδωκάς

2150 5019 2264 5071 μοι.
2299 4998 2396 5051 Καὶ
2455 4995 2520 5064 ἦν
2577 4990 2680 5050 ἔσω
2740 4995 2791 5051 ἐν
2841 4994 2921 5068 τῷ
2955 4997 3208 5070 μνημείῳ
3240 4995 3537 5072 εὐφροσύνη
3571 4993 3769 5068 πολλῆ,

2149 5084 2365 5140 Παύλου
2423 5106 2480 5139 τε
2535 5083 2626 5139 καὶ
2685 5083 3069 5162 Ὀνησιφόρου,
3115 5085 3204 5140 καὶ
3257 5085 3470 5141 πάντων
3529 5089 3634 5139 τῶν
3690 5083 3767 5140 σὺν

2146 5174 2333 5238 αὐτοῖς
2387 5173 2828 5251 ἀγαλΛιαμένων.
2857 5177 3026 5232 Ἦσαν
3086 5173 3144 5230 δὲ
3199 5174 3382 5240 αὐτοῖς
3428 5175 3584 5248 ἄρτοι
3615 5180 3768 5244 πέντε,

2144 5262 2234 5319 καὶ
2293 5261 2529 5339 λάχανα,
2561 5265 2650 5318 καὶ
2712 5260 2857 5339 ὕδωρ
2894 5285 2905 5297 ·
2965 5263 3051 5319 καὶ
3112 5263 3191 5340 ἐφ’
3249 5265 3334 5326 οἷς
3375 5259 3638 5338 ἔπραττον
3689 5267 3769 5318 τοῦ

2144 5353 2382 5427 Χριστοῦ
2460 5349 2658 5431 ἔργοις,
2741 5351 3104 5414 ἀδιαλείπτως
3206 5353 3585 5427 εὐφραίνοντο.
3658 5353 3769 5409 Εἶτα

2147 5437 2326 5497 Θέκλα
2391 5444 2519 5522 φητὶ
2598 5442 2734 5516 πρὸς
2788 5443 2878 5498 τὸν
2938 5443 3153 5499 Παῦλον
3210 5446 3630 5520 Περικειροῦμαι
3682 5442 3764 5510 τήν
