4124 6270
458 386 573 448 835

1758 369 2041 434 MENSIS
2087 368 2578 431 SEPTEMBER.

3750 371 3896 432 836

457 554 599 619 erat,
632 551 878 619 ejusque
908 560 1045 616 erga
1088 541 1356 598 homines
1409 534 1818 593 benevolentiae
1852 531 2080 604 provida

2198 549 2276 581 τω
2324 548 2409 581 σοι
2465 528 2655 581 τόπον.
2702 525 2932 578 Δύναται
2990 524 3097 597 γὰρ
3154 526 3559 598 προσευξαμένη
3620 526 3709 588 εἷς
3780 529 3890 583 τὸν

462 639 789 709 dispositio)
812 637 867 690 in
891 649 1091 689 somno
1114 630 1197 685 illi
1230 633 1453 692 astans,
1478 626 1625 691 Mea,
1648 624 1858 693 inquit,
1885 626 2085 687 mater,

463 728 675 799 hospes
705 726 825 780 haec
855 722 1092 788 Thecla,
1118 735 1307 774 meum
1340 717 1491 786 apud
1525 721 1579 769 te
1605 714 1796 769 locum
1828 711 2083 781 impleat.

457 816 651 870 Potest
684 813 857 876 enim,
903 810 951 865 si
998 814 1225 862 tantum
1260 822 1362 877 pro
1402 821 1493 859 me
1542 807 1721 873 roget,
1774 816 1865 855 me
1898 799 1953 853 in
1996 800 2087 868 ju-

454 910 679 960 storum
730 902 1117 957 transmittere
1173 900 1358 953 sedes.
1408 895 1729 966 Tryphaena
1780 906 1969 963 porro,
2018 890 2087 943 de

454 1009 662 1050 somno
691 994 1040 1063 experrecta,
1074 987 1209 1041 filiae
1238 1002 1358 1041 sua:
1393 982 1713 1040 Falconilla:
1750 992 2085 1034 sermonum

452 1080 740 1151 ejusmodi
792 1094 1029 1142 memor,
1077 1074 1275 1131 Altera
1336 1089 1463 1127 mea
1510 1071 1648 1137 ﬁlia,
1696 1070 1799 1135 ait,
1854 1066 2084 1133 Thecla,

451 1172 629 1227 Deum
661 1174 828 1225 tuum
862 1180 1247 1237 comprecare,
1291 1178 1405 1232 quo
1437 1158 1750 1215 Falconilla
1784 1159 1841 1211 in
1878 1155 2087 1211 sarcula

453 1260 643 1315 vivat:
686 1258 793 1313 hoc
832 1256 987 1311 enim
1024 1255 1121 1308 illa
1152 1268 1253 1321 per
1293 1250 1649 1305 insomnium
1682 1263 1715 1300 a
1749 1262 1838 1301 me
1868 1243 2082 1316 petivit.

452 1352 573 1411 Quo
598 1346 699 1401 illa
728 1346 945 1409 audito,
978 1359 1111 1397 cum
1141 1356 1279 1398 voce
1310 1337 1553 1395 sublatis
1584 1336 1876 1402 manibus,
1913 1335 2081 1398 Deus,

455 1436 665 1506 inquit,
701 1435 805 1490 Fili
850 1432 949 1488 Dei
998 1431 1140 1497 veri,
1191 1429 1409 1500 placeat
1444 1430 1559 1482 tua:
1606 1424 1891 1479 voluntati
1939 1422 2085 1492 Try-

447 1524 664 1595 phasnae
714 1523 1047 1585 concedere,
1097 1536 1209 1590 quo
1261 1518 1377 1571 ﬁlia
1425 1517 1551 1585 ejus
1604 1515 1780 1569 vitam
1829 1513 1981 1583 apud
2028 1514 2085 1565 te

449 1614 604 1669 vivat
634 1611 1068 1682 sempiternam.
1120 1608 1342 1672 Quibus
1389 1604 1583 1661 verbis
1614 1603 1853 1669 auditis,
1885 1601 2087 1673 gavisa

450 1700 687 1772 quidem
720 1698 1043 1770 Tryphaena
1071 1700 1177 1762 est,
1212 1695 1311 1750 sed
1336 1693 1573 1749 aliunde
1603 1690 2080 1755 discruciabatur,

453 1790 606 1859 quod
648 1786 860 1842 Thecla
910 1800 1115 1841 rursus
1164 1787 1318 1838 esset
1366 1780 1565 1837 bestiis
1614 1778 1963 1849 objicienda.
2019 1777 2086 1832 Ut

2197 623 2303 672 τῶν
2354 615 2579 672 δικαίων
2647 613 2743 687 ἐμὲ
2804 618 3110 687 μεταθεῖναι
3168 614 3359 669 τόπον.
3395 615 3545 671 Ἐπεὶ
3608 616 3669 673 δὲ
3712 619 3889 693 Τρύ-

2198 728 2386 785 φαιναν
2430 708 2458 761 ὁ
2517 706 2683 767 ὕπνος
2749 704 2961 772 ἂνῆκεν,
2995 703 3071 763 εἷς
3127 711 3252 759 νοῦν
3310 700 3515 781 ἔχουσα
3568 708 3713 771 τοὺς
3771 716 3890 779 τῆς

2198 800 2462 872 θυγατρὸς
2494 792 2889 859 Φαλκονίλλης
2922 792 3139 868 λόγους·
3174 796 3376 851 Τέκνον
3422 794 3670 871 δεύτερόν
3746 821 3882 870 μοι,

2197 886 2328 961 φησὶ
2359 885 2495 960 πρὸς
2534 886 2633 952 τὴν
2678 882 2905 954 Θέκλαν,
2938 879 3166 952 δεήθητι
3216 888 3314 937 τοῦ
3372 890 3468 939 σοῦ
3519 892 3679 957 Θεοῦ,
3720 886 3881 943 ὥστε

2198 972 2583 1029 Φαλκὸνιλλαν
2642 972 2717 1032 εἷς
2767 971 2967 1032 αἷῶνας
3020 976 3333 1043 ζῇν.Τοῦτο
3383 995 3485 1048 γαρ
3541 997 3608 1048 με
3666 976 3877 1049 ἐκείνη

2197 1060 2264 1116 δι’
2338 1062 2558 1136 ὀνείρων
2600 1058 2791 1135 ᾔτησε.
2840 1060 3017 1115 Θέκλα
3071 1058 3127 1114 δὲ
3183 1061 3457 1117 ἀκούσασα
3513 1070 3717 1133 ταῦτα,
3777 1067 3877 1121 καί

2194 1146 2615 1221 ἀναϐαλλομένη
2686 1156 2896 1227 χεῖρας,
2931 1147 3102 1222 ἄρασα
3158 1150 3247 1204 καὶ
3298 1154 3484 1229 φωνήν
3517 1172 3530 1185 ·
3564 1156 3687 1222 Θεέ,
3729 1153 3875 1231 ἔφη,

2197 1241 2283 1293 Υἱὲ
2338 1243 2476 1293 Θεοῦ
2528 1237 2815 1312 ἀψευδοῦς,
2858 1236 2951 1302 δὸς
3004 1240 3281 1316 Τρυφαένῃ
3337 1242 3478 1295 κατά
3527 1244 3590 1298 τὸ
3632 1244 3739 1297 σὸν
3776 1244 3876 1299 θέ-

2197 1329 2375 1401 λημα,
2426 1327 2562 1383 ὥστε
2608 1330 2708 1395 τήν
2771 1328 2937 1396 αὐτῆς
2994 1327 3286 1403 θυγατέρα,
3328 1330 3419 1385 τὸν
3478 1331 3706 1387 αἰώνιον
3765 1339 3873 1407 ζῇν

2193 1417 2339 1489 παρὰ
2396 1415 2480 1470 σοὶ
2529 1415 2748 1489 χρόνον.
2810 1416 3079 1491 Τρύφαινα
3148 1414 3204 1471 δὲ
3272 1414 3462 1495 ἔχαιρε
3505 1422 3620 1495 μὲν,
3684 1422 3873 1477 ἀκού-

2195 1526 2329 1559 σασα
2384 1510 2552 1560 ταῦτα
2584 1523 2598 1538 °
2660 1506 2851 1574 ἠνιᾶτο
2911 1502 2968 1559 δὲ
3026 1502 3115 1559 διὰ
3159 1505 3383 1577 Θέκλαν,
3417 1509 3632 1583 θηρίοις
3678 1511 3865 1566 πάλιν

2195 1592 2575 1665 ἐνδοθήσεσθαι
2632 1593 2961 1667 μέλλουσαν.
3020 1601 3105 1657 Ὡς
3164 1594 3261 1649 οὖν
3336 1594 3445 1667 ἤδη
3507 1598 3709 1675 ὄρθρος
3766 1604 3863 1675 ἦν,

2194 1682 2412 1760 ἔρχεται
2447 1682 2794 1757 Ἀλέξανδρος
2824 1684 2901 1746 εἷς
2946 1684 3037 1739 τὸν
3085 1684 3233 1739 οἶκον
3282 1688 3598 1761 Τρυφαίνης
3639 1690 3857 1747 Θέκλαν

2197 1771 2380 1830 λαϐεῖν
2413 1792 2426 1803 ⁸
2479 1773 2669 1845 ἐκείνῳ
2727 1773 2831 1849 γὰρ
2880 1770 3085 1847 ἔμελλε
3130 1779 3239 1828 τῶν
3295 1776 3651 1851 κυνηγεσίων.
3707 1781 3860 1854 Τρύ-

452 1876 632 1947 igitur
680 1874 909 1939 diluxit,
963 1871 1284 1926 Alexander
1330 1866 1567 1938 (quippe
1615 1865 1709 1920 cui
1757 1862 2080 1919 venationis

2192 1885 2354 1937 φαινα
2385 1861 2442 1918 δὲ
2485 1863 2599 1918 οὗθ’
2630 1864 2812 1919 ὁτιοῦν
2869 1865 3181 1939 παρεχώρει
3222 1865 3371 1937 αὐτῷ
3425 1874 3528 1936 τῆς
3583 1868 3808 1941 Θέκλης
3840 1890 3855 1904 ·

444 1963 605 2019 illius
662 1980 801 2018 cura
845 1960 1238 2025 incumbebat;
1268 1958 1507 2013 domum
1547 1954 1879 2025 Tryphaena;
1908 1952 2083 2021 venit,

452 2052 725 2107 Theclam
778 2048 1319 2121 comprehensurus.
1369 2047 1644 2100 Caeterum
1692 2041 1840 2097 nihil
1888 2040 1983 2096 illa
2026 2040 2086 2095 in

448 2141 666 2196 Thecla
695 2140 807 2210 ipsi
840 2136 1122 2210 permisit,
1164 2136 1285 2203 sed,
1320 2135 1468 2199 Quid
1500 2134 1607 2189 hoc
1628 2134 1655 2187 ?
1684 2131 1864 2187 altum
1896 2129 2087 2186 excla—

446 2233 570 2284 mat
600 2244 613 2283 :
649 2228 791 2299 quid
820 2227 977 2282 hoc?
1006 2226 1217 2280 iterum
1250 2224 1390 2278 mihi
1416 2222 1630 2277 luctcm
1663 2220 1817 2275 intra
1847 2222 2084 2274 domum

447 2316 864 2373 introducitis?
886 2329 1071 2384 neque
1098 2313 1403 2383 quisquam
1435 2313 1542 2379 est,
1578 2309 1672 2380 qui
1705 2323 1872 2379 opem
1904 2307 2087 2362 ferat?

450 2422 569 2462 non
615 2405 881 2471 maritus,
931 2402 1104 2457 vidua
1151 2400 1308 2456 enim
1359 2414 1538 2454 sum:
1591 2414 1707 2453 non
1755 2396 1893 2464 ﬁlia,
1944 2395 2087 2452 obiit

451 2496 705 2567 quippe:
740 2494 893 2565 quod
929 2496 1215 2564 superest,
1238 2492 1388 2546 Deus
1419 2489 1546 2544 filiae
1581 2505 1718 2543 mea;
1743 2487 1987 2554 Theclae,
2023 2491 2085 2542 tu

448 2585 559 2656 ipsi
582 2584 791 2639 auxilio
814 2584 914 2639 sis.
942 2583 1164 2648 Quibus
1186 2595 1412 2635 summo
1435 2595 1677 2633 mmrore
1696 2578 1873 2631 animi
1894 2576 2081 2642 dictis,

2194 1952 2358 2022 ἀλλὰ,
2392 1952 2460 2008 Τί
2490 1956 2690 2023 τοῦτο;
2737 1952 2876 2027 μέγα
2909 1954 3174 2026 βοήσασα,
3207 1953 3257 2008 τί
3320 1952 3378 2009 δὲ
3436 1953 3683 2032 δεύτερόν
3753 1980 3855 2031 μοι

2193 2040 2413 2117 ἐπάγετε
2459 2043 2654 2105 πένθος
2710 2042 2784 2103 εἰς
2833 2043 2933 2108 τὴν
2994 2042 3187 2113 οἰκίαν,
3220 2043 3310 2098 καὶ
3366 2043 3542 2108 οὐδεὶς
3576 2048 3604 2102 ὁ
3637 2049 3855 2121 βοηθή-

2195 2151 2337 2201 σων;
2367 2132 2469 2186 ούκ
2515 2132 2674 2204 ἀνὴρ.
2710 2135 2862 2207 χήρα
2914 2133 3017 2207 γὰρ
3082 2133 3233 2207 εἰμί·
3269 2135 3332 2189 ού
3382 2134 3593 2209 τέκνον,
3623 2138 3851 2210 τέθνηκε

2193 2221 2315 2295 γάρ.
2348 2224 2404 2278 Ὁ
2432 2222 2560 2285 Θεὸς
2593 2221 2801 2291 Θέκλης
2834 2223 2930 2277 τοῦ
2982 2224 3167 2277 τέκνου
3238 2246 3365 2298 μου,
3400 2227 3605 2299 βοηθὸς
3660 2228 3842 2304 Θέκλῃ

2192 2315 2367 2383 γενοῦ.
2417 2310 2602 2374 Οὕτως
2667 2312 2719 2366 ἐν
2780 2311 2944 2386 ὀδύνῃ
3016 2317 3204 2392 ψυχῆς
3278 2314 3503 2372 εἴποῦσα
3588 2316 3847 2389 διακονῇς

2194 2402 2347 2474 ψυχῇ
2411 2397 2768 2475 Ἀλεξάνδρου
2826 2401 3162 2474 ἀποπέμπει.
3224 2405 3501 2460 Μανθάνει
3586 2412 3754 2464 ταῦτα
3813 2410 3841 2463 ὁ

2194 2490 2435 2563 ἡγεμὼν,
2494 2490 2583 2543 καὶ
2652 2495 2980 2563 στρατιῶται
3041 2492 3361 2548 στέλλονται
3422 2494 3630 2568 Θὲκλην
3712 2499 3841 2572 ἀγα-

2195 2596 2326 2651 γειν,

450 2678 679 2730 inanem
712 2691 743 2729 a
776 2690 837 2728 se
868 2672 1254 2728 Alexandrum
1307 2669 1512 2738 rejicit.
1564 2669 1719 2731 Quod
1753 2667 1852 2721 ubi
1902 2682 2117 2736 preses
2151 2667 2400 2736 rescivit,
2455 2668 2671 2725 milites
2701 2672 3015 2741 submittit,
3066 2674 3161 2743 qui
3204 2675 3472 2731 Theclam
3518 2679 3827 2733 adducant.

523 2765 595 2817 X.
629 2764 907 2815 Ceterum
947 2759 1286 2831 Tryphaena,
1328 2774 1400 2812 ne
1430 2758 1513 2812 sic
1542 2757 1775 2826 quidem
1808 2772 1840 2809 a
1870 2754 2083 2809 Thecla

448 2851 775 2915 recedebat,
811 2850 908 2903 sed
943 2851 1207 2915 correpta
1246 2862 1441 2913 manu,
1477 2861 1593 2898 una
1620 2859 1750 2898 cum
1795 2844 1922 2912 ipsa
1952 2842 2080 2897 abi-

444 2941 562 3007 bat,
598 2939 689 2993 his
719 2938 910 2993 verbis
954 2953 1098 2991 usa:
1133 2934 1334 2991 Filiam
1374 2950 1559 2989 meam
1602 2931 1971 2987 Falconillam
2004 2931 2073 2986 ad

447 3029 777 3100 sepulcrum
825 3033 994 3083 antea
1033 3026 1423 3081 deduxeram:
1474 3030 1550 3089 te,
1602 3022 1721 3076 ﬁlia
1752 3037 1876 3077 mea
1925 3021 2077 3075 The-

448 3118 555 3184 cla,
589 3134 721 3171 cum
758 3116 958 3171 bestiis
990 3116 1451 3186 depugnaturam
1488 3128 1821 3183 prosequor.
1855 3111 2076 3174 Quibus

2262 2757 2317 2810 ι’.
2378 2756 2651 2830 Τρύφαινα
2709 2754 2767 2812 δὲ
2823 2756 2947 2813 οὐδὲ
3023 2760 3201 2820 οὕτως
3276 2762 3528 2839 ἀφίστατο
3585 2763 3812 2833 Θέκλης,

2188 2840 2333 2896 ἀλλὰ
2390 2839 2636 2900 λαϐοῦοα
2692 2847 2890 2916 ταύτην
2953 2855 3055 2916 τῆς
3099 2851 3309 2923 χειρὸς,
3342 2850 3543 2923 ἀπῄει·
3577 2853 3678 2919 Τὴν
3717 2853 3811 2923 μὶν

2188 2931 2447 3006 θυγατέρα
2512 2936 2611 3002 τήν
2669 2934 2809 3007 ἐμὴν
2865 2934 3277 3010 Φαλκὸνιλλαν,
3330 2938 3583 3015 λέγουσα,
3628 2942 3697 3001 εὶς
3759 2941 3823 2994 τὸ

2190 3025 2454 3091 μνημεῖον
2502 3027 2709 3096 προτοῦ
2758 3025 3127 3099 παρέπεμψαο
3182 3028 3239 3080 σὲ
3280 3026 3356 3096 δὲ,
3395 3029 3579 3083 τέκνον
3637 3026 3829 3109 Θέκλα.²

2184 3110 2321 3181 πρὸς
2360 3110 2422 3164 τὸ
2482 3110 2693 3184 θηρίοις
2751 3117 2841 3165 νῦν
2899 3116 3165 3188 μάχεσθαι
3214 3119 3584 3191 παραπέμπω.
3615 3117 3829 3175 Τούτων

444 3177 687 3271 auditis,
725 3210 941 3275 martyr
973 3204 1030 3258 in
1066 3177 1360 3271 .lacrymas
1392 3177 1739 3273 prorupit—et
1784 3199 2033 3270 gemitus
2062 3217 2073 3252 :

2191 3198 2221 3265 ἡ
2287 3198 2488 3270 μάρτυς
2547 3199 2839 3270 ἀκούσασα,
2900 3202 2974 3262 εἰς
3026 3200 3229 3277 δάκρυά
3295 3225 3352 3258 τε
3418 3209 3679 3281 προήχθη
3741 3204 3834 3261 καὶ

442 3299 522 3360 et,
564 3294 609 3348 Ο
652 3293 915 3359 Domine,
966 3293 1177 3362 inquit,
1214 3293 1450 3347 Domine
1499 3296 1554 3346 et
1600 3308 1698 3345 rex
1747 3305 1934 3355 meus,
1987 3290 2082 3345 cui

439 3398 544 3453 ego
595 3383 834 3449 credidi,
873 3383 939 3436 ad
983 3397 1154 3451 quem
1195 3381 1450 3451 confugi,
1485 3397 1517 3434 a
1549 3397 1657 3450 quo
1688 3396 1753 3434 ex
1798 3380 1931 3450 igne
1961 3395 2078 3433 ser-

441 3474 579 3525 vata
628 3486 782 3537 sum,
828 3470 999 3524 redde
1030 3469 1359 3541 Tryphaenae
1406 3486 1512 3523 sua
1552 3470 1608 3522 in
1663 3484 1755 3522 me
1804 3465 2080 3521 famulam

441 3565 603 3614 tuam
636 3559 1038 3627 humanitatis,
1073 3560 1337 3630 quodque
1363 3576 1452 3613 me
1479 3558 1876 3613 intaminatam
1905 3556 2083 3611 hacte-

443 3664 555 3702 nus
588 3648 947 3715 custodierit,
992 3648 1222 3718 dignam
1278 3648 1613 3703 mercedem.
1648 3646 1962 3701 Tumultus
1994 3646 2082 3699 in-

442 3735 637 3799 terim,
671 3735 862 3805 fragor
892 3742 946 3789 et
979 3735 1198 3789 clamor
1230 3736 1518 3789 maximus
1552 3734 1607 3788 in
1642 3733 1875 3805 populo.
1909 3738 2083 3802 atque

451 3824 596 3876 adeo
626 3823 890 3877 confusio
920 3826 1064 3887 erat,
1100 3821 1435 3875 mulieribus
1468 3838 1579 3874 una
1608 3822 1968 3889 sedentibus,
2000 3822 2084 3875 in-

451 3911 753 3981 vicemque
811 3912 1388 3965 contradicentibus:
1444 3910 1531 3964 his
1582 3910 1841 3980 quidem,
1903 3910 2084 3963 Induc

452 3999 817 4070 sacrilegam,
851 3998 980 4053 aliis
1013 4004 1205 4053 autem
1256 3998 1357 4053 tali
1399 3997 1649 4052 facinore
1698 3998 1936 4052 minime
1990 4014 2082 4052 ac-

451 4088 910 4159 quiescentibus,
938 4088 1480 4158 clamantibusque;
1514 4090 1626 4141 (Jur
1656 4102 1757 4141 nos
1780 4102 2081 4157 quoque,o

449 4193 685 4249 praeses,
732 4194 935 4233 omnes
977 4194 1089 4233 non
1137 4194 1249 4233 una
1299 4177 1498 4232 tollis?
1540 4192 1870 4247 perversum
1919 4175 2083 4246 judi-

449 4266 627 4331 cium,
660 4266 880 4335 injusta
901 4267 956 4320 in
983 4266 1261 4337 virginem
1288 4267 1399 4321 lata
1429 4268 1736 4321 sententia.
1768 4265 1973 4320 Thecla
1994 4268 2083 4320 in-

447 4354 614 4409 terim
662 4370 729 4409 ex
780 4356 1049 4410 manibus
1104 4355 1438 4426 Tryphaenae
1495 4360 1687 4424 erepta
1742 4355 2079 4424 exuebatur,

446 4446 502 4496 et
536 4448 768 4513 sumpto
800 4444 1185 4513 subligaculo,
1222 4445 1279 4497 in
1307 4444 1526 4497 circum
1560 4442 1809 4511 impulsa
1833 4448 1937 4509 est,
1973 4442 2083 4498 leo-

446 4546 659 4601 nesque
691 4538 746 4586 et
778 4533 897 4586 ursi
932 4532 991 4585 in
1038 4532 1223 4601 ipsam
1270 4531 1544 4585 immissi.
1586 4530 1738 4585 Inter
1786 4548 1931 4602 quos
1966 4548 2081 4586 una

2192 3288 2545 3360 στεναγμοὺς,
2579 3288 2691 3358 καὶ,
2724 3294 2786 3342 Ὢ
2840 3290 3019 3364 Κύριε,
3045 3289 3169 3369 ἔφη,
3204 3292 3367 3368 Κύριέ
3418 3315 3525 3365 μου
3556 3297 3645 3349 καὶ
3680 3297 3832 3371 βασι-

2190 3371 2307 3442 λεῦ,
2341 3376 2385 3445 ᾧ
2442 3372 2547 3447 ἒγὼ
2606 3376 2909 3436 ἐπίστευσα.
2945 3379 3026 3455 ἐφ“
3084 3381 3140 3435 ὃν
3200 3381 3303 3456 ἐγὼ
3360 3382 3683 3458 κατέφυγον,
3743 3384 3833 3439 καὶ

2189 3463 2358 3534 πυρὸς
2411 3461 2695 3537 έῤῥύσθην,
2731 3463 2934 3529 ἀπόδος
2983 3470 3171 3539 μισθὸν
3217 3469 3361 3539 ἄξιον
3392 3472 3673 3549 Τρυφαίνῃ
3732 3479 3834 3543 τῆς

2189 3549 2327 3622 πρός
2396 3572 2463 3623 με
2511 3553 2609 3621 τήν
2660 3551 2866 3625 δούλην
2936 3578 3031 3611 σου
3086 3559 3435 3631 συμπαθείας,
3468 3563 3559 3616 καὶ
3622 3560 3705 3617 ὅτι
3769 3582 3833 3635 με

2191 3639 2362 3701 οὕτως
2422 3643 2589 3718 ἀγνήν
2647 3641 2961 3704 διεσώσατο.
3006 3644 3245 3721 Θόρυϐος
3287 3651 3376 3704 οὗν
3443 3653 3532 3706 καὶ
3591 3652 3831 3726 πάταγος

2191 3729 2278 3781 καὶ
2315 3730 2417 3802 βοή
2467 3729 2698 3800 πλείστη
2756 3739 2851 3788 τοῦ
2892 3733 3072 3807 δήμου
3125 3740 3213 3791 καὶ
3252 3734 3479 3816 ἔγχυσις
3525 3744 3614 3811 ἦν,
3646 3763 3831 3816 γυναι·

2190 3822 2387 3910 κῶνᾼτε
2427 3820 2575 3910 ὁμοῦ
2606 3820 3071 3896 παρεδρευουσῶν,
3098 3827 3186 3880 καὶ
3218 3825 3493 3898 ἀλλήλαις
3548 3831 3834 3910 ἀντιφθεγ-

2192 3908 2457 3980 γομένων,
2495 3908 2582 3962 καὶ
2626 3915 2732 3963 τῶν
2788 3913 2903 3983 μὲν,
2940 3913 3201 3989 Εἰσάγαγε
3255 3917 3353 3982 τήν
3407 3908 3714 3991 ἱερόσυλον,
3754 3920 3840 3975 λε·

2191 4001 2441 4067 γουσῶνο
2500 4002 2604 4051 τῶν
2677 3996 2734 4053 δὲ
2812 4006 2930 4063 τοῖς
2996 4005 3302 4077 γινομένοις
3353 4005 3837 4081 ἀπαρεσκομένων,

2195 4083 2301 4137 καὶ.
2346 4086 2411 4139 Τί
2455 4088 2529 4157 μὴ
2572 4088 2661 4141 καὶ
2718 4092 2891 4152 πᾶσας
2943 4088 3113 4163 αἵρεις
3168 4095 3334 4165 ἡμᾶς,
3385 4096 3652 4168 ἡγεμώνς
3718 4098 3838 4152 ἐπι-

2195 4174 2596 4248 φθειρομένων’
2631 4177 2771 4245 κακή
2822 4177 3235 4251 κρίσις,ἀδικος
3293 4184 3429 4238 κατὰ
3487 4197 3587 4253 τῆς
3633 4186 3835 4262 παρθέ-

2191 4283 2285 4315 νου
2317 4263 2607 4351 ἀπύφασις.
2643 4268 2705 4322 Ἡ
2756 4266 2930 4322 Θέκλα
2987 4269 3166 4323 τοίνυν
3221 4271 3295 4333 εἰς
3352 4279 3545 4347 χεῖρας
3595 4276 3833 4351 Τρυφαί-

2192 4371 2289 4419 νης
2349 4350 2614 4428 ληφθεῖσα
2668 4354 2955 4427 περιεδύθη
2994 4378 3005 4389 ·
3048 4359 3136 4412 καὶ
3189 4356 3431 4415 λαϐοῦσα
3461 4350 3736 4437 διάζωμα,
3764 4363 3837 4427 εἷς

2191 4440 2253 4493 τὸ
2288 4440 2505 4497 στάδιον
2538 4440 2830 4515 ἐνεϐλήθη,
2866 4444 3080 4509 λέοντές
3112 4469 3168 4502 τε
3198 4450 3284 4503 καὶ
3316 4448 3529 4525 λάρκτοι
3587 4452 3833 4529 ἀφίενται

2191 4531 2307 4617 κατ’
2350 4530 2538 4600 αὐτῆς,
2575 4533 2685 4590 Μία
2724 4539 2853 4607 γοῦν
2884 4536 3089 4605 λέαινα,
3129 4543 3235 4592 τῶν
3279 4537 3465 4594 ἄλλων
3506 4542 3831 4617 ἀγριωτέρα,

440 4598 624 4675 leaena
650 4621 870 4675 caeteris
904 4598 1091 4690 magis
1114 4620 1287 4674 eﬂ'era
1309 4618 1606 4674 confestim
1631 4620 1704 4673 ad
1726 4598 1901 4690 pedes
1934 4636 2079 4675 mar-

2191 4615 2281 4670 σὺν
2314 4598 2645 4695 τάχει-παρα
2672 4598 2796 4683 τοῦς
2835 4620 3004 4684 πόδας
3060 4598 3160 4692 τῆς
3221 4628 3495 4705 μάρτυρος
3549 4598 3829 4703 ἀνεκλίθη,

440 4708 588 4778 tyris
619 4724 677 4763 se
710 4708 1071 4778 proclinavit.
1107 4710 1227 4774 Quo
1276 4708 1396 4762 viso
1445 4706 1783 4762 acclamatio
1818 4723 1917 4778 per
1948 4724 2077 4763 mu-

444 4797 653 4852 lierum
710 4813 917 4869 agmen
978 4798 1237 4869 protinus
1287 4802 1373 4853 est
1430 4800 1759 4851 consecuta.
1819 4796 2078 4866 Cumque

445 4901 580 4941 ursa
611 4888 681 4942 ad
715 4892 974 4942 sanctam
1011 4887 1157 4942 hanc
1186 4886 1465 4957 virginem
1498 4889 1841 4950 accurreret,
1876 4885 2075 4953 leaena,

446 4979 509 5029 ut
538 4976 587 5030 ei
622 4981 1032 5049 propugnaret,
1079 4977 1305 5032 obviam
1354 4993 1673 5048 progressa,
1721 4993 1917 5031 ursam
1958 4977 2077 5032 dis-

440 5066 673 5134 cerpsit.
709 5064 929 5119 Deinde
959 5065 1049 5121 leo
1078 5065 1152 5120 ad
1186 5066 1447 5121 homines
1477 5066 1832 5120 devorandos
1864 5065 2075 5121 exerci-

442 5154 624 5218 tatus,
658 5153 755 5219 qui
781 5152 1087 5208 Alexandri
1118 5160 1256 5220 erat,
1293 5154 1350 5209 in
1383 5156 1569 5226 ipsam
1603 5170 1828 5224 quoque
1868 5152 2073 5209 incita-

440 5240 556 5292 tur.
611 5239 754 5292 Cum
774 5254 887 5307 quo
910 5243 1049 5295 dum
1074 5241 1253 5298 leaena
1283 5243 1552 5298 similiter
1582 5243 1639 5297 in
1672 5246 1956 5298 certamen
1986 5258 2076 5297 ve-

444 5324 551 5392 nit,
600 5329 839 5393 uterque
888 5334 1092 5384 mutuo
1142 5330 1359 5386 laniatu
1409 5335 1669 5402 pereunt.
1729 5331 1847 5394 Quo
1898 5331 2071 5398 facto,

440 5413 810 5481 maximaque
832 5415 1058 5471 interim
1085 5418 1328 5475 furatum
1347 5421 1509 5491 copia
1532 5421 1587 5474 in
1607 5418 1766 5475 illam
1787 5418 2070 5487 immissa,

439 5506 607 5556 stans
646 5507 853 5565 erecta,
887 5506 956 5557 ad
990 5505 1169 5560 Deum
1198 5525 1392 5576 preces
1423 5509 1687 5565 faciebat.
1721 5510 1940 5574 Quibus
1972 5509 2069 5563 ab-

434 5586 670 5650 solutis,
701 5602 1001 5659 conversa,
1049 5591 1241 5651 lacum
1279 5598 1428 5653 videt
1458 5613 1621 5667 aquis
1671 5598 1942 5669 plenum:
1993 5603 2067 5663 et,

422 5680 619 5742 Nunc,
664 5672 870 5749 inquit,
904 5685 1137 5751 tempus
1168 5686 1257 5738 est
1304 5691 1365 5740 ut
1413 5685 1638 5759 abluar,
1680 5695 1733 5743 et
1774 5703 1892 5743 una
1934 5699 2067 5742 cum

2185 4707 2275 4760 καὶ
2328 4709 2388 4761 τὸ
2435 4714 2542 4763 τῶν
2596 4716 2865 4785 γυναικῶν
2917 4710 3130 4780 πλῆθος
3170 4715 3322 4777 εὐθὺς
3350 4714 3673 4789 ἐπεϐόησαν.
3705 4724 3830 4796 ’Ἅρ-

2186 4811 2320 4850 κτου
2364 4793 2420 4851 δὲ
2459 4804 2525 4872 τῇ
2568 4798 2691 4875 ἁγίᾳ
2721 4797 3160 4873 ἐπιδραμούσης,
3193 4806 3227 4873 ἡ
3263 4802 3468 4875 λέαινα,
3503 4808 3683 4883 ὥσπερ
3742 4793 3831 4864 αὖ·

2185 4892 2287 4954 τῆς
2350 4888 3083 4961 προασπίζουσα,ύπήντησέ
3132 4913 3190 4946 τε
3244 4895 3333 4948 καὶ
3392 4893 3638 4972 διέῤῥηξε
3690 4897 3830 4953 m6-

2184 4994 2302 5043 την.
2360 4974 2586 5029 Ἔπειτα
2643 4974 2779 5031 λέων
2842 4976 3054 5056 ἀφίεται
3115 4987 3227 5035 κατ’
3274 4982 3443 5052 αὐτῆς
3487 5002 3501 5018 ·
3562 4986 3620 5047 ὃς
3666 4986 3829 5043 Ἀλε-

2184 5060 2408 5135 ξάνδρου
2461 5064 2554 5135 μὲν
2614 5065 2937 5135 ἧν,ἤσκητο
2969 5064 3027 5121 δὲ
3084 5069 3402 5144 ἀνθρώπους
3462 5068 3822 5148 βιϐρώσκειν·

2183 5151 2227 5222 ᾧ
2256 5150 2345 5204 καὶ
2396 5151 2540 5223 αὐτῷ
2587 5159 2686 5222 τῆς
2746 5152 2967 5225 λεαίνης
2997 5158 3133 5233 πρὸς
3168 5159 3492 5232 συμπλοκήν
3534 5161 3823 5235 ἐλθούσης.

2181 5240 2523 5309 ἀναιροῦνται
2558 5242 2643 5295 ὑπ’
2675 5240 2942 5313 ἀλλήλων
2975 5245 3293 5321 ἀμφότεροι.
3330 5250 3424 5303 Καὶ
3468 5250 3591 5307 τότε
3637 5252 3823 5309 πολλὰ

2178 5333 2285 5381 τῶν
2336 5326 2540 5401 θηρίων
2598 5330 2842 5409 ἀφιᾶσιν,
2894 5332 3138 5405 ἑστώσης
3190 5335 3540 5407 Θέκλης,καὶ
3598 5362 3822 5415 προσευ-

2178 5416 2422 5507 χομένης
2455 5424 2589 5490 Θεῷ.
2622 5420 2769 5475 Ἐπεὶ
2801 5419 2859 5477 δὲ
2909 5424 2997 5477 κάὶ
3052 5423 3209 5487 τέλος
3260 5426 3403 5499 εἶχεν
3446 5429 3479 5496 ἡ
3511 5433 3818 5507 προσευχὴ,

2178 5505 2580 5580 ἐπιστραφεῖσα,
2646 5508 2852 5565 Μκκον
2926 5513 3045 5585 ὁρᾷ,
3130 5514 3321 5586 μεστὸν
3400 5513 3613 5580 ὕδατος.
3669 5505 3813 5588 Ειτα,

2177 5594 2286 5650 Νῦν
2318 5595 2527 5668 καιρὸς,
2577 5592 2703 5675 ἔφη,
2734 5603 2831 5653 τοῦ
2863 5598 3157 5666 λούσασθαί
3209 5623 3273 5675 με
3304 5624 3318 5637 ο
3362 5604 3449 5657 καὶ
3500 5605 3613 5678 ἅμα
3651 5614 3816 5678 καθῆ-

2175 5701 2261 5737 κεν
2295 5680 2487 5757 έαυτήν
2516 5684 2591 5748 εἷς
2622 5686 2683 5741 τὸ
2716 5685 2885 5764 ὕδωρ.
2920 5689 3007 5748 Ἐν
3031 5694 3109 5765 τῷ
3140 5686 3365 5765 ὀνὸματι
3394 5712 3511 5763 σου,
3554 5692 3807 5775 λέγουσα,
