4124 6270
1759 317 1921 377 ΜΕΝ
1932 317 2046 377 SIS
2091 313 2570 377 SEPTEMBER.
3765 315 3925 376 840

478 343 595 402 839

478 501 851 572 adipiscetur,
903 492 1005 551 sed
1065 492 1249 546 morte
1318 483 1665 541 multabitur
1738 479 2140 572 sempiternas

2252 474 2589 544 ῖυσωπηθεὶς,
2639 473 2836 544 ἱμάτια
2910 470 3200 545 ἐνεχθῆναι
3272 471 3507 540 κελεύει,
3565 472 3658 526 καὶ
3711 468 3917 541 αὒτήν

480 556 697 654 διιίιὺυε
718 556 928 659 pressa
948 580 1161 637 auditis
1181 576 1418 648 (quippe
1440 578 1748 643 martyrem
1764 570 1889 640 jam
1910 568 2081 659 verba
2096 596 2115 609 -

2253 562 2541 618 νδύσασθαι
2589 565 2776 615 ταῦτα.
2836 561 2899 617 Ἠ
2956 556 3056 614 δέ’
3120 564 3165 617 Ο
3240 558 3459 622 ἐνδύσας
3524 581 3590 632 με
3639 562 3909 636 γυμνήν,

484 695 596 750 que
626 648 809 747 ipsius
842 670 1141 736 reveritus)
1172 670 1361 722 vestes
1400 661 1611 729 ail‘erri,
1645 660 1834 731 iisque
1865 674 1926 714 se
1957 656 2116 711 illam

2252 652 2349 729 φη,
2432 651 2566 724 πρὸς
2641 648 2804 723 θηρία
2887 648 3276 706 πυκτεύουσαν.
3336 650 3497 711 αὐτὸς
3565 650 3617 704 ἐν
3699 651 3911 725 ἡμέρᾳ

2305 742 2313 750 .
2514 738 2528 750 .
2571 737 2626 750 κ.
3077 738 3087 750 ,
3235 741 3267 750 ..
3313 738 3327 750 ι
3391 737 3410 750 κ
3468 734 3495 750 ο
3536 742 3563 750 -

484 734 725 822 induere
770 763 1038 833 imperat.
1073 734 1157 811 Ad
1208 770 1379 826 quem
1428 751 1566 807 illa:
1598 749 1704 815 Qui
1746 764 1837 803 me
1878 748 2117 813 nudam,

2252 742 2455 801 ιρίσεως
2511 737 2713 794 ἐνδύσει
2766 759 2823 792 σε
2880 738 3177 812 σωτηρίαν.
3232 738 3329 794 Καὶ
3391 734 3637 793 λαϐοῦσα
3694 759 3907 812 περιε-

481 860 683 912 contra
712 825 873 907 feras.
909 825 1338 919 depugnantem
1387 840 1639 907 vestivit,
1673 838 1796 906 ipse
1828 836 1884 891 in
1910 833 2121 905 judicii

2252 825 2451 888 ἷαλετο,
2486 828 2625 903 Πρὸς
2655 827 2871 889 τούτοις
2930 830 2957 882 ὁ
3015 828 3240 903 ἡγεμὼν
3291 826 3370 900 τῷ
3426 827 3609 901 ἀγαθῷ
3648 848 3905 901 προστι⁶

485 944 578 998 die
610 942 797 998 salute
826 944 882 994 te
911 935 1118 991 vestiet
1144 951 1155 987 :
1182 936 1565 1003 sumptasque
1588 927 1695 983 sibi
1716 924 2119 982 circumdedit.

485 1032 648 1099 Quod
678 1027 1023 1085 beneﬁcium
1058 1024 1163 1079 hoc
1195 1022 1429 1091 insuper
1459 1018 1662 1074 merito
1694 1031 1907 1088 preses
1952 1029 2123 1068 accu-

486 1118 750 1182 mulavit,
786 1120 849 1172 ut
878 1119 934 1170 et
958 1110 1268 1183 epistolam
1300 1105 1697 1164 Iconiensibus
1746 1102 2023 1158 scriberet
2062 1100 2123 1155 in

485 1208 607 1263 hec
663 1206 871 1262 verba:
920 1200 1193 1257 Theclam
1244 1198 1399 1271 piam
1448 1194 1549 1251 Dei
1606 1191 1905 1248 cultricem
1963 1188 2125 1244 vobis

484 1296 732 1351 dimitto.
765 1293 885 1356 Quo
917 1290 1093 1355 facto,
1122 1285 1395 1343 mulieres
1426 1298 1629 1339 omnes
1660 1280 1889 1352 gavisae,
1916 1293 2126 1347 magna

484 1400 622 1441 voce
669 1388 781 1439 Deo
826 1380 1025 1436 laudes
1078 1375 1435 1432 referebant:
1472 1371 1635 1427 Unus
1683 1375 1835 1425 Deus
1863 1366 2123 1431 Theclae;

487 1490 637 1529 unus
671 1473 823 1527 Deus
856 1468 955 1540 qui
987 1466 1260 1522 Theclam
1284 1462 1553 1528 servavit,
1584 1458 1980 1515 inclamantes.
2006 1456 2127 1521 Qua

487 1578 623 1619 voce
668 1566 787 1616 tota
834 1558 1036 1613 civitas
1086 1553 1471 1625 personabat:
1516 1548 1954 1621 Tryphaenaque
2006 1550 2123 1599 tam

2230 922 2360 983 θεὶς.
2395 922 2629 995 γράμμα
2662 921 2970 974 Ἰκονιεῦσιν
3027 918 3315 991 ἐκπέμπει,
3377 920 3589 993 γράψας
3650 920 3847 983 οὕτως
3884 942 3900 955 ο

2233 1008 2435 1065 Θέκλαν
2485 1012 2583 1077 τήν
2632 1004 2857 1078 θεοσεϐῆ
2908 1008 3113 1087 ἀφίημι
3163 1008 3622 1081 ὒμῖν.’Ήσθῃσαν
3679 1008 3775 1064 οὖν
3846 1011 3905 1065 οἱ

2229 1104 2476 1173 γυναῖκες
2532 1097 2620 1154 ἐπὶ
2680 1097 2859 1171 τούτῳ
2903 1104 3069 1153 πᾶσαι
3126 1097 3216 1152 καὶ
3273 1103 3427 1173 φωνῇ
3496 1097 3711 1173 μεγάλῃ
3772 1097 3902 1154 ἐδό-

2235 1190 2393 1259 ξασαν
2439 1187 2532 1243 τὸν
2565 1188 2693 1243 Θεόν
2728 1206 2740 1220 ·
2800 1189 2900 1249 Εἷς
2960 1188 3091 1248 Θεὸς
3144 1188 3172 1241 ὁ
3216 1188 3418 1243 Θέκλαν
3450 1186 3904 1261 διασωσαμενος,

2235 1279 2307 1340 ὡς
2342 1278 2445 1332 ὑπὸ
2473 1282 2572 1343 τῆς
2604 1285 2786 1356 φωνῆς
2814 1277 3015 1349 ταύτης
3048 1275 3519 1351 διαθρυλληθῆναι
3557 1282 3659 1349 τὴν
3717 1281 3905 1336 πόλιν

2236 1362 2437 1421 ἃπασαν
2474 1386 2487 1399 ·
2560 1367 2853 1444 Γρύφαινάν
2912 1388 2970 1421 τε
3044 1366 3513 1441 εύαγγελισθείσαν
3574 1368 3897 1439 ἀπαντῆσαι

2238 1455 2331 1511 σὺν
2384 1454 2607 1526 πλήθει,
2660 1450 2974 1529 περιϐαλεῖν
3028 1475 3086 1510 τε
3145 1457 3244 1524 τήν
3305 1455 3528 1527 Θέκλαν,
3580 1458 3691 1527 καὶ,
3758 1464 3901 1525 Νῦν,

2237 1546 2415 1622 φάναι,
2447 1544 2717 1599 πιστεύειν
2777 1542 3033 1618 δύναμαι,
3093 1543 3177 1598 ὅτι
3231 1544 3407 1600 Θέκλα
3464 1547 3526 1601 τὸ
3582 1546 3776 1602 τὲκνον
3818 1548 3895 1617 δὴ

488 1652 614 1707 laeto
648 1648 853 1704 nuntio
884 1650 1139 1716 accepto,
1172 1659 1306 1699 cum
1342 1656 1556 1711 magna
1587 1637 1977 1700 multitudine,
2012 1648 2126 1703 quo

2252 1634 2294 1687 :6
2328 1632 2457 1705 ἐμὸν
2492 1637 2579 1706 ζῇ.
2615 1638 2781 1708 Δεῦρο
2813 1634 2991 1688 τοίνυν
3036 1633 3183 1706 ἐμοὶ,
3217 1634 3466 1709 θύγατερ.
3500 1636 3574 1697 εἱς
3610 1637 3703 1691 τὸν
3761 1636 3907 1710 ἐμὸν

486 1741 646 1795 illam
681 1737 1141 1808 amplecteretur,
1175 1734 1400 1789 obviam
1450 1731 1586 1784 ivit:
1614 1728 1801 1792 Nunc,
1834 1725 2126 1795 inquiens,

2252 1722 2405 1791 ›ἶκον,
2437 1726 2527 1777 καὶ
2583 1725 2650 1778 τὰ
2698 1723 2805 1795 ἐμὲ
2852 1725 3024 1778 πάντα
3080 1745 3165 1778 σοι
3196 1722 3505 1798 ἐπιγράψω.
3538 1723 3738 1780 Ἦλθεν
3797 1728 3902 1782 οὗν

484 1830 716 1885 credere
748 1841 985 1899 possum
1018 1822 1291 1879 Theclam
1326 1820 1506 1874 ﬁliam
1542 1832 1727 1871 meam
1760 1816 1965 1879 vivere,
1998 1810 2126 1868 veni

2252 1809 2433 1915 ἲίκαδε
2481 1810 2657 1867 Θέκλα
2722 1814 2857 1885 μετᾶ
2912 1812 3217 1889 Τρυφαίνης
3253 1833 3266 1845 ·
3299 1814 3390 1867 καὶ
3437 1814 3647 1888 ἡμέρας
3697 1815 3904 1893 ὀλίγας

487 1920 727 1975 domum
762 1932 915 1971 nunc
947 1930 1081 1984 ergo
1114 1913 1184 1967 ad
1226 1926 1338 1977 me,
1371 1925 1498 1964 mea
1529 1906 1686 1961 ﬁlia:
1720 1920 1922 1960 omnes
1973 1918 2130 1957 meas

2252 1902 2349 1957 ἐκεῖ
2406 1899 2901 1974 διαναπαυσαμεναι
2978 1900 3259 1958 ἐδίδασκον
3316 1901 3481 1979 ἄμφω
3559 1904 3651 1960 τὸν
3724 1906 3900 1982 Λόγον

490 2010 794 2064 facultates
824 2005 882 2059 in
907 2008 961 2059 te
995 2002 1401 2056 transcribam.
1426 1997 1560 2051 Abit
1580 1994 1680 2049 illa
1709 2010 1840 2049 cum
1864 1992 2131 2065 Tryphae-

2252 1992 2470 2065 Κυρίου,
2504 1989 2642 2047 ὥστε
2695 1995 2975 2046 πιστεῦσαι
3002 1992 3097 2053 τὰς
3136 1991 3361 2055 πλείους
3402 1998 3513 2048 τῶν
3562 1993 3899 2066 παιδισκῶν,

488 2114 585 2165 na,
619 2100 674 2151 et
704 2096 827 2149 dies
876 2107 1091 2163 paucos
1141 2088 1357 2144 ibidem
1409 2085 1906 2156 conquiescentes,
1947 2082 2130 2136 amba:

2252 2081 2331 2136 καὶ
2364 2085 2538 2156 χαρᾶς
2570 2078 2885 2151 πλησθῆναι
2914 2082 3005 2136 τὸν
3040 2081 3188 2136 οἶκον
3228 2081 3563 2158 Τρυφαίνης.

492 2186 593 2242 Dei
648 2184 887 2239 verbum
944 2179 1221 2236 docebant
1266 2194 1279 2231 :
1341 2177 1417 2231 ita
1474 2179 1538 2230 ut
1585 2171 1776 2229 multae
1836 2186 1902 2226 ex
1955 2170 2183 2225 ancillis
2261 2172 2430 2227 ﬁdem
2484 2172 2868 2243 susciperent,
2926 2178 2982 2229 et
3034 2172 3232 2228 laetitia
3288 2174 3499 2229 domus
3554 2176 3898 2248 Tryphaena.-

492 2275 839 2347 repleretur.

563 2364 689 2419 XII.
723 2363 1005 2418 Caeterum
1041 2376 1155 2415 non
1188 2356 1420 2414 sinebat
1440 2354 1714 2411 Theclam
1761 2352 2045 2423 spiritalis
2077 2350 2137 2406 in

498 2454 737 2509 Paulum
769 2466 932 2505 amor
963 2448 1181 2503 diutius
1208 2446 1464 2517 quietam
1491 2460 1642 2512 esse,
1666 2443 1765 2497 sed
1795 2443 1991 2497 animo
2024 2440 2139 2497 sol-

500 2542 661 2597 licita
679 2554 1119 2611 quoquoversus
1142 2536 1212 2591 ad
1234 2535 1399 2589 illum
1415 2533 1829 2604 inquirendum
1851 2531 2137 2584 mittebat.

504 2632 767 2701 Cumque
817 2625 994 2697 Myris
1044 2624 1225 2696 Lycia:
1258 2622 1400 2678 urbe
1430 2638 1558 2676 esse
1596 2619 1915 2685 didicisset,
1945 2616 2144 2672 multis

509 2735 706 2776 secum
735 2715 971 2772 famulis
999 2719 1055 2770 et
1084 2712 1313 2769 ancillis
1344 2710 1680 2780 assumptis,
1707 2708 1829 2779 ipsa
1858 2707 2057 2762 tunica
2084 2706 2143 2761 in

514 2807 809 2880 penulam,
834 2803 1052 2859 virilem
1086 2802 1147 2858 in
1178 2800 1451 2870 speciem,
1474 2801 1851 2864 commutata,
1875 2796 1945 2851 ad
1977 2795 2141 2850 illum

510 2911 716 2966 magno
747 2909 879 2949 cum
914 2891 1199 2946 desiderio
1247 2888 1604 2958 spiritusque
1643 2886 1846 2941 ardore
1895 2884 2145 2955 profecta

2322 2348 2422 2403 lB'.
2457 2345 2662 2402 Θέκλαν
2697 2345 2877 2420 μέντοι
2919 2345 3033 2432 οὐδ’
3066 2347 3210 2410 ὅλως
3257 2350 3484 2422 ἠρεμεῖν
3523 2356 3791 2432 παρεῖχον
3844 2356 3899 2409 οἱ

2247 2436 2469 2493 Παύλου
2510 2436 2860 2508 πνευματικοὶ
2922 2429 3117 2509 ἔρωτες
3150 2454 3163 2466 ·
3197 2433 3323 2490 ἀλλ’
3375 2438 3443 2507 ἦν
3503 2429 3746 2494 ἀλύουσα
3792 2443 3897 2511 τήν

2250 2522 2489 2598 καρδίαν,
2564 2522 2851 2596 πέμπουσα
2934 2545 2991 2579 τε
3086 2530 3361 2600 πανταχοῦ
3439 2529 3562 2600 γῆς,
3646 2529 3895 2585 κάκεῖνον

2252 2614 2604 2682 ἐπιζητοῦσα.
2640 2613 2789 2669 Ἐπεὶ
2841 2610 2897 2667 δὶ
2948 2614 3111 2686 μάθοι
3171 2613 3223 2668 ἐν
3274 2614 3479 2690 Μύροις
3532 2619 3689 2673 αὐτὸν
3752 2620 3891 2675 εἶναι

2252 2708 2351 2771 τῆς
2405 2701 2626 2771 Λυκίας,
2675 2700 2923 2762 πολλοὺς
2974 2707 3080 2756 τῶν
3157 2704 3443 2759 νεανίσκων
3500 2702 3737 2761 λαϐοῦσα
3788 2710 3887 2764 καὶ

2253 2788 2579 2860 παιδισκῶν,
2610 2797 2728 2846 κατ’
2759 2788 2922 2866 ἄνδρα
2971 2789 3027 2847 δὲ
3073 2794 3163 2848 τὸν
3198 2798 3406 2867 χιτῶνα
3460 2795 3529 2856 εἷς
3586 2793 3877 2867 ἐπενδύτην

2257 2876 2653 2954 μεταϐαλοῦσα,
2713 2880 2875 2953 ἀπῄει
2932 2883 3066 2957 πρὸς
3140 2881 3319 2951 αὐτὸν,
3373 2886 3506 2957 μετᾶ
3558 2906 3616 2959 γε
3666 2885 3880 2942 πολλοῦ

506 2953 818 3050 θειῖΟιιοω
843 2983 1019 3054 Myris
1048 2982 1118 3037 de
1144 2953 1318 3036 rebus
1342 2953 1553 3034 divinis
1572 2953 1953 3032 disserentem
1981 2974 2139 3028 inve-

2253 2972 2424 3024 πόθου
2481 2970 2570 3024 καὶ
2658 2974 2859 3043 θερμοῦ
2917 2970 3245 3045 πνεύματος.
3296 2973 3549 3047 Εὐρίσκει
3600 2981 3886 3050 τοιγαροῦν

512 3075 620 3141 nit,
653 3073 851 3144 illique
898 3070 1188 3137 desubito,
1221 3068 1367 3124 nihil
1418 3066 1531 3122 tale
1576 3065 1923 3137 praescienti,
1956 3068 2142 3120 astat:

510 3179 686 3234 quam
731 3170 793 3216 ut
832 3161 930 3215 ille
979 3159 1260 3229 turbaque
1310 3173 1434 3229 quae
1485 3173 1601 3210 una
1649 3156 1871 3221 aderat,
1901 3153 2144 3226 aspexit,

511 3256 747 3323 stupore
778 3248 1079 3322 perculsus
1110 3253 1216 3314 est,
1249 3262 1320 3301 ne
1352 3246 1505 3316 quod
1538 3244 1789 3313 videbat,
1818 3261 1963 3299 nova
1994 3247 2149 3298 esset

509 3340 771 3408 tentatio,
802 3355 997 3394 secum
1048 3343 1341 3408 reputans.
1374 3334 1587 3390 Thecla
1616 3341 1808 3389 autem
1842 3333 2144 3403 accedens,

510 3430 739 3499 Accepi,
771 3426 980 3497 inquit,
1014 3442 1045 3480 o
1077 3425 1270 3491 Paule,
1320 3424 1635 3488 lavacrum,
1680 3421 1776 3492 qui
1826 3420 1981 3476 enim
2030 3434 2147 3473 una

505 3524 699 3573 tecum
749 3521 1020 3588 operatus
1068 3519 1153 3569 est
1192 3513 1249 3567 in
1301 3511 1697 3583 Evangelium,
1732 3510 1877 3566 mihi
1916 3523 2146 3580 quoque

508 3607 606 3661 ille
636 3606 778 3675 ipse,
811 3612 866 3659 ut
900 3603 1185 3671 abluerer,
1214 3601 1518 3657 concessit.
1558 3602 1703 3655 Tum
1740 3599 1952 3655 Paulus
1983 3595 2143 3652 illam

516 3696 584 3751 ad
619 3710 679 3749 se
712 3697 997 3763 receptam
1022 3692 1079 3745 in
1104 3692 1335 3745 domum
1361 3689 1636 3745 Hermeiaa
1671 3689 1926 3752 deduxit,
1951 3685 2147 3757 ibique

510 3782 833 3854 sigillatim,
867 3794 1228 3850 quaecunque
1278 3778 1384 3831 sibi
1419 3776 1736 3831 Antiochiae
1774 3776 2144 3840 accidissent,

505 3868 715 3925 Thecla
744 3867 924 3923 Paulo
954 3874 1178 3920 enarrat
1204 3883 1215 3918 :
1249 3870 1313 3919 ut
1343 3864 1659 3934 plurimum
1693 3869 1747 3919 et
1777 3863 1874 3918 ille
1905 3864 2143 3918 mirare-

510 3964 624 4028 tur,
650 3962 705 4012 et
735 3954 1094 4012 audientium
1128 3954 1269 4008 ﬁdes
1300 3952 1763 4019 conﬁrmaretur,
1787 3952 2143 4023 Tryphaena-

508 4063 619 4118 que
678 4045 1091 4115 benignitatem
1153 4044 1591 4113 amplectentes,
1638 4059 1739 4113 pro
1788 4041 1917 4113 ipsa
1968 4046 2143 4095 Deuru

509 4137 989 4207 deprecarentur:
1025 4134 1176 4204 quod
1229 4149 1497 4204 magnam
1549 4131 1650 4186 illa
1680 4134 1805 4187 auri
1837 4135 1892 4186 et
1923 4129 2145 4201 argenti

509 4226 876 4295 vestiumque
905 4224 1153 4294 copiam,
1188 4238 1284 4294 per
1313 4222 1585 4277 Theclam
1617 4222 1688 4277 ad
1733 4220 1998 4290 Paulum,
2031 4236 2145 4292 quo

508 4314 866 4385 pauperibus
896 4316 1352 4380 succurreretur,
1388 4312 1667 4366 misisset.

580 4490 727 4545 XIII.
760 4488 971 4543 Thecla
1004 4505 1169 4559 porro
1200 4504 1268 4542 ex
1299 4486 1461 4542 Pauli
1504 4485 1792 4541 sententia
1841 4502 1973 4541 cum
2023 4485 2145 4541 Ico-

510 4578 673 4633 nium
731 4577 1100 4647 pervenisset,
1154 4576 1255 4632 Dei
1308 4577 1542 4631 verbum
1586 4574 1801 4631 ibidem
1864 4575 2142 4631 docebat:

510 4667 907 4737 accedensque
984 4665 1329 4736 Onesiphori
1401 4666 1663 4734 domum,
1723 4681 1788 4721 eo
1858 4664 1968 4721 loci
2045 4663 2145 4719 ubi

515 4754 728 4810 Paulus
805 4755 1004 4812 sedere
1070 4759 1126 4810 et
1195 4756 1400 4810 docere
1473 4753 1721 4819 solebat,
1785 4769 1907 4809 sese
1983 4753 2145 4809 humi

512 4845 842 4913 prosternit.
874 4844 1031 4899 Talis
1060 4848 1146 4899 est
1184 4844 1339 4899 enim
1380 4843 1650 4899 desiderii
1685 4843 1791 4910 vis,
1824 4846 1889 4897 ut
1917 4842 2148 4913 quando

511 4932 849 5001 ipsummet,
875 4950 1044 5005 quem
1075 4934 1272 4991 videre
1302 4938 1550 5005 exoptat,
1575 4932 1786 4988 habere
1806 4949 1919 4988 non
1944 4932 2147 5004 possit,

512 5021 729 5091 aliquid
763 5039 987 5091 eorum,
1020 5040 1147 5095 quae
1190 5024 1260 5077 ad
1307 5023 1471 5077 illum
1509 5023 1922 5092 pertinuerant,
1956 5020 2145 5077 ardori

511 5110 669 5166 illius
697 5111 967 5168 solatium
1002 5114 1241 5167 adferat.
1268 5112 1474 5183 Magno
1498 5113 1676 5183 igitur
1692 5127 1820 5167 cum
1854 5112 2066 5183 gaudio
2089 5110 2147 5166 in

511 5202 725 5253 terram
760 5201 1166 5268 procumbens,
1191 5200 1396 5255 calidis
1418 5216 1541 5255 eam
1573 5201 1845 5273 lacrymis
1876 5216 2147 5271 consper-

512 5287 706 5355 gebat,
732 5302 1052 5359 manusque
1083 5289 1139 5343 in
1164 5289 1485 5345 orationem
1517 5291 1871 5360 expandens,
1896 5288 2145 5355 Gratias,

511 5372 727 5442 inquit,
745 5372 846 5427 tibi
867 5392 993 5447 ago,
1014 5377 1255 5431 Domine
1269 5378 1419 5433 Deus
1435 5395 1620 5444 meus,
1635 5384 1690 5433 et
1715 5379 1891 5446 hujus
1915 5378 2145 5441 domus,

513 5461 609 5514 ubi
663 5464 724 5512 tu
769 5461 994 5517 Christe
1041 5464 1204 5529 Jesu,
1255 5466 1359 5519 Fili
1409 5467 1510 5521 Dei
1558 5466 1823 5534 viventis,
1856 5464 2002 5520 mihi
2051 5464 2149 5519 lux

508 5543 950 5619 resplenduisti,
985 5551 1081 5618 qui
1114 5550 1257 5604 mihi
1290 5554 1518 5622 adjutor
1549 5554 1605 5608 in
1639 5571 1884 5622 carcere,
1917 5552 2151 5623 adjutor

503 5633 567 5689 in
597 5632 869 5704 praeside,
898 5638 1135 5707 adjutor
1158 5636 1214 5691 in
1238 5638 1438 5696 bestiis
1460 5645 1516 5697 et
1537 5641 1667 5712 igne
1691 5643 1847 5700 fuisti
1872 5659 1883 5699 :
1909 5638 2147 5715 gratias,

2256 3058 2469 3114 Παῦλον
2529 3057 2578 3113 ἐν
2636 3060 2862 3133 Μύροις.
2922 3061 2987 3114 τὰ
3070 3061 3192 3136 περὶ
3268 3066 3400 3117 Θεοῦ
3485 3061 3889 3141 διαλεγόμενον,

2254 3151 2343 3204 καὶ
2376 3150 2569 3224 ἁθρόον
2603 3146 2752 3220 αἱ)τῴ
2780 3152 3102 3222 παρίσταται
3138 3150 3306 3224 μηδὲν
3357 3156 3699 3227 προμαθόντι
3733 3173 3746 3187 ·
3798 3157 3887 3211 τὸν

2256 3235 2332 3305 δὲ,
2368 3237 2575 3307 ἐκείνην
2606 3259 2664 3293 τε
2704 3240 3054 3312 θεασάμενον.
3099 3240 3188 3294 καὶ
3240 3242 3302 3296 τὸ
3360 3242 3485 3317 περὶ
3530 3243 3695 3313 αὐτὴν
3744 3244 3889 3313 πλῆ-

2257 3337 2368 3395 θος,
2401 3320 2659 3396 ἔκπληξις
2688 3328 2829 3405 εἶχε,
2862 3330 3243 3404 λογιζόμενον,
3310 3332 3384 3404 μὴ
3445 3333 3537 3387 καὶ
3594 3336 3886 3407 πειρασμὸς

2252 3412 2435 3487 ἕτερος
2481 3413 2517 3487 ᾖ
2568 3418 2629 3469 τὸ
2660 3414 3003 3493 φαινόμενον.
3038 3417 3214 3473 Θέκλα
3246 3416 3302 3474 δὲ
3333 3426 3549 3475 συνεῖσα
3582 3440 3595 3453 ·
3631 3418 3886 3495 ’¹Ελα6ον,

2255 3499 2379 3582 ἔφη,
2411 3505 2471 3558 τὸ
2524 3504 2778 3580 λουτρὸν,
2812 3507 3009 3561 Παῦλε.
3042 3508 3138 3562 Καὶ
3196 3509 3295 3581 γὰρ
3349 3511 3376 3564 6
3425 3513 3755 3587 συνεργήσας
3809 3534 3888 3567 σοι

2255 3594 2390 3667 πρὸς
2417 3596 2478 3649 τὸ
2510 3593 2872 3671 Εὐαγγὲλιον,
2905 3597 3073 3668 κάμοὶ
3123 3599 3280 3660 οὗτος
3312 3600 3447 3672 πρὸς
3490 3600 3554 3655 τὸ
3604 3601 3888 3656 λούσασθαι

2255 3685 2674 3762 συνεψηφίσατο.
2755 3685 2857 3741 Καὶ
2944 3681 3245 3758 λαϐόμενος
3304 3688 3475 3758 αὐτῆς
3556 3691 3583 3744 ὁ
3662 3690 3886 3762 Παῦλος,

2256 3773 2507 3847 ἀπήγαγε
2536 3775 2670 3845 πρὸς
2719 3775 2811 3829 τὸν
2863 3777 3008 3830 οἶκον
3058 3776 3333 3851 Ἑρμείου,
3366 3772 3489 3833 ἔνθα
3551 3781 3689 3835 κατὰ
3732 3780 3885 3852 μέρος

2255 3864 2483 3929 ἅπαντα,
2544 3864 2642 3917 ὅσα
2718 3860 3056 3937 συμϐέϐηκεν
3134 3864 3185 3920 ἐν
3242 3868 3585 3942 νΑντιοχείᾳ,
3638 3872 3673 3938 ἡ
3719 3869 3885 3925 Θέκλα

2252 3955 2329 4021 τῷ
2359 3951 2565 4024 Παύλῳ
2607 3950 2891 4029 διασαφεῖ·
2941 3954 3014 4016 ὡς
3066 3952 3251 4010 πολλά
3298 3956 3540 4012 κάκεῖνον
3598 3960 3880 4031 θαυμάσαι,

2252 4039 2342 4092 καὶ
2396 4040 2495 4108 τήν
2572 4047 2677 4095 τῶν
2763 4042 3069 4097 ἀκουόντων
3153 4042 3609 4120 ἐπιστηριχθῆναι
3686 4047 3879 4117 πίστιν,

2252 4131 2562 4207 Τρυφαίνης
2617 4152 2676 4185 τε
2750 4133 2812 4186 τὸ
2896 4130 3177 4210 εὔγνωμον
3236 4133 3662 4209 ἀποδεξαμένοῦς
3729 4138 3880 4213 ὑπερ·

2254 4218 2499 4288 εύξασθαι
2557 4219 2777 4291 ταὺτης.
2807 4222 3081 4298 Τρύφαινα
3130 4223 3222 4295 μὲν
3270 4224 3360 4278 οὖν
3420 4228 3618 4300 συχνὸν
3660 4228 3877 4301 γρυσίον

2175 4300 2233 4365 D
2256 4328 2314 4363 τε
2352 4308 2442 4361 καὶ
2479 4309 2755 4384 ἀργύριον,
2797 4312 2932 4384 πρὸς
2966 4309 3023 4365 δὲ
3069 4312 3156 4367 καὶ
3198 4314 3517 4387 ἱματισμὸν,
3551 4313 3637 4370 διὰ
3664 4300 3877 4386 νὸέκλης

2252 4401 2333 4468 τῷ
2364 4397 2563 4471 Παύλῳ
2594 4399 2796 4472 πέμπει
2830 4397 3151 4456 διακονοῦσα
3180 4402 3394 4473 πένησι.

2325 4490 2419 4542 H".
2453 4487 2628 4542 Θέκλα
2678 4485 2734 4542 δὲ
2796 4488 2987 4563 γνώμῃ
3058 4490 3282 4545 Παύλου
3336 4491 3412 4555 εἷς
3459 4494 3680 4549 Ἰκόνιον
3736 4516 3875 4571 γενο-

2260 4575 2412 4647 μένη,
2443 4578 2534 4631 τὸν
2567 4582 2661 4633 τοῦ
2692 4583 2825 4632 Θεοῦ
2883 4578 3052 4654 λόγον
3104 4577 3380 4637 ἐδίδασκεν
3414 4600 3427 4615 ’
3473 4582 3778 4639 ἀπελθοῦσα
3828 4581 3878 4638 6‘;

2255 4664 2344 4720 καὶ
2375 4668 2450 4727 είς
2477 4668 2567 4721 τὸν
2598 4666 2966 4743 Ὀνησιφόρου
2990 4668 3165 4739 οἶκον,
3198 4669 3481 4743 πέμπειτὸ
3500 4673 3645 4747 παρὰ
3674 4668 3877 4750 ἔδαφος,

2256 4752 2392 4809 ὅπου
2432 4755 2648 4816 Παῦλος
2694 4757 2761 4824 ἦν
2811 4758 3166 4832 καθεζόμενος
3222 4760 3314 4813 καὶ
3375 4757 3661 4817 διδάσκων.
3696 4763 3878 4817 Τοιοῦ-

2254 4863 2344 4898 τον
2387 4844 2491 4916 γὰρ
2546 4845 2574 4898 ὁ
2619 4843 2806 4912 πόθος,
2855 4846 2980 4901 ὅταν
3026 4846 3185 4901 αὐτὸν
3238 4846 3440 4904 ἐκεῖνον
3496 4852 3569 4922 μή
3631 4845 3754 4924 ἔχοι
3797 4850 3876 4904 τὸν

2255 4931 2596 5003 ποθούμενυν
2653 4935 2907 5007 καθορᾷν,
2964 4936 3201 4991 ποιεῖταί
3252 4958 3304 4992 τι
3361 4943 3468 4993 τῶν
3544 4938 3749 4994 ἐκείνου
3788 4942 3877 5004 τῆς

2256 5018 2457 5097 φλογὸς
2483 5023 2852 5096 παραμύθιον.
2901 5028 3143 5079 Πεσοῦσα
3179 5025 3358 5081 τοίνυν
3398 5028 3489 5081 σὺν
3539 5026 3710 5102 ἠδονῃ
3759 5028 3878 5098 πρὸς

2253 5110 2315 5163 τὸ
2363 5106 2584 5186 ἔδαφος,
2643 5109 2865 5187 δάκρυσι
2918 5118 3078 5169 τοῦτο
3127 5116 3350 5189 θερμοῖς
3396 5113 3623 5173 ἔϐαλλεν
3659 5137 3671 5150 ·
3722 5116 3876 5192 ἄρασα

2256 5218 2314 5251 τε
2373 5205 2565 5273 χεῖρας
2620 5200 2697 5263 εἰς
2753 5200 3094 5278 προσευχὴὃ,
3153 5204 3483 5279 Εὐχαριστῶ
3558 5229 3665 5265 σοι.
3718 5202 3875 5281 ἔλεγε,

2256 5287 2423 5360 Κύριε
2467 5288 2494 5341 ὁ
2540 5290 2667 5351 Θεός
2714 5310 2839 5363 μου,
2865 5290 2956 5345 καὶ
2999 5290 3158 5347 τοῦδε
3202 5298 3300 5348 τοῦ
3349 5292 3506 5349 οἵκου
3532 5292 3655 5360 ἔνθα
3690 5317 3780 5371 μοι
3822 5297 3876 5350 τὸ

2258 5380 2371 5451 φῶς
2420 5374 2692 5451 ἔλαμψας,
2746 5380 2951 5454 Χριστὲ
3000 5384 3313 5451 Ἰησοῦ,Υὶὲ
3347 5388 3443 5437 τοῦ
3485 5388 3685 5454 ζῶντος
3735 5389 3875 5454 Θεοῦ,

2259 5466 2286 5519 6
2318 5464 2439 5537 ἐμοὶ
2496 5466 2697 5540 βοηθὸς
2746 5466 2798 5522 ἐν
2851 5467 3067 5546 φυλακῇ
3088 5471 3395 5547 γενόμενος,
3441 5473 3639 5547 βοηθὸς
3681 5473 3731 5529 ἐν
3763 5476 3876 5550 ἡγε-

2262 5554 2407 5627 μόνι,
2456 5556 2659 5627 βοηθὸς
2724 5554 2775 5610 ἐν
2830 5556 3042 5631 θηρίοις
3090 5578 3150 5614 τε
3204 5560 3293 5613 καὶ
3358 5561 3508 5636 πυρί.
3568 5562 3874 5641 Εὖχαριστῶ

2261 5664 2369 5714 σοι,
2403 5642 2484 5697 ὅτι
2531 5641 2691 5705 αὐτὸς
2753 5645 2915 5719 μόνος
2974 5646 3023 5700 εἷ
3065 5648 3214 5717 Θεὸς,
3245 5648 3334 5703 καὶ
3379 5650 3462 5704 σοὶ
3497 5652 3649 5726 μόνῳ
3701 5652 3871 5729 πρέπει
