4124 6270
295 368 404 428 841

1510 379 1987 442 ΜΑΙὶΤΥίίΙυΜ
2035 386 2095 441 S.
2142 384 2488 444 ἸἪΕΟῐιιΕ.

3572 391 3689 448 διε

298 526 426 599 δόξα
472 549 530 583 τε
584 531 676 584 καὶ
743 534 1109 602 προσκύνησις
1183 532 1258 594 εἰς
1323 535 1452 596 τοὺς
1520 537 1736 600 αἰῶνας.
1803 539 1941 614 Εὗρε

2065 544 2320 614 inquam,
2355 544 2458 598 tibi
2488 561 2618 614 ago,
2639 546 2776 616 quia
2797 549 2859 600 tu
2886 547 3047 601 solus
3078 560 3141 601 es
3176 547 3345 614 Deus,
3367 550 3426 602 et
3449 546 3548 602 tibi
3587 546 3697 602 soli

301 619 487 692 μέντοι
519 619 760 691 Θάμυριν
805 621 1122 690 τεθνηκότα,
1171 624 1269 692 τήν
1322 622 1378 679 δὲ
1428 625 1636 698 μητέρα
1676 630 1776 697 τὴν
1823 632 1948 688 ἐαυ-

297 712 398 776 τῆς
457 709 654 776 ζῶσαν·
707 706 775 776 ἥν
841 709 930 763 καὶ
999 705 1247 766 λαϐοῦσα
1309 714 1445 768 κατά
1513 715 1748 789 σχολὴν,
1819 721 1947 776 Θεό-

205 793 210 796 ’
296 793 473 864 κλεια,
516 793 641 869 ἔφη,
699 803 872 873 μῆτερ
903 795 1034 870 ἐμὴ,
1082 795 1297 855 δύνασαι
1343 807 1644 872 πιστεῦσαι,
1703 805 1789 861 ὅτι
1842 814 1945 878 ζῶν

298 884 493 959 Κύριος
522 885 549 939 ὁ
582 887 713 948 Θεός
746 885 887 942 ἐστιν
919 886 971 942 ἐν
1011 886 1298 963 οὖρανοῖς;
1342 891 1464 947 Εἴτε
1492 895 1593 967 γάρ
1643 898 1947 968 χρημάτων

297 971 444 1046 ἐρᾷς,
505 973 673 1048 ὀρέξει
733 996 820 1030 σοι
875 981 1045 1032 ταῦτα
1111 976 1180 1032 δι’
1245 977 1379 1052 ἐμοῦ
1447 982 1474 1035 ὁ
1515 983 1664 1044 Θεός·
1727 984 1834 1040 εἴτε
1890 984 1948 1043 δὶ

295 1061 505 1133 τέκνου,
537 1065 851 1138 παρέστηκά
897 1087 1002 1122 σοι.
1047 1065 1230 1124 Ἀλλα
1265 1090 1324 1124 τε
1371 1068 1547 1126 πλείω
1595 1072 1801 1128 τούτων
1854 1074 1948 1131 λέ-

297 1153 470 1227 γουσά
525 1173 584 1209 τε
641 1155 728 1209 καὶ
787 1154 1006 1228 ἀξιοῦσα
1062 1159 1263 1229 ταύτην
1351 1158 1760 1236 διεμαρτύρετο.
1819 1153 1962 1220 Θεοί

296 1242 456 1314 κλείᾳ
487 1239 544 1298 δὲ
592 1249 758 1300 ταῦτα
803 1245 964 1322 ψόροι
1036 1249 1204 1320 μόνον
1271 1250 1406 1319 ἦσαν
1465 1253 1632 1323 κενοὶ,
1689 1259 1794 1308 τῶν
1856 1257 1950 1328 μὶν

301 1329 455 1386 ὢτων
488 1333 913 1406 καταχεόμενοι,
953 1337 1253 1408 ἁπτόμενοι
1302 1336 1360 1393 δὲ
1405 1347 1505 1410 τῆς
1554 1339 1779 1414 καρδίας
1823 1341 1950 1398 οὐδὲ

301 1419 504 1496 βραχύ.
539 1419 748 1477 Βύουσα
780 1423 884 1498 γὰρ
934 1423 999 1491 ἦν
1045 1425 1112 1479 τὰ
1159 1423 1273 1481 ὦτα
1317 1427 1408 1481 καὶ
1455 1429 1614 1500 αὐτὴ,
1666 1435 1801 1485 κατὰ
1848 1433 1946 1500 τήν

297 1505 520 1576 ἀσπίδα,
553 1509 628 1572 ὡς
664 1513 738 1582 μή
775 1511 995 1568 ἀκοῦσαι
1029 1521 1215 1590 φωνῆς
1249 1515 1564 1586 ἐπάδοντος.

373 1687 471 1744 ΙΔ“.
502 1688 653 1744 Ἐπεὶ
695 1685 750 1744 δὲ
784 1685 887 1745 ἴδοι
935 1689 1111 1746 Θὲκλα
1175 1692 1257 1748 ὅτι
1313 1691 1481 1766 μηδὲν
1529 1694 1753 1770 ὠφελεῖ,
1804 1696 1950 1752 ἀλλά

297 1777 389 1831 τὸν
423 1775 655 1834 Λίθίοπα
703 1780 939 1854 σμήχειν
988 1778 1277 1857 ἐπιχειρεῖ,
1329 1785 1520 1854 σώζειν
1572 1783 1950 1855 σπουδάζουσα

298 1865 399 1934 τῆν
436 1867 668 1978 iniri-ipf
703 1865 1205 1978 ἐπισφραγισαμένη
1249 1870 1378 1928 ’ὀλον
1417 1873 1477 1928 τὸ
1520 1879 1680 1947 σῶμα
1721 1875 1782 1929 τὸ
1828 1875 1950 1932 ἐαυ-
1984 1911 2037 1978 Β

298 1960 422 2042 τῆς,
454 1956 555 2026 τῆν
603 1955 872 2013 Ἰκονιέων
916 1957 1193 2038 ἐξέρχεται
1239 1958 1421 2017 πόλιν.
1474 1963 1565 2017 καί
1615 1962 1691 2027 εἰς
1738 1962 1951 2042 Δάφνην

299 2037 546 2120 ἔρχεται,
594 2044 672 2108 εἰς
715 2046 980 2119 μνημεῖόν
1017 2068 1075 2103 τε
1135 2047 1323 2104 εἷ’σεισι
1381 2045 1503 2115 ἔνθα
1551 2050 1763 2115 Ηαῦλος
1823 2037 1956 2126 μετά

303 2132 670 2212 Ὀνησιφόρου
722 2135 791 2203 ἦν
851 2136 1106 2210 εὑρεθεὶς,
1168 2136 1278 2193 ἐκεῖ
1332 2144 1734 2214 προσπεσοῦσα,
1783 2162 1956 2216 προσ-

303 2216 529 2276 ἐκλαυσι
575 2226 653 2294 τῷ
703 2227 838 2294 Θεῷ.
888 2225 1006 2280 Εἶθ’
1056 2227 1232 2288 οὕτως
1283 2227 1358 2290 είς
1410 2227 1728 2284 Σελεύκειαν
1779 2229 1954 2286 εἰσελ-

305 2314 488 2375 θοῦσα,
532 2304 718 2381 ἔξεισιν
769 2307 871 2382 ἔξω
920 2319 1020 2382 τῆς
1069 2314 1286 2375 πόλεως
1337 2315 1514 2388 μιλίῳ
1562 2317 1659 2373 ἑνί.
1711 2319 1813 2375 Καὶ
1865 2327 1957 2374 Σε-

303 2397 515 2463 λευκεῖς
561 2400 663 2474 γὰρ
713 2397 994 2470 ἐδεδοίκει,
1045 2402 1127 2458 ὅτι
1175 2404 1415 2460 κάκεῖνοι
1471 2403 1675 2461 εἴδωλα
1723 2427 1956 2482 πρυσκυυ

299 2490 513 2549 νοῦντες
572 2487 728 2556 ἦσαν.
782 2485 1000 2564 Ὀδηγῷ
1040 2487 1096 2545 δὲ
1135 2491 1396 2566 χρωμένη
1455 2497 1536 2564 τῷ
1585 2494 1723 2570 φωτὶ
1773 2493 1951 2565 ἐκείνη

299 2583 400 2645 τῆς
439 2575 692 2650 νεφέλης,
741 2577 996 2654 ἀνάγεται
1041 2579 1176 2653 πρὸς
1220 2579 1282 2634 τὸ
1327 2575 1477 2654 ὅρος,
1511 2581 1540 2635 ὃ
1572 2579 1792 2656 ἐλέγετο
1844 2585 1951 2640 Κα-

299 2664 490 2738 λαμὼν
534 2664 707 2721 εἴτουν
756 2664 1008 2722 Ῥοδίων·
1057 2665 1182 2732 ἔνθα
1225 2668 1498 2739 σπήλαιον
1545 2669 1796 2745 εὑροῦσα,
1847 2669 1954 2726 εἶ’σ-

301 2775 436 2810 εισιν
487 2751 663 2823 ἔνδον,
719 2756 876 2810 κάκεῖ
922 2758 1158 2830 χρόνους
1216 2755 1455 2831 διαμένει
1507 2759 1758 2834 συχνοὺς,
1810 2759 1950 2816 πολ-

300 2841 434 2906 λοῦς
465 2843 557 2916 μὲν
587 2843 725 2916 αὐτῇ
756 2844 845 2897 καὶ
887 2842 1167 2920 χαλεποὺς
1213 2847 1548 2920 πειρασμοὺς
1598 2852 1697 2901 τοῦ
1747 2847 1950 2921 ἐχθροῦ

302 2929 684 3006 διεγείραντος,
732 2933 932 2991 πάντας
981 2929 1039 2985 δὲ
1085 2933 1330 3005 Χριστοῦ
1379 2932 1565 3006 χάριτι
1628 2935 1952 3006 νικησάσης,

303 3018 491 3088 Δήλην
550 3016 608 3072 δὲ
662 3016 826 3085 αὐτὴν
884 3023 1170 3093 πανταχοῦ
1233 3026 1332 3088 τῆς
1397 3020 1594 3091 ἀρετῆς
1661 3022 1951 3092 ποιούσης,

301 3105 516 3167 πολλάς
569 3111 677 3162 τῶν
727 3105 958 3182 εὐγενῶν
1006 3113 1270 3184 γυναικῶν
1327 3108 1355 3162 ὁ
1401 3109 1605 3178 ταύτης
1666 3108 1951 3183 ἐχειροῦτο

302 3195 493 3265 πόθος,
542 3196 630 3251 καὶ
681 3196 755 3258 ὡς
821 3197 988 3266 αὐτὴν
1055 3201 1340 3275 φοιτῶσαι,
1411 3196 1592 3270 λόγων
1649 3194 1949 3270 ἀπέλαϐον,

2055 634 2324 688 convenit
2339 633 2520 703 gloria
2540 639 2595 688 et
2619 633 2910 690 veneratio
2925 636 2981 690 in
3005 634 3236 690 secula.
3259 634 3482 691 Invenit
3499 638 3698 692 autem

2057 720 2415 792 'l‘hamyrida
2446 731 2764 792 mortuum,
2797 739 3013 779 marem
3036 729 3229 779 tamen
3254 723 3446 780 adhuc
3471 724 3654 781 vivam
3681 739 3696 782 :

2058 827 2170 880 qua
2219 829 2318 881 per
2368 813 2552 868 otium
2601 814 2670 868 ad
2722 830 2782 870 se
2826 820 3080 883 recepta,
3131 815 3437 884 Theoclea,
3486 815 3696 884 inquit,

2059 908 2243 954 mater
2293 917 2445 966 mea,
2480 911 2642 973 potes
2692 903 2924 958 credere
2955 903 3263 958 Dominum
3297 905 3473 958 Deum
3506 904 3696 958 vivum

2055 987 2115 1043 in
2147 988 2308 1044 crnlis
2339 1006 2466 1046 esse
2490 990 2518 1045 Ἰ
2545 991 2600 1045 Si
2645 992 2799 1046 enim
2835 990 3174 1046 divitiarum
3223 1008 3284 1046 es
3313 1009 3536 1058 amans,
3569 991 3696 1046 illas

2058 1077 2159 1132 tibi
2211 1093 2310 1147 per
2360 1095 2452 1133 me
2499 1080 2922 1151 suppeditabit,
2973 1081 3019 1134 si
3070 1079 3200 1133 ﬁlias
3248 1085 3380 1147 tua,
3419 1095 3551 1136 ecce
3589 1079 3699 1134 tibi

2058 1170 2209 1220 asto.
2247 1167 2488 1237 llaacque
2529 1172 2586 1221 et
2630 1167 2722 1223 his
2772 1167 2939 1238 plura
2981 1167 3064 1222 illi
3115 1167 3338 1232 dicens,
3372 1183 3698 1240 rogansque

2058 1253 2217 1309 illam
2241 1255 2666 1310 obtestabatur.
2691 1257 2826 1320 Quae
2867 1255 3064 1310 omnia
3086 1257 3380 1312 Theocleas
3419 1257 3548 1312 soni
3571 1263 3700 1312 tau-

2059 1344 2184 1396 tum
2218 1342 2413 1398 inanes
2439 1343 2763 1410 verborum,
2790 1344 2889 1415 qui
2920 1345 2989 1398 ad
3014 1359 3184 1399 aures
3216 1343 3452 1414 quidem
3486 1343 3703 1398 diﬁ'un-

2061 1429 2360 1496 derentur,
2411 1447 2511 1486 cor
2558 1435 2750 1486 autem
2800 1431 2959 1488 illius
3009 1448 3082 1487 ne
3130 1432 3425 1488 tantillum
3471 1433 3702 1503 quidem

2057 1518 2430 1589 attingerent,
2462 1520 2829 1574 obturaverat
2857 1520 3013 1574 enim
3041 1533 3097 1576 et
3127 1520 3228 1576 illa
3258 1537 3449 1589 aures,
3480 1519 3700 1592 aspidis

2058 1606 2261 1675 instar,
2295 1623 2365 1663 ne
2396 1607 2624 1664 audiret
2653 1625 2846 1665 vocem
2880 1609 3254 1666 incantantis.

2128 1693 2270 1749 XIV.
2304 1695 2518 1751 Thecla
2547 1701 2740 1752 autem
2776 1713 2838 1752 se
2889 1698 3031 1753 nihil
3081 1698 3376 1770 proﬁcere,
3411 1699 3534 1767 sed,
3567 1713 3697 1754 cum

2061 1789 2304 1839 matrem
2337 1801 2565 1840 servare
2597 1786 2822 1850 nititur,
2853 1803 2968 1842 non
2993 1787 3150 1842 aliud
3175 1804 3348 1859 quam
3369 1786 3696 1858 Ethiopem

2059 1869 2251 1927 lavare
2281 1888 2342 1927 se
2372 1872 2592 1941 videns,
2627 1890 2836 1946 corpus
2875 1891 3048 1930 suum
3081 1879 3265 1930 totum
3305 1889 3474 1930 cruce
3505 1873 3700 1929 consi-

2062 1977 2269 2030 gnans,
2304 1962 2692 2017 Iconiensium
2729 1963 2930 2017 urbem
2965 1962 3280 2034 egreditur,
3312 1971 3369 2018 et
3399 1962 3699 2033 Daphnem

2063 2049 2327 2104 accedit:
2380 2048 2576 2119 ibique
2623 2054 3069 2105 monumentum
3103 2051 3227 2122 (ubi
3277 2049 3516 2105 Paulum
3565 2065 3700 2104 cum

2063 2136 2419 2208 Onesiphoro
2440 2138 2755 2209 invenerat)
2779 2141 2975 2208 intrat,
2995 2144 3052 2195 et
3074 2140 3398 2210 procidens,
3419 2138 3706 2211 lacrymas

2063 2229 2133 2283 ad
2167 2228 2347 2283 Deum
2387 2229 2597 2284 fundit.
2631 2228 2848 2284 Deinde
2869 2228 3189 2284 Seleuciam
3213 2229 3497 2302 ingressa,
3521 2243 3706 2284 unum

2064 2316 2288 2373 miliare
2317 2318 2388 2373 ab
2423 2318 2564 2374 urbe
2589 2318 2861 2383 discedit,
2888 2319 3180 2375 metuebat
3198 2318 3354 2373 enim
3384 2317 3705 2373 Seleucien-

2065 2422 2178 2474 ses,
2201 2407 2352 2476 quod
2374 2412 2430 2462 et
2450 2405 2535 2462 illi
2559 2406 2706 2462 idola
2724 2408 3068 2462 adorarent:
3095 2407 3268 2462 nubis
3291 2411 3486 2462 autem
3511 2406 3700 2461 lucem

2060 2496 2164 2550 vita
2197 2496 2402 2549 ducem
2438 2504 2624 2562 nacta,
2649 2500 2906 2551 montem
2938 2495 3294 2563 conscendit,
3317 2494 3412 2550 cui
3433 2494 3700 2550 Calamon

2063 2583 2184 2637 sive
2217 2584 2478 2639 Rhodion
2514 2601 2720 2639 nomen
2755 2589 2898 2650 erat,
2923 2585 3021 2638 ubi
3055 2585 3112 2640 in
3149 2594 3431 2654 repertam
3465 2583 3706 2654 spelun-

2061 2687 2186 2726 cam
2223 2671 2512 2738 concedit,
2543 2671 2907 2744 plurimoque
2936 2672 3150 2728 ibidem
3175 2679 3432 2743 tempore
3453 2688 3707 2728 commo-

2062 2769 2221 2815 ratur
2253 2774 2267 2815 :
2304 2758 2520 2815 multas
2552 2759 2666 2814 illis
2709 2776 3028 2831 gravesque
3078 2761 3312 2816 interim
3363 2761 3706 2816 tentationes

2062 2845 2230 2903 hoste
2282 2849 2513 2904 diabolo
2564 2848 2913 2919 concitante,
2966 2849 3213 2919 illasque
3259 2866 3458 2905 omnes
3513 2849 3709 2906 divino

2063 2923 2341 2991 beneﬁcio
2365 2938 2488 3008 ipsa
2506 2945 2836 3008 superante.
2863 2939 3124 3009 Cumque
3141 2955 3266 2993 eam
3287 2939 3470 2994 virtus
3493 2939 3706 3010 ubique

2064 3022 2332 3078 redderet
2354 3025 2666 3092 illustrem,
2690 3026 2903 3081 multas
2919 3026 3198 3080 nobilium
3221 3025 3561 3080 feminarum
3581 3027 3709 3096 ejus

2062 3110 2304 3164 incessit
2359 3113 2714 3167 desiderium
2775 3129 2790 3168 :
2860 3113 3140 3184 illamque
3205 3114 3504 3182 adeuntes,
3564 3130 3696 3169 cum

2061 3199 2255 3253 verbis
2277 3199 2421 3265 ejus,
2445 3217 2554 3253 non
2581 3200 2859 3256 minorem
2883 3206 3248 3256 venustatem
3271 3218 3444 3271 quam
3472 3202 3699 3256 utilita-

300 3281 444 3339 πολὺ
489 3285 552 3339 τὸ
601 3282 790 3362 χαρίεν
844 3285 980 3356 μετὰ
1027 3265 1126 3339 τοῦ
1183 3283 1412 3362 ὠφελεῖν
1475 3265 1946 3359 ἐ-πιδεδειγμένωνλ

2065 3295 2171 3340 Iern
2203 3302 2270 3340 ex
2293 3303 2354 3339 se
2383 3288 2842 3352 ostendentibus,
2871 3289 3219 3350 fruerentur,
3245 3265 3415 3358 longe
3438 3288 3547 3343 hac
3578 3292 3694 3342 vita

301 3373 353 3445 ἐξ
385 3373 458 3428 ὧν
508 3373 607 3428 οὐκ
649 3372 853 3447 ὀλίγαι,
902 3375 1080 3448 μακρᾷ
1125 3379 1226 3442 τῆς
1289 3377 1389 3428 τοῦ
1450 3374 1572 3449 βίου
1621 3376 1834 3454 χαίρεῖν
1881 3374 1952 3431 εἰ·

299 3465 519 3532 ποῦσαι,
567 3466 932 3532 συνησκοῦντο
969 3461 1162 3537 ταύτῃ.
1209 3463 1309 3520 Ἦν
1361 3460 1419 3518 δὲ
1447 3465 1481 3532 ἡ
1516 3463 1690 3520 Θέκλα
1735 3463 1797 3519 οὐ
1847 3467 1951 3539 ψυ-

303 3551 406 3627 χὰς
441 3552 628 3625 μόνον,
658 3550 804 3607 ἀλλᾶ
837 3550 928 3606 καὶ
977 3551 1205 3626 σώματα
1254 3552 1560 3628 θεραπεύειν
1599 3551 1948 3626 ἐπισταμένη,

303 3640 402 3696 οὐκ
462 3640 726 3715 ἰατρικαῖς
781 3642 1018 3716 τέχναις,
1077 3639 1222 3696 ἀλλᾶ
1264 3643 1760 3718 θαυματουργικκῖς
1808 3642 1953 3716 μᾶλ-

303 3727 401 3785 λον
448 3729 722 3805 ἀνάγκαις.
771 3730 943 3805 Ὀπερ
999 3731 1034 3798 ἡ
1094 3727 1257 3791 πόλις
1315 3734 1577 3802 μαθοῦσα,
1631 3729 1716 3786 ὅτι
1773 3737 1950 3804 παρῆν

304 3817 494 3891 ἀμισθὶ
568 3819 762 3881 νόσους
835 3815 1171 3889 ἐλαύνεσθαι,
1259 3825 1536 3894 προσῆγον
1615 3819 1752 3893 αὖτῇ
1825 3818 1952 3883 τοὺς

303 3906 633 3982 πάσχοντας,
695 3907 740 3978 ᾧ
797 3904 858 3962 ἂν
916 3906 1004 3962 καὶ
1071 3905 1266 3982 ἔτυχον
1329 3910 1605 3980 νοσήματι
1664 3928 1952 3984 προκατει-

303 3993 602 4069 λημμένοι.
632 3996 732 4052 Καὶ
775 3995 840 4065 ἦν
895 3992 1025 4051 ἰδεῖν
1077 4000 1304 4071 πρᾶγμα
1353 3994 1523 4073 λόγου
1572 4001 1812 4071 κρεῖττον
1861 3997 1952 4052 καὶ

307 4081 640 4160 διηγήσεως·
705 4081 858 4140 οῦπω
915 4086 1022 4161 γάρ
1059 4084 1196 4154 ἦσαν
1252 4087 1320 4158 τῇ
1378 4085 1512 4160 θύρᾳ
1557 4083 1951 4156 πλησιάζοντες

300 4175 399 4228 τοῦ
459 4171 758 4242 σπηλαίου,
813 4173 907 4230 καὶ
973 4170 1155 4248 ὥσπερ
1214 4173 1268 4227 αἱ
1325 4175 1480 4228 νόσοι
1528 4173 1619 4227 τὸν
1663 4175 1952 4249 ἀνταγωνι-

305 4263 435 4333 στὴν
486 4259 783 4319 δεδοικυῖαι
841 4262 996 4325 εὐθὺς
1053 4257 1266 4339 ἔφυγον,
1325 4262 1496 4336 ὑγιεῖς
1544 4262 1669 4323 τοὺς
1711 4261 1953 4333 πάσχον.

303 4372 398 4414 τας
455 4349 901 4409 καταλείπουσαι.
960 4354 1138 4406 Τοῦτο
1199 4347 1256 4404 δὲ
1311 4351 1398 4404 καὶ
1459 4347 1510 4403 ἓν
1558 4353 1674 4411 τοῖς
1734 4345 1954 4422 δαίμοσι

306 4446 570 4515 πονηροῖς
621 4438 1089 4515 προσπαλαίουσιν
1177 4438 1303 4511 ὁρᾷν
1360 4438 1444 4506 ἦν·
1504 4437 1594 4492 καὶ
1642 4436 1794 4492 αύτοὶ
1851 4435 1953 4512 γάρ

309 4532 480 4585 κακοῦ
510 4526 718 4598 ἐξάνται
755 4527 1058 4601 γινόμενοι,
1113 4523 1328 4588 πολλὰς
1377 4527 1492 4598 Θεῷ
1541 4545 1598 4581 τε
1644 4525 1733 4581 καὶ
1781 4524 1955 4599 Θέκλῃ

307 4614 402 4679 τὰς
435 4617 663 4691 χάριτας
697 4615 1044 4692 ὡμολόγουν.

383 4795 484 4853 ΙΕ“.
515 4799 642 4857 Τοῖς
678 4794 771 4868 μὶν
805 4796 893 4850 οὗν
923 4792 1122 4859 ἄλλοις
1148 4792 1336 4870 χαρίεν
1368 4790 1541 4850 ἐδόκει
1601 4793 1664 4849 τὸ
1707 4799 1954 4868 πρᾶγμα,

2057 3373 2249 3428 valere
2271 3375 2460 3444 jussa,
2493 3391 2609 3428 una
2639 3390 2767 3429 cum
2798 3378 2920 3445 ipsa
2946 3374 3018 3428 ad
3050 3375 3316 3444 pietatem
3347 3376 3688 3431 exerceban-

2059 3465 2173 3518 tur.
2198 3461 2395 3534 Neque
2417 3478 2547 3518 vero
2582 3463 2808 3516 animas
2840 3461 3052 3527 solum,
3072 3463 3169 3517 sed
3200 3477 3442 3533 corpora
3461 3477 3694 3534 quoque

2060 3568 2262 3608 curare
2293 3551 2390 3606 illa
2422 3560 2653 3608 noverat
2689 3567 2702 3605 :
2737 3567 2854 3608 non
2886 3555 3007 3606 arte
3037 3549 3285 3620 medica,
3316 3551 3417 3606 sed
3449 3551 3697 3606 admirac

2063 3641 2160 3696 bili
2186 3641 2379 3712 potius
2401 3647 2577 3712 atque
2597 3640 3000 3697 efﬁcacissima
3018 3640 3068 3695 vi
3092 3644 3267 3711 atque
3281 3639 3508 3696 virtute.
3534 3639 3696 3705 Quod

2062 3732 2162 3788 ubi
2205 3730 2405 3787 civitas
2459 3730 2766 3798 intellexit,
2799 3731 3002 3786 adesse
3050 3746 3260 3801 nempe
3301 3734 3555 3801 tempus,
3589 3745 3701 3800 quo

2061 3821 2189 3878 sine
2239 3821 2504 3878 mercede
2553 3820 2786 3877 morbos
2839 3819 3036 3876 liceret
3085 3817 3390 3890 depellere,
3422 3819 3492 3874 ad
3542 3817 3703 3875 illam

2063 3927 2264 3983 (egros,
2296 3927 2646 3982 quocunque
2692 3909 2922 3965 tandem
2966 3909 3116 3965 malo
3158 3905 3702 3975 detinerentur,ad-

2063 4001 2374 4057 ducebant.
2409 4000 2659 4070 Eratque
2682 4000 2873 4055 videre
2896 4015 3038 4066 rem,
3063 4014 3189 4068 qua
3221 4013 3454 4053 omnem
3477 4011 3702 4054 sermo-

2062 4104 2190 4144 nem
2218 4089 2610 4158 narrandique
2637 4087 2968 4142 facultatem
2995 4091 3316 4156 superaret,
3340 4102 3526 4157 neque
3547 4084 3704 4141 enim

2063 4176 2147 4230 illi
2178 4177 2369 4230 adhuc
2409 4176 2698 4245 spelunca,
2745 4181 2917 4244 portae
2965 4172 3534 4244 apprOpinquabant,
3566 4188 3700 4229 cum

2059 4265 2269 4329 morbi,
2291 4268 2567 4332 tanquam
2593 4263 2984 4316 adversariam
3010 4277 3177 4316 suam
3204 4266 3550 4331 metuentes,
3575 4278 3703 4334 pro-

2065 4352 2222 4406 tinus
2253 4353 2620 4421 aungerent,
2643 4367 2786 4420 quos
2818 4354 2986 4405 antea
3015 4355 3382 4418 vexaverant,
3409 4366 3584 4406 sanos
3615 4366 3700 4406 re-

2064 4438 2416 4511 linquentes.
2449 4439 2606 4493 Idem
2641 4455 2868 4510 quoque
2902 4439 2959 4492 in
2995 4437 3108 4492 illis
3157 4453 3390 4492 cernere
3423 4443 3566 4504 erat,
3601 4434 3701 4510 qui

2064 4544 2196 4583 cum
2249 4527 2419 4583 malis
2466 4527 2654 4599 geniis
2700 4527 3090 4590 luctabantur,
3140 4527 3332 4582 statim
3377 4526 3533 4582 enim
3569 4527 3706 4586 ilius

1979 4615 2200 4698 Dmali
2259 4616 2566 4673 indemnes
2625 4615 2830 4674 redditi
2907 4632 3150 4690 magnas
3206 4614 3427 4689 gratias
3477 4615 3592 4674 Deo
3650 4618 3711 4674 et

2061 4706 2284 4764 Thecla
2313 4707 2581 4780 agebant.

2132 4795 2242 4854 XV.
2277 4800 2465 4869 Atque
2497 4797 2576 4854 ita
2609 4796 2829 4856 caeteris
2862 4795 3097 4870 quidem
3131 4813 3222 4854 res
3253 4797 3377 4858 haec
3405 4797 3708 4872 imprimis

312 4883 587 4958 θαύματός
639 4903 697 4938 τε
751 4884 840 4939 καὶ
898 4881 1140 4955 σπουδῆς
1214 4883 1380 4954 ἀξιον,
1439 4883 1645 4958 ΐατροῖς
1717 4880 1774 4938 δὲ
1837 4888 1953 4945 τοῖς

2065 4887 2319 4958 jucunda
2336 4886 2840 4958 admirationeque
2866 4893 2922 4943 et
2943 4885 3140 4943 studio
3163 4886 3342 4960 digna
3361 4887 3707 4958 habebatur,

310 4973 448 5028 κατὰ
488 4971 806 5028 Σελεύκειαν
855 4972 944 5028 καὶ
1005 4971 1240 5046 μάλιστα
1293 4971 1563 5049 χαλεπὸν,
1622 4971 1954 5046 ἀτιμαζομέο

311 5081 422 5124 νοις
454 5058 635 5135 ὥσπνρ
675 5060 843 5134 εἲκὸς,
891 5061 980 5116 καὶ
1038 5059 1190 5136 εἷ’περ
1232 5081 1286 5117 τι
1334 5059 1476 5116 ἄλλο
1535 5067 1734 5135 χρῆμα
1788 5060 1952 5115 εὐκα-

310 5171 648 5228 ταφρονητον
716 5149 795 5215 εἷς
869 5151 1169 5227 παρόρασιν
1250 5148 1596 5226 ἐρχομένοιςο
1656 5150 1961 5222 κάντεῦθεν,

309 5238 378 5310 ἤν
409 5239 560 5319 εἶχον
597 5242 765 5313 μόνην
807 5240 1064 5318 ἀφορμήν
1101 5239 1222 5316 βίου
1252 5241 1353 5309 τήν
1395 5239 1615 5316 τέχνην,
1671 5237 1822 5295 οὐδὲν
1864 5240 1965 5295 αὖ·-

309 5334 430 5392 τοῖς
489 5327 786 5384 ἀπόνασθαι
849 5326 1186 5402 δυναμένοις.
1273 5327 1486 5392 Φθόνου
1544 5328 1724 5383 τοίνυν
1772 5328 1964 5405 ἀγρίου

311 5419 402 5475 καὶ
512 5419 706 5492 μανίας
779 5418 1130 5488 πλησθέντες,
1203 5418 1258 5474 τί
1332 5418 1678 5489 σκέπτονται,
1753 5420 1841 5474 καὶ
1913 5415 1967 5473 τί

312 5513 561 5564 ποιοῦσιν
608 5528 622 5579 ;
666 5515 752 5571 Ὧς
798 5510 1038 5583 πονηρὸν
1093 5506 1337 5579 ἀληθῶς,
1385 5508 1474 5564 καὶ
1525 5507 1691 5564 δόλου
1739 5508 1828 5564 καὶ
1877 5529 1967 5564 πι-

313 5598 475 5672 κρίας
528 5598 719 5671 μεστὸν
769 5595 916 5668 ἄξιόν
962 5618 1022 5654 τε
1055 5601 1152 5653 τοῦ
1199 5601 1369 5654 ταῦτα
1419 5597 1754 5659 ὑποτιθέντος
1805 5593 1972 5676 χαλε-

317 5689 415 5742 τοῦ
458 5684 736 5761 δαίμονος.
791 5687 1190 5762 Ἀθροισθὲντες
1238 5687 1366 5762 γάρ,
1414 5687 1503 5742 καὶ
1554 5686 1766 5761 λοιμῶν
1819 5685 1969 5752 καθέ-

635 5809 901 5871 ΡΑτιιοι..
949 5808 1058 5870 Gn.
1105 5808 1280 5873 CXV.

2065 4974 2305 5031 medicis
2375 4983 2565 5031 autem
2639 4975 3108 5032 Seleuciensibus
3182 4975 3435 5032 maxime
3490 4977 3706 5048 gravis,

2064 5062 2413 5134 ignominia,
2446 5068 2507 5119 ut
2534 5064 2866 5130 videbatur,
2899 5063 3121 5120 allectis
3153 5073 3204 5119 et
3227 5063 3386 5120 omni
3417 5078 3500 5132 re,
3531 5064 3706 5122 etiam

2073 5152 2362 5208 vilissima
2394 5155 2574 5223 magis
2601 5152 2909 5226 despectis,
2939 5159 3109 5221 atque
3132 5169 3197 5208 ex
3227 5156 3369 5218 arte,
3400 5152 3594 5223 (quam
3622 5170 3712 5210 so-

2074 5244 2190 5299 lam
2232 5243 2359 5298 vita:
2398 5243 2782 5298 sustentandae
2814 5241 3139 5298 subsidium
3187 5241 3399 5298 habere
3429 5243 3713 5312 solebant)

2076 5334 2301 5388 nullum
2347 5334 2599 5388 fructum
2647 5331 3125 5403 percipientibus.
3154 5330 3370 5386 Invidia
3400 5330 3578 5402 igitur
3606 5331 3716 5387 im-

2073 5421 2198 5477 miti
2223 5425 2279 5476 et
2309 5421 2501 5475 furore
2524 5420 2745 5490 repleti,
2768 5419 2905 5491 quid
2933 5419 3302 5474 moliuntur?
3325 5420 3461 5491 quid
3489 5417 3720 5490 agunt?

2073 5515 2214 5567 Rem
2247 5509 2528 5565 nimirum
2571 5508 2730 5564 omni
2773 5510 2975 5563 fraude
3015 5514 3072 5563 et
3119 5509 3431 5566 acerbitate
3463 5508 3715 5578 plenam,

2075 5600 2316 5672 diroque
2345 5599 2605 5656 daemone
2639 5597 2778 5654 talia
2799 5611 3148 5671 suggerente
3172 5598 3341 5671 plane
3370 5601 3629 5669 dignam.
3655 5596 3719 5651 In

2080 5705 2263 5745 unum
2313 5689 2469 5746 enim
2522 5696 2819 5760 coeuntes,
2851 5694 2908 5745 et
2955 5687 3418 5760 pestilentiarum
3449 5682 3720 5739 cathedra

3311 5805 3388 5866 27
