4124 6270
456 393 571 451 813

1740 374 2013 435 MENSIS
2058 369 2543 432 SEPTEMBEH.

3777 367 3919 425 8H

454 548 665 618 elI'ecti,
690 548 760 603 de
792 545 964 603 rebus
997 545 1121 599 suis
1155 543 1300 595 inter
1350 557 1411 595 se
1443 538 1899 595 communicant.
1932 535 2100 605 Virgo

2221 526 2319 601 δρα
2383 528 2693 601 γενόμενοι,
2768 524 3218 599 κοινολογοῦνται
3284 523 3401 586 καθ’
3483 520 3775 595 ἑαυτοὺς,
3861 523 3929 580 Ἦ

458 638 607 707 haec,
656 636 957 708 inquiunt,
1008 647 1141 688 cum
1186 644 1413 701 magna;
1465 626 1659 684 Diana:
1708 626 1980 683 sacerdos
2028 623 2108 678 sit

457 730 538 811 (et
566 727 647 781 ita
676 728 829 780 enim
856 722 1185 779 amentibus
1216 718 1331 774 illis
1356 718 1708 811 videbatur),
1742 717 1991 811 maxime
2012 710 2107 811 _ab

459 801 581 882 illa,
623 813 778 885 quod
811 811 1203 883 virginitatem
1253 807 1685 863 exactissimam
1719 807 1927 871 servet,
1961 801 2107 857 ada-

460 908 656 959 matur
686 919 700 957 :
735 906 909 972 atque
940 899 1073 954 inde
1104 897 1188 964 ﬁt,
1212 902 1277 951 ut
1309 912 1487 968 super
1520 908 1867 967 quacunque
1900 907 1960 948 re
1988 890 2107 945 illis

461 1007 630 1063 opem
682 998 899 1063 poscat,
934 987 1203 1060 protinus
1251 984 1365 1041 sibi
1415 984 1832 1055 obsequentem
1878 997 1946 1035 ex
1974 986 2105 1035 voto

459 1081 691 1137 habeat.
726 1080 934 1145 Quare,
966 1093 1098 1133 cum
1141 1076 1297 1131 nulla
1328 1075 1441 1131 alia
1473 1074 1550 1130 sit
1580 1090 1776 1139 causa,
1810 1072 1966 1143 quod
1997 1070 2107 1126 dea

460 1170 540 1226 ita
558 1170 643 1225 illi
670 1168 971 1225 familiaris
992 1168 1069 1223 sit
1096 1181 1273 1238 quam
1306 1165 1596 1220 castitatis
1624 1164 1723 1218 illa
1746 1158 2103 1234 praetentis,

460 1259 635 1331 agite,
657 1258 815 1313 illam
840 1256 1136 1313 solvamus
1167 1254 1437 1325 virosque
1465 1256 1521 1307 et
1550 1250 1950 1307 adolescentes
1982 1264 2105 1318 per-

462 1346 764 1403 ditissimis
780 1346 911 1402 vita:
928 1344 1001 1401 ad
1017 1343 1073 1400 id
1094 1351 1446 1414 assumptos,
1464 1338 1761 1411 multaque
1778 1337 1896 1393 vini
1911 1335 2103 1392 etauri

461 1436 628 1503 capia
657 1434 901 1491 comiter
932 1434 1190 1505 praebita,
1222 1431 1451 1487 illorum
1493 1429 1705 1485 animis
1732 1426 2014 1495 excitatis,
2042 1425 2104 1481 in

461 1525 625 1580 illam
674 1523 1086 1579 immittamus.
1142 1522 1197 1577 Id
1248 1518 1557 1577 consilium
1608 1518 1901 1581 ineuntes,
1946 1514 2102 1570 idem

462 1629 689 1685 quoque
718 1616 1133 1684 exsequuntur,
1160 1610 1523 1681 juvenesque
1547 1606 1812 1664 omnium
1843 1604 2107 1677 petulan-

461 1703 679 1757 tissimi
727 1708 784 1757 et
830 1698 1266 1757 sceleratissimi
1296 1699 1369 1753 ab
1411 1699 1557 1769 ipsis
1604 1696 1791 1763 electi,
1826 1698 2102 1750 adversus

461 1789 743 1861 virginem
785 1790 1125 1855 mittuntur,
1156 1792 1450 1842 certamen
1496 1786 1664 1856 longe
1695 1783 2099 1853 turpissimum

2216 613 2477 689 παρθένος
2526 613 2685 684 αὕτη,
2736 610 3006 688 λέγοντες.
3057 612 3224 685 ἰἑρεια
3270 616 3373 680 τῆς
3438 611 3722 686 μεγάλης
3782 616 3930 685 ’Λρ-

2215 700 2439 776 τέμιδος
2480 703 2631 771 οὖσα,
2664 701 2738 763 ὥς
2769 723 2832 778 γε
2862 699 3045 762 αὐτοῖς
3078 697 3251 755 ἐδόκει
3285 696 3374 753 διὰ
3404 698 3641 771 πολλὴν
3685 698 3923 786 ἄνοιαν⁹

2216 791 2454 867 φιλεῖται
2510 794 2645 867 πρὸς
2709 792 2877 860 αὐτῆς
2942 794 3024 861 τῷ
3098 788 3389 859 παρθενίαν
3477 783 3921 864 ἀκριϐεστάτην

2215 887 2421 957 τηρεῖν.
2469 881 2569 937 Καὶ
2620 881 2765 953 παρά
2810 882 2994 945 τοῦτο,
3033 876 3115 953 ἐφ’
3143 877 3188 949 ᾧ
3219 874 3280 931 ἄν
3328 878 3418 932 καὶ
3474 875 3725 949 δεηθείη
3776 878 3921 933 ταύ-

2212 994 2337 1045 της,
2407 971 2779 1027 ὑπακούουσαν
2838 966 2977 1044 ἔχει,
3035 967 3125 1023 καὶ
3194 966 3554 1023 συντελοῦσαν
3620 972 3702 1023 τὰ
3770 971 3918 1023 κατὰ

2215 1060 2458 1131 θέλησιν.
2491 1062 2638 1115 Ἐπεὶ
2674 1059 2765 1114 οὖν
2814 1056 2968 1114 οὐδὲν
3020 1055 3193 1113 αἶ’τιον
3246 1056 3389 1113 ἃλλο
3431 1064 3532 1128 τῆς
3582 1057 3760 1133 πρὸς
3812 1059 3919 1127 τήν

2215 1150 2335 1213 θεὰν
2386 1148 2553 1218 αῦτῆς
2612 1148 2960 1218 οἷ’κειώσεως,
3011 1144 3047 1214 ἤ
3083 1146 3147 1201 τὸ
3204 1153 3308 1216 τῆς
3357 1146 3573 1221 ἁγνείας
3647 1146 3913 1221 ὑπάρχει

2212 1237 2403 1307 καλὸν,
2433 1242 2595 1293 τοῦτο
2626 1236 2899 1311 λύσωμεν,
2931 1239 3020 1293 καὶ
3076 1234 3274 1311 ἄνδρας
3323 1236 3557 1312 αἰσχροῦ
3621 1236 3773 1311 βίου
3816 1236 3911 1291 καὶ

2211 1328 2526 1390 νεανίσκους
2582 1328 2718 1402 πρὸς
2773 1331 2941 1382 ταῦτα
2998 1321 3284 1396 λαϐόντες,
3346 1323 3484 1398 οἷ’νῳ
3546 1346 3610 1382 τε
3668 1324 3907 1381 πλείονι

2212 1417 2300 1471 καὶ
2334 1420 2546 1493 χρυσοῦ
2578 1414 2819 1488 δεξιώσει
2860 1418 2955 1477 τάς
2999 1414 3172 1489 ὁρμάς
3218 1414 3394 1469 αὐτῶν
3440 1416 3908 1489 παραθήξαντες,

2214 1506 2503 1583 ἐπαφῶμεν
2562 1504 2721 1579 αὐτῇ·
2782 1503 2940 1562 Οὕτω
2996 1504 3342 1578 σκεψάμενοι,
3407 1502 3585 1565 οὕτως
3643 1501 3902 1560 ἐποίουν.

2213 1596 2318 1652 Καὶ
2350 1594 2459 1650 νὲοι
2490 1600 2600 1650 τῶν
2641 1592 2965 1650 ἀκολάστῶν
3023 1594 3113 1649 καὶ
3167 1592 3444 1670 βδελυρῶν
3497 1595 3704 1657 αὐτοῖς
3750 1594 3903 1650 ἐκλε-

2212 1680 2415 1758 γέντες,
2448 1681 2752 1758 πέμπονται
2784 1684 2920 1739 κατὰ
2965 1686 3065 1752 τῆς
3111 1683 3401 1758 παρθένου,
3440 1685 3532 1739 τὸν
3581 1684 3896 1764 αἴσχιστον

2213 1771 2379 1837 ἆθλον
2418 1773 2830 1849 ἀγωνιούμενοι,
2889 1773 2975 1827 καὶ
3023 1772 3085 1827 τὸ
3134 1770 3545 1847 χαλεπώτερον,
3600 1771 3897 1847 ἔμμισθον

468 1859 856 1948 depugnaturi
894 1894 907 1930 :
939 1875 1212 1949 quodque
1266 1875 1431 1947 peius
1479 1878 1625 1937 erat,
1674 1870 2100 1942 improbitatem

2214 1859 2433 1936 ἔχοντες
2461 1863 2562 1931 τήν
2600 1862 2815 1928 κακίαν,
2866 1861 2956 1916 καὶ
3004 1861 3128 1936 περὶ
3176 1868 3278 1931 τῆς
3315 1860 3474 1933 νίκης
3521 1863 3593 1917 τά
3640 1866 3752 1917 τοῦ
3794 1884 3892 1918 καο

461 1982 625 2022 suam
654 1968 776 2036 jam
810 1971 928 2021 tum
964 1966 1230 2020 mercede
1260 1963 1603 2018 obstrictam
1638 1960 1941 2028 habentes,
1975 1963 2109 2013 ante

459 2053 643 2126 ipsam
716 2054 1039 2122 victoriam,
1100 2053 1373 2108 facinoris
1430 2052 1522 2107 sui
1579 2048 1820 2123 pessimi
1880 2052 2107 2118 recepto

465 2142 724 2214 praemio.
770 2142 985 2213 Spelaeo
1026 2148 1171 2213 ergo
1221 2146 1479 2197 astantes
1523 2140 1671 2195 fores
1716 2136 1975 2209 pulsant,
2010 2135 2110 2192 illa

472 2238 668 2288 autem
718 2234 959 2304 (quippe
1015 2236 1251 2288 noverat
1306 2231 1499 2286 divino
1543 2229 1821 2285 beneﬁcio
1875 2243 1985 2299 qua
2040 2228 2109 2282 de

468 2336 646 2377 causa
680 2320 1206 2391 illa,sceleratorum
1232 2318 1511 2375 colluvies
1541 2317 1921 2388 advenisset),
1954 2315 2109 2384 Filii,

460 2410 672 2481 lnquit,
706 2410 843 2482 quid
869 2409 1047 2465 vultis
1070 2408 1097 2464 ‘2
1126 2409 1219 2465 Sic
1269 2408 1365 2464 illa
1398 2407 1635 2479 placide,
1668 2406 1901 2463 volebat
1948 2406 2108 2461 enim

465 2512 688 2553 morum
721 2500 1031 2566 suavitate,
1063 2505 1116 2553 et
1146 2498 1449 2553 verborum
1482 2495 1875 2567 simplicitate,
1904 2494 2108 2565 impu~

462 2585 697 2643 dentem
731 2586 959 2643 illorum
993 2591 1049 2641 et
1079 2587 1476 2641 truculentum
1506 2589 1778 2641 conatum
1805 2584 1865 2639 in
1900 2582 1989 2637 sui
2016 2598 2106 2636 re-

463 2674 781 2731 verentiam
830 2674 1079 2731 ﬂectere.
1131 2674 1219 2731 Illi
1260 2679 1479 2739 autem,
1528 2690 1668 2728 num
1721 2671 1842 2727 illic
1887 2670 2107 2726 Thecla

468 2763 703 2820 nomine
750 2768 920 2833 esset,
973 2764 1350 2835 interrogant.
1384 2762 1455 2818 Et
1504 2779 1650 2831 quis,
1701 2760 1890 2831 inquit
1934 2758 2103 2816 beata

462 2852 585 2921 illa,
607 2851 768 2908 vobis
788 2851 1059 2908 Theclam
1085 2852 1381 2923 querendi
1410 2850 1557 2907 ratio
1577 2850 1605 2907 Ἰ
1626 2852 1741 2921 Ego
1772 2851 1927 2906 enim
1949 2864 2103 2905 sum.

469 2938 555 2994 Illi
589 2941 785 2996 statim
815 2940 1190 2997 ostendentes
1211 2957 1269 2996 se
1299 2938 1432 2996 illos
1455 2955 1601 3007 esse,
1626 2954 1874 3010 quorum
1904 2944 2109 3010 guttur

463 3029 800 3101 sepulcrum
846 3038 1051 3101 patens
1089 3030 1239 3096 est‘,
1270 3045 1617 3100 responsum
1652 3028 1948 3099 impurum
1982 3032 2104 3081 tan-

467 3134 643 3188 quam
676 3134 743 3173 ex
786 3118 941 3173 fonte
980 3119 1209 3189 impuro
1252 3119 1547 3190 impurum
1580 3115 1811 3172 laticem
1837 3118 2104 3173 emitten-

2215 1955 2315 2007 κοῦ
2381 1949 2639 2026 ἐπίχειρα
2714 1948 3069 2025 δεδειγμένοι.
3150 1952 3494 2015 Ἐπιστάντες
3572 1951 3890 2028 τοιγαροῦν

2214 2047 2294 2114 τῷ
2332 2041 2611 2114 σπηλαίῳ,
2655 2043 2919 2098 κόπτουσι
2975 2044 3073 2110 τὴν
3136 2042 3321 2116 θύραν.
3378 2046 3439 2097 'II
3486 2039 3543 2097 δὶ
3601 2044 3721 2112 (καί
3782 2043 3885 2119 γάρ

2216 2126 2359 2205 ἔγνω
2410 2127 2497 2185 διὰ
2544 2137 2646 2201 τῆς
2702 2132 2952 2206 χάριτος,
2998 2131 3127 2186 ὅτου
3186 2132 3350 2206 χάριν
3398 2135 3504 2185 τῶν
3546 2133 3817 2204 πονηρῶν
3846 2135 3881 2204 ἠ

2218 2218 2397 2293 ἄφιξις
2473 2219 2891 2294 προσελθοῦσα),
2951 2218 3155 2289 Τεκνία,
3233 2219 3390 2299 ῳησῖ,
3448 2220 3501 2274 τί
3563 2220 3877 2297 βούλεσθε,

2219 2309 2410 2371 Οὕτως
2477 2308 2663 2385 εἷ’ρηκε
2720 2310 2927 2385 πράως·
2989 2308 3154 2379 ἤθελε
3213 2311 3316 2385 γάρ
3361 2313 3440 2382 τῷ
3495 2312 3724 2384 κοσμίῳ
3782 2316 3881 2367 τοῦ

2220 2394 2412 2466 ἤθους,
2442 2396 2531 2452 καὶ
2562 2401 2672 2453 τῶν
2722 2397 2906 2472 λόγων
2934 2400 3003 2472 τῇ
3034 2395 3331 2468 ἁπλότητι,
3378 2395 3586 2471 ἀναιδὶ,
3636 2400 3876 2475 ὅρμημα

2216 2486 2307 2540 καὶ
2342 2486 2531 2559 ἰταμὸν
2562 2484 2914 2558 ςκαταιδὲσαι.
2972 2487 3034 2541 O't
3089 2484 3165 2555 δὲ,
3214 2488 3297 2549 τίς
3347 2485 3432 2557 εἴη
3485 2486 3731 2559 ἐνταῦθα,
3784 2486 3879 2543 λί-

2216 2595 2398 2649 γουσι,
2449 2573 2693 2648 τοῦνομα
2733 2574 2957 2647 Θέκλας
3013 2577 3109 2631 Καὶ
3162 2578 3196 2645 ἡ
3261 2579 3517 2652 μακαρία·
3571 2578 3663 2642 Εἷς
3723 2575 3782 2632 τί
3822 2573 3877 2631 δὲ

2220 2664 2347 2736 ὑμῖν
2373 2665 2435 2719 τὸ
2466 2684 2669 2735 ταυτην
2704 2669 2886 2734 ζητεῖν
2913 2686 2927 2737 ;
2960 2665 3107 2741 Ἐγώ
3137 2664 3273 2740 εἰμι.
3320 2666 3549 2722 Ἐκεῖνοι
3600 2664 3649 2721 δὲ
3698 2687 3876 2740 παρα·

2217 2759 2415 2829 χρῆμα
2474 2751 2737 2827 δείξαντες
2797 2755 2953 2811 αὐτοὶ
3008 2755 3163 2826 εἶναι,
3234 2757 3310 2811 ὧν
3370 2758 3397 2812 ὁ
3450 2758 3643 2831 λάρυγξ
3688 2759 3863 2833 τάφος

2218 2841 2565 2919 ἀνεῳγμένος
2620 2843 2782 2917 ἐστὶν,
2832 2844 3012 2922 ὥσπερ
3071 2844 3131 2901 ἐκ
3181 2850 3379 2919 μιαρᾶς
3414 2851 3613 2920 πηγῆς,
3659 2845 3851 2919 μιαρὸν

2219 2930 2437 3010 ἀφέντες
2464 2938 2611 3007 νᾶμα
2662 2934 2752 2989 τὸν
2802 2932 2985 3010 λόγον,
3040 2935 3107 2993 Τί
3147 2931 3205 2990 δὲ
3252 2933 3393 2991 ἄλλο
3422 2934 3459 3005 ἤ
3493 2933 3625 2991 ὣστε
3666 2954 3857 3011 συγκα-

2223 3018 2480 3091 θευδῆσαι
2540 3022 2753 3097 ταύτης
2814 3019 2997 3093 ἔλεξαν
3055 3021 3303 3086 ἀναιδῶς.
3373 3023 3472 3088 Εἷς
3547 3027 3701 3080 τοῦτο
3758 3022 3858 3099 γάρ

2219 3110 2478 3184 πάριμεν.
2536 3112 2599 3168 Ἠ
2660 3108 2737 3180 δὲ,
2782 3110 2827 3165 ὣ
2883 3118 2987 3182 τῆς
3042 3111 3199 3189 ἁγίας
3256 3111 3472 3183 ἐκείνης
3533 3115 3623 3168 καὶ
3678 3116 3863 3187 ψυχῆς

466 3215 568 3264 tes.
601 3210 669 3261 Et
698 3224 824 3278 quas
866 3208 1001 3275 alia,
1034 3207 1410 3279 impudenter
1458 3207 1797 3278 subjiciunt,
1831 3223 2003 3277 quam
2041 3210 2100 3262 ut

2215 3199 2305 3252 καὶ
2362 3200 2594 3277 φωνῆςί
2645 3201 2815 3277 Ἐγὼ,
2871 3195 2996 3275 ἔφη,
3044 3202 3275 3272 ταπεινή
3327 3203 3495 3277 γραῦς
3541 3203 3675 3276 εἶμι,
3724 3200 3864 3268 πλὴν

2230 3284 2317 3305 9“
2346 3288 2359 3303 \
2412 3285 2435 3305 ᾗ
2486 3287 2529 3305 I‘
2809 3292 2833 3304 Q-
2895 3296 2932 3305 ο.
3016 3290 3028 3305 Ι
3168 3293 3181 3305 ι
3247 3294 3275 3305 .-
3375 3292 3415 3305 .ο
3525 3296 3553 3305 -
3610 3294 3650 3305 ,ο
3814 3294 3837 3305 ει

467 3311 599 3350 cum
634 3296 759 3366 ipsa
788 3295 1194 3352 dormiamus?
1223 3298 1293 3351 ad
1326 3297 1433 3352 hoc
1471 3297 1626 3352 enim
1659 3297 1773 3351 huc
1813 3296 2103 3352 venimus.

462 3388 604 3439 Tum
639 3383 736 3439 illa
784 3384 840 3454 (0
889 3402 1108 3440 sacram
1150 3386 1429 3455 animam,
1465 3384 1643 3440 simul
1693 3390 1750 3439 et
1795 3384 2058 3452 vocem!)
2094 3397 2109 3438 :

2221 3284 2367 3341 ἀλλὰ
2408 3285 2581 3359 δούλη
2632 3308 2695 3364 γε
2741 3292 2836 3344 τοῦ
2895 3290 3099 3366 Κυρίου
3157 3293 3315 3364 ἡμῶν
3375 3292 3557 3362 Ἰησοῦ
3610 3294 3861 3367 Χριστοῦ·

2220 3374 2317 3430 κάν
2347 3396 2400 3431 τι
2445 3378 2681 3451 πονηρὸν
2731 3378 2827 3451 ἐμὶ
2877 3375 3068 3454 δρᾶσαι
3123 3382 3467 3456 πειράσασθε,
3528 3382 3593 3437 οὗ
3649 3379 3863 3436 δυνατοὶ

460 3477 596 3542 Ego,
639 3472 847 3543 inquit,
896 3472 1139 3529 humilis
1189 3474 1383 3528 vetula
1430 3490 1584 3542 sum,
1619 3477 1679 3527 at
1708 3488 1839 3528 vero
1892 3472 2100 3527 famula

2218 3459 2417 3523 ἔσεσθε.
2452 3467 2745 3538 Ἐπεμενον
2806 3468 2857 3522 o".
2905 3469 3083 3539 κακοὶ,
3134 3468 3263 3524 αὐτὸ
3309 3473 3472 3525 τοῦτο
3533 3466 3866 3547 βεϐαιοῦντες

467 3562 693 3616 Domini
729 3562 910 3617 nostri
939 3560 1072 3617 Jesu
1109 3562 1321 3617 Christi
1348 3579 1362 3617 :
1391 3562 1562 3617 etiam
1596 3562 1643 3616 si
1678 3562 1935 3631 improbe
1966 3561 2107 3633 quid

460 3664 553 3704 me
588 3656 842 3705 statuere
865 3652 1124 3718 tentetis,
1150 3668 1511 3722 nequaquam
1549 3650 1604 3705 id
1627 3652 1854 3706 efﬁcere
1894 3650 2106 3722 poteri-

459 3739 558 3793 tis.
617 3736 1007 3793 Persistebant
1056 3738 1137 3792 illi
1202 3756 1380 3809 parvr,
1444 3740 1547 3794 hoc
1596 3739 1811 3807 solum,
1869 3756 1929 3794 re
1980 3740 2109 3811 ipsa

463 3828 848 3894 ostendentes,
892 3841 1020 3881 esse
1050 3842 1111 3881 se
1142 3827 1311 3890 tales,
1342 3829 1576 3882 omnino
1611 3827 1731 3883 fieri
1782 3844 1894 3882 non
1930 3844 2099 3899 posse

459 3913 735 3985 dicentes,
776 3922 835 3970 ut
865 3914 1025 3970 illinc
1050 3914 1157 3970 nisi
1188 3916 1481 3981 llacinore,
1506 3917 1658 3987 quod
1694 3915 2103 3984 moliebantur,

458 4010 783 4075 perpetrato
816 4004 1202 4061 discederent.
1234 4006 1360 4060 Haec
1391 4005 1673 4073 dicentes,
1702 4004 1863 4060 illam
1895 4022 2101 4077 aggre-

458 4092 788 4159 diebantur,
838 4101 891 4149 et
940 4100 1095 4150 arcto
1140 4094 1436 4150 tenebant.
1472 4094 1620 4150 Tum
1668 4094 1768 4149 illa
1796 4094 1996 4150 habitu
2049 4100 2104 4150 et

458 4182 648 4236 verbis
701 4182 1052 4253 mitissimis,
1096 4186 1168 4238 At
1215 4189 1563 4256 exspectate,
1612 4184 1827 4255 inquit,
1878 4182 2004 4252 ﬁlii,
2048 4187 2104 4240 et

463 4270 734 4327 videbitis
768 4272 1082 4342 potentiam
1107 4271 1228 4329 Dei.
1256 4272 1517 4346 Cumque
1542 4290 1657 4329 non
1682 4273 1921 4329 haberet
1945 4271 2103 4345 quod

454 4368 667 4431 ageret,
692 4376 725 4415 a
756 4367 907 4417 cmtu
942 4361 1040 4417 illo
1072 4362 1469 4418 maleﬁcorum
1500 4364 1753 4430 detenta,
1780 4362 2101 4434 multisque

453 4447 701 4500 canibus
732 4447 1130 4503 circumventa
1160 4448 1300 4519 (jam
1334 4452 1488 4503 enim
1529 4449 1800 4504 manibus
1832 4465 2099 4521 compre-

451 4533 691 4589 hensam
725 4537 1021 4605 tenebant,
1054 4541 1111 4591 et
1160 4535 1373 4592 furiose
1415 4536 1532 4591 vim
1581 4536 1667 4591 illi
1701 4539 1910 4593 inferre
1942 4538 2097 4595 nite-

448 4621 710 4695 bantur),
762 4622 818 4677 in
870 4625 1045 4679 ccelos
1099 4623 1198 4679 illa
1244 4624 1443 4681 oculos
1481 4625 1793 4682 attollens:
1833 4626 2092 4696 Domine,

446 4711 661 4783 inquit,
712 4711 1108 4784 omnipotens,
1159 4712 1321 4769 solus
1370 4718 1576 4785 potens
1624 4719 1680 4769 et
1737 4714 2086 4783 misericors,

444 4816 578 4871 spes
609 4800 1072 4871 desperatorum,
1100 4800 1383 4857 auxilium
1405 4818 1513 4874 ope
1536 4801 1964 4869 destitutorum,
1990 4803 2089 4876 qui

444 4903 537 4944 me
568 4904 637 4943 ex
669 4889 824 4960 igne,
861 4888 1081 4956 bestiis,
1109 4888 1485 4962 Thamyride,
1520 4890 1847 4947 Alexandro
1878 4900 1932 4947 et
1960 4890 2088 4949 lacu

444 4976 729 5046 liberasti,
781 4978 997 5049 ubique
1046 4993 1284 5034 manum
1330 4980 1750 5036 auxiliatricem
1804 4983 2086 5051 praebens,

441 5065 654 5136 cuique
686 5065 960 5136 placitum
997 5067 1124 5134 fuit,
1159 5073 1222 5123 ut
1261 5085 1471 5124 nomen
1505 5069 1563 5124 in
1597 5085 1689 5124 me
1718 5072 1885 5125 tuum
1917 5070 2083 5142 glori-

441 5153 731 5221 ficaretur,
765 5158 939 5211 etiam
966 5172 1140 5222 nunc,
1164 5159 1397 5213 Domine
1425 5164 1573 5214 Deus
1599 5173 1783 5226 meus,
1811 5160 1966 5229 eripe
1991 5175 2082 5216 me

440 5255 508 5295 ex
541 5257 713 5296 manu
749 5243 952 5300 horum
987 5246 1343 5316 iniquorum,
1372 5264 1557 5317 neque
1590 5248 1891 5319 permittas
1914 5248 2084 5318 virgi-

440 5329 683 5385 nitatem
736 5347 922 5386 meam
983 5332 1201 5400 injuria
1256 5335 1481 5405 violari,
1541 5353 1715 5408 quam
1766 5341 1999 5407 propter
2028 5342 2084 5394 te

439 5421 494 5471 et
524 5431 732 5473 nomen
770 5425 936 5473 tuum
981 5423 1309 5478 conservavi
1347 5443 1362 5484 :
1394 5428 1531 5496 quia
1579 5429 1635 5480 te
1684 5440 1837 5491 amo,
1871 5440 2083 5495 sponse

434 5502 854 5577 irreprehense,
888 5510 1061 5575 teque
1084 5522 1345 5573 veneror.
1381 5517 1571 5583 Pater,
1602 5513 1708 5571 Fili
1739 5517 1795 5569 et
1824 5512 2080 5585 Spiritus

506 5713 513 5741 '
550 5702 701 5767 Ρεςιι.
740 5730 786 5783 v,
838 5712 923 5766 10.

2124 4583 2181 4650 D

2219 3551 2303 3608 ὅτι
2347 3553 2528 3623 κακοὶ,
2574 3551 2837 3611 ἀδύνατον
2888 3557 3022 3611 εἶναι
3076 3556 3330 3634 λέγοντες
3382 3559 3689 3629 ἀποστῆναι
3732 3558 3864 3635 πρό.

2214 3663 2390 3719 τερον,
2434 3644 2479 3700 εί
2523 3647 2599 3719 μὴ
2631 3646 2928 3720 πράξαιμεν
2976 3645 3007 3701 ὅ
3056 3648 3389 3723 βουλόμεθα.
3441 3651 3625 3707 Ταῦτα
3677 3650 3867 3725 λεγον-

2212 3752 2303 3797 τες
2330 3735 2422 3789 καὶ
2480 3732 2734 3811 ἐπείρων,
2792 3736 2881 3791 καὶ
2936 3735 3093 3812 ἀπρὶξ
3152 3737 3415 3813 κατέσχον
3470 3740 3663 3810 αὐτήν⁹
3726 3742 3759 3810 ἡ
3810 3735 3864 3793 δὶ

2213 3823 2301 3877 καὶ
2348 3824 2597 3898 σχήματι
2644 3825 2736 3879 καὶ
2783 3823 2932 3901 λόγῳ
2980 3823 3227 3896 ἐπιεικεῖ,
3278 3825 3456 3886 Ἀλλά
3496 3827 3861 3903 περιμείνατε,

2212 3908 2337 3986 ἔφη,
2394 3913 2570 3983 τέκνα,
2617 3914 2705 3969 καὶ
2745 3915 2846 3983 τήν
2885 3910 3039 3984 δόξαν
3082 3911 3276 3989 ὄψεσθε
3322 3919 3419 3971 τοῦ
3464 3921 3617 3974 Θεοῦ.
3670 3918 3759 3981 Ὠς
3806 3912 3858 3970 δὲ

2212 3997 2310 4054 οὐκ
2354 4000 2495 4074 εἶχεν
2550 4001 2581 4056 ’ὁ
2636 4022 2688 4057 τι
2745 4003 2833 4057 καί
2902 3999 3134 4076 δράσειε,
3203 4008 3489 4082 συναγωγῇ
3554 4025 3858 4081 πονηρευο-

2216 4089 2392 4163 μένων
2438 4092 2841 4169 περισχεθεῖσα,
2888 4091 2979 4145 καὶ
3034 4089 3261 4148 πολλῶν
3312 4092 3481 4163 αὐτὴν
3526 4098 3637 4150 τῶν
3690 4096 3853 4151 κυνῶν

2210 4176 2731 4253 περικυκλωσάντων
2793 4180 2965 4255 (εἶχον
3012 4180 3115 4259 γὰρ
3184 4180 3235 4237 ἐν
3292 4185 3611 4259 χερσέ,-καὶ
3672 4185 3853 4262 βιάσα-

2210 4266 2329 4321 σθαι
2378 4271 2616 4340 μανικῶς
2666 4265 2979 4345 ἐφώρμουν),
3030 4268 3107 4331 εἷς
3150 4268 3375 4343 οὐρανὸν
3432 4270 3496 4325 τὸ
3541 4266 3701 4345 ὄμμα
3743 4268 3852 4325 διά-

2209 4375 2363 4431 ρασα,
2398 4354 2565 4431 Κύριε
2623 4357 3015 4432 παντοκράτορ,
3066 4352 3190 4433 ἔφη,
3224 4358 3251 4412 ὁ
3286 4358 3448 4433 μόνος
3492 4356 3722 4423 δυνατὸς
3764 4356 3847 4414 καὶ

2206 4443 2532 4519 οἰκτίρμων,
2564 4446 2598 4515 ἡ
2632 4443 2790 4507 ἐλπὶς
2840 4450 2947 4500 τῶν
2997 4443 3454 4520 ἀπηλπισμένων,
3486 4450 3520 4518 ἡ
3552 4452 3665 4504 τῶν
3696 4445 3851 4516 ἀϐοη-

2206 4533 2383 4603 θήτων
2414 4534 2664 4607 βοήθεια,
2719 4534 2747 4588 ὁ
2779 4532 2837 4588 ἐκ
2868 4534 3036 4611 πυρὸς
3089 4535 3183 4609 μὶν
3228 4535 3318 4590 καὶ
3368 4538 3572 4613 θηρῶν,
3611 4538 3849 4613 Θαμύρι-

2206 4618 2299 4684 δός
2329 4643 2387 4678 τε
2423 4621 2513 4677 καὶ
2558 4619 2941 4695 Ἀλεξάνδρου,
2986 4624 3074 4678 καὶ
3129 4625 3297 4700 βυθοῦ
3348 4622 3643 4700 διασώσας,
3694 4629 3847 4683 ἁπαν·

2200 4715 2375 4786 ταχοῦ
2419 4732 2477 4767 τε
2532 4712 2731 4786 βοηθὸν
2788 4712 2974 4787 ὀρέξας
3034 4735 3131 4787 μοι
3190 4720 3376 4794 χεῖρα,
3432 4715 3525 4771 καὶ
3580 4718 3645 4774 τὸ
3716 4720 3845 4783 θεῖον

2199 4796 2377 4875 ὄνομά
2407 4822 2501 4856 σου
2551 4798 2851 4873 εὐδοκήσας
2910 4802 2961 4857 ἐν
3018 4803 3143 4877 ἐμοὶ
3198 4801 3545 4878 δοξασθῆναι·
3602 4808 3696 4863 καὶ
3736 4809 3840 4874 νῦν,

2202 4888 2361 4963 Κύριε
2392 4890 2419 4943 ὁ
2451 4890 2580 4952 Θεός
2637 4910 2763 4963 μου,
2816 4890 2972 4966 ῥῦσαί
3022 4912 3088 4964 με
3134 4889 3194 4948 ἐκ
3240 4893 3428 4969 χειρὸς
3474 4899 3583 4950 τῶν
3626 4895 3839 4970 ἀνόμων

2197 4978 2426 5049 τούτων,
2484 4978 2574 5033 καὶ
2638 4979 2713 5052 μή
2765 4979 2923 5055 ἐάσῃς
2975 4976 3296 5057 ὑϐρισθῆναι
3347 5005 3455 5056 μου
3497 4985 3595 5055 τήν
3647 4994 3834 5059 παρθε-

2195 5066 2330 5133 νίαν,
2362 5067 2430 5136 ἦν
2472 5063 2560 5121 διὰ
2590 5069 2647 5124 σὲ
2684 5068 2774 5124 καὶ
2816 5070 2879 5125 τὸ
2928 5068 3018 5124 σὸν
3079 5067 3371 5148 διεφύλαξα
3418 5069 3614 5148 ὄνομα,
3666 5076 3747 5129 δτι
3785 5071 3836 5125 ei

2197 5156 2364 5227 φιλῶ,
2409 5158 2608 5237 νυμφίε
2655 5158 2874 5233 ἅμωμε.
2925 5161 3014 5215 καὶ
3058 5162 3141 5216 σοὶ
3182 5168 3473 5237 προσκυνῷ
3517 5170 3596 5237 τῷ
3671 5158 3835 5235 ΙΙατρῖ

2192 5245 2281 5300 καὶ
2339 5250 2418 5317 τῷ
2466 5247 2575 5318 1Ἵῷ
2630 5249 2722 5302 καὶ
2776 5253 2856 5320 τῷ
2913 5247 3050 5325 ἁγίῳ
3118 5250 3390 5325 Πνεύματι
3458 5256 3549 5309 νῦν
3622 5254 3712 5309 καὶ
3763 5248 3833 5305 εἷς

2193 5333 2320 5395 τοὺς
2353 5333 2574 5396 αἰῶνας.
2608 5337 2711 5391 Καὶ
2744 5336 3071 5408 ἐπειπούσης
3102 5337 3270 5409 αὐτῆς
3317 5340 3381 5396 τὸ
3431 5343 3634 5415 Ἀμὴν,
3686 5337 3831 5421 φωνή

2192 5422 2476 5497 οὐρανόθεν
2510 5424 2644 5496 πρὸς
2702 5424 2871 5493 αὐτὴν
2917 5425 3147 5500 γίνεται,
3189 5431 3277 5498 Μὴ
3330 5426 3531 5507 φοϐοῦ,
3582 5430 3832 5506 λέγουσα,

2190 5510 2382 5566 Θέκλασ
2446 5512 2579 5583 μετὰ
2646 5516 2743 5569 σοῦ
2806 5516 2908 5590 γάρ
2974 5514 3113 5590 εἶμι,
3182 5514 3355 5590 δούλη
3426 5517 3530 5593 ἐμὴ
3599 5516 3829 5591 ἀληθής,
