4124 6270
319 445 436 505 845

1384 448 1567 506 Vl'l‘A
1614 450 1676 506 S.
1726 450 2092 509 tlYPHIANl
2140 446 2642 507 AN'l‘lOCHENI.

3591 447 3707 505 846

319 601 527 674 Ἀρασα
586 598 641 655 δὲ
697 602 823 662 τοὺς
883 598 1224 680 ὀφθαλμοὺς,
1293 600 1375 656 ἴδε
1434 602 1581 663 ὅπως
1642 625 1723 658 σοι
1790 604 1959 679 πέτρα

2068 612 2290 674 sancte,
2327 622 2482 661 nunc
2514 607 2568 660 et
2600 604 2658 659 in
2685 603 3195 674 saecula.Cumque
3217 601 3472 674 adderet,
3496 604 3705 674 Amen,

320 686 551 752 ἰνώπιος
599 689 868 759 ἤνοικται’
928 690 1020 744 καὶ
1069 689 1175 765 γὰρ
1222 688 1368 746 ἔσται
1420 712 1503 747 σοι
1554 691 1689 763 αὕτη
1741 692 1962 756 αἰώνιος

320 779 491 849 οἶκος,
524 777 576 833 ἂν
608 778 744 854 αὐτῇ
775 799 833 834 τε
879 780 980 849 τήν
1031 779 1324 835 ἀνάπαυσιν
1374 777 1495 855 δέξῃ
1540 784 1639 852 τὴν
1692 786 1811 853 σήν.
1863 785 1960 838 Καὶ

315 872 633 945 προσχοῦσα
663 870 698 938 ἡ
748 870 974 944 μάρτυς,
1026 870 1125 944 ὁρᾷ
1173 872 1290 925 κατ’
1336 866 1459 946 ὄψιν
1508 870 1704 947 πέτραν
1762 870 1963 928 διανοι-

314 964 524 1035 γεῖσαν,
581 958 707 1014 ὅσον
764 960 1033 1033 ἀνθρώπῳ
1112 960 1365 1015 εἰσελθεῖν
1441 962 1724 1037 χωρητόν.
1787 961 1958 1026 Εὐθὺς

314 1047 429 1115 οὗν,
478 1048 613 1102 κατὰ
660 1048 722 1102 τὸ
770 1046 1062 1121 ἐπίταγμα,
1110 1053 1216 1103 τῶν
1268 1047 1507 1123 ἐχόντων
1555 1046 1815 1123 διαδρᾶσα
1865 1050 1960 1112 τὰς

313 1143 529 1213 χεῖρας,
580 1138 655 1200 εἷς
722 1139 821 1205 τὴν
872 1139 1069 1213 πέτραν
1128 1136 1304 1205 ἕσὲδυ,
1363 1141 1452 1193 καὶ
1511 1140 1622 1213 ἅμα
1679 1140 1959 1218 ἀμφότερα

315 1221 511 1294 συνέϐη
542 1227 608 1281 τὰ
642 1227 804 1302 μέρη,
848 1228 937 1281 καὶ
978 1227 1055 1289 εἷς
1104 1221 1158 1281 ἕν
1206 1227 1422 1304 γέγονεν
1477 1228 1671 1300 οὓτως,
1721 1229 1793 1283 ὼ)
1843 1252 1962 1302 μη-

315 1312 503 1388 δεμίαν
572 1313 704 1389 μηδ’
770 1315 915 1378 ὅλως
986 1317 1236 1393 ἀρμογὴν
1320 1316 1613 1395 φαίνεσθαι.
1701 1319 1959 1383 Ἐκείνοις

315 1400 371 1458 δὲ
396 1408 522 1466 τοῖς
557 1399 844 1478 βεϐήλοις,
875 1405 937 1459 τὸ
970 1403 1106 1478 μέγα
1153 1409 1318 1461 τοῦτο
1368 1407 1717 1479 θεασαμένοις
1756 1408 1957 1480 θαῦμα,

312 1492 514 1567 ἀπορία
541 1493 633 1549 καὶ
681 1491 941 1564 ἔκπληξις
969 1493 1283 1563 ἠκολούθει.
1346 1497 1445 1549 Καὶ
1496 1493 1649 1550 οὐδὲν
1700 1490 1778 1551 ἔτι
1837 1494 1960 1571 δρᾶ-

313 1602 399 1636 σαι
452 1580 668 1638 δυνατοὶ
725 1582 980 1657 ὑπῆρξαν,
1033 1582 1114 1636 ὅτι
1167 1584 1243 1655 μή
1294 1584 1493 1654 ταύτην
1545 1584 1619 1646 ὡς
1668 1583 1719 1638 ἐν
1767 1586 1953 1659 χερσὶν

313 1672 486 1747 εἶχον,
541 1676 637 1727 τοῦ
687 1671 1005 1745 ὡμοφορίου
1052 1668 1466 1745 ἐπιλαϐόμενοι,
1516 1670 1809 1727 διασπάσαι
1862 1672 1957 1746 μὲ-

312 1780 427 1837 ρος.
492 1761 641 1817 Κατὰ
697 1760 837 1816 θείαν
890 1764 1051 1816 τοῦτο
1127 1761 1372 1839 πραχθὲν
1447 1760 1785 1836 οἰκονομίαν,
1844 1761 1958 1835 ἅμα

314 1852 407 1923 μὲν
438 1850 514 1913 εἰς
544 1851 726 1905 πίστιν
764 1855 862 1905 τοῦ
910 1851 1227 1927 γενομένου,
1260 1851 1371 1925 ἅμα
1424 1848 1480 1906 δὲ
1528 1850 1616 1906 καὶ
1667 1853 1741 1914 εἷς
1792 1853 1957 1907 εὐλο-

309 1938 429 2014 γίαν
483 1938 573 1994 καὶ
631 1940 973 2014 παραμῦθιον
1024 1944 1130 1995 τῶν
1191 1939 1266 2000 εἷς
1324 1941 1543 2016 ὕστερον
1584 1936 1847 2005 θεοσεϐὦν
1900 1964 1957 1998 τε

308 2028 398 2083 καὶ
428 2028 827 2107 φιλοχρίστων.

2069 712 2177 751 vox
2214 696 2285 751 de
2337 693 2479 749 caelo
2533 693 2603 749 ad
2643 692 2832 764 ipsam
2863 691 3121 748 defertur
3154 706 3167 747 :
3200 691 3281 747 Ne
3310 692 3540 760 timeas,
3575 707 3707 749 mea

2069 785 2319 841 Thecla:
2361 790 2549 840 tecum
2579 782 2733 838 enim
2765 799 2920 849 sum,
2952 798 3087 837 vera
3118 797 3246 836 mea
3275 780 3493 837 famula
3524 798 3539 837 :
3572 799 3706 839 sus-

2069 874 2205 931 tolle
2243 878 2468 929 tantum
2501 873 2723 942 oculos,
2781 880 2837 928 et
2872 871 3021 941 vide,
3053 870 3341 943 quomodo
3399 871 3506 926 tibi
3546 876 3712 943 petra

2069 971 2204 1021 ante
2224 970 2603 1036 conspectum
2631 968 2826 1032 aperta
2850 965 2942 1032 sit,
2969 964 3072 1018 illa
3101 961 3205 1017 tibi
3238 965 3580 1033 perpetuum
3604 964 3711 1017 erit

2068 1054 2487 1120 habitaculum,
2514 1053 2572 1107 in
2596 1052 2695 1107 illa
2716 1052 2974 1123 requiem
3006 1056 3164 1107 tuam
3184 1050 3447 1122 recipies.
3469 1051 3554 1105 Ad
3579 1067 3707 1123 quas

2069 1150 2284 1216 martyr
2314 1145 2635 1211 attendens,
2670 1143 2820 1198 videt
2873 1147 3006 1197 ante
3063 1156 3125 1196 se
3175 1145 3395 1211 petram
3428 1148 3703 1211 apertam,

2068 1238 2353 1304 quantum
2385 1232 2607 1287 homini
2642 1230 2972 1301 recipiendo
2995 1230 3136 1284 satis
3167 1234 3343 1285 esset.
3373 1232 3558 1295 Quare
3586 1228 3710 1297 illa,

2070 1328 2241 1394 prout
2261 1322 2371 1392 ipsi
2395 1330 2742 1393 prisceptum
2763 1320 2975 1384 fuerat,
3006 1319 3279 1374 manibus
3301 1334 3362 1375 se
3384 1319 3706 1375 tenentium

2066 1411 2285 1483 elapsa,
2327 1411 2386 1465 in
2421 1416 2644 1481 petram
2678 1426 2739 1465 se
2786 1408 3050 1477 immisit,
3091 1410 3262 1478 cujus
3303 1408 3496 1463 statim
3536 1407 3707 1462 ambo

2069 1506 2263 1573 partes
2295 1499 2498 1565 coiere,
2533 1499 2728 1570 itaque
2762 1497 2819 1553 in
2855 1513 3038 1553 unum
3095 1496 3375 1563 coaluere,
3425 1499 3490 1551 ut
3547 1495 3708 1551 nulla

2066 1588 2306 1644 omnino
2356 1590 2634 1658 junctura
2693 1589 3015 1658 appareret.
3073 1585 3325 1657 Impuris
3375 1600 3543 1655 porro
3590 1584 3707 1640 illis

2066 1693 2346 1749 magnum
2365 1677 2471 1733 hoc
2488 1676 2838 1732 miraculum
2853 1674 3461 1745 intuentibus,ingens
3475 1673 3707 1730 consilii

2064 1766 2263 1837 inopia
2294 1765 2595 1836 animique
2644 1764 3037 1821 consternatio
3069 1763 3438 1817 oboriebatur
3471 1778 3485 1818 :
3520 1777 3708 1833 neque

2066 1857 2389 1929 quidquam
2422 1855 2677 1927 amplius
2696 1853 2850 1925 quod
2882 1854 3069 1910 facere
3091 1856 3382 1924 poterant,
3414 1850 3526 1907 nisi
3557 1850 3709 1923 quod

2066 1962 2197 2001 cum
2232 1945 2391 2001 illam
2426 1946 2700 2001 manibus
2731 1943 3231 2009 adhuctenerent,
3263 1940 3534 2009 amiculo,
3554 1940 3707 2012 quod

2066 2036 2325 2092 humeris
2357 2036 2642 2108 gestabat,
2677 2032 3113 2107 comprehenso,
3165 2036 3386 2103 partem
3426 2031 3552 2100 ejus
3581 2030 3704 2086 dis-

308 2130 651 2193 cerperent:
704 2122 881 2195 idque
923 2123 1121 2180 divina
1158 2123 1595 2196 dispensatione
1634 2125 1872 2194 factum,
1914 2127 2121 2198 partim
2170 2127 2228 2183 in
2279 2126 2361 2183 rei
2407 2131 2577 2183 tantae
2630 2126 2828 2193 fidem,
2874 2124 3083 2197 partim
3134 2122 3311 2179 etiam
3364 2122 3424 2177 in
3472 2120 3705 2177 laudem

310 2220 364 2269 et
393 2212 851 2269 consolationem
885 2230 1107 2283 eorum,
1142 2214 1241 2287 qui
1276 2215 1548 2287 deinceps
1581 2214 1658 2287 pii
1684 2216 1783 2271 Dei
1816 2216 2070 2274 cultores
2100 2222 2157 2273 et
2178 2218 2352 2275 amici
2382 2222 2579 2274 essent
2602 2217 2800 2274 futuri.

384 2300 567 2375 Ἤχθη
623 2301 719 2372 μὶν
772 2300 862 2355 οὖν
920 2302 998 2363 εἱς
1038 2302 1103 2356 τὸ
1155 2302 1449 2378 μαρτύριον
1480 2303 1513 2369 ἡ
1549 2304 1782 2380 γενναία,
1838 2305 1961 2380 περὶ

306 2388 372 2442 τᾶ
405 2384 531 2443 δέκα
559 2389 646 2443 καὶ
684 2387 827 2443 ὀκτὼ
868 2382 961 2458 ἔτη
997 2389 1148 2443 οὗσα’
1204 2389 1255 2444 ἐν
1308 2386 1365 2444 δὶ
1410 2394 1479 2463 τῇ
1532 2388 1820 2466 ὁδοιπορίᾳ
1868 2390 1959 2447 καὶ

306 2480 375 2551 τῇ
429 2478 652 2547 ἀσκήσει
704 2482 771 2551 τῇ
822 2477 874 2533 ἐν
930 2481 1009 2549 τῷ
1064 2478 1200 2552 oper,
1246 2478 1334 2533 καὶ
1387 2480 1531 2553 πάσῃ
1577 2484 1644 2553 τῇ
1695 2478 1957 2553 περιόδῳ,

310 2563 683 2642 διαγεγόνασιν
729 2561 818 2638 ἔτη
856 2563 952 2621 δύο
993 2568 1082 2621 καὶ
1131 2562 1527 2641 ἑϐδομήκονταο
1580 2569 1656 2631 ὡς
1704 2566 1957 2643 ἐκδημῆ-

306 2676 394 2710 σαι
466 2656 567 2725 τὴν
642 2657 1083 2731 πρωτομάρτυρα
1157 2658 1291 2731 πρὸς
1387 2658 1514 2712 Θεὸν
1606 2656 1952 2729 ἐνενηκοστὸν

306 2743 415 2815 ἤδη
476 2747 537 2802 τὸ
595 2742 713 2809 ἔτος
752 2745 1011 2822 ἄγουσαν.
1060 2748 1325 2803 Τοιοῦτον
1368 2747 1431 2801 τὸ
1478 2753 1578 2815 τῆς
1638 2754 1956 2819 θαυμαστῆς

308 2834 519 2905 Θὲκλης
548 2834 729 2899 τέλος,
760 2839 1006 2895 τοιοῦτος
1043 2835 1069 2889 ὁ
1105 2835 1247 2907 βίος,
1279 2838 1527 2888 τοιοῦτον
1557 2836 1617 2889 τὸ
1654 2836 1786 2909 ὑπὲρ
1816 2840 1954 2910 Χρι-

308 2928 437 2979 στοῦ
498 2922 791 2997 μαρτύριον
848 2922 936 2990 ἦν.
1004 2921 1106 2978 Καὶ
1159 2918 1385 2995 ἔχοιμεν
1459 2924 1623 2993 ἡμεῖς
1688 2920 1955 2996 ἃγρυπνον

310 3012 393 3065 ἀεὶ
444 3016 552 3067 τῶν
599 3014 788 3086 ψυχῶν
849 3008 1085 3087 φύλακα,
1126 3006 1360 3080 πρέσϐυν
1407 3010 1761 3082 εὐπρόσωπον
1816 3012 1954 3085 πρὸς

313 3101 465 3169 Θεὸν,
499 3101 672 3170 ὀξεῖαν
728 3099 779 3155 ἐν
825 3095 1098 3154 κινδύνοις
1166 3097 1472 3171 ἀντίληψιν.
1519 3103 1618 3159 Ἶῐς
1661 3104 1777 3161 ταῖς
1825 3118 1954 3172 πρε-

310 3185 515 3252 σϐείαις
558 3190 646 3245 καὶ
693 3193 799 3244 τῶν
850 3186 1087 3243 αἰωνίων
1131 3183 1396 3261 τύχοιμεν
1445 3187 1663 3261 ἀγαθῶν
1720 3186 1770 3241 ἐν
1820 3189 1955 3262 Χρι-

2140 2310 2283 2364 Acta
2302 2307 2481 2380 igitur
2503 2308 2572 2363 ad
2599 2305 2936 2378 martyrium
2968 2303 3244 2374 praclara
3266 2303 3384 2359 hac
3412 2301 3575 2375 virgo
3598 2302 3707 2360 fuit

2072 2397 2295 2452 decimo
2350 2402 2548 2453 octavo
2587 2395 2768 2451 aetatis
2799 2411 2917 2450 suae
2958 2410 3147 2461 anno;
3183 2392 3243 2449 in
3276 2393 3481 2448 itinere
3512 2395 3705 2449 autem

2068 2486 2456 2557 exercitioque
2487 2484 2717 2557 pietatis
2763 2484 2822 2539 in
2855 2487 3052 2539 monte
3083 2483 3156 2537 ab
3200 2482 3329 2553 ipsa
3360 2482 3537 2540 obito.
3573 2480 3702 2536 reli-

2068 2590 2301 2645 quoque
2358 2577 2482 2629 vitae
2542 2572 2806 2634 circuitu,
2842 2571 2979 2627 anni
3039 2569 3411 2642 septuaginta
3455 2570 3571 2625 duo
3618 2567 3705 2624 illi

2065 2664 2364 2725 transacli.
2405 2663 2485 2717 ita
2539 2667 2604 2716 ut
2643 2661 2713 2716 ad
2764 2660 2945 2716 Deum
2992 2660 3262 2730 princeps
3319 2658 3442 2713 haec
3494 2662 3708 2729 martyr

2066 2752 2320 2823 profecta
2350 2750 2447 2815 sit,
2489 2749 2933 2821 nonagesimum
2959 2749 3083 2819 jam
3132 2763 3349 2803 annum
3405 2762 3603 2819 agens.
3640 2746 3708 2802 Et

2064 2839 2400 2907 hujusmodi
2433 2839 2667 2908 quidem
2701 2836 3057 2893 admirandis
3085 2836 3307 2891 Theclaa
3330 2836 3485 2902 finis,
3506 2834 3709 2904 hujus-

2065 2930 2218 2982 modi
2242 2928 2381 2993 vita,
2404 2929 2737 2999 hujusmodi
2769 2945 2870 2997 pro
2896 2928 3125 2983 Christo
3151 2926 3521 2999 martyrium.
3547 2924 3706 2982 Hanc

2065 3032 2171 3070 nos
2204 3017 2540 3088 pervigilem
2562 3034 2795 3089 semper
2815 3017 3142 3073 animarum
3160 3023 3488 3071 nostrarum
3512 3021 3707 3071 custo-

2062 3104 2190 3158 dem
2235 3104 2575 3175 habeamus,
2621 3106 2768 3161 hanc
2800 3111 3096 3177 acceptam
3119 3106 3270 3176 apud
3305 3103 3486 3159 Deum
3518 3104 3705 3160 nostri

2062 3200 2381 3262 patronam,
2406 3198 2855 3264 promptamque
2875 3194 2934 3249 in
2960 3194 3234 3265 periculis
3258 3192 3700 3256 auxiliatricem,

310 3276 420 3351 στῷ
451 3280 630 3347 Ἰησοῦ
661 3278 740 3350 τῷ
773 3277 953 3351 Κυρίῳ
983 3279 1167 3350 ἡμῶν,
1199 3277 1245 3347 ᾦ
1274 3278 1309 3345 ἡ
1343 3273 1471 3344 δόξα
1508 3276 1597 3330 καὶ
1644 3276 1706 3329 τὸ
1754 3278 1951 3352 κράτος
1982 3326 1986 3357 1

2068 3280 2244 3351 Cujus
2276 3281 2687 3336 intercessione
2717 3288 2988 3337 eternam
3014 3282 3347 3337 felicitatem
3379 3296 3703 3353 consequa-

307 3371 400 3423 νῦν
428 3366 517 3423 καὶ
548 3366 629 3422 ἀεὶ
660 3366 748 3423 καὶ
782 3364 857 3429 εἷς
906 3363 1033 3427 τοὺς
1073 3365 1268 3427 αἰῶνας
1313 3368 1421 3419 τῶν
1472 3364 1700 3420 αἰώνων.
1746 3366 1947 3439 Ἀμήν.

2064 3386 2195 3425 mur
2225 3369 2283 3425 in
2308 3369 2539 3426 Christo
2568 3370 2707 3426 Jesu
2740 3368 2985 3425 Domino
3019 3373 3256 3425 nostro:
3286 3368 3380 3425 cui
3412 3369 3490 3425 sit
3517 3369 3703 3441 gloria

2058 3462 2117 3513 et
2147 3461 2401 3529 potestas
2431 3474 2586 3514 nunc
2608 3462 2664 3515 et
2680 3473 2910 3529 semper
2930 3461 2986 3514 et
3007 3458 3064 3513 in
3098 3457 3310 3514 saecula
3330 3456 3697 3515 saeculorum.

2051 3547 2254 3604 Amen.

566 3974 828 4138 DE
915 3973 1080 4139 S.
1178 3971 2121 4140 CYPBIANI
2200 3969 3438 4140 ANTIOCHENI

1379 4278 1647 4368 VITA
1737 4282 1877 4365 ET
1963 4278 2616 4369 CERTAMINE

777 4508 961 4633 Ι).
1050 4506 1782 4635 AEMILII
1867 4507 1986 4633 Β

2068 4499 3223 4639 ἉΑΜΡῙΕΝΟΝ

1794 4751 2209 4815 MONITUM.

458 4925 546 4991 Ex
578 4924 789 4991 libello
822 4945 1000 5009 quem
1031 4927 1346 4994 Facultati
1375 4929 1723 4992 litterarum
1754 4928 2085 4992 Parisiensi
2114 4927 2468 4992 licentiatus
2496 4929 2908 5010 proponebat,
2941 4927 3011 4991 de
3038 4934 3109 4995 δ’.
3146 4926 3450 5012 Cypriane
3481 4940 3537 4992 et

1211 5027 1283 5090 de
1304 5031 1600 5110 prr’mzva
1642 5028 2131 5108 Carthaginiensi
2159 5027 2454 5091 Ecclesia.
2489 5062 2564 5075 —
2597 5029 2779 5093 1862.

1951 5216 2032 5231 ~

368 5365 693 5439 Cyprianus
724 5364 841 5436 ille,
872 5364 972 5437 qui
1005 5363 1495 5436 Carthaginiensis
1518 5365 1823 5437 episcopus
1855 5364 2007 5437 apud
2032 5364 2256 5422 Graecos
2295 5362 2439 5421 falso
2468 5362 2667 5419 haberi
2692 5362 2855 5433 solet,
2888 5363 3279 5421 Antiochenus
3310 5365 3397 5421 vel
3426 5364 3693 5423 Nicome-

300 5455 519 5513 diensis
557 5458 759 5527 quarto
814 5453 1024 5511 sreculo
1064 5458 1284 5525 martyr
1334 5453 1515 5510 fuisse
1552 5455 1795 5510 videtur.
1846 5454 2021 5524 Cujus
2060 5453 2326 5521 historia,
2362 5453 2595 5509 casibus
2636 5452 2849 5524 repleta
2888 5454 3172 5524 miriﬁcis,
3202 5455 3523 5528 praesrtim
3556 5470 3689 5513 cum

301 5544 658 5616 maximique
689 5549 746 5602 et
774 5544 1069 5601 notissimi
1099 5543 1368 5616 Cypriani
1400 5544 1680 5599 niteretur
1710 5543 1965 5610 nomine,
1997 5542 2246 5598 Orientis
2279 5542 2525 5614 populos
2553 5542 2727 5613 vulgo
2758 5544 3040 5617 prodigiis
3071 5544 3407 5613 gaudentes,
3434 5560 3692 5601 summo-

299 5651 433 5707 pere
464 5634 808 5692 delectabat.
842 5634 1079 5691 Photius
1122 5650 1261 5691 sane
1290 5632 1348 5689 in
1381 5632 1713 5691 Bibliotheca
1744 5634 1823 5706 (a)
1854 5632 2111 5691 declarat
2155 5632 2467 5689 Eudociam
2516 5636 2856 5706 Augustam,
2891 5635 3113 5693 Leontii
3148 5634 3475 5707 philosophi
3512 5632 3692 5689 Athe—

372 5796 450 5868 (a)
479 5796 617 5869 Cap.
663 5797 782 5853 183.
823 5827 888 5840 -
937 5795 1096 5869 Opus
1126 5795 1390 5853 Eudocias
1444 5799 1719 5868 Augustae
1767 5812 1834 5853 ex
1873 5796 2066 5855 codice
2121 5795 2375 5853 Mediceo
2424 5795 2721 5855 Florentiae
2768 5782 2921 5856 anno
2976 5796 3105 5852 1761
3157 5794 3339 5853 edidit
3368 5794 3512 5863 Aug.
3544 5794 3685 5848 Mar.
