4124 6270
347 417 465 480 849

1443 420 1630 482 VlTA
1673 423 1740 483 S.
1788 422 2168 485 CYPRIANI
2211 422 2715 487 ANTIOCHENI.

3624 426 3745 488 850

347 576 579 651 προσθεν
621 576 645 612 ¹
690 573 784 629 τὸν
829 574 977 648 παρᾶ
1024 579 1131 630 τῶν
1180 577 1551 653 ἱεροκηρύκων
1603 578 1839 655 Χριστοῦ
1891 603 1997 655 μα-

2114 586 2273 639 ὶθι-ιιεε
2300 582 2432 638 laeta
2449 585 2671 651 accepit
2693 600 2892 640 semen
2908 585 3196 655 dejectum
3229 603 3264 642 a
3285 585 3499 643 sanctis
3516 585 3731 642 Christi

349 670 530 738 θητῶν
562 671 880 742 περιχαρῶς
906 661 1320 735 καταϐληθὲντα
1378 671 1579 744 σπόρον
1630 669 1861 741 ἐδέξατο,
1913 674 2002 728 καὶ

351 756 665 829 Χριστιανοὶ
700 760 913 829 πρῶτον
957 753 1009 810 ἐν
1058 757 1197 830 αὐτῇ
1246 758 1381 812 κατὰ
1428 759 1518 814 τὸν
1575 761 1737 837 μέγαν
1794 768 2000 817 Λουκᾶν

350 844 725 921 ἂχρημάτισαν
759 847 802 913 ⁸,
828 843 918 899 καί
966 843 1153 918 ὅτιπερ
1203 843 1398 922 ἄνδρας
1444 853 1523 919 τῷ
1569 849 1675 923 βίῳ
1722 853 1999 926 προήνεγ..

348 954 438 989 κεν
469 936 492 970 ⁴
522 932 597 994 είς
647 932 983 1007 (τρίάκοντα)
1035 935 1056 970 ⁵
1092 933 1180 989 καὶ
1231 935 1417 991 ἑκατὸν
1466 937 1553 992 καὶ
1604 939 1858 1011 ἑξήκοντα
1900 947 1999 1010 τῆς

348 1022 544 1097 ἀρετῆς
589 1021 961 1099 εὖαγγελικῶς
1011 1024 1105 1077 τὸν
1155 1024 1357 1100 στάχυν
1404 1023 1759 1102 ἐκθρέψαντας
1808 1030 1851 1099 ⁸,
1903 1028 2001 1085 οὐκ

349 1110 549 1187 ἄνδρας
583 1110 641 1167 δὶ
673 1112 859 1186 μόνον,
890 1111 1037 1169 ἀλλὰ
1066 1116 1157 1168 καὶ
1185 1120 1294 1170 τῶν
1330 1118 1596 1190 γυναικῶν
1639 1119 1742 1173 οὐκ
1788 1118 1997 1194 ὀλίγας.

351 1202 530 1278 Ἀφεὶς
579 1199 671 1257 οὖν
718 1199 900 1272 κάλλη
957 1202 980 1237 ’⁷
1040 1204 1334 1275 θαυμάζειν
1382 1209 1547 1273 ναῶν,
1597 1206 1687 1261 καὶ
1739 1207 1936 1282 μεγέθη
1978 1208 2003 1243 ⁸

350 1295 580 1365 τειχῶν,
628 1290 718 1346 καὶ
763 1288 950 1361 πλήθη
997 1292 1020 1326 θ
1068 1296 1271 1368 φυτῶν,
1321 1292 1646 1364 εὐθηνοῦσαν
1696 1296 1741 1332 ίο
1785 1316 1843 1350 τε
1895 1302 1997 1372 γῆν

348 1378 598 1453 ἀγαθοῖς,
629 1377 696 1449 ἤν
725 1376 876 1454 ἄρδει
907 1378 1226 1455 παραρῥέων
1280 1383 1538 1456 Ὀρόντης
1590 1386 1656 1455 η,
1712 1384 2001 1440 Ἰουστίναν

347 1474 427 1541 τῷ
456 1466 605 1544 λόγῳ
637 1468 889 1544 διήγημα
921 1471 1183 1544 θήσομαι*
1220 1470 1254 1539 ἥ
1286 1472 1385 1540 τήν
1425 1469 1657 1546 παρδίαν
1713 1475 1845 1545 μετὰ
1897 1494 2000 1547 μα-

348 1558 514 1630 κροὺς
540 1562 651 1614 τῶν
701 1560 862 1633 ἱερῶν
923 1558 1247 1615 ἀποστόλων
1306 1562 1544 1635 χρόνους
1602 1562 1841 1616 νεώσασα
1882 1568 1999 1625 τοῖς

348 1648 562 1705 ὶκείνων
616 1645 930 1724 διδάγμασι,
990 1651 1195 1723 στάχυν
1242 1649 1539 1719 ἀθλητικὸν
1607 1646 1999 1721 ἀνεϐλάστησε,

354 1735 502 1810 μάλα
573 1733 668 1809 μὲν
726 1735 948 1811 ὡραῖον,
1012 1737 1160 1809 μάλα
1219 1733 1276 1790 δὶ
1332 1740 1410 1808 τῷ
1468 1742 1662 1811 καρπῷ
1722 1738 1996 1812 βρίθοντα.

349 1823 525 1899 Ταύτῃ
593 1825 788 1900 πατρὶς
842 1825 956 1897 μὲν,
1014 1823 1081 1895 ἤν
1138 1822 1519 1899 ἐδηλώσαμεν,
1566 1828 1883 1903 ’Δντιόχεια
1932 1829 1997 1896 ¹²,

349 1910 604 1977 Λίδισιος
624 1910 682 1969 δὲ
710 1914 802 1968 καὶ
834 1910 1121 1985 Κληδονία
1159 1916 1498 1990 γεννήτορες.
1535 1914 1713 1973 Ἀλλά
1756 1917 1908 1971 τουτὶ
1939 1918 2001 1972 τὸ

351 2000 524 2059 καλὸν
557 2003 724 2081 φυτὸν
762 2002 1003 2066 πολλαῖς
1035 2002 1209 2076 ἂκόμα
1252 2005 1513 2080 πρότερον
1561 2011 1679 2066 ταῖς
1724 2006 1999 2074 ἀκάνθαις,

353 2091 443 2147 καὶ
500 2093 606 2167 γάρ
660 2092 750 2147 καὶ
806 2093 944 2162 αὖτή
1004 2098 1111 2149 τῶν
1166 2095 1413 2169 πατέρων
1495 2092 1866 2150 ἀκολουθοῦσα
1933 2099 2002 2168 τῇ

353 2180 535 2255 πλάνῃ
584 2177 857 2254 (εἰδώλων
911 2178 969 2237 δὲ
1018 2182 1167 2238 οὗτοι
1219 2183 1538 2257 θεραπευταὶ
1585 2186 1673 2238 καί
1721 2184 2001 2257 ἀντίθεοι),

354 2269 423 2323 τά
453 2266 668 2324 ἐκείνων
701 2272 921 2341 τιμῶσα
946 2269 1015 2339 ἧν
1046 2269 1136 2325 καὶ
1169 2266 1439 2345 σεϐομένη
1470 2272 1536 2325 τὰ
1566 2268 1791 2329 εἶ’δωλα.

427 2358 503 2413 Β“.
565 2356 718 2413 Ἐπεὶ
787 2355 845 2413 δὲ
911 2359 1096 2432 χρόνῳ
1155 2359 1253 2427 τὴν
1314 2359 1536 2429 ἠλικίαν
1597 2360 2005 2433 προκόπτουσα,

352 2445 441 2500 καὶ
491 2448 535 2485 ⁸³
584 2444 936 2521 στεῤῥοτέρου
993 2450 1343 2523 φρονήματος
1394 2452 1618 2518 ἥπτετο,
1672 2451 1870 2523 φὲγγος
1912 2449 2006 2504 αὖ·

358 2534 457 2603 τήν
506 2533 674 2607 εὶσήει
724 2537 1075 2606 θεογνωσίας,
1127 2540 1219 2591 ἅτε
1269 2535 1487 2611 δοχεῖον
1536 2537 1693 2593 οὖσαν
1746 2542 1789 2577 ¹⁸
1836 2560 2006 2614 φωτι-

359 2626 501 2695 σμοῦ
530 2622 784 2677 τοιούτου
807 2622 898 2677 καί
930 2624 1152 2699 χάριτες
1183 2622 1355 2695 ἄξιον·
1396 2627 1483 2680 καὶ
1534 2631 1642 2680 τῶν
1696 2627 1793 2698 μὶν
1842 2624 2007 2679 εἰδώ-

2110 672 2414 742 discipulis
2447 690 2462 740 ;
2494 680 2550 728 et
2567 674 2878 729 Christiani
2912 676 3163 743 primum
3190 677 3246 729 in
3278 692 3344 729 ea
3366 681 3505 729 sunt
3534 676 3740 743 vocati,

2110 768 2171 815 ut
2200 763 2401 817 scribit
2425 780 2667 831 magnus
2694 769 2901 819 Lucas:
2929 770 2986 818 et
3015 766 3165 833 quod
3191 766 3245 817 in
3271 766 3439 818 vitam
3463 771 3742 831 produxe-

2108 848 2183 903 rit
2209 856 2276 905 ad
2311 859 2544 906 centum
2586 858 2644 906 et
2674 852 2970 919 sexaginta
3000 868 3173 917 Viros,
3207 854 3303 922 qui
3330 852 3596 907 aluerunt
3625 853 3743 923 spi-

2108 954 2231 993 cam
2267 939 2495 994 virtutis
2527 941 2870 1012 evangelicae
2914 956 2927 996 :
2964 958 3075 997 non
3118 942 3308 996 solum
3339 947 3534 996 autem
3569 942 3743 1005 viros,

2104 1028 2205 1083 sed
2231 1030 2404 1084 etiam
2438 1047 2557 1085 non
2590 1047 2804 1100 paucas
2837 1031 3105 1086 feminas.
3139 1031 3372 1087 Mittens
3401 1046 3537 1101 ergo
3568 1030 3745 1085 admi-

2107 1118 2221 1172 rari
2255 1119 2605 1189 templorum
2637 1121 2763 1189 ejus
2806 1118 3322 1190 pulchritudinem,
3353 1122 3410 1173 et
3440 1133 3743 1173 murorum

2111 1207 2596 1277 magnitudinem,
2626 1212 2681 1262 et
2704 1208 3035 1278 plantarum
3061 1206 3519 1273 multitudinem,
3551 1211 3607 1262 et
3636 1211 3744 1261 ter-

2108 1311 2231 1349 ram
2248 1295 2412 1351 bonis
2429 1297 2684 1363 uberem,
2702 1313 2874 1365 quam
2891 1296 3041 1367 rigat
3060 1296 3298 1351 Orontes
3320 1294 3740 1366 praeterﬂuens,

2109 1383 2179 1440 de
2215 1384 2441 1439 Justina
2473 1384 2615 1440 mihi
2648 1400 2963 1455 proponam
2997 1384 3411 1438 narrationem.
3445 1385 3579 1448 Quae
3609 1397 3742 1437 cum

2109 1478 2242 1543 post
2271 1471 2445 1543 longa
2476 1484 2731 1544 tempora
2770 1478 3107 1527 sanctorum
3140 1471 3537 1542 apostolorum
3570 1486 3742 1526 reno-

2106 1570 2295 1617 vasset
2345 1578 2441 1617 cor
2480 1561 2711 1616 illorum
2761 1561 3046 1628 doctrina,
3080 1562 3414 1616 athleticam
3473 1559 3744 1632 produxit

2108 1650 2352 1720 spicam,
2383 1649 2548 1705 valde
2570 1650 2807 1722 quidem
2842 1649 3182 1719 speciosam,
3216 1649 3399 1704 fructu
3431 1658 3621 1704 autem
3639 1648 3742 1702 ad-

2109 1741 2347 1796 modum
2405 1740 2692 1797 refertam.
2725 1739 2789 1794 Ei
2847 1746 2969 1794 erat
3018 1739 3221 1809 patria,
3254 1754 3430 1809 quam
3463 1737 3740 1806 diximus,

2109 1829 2442 1894 Antiochia,
2473 1829 2741 1883 Edesius
2770 1834 2965 1883 autem
3017 1838 3071 1884 et
3117 1827 3410 1893 Cledonia,
3454 1832 3740 1897 parentes.

2109 1918 2222 1974 Sed
2255 1920 2372 1974 haec
2405 1918 2651 1989 pulchra
2697 1919 2892 1988 planta
2924 1918 3134 1972 multas
3184 1917 3419 1987 quidem
3463 1914 3625 1986 prius
3661 1915 3743 1969 fe-

2110 2007 2272 2063 rebat
2294 2006 2515 2078 spinas.
2536 2006 2678 2061 Nam
2702 2005 2826 2076 ipsa
2848 2020 3081 2077 quoque
3104 2019 3357 2074 sequens
3378 2018 3629 2058 errorem
3651 2018 3746 2072 pa-

2107 2100 2335 2151 rentum
2366 2095 2559 2166 (erant
2589 2110 2724 2149 vero
2754 2093 2794 2148 ii
2826 2093 3076 2150 cultores
3103 2091 3393 2148 idolorum
3424 2093 3483 2145 et
3511 2089 3611 2145 Dei
3641 2089 3743 2144 ad-

2105 2183 2390 2254 versarii),
2423 2182 2737 2238 honorabat
2770 2189 2825 2237 et
2853 2181 3081 2238 colebat
3109 2181 3342 2236 illorum
3375 2178 3705 2234 simulacra.

2184 2363 2251 2418 Il.
2283 2364 2428 2418 Cum
2462 2366 2678 2429 autem,
2712 2363 2880 2416 aetate
2924 2360 3264 2430 procedens,
3296 2357 3368 2412 ad
3417 2355 3747 2412 solidiorem

2109 2453 2371 2523 pervenit
2398 2450 2868 2521 intelligentiam,
2900 2465 3026 2504 eam
3062 2450 3159 2502 lux
3206 2446 3383 2502 subiit
3414 2444 3621 2499 divinm
3652 2457 3745 2500 oo-

2109 2540 2390 2611 gnitionis
2431 2546 2494 2594 ut
2523 2556 2651 2609 quas
2683 2547 2832 2594 esset
2864 2536 3295 2605 receptaculum
3337 2533 3577 2605 dignum
3610 2530 3747 2590 illu-

2112 2628 2425 2682 minatione
2445 2626 2804 2695 ejusmodiet
2834 2630 3058 2695 gratia;
3090 2628 3147 2677 et
3178 2623 3350 2693 coepit
3379 2621 3609 2690 quidem
3642 2620 3749 2675 da-

355 2709 467 2767 λων
528 2710 793 2767 ἀσθένειαν
852 2714 1267 2785 καταγινώσκειν
1315 2716 1535 2788 ἤρξατο,
1585 2716 1678 2769 τὸν
1725 2714 1906 2783 άληθῆ
1959 2715 2004 2750 ¹⁵

2114 2714 2608 2772 mnareidolorum
2634 2714 3644 2782 imbecillitatem,agnoscereautem
3663 2725 3748 2764 ve-

361 2797 420 2854 δὶ
484 2800 574 2854 καὶ
636 2801 796 2872 μόνον
856 2801 1234 2873 ἐπιγινώσκειν
1294 2803 1446 2858 Θεόν.
1523 2806 1659 2864 Ταῖς
1732 2804 2004 2867 τοιαύταις

2114 2823 2239 2861 rum
2272 2816 2329 2860 et
2357 2805 2546 2859 solum
2582 2803 2782 2858 Deum.
2812 2801 3050 2857 Talibus
3076 2816 3210 2872 ergo
3229 2800 3507 2854 rationem
3541 2812 3750 2853 ascen-

361 2891 468 2941 τῶν
522 2888 567 2922 ίθ
611 2886 900 2961 λυγισμῶν
941 2883 1227 2942 ἁναόάσεσι
1273 2890 1372 2956 τήν
1424 2891 1608 2962 ψυχὴν
1658 2893 1693 2957 ἠ
1743 2893 2004 2964 παρθένος

2114 2893 2375 2948 sionibus
2398 2893 2560 2963 virgo
2578 2892 2841 2945 animum
2875 2891 3037 2960 prius
3057 2903 3402 2960 expurgans,
3438 2886 3752 2955 parabatur

357 2975 865 3048 προεκκαθαίρουσα
934 2976 1000 3042 ⁸⁷,
1050 2976 1125 3037 εἰς
1175 2977 1274 3045 τήν
1319 2980 1415 3030 τοῦ
1474 2978 1748 3049 σωτηρίου
1799 2977 2004 3050 σπόρου

2114 2983 2181 3033 ad
2223 2980 2602 3047 dejectionem
2637 2978 2910 3034 salutaris
2936 2976 3232 3033 sementis.
3266 2974 3500 3030 Interim
3534 2980 3749 3037 autem,

360 3058 675 3132 καταϐολὴν
704 3062 1087 3138 ηὐτρεπίζετο.
1123 3066 1209 3119 Ἐν
1239 3064 1285 3136 ᾧ
1318 3062 1375 3118 δὲ
1417 3066 1534 3119 καθ’
1585 3065 1780 3133 ἑαυτὴν
1820 3063 2004 3138 ἔτρεφε

2114 3070 2252 3122 dum
2286 3068 2407 3123 haec
2429 3068 2583 3138 apud
2617 3083 2677 3121 se
2709 3071 2988 3133 versaret,
3019 3071 3075 3119 et
3102 3063 3327 3119 intenta
3357 3079 3389 3115 a
3424 3063 3533 3116 Deo
3567 3061 3754 3131 perfe-

358 3156 550 3221 ταῦτα,
609 3153 697 3207 καὶ
756 3150 1106 3231 σχολάζουσα
1157 3155 1257 3222 τήν
1312 3148 1511 3227 ἀκριϐῆ
1578 3158 1771 3228 γνῶσιν
1829 3154 2004 3223 ἐζήτει

2114 3162 2263 3211 ctam
2297 3161 2585 3228 quaereret
2613 3156 3032 3228 cognitiensm,
3065 3154 3305 3226 quidam
3338 3151 3602 3222 Praylius
3631 3148 3751 3203 dia-

359 3240 505 3313 παρὰ
535 3241 691 3301 Θεοῦ,
734 3237 1009 3313 ΙΙραῢλιός
1058 3260 1141 3301 τις
1189 3244 1296 3293 τῶν
1352 3239 1404 3293 ἐν
1468 3240 1781 3313 Ἀντιοχείᾳ
1830 3238 2004 3294 διάκο-

2116 3261 2297 3299 conus
2327 3243 2736 3311 Antiochenus,
2770 3244 3038 3298 audiente
3058 3242 3295 3313 virgine,
3320 3257 3451 3295 cum
3477 3240 3556 3293 ita
3576 3236 3753 3293 contio

356 3348 452 3390 νος
484 3326 535 3382 ἰν
577 3328 803 3399 ἰπηκόῳ
860 3334 957 3395 τῆς
1014 3330 1206 3403 κόρης,
1264 3329 1406 3383 οὕτω
1465 3324 1701 3401 συμϐὰν,
1758 3331 1825 3383 τὰ
1880 3330 2003 3402 περὶ

2115 3336 2294 3406 gisset
2322 3337 2394 3389 de
2441 3332 2753 3387 Salvatoris
2787 3335 2965 3386 nostri
3000 3340 3054 3385 et
3087 3331 3181 3385 Dei
3215 3328 3667 3397 dispensatione.
3699 3330 3757 3381 et

358 3422 457 3485 τῆς
486 3418 584 3470 τοῦ
623 3420 879 3489 Σωτῆρος
926 3416 1085 3486 ἡμῶν
1135 3414 1226 3469 καὶ
1269 3418 1402 3469 Θεοῦ
1449 3415 1769 3486 οἷ’κονομίας
1815 3436 1874 3470 τε
1920 3415 2004 3469 καὶ

2116 3423 2308 3478 carnis
2339 3420 2709 3492 susceptione
2741 3421 2994 3475 narravit
3025 3435 3039 3473 :
3072 3418 3556 3488 quemadmodum
3577 3430 3755 3468 saecu-

362 3506 685 3580 σαρκώσεως
739 3502 957 3575 διεξῄει·
1018 3503 1166 3565 ὅπως
1228 3505 1321 3577 μὶν
1382 3504 1411 3558 6
1469 3508 1577 3559 τῶν
1636 3503 1849 3559 αἰώνων
1909 3502 2011 3575 δη-

364 3594 627 3671 μιουργὸς
662 3592 736 3654 εἰς
769 3593 947 3647 οἶκτον
974 3590 1113 3661 ἦλθε
1135 3596 1233 3647 τοῦ
1264 3591 1821 3665 πλαστουργήματος.
1862 3595 2011 3654 ὅπως

369 3680 427 3737 δὶ
459 3686 501 3720 ¹⁹
540 3676 785 3753 Γαϐριὴλ
845 3682 874 3736 6
908 3685 1015 3734 τῶν
1074 3679 1185 3735 ἄνω
1231 3681 1429 3751 τάξεων
1481 3681 1731 3756 ἀρχηγὸς
1779 3685 1848 3754 τῇ
1908 3683 2012 3755 πρὸ

370 3775 565 3849 γενεῶν
627 3771 973 3844 τετηρημένῃ
1036 3768 1291 3843 Παρθένῳ
1349 3775 1445 3825 τοῦ
1498 3771 1800 3845 μυστηρίου
1844 3773 2011 3844 κήρυξ

365 3861 652 3936 εὐάγγελος
710 3861 757 3895 ³ο
813 3858 1022 3933 γέγονε,
1080 3858 1170 3913 καὶ
1215 3859 1289 3921 ὡς
1348 3854 1633 3914 συνέλαϐεν
1682 3860 1738 3915 ἔν
1797 3860 2012 3937 γαστρὶ,

364 3952 454 4006 καί
486 3947 796 4021 ώδινήσασα
824 3949 1029 4016 τὲτοκε,
1076 3948 1165 4002 καὶ
1210 3948 1287 4009 ὠς
1334 3950 1433 4018 τὴν
1472 3954 1568 4003 τοῦ
1620 3947 1840 4004 παιδίου
1890 3949 2012 4025 γέν-

364 4061 523 4111 νησιν
553 4040 728 4113 ἀστὴρ
756 4042 864 4093 τῶν
895 4035 1083 4093 ἄλλων
1123 4034 1523 4107 ἒπιδηλότατος
1557 4040 1598 4075 τί
1632 4044 1749 4094 τοῖς
1798 4040 2011 4107 Μάγοις

364 4128 649 4205 ἱγνώρισε·
699 4128 917 4190 τούτοις
967 4126 1179 4200 ἐπεξῄει
1225 4129 1325 4197 τὴν
1394 4127 1445 4183 ἐν
1507 4133 1587 4200 τῷ
1647 4126 1770 4201 ἰδίῳ
1819 4128 2012 4201 κόσμῳ

2114 3512 2303 3567 lorum
2339 3512 2576 3582 quidem
2609 3510 2799 3580 cpite:
2828 3510 2914 3563 sui
2945 3507 3210 3579 figmenti
3245 3510 3440 3560 mutus
3470 3508 3559 3559 est
3586 3504 3752 3558 mise-

2118 3602 2366 3656 ricordia
2388 3619 2403 3667 ;
2429 3598 2925 3671 quemadmodum
2946 3612 3077 3652 vero
3099 3593 3350 3661 Gabriel,
3377 3592 3643 3662 princeps
3660 3608 3756 3645 su-

2119 3688 2402 3760 periorum
2463 3687 2759 3751 ordinum,
2808 3687 2880 3750 ei,
2916 3701 3041 3756 qua
3094 3688 3321 3739 servata
3361 3682 3540 3736 fuerat
3578 3680 3754 3751 Virgo

2119 3783 2252 3833 ante
2283 3776 2705 3847 generationes,
2740 3775 2846 3827 fuit
2877 3774 3101 3828 faustus
3130 3770 3371 3827 nuntius
3403 3768 3680 3838 mysterii,
3702 3774 3758 3823 et

2118 3867 2271 3938 quod
2326 3864 2591 3935 concepit
2620 3864 2677 3917 in
2712 3868 2901 3929 utero;
2957 3866 3176 3916 etcum
3227 3864 3458 3914 uterum
3508 3857 3755 3923 tulisset,

2119 3954 2369 4027 peperit;
2403 3964 2457 4007 et
2486 3954 2638 4025 quod
2672 3956 2865 4006 ortum
2899 3950 3143 4005 Infantis
3165 3948 3334 4003 stella
3364 3946 3607 4000 aliarum
3639 3960 3761 4000 om-

2118 4046 2279 4101 nium
2312 4044 2634 4098 clarissima
2666 4040 2848 4109 Magis
2879 4038 3245 4109 significavit.
3263 4041 3400 4092 Post
3423 4035 3541 4089 hac
3565 4048 3759 4105 perse-

2118 4140 2293 4187 cutus
2340 4136 2431 4185 est
2472 4130 2597 4198 ejus
2629 4129 2993 4182 manifestam
3036 4128 3094 4179 in
3146 4124 3377 4195 proprio
3410 4126 3624 4178 mundo
3654 4138 3757 4192 ap-

366 4221 595 4299 φανερὰν
631 4221 677 4256 ³³
716 4217 881 4273 αὐτοῦ
928 4220 974 4254 ³³
1025 4216 1354 4290 ἰπιφάνειαν,
1421 4217 1519 4284 τήν
1563 4216 1615 4272 ἐν
1664 4218 1841 4288 τούτῳ
1892 4214 2004 4271 δια-

2120 4219 2487 4291 paritionem,
2556 4218 2615 4271 in
2690 4232 2756 4270 eo
2838 4214 3358 4276 conversationem,
3445 4210 3760 4265 salutarem

364 4304 579 4385 τριϐήν,
632 4308 699 4361 τὰ
755 4303 1085 4379 σωτηριώδη
1145 4306 1191 4341 ²⁴
1245 4302 1568 4380 διδάγματα,
1626 4308 1692 4359 τὰ
1747 4306 2014 4376 θαύματα,

368 4400 459 4455 τὸν
512 4394 603 4451 διὰ
649 4397 695 4432 ³⁸
740 4399 913 4450 ταῦτα
950 4394 1170 4472 φθόνον,
1226 4392 1319 4446 τὸν
1374 4393 1621 4465 σταυρὸν,
1660 4395 1759 4463 τήν
1817 4394 2016 4469 ταφήν,

2121 4309 2466 4373 doctrinam,
2506 4302 2802 4370 miracula,
2826 4306 3060 4373 propter
3090 4300 3210 4354 bsic
3235 4306 3421 4354 ortam
3456 4299 3759 4363 invidiam,

2123 4411 2374 4463 crucem,
2407 4395 2789 4466 sepulturam,
2846 4396 2901 4448 et
2940 4395 3234 4462 postremo
3285 4388 3537 4443 divinam
3573 4387 3761 4457 ipsam

368 4488 459 4541 καὶ
516 4483 676 4544 τέλος
735 4482 903 4549 αὐτὴν
970 4482 1069 4548 τὴν
1126 4479 1268 4535 θείαν
1321 4478 1629 4538 ἀνάστασιν.
1700 4480 1796 4536 Καὶ
1851 4486 2004 4538 ταῦτα

2124 4484 2628 4540 resurrectionem.
2679 4482 2749 4537 Et
2804 4479 2925 4534 haec
2993 4476 3231 4550 quidem
3289 4474 3765 4547 Praylius.Justa

375 4574 467 4645 μὶν
503 4574 530 4628 6
564 4570 855 4646 Πραΰλιος’
894 4566 1101 4627 Ἰοὖστα
1143 4566 1199 4624 δὲ
1227 4572 1295 4642 τῇ
1328 4571 1523 4634 ὶαϋτῆς
1555 4573 1709 4646 ψυχῇ
1739 4571 1806 4626 τά
1855 4570 2004 4630 ἀκού.

2124 4584 2319 4629 autem
2368 4572 2470 4642 (ita
2526 4570 2681 4626 enim
2735 4569 2898 4641 prius
2946 4565 3372 4639 appellabatur)
3404 4566 3509 4619 hae
3556 4562 3763 4619 animus

372 4642 550 4733 σματα
576 4642 765 4727 ταῦτα,
822 4659 897 4720 ὡς
944 4657 1114 4733 ἀγαθῆ
1144 4663 1211 4733 γῆ
1255 4658 1301 4694 ³⁸
1346 4642 1992 4732 σπέρματαξνπαρεδίδου

2134 4676 2253 4715 suis
2288 4658 2600 4714 mandabat
2640 4655 2967 4712 auditiones
2992 4658 3271 4724 tanquam
3300 4652 3465 4707 bona:
3491 4655 3650 4704 terrae
3671 4664 3765 4703 se-

372 4750 461 4804 καὶ
499 4749 674 4811 οὓτως
731 4741 1106 4821 ἀκριϐέστερον
1164 4746 1288 4801 ὅσαι
1344 4748 1481 4822 ὧραι
1538 4752 1674 4822 πρὸς
1729 4751 1827 4817 τὴν
1876 4749 2004 4821 ἀλή.

2132 4747 2309 4814 mina,
2341 4753 2398 4802 et
2428 4747 2512 4802 sic
2535 4746 2830 4802 veritatem
2854 4744 2913 4797 in
2930 4743 3055 4796 dies
3082 4740 3411 4795 accuratius
3435 4746 3762 4808 penetrans,

377 4849 523 4901 θειαε
576 4833 954 4909 ἐμϐαθύνουσα
1008 4835 1076 4904 ³⁷,
1132 4839 1240 4890 τῶν
1298 4836 1396 4908 μὲν
1466 4834 1712 4893 εἰδώλων
1774 4836 1920 4893 πολὺ
1976 4839 2004 4885 '1

2136 4840 2365 4911 profuse
2416 4836 2652 4908 quidem
2688 4835 2909 4890 ridebat
2953 4830 3290 4894 simulacra,
3324 4832 3534 4883 rectam
3570 4830 3764 4880 autem

997 4924 1019 4947 1
1091 4924 1137 4947 Ώὶ
1202 4946 1219 4947 7
1236 4930 1263 4943 ευ
1372 4925 1385 4947 ε

376 4928 604 5002 κατίιχεε
654 4925 891 5002 γέλωτα,
954 4924 1020 4980 τὰ
1087 4921 1144 4979 δὲ
1197 4930 1296 4994 τῆς
1366 4925 1548 5001 ὑγιοῦς
1609 4927 1840 4988 πίστεως
1904 4932 2004 4981 ταῖ‹

2134 4928 2307 4982 ﬁdem
2340 4928 2531 4981 cordis
2563 4923 2920 4979 inscribebat
2951 4919 3187 4975 tabulis.
3233 4914 3619 4983 Quamobrem
3672 4930 3769 4969 vo-

378 5015 574 5087 πλαξὶν
615 5015 871 5093 ἐνέγραφε
912 5020 1013 5083 τῆς
1054 5010 1297 5085 καρδίας’
1347 5016 1462 5070 ὅθεν
1514 5014 1753 5085 ἠθέλησε
1803 5016 1899 5088 μὶν
1949 5016 2004 5070 εἰς

2133 5015 2244 5072 luit
2271 5015 2505 5088 quidem
2539 5011 2729 5069 venire
2760 5013 2821 5068 in
2860 5013 3239 5078 conspectum
3291 5002 3501 5076 Praylii
3530 5019 3547 5071 ;
3577 5004 3766 5060 solum

448 5325 471 5362 ³
520 5325 733 5380 desunt
798 5328 1045 5392 quatuor
1096 5336 1278 5387 voces,
1339 5321 1399 5376 E.
1492 5320 1515 5354 ³
1561 5318 1975 5392 ἐχρημάτησαν.

448 5395 637 5444 invita:
700 5391 1079 5444 Χριστιανούς.
1192 5390 1421 5444 Hostia:
1485 5390 1700 5444 ἀποστ..
1768 5410 1887 5444 κειο.
1965 5393 2004 5444 L

2153 5318 2221 5375 D.
2280 5348 2348 5361 -—-
2405 5312 2746 5391 χρηματίσαι
2800 5330 2857 5367 τε
2912 5312 3126 5383 πρῶτον
3180 5297 3593 5429 ἑνοἈντιοχείᾳ
3642 5301 3771 5384 robe

2134 5390 2251 5444 κατ’
2360 5392 2382 5424 ⁸
2445 5388 2805 5444 προήνεγκαν.
2875 5387 2931 5439 Β.
3044 5381 3064 5413 ⁸
3129 5380 3307 5436 Uncus
3393 5392 3485 5444 inc
3516 5414 3553 5439 .,
3636 5389 3773 5444 quia

386 5395 637 5470 μαθητάς
700 5390 1079 5458 Χριστιανούς.
1192 5390 1421 5517 Ηράξεις
1485 5390 1719 5459 ἀποστ,
1768 5410 1887 5469 κεφ.
1965 5391 2069 5446 ΙΑ“.
2134 5390 2251 5445 κστ⁸
2360 5392 2382 5424 ⁸
2445 5390 2805 5460 προήνεγκαν,
2875 5390 2931 5439 Β.
3044 5390 3064 5413 ⁵
3132 5390 3307 5436 Uncm
3393 5390 3553 5439 inct.,
3636 5390 3770 5443 qum

382 5474 608 5541 tantum
655 5465 797 5541 QLX
838 5463 1214 5541 gat_Latina__
1246 5464 1428 5541 .cctio.
1519 5464 1559 5541 ξ
1593 5460 2087 5541 augmina}.
2131 5464 2201 5541 ___"
2250 5457 2466 5541 κάλλει,
2692 5454 3037 5541 {pateat
3060 5452 3148 5541 8..“
3174 5447 3362 5541 1%.”?
3418 5443 3770 5541 πλῇθελιῖωιέ.

382 5518 803 5599 sinente};
838 5536 903 5591 E.
935 5518 1063 5591 ei"
1093 5518 1483 5608 ΠὊρῥόντης,
1518 5534 1578 5590 F.
1612 5518 1793 5589 —Z'ci-.
1828 5518 2004 5587 Piol.‘

385 5627 538 5649 νςιηυ
591 5609 654 5649 Π-
766 5606 811 5644 13
840 5606 971 5649 εδδ-
1005 5606 1087 5649 iu,
1118 5606 1179 5649 Β-
1289 5605 1335 5643 14
1364 5604 1514 5649 οὖσα-
1555 5608 1609 5649 R,
1718 5604 1761 5639 15
1791 5603 1999 5649 ﬁred,

2122 5535 2207 5588 15.
2263 5562 2324 5573 -—
2371 5518 2686 5601 Ἀυτιὸγεια
2727 5518 2899 5593 ἠ’ἐπί
2945 5526 3042 5578 τοῦ
3089 5521 3367 5595 Ὀρόντου.
3466 5518 3512 5552 ⁸³
3563 5518 3777 5570 Ἀντιό-

2216 5604 2259 5639 ﬂ
2289 5603 2418 5649 add-
2453 5600 2561 5649 οὖν-
2589 5591 2657 5649 Ἐ-
2737 5600 2778 5635 ⁸³⁷
2810 5592 3300 5649 προεκκαθέοουσα.
3352 5591 3410 5644 Β.
3514 5584 3561 5619 ⁸⁸
3593 5586 3777 5638 lnear—

385 5627 565 5683 χειαν,
590 5609 656 5664 D.
766 5606 811 5644 ³³
840 5606 973 5660 add.
1005 5606 1091 5673 ἦν,
1118 5606 1180 5661 Β.
1233 5603 1241 5608 ’
1267 5603 1335 5643 ’¹⁴
1364 5604 1515 5671 οὖσα,
1553 5608 1613 5660 Β.
1718 5604 1761 5639 ¹⁵
1791 5603 2004 5670 ἀληθεῖ,

385 5680 661 5735 nationis.
740 5677 787 5715 ¹⁹
814 5678 897 5735 τὶ.
940 5677 1002 5733 Β.
1098 5678 1144 5713 ³ο
1172 5672 1430 5735 ἄγγελος.
1464 5678 1524 5732 Β.
1616 5674 1657 5710 ²¹
1692 5670 2004 5735 ἐπιδηλώτα

2216 5604 2259 5639 ¹⁶
2289 5603 2418 5658 add.
2453 5603 2563 5669 οὖν,
2597 5605 2657 5656 Ε.
2737 5603 2778 5635 ¹’¹
2810 5603 3300 5670 προεκκαθὲρουσα,
3353 5603 3410 5644 Β.
3514 5603 3561 5619 ³ο
3594 5603 3769 5638 Inear-

2114 5716 2125 5735 .
2158 5675 2219 5730 Β.
2312 5674 2359 5708 ³³
2389 5674 2567 5735 deest,
2602 5676 2659 5726 Β.
2759 5670 2804 5705 ³³
2836 5671 2971 5727 add.
3000 5669 3124 5734 τήν,
3156 5666 3219 5721 E.
3312 5662 3360 5695 "
3388 5655 3653 5726 σωτήρια,
3710 5654 3769 5707 Β.

385 5695 661 5736 nationis.
741 5695 787 5715 ιν
814 5695 897 5747 τε,
940 5695 1002 5733 Β.
1099 5695 1144 5713 ’ν
1172 5695 1430 5806 exiguae,
1466 5695 1524 5732 υ.
1617 5695 1657 5710 ιι
1692 5695 2004 5745 επιοηΑωτα

386 5751 433 5786 ’⁸
475 5746 543 5803 δι’
577 5748 757 5805 αὐτὸν.
833 5748 879 5786 ³⁸
905 5747 1082 5826 ἀγαθῇ
1112 5751 1205 5822 γῇ,
1288 5791 1300 5804 .
1377 5747 1423 5785 ’⁷
1454 5742 1834 5818 ἱκϐαθύνουσα,
1869 5752 1934 5804 D.
1968 5749 2004 5803 E

2114 5716 2125 5740 ,
2159 5695 2219 5730 ι).
2314 5695 2359 5708 ··
2389 5695 2567 5741 deest,
2602 5695 2659 5726 ε).
2762 5695 2804 5705 --
2836 5695 2971 5727 auu.
3000 5695 3069 5734 τη

2114 5745 2153 5782 ³⁸
2181 5742 2374 5814 πολὺν,
2405 5749 2462 5800 G.
2501 5745 2559 5800 Ι).
2594 5744 2654 5798 Ε.
2689 5746 2751 5798 F.
