4124 6270
459 401 577 463 855

1742 390 2031 452 MENSlS
2075 387 2564 451 SEPTEMBER.

3763 378 3916 439 836

456 561 737 634 virginem
756 559 973 615 invenit
988 556 1341 613 immobilem
1359 556 1729 625 ,firmamque
1744 570 1806 607 ac
1822 553 2098 621 stabilem,

2214 570 2304 605 σκε
2332 550 2430 616 τὴν
2482 543 2745 619 παρθένον
2797 541 3050 612 ἀκίνητον
3098 542 3188 596 καὶ
3238 538 3483 615 στερρὰν,
3531 538 3622 593 καὶ
3676 536 3911 614 λόγοις

458 661 515 708 et
546 668 673 722 quea
703 650 894 704 verbis
926 647 1231 701 fallacibus
1265 646 1504 698 minime
1537 648 1726 713 posset
1758 644 1885 713 capi
1920 660 1933 708 ;
1969 658 2103 696 cum

460 756 574 795 non
591 752 823 807 parvam
840 750 1065 789 manum
1084 732 1491 798 collegisset,et
1504 730 1672 785 eosin
1690 748 1854 784 suam
1872 729 2105 784 allexis-

460 833 547 883 set
583 824 967 889 sodalitatem,
1008 823 1191 891 ipsam
1228 822 1282 874 in
1324 822 1413 873 via
1443 826 1533 873 est
1563 836 1895 890 aggressus,
1920 823 1975 872 et
2006 836 2107 889 per

462 918 578 971 vim
633 919 877 969 conatus
934 917 1023 966 est
1076 927 1199 966 eam
1252 911 1534 965 abducere
1572 927 1685 981 quo
1716 908 1961 964 volebat.
1998 909 2104 963 Sed

462 1004 659 1059 statim
682 1019 814 1058 cum
839 1001 948 1056 hoc
972 1000 1155 1054 audax
1179 1004 1239 1053 et
1260 999 1545 1053 nefarium
1579 998 1804 1052 facinus
1836 998 2101 1052 auditum

458 1092 664 1147 fuisset
704 1090 765 1145 in
811 1089 1063 1155 civitate,
1097 1093 1154 1143 et
1209 1088 1267 1141 in
1312 1087 1536 1143 aedibus
1583 1088 1809 1154 matris,
1840 1088 2107 1143 exierunt

463 1178 639 1235 simul
700 1194 831 1233 cum
882 1177 1063 1231 armis
1113 1174 1373 1245 plurimi,
1414 1174 1570 1243 iique
1617 1174 1936 1229 fortissimi.
1996 1173 2104 1236 Qui

461 1282 593 1324 cum
611 1265 801 1322 solum
820 1261 1393 1331 fuissentconspecti,
1412 1261 1746 1329 effecerunt,
1764 1267 1825 1316 ut
1844 1262 2109 1316 scelerati

459 1354 546 1411 illi
575 1358 630 1410 et
658 1353 993 1409 exsecrandi
1024 1351 1256 1406 asseclaa
1285 1358 1710 1414 evanescerent,
1736 1366 1850 1405 non
1884 1355 1998 1404 tam
2024 1367 2107 1406 ce-

463 1444 660 1498 dentes
694 1440 916 1508 manui,
940 1455 1113 1509 quam
1165 1437 1391 1508 expulsi
1431 1438 1653 1492 fortiter
1683 1438 1763 1493 rei
1808 1439 2109 1497 dedecore.

538 1532 693 1587 VIII.
728 1529 1006 1601 Aglaidas
1038 1532 1234 1583 autem
1266 1530 1413 1599 (erat
1441 1527 1596 1582 enim
1620 1527 1671 1581 ei
1705 1528 1931 1582 alfectic
1961 1544 2108 1599 quo-

460 1624 546 1678 vis
569 1622 788 1692 pudore
811 1620 1339 1689 violentior)neque
1362 1618 1615 1683 ensium,
1636 1634 1824 1689 neque
1852 1617 2112 1672 multitu-

466 1710 642 1779 dinis,
678 1725 865 1779 neque
912 1708 1090 1762 ullius
1124 1708 1204 1761 rei
1237 1706 1478 1761 alterius
1510 1723 1708 1761 curam
1743 1723 1971 1777 gerens,
2006 1708 2106 1762 sed

462 1798 748 1867 virginem
773 1794 1152 1867 amplectens,
1170 1800 1401 1864 paratus
1418 1802 1535 1849 erat
1560 1796 1758 1849 omnia
1774 1796 1889 1865 pati
1915 1796 2108 1864 potius

466 1901 642 1958 quam
676 1885 745 1940 ab
782 1901 848 1939 ea
876 1884 1193 1939 discedere.
1225 1882 1399 1955 Virgo
1441 1892 1629 1938 autem
1663 1890 1787 1939 erat
1832 1885 1998 1953 plane
2025 1885 2108 1939 id-

465 1975 681 2046 ipsum,
713 1974 862 2045 quod
904 1972 1137 2042 Joseph,
1174 1971 1271 2043 qui
1326 1976 1448 2027 erat
1499 1973 2001 2028 moderatissimus
2049 1979 2106 2030 et

468 2063 959 2135 generosissimus
993 2078 1006 2129 ;
1041 2067 1096 2117 et
1126 2061 1315 2116 crucis
1356 2062 1604 2132 ﬁguram
1633 2068 1913 2132 tanquam
1945 2080 2107 2120 arma

469 2168 792 2225 opponens,
820 2167 932 2206 non
957 2156 1074 2204 tam
1107 2149 1387 2205 adversus
1411 2150 1594 2221 illum,
1626 2167 1803 2221 quam
1826 2168 1980 2220 eum,
2007 2154 2106 2223 qui

465 2257 570 2315 per
589 2240 752 2295 illum
773 2239 957 2310 ipsam
974 2238 1143 2294 tacite
1164 2240 1485 2293 conabatur
1505 2256 1856 2312 oppugnare,
1873 2247 2107 2312 repente

470 2330 818 2386 sceleratum
850 2328 1016 2384 illum
1041 2331 1099 2383 et
1120 2330 1537 2384 exsecrandum
1567 2331 1776 2400 repulit
1796 2347 1861 2386 ac
1885 2331 2103 2403 rejecit,

472 2436 725 2493 eumque
764 2420 1032 2490 plurimis
1081 2418 1272 2476 ati‘ecit
1332 2422 1725 2490 contumeliis,
1758 2426 1815 2478 et
1856 2422 2103 2489 vultum,

465 2510 613 2581 (erat
629 2509 785 2565 enim
806 2508 1038 2579 dignus)
1058 2508 1264 2579 pugnis
1286 2506 1612 2581 implevitel
1634 2511 1844 2581 sputis.
1864 2511 1971 2566 Sed
1998 2510 2101 2578 illi,

462 2597 561 2671 qui
613 2601 973 2669 processerat
1014 2597 1083 2650 ad
1135 2600 1448 2652 extremam
1505 2598 1721 2653 amoris
1764 2600 2101 2670 amentiam,

463 2685 587 2740 haec
618 2685 851 2757 quidem
894 2700 1100 2754 parum
1132 2688 1297 2739 erant
1325 2701 1495 2741 curae.
1531 2685 1722 2741 Unum
1756 2692 1947 2742 autem
1981 2692 2104 2742 erat

468 2772 699 2844 velipsa
723 2778 903 2827 morte
928 2772 1417 2840 gravius,Justam
1439 2790 1552 2827 non
1567 2774 1815 2844 assequi.
1835 2775 2101 2847 Propter-

470 2875 537 2916 ea
568 2876 697 2915 eum
742 2860 897 2914 brevi
928 2866 1188 2930 tempore
1234 2861 1423 2915 tenuit
1455 2860 1706 2929 tristitia,
1730 2872 1782 2917 et
1813 2879 2101 2935 compres-

466 2946 544 3004 sit
591 2948 774 3002 dolor.
830 2951 1145 3018 Postquam
1195 2964 1329 3004 vero
1379 2964 1596 3016 rursus,
1652 2957 1709 3003 ul
1756 2951 1835 3005 ita
1883 2953 2098 3023 dicam,

469 3037 682 3091 exarsit
710 3036 1021 3105 cupiditas,
1052 3035 1148 3090 ille
1179 3043 1369 3091 autem
1404 3039 1469 3091 ad
1495 3037 1543 3091 ei
1572 3037 1956 3093 resistendum
1991 3042 2101 3096 mi-

465 3125 620 3180 nime
664 3131 814 3180 esset
862 3127 1226 3191 exercitatus,
1262 3125 1360 3179 sed
1410 3126 1576 3181 valde
1618 3127 1963 3200 ineruditus,
1997 3147 2101 3186 nec

464 3216 664 3285 posset
695 3212 826 3267 lorti
860 3229 923 3267 ac
955 3228 1235 3283 generosa
1264 3214 1617 3285 cogitatione
1647 3217 1921 3284 repellere
1949 3220 2099 3275 desi-

2212 638 2517 708 ἀπατηλοῖς
2568 638 2863 711 ἀθήρατον,
2916 641 3077 710 χεῖρα
3127 634 3435 709 συναγαγὼν
3498 633 3600 686 οὐκ
3640 629 3901 709 ὀλίγην,

2210 729 2298 783 καὶ
2330 728 2453 788 τοὺς
2480 726 2604 800 περὶ
2643 725 2708 778 τὰ
2757 724 2989 797 ἐρωτικᾶ
3037 726 3203 776 ταῦτα
3256 718 3464 781 δεινοὺς
3514 739 3897 793 προσεταιρι-

2212 818 2465 889 σάμενος,
2524 815 2643 877 καθ’
2702 810 2826 867 ὁδὸν
2880 813 2925 849 ’⁷⁷
2982 812 3119 884 αύτῇ
3168 809 3459 879 ἐπετίθετο,
3511 808 3602 863 καὶ
3662 809 3897 884 ἀπαγα-

2211 912 2327 981 γεῖν
2357 908 2399 942 ⁷⁸
2439 899 2681 971 ἐϐιάζετο
2730 897 2850 955 ἔνθα
2900 897 2965 969 δή
3016 901 3104 953 καὶ
3154 895 3449 969 ἠϐούλετο.
3504 896 3662 954 Ἀλλ’
3712 898 3888 959 εὐθὺς

2212 996 2287 1058 εἷς
2317 998 2415 1063 τήν
2460 993 2622 1047 πόλιν
2671 992 2761 1046 καὶ
2812 991 2909 1058 τήν
2963 996 3062 1059 τῆς
3111 989 3323 1066 μητφὸς
3373 988 3543 1043 οἰκίαν
3596 985 3892 1044 διαδοθέν-

2210 1104 2301 1143 τος
2332 1087 2428 1137 τοῦ
2457 1082 2664 1135 ἀτόπου
2713 1076 2871 1134 τοῦδε
2918 1081 2964 1116 τ’
3012 1078 3400 1153 τολμήματος,
3454 1080 3566 1150 ἅμα
3615 1077 3883 1135 πλεῖστοι

2210 1174 2299 1227 καὶ
2355 1172 2633 1245 κράτιστοι
2694 1168 2786 1223 σὺν
2847 1165 3045 1230 ὅπλοις
3103 1166 3344 1241 ἐξῄεσαν·
3426 1165 3484 1221 o'i
3540 1167 3628 1221 καὶ
3698 1168 3881 1240 μόνον

2213 1259 2458 1337 ὀφθέντες
2522 1258 2649 1319 τοὺς
2713 1256 3011 1331 βδελυροὺς
3070 1256 3305 1319 ἐκείνους
3381 1256 3599 1335 ἀφανεῖς
3660 1251 3879 1328 ἔθεντο,

2212 1349 2273 1404 ού
2324 1348 2471 1422 χειρὶ
2525 1345 2738 1421 μᾶλλον
2792 1344 3032 1407 εἴκοντας
3073 1347 3106 1415 ἢ
3139 1349 3207 1420 τῇ
3252 1349 3349 1400 τοῦ
3397 1345 3724 1419 πράγματος
3781 1347 3883 1401 αἲ-

2214 1438 2389 1514 σχύνῃ
2423 1441 2695 1512 κραταιῶς
2723 1434 3226 1507 ἀπελαυνομένους.

2284 1530 2364 1585 ΙΓ.
2399 1524 2691 1602 Ἀγλαΐδας
2722 1523 2780 1580 δὲ
2818 1526 2933 1598 (καὶ
2965 1526 3068 1599 γὰρ
3122 1525 3382 1600 αἰσχύνης
3434 1524 3611 1596 πάσης
3652 1526 3717 1579 τὸ
3764 1527 3882 1580 πά-

2210 1618 2306 1680 θος
2344 1618 2410 1685 ἦν
2465 1615 2611 1687 αὐτῷ
2676 1614 2981 1690 βιαιότερον
3048 1614 3139 1687 8°),
3210 1610 3332 1668 οὔτε
3390 1615 3555 1690 ξιφῶν
3610 1615 3678 1683 εί,
3744 1612 3880 1671 οὔτε

2211 1705 2479 1776 πλήθους,
2515 1704 2628 1759 03'1'
2668 1702 2842 1759 ἄλλου
2873 1704 3020 1765 τινὸς
3054 1701 3366 1777 φροντίσας,
3411 1701 3558 1758 ἀλλά
3605 1707 3673 1777 τῇ
3726 1725 3877 1779 παρ-

2211 1796 2343 1868 θένῳ
2382 1792 2756 1869 περιπλακεὶς,
2807 1795 2975 1848 πάντα
3023 1794 3210 1848 παθεῖν
3258 1790 3480 1864 ἕτοιμος
3530 1793 3594 1861 ἦν
3645 1792 3871 1866 μᾶλλον

2212 1883 2249 1955 ἤ
2298 1884 2464 1953 αὐτῆς
2516 1883 2838 1951 ἀποστῆναιο
2885 1884 2920 1951 ἡ
2968 1879 3044 1951 δὲ,
3095 1882 3295 1958 Ἰωσὴφ
3346 1881 3675 1956 αὐτόχρημα
3724 1881 3790 1949 ἦν
3844 1884 3873 1937 ὁ

2213 1972 2694 2052 σωφρονικώτατός
2749 1991 2807 2026 τε
2862 1972 2954 2026 καὶ
3012 1972 3413 2047 γενναιότατος,
3470 1972 3557 2025 καὶ
3614 1971 3709 2025 τὸν
3768 1976 3872 2027 τοῦ

2214 2064 2446 2136 σταυροῦ
2502 2060 2668 2113 τύπον
2718 2060 2899 2134 ὥσπερ
2958 2057 3129 2113 ὅπλον
3187 2053 3617 2132 προϐαλλομένη
3670 2058 3742 2124 ⁸³,
3804 2058 3869 2113 ού

2212 2141 2331 2205 κατ’
2362 2150 2568 2205 ἐκείνου
2603 2146 2816 2222 μᾶλλον
2868 2148 2903 2216 ἤ
2947 2151 3042 2202 τοῦ
3093 2145 3160 2201 δι’
3204 2146 3411 2201 ἐκείνου
3462 2145 3725 2221 πολεμεῖν
3774 2149 3871 2204 αὖ·

2211 2242 2309 2308 τὴν
2360 2240 2408 2275 ⁸³
2455 2242 2705 2310 κρυπτῶς
2764 2238 3129 2309 πειρωμένου,
3183 2233 3534 2310 διεκρούσατό
3582 2258 3641 2293 τε
3689 2258 3868 2312 παρα-

2214 2336 2410 2406 χρῆμα
2440 2328 2530 2383 τὸν
2567 2329 2761 2403 μιαρὸν
2798 2329 2887 2381 καὶ
2938 2327 3215 2395 ἀπώσατο,
3259 2321 3441 2400 ὕϐρεις
3489 2347 3548 2383 τε
3597 2326 3723 2390 ὅσας
3778 2329 3870 2382 αὖ·

2213 2424 2308 2474 τοῦ
2349 2417 2593 2493 κατέχεε,
2644 2416 2733 2472 καὶ
2783 2416 2882 2484 τὴν
2944 2412 3069 2489 ὄψιν
3129 2414 3271 2489 (ἀξία
3328 2415 3432 2490 γὰρ
3490 2418 3578 2489 ἦν)
3635 2422 3867 2492 πυγμῶν

2215 2504 2523 2578 ἐνεπίμπλα
2588 2507 2674 2560 καὶ
2736 2504 3153 2578 ἐμπτυσμάτων.
3229 2504 3385 2560 Ἀλλ’
3456 2502 3644 2579 ἒκείνῳ
3726 2508 3866 2580 πρὸς

2216 2595 2442 2670 ἔσχατον
2488 2595 2672 2655 ἀνοίας
2712 2592 2944 2665 ἔλθόντι,
2997 2592 3208 2667 μᾶλλον
3258 2591 3315 2647 δὲ
3366 2595 3557 2665 μανίας
3601 2596 3687 2650 καὶ
3730 2596 3863 2651 λ-ςσ-

2212 2706 2311 2754 σης
2356 2685 2648 2758 ἐρωτικῆς,
2694 2687 2863 2737 ταῦτα
2914 2682 3008 2756 μὶν
3059 2680 3225 2759 ὀλίγη
3275 2684 3510 2757 φροντίς·
3556 2682 3608 2738 ἕν
3664 2682 3718 2738 δὲ
3767 2687 3851 2740 καί

2213 2774 2379 2828 αὐτοῦ
2418 2774 2647 2827 θανάτου
2684 2772 2975 2847 βαρύτερον
3006 2770 3068 2825 τὸ
3100 2771 3393 2843 Ἰουστίνης
3438 2772 3483 2807 ⁸⁴
3526 2772 3840 2849 ἀποτυχεῖν.

2217 2863 2310 2919 Διὰ
2339 2867 2500 2918 τοῦτο
2540 2863 2629 2916 καὶ
2674 2863 2811 2937 πρὸς
2864 2860 3042 2937 βραχὺ
3092 2863 3357 2940 κατήφειά
3403 2881 3459 2916 τι
3505 2861 3653 2915 αὐτὸν
3704 2861 3837 2935 εἶχε,

2212 2953 2301 3007 καὶ
2344 2951 2492 3022 λύπη
2554 2949 2923 3006 συνέστελλεν.
2985 2949 3134 3006 Ἑπεῖ
3188 2948 3243 3004 δὲ
3290 2952 3357 3004 τὰ
3412 2950 3462 2984 ⁸⁵
3516 2956 3613 3019 τῆς
3669 2948 3846 3014 ἐπιθυ-

2217 3042 2339 3116 μίας
2378 3042 2423 3079 ⁶⁶
2452 3040 2602 3102 αὖθις
2634 3041 2799 3096 εἰπεῖν
2850 3036 3175 3115 ἀνεφλέγετο
3228 3035 3367 3113 (ὁδε
3418 3039 3543 3113 περὶ
3589 3039 3687 3107 τήν
3736 3038 3855 3093 ταύ-

2212 3152 2311 3203 της
2372 3130 2674 3186 ἀντίστασιν
2722 3126 3061 3201 ἀμελέτητός
3116 3148 3175 3183 τε
3216 3128 3305 3197 ἦν,
3345 3129 3432 3182 καὶ
3490 3127 3611 3183 λίαν
3664 3124 3853 3182 ἄπαιδα

2211 3224 2484 3296 γὼγητος,
2534 3222 2621 3273 καὶ
2685 3218 2784 3273 οὐκ
2830 3218 2974 3292 εἶχεν
3022 3215 3383 3272 ἀναπαλαῖσαι
3445 3216 3704 3291 λογισμῷ
3747 3238 3856 3292 γενο

465 3280 710 3371 derium,
737 3300 866 3355 fecit
896 3280 1136 3357 omnino
1158 3319 1283 3372 quae
1304 3280 1465 3358 dolor
1485 3280 1821 3374 eijubebat,
1852 3312 1908 3362 et
1938 3324 2000 3362 se
2029 3309 2097 3363 ad

2213 3280 2342 3383 ναίίρ
2370 3312 2468 3379 τήν
2520 3305 2741 3387 ἔφεσιν),
2799 3280 2973 3363 έπόίει
3014 3308 3228 3369 πάντως
3279 3308 3411 3382 ἅπερ
3462 3280 3627 3379 αὐτῷ¹
3649 3307 3711 3361 τὸ
3756 3280 3853 3362 πά-

458 3388 591 3455 alia,
626 3405 751 3460 quae
784 3406 896 3445 non
923 3397 1087 3446 erant
1116 3398 1337 3462 aperta,
1370 3392 1594 3463 paravit
1624 3394 1962 3454 certamina.

525 3568 620 3625 IX.
654 3567 797 3625 Cum
842 3577 1032 3625 autem
1064 3571 1134 3625 ad
1187 3570 1341 3626 hunc
1379 3571 1570 3628 locum
1600 3575 1860 3645 pervenit
1891 3578 2091 3647 oratio,

449 3656 577 3713 volo
630 3674 831 3713 rursus
861 3658 1202 3727 simpliciter
1244 3665 1301 3715 et
1331 3666 1524 3731 aperte
1554 3665 1865 3734 quamdam
1908 3667 2097 3725 facere

450 3746 864 3813 narrationem,
914 3745 1012 3800 illa
1060 3747 1280 3813 dicens,
1329 3766 1460 3820 qua:
1509 3750 1723 3807 habent
1771 3760 1989 3812 certam
2039 3762 2095 3813 et

455 3838 716 3906 apertam
751 3834 1045 3890 veritatem
1058 3877 1071 3891 .

525 3922 592 3978 Χ.
624 3922 950 3993 Cyprianus
977 3923 1213 3991 quidam
1241 3926 1576 3982 versabatur
1603 3928 1943 4000 Antiochiae,
1976 3951 2090 4008 quo

447 4014 709 4082 tempore
742 4011 965 4079 imperii
1006 4020 1227 4082 sceptra
1255 4014 1489 4071 tenebat
1518 4016 1749 4086 Decius,
1782 4021 1870 4075 cui
1903 4024 2091 4094 patria

452 4100 683 4172 quidem
726 4105 849 4155 erat
896 4101 1181 4173 Carthago
1230 4104 1289 4158 in
1334 4104 1510 4177 Libya
1539 4108 1642 4180 (α),
1679 4122 1942 4177 parentes
1986 4131 2085 4171 au-

450 4193 567 4244 tem
617 4206 826 4262 genere
870 4190 1006 4245 clari
1056 4200 1108 4246 et
1159 4192 1409 4261 divites;
1443 4197 1620 4252 dabat
1675 4214 1808 4255 vero
1857 4217 2087 4273 Operam

448 4276 848 4349 phi|030phim,
873 4284 929 4332 et
950 4279 1059 4333 arti
1085 4282 1342 4351 magica.
1372 4283 1515 4339 Cum
1541 4285 1599 4340 in
1623 4303 1721 4342 eas
1752 4289 1822 4344 ab
1853 4291 2088 4349 ineunte

446 4370 611 4422 etate
665 4370 922 4424 studium
981 4371 1296 4439 posuisset,
1337 4375 1407 4427 ad
1478 4392 1779 4436 summum
1830 4385 2087 4452 pervenit

442 4456 769 4525 utriusque,
803 4472 934 4512 cum
984 4458 1159 4513 simul
1206 4465 1262 4514 et
1300 4462 1667 4532 diligentiam
1717 4473 1772 4523 et
1808 4473 2084 4528 acutissi-

447 4558 603 4598 mum
637 4544 930 4599 attulisset
969 4545 1286 4613 ingenium.
1323 4549 1595 4621 Magnum
1644 4561 1833 4613 autem
1873 4577 2084 4619 nomen

2209 3402 2301 3460 θος
2356 3398 2627 3469 ἐπέταττε,
2696 3398 2786 3454 καὶ
2856 3398 2991 3473 πρὸς
3065 3396 3279 3473 ἀγῶνας
3350 3396 3567 3473 ἑτέρους
3648 3398 3853 3472 ἀφανεῖς

2207 3486 2492 3547 ἀπεδύετο.

2279 3580 2354 3634 8‘.
2386 3576 2513 3634 Ὧδε
2572 3577 2629 3633 δὲ
2676 3582 2772 3633 τοῦ
2834 3576 3005 3653 λόγου
3064 3577 3371 3654 γενόμενος,
3428 3575 3713 3638 ἄπλοϊκῶς
3767 3577 3851 3630 καὶ

2207 3674 2389 3748 σαφῶς
2423 3668 2697 3745 βούλομαι
2747 3665 2912 3722 πάλιν
2959 3667 3006 3702 ⁸⁷
3050 3668 3377 3737 ποιήσασθαι
3428 3665 3527 3733 τὴν
3576 3662 3849 3739 διήγησιν,

2206 3765 2380 3814 εκεῖνα
2433 3758 2823 3836 φθεγγόμενος,
2904 3757 3037 3829 ἅπερ
3084 3753 3531 3830 ὡμολογημένην
3586 3752 3702 3830 ἔχει
3762 3756 3846 3809 καὶ

2204 3848 2433 3925 φανερὰν
2464 3848 2561 3916 τὴν
2591 3846 2871 3918 ἀλήθειαν.

2275 3938 2329 3992 I'.
2374 3934 2680 4011 Κυπριανός
2710 3956 2793 3996 τις
2830 3935 2879 3989 ἐν
2912 3939 2980 4010 τῇ
3014 3935 3346 4009 Ἀντιοχέων
3380 3929 3668 4009 διέτριϐεν,
3691 3932 3849 4002 ἡνίκα

2200 4026 2263 4077 τὰ
2294 4026 2337 4061 ³⁸
2380 4031 2480 4094 τῆς
2531 4023 2811 4099 βασιλείας
2880 4030 3129 4097 σκῆπτρα
3186 4022 3371 4083 Δέκιος
3432 4023 3598 4097 εἶχεν·
3651 4022 3709 4083 ὃς
3755 4043 3849 4076 πα-

2199 4110 2357 4186 τρίδα
2392 4112 2491 4185 μὲν
2521 4109 2686 4190 ηὔχει
2718 4104 3050 4186 Καρχηδόνα
3079 4112 3127 4149 ⁸9
3156 4113 3253 4182 τήν
3304 4109 3355 4165 ἔν
3400 4105 3604 4185 Λιϐύῃ,
3653 4111 3847 4185 γεννή-

2196 4221 2358 4275 τορας
2394 4199 2454 4256 δὲ
2484 4206 2593 4258 τῶν
2628 4201 2855 4275 εὐγενῶν
2891 4202 2982 4256 καῖ
3016 4200 3313 4256 πλουσίων·
3347 4198 3645 4276 φιλοσοφία
3680 4197 3734 4253 δὲ
3777 4199 3841 4269 ἦν

2198 4290 2342 4362 αύτῷ
2381 4290 2471 4345 καὶ
2503 4288 2665 4365 τέχνη
2713 4291 2920 4365 μαγική
2969 4291 3032 4344 τὸ
3078 4288 3571 4367 φιλοπονούμενον.
3620 4287 3841 4350 Ταύταις

2197 4380 2255 4434 ἐκ
2276 4382 2395 4435 νέου
2454 4385 2763 4457 προσέχων,
2826 4380 2902 4442 εἷς
2960 4380 3283 4455 ἀμφοτέρων
3329 4377 3606 4454 ἀκρότητα
3652 4376 3836 4447 ἤλασε,

2198 4467 2437 4540 σπουδὴν
2496 4472 2607 4543 ἅμα
2665 4471 2751 4524 καὶ
2798 4470 2951 4545 φύσιν
3017 4468 3277 4539 ὀξυτάτην
3338 4467 3677 4542 εἰσενεγκὼν·
3723 4466 3838 4522 ὀνό-

2203 4579 2372 4630 ματος
2406 4557 2461 4614 δὲ
2515 4559 2754 4634 μεγάλου
2811 4558 3020 4633 τυχὼν,
3082 4558 3143 4612 ού
3199 4557 3365 4631 μόνον
3424 4555 3753 4633 Καρχηδόνα
3790 4560 3834 4593 ⁹⁹

443 4639 768 4699 assecutus,
810 4650 922 4689 non
975 4634 1166 4692 solum
1217 4638 1623 4706 Carthaginem
1684 4646 1862 4705 voluit
1918 4668 2085 4709 suam

2213 4656 2454 4722 ίωρῆσαι
2485 4651 2545 4704 τὸ
2577 4648 2781 4703 ἐκείνου
2814 4647 2975 4709 κλέος
3004 4648 3251 4720 ἠξίωσεν,
3286 4645 3432 4702 ἀλλὰ
3463 4646 3550 4701 καὶ
3598 4649 3698 4716 τήν
3744 4666 3831 4701 πε-

434 4720 685 4795 gloriam
738 4723 1059 4794 pervenire,
1091 4726 1190 4781 sed
1248 4726 1541 4800 insignem
1601 4750 1829 4807 quoque
1885 4741 2085 4798 Antio-

440 4811 633 4869 chiam
680 4814 865 4869 voluit
905 4815 1115 4872 habere
1163 4821 1368 4875 testem
1418 4837 1533 4877 suis
1582 4827 1900 4898 sapientiae,
1933 4836 1987 4888 et
2025 4834 2085 4891 in

442 4903 684 4976 magicis
716 4906 888 4961 rebus
916 4908 1283 4978 eruditionis,
1319 4911 1513 4968 forsan
1546 4914 1665 4972 fore
1695 4935 1926 4993 quoque
1957 4941 2079 4982 exs-

438 4996 699 5063 pectans,
733 4998 795 5051 ut
835 4995 914 5051 ibi
946 4997 1165 5074 aliquid
1196 5006 1458 5077 disceret,
1488 5007 1646 5078 quod
1677 5026 1791 5068 non
1843 5013 1913 5069 ad
1976 5015 2083 5072 hoc

440 5092 628 5151 usque
657 5090 890 5157 tempus
922 5086 1222 5149 didicerat.

440 5352 487 5389 ιε
560 5351 966 5460 πρρϐαλομένη.
1028 5366 1085 5420 ρ,
1198 5370 1244 5403 ιι
1302 5351 1577 5443 nisi},

438 5429 507 5479 Δ.
680 5429 841 5479 deest
874 5437 933 5479 Ι)-
1036 5436 1080 5471 ‘9
1114 5429 1439 5479 Κηλνηηένςιῄι.
1507 5447 1546 5479 n

1036 5409 1459 5517 iﬂsaxxn'83522

1776 5306 1821 5341 ⁷³
1874 5303 2104 5377 ἀγαγεῖν,
2172 5307 2234 5361 Β.

1687 5378 1734 5411 ⁸⁵
1788 5376 2049 5441 ’[ούστης,
2109 5377 2170 5432 C.

1672 5446 1718 5482 9°
1759 5440 2118 5518 Καλχηδόνα,
2170 5448 2231 5501 Β.

2198 4738 2489 4816 ρίϐλεπτον
2521 4739 2870 4815 Ἀντιόχειαν
2908 4739 3155 4813 μάρτυρα
3187 4744 3286 4808 τῆς
3318 4738 3487 4792 αὐτοῦ
3526 4737 3616 4791 καὶ
3649 4737 3832 4811 σοφίας

2193 4833 2282 4885 καὶ
2341 4837 2441 4899 τῆς
2500 4828 2622 4899 περὶ
2674 4848 2739 4881 τα
2803 4829 3009 4904 μαγικά
3076 4824 3386 4896 δεξιότητος
3459 4826 3499 4863 ⁹¹
3576 4825 3832 4896 ἠθέλησεν

2190 4917 2355 4996 ἔχειν·
2392 4918 2522 4980 ἴσως
2554 4914 2611 4972 δὲ
2653 4917 2743 4971 καὶ
2798 4921 2985 4989 μαθεῖν
3034 4936 3089 4967 τι
3139 4913 3519 4986 προσδοκήσας
3571 4914 3764 4970 ἐκεῖθεν
3806 4915 3835 4969 ὅ

2195 5014 2270 5085 μή
2307 5013 2472 5086 μέχρι
2506 5009 2625 5065 τότε
2658 5009 2991 5081 μεμάθηκεν.

3408 5297 3453 5335 ιι
3506 5297 3718 5366 ξίφους⁹
3773 5300 3827 5355 Β.

3113 5369 3294 5442 υμίας,
3356 5373 3414 5442 Bg.
3557 5367 3605 5404 ⁸⁷
3648 5370 3824 5442 deest,

2339 5305 2382 5339 ⁷⁸
2436 5301 2651 5357 τυύτου.

2274 5376 2321 5410 ⁸⁵
2384 5376 2515 5431 add.
2578 5372 2690 5439 καὶ,
2760 5373 2820 5428 Β.

2333 5446 2377 5483 οι
2441 5445 2599 5502 Unus
2652 5450 2775 5499 erat
2821 5446 3108 5515 juvenum
3153 5441 3551 5515 doctissimus
3603 5441 3825 5515 artibus

2756 5300 2802 5337 ⁸ο
2856 5299 3195 5423 βιαιώτεεον,
3248 5302 3304 5353 Β.

2761 5373 2820 5423 Β.
2933 5372 2977 5407 ⁸⁸
3043 5370 3073 5422 ἀ
3113 5369 3294 5423 cuius.

3043 5390 3073 5422 α

436 5495 713 5587 ξξτξξξξςξξι
751 5499 965 5587 Ρεξιυόϐ
992 5495 1330 5587 pudicitiam
1360 5495 2118 5587 paritr—ingere,passerum
2149 5495 2386 5587 p—utare:
2420 5495 2783 5587 S'ae—pﬁevetiam
2821 5495 3129 5585 "magicum
3176 5495 3492 5567 cantamen
3536 5510 3683 5568 inire
3734 5495 3827 5583 per

434 5565 770 5636 Inpulere...
804 5565 1008 5644 Pavo;
1044 5575 1169 5648 Περὶ
1197 5565 1739 5653 Στεφάξιύνί

2213 5565 2342 5643 ϊέῖ

504 5706 588 5776 (a)
618 5707 725 5761 Alii
758 5716 968 5774 rectius
1002 5719 1263 5775 sentiunt
1292 5728 1475 5790 patria
1504 5730 1679 5789 fuisse
1712 5731 2154 5789 Antiochenum.
2188 5732 2330 5790 Vide
2364 5734 2487 5790 Bar.
2522 5732 2580 5789 in
2614 5736 2732 5789 not.
2766 5733 2837 5791 ad
2870 5731 3162 5802 Martyrol.
3200 5731 3369 5789 Rom.
