4124 6270
322 380 443 442 85Ἷ

1415 381 1595 443 νΙΤΑ
1647 384 1708 446 S.
1759 385 2131 452 CYPHIANI
2177 393 2651 454 ANTIOCHENI

3619 401 3736 460 858

403 539 512 597 IA‘.
546 540 688 614 Πρὸς
719 544 915 595 τοῦτον
947 539 1040 628 οὖν
1074 537 1378 614 Ἀγλαῒδας
1409 541 1605 614 ἐλθὼν,
1636 551 1725 603 καὶ
1765 548 1834 604 τὰ
1883 553 1971 606 τοῦ

2162 529 2254 610 Xi.
2284 557 2366 611 Ad
2402 571 2533 612 eum
2564 572 2698 628 ergo
2727 572 2861 613 cum
2893 559 3146 614 venisset
3178 559 3474 628 Aglaidas,
3505 564 3564 617 et
3590 577 3732 618 nar-

326 629 556 697 πάθους,
587 629 736 692 ὅπως
786 629 904 706 εἶχε
946 627 1375 704 διηγησάμενος,
1424 633 1514 687 καὶ
1564 633 1646 689 ὅτι
1685 638 1732 673 ⁸³
1763 639 1974 714 Τέχνην

328 723 502 772 πᾶσαν
537 717 624 772 καὶ
667 723 830 793 χεῖρα
874 720 1099 788 κινήσας
1149 717 1407 792 οὐδεμίαν
1459 724 1612 798 εὗρον
1661 730 1758 781 τοῦ
1806 733 1976 783 κακοῦ

325 806 637 880 θεραπείαν,
697 806 844 862 ἀλλὰ
915 806 1128 862 πάντων
1199 810 1480 883 κρείττονα
1549 814 1648 882 τήν
1718 818 1975 891 παρθένον

327 893 657 968 ἐθεασάμην,
706 897 769 950 τὸ
818 894 1129 951 τελευταῖον
1178 899 1558 973 προστίθησιν·
1587 903 1690 958 ὅτι.
1745 906 1820 959 Σὺ
1873 907 1977 979 μό-

321 1003 421 1045 νος
465 1004 558 1054 μοι
606 983 934 1063 ὑπελείφθης
987 992 1088 1055 τῆς
1140 993 1419 1065 συμφορᾶς
1473 991 1838 1065 παραμύθιον,
1886 997 1976 1049 καί

328 1073 418 1128 ἐπὶ
465 1075 547 1128 σοὶ
611 1076 764 1148 μόνῳ
822 1075 1118 1154 θαρῥήσας,
1175 1075 1272 1133 τοῦ
1331 1082 1406 1151 μὴ
1462 1081 1748 1157 προκρίναι
1809 1087 1974 1160 μέχρι

324 1163 421 1218 καὶ
449 1167 542 1217 νῦν
583 1163 675 1219 τὸν
708 1165 934 1221 θάνατον
964 1173 1064 1235 τῆς
1099 1171 1242 1236 ζωῆς
1270 1169 1368 1236 τήν
1421 1171 1596 1244 ὁρμήν
1646 1170 1877 1247 ἐπέσχον
1909 1175 1973 1243 ⁸³,

325 1255 546 1316 πάντως
578 1252 635 1309 δὲ
681 1254 808 1311 οὐδὲ
855 1257 1161 1336 φροντίσεις
1215 1259 1283 1329 9⁸,
1330 1266 1430 1329 τῆς
1479 1261 1737 1333 τοιαύτης
1776 1262 1979 1319 ἀπολύ-

323 1363 425 1404 σας
447 1343 539 1415 Ιμε
593 1350 895 1419 συμφορᾶς,
953 1344 1077 1401 ὅσον
1143 1347 1248 1422 ἄρα
1304 1348 1545 1404 πλοῦτον
1604 1351 1692 1405 καὶ
1750 1354 1974 1427 χρυσίον

321 1437 454 1508 παρ⁹
483 1434 645 1506 ἡμῶν
679 1431 830 1504 ἔξεις,
865 1435 938 1497 ὡς
971 1429 1143 1512 ἔγωγε
1173 1438 1380 1514 ἄφθονά
1419 1460 1502 1494 σοι
1535 1445 1699 1496 ταῦτα
1741 1442 1975 1517 παρέξω,

320 1520 418 1576 καὶ
448 1519 684 1577 ἐλπίδων
717 1527 903 1579 πασῶν
951 1522 1190 1598 ἄμεινον.
1244 1528 1375 1582 Εἷπε
1422 1529 1486 1598 ⁸⁵,
1536 1528 1626 1584 καί
1672 1533 1972 1605 Κυπριανὸν

321 1607 852 1687 ἔπακούονταίὲσχε,
913 1613 1001 1668 καὶ
1069 1614 1146 1674 ὡς
1198 1617 1370 1690 τάχος
1430 1615 1608 1672 λύσειν
1673 1618 1818 1690 αὐτῷ
1871 1622 1972 1690 τὴν

322 1697 508 1770 λύπην
540 1699 1015 1776 ἐπαγγελλόμενον
1045 1703 1112 1761 π.
1146 1704 1206 1761 Ὀ
1257 1705 1350 1778 μὲν
1402 1706 1492 1760 οὗν
1526 1706 1687 1781 ἀπῄει
1736 1707 1969 1783 χαίρων,

321 1790 412 1844 καὶ
448 1790 574 1845 ὅσον
619 1788 770 1845 οὔπω
827 1792 926 1860 τήν
977 1793 1234 1867 παρθένον
1287 1791 1378 1848 διὰ
1437 1794 1622 1870 χείρὸς
1672 1794 1808 1869 ’ἐξειν
1837 1818 1971 1874 φαν-

319 1879 642 1990 ἷαζόμενος.
711 1883 1012 1956 Κυπριανὸς
1073 1880 1129 1937 δέ
1204 1883 1279 1946 είς
1338 1886 1434 1948 τὰς
1511 1881 1738 1959 βίϐλους
1815 1887 2055 1990 εύθὺςΒ

392 1968 414 1990 κ
470 1973 482 1990 .
551 1970 596 1990 ο.
708 1971 721 1986 .
790 1973 832 1990 ..
993 1976 1018 1988 ..
1142 1972 1157 1990 ,
1320 1980 1343 1990 ,.
1421 1973 1444 1990 ε.
1601 1977 1612 1990 .
1852 1977 1865 1990 .
1915 1977 1936 1990 ..

323 1965 526 2044 ἔϐλεψε
551 1970 619 2041 9⁷,
666 1971 762 2036 τὰς
790 1973 834 2010 ⁸⁸
863 1976 1091 2028 τοιαῦτα
1137 1972 1370 2048 ἐνεργεῖν
1418 1973 1734 2049 δυναμένας,
1781 1977 1868 2031 καὶ
1915 1977 1970 2032 ’ἐν

323 2063 432 2113 τῶν
464 2064 720 2134 πονηρῶν
778 2063 1099 2135 πνευμάτων
1143 2062 1393 2136 καλέσας,
1439 2064 1472 2119 ἅ
1508 2067 1644 2140 πρὸς
1684 2066 1752 2120 τὰ
1788 2066 1972 2145 φαῦλα

319 2152 492 2203 ταῦτα
549 2155 822 2226 συνεργεῖν
896 2149 1012 2206 οἶδε
1083 2153 1398 2227 προθύμως,
1482 2154 1571 2209 καὶ
1630 2156 1710 2216 οἷς
1768 2151 1970 2218 ἐκεῖνος

321 2234 596 2295 διακόνοις
650 2237 856 2314 ἐχρῆτο
895 2240 961 2308 θθ,
1015 2240 1149 2316 μέγα
1202 2262 1254 2296 τι
1303 2243 1391 2296 καὶ
1447 2240 1744 2318 τερατῶδες
1790 2245 1966 2300 ἀνύειν

325 2324 685 2400 βουλόμενος*
729 2325 794 2383 Εἰ
842 2327 1028 2389 καλῶς
1088 2349 1184 2402 μοι
1224 2329 1310 2384 καὶ
1356 2330 1596 2405 ταχέως,
1646 2329 1770 2405 ἔφη,
1816 2332 1969 2388 τελέ-

316 2435 429 2475 σεις
466 2417 482 2451 ¹
513 2415 576 2468 τὸ
610 2413 942 2490 ὑπούργημα
980 2415 1125 2486 τόδε,
1175 2417 1237 2471 τὸ
1288 2417 1421 2490 μέτά
1465 2424 1632 2473 ταῦτα
1665 2422 1969 2494 χαριοῦμαί

313 2501 498 2558 σοιτά
554 2503 804 2578 μέγιστα,
850 2504 940 2558 καὶ
995 2510 1104 2559 τῶν
1161 2503 1348 2560 ἄλλων
1402 2507 1586 2562 πάντω
1625 2509 1776 2578 θήσω
1834 2527 1968 2582 προ-

314 2591 484 2668 έχειν.
515 2593 594 2650 Τὸ
625 2589 682 2647 δὲ
705 2594 773 2648 τὰ
811 2591 1090 2671 προσφιλῆ
1141 2593 1232 2649 καὶ
1283 2597 1488 2666 συνήθη
1538 2603 1640 2666 τῆς
1694 2598 1968 2676 ὑπερηφα-

313 2681 437 2743 νίας
497 2681 520 2716 ⁸
577 2683 963 2760 φθεγγόμενον·
1025 2683 1122 2737 Καὶ
1177 2683 1251 2754 τί,
1319 2684 1481 2751 εἶπεν,
1541 2684 1572 2740 ὅ
1625 2686 1700 2759 μὴ
1769 2683 1966 2763 ῥᾳδίως

314 2768 442 2842 ἐμοὶ
472 2769 794 2843 πεπράξεται
831 2770 1156 2844 βουλυμένῳ
1185 2791 1200 2840 ς
1231 2770 1506 2835 πολλάκις
1551 2773 1645 2846 μὲν
1683 2775 1786 2850 γὰρ
1835 2775 1966 2837 ὅλας

315 2855 513 2916 πόλεις
566 2858 867 2924 κατέσεισα,
941 2858 1215 2919 πολλάκις
1274 2856 1331 2913 δί
1386 2865 1549 2934 χεῖρα
1608 2861 1967 2936 πατροκτόνον

323 2944 498 3015 ὀξεῖαν
533 2946 762 3022 ὀφθῆναι
792 2945 928 3019 πρὸς
964 2949 1126 3000 τοῦτο
1177 2947 1267 3001 καὶ
1307 2948 1594 3022 τολμηρὰν
1639 2950 1968 3022 παρεσκεύα-

326 3054 410 3088 σα.
450 3038 612 3106 μῖσος
641 3030 898 3110 ἀδελφοῖς
927 3054 985 3089 τε
1013 3035 1102 3090 καὶ
1135 3035 1428 3110 ὁμοζύγοις
1461 3034 1728 3090 ἄσπονδον
1781 3037 1968 3105 ἐνῆκα,

324 3122 672 3198 παρθενεύειν
721 3121 968 3186 πολλοὺς
1018 3125 1393 3200 βουλομένους
1439 3124 1662 3200 ἀπεῖρξα
1690 3126 1733 3197 ³,
1798 3146 1971 3198 μονα-

309 3217 445 3288 ’χοῖς
491 3211 543 3267 ἂν
594 3207 740 3288 ὄρεσι
791 3208 1170 3285 διαιτωμένοις
1218 3214 1260 3282 ⁴,
1302 3214 1391 3267 καὶ
1439 3215 1464 3248 ⁵
1509 3212 1731 3285 νηστείᾳ
1776 3215 1969 3288 πάσῃ⁸

318 3301 768 3374 συνειθισμένοις,
800 3302 889 3356 καὶ
925 3306 1123 3378 μικροῦ
1157 3299 1297 3376 μηδέ
1341 3304 1538 3377 σαρκὸς
1588 3301 1735 3368 ὅλως
1785 3303 1966 3377 μνείαν

316 3390 692 3464 ποιουμένοις,
753 3390 1041 3466 ἐπιθυμίαν
1109 3394 1305 3466 σαρκὸς
1377 3392 1680 3466 ξ’νέσπειρα,
1737 3392 1827 3447 καὶ
1886 3392 1970 3448 εύ-

321 3484 498 3553 μενῶς
535 3483 556 3516 ⁷
618 3477 820 3557 βλέψαι
875 3482 1012 3556 πρὸς
1057 3479 1258 3552 ἡδονὰς
1316 3482 1702 3557 παρεσκεύασα·
1761 3481 1970 3547 ἄλλους

317 3568 678 3640 ἀποτάξασθαι
709 3576 827 3632 τοῖς
867 3577 1144 3647 σαρκικοῖς
1186 3577 1317 3627 πᾶσι
1362 3573 1452 3627 καὶ
1502 3576 1584 3635 οἷς
1632 3574 1795 3646 ἡμεῖς
1850 3571 1971 3647 χαί-

319 3679 506 3731 ρομεν,
549 3665 640 3713 καί
692 3659 828 3734 πρὸς
888 3661 1081 3732 ἂρετὴν
1143 3662 1461 3735 μεταθέσθαι
1515 3662 1540 3697 ⁸
1597 3660 1971 3736 βουλομένους

321 3747 671 3822 ἀντικρούσας
719 3747 979 3822 έτέρωθεν
1020 3749 1336 3824 ἀπογνῶναι
1386 3748 1577 3806 τούσδε
1635 3750 1765 3813 τοὺς
1818 3749 1970 3826 λογι-

325 3837 496 3910 σμοὺς
527 3835 823 3906 πεποίηκα,
849 3838 938 3892 καὶ
977 3843 1086 3894 τῶν
1135 3840 1381 3910 συνήθων
1426 3839 1592 3896 πάλιν
1638 3841 1662 3876 9
1690 3841 1968 3914 ἐπιμελῶς

320 3919 565 4000 ἔχεσθαι.
618 3927 811 4000 ’Όμως
866 3926 920 3981 τί
975 3925 1161 3983 πολλά
1215 3927 1386 4005 λέγειν
1459 3937 1787 4006 προῆγμαι;
1834 3931 1966 3986 αὐτὸ

325 4013 479 4085 δείξει
513 4018 558 4055 ¹⁰
582 4016 646 4072 τὸ
691 4022 916 4094 πρᾶγμα
955 4019 1045 4074 καὶ
1092 4023 1181 4073 νῦν
1233 4020 1426 4083 ὁποῖός
1469 4042 1582 4094 ειμι
1631 4024 1730 4090 τὴν
1785 4020 1968 4078 διακο-

323 4107 439 4162 νίαν
477 4105 910 4180 ἀνοσιμώτατος.
963 4103 1160 4164 Λαϐὼν
1210 4107 1300 4164 οὗν
1359 4113 1514 4165 τουτὶ
1564 4112 1626 4166 τὸ
1685 4113 1967 4187 φάρμακον

324 4193 517 4272 (ἄγγος
549 4193 606 4251 δέ
632 4216 684 4252 τι
713 4197 781 4266 ἦν
812 4197 876 4252 τὸ
907 4194 1190 4271 διδόμενον
1228 4197 1484 4274 πλῆρες),
1532 4204 1612 4270 τῷ
1653 4198 1790 4270 οἴκῳ
1828 4197 1974 4273 έπίρ-

327 4285 482 4363 ῥανον
509 4293 610 4357 τῆς
653 4286 938 4360 παρθένου,
979 4290 1070 4343 καὶ
1119 4290 1165 4342 εἱ
1219 4290 1294 4361 μή
1336 4289 1510 4343 πάντα
1558 4286 1663 4356 ἕξει
1711 4308 1794 4342 σοι
1835 4289 1973 4342 κατὰ

322 4377 572 4449 γνώμην,
603 4376 913 4449 παροπτέος
945 4375 1051 4452 ἐγώ
1093 4396 1177 4430 σοι
1215 4377 1278 4430 τὸ
1327 4374 1520 4431 λοιπὸν
1569 4376 1612 4414 ⁸⁸
1662 4375 1751 4430 καὶ
1802 4372 1975 4451 ἄχρη-

322 4483 465 4534 στος,
497 4465 588 4519 καὶ
640 4464 913 4519 ἀσθένειαν
981 4466 1139 4536 ἡμῶν
1197 4465 1512 4542 κατάγνωθι
1556 4469 1656 4534 τήν
1712 4464 1970 4544 ἐσχάτην.

327 4551 560 4626 Ἐγίνετο
590 4553 685 4625 μὲν
720 4553 813 4608 οὖν
847 4554 892 4589 ¹²
923 4551 1064 4608 οὕτω
1095 4557 1283 4610 ταῦτα.

2087 654 2294 713 rasset,
2327 646 2613 717 quomodo
2630 650 2781 702 esset
2797 647 3061 712 allectus,
3085 653 3141 703 et
3162 650 3308 717 quod
3333 664 3466 704 cum
3489 665 3721 708 omnem

2088 739 2269 790 artem
2301 739 2359 790 et
2388 751 2626 790 manum
2659 737 2948 802 movisset,
2974 736 3200 791 nullum
3233 737 3368 791 mali
3402 737 3722 796 invenisset

2087 822 2433 889 remedium,
2465 824 2563 878 sed
2586 824 2859 878 omnibus
2885 825 3243 894 superiorem
3264 824 3582 892 aspexisset
3611 826 3722 881 vir-

2085 912 2299 982 ginem,
2327 917 2612 982 postremo
2635 914 2836 983 adjicit
2860 928 2873 968 :
2898 913 2982 968 Tu
3007 913 3162 968 solus
3185 921 3383 983 restas,
3407 913 3504 984 qui
3529 928 3720 970 meam

2086 1001 2400 1058 consoleris
2449 1003 2866 1068 calamitatem,
2925 1009 2980 1057 et
3035 1001 3094 1056 in
3151 1005 3206 1056 te
3251 1001 3374 1056 solo
3427 1000 3720 1059 collucens

2087 1091 2380 1158 ﬁduciam,
2419 1107 2510 1146 me
2533 1091 2801 1162 repressi,
2835 1106 2906 1146 ne
2930 1095 3175 1146 mortem
3207 1091 3336 1146 vita
3373 1091 3720 1162 praferrem.

2086 1179 2329 1235 Omnino
2364 1183 2556 1234 autem
2591 1179 2846 1250 cogitare
2895 1195 3006 1234 non
3041 1195 3262 1250 posses,
3307 1185 3556 1250 quantas
3583 1196 3722 1252 opes

2087 1271 2143 1324 et
2173 1273 2460 1338 quantum
2504 1268 2629 1322 auri
2673 1268 2751 1322 sis
2797 1284 2830 1323 a
2877 1266 3047 1322 nobis
3086 1266 3414 1337 habiturus,
3465 1283 3597 1324 cum
3631 1285 3724 1326 me

2087 1355 2351 1412 liberaris
2381 1372 2414 1410 a
2442 1356 2543 1410 tali
2575 1355 2922 1411 calamitate.
2955 1355 3096 1411 Nam
3120 1371 3222 1424 ego
3245 1356 3481 1426 quidem
3514 1373 3582 1412 ea
3611 1357 3720 1414 tibi

2087 1444 2316 1501 abunde
2359 1448 2413 1499 et
2444 1443 2608 1514 plura
2651 1460 2827 1515 quam
2877 1459 3070 1514 speres
3101 1441 3388 1516 praebebo.
3442 1444 3614 1515 Dixit,
3663 1450 3722 1502 et

2085 1549 2218 1589 eum
2255 1532 2513 1588 exaudiit
2541 1533 2885 1602 Cyprianus,
2919 1535 2976 1586 et
3023 1531 3316 1604 pollicitus
3363 1540 3448 1588 est
3494 1548 3557 1589 se
3587 1548 3723 1590 mox

2083 1636 2213 1677 esse
2240 1637 2375 1676 eum
2408 1621 2673 1677 molestia
2702 1620 3054 1676 soluturum.
3080 1619 3179 1675 llle
3204 1636 3340 1692 ergo
3363 1619 3502 1676 abiit
3532 1619 3719 1689 laetus,

2083 1716 2135 1764 et
2157 1725 2218 1765 se
2233 1725 2365 1765 mox
2384 1709 2443 1764 in
2464 1725 2641 1764 manu
2666 1709 3005 1763 habiturum
3021 1724 3148 1762 esse
3168 1707 3473 1779 virginem,
3496 1707 3718 1765 visione

2082 1799 2546 1870 apprehendens.
2597 1797 2925 1869 Cyprianus
2974 1805 3167 1853 autem
3209 1813 3340 1852 mox
3382 1795 3605 1867 aspexit
3645 1797 3718 1852 ad

2082 1886 2283 1956 libros,
2315 1886 2416 1959 qui
2446 1902 2510 1942 ea
2560 1891 2804 1958 possunt
2837 1885 3100 1956 operari:
3145 1888 3202 1941 et
3244 1900 3378 1940 cum
3425 1900 3610 1939 unum
3650 1901 3719 1943 ex

2083 1979 2348 2049 malignis
2379 1976 2983 2047 vocassetspiritibus,
3005 1991 3151 2048 quos
3174 1979 3442 2048 prompto
3462 1979 3519 2031 et
3539 1974 3718 2031 alacri

2082 2067 2281 2124 animo
2320 2069 2555 2122 noverat
2591 2081 2758 2138 opem
2805 2066 2953 2120 ferre
2986 2066 3057 2120 ad
3089 2069 3210 2120 hec
3248 2063 3466 2136 ﬂagitia
3495 2067 3552 2118 et
3590 2065 3719 2135 qui-

2080 2156 2192 2212 bus
2242 2155 2340 2211 ille
2389 2155 2660 2211 utebatur
2705 2153 3018 2221 ministris,
3075 2169 3206 2208 cum
3277 2151 3444 2209 vellet
3490 2151 3716 2208 efﬁcere

2081 2259 2362 2316 magnum
2393 2242 2534 2314 quid
2556 2247 2615 2298 et
2645 2241 3069 2314 prodigiosum:
3102 2242 3162 2298 Si
3186 2241 3352 2308 mihi,
3375 2240 3586 2312 inquit,
3617 2255 3717 2296 va-

2081 2334 2321 2400 caveris,
2353 2337 2411 2389 et
2438 2333 2547 2389 hoc
2578 2333 2965 2388 ministerium
3007 2331 3118 2388 cito
3147 2331 3413 2387 effectum
3445 2330 3712 2386 reddide-

2080 2422 2182 2488 ris,
2214 2423 2488 2494 deinceps
2539 2421 2795 2477 maxima
2840 2421 2945 2476 tibi
2981 2421 3215 2493 largiar,
3258 2423 3316 2476 et
3343 2417 3618 2483 efﬁciam,
3653 2421 3717 2474 ut

2077 2525 2280 2567 omnes
2324 2510 2470 2566 alios
2517 2509 2848 2567 antecellas.
2903 2509 3004 2566 Ille
3033 2513 3230 2565 autem
3273 2511 3610 2580 arroganter
3655 2509 3714 2562 et

2079 2599 2331 2670 superbe
2358 2599 2628 2670 loquens,
2659 2603 2722 2654 ut
2769 2599 3030 2654 solebat:
3075 2598 3146 2653 Et
3175 2597 3312 2668 quid
3351 2601 3461 2662 est,
3500 2595 3712 2667 inquit,

2077 2687 2230 2758 quod
2266 2702 2300 2741 a
2330 2702 2444 2755 me,
2476 2687 2525 2741 si
2546 2686 2739 2754 velim,
2773 2702 2888 2742 non
2917 2684 3084 2740 facile
3116 2685 3265 2740 ﬂat?
3291 2684 3454 2755 Saepe
3477 2683 3712 2755 quidem

2076 2781 2226 2832 totas
2259 2774 2497 2832 labefeci
2528 2775 2811 2843 civitates,
2840 2789 2990 2845 saepe
3020 2773 3203 2840 etfaci,
3237 2777 3302 2828 ut
3327 2776 3478 2828 esset
3507 2787 3716 2827 manus

2077 2869 2344 2934 prompta
2355 2869 2412 2918 et
2423 2863 2586 2919 velox
2599 2865 2667 2919 ad
2678 2864 2857 2935 patris
2870 2861 3719 2932 fundendumsanguinem:fra-

2076 2952 2700 3024 tribusetconjugibus
2713 2953 2912 3008 odium
2928 2949 3551 3022 immisiimplacabile;
3569 2948 3719 3006 mul-

2077 3044 2192 3104 tos,
2216 3040 2316 3111 qui
2340 3041 2610 3096 volebant
2630 3057 2755 3097 esse
2772 3041 3046 3113 virgines,
3066 3039 3366 3112 prohibui;
3389 3037 3708 3110 monachis,

2078 3128 2175 3200 qui
2207 3129 2490 3200 degebant
2512 3130 2568 3182 in
2589 3131 2899 3196 montibus,
2929 3137 2984 3185 et
3009 3128 3194 3184 cuivis
3207 3127 3435 3200 jejunio
3454 3142 3715 3184 assueve-

2079 3221 2232 3283 rant,
2254 3224 2312 3272 et
2333 3218 2753 3288 propemodum
2777 3234 2848 3272 ne
2869 3217 3058 3273 carnis
3083 3217 3315 3288 quidem
3339 3217 3576 3273 omnino
3601 3230 3717 3271 me-

2080 3307 2392 3376 minerant,
2423 3305 2644 3361 immisi
2676 3307 2870 3362 carnis
2901 3305 3299 3375 cupiditatem,
3323 3309 3380 3360 et
3409 3304 3621 3376 perfeci
3653 3307 3716 3359 ut

2076 3396 2345 3453 lubenter
2375 3395 2703 3466 aspicerent
2733 3395 2801 3451 ad
2832 3393 3156 3464 voluptates
3181 3410 3195 3460 ;
3236 3394 3403 3462 alios,
3433 3393 3531 3464 qui
3560 3392 3714 3450 vole-

2079 3485 2217 3541 bant
2246 3483 2580 3540 renuntiare
2611 3483 2886 3540 omnibus
2921 3481 3276 3552 carnalibus,
3307 3487 3364 3537 et
3394 3482 3468 3538 iis
3497 3481 3713 3553 quibus

2076 3589 2184 3629 nos
2197 3572 2632 3640 delectamur,et
2643 3571 2851 3628 sectari
2869 3569 3401 3639 virtutem;aiiunde
3419 3568 3711 3638 adoriens,

2077 3661 2261 3727 eﬂ‘eci,
2303 3665 2367 3716 ut
2405 3677 2604 3716 curam
2648 3661 2961 3732 abjicerenl
3004 3658 3212 3715 talium
3263 3657 3708 3728 cogitationum,

2077 3757 2134 3806 et
2164 3767 2371 3806 rursus
2401 3749 2712 3820 diligenter
2740 3749 3097 3805 adhererent
3126 3746 3197 3802 iis
3225 3747 3438 3818 quibus
3469 3761 3713 3804 consue-

2075 3847 2288 3895 verant.
2323 3845 2590 3895 Attamen
2625 3839 2787 3910 quid,
2820 3842 2887 3893 ut
2925 3839 3110 3892 multa
3137 3835 3412 3900 dicerem,
3445 3851 3573 3891 sum
3603 3835 3705 3890 ad-

2077 3934 2288 3988 ductus
2307 3932 2336 3986 ?
2364 3931 2474 3986 Res
2495 3929 2623 4002 ipsa
2655 3944 2810 3984 nunc
2839 3926 3143 3992 indicabit,
3168 3941 3342 3997 quam
3364 3925 3476 3980 sim
3507 3925 3576 3980 ad
3609 3922 3716 3979 mi-

2079 4020 2444 4079 nistrandum
2478 4021 2650 4091 longe
2681 4018 3051 4074 utilissimus.
3082 4016 3290 4088 Accipe
3324 4017 3426 4071 hoc
3457 4015 3710 4070 medica-

2080 4119 2343 4168 mentum
2393 4112 2540 4184 (erat
2571 4114 2761 4165 autem
2804 4125 2905 4164 vas
2953 4106 3249 4178 quoddam
3290 4106 3524 4177 plenum
3559 4105 3712 4177 quod

2079 4201 2354 4266 dabatur)
2393 4203 2450 4254 et
2497 4213 2563 4253 eo
2610 4211 2850 4268 asperge
2896 4196 3136 4252 domum
3184 4193 3449 4265 virginis,
3494 4197 3551 4248 et
3600 4193 3711 4249 nisi

2077 4287 2182 4344 tibi
2213 4287 2410 4342 omnia
2456 4285 2842 4341 successerint
2890 4300 2958 4340 ex
2995 4282 3300 4351 sententia,
3341 4298 3473 4338 sum
3505 4298 3609 4354 ego
3640 4283 3712 4337 de

2082 4379 2287 4433 caetero
2327 4373 2758 4446 despiciendus,
2791 4375 2848 4426 et
2883 4368 3190 4426 habendus
3221 4368 3482 4438 inutilis;
3528 4373 3711 4442 tuque

2079 4482 2188 4523 nos
2217 4469 2483 4521 extremas
2513 4478 2690 4535 argue
2717 4458 3154 4518 imbecillitatis.
3198 4458 3329 4516 Haec
3358 4457 3441 4514 sic
3478 4458 3710 4530 quidem

2083 4555 2232 4612 facta
2261 4557 2418 4610 sunt.

394 4641 497 4696 lB‘.
546 4640 612 4696 Ἠ
669 4637 726 4696 δὶ
768 4641 1030 4714 παρθένος
1070 4641 1336 4697 ἀναστᾶσα
1377 4643 1501 4716 περὶ
1547 4644 1590 4680 ³³
1633 4644 1822 4716 τρίτην
1869 4649 1970 4714 τῆς

2151 4645 2279 4701 XII.
2302 4641 2466 4713 Virgo
2489 4643 2680 4698 autem
2705 4655 2837 4697 cum
2866 4641 3032 4696 tertia
3052 4638 3196 4695 hora
3215 4637 3404 4695 noctis
3427 4637 3714 4693 surrexis-

326 4728 512 4792 ντκτὸς
569 4727 734 4805 ὥραν,
786 4731 879 4792 τὰς
936 4731 1100 4807 εὐχὰς
1149 4728 1444 4787 ἀποδοῦναι
1486 4736 1624 4804 Θεῷ,
1669 4729 1972 4808 διεθερμαί-

330 4838 448 4873 νετο
490 4819 586 4892 μὶν
612 4817 742 4883 τοὺς
768 4821 996 4896 νεφροὺς
1024 4817 1157 4891 ἢδη,
1189 4821 1280 4876 καὶ
1327 4827 1428 4891 τῆς
1478 4816 1764 4894 προϐολῆς
1809 4820 1972 4895 ᾐσθά·

327 4927 442 4962 νετο
499 4912 596 4964 τοῦ
657 4908 1029 4983 πειράζοντος·
1099 4910 1210 4984 δσῳ
1268 4908 1324 4968 δὶ
1378 4915 1545 4967 ταῦτα
1600 4914 1689 4982 ἧν,
1746 4913 1969 4983 κάκείνη

328 4994 491 5052 πάλιν
530 4999 596 5052 τὰ
637 5004 738 5068 τῆς
782 5000 954 5074 εὐχῆς
1014 5001 1375 5075 παρετείνετο.
1425 5002 1575 5058 Ἐπεὶ
1617 4999 1674 5057 δὶ
1723 4998 1972 5076 δαψιλῶς

329 5085 622 5165 ὁπετύφετο
709 5088 772 5143 τὸ
856 5091 953 5143 τοῦ
1030 5088 1403 5164 ἀντικειμένου
1479 5091 1786 5166 πνεύματος
1843 5088 1974 5177 πῦρ,

326 5173 505 5246 ἰκείνη
577 5179 621 5214 ⁸⁸
699 5176 1019 5251 βιαζομένῃ,
1114 5179 1426 5253 Ἐμνήσθην
1513 5178 1565 5235 ἐν
1649 5179 1801 5236 νυκτὶ
1873 5173 1978 5236 τού

393 5356 418 5392 ³
446 5355 592 5414 Psal.
621 5349 813 5427 cxvxii,
842 5358 932 5415 55.

393 5534 438 5570 οι
471 5533 750 5604 κάει-καὶ,
780 5538 840 5589 Β.
875 5539 938 5591 n.
971 5537 1031 5590 ιτ.

330 5605 399 5678 Εἱ
491 5607 533 5642 ⁸⁷
563 5599 778 5678 ἔθλεπὲ,
804 5605 864 5661 Ε.
962 5605 1006 5678 ξ’
1035 5605 1170 5678 add.
1199 5605 1286 5678 τά,
1316 5599 1388 5661 σῖ
1454 5599 1783 5678 νκίέχρεῖτο,

330 5677 350 5710 ⁸
379 5671 773 5742 διαιτομένοις,
798 5681 861 5733 Β.
959 5675 984 5712 ⁵
1014 5671 1283 5734 undecim
1315 5691 1483 5732 voces
1511 5671 1743 5742 desunt,
1774 5674 1836 5732 B.

333 5750 386 5804 Ε.
485 5747 509 5782 ⁹
538 5745 716 5822 deest,
750 5749 811 5804 Ε.
918 5748 962 5783 ¹⁰
991 5745 1158 5818 teter),
1195 5747 1261 5805 D.

2030 5531 2270 5603 οντίσης,
2301 5532 2364 5588 Β.

2029 5601 2276 5674 τελέσης,
2327 5604 2388 5658 Ε.

1939 5676 1961 5711 ⁸
1989 5681 2142 5745 πᾶσι,
2175 5677 2236 5733 C.
2271 5680 2332 5731 D.

1366 5747 1405 5781 “
1440 5749 1535 5801 τοῦ
1567 5723 1788 5817 λοιποὶ,
1824 5747 1882 5802 Ε.
1961 5747 1971 5782 ¹

2081 5723 2332 5819 eest:
2397 5746 2440 5782 ¹⁸
2471 5723 2854 5813 εᾶἅζέἧῦξυ.
2877 5723 2911 5727 —
2935 5723 3223 5797 “desunt
3253 5723 3381 5791 duae
3423 5743 3612 5793 voces,
3643 5723 3713 5782 D'.

1134 5532 1180 5569 ⁸³
1207 5531 1467 5620 ἀπέσχον,
1499 5533 1564 5622 D;
1602 5533 1699 5618 Ρ.-
1765 5531 1812 5568 ⁹⁴
1840 5531 1902 5586 ού
1955 5551 2026 5639 φρ

1134 5605 1170 5659 ι.
1199 5623 1286 5659 τα.
1316 5608 1379 5659 C.
1473 5604 1516 5640 ⁹⁹
1544 5621 1783 5659 εγοειτο.
1813 5603 1876 5659 Β.

2081 4739 2168 4790 set
2197 4735 2263 4789 ad
2296 4732 2621 4788 reddendas
2662 4736 2778 4786 Dec
2809 4744 3024 4800 preces,
3064 4728 3180 4798 jam
3221 4727 3455 4798 quidem
3498 4722 3712 4780 incale-

2082 4824 2294 4891 scebat,
2317 4826 2375 4879 et
2395 4821 2680 4877 insultum
2703 4817 2992 4875 sentiebat
3015 4815 3341 4872 tentatoris.
3368 4815 3492 4879 Quo
3513 4816 3710 4869 autem

2082 4915 2206 4971 haec
2237 4912 2422 4985 magis
2467 4910 2822 4977 crescebant,
2868 4907 2967 4963 illa
2997 4906 3180 4980 magis
3211 4903 3459 4977 augebat
3491 4918 3708 4975 preces.

2083 5004 2228 5059 Cum
2279 5008 2473 5058 autem
2521 4997 2683 5054 valde
2728 4997 3136 5054 accenderetur
3171 4993 3326 5066 ignis
3375 4991 3712 5058 adversarii,

2084 5092 2184 5149 illa
2222 5092 2336 5158 vim
2377 5089 2636 5161 patiens:
2689 5083 2909 5143 Memini
2955 5091 3140 5152 noctu,
3189 5082 3435 5151 dicebat,
3474 5079 3714 5137 nominis

2082 5181 2190 5252 tui,
2220 5178 2468 5248 Domine,
2497 5184 2552 5234 et
2595 5177 2776 5233 laetata
2819 5189 2944 5231 sum
2973 5172 3014 5228 ³.
3064 5174 3341 5244 Laqucum
3378 5177 3716 5243 paraverunt

2467 5532 2513 5568 ’5
2559 5530 2692 5586 add.
2740 5529 2928 5595 ταῦτα,
2981 5531 3041 5584 Β.

2501 5603 2522 5639 ⁸
2558 5596 2974 5690 ὑπερηφανείας,
3025 5597 3092 5654 D.

2436 5673 2458 5707 7
2498 5672 2710 5707 ..ιηεηυ
2765 5671 2804 5707 n
2881 5672 2920 5707 n
2985 5670 3025 5707 Ir.
3079 5669 3092 5707 1

2498 5669 2826 5746 εύμενές,Ὀ.
2877 5670 3045 5746 D.__E_.
3078 5669 3136 5724 Ρ.

3142 5524 3188 5561 ⁸⁸
3203 5596 3208 5597 γ
3225 5518 3710 5597 έπαγγειλάμενοχ,

3196 5596 3217 5631 ³
3247 5589 3592 5664 ἀπῆρξαμι).
3645 5589 3710 5646 Ε.

3242 5666 3282 5737 '7
3315 5657 3710 5737 μετατίθεσθομ,
