  <div class='ocr_page' id='page_1' title='image "/cluster/home/n/w/nwhite01/storage/ocr_20150623/115/mdp.39015028574336/442.png"; bbox 0 0 4124 6270; ppageno 0'>
   <div class='ocr_carea' id='block_1_1' title="bbox 269 352 387 413">
    <p class='ocr_par' dir='ltr' id='par_1_1' title="bbox 269 352 387 413">
     <span class='ocr_line' id='line_1_1' title="bbox 269 352 387 413; baseline -0.025 0"><span class='ocrx_word' id='word_1_1' title='bbox 269 352 387 413; x_wconf 76' lang='grc'><strong>861</strong></span> 
     </span>
    </p>
   </div>
   <div class='ocr_carea' id='block_1_2' title="bbox 1342 360 2604 432">
    <p class='ocr_par' dir='ltr' id='par_1_2' title="bbox 1342 360 2604 432">
     <span class='ocr_line' id='line_1_2' title="bbox 1342 360 2604 432; baseline 0.006 -11"><span class='ocrx_word' id='word_1_2' title='bbox 1342 360 1523 423; x_wconf 85' lang='lat' dir='ltr'><strong>VlTA</strong></span> <span class='ocrx_word' id='word_1_3' title='bbox 1573 365 1637 426; x_wconf 91' lang='lat' dir='ltr'><strong>S.</strong></span> <span class='ocrx_word' id='word_1_4' title='bbox 1684 366 2051 429; x_wconf 82' lang='lat' dir='ltr'><strong>CYPBIANI</strong></span> <span class='ocrx_word' id='word_1_5' title='bbox 2096 368 2604 432; x_wconf 77' lang='lat' dir='ltr'><strong>ANTIOCHENI.</strong></span> 
     </span>
    </p>
   </div>
   <div class='ocr_carea' id='block_1_3' title="bbox 3552 364 3668 426">
    <p class='ocr_par' dir='ltr' id='par_1_3' title="bbox 3552 364 3668 426">
     <span class='ocr_line' id='line_1_3' title="bbox 3552 364 3668 426; baseline 0.009 -1"><span class='ocrx_word' id='word_1_6' title='bbox 3552 364 3668 426; x_wconf 77' lang='lat'>862</span> 
     </span>
    </p>
   </div>
   <div class='ocr_carea' id='block_1_4' title="bbox 269 509 1898 603">
    <p class='ocr_par' dir='ltr' id='par_1_4' title="bbox 269 509 1898 594">
     <span class='ocr_line' id='line_1_4' title="bbox 269 509 1898 594; baseline 0.009 -27"><span class='ocrx_word' id='word_1_7' title='bbox 269 509 449 567; x_wconf 83' lang='grc' dir='ltr'><strong>καλοῦ</strong></span> <span class='ocrx_word' id='word_1_8' title='bbox 494 510 746 568; x_wconf 86' lang='grc' dir='ltr'>τοιούτου</span> <span class='ocrx_word' id='word_1_9' title='bbox 789 514 834 553; x_wconf 80' lang='grc'>⁴¹</span> <span class='ocrx_word' id='word_1_10' title='bbox 888 513 1375 589; x_wconf 86' lang='grc' dir='ltr'>παραμελούντων.</span> <span class='ocrx_word' id='word_1_11' title='bbox 1425 521 1694 578; x_wconf 78' lang='grc' dir='ltr'><strong>Ἐντεῦθεν</strong></span> <span class='ocrx_word' id='word_1_12' title='bbox 1724 526 1760 594; x_wconf 78' lang='grc' dir='ltr'>ἡ</span> <span class='ocrx_word' id='word_1_13' title='bbox 1811 546 1898 581; x_wconf 86' lang='grc' dir='ltr'>πο-</span> 
     </span>
    </p>
   </div>
   <div class='ocr_carea' id='block_1_5' title="bbox 2009 509 3668 603">
    <p class='ocr_par' dir='ltr' id='par_1_5' title="bbox 2009 528 3668 603">
     <span class='ocr_line' id='line_1_5' title="bbox 2009 528 3668 603; baseline -0.001 -18"><span class='ocrx_word' id='word_1_14' title='bbox 2009 529 2440 597; x_wconf 61' lang='grc' dir='ltr'><strong>⁵ιιοῐιόοιιιιιιιινίε</strong></span> <span class='ocrx_word' id='word_1_15' title='bbox 2481 530 2837 603; x_wconf 71' lang='lat' dir='ltr'><strong>negligentiae</strong></span> <span class='ocrx_word' id='word_1_16' title='bbox 2877 545 2993 595; x_wconf 84' lang='lat' dir='ltr'><strong>eos,</strong></span> <span class='ocrx_word' id='word_1_17' title='bbox 3027 528 3128 601; x_wconf 87' lang='lat' dir='ltr'><strong>qui</strong></span> <span class='ocrx_word' id='word_1_18' title='bbox 3155 529 3271 586; x_wconf 88' lang='lat' dir='ltr'><strong>tale</strong></span> <span class='ocrx_word' id='word_1_19' title='bbox 3315 528 3531 586; x_wconf 87' lang='lat' dir='ltr'><strong>bonum</strong></span> <span class='ocrx_word' id='word_1_20' title='bbox 3563 543 3668 585; x_wconf 86' lang='lat' dir='ltr'><strong>nc-</strong></span> 
     </span>
    </p>
   </div>
   <div class='ocr_carea' id='block_1_6' title="bbox 266 595 1923 685">
    <p class='ocr_par' dir='ltr' id='par_1_6' title="bbox 266 595 1923 685">
     <span class='ocr_line' id='line_1_6' title="bbox 266 595 1923 685; baseline 0.008 -31"><span class='ocrx_word' id='word_1_21' title='bbox 266 598 436 673; x_wconf 87' lang='grc' dir='ltr'>νηρία</span> <span class='ocrx_word' id='word_1_22' title='bbox 475 595 755 671; x_wconf 77' lang='grc' dir='ltr'>λαϐομένη</span> <span class='ocrx_word' id='word_1_23' title='bbox 783 603 1107 680; x_wconf 78' lang='grc' dir='ltr'><strong>προφάσεως</strong></span> <span class='ocrx_word' id='word_1_24' title='bbox 1136 602 1309 661; x_wconf 77' lang='grc' dir='ltr'>ἐποίει</span> <span class='ocrx_word' id='word_1_25' title='bbox 1337 607 1403 663; x_wconf 75' lang='grc' dir='ltr'><strong>τὰ</strong></span> <span class='ocrx_word' id='word_1_26' title='bbox 1451 609 1663 677; x_wconf 72' lang='grc' dir='ltr'>ἑαυτῆς·</span> <span class='ocrx_word' id='word_1_27' title='bbox 1716 613 1810 675; x_wconf 87' lang='grc' dir='ltr'>Τίς</span> <span class='ocrx_word' id='word_1_28' title='bbox 1854 616 1923 685; x_wconf 76' lang='grc'><strong>⁴³,</strong></span> 
     </span>
    </p>
   </div>
   <div class='ocr_carea' id='block_1_7' title="bbox 267 684 1921 777">
    <p class='ocr_par' dir='ltr' id='par_1_7' title="bbox 267 684 1921 777">
     <span class='ocr_line' id='line_1_7' title="bbox 267 684 1921 777; baseline 0.005 -27"><span class='ocrx_word' id='word_1_29' title='bbox 267 684 445 764; x_wconf 61' lang='grc' dir='ltr'>ἔλεγε,</span> <span class='ocrx_word' id='word_1_30' title='bbox 476 693 542 777; x_wconf 64' lang='grc' dir='ltr'><strong>τῇ</strong></span> <span class='ocrx_word' id='word_1_31' title='bbox 576 686 688 761; x_wconf 75' lang='grc' dir='ltr'>Εύᾳ</span> <span class='ocrx_word' id='word_1_32' title='bbox 727 690 966 761; x_wconf 79' lang='grc' dir='ltr'>ὠφέλεια</span> <span class='ocrx_word' id='word_1_33' title='bbox 994 693 1101 769; x_wconf 86' lang='grc' dir='ltr'><strong>πρὸ</strong></span> <span class='ocrx_word' id='word_1_34' title='bbox 1153 702 1254 765; x_wconf 81' lang='grc' dir='ltr'><strong>τῆς</strong></span> <span class='ocrx_word' id='word_1_35' title='bbox 1300 702 1396 753; x_wconf 77' lang='grc' dir='ltr'><strong>τοῦ</strong></span> <span class='ocrx_word' id='word_1_36' title='bbox 1440 699 1605 770; x_wconf 80' lang='grc' dir='ltr'>ξύλου</span> <span class='ocrx_word' id='word_1_37' title='bbox 1654 684 1921 777; x_wconf 64' lang='grc' dir='ltr'>γεύσεως,</span> 
     </span>
    </p>
   </div>
   <div class='ocr_carea' id='block_1_8' title="bbox 268 776 1918 860">
    <p class='ocr_par' dir='ltr' id='par_1_8' title="bbox 268 776 1918 860">
     <span class='ocr_line' id='line_1_8' title="bbox 268 776 1918 860; baseline 0.009 -27"><span class='ocrx_word' id='word_1_38' title='bbox 268 778 433 835; x_wconf 88' lang='grc' dir='ltr'>πόθεν</span> <span class='ocrx_word' id='word_1_39' title='bbox 484 776 541 833; x_wconf 72' lang='grc' dir='ltr'><strong>δὲ</strong></span> <span class='ocrx_word' id='word_1_40' title='bbox 595 780 686 835; x_wconf 82' lang='grc' dir='ltr'><strong>καὶ</strong></span> <span class='ocrx_word' id='word_1_41' title='bbox 736 780 765 835; x_wconf 91' lang='lat'><strong>6</strong></span> <span class='ocrx_word' id='word_1_42' title='bbox 820 781 1027 857; x_wconf 85' lang='grc' dir='ltr'>κόσμος</span> <span class='ocrx_word' id='word_1_43' title='bbox 1076 782 1283 860; x_wconf 76' lang='grc' dir='ltr'>ἐγένετο</span> <span class='ocrx_word' id='word_1_44' title='bbox 1333 784 1443 859; x_wconf 59' lang='lat' dir='ltr'><strong>civ;</strong></span> <span class='ocrx_word' id='word_1_45' title='bbox 1497 776 1675 847; x_wconf 82' lang='grc' dir='ltr'>πόθεν</span> <span class='ocrx_word' id='word_1_46' title='bbox 1713 793 1765 848; x_wconf 80' lang='grc' dir='ltr'>οἱ</span> <span class='ocrx_word' id='word_1_47' title='bbox 1823 776 1918 848; x_wconf 89' lang='grc' dir='ltr'><strong>νυν</strong></span> 
     </span>
    </p>
   </div>
   <div class='ocr_carea' id='block_1_9' title="bbox 268 867 1919 958">
    <p class='ocr_par' dir='ltr' id='par_1_9' title="bbox 268 867 1919 958">
     <span class='ocr_line' id='line_1_9' title="bbox 268 867 1919 958; baseline 0.01 -36"><span class='ocrx_word' id='word_1_48' title='bbox 268 867 421 958; x_wconf 63' lang='grc' dir='ltr'>θντες</span> <span class='ocrx_word' id='word_1_49' title='bbox 466 868 530 958; x_wconf 65' lang='grc' dir='ltr'><strong>το</strong></span> <span class='ocrx_word' id='word_1_50' title='bbox 588 870 720 958; x_wconf 77' lang='grc' dir='ltr'>εἶναι</span> <span class='ocrx_word' id='word_1_51' title='bbox 780 870 932 946; x_wconf 75' lang='grc' dir='ltr'>εἶχον</span> <span class='ocrx_word' id='word_1_52' title='bbox 991 869 1199 944; x_wconf 77' lang='grc' dir='ltr'>λαϐεῖν,</span> <span class='ocrx_word' id='word_1_53' title='bbox 1250 875 1430 953; x_wconf 80' lang='grc' dir='ltr'>γάμου</span> <span class='ocrx_word' id='word_1_54' title='bbox 1488 879 1575 934; x_wconf 86' lang='grc' dir='ltr'><strong>καὶ</strong></span> <span class='ocrx_word' id='word_1_55' title='bbox 1636 882 1919 958; x_wconf 78' lang='grc' dir='ltr'>συναφείας</span> 
     </span>
    </p>
   </div>
   <div class='ocr_carea' id='block_1_10' title="bbox 266 953 1916 1043">
    <p class='ocr_par' dir='ltr' id='par_1_10' title="bbox 266 953 1916 1043">
     <span class='ocr_line' id='line_1_10' title="bbox 266 953 1916 1043; baseline 0.011 -36"><span class='ocrx_word' id='word_1_56' title='bbox 266 953 648 1043; x_wconf 67' lang='grc' dir='ltr'>άνῃρημένων,</span> <span class='ocrx_word' id='word_1_57' title='bbox 678 955 723 1011; x_wconf 83' lang='grc' dir='ltr'>εἰ</span> <span class='ocrx_word' id='word_1_58' title='bbox 768 958 845 1029; x_wconf 80' lang='grc' dir='ltr'>μὴ</span> <span class='ocrx_word' id='word_1_59' title='bbox 894 962 993 1013; x_wconf 78' lang='grc' dir='ltr'><strong>τοῦ</strong></span> <span class='ocrx_word' id='word_1_60' title='bbox 1047 958 1211 1030; x_wconf 80' lang='grc' dir='ltr'>ξύλου</span> <span class='ocrx_word' id='word_1_61' title='bbox 1263 960 1370 1019; x_wconf 74' lang='grc' dir='ltr'><strong>Εὕα</strong></span> <span class='ocrx_word' id='word_1_62' title='bbox 1419 966 1464 1002; x_wconf 73' lang='grc'><strong>⁴³</strong></span> <span class='ocrx_word' id='word_1_63' title='bbox 1514 974 1612 1036; x_wconf 80' lang='grc' dir='ltr'><strong>τῆς</strong></span> <span class='ocrx_word' id='word_1_64' title='bbox 1660 953 1916 1043; x_wconf 77' lang='grc' dir='ltr'>γλυκείας</span> 
     </span>
    </p>
   </div>
   <div class='ocr_carea' id='block_1_11' title="bbox 266 1041 1914 1130">
    <p class='ocr_par' dir='ltr' id='par_1_11' title="bbox 266 1041 1914 1130">
     <span class='ocr_line' id='line_1_11' title="bbox 266 1041 1914 1130; baseline 0.01 -32"><span class='ocrx_word' id='word_1_65' title='bbox 266 1041 527 1119; x_wconf 83' lang='grc' dir='ltr'>ἐγεύσατο</span> <span class='ocrx_word' id='word_1_66' title='bbox 590 1045 870 1119; x_wconf 76' lang='grc' dir='ltr'><strong>βρώσεως,</strong></span> <span class='ocrx_word' id='word_1_67' title='bbox 922 1048 966 1102; x_wconf 80' lang='grc' dir='ltr'>εἰ</span> <span class='ocrx_word' id='word_1_68' title='bbox 1011 1050 1087 1122; x_wconf 86' lang='grc' dir='ltr'><strong>μή</strong></span> <span class='ocrx_word' id='word_1_69' title='bbox 1139 1052 1229 1107; x_wconf 87' lang='grc' dir='ltr'>τὸν</span> <span class='ocrx_word' id='word_1_70' title='bbox 1292 1052 1459 1128; x_wconf 80' lang='grc' dir='ltr'>ἄνδρα</span> <span class='ocrx_word' id='word_1_71' title='bbox 1501 1050 1633 1130; x_wconf 76' lang='grc' dir='ltr'>ἔγνω</span> <span class='ocrx_word' id='word_1_72' title='bbox 1674 1041 1781 1112; x_wconf 71' lang='grc' dir='ltr'>τὸν</span> <span class='ocrx_word' id='word_1_73' title='bbox 1826 1056 1914 1114; x_wconf 77' lang='grc' dir='ltr'><strong>διὰ</strong></span> 
     </span>
    </p>
   </div>
   <div class='ocr_carea' id='block_1_12' title="bbox 261 1134 1917 1225">
    <p class='ocr_par' dir='ltr' id='par_1_12' title="bbox 261 1134 1917 1225">
     <span class='ocr_line' id='line_1_12' title="bbox 261 1134 1917 1225; baseline 0.01 -35"><span class='ocrx_word' id='word_1_74' title='bbox 261 1139 431 1191; x_wconf 79' lang='grc' dir='ltr'>τοῦτο</span> <span class='ocrx_word' id='word_1_75' title='bbox 465 1134 529 1206; x_wconf 68' lang='grc' dir='ltr'>δὴ</span> <span class='ocrx_word' id='word_1_76' title='bbox 580 1138 671 1192; x_wconf 80' lang='grc' dir='ltr'><strong>καὶ</strong></span> <span class='ocrx_word' id='word_1_77' title='bbox 726 1140 1040 1214; x_wconf 88' lang='grc' dir='ltr'>γενόμενον,</span> <span class='ocrx_word' id='word_1_78' title='bbox 1083 1142 1128 1198; x_wconf 83' lang='grc' dir='ltr'><strong>εἰ</strong></span> <span class='ocrx_word' id='word_1_79' title='bbox 1174 1148 1340 1200; x_wconf 81' lang='grc' dir='ltr'>πᾶσαι</span> <span class='ocrx_word' id='word_1_80' title='bbox 1387 1148 1727 1220; x_wconf 72' lang='grc' dir='ltr'><strong>παρθενεύειν</strong></span> <span class='ocrx_word' id='word_1_81' title='bbox 1778 1171 1917 1225; x_wconf 88' lang='grc' dir='ltr'>προ-</span> 
     </span>
    </p>
   </div>
   <div class='ocr_carea' id='block_1_13' title="bbox 264 1222 1914 1308">
    <p class='ocr_par' dir='ltr' id='par_1_13' title="bbox 264 1222 1914 1308">
     <span class='ocr_line' id='line_1_13' title="bbox 264 1222 1914 1308; baseline 0.008 -27"><span class='ocrx_word' id='word_1_82' title='bbox 264 1222 527 1297; x_wconf 83' lang='grc' dir='ltr'>εἱλοντο;</span> <span class='ocrx_word' id='word_1_83' title='bbox 590 1226 755 1283; x_wconf 85' lang='grc' dir='ltr'>Πόθεν</span> <span class='ocrx_word' id='word_1_84' title='bbox 813 1228 874 1284; x_wconf 76' lang='grc' dir='ltr'>ἄν</span> <span class='ocrx_word' id='word_1_85' title='bbox 924 1228 1200 1289; x_wconf 80' lang='grc' dir='ltr'>ἐτίκτοντο</span> <span class='ocrx_word' id='word_1_86' title='bbox 1247 1234 1454 1308; x_wconf 85' lang='grc' dir='ltr'>παῖδες,</span> <span class='ocrx_word' id='word_1_87' title='bbox 1500 1239 1563 1293; x_wconf 87' lang='grc' dir='ltr'>τὸ</span> <span class='ocrx_word' id='word_1_88' title='bbox 1610 1244 1768 1294; x_wconf 80' lang='grc' dir='ltr'>πᾶσιν</span> <span class='ocrx_word' id='word_1_89' title='bbox 1821 1222 1914 1295; x_wconf 72' lang='grc' dir='ltr'><strong>ἆν-</strong></span> 
     </span>
    </p>
   </div>
   <div class='ocr_carea' id='block_1_14' title="bbox 262 1313 1913 1404">
    <p class='ocr_par' dir='ltr' id='par_1_14' title="bbox 262 1313 1913 1404">
     <span class='ocr_line' id='line_1_14' title="bbox 262 1313 1913 1404; baseline 0.008 -33"><span class='ocrx_word' id='word_1_90' title='bbox 262 1315 507 1391; x_wconf 82' lang='grc' dir='ltr'>Θρώποις</span> <span class='ocrx_word' id='word_1_91' title='bbox 538 1313 642 1385; x_wconf 82' lang='grc' dir='ltr'><strong>ἡδὺ</strong></span> <span class='ocrx_word' id='word_1_92' title='bbox 695 1320 1058 1393; x_wconf 87' lang='grc' dir='ltr'>παραμύθιον,</span> <span class='ocrx_word' id='word_1_93' title='bbox 1092 1324 1126 1392; x_wconf 82' lang='grc' dir='ltr'>ἠ</span> <span class='ocrx_word' id='word_1_94' title='bbox 1156 1327 1256 1380; x_wconf 76' lang='grc' dir='ltr'><strong>τοῦ</strong></span> <span class='ocrx_word' id='word_1_95' title='bbox 1305 1327 1440 1381; x_wconf 80' lang='grc' dir='ltr'>κατᾶ</span> <span class='ocrx_word' id='word_1_96' title='bbox 1493 1328 1685 1404; x_wconf 84' lang='grc' dir='ltr'>μικρὸν</span> <span class='ocrx_word' id='word_1_97' title='bbox 1734 1327 1913 1385; x_wconf 81' lang='grc' dir='ltr'>ἐκλεί-</span> 
     </span>
    </p>
   </div>
   <div class='ocr_carea' id='block_1_15' title="bbox 260 1404 1085 1483">
    <p class='ocr_par' dir='ltr' id='par_1_15' title="bbox 260 1404 1085 1483">
     <span class='ocr_line' id='line_1_15' title="bbox 260 1404 1085 1483; baseline 0.006 -21"><span class='ocrx_word' id='word_1_98' title='bbox 260 1425 461 1469; x_wconf 87' lang='grc' dir='ltr'>ποντος</span> <span class='ocrx_word' id='word_1_99' title='bbox 488 1404 698 1480; x_wconf 88' lang='grc' dir='ltr'>κόσμου</span> <span class='ocrx_word' id='word_1_100' title='bbox 725 1406 1042 1479; x_wconf 86' lang='grc' dir='ltr'>ἀναζώωσις</span> <span class='ocrx_word' id='word_1_101' title='bbox 1070 1431 1085 1483; x_wconf 86' lang='grc'><strong>;</strong></span> 
     </span>
    </p>
   </div>
   <div class='ocr_carea' id='block_1_16' title="bbox 335 1586 1905 1669">
    <p class='ocr_par' dir='ltr' id='par_1_16' title="bbox 335 1586 1905 1669">
     <span class='ocr_line' id='line_1_16' title="bbox 335 1586 1905 1669; baseline 0.008 -28"><span class='ocrx_word' id='word_1_102' title='bbox 335 1586 439 1643; x_wconf 75' lang='grc' dir='ltr'><strong>1Ε“.</strong></span> <span class='ocrx_word' id='word_1_103' title='bbox 499 1587 722 1643; x_wconf 84' lang='grc' dir='ltr'>Τούτων</span> <span class='ocrx_word' id='word_1_104' title='bbox 768 1588 1036 1646; x_wconf 84' lang='grc' dir='ltr'>ἀκούσασα</span> <span class='ocrx_word' id='word_1_105' title='bbox 1088 1595 1194 1647; x_wconf 80' lang='grc' dir='ltr'><strong>τῶν</strong></span> <span class='ocrx_word' id='word_1_106' title='bbox 1247 1592 1428 1669; x_wconf 87' lang='grc' dir='ltr'>λόγων</span> <span class='ocrx_word' id='word_1_107' title='bbox 1472 1598 1685 1652; x_wconf 87' lang='grc' dir='ltr'>Ἰούστα</span> <span class='ocrx_word' id='word_1_108' title='bbox 1732 1601 1796 1669; x_wconf 66' lang='grc'><strong>⁸⁸,</strong></span> <span class='ocrx_word' id='word_1_109' title='bbox 1844 1599 1905 1654; x_wconf 88' lang='grc' dir='ltr'><strong>ού</strong></span> 
     </span>
    </p>
   </div>
   <div class='ocr_carea' id='block_1_17' title="bbox 258 1674 1905 1761">
    <p class='ocr_par' dir='ltr' id='par_1_17' title="bbox 258 1674 1905 1761">
     <span class='ocr_line' id='line_1_17' title="bbox 258 1674 1905 1761; baseline 0.007 -29"><span class='ocrx_word' id='word_1_110' title='bbox 258 1674 328 1732; x_wconf 73' lang='grc' dir='ltr'><strong>τὰ</strong></span> <span class='ocrx_word' id='word_1_111' title='bbox 364 1683 464 1746; x_wconf 88' lang='grc' dir='ltr'><strong>τῆς</strong></span> <span class='ocrx_word' id='word_1_112' title='bbox 497 1680 852 1752; x_wconf 70' lang='grc' dir='ltr'>προμήτορος</span> <span class='ocrx_word' id='word_1_113' title='bbox 881 1677 1161 1754; x_wconf 76' lang='grc' dir='ltr'><strong>ὑπέμεινεν</strong></span> <span class='ocrx_word' id='word_1_114' title='bbox 1190 1680 1353 1754; x_wconf 73' lang='grc' dir='ltr'>Εὔας,</span> <span class='ocrx_word' id='word_1_115' title='bbox 1385 1683 1513 1741; x_wconf 84' lang='grc' dir='ltr'>ἀλλ’</span> <span class='ocrx_word' id='word_1_116' title='bbox 1555 1686 1711 1750; x_wconf 81' lang='grc' dir='ltr'>εὐθὺς</span> <span class='ocrx_word' id='word_1_117' title='bbox 1758 1686 1905 1761; x_wconf 81' lang='grc' dir='ltr'>ἐξαν-</span> 
     </span>
    </p>
   </div>
   <div class='ocr_carea' id='block_1_18' title="bbox 266 1763 1903 1847">
    <p class='ocr_par' dir='ltr' id='par_1_18' title="bbox 266 1763 1903 1847">
     <span class='ocr_line' id='line_1_18' title="bbox 266 1763 1903 1847; baseline 0.008 -27"><span class='ocrx_word' id='word_1_118' title='bbox 266 1763 472 1833; x_wconf 88' lang='grc' dir='ltr'>ίστατο,</span> <span class='ocrx_word' id='word_1_119' title='bbox 520 1766 609 1821; x_wconf 81' lang='grc' dir='ltr'><strong>καὶ</strong></span> <span class='ocrx_word' id='word_1_120' title='bbox 656 1764 747 1822; x_wconf 87' lang='grc' dir='ltr'>τὸν</span> <span class='ocrx_word' id='word_1_121' title='bbox 802 1771 1041 1844; x_wconf 86' lang='grc' dir='ltr'>πονηρὸν</span> <span class='ocrx_word' id='word_1_122' title='bbox 1096 1770 1332 1843; x_wconf 77' lang='grc' dir='ltr'><strong>ἐξέκλινε</strong></span> <span class='ocrx_word' id='word_1_123' title='bbox 1389 1769 1728 1847; x_wconf 77' lang='grc' dir='ltr'>σύμϐουλον,</span> <span class='ocrx_word' id='word_1_124' title='bbox 1787 1778 1903 1833; x_wconf 84' lang='grc' dir='ltr'>ὅθεν</span> 
     </span>
    </p>
   </div>
   <div class='ocr_carea' id='block_1_19' title="bbox 257 1854 1989 1967">
    <p class='ocr_par' dir='ltr' id='par_1_19' title="bbox 257 1854 1989 1967">
     <span class='ocr_line' id='line_1_19' title="bbox 257 1854 1989 1967; baseline 0.009 -60"><span class='ocrx_word' id='word_1_125' title='bbox 257 1854 324 1909; x_wconf 84' lang='grc' dir='ltr'>τὸ</span> <span class='ocrx_word' id='word_1_126' title='bbox 378 1854 603 1926; x_wconf 87' lang='grc' dir='ltr'>σύνηθες</span> <span class='ocrx_word' id='word_1_127' title='bbox 662 1855 831 1912; x_wconf 81' lang='grc' dir='ltr'>ὅπλον</span> <span class='ocrx_word' id='word_1_128' title='bbox 881 1860 943 1914; x_wconf 87' lang='grc' dir='ltr'>τὸ</span> <span class='ocrx_word' id='word_1_129' title='bbox 997 1865 1093 1915; x_wconf 78' lang='grc' dir='ltr'><strong>τοῦ</strong></span> <span class='ocrx_word' id='word_1_130' title='bbox 1147 1866 1379 1935; x_wconf 75' lang='grc' dir='ltr'>σταυροῦ</span> <span class='ocrx_word' id='word_1_131' title='bbox 1439 1870 1663 1937; x_wconf 87' lang='grc' dir='ltr'>σημεῖον</span> <span class='ocrx_word' id='word_1_132' title='bbox 1730 1866 1989 1967; x_wconf 76' lang='grc' dir='ltr'>ἀφῆκεΒ</span> 
     </span>
     <span class='ocr_line' id='line_1_20' title="bbox 258 1942 1811 1967; baseline 0 0"><span class='ocrx_word' id='word_1_133' title='bbox 258 1942 349 1967; x_wconf 51' lang='grc' dir='ltr'><strong>---.δ</strong></span> <span class='ocrx_word' id='word_1_134' title='bbox 382 1946 424 1967; x_wconf 75' lang='grc' dir='ltr'>ιι</span> <span class='ocrx_word' id='word_1_135' title='bbox 453 1947 566 1967; x_wconf 30' lang='grc' dir='ltr'>-..νίν</span> <span class='ocrx_word' id='word_1_136' title='bbox 636 1946 686 1967; x_wconf 49' lang='grc' dir='ltr'><strong>η,</strong></span> <span class='ocrx_word' id='word_1_137' title='bbox 764 1951 811 1967; x_wconf 50' lang='grc' dir='ltr'>ν.</span> <span class='ocrx_word' id='word_1_138' title='bbox 948 1948 961 1967; x_wconf 84' lang='lat'><strong><em>\</em></strong></span> <span class='ocrx_word' id='word_1_139' title='bbox 1010 1951 1021 1967; x_wconf 65' lang='grc' dir='ltr'><strong>Ω</strong></span> <span class='ocrx_word' id='word_1_140' title='bbox 1134 1951 1149 1967; x_wconf 85' lang='lat'><strong><em>\</em></strong></span> <span class='ocrx_word' id='word_1_141' title='bbox 1315 1950 1333 1967; x_wconf 49' lang='grc' dir='ltr'>ἢ</span> <span class='ocrx_word' id='word_1_142' title='bbox 1386 1952 1397 1967; x_wconf 82' lang='grc' dir='ltr'><strong><em>Ι</em></strong></span> <span class='ocrx_word' id='word_1_143' title='bbox 1580 1957 1607 1967; x_wconf 65' lang='grc' dir='ltr'>α</span> <span class='ocrx_word' id='word_1_144' title='bbox 1718 1952 1770 1967; x_wconf 68' lang='lat' dir='ltr'><strong>u‘</strong></span> <span class='ocrx_word' id='word_1_145' title='bbox 1792 1954 1811 1967; x_wconf 58' lang='grc' dir='ltr'>ς</span> 
     </span>
    </p>
   </div>
   <div class='ocr_carea' id='block_1_20' title="bbox 257 1942 1901 2024">
    <p class='ocr_par' dir='ltr' id='par_1_20' title="bbox 257 1942 1901 2024">
     <span class='ocr_line' id='line_1_21' title="bbox 257 1942 1901 2024; baseline 0.008 -28"><span class='ocrx_word' id='word_1_146' title='bbox 257 1942 566 1999; x_wconf 70' lang='grc' dir='ltr'>καῖ“κατ’</span> <span class='ocrx_word' id='word_1_147' title='bbox 626 1946 814 2001; x_wconf 80' lang='grc' dir='ltr'>αὑτοῦ·</span> <span class='ocrx_word' id='word_1_148' title='bbox 876 1948 963 2003; x_wconf 83' lang='grc' dir='ltr'>καὶ</span> <span class='ocrx_word' id='word_1_149' title='bbox 1002 1951 1030 2003; x_wconf 76' lang='grc' dir='ltr'>ὁ</span> <span class='ocrx_word' id='word_1_150' title='bbox 1094 1951 1211 2024; x_wconf 75' lang='grc' dir='ltr'>μὲν,</span> <span class='ocrx_word' id='word_1_151' title='bbox 1270 1950 1483 2007; x_wconf 87' lang='grc' dir='ltr'>πλείονι</span> <span class='ocrx_word' id='word_1_152' title='bbox 1542 1957 1648 2007; x_wconf 80' lang='grc' dir='ltr'><strong>τῶν</strong></span> <span class='ocrx_word' id='word_1_153' title='bbox 1716 1952 1901 2010; x_wconf 79' lang='grc' dir='ltr'>ἃλλων</span> 
     </span>
    </p>
   </div>
   <div class='ocr_carea' id='block_1_21' title="bbox 260 2032 1905 2119">
    <p class='ocr_par' dir='ltr' id='par_1_21' title="bbox 260 2032 1905 2119">
     <span class='ocr_line' id='line_1_22' title="bbox 260 2032 1905 2119; baseline 0.008 -33"><span class='ocrx_word' id='word_1_154' title='bbox 260 2032 609 2119; x_wconf 82' lang='grc' dir='ltr'>μεγαλαυχίᾳ</span> <span class='ocrx_word' id='word_1_155' title='bbox 644 2033 1031 2111; x_wconf 77' lang='grc' dir='ltr'>σεσοϐημένος,</span> <span class='ocrx_word' id='word_1_156' title='bbox 1082 2039 1307 2095; x_wconf 85' lang='grc' dir='ltr'>πλείονα</span> <span class='ocrx_word' id='word_1_157' title='bbox 1355 2040 1444 2096; x_wconf 83' lang='grc' dir='ltr'><strong>καὶ</strong></span> <span class='ocrx_word' id='word_1_158' title='bbox 1491 2046 1589 2111; x_wconf 79' lang='grc' dir='ltr'><strong>τήν</strong></span> <span class='ocrx_word' id='word_1_159' title='bbox 1639 2043 1905 2119; x_wconf 79' lang='grc' dir='ltr'>αἰσχύνην</span> 
     </span>
    </p>
   </div>
   <div class='ocr_carea' id='block_1_22' title="bbox 256 2115 1906 2210">
    <p class='ocr_par' dir='ltr' id='par_1_22' title="bbox 256 2115 1906 2210">
     <span class='ocr_line' id='line_1_23' title="bbox 256 2115 1906 2210; baseline 0.008 -35"><span class='ocrx_word' id='word_1_160' title='bbox 256 2115 405 2197; x_wconf 77' lang='grc' dir='ltr'>ἔχων</span> <span class='ocrx_word' id='word_1_161' title='bbox 447 2123 599 2186; x_wconf 73' lang='grc' dir='ltr'>εὐθὺς</span> <span class='ocrx_word' id='word_1_162' title='bbox 653 2123 999 2195; x_wconf 77' lang='grc' dir='ltr'>ἐξηλαύνετο.</span> <span class='ocrx_word' id='word_1_163' title='bbox 1058 2128 1209 2198; x_wconf 84' lang='grc' dir='ltr'>Αύτὴ</span> <span class='ocrx_word' id='word_1_164' title='bbox 1263 2127 1322 2186; x_wconf 69' lang='grc' dir='ltr'><em>δὲ</em></span> <span class='ocrx_word' id='word_1_165' title='bbox 1370 2130 1534 2188; x_wconf 57' lang='grc' dir='ltr'>πάλιν</span> <span class='ocrx_word' id='word_1_166' title='bbox 1582 2138 1703 2195; x_wconf 89' lang='grc' dir='ltr'>ταῖς</span> <span class='ocrx_word' id='word_1_167' title='bbox 1736 2115 1906 2210; x_wconf 42' lang='grc' dir='ltr'>Ἶπρὸς</span> 
     </span>
    </p>
   </div>
   <div class='ocr_carea' id='block_1_23' title="bbox 255 2211 1905 2296">
    <p class='ocr_par' dir='ltr' id='par_1_23' title="bbox 255 2211 1905 2296">
     <span class='ocr_line' id='line_1_24' title="bbox 255 2211 1905 2296; baseline 0.007 -30"><span class='ocrx_word' id='word_1_168' title='bbox 255 2212 391 2267; x_wconf 83' lang='grc' dir='ltr'>Θεὸν</span> <span class='ocrx_word' id='word_1_169' title='bbox 440 2211 631 2288; x_wconf 85' lang='grc' dir='ltr'>εὑχαῖς</span> <span class='ocrx_word' id='word_1_170' title='bbox 688 2215 778 2270; x_wconf 86' lang='grc' dir='ltr'><strong>καὶ</strong></span> <span class='ocrx_word' id='word_1_171' title='bbox 827 2213 1069 2286; x_wconf 74' lang='grc' dir='ltr'>δεήσεσιν</span> <span class='ocrx_word' id='word_1_172' title='bbox 1127 2220 1319 2289; x_wconf 79' lang='grc' dir='ltr'>ὲαυτήν</span> <span class='ocrx_word' id='word_1_173' title='bbox 1376 2218 1766 2296; x_wconf 78' lang='grc' dir='ltr'>ἀνελάμϐανεν·</span> <span class='ocrx_word' id='word_1_174' title='bbox 1818 2225 1905 2279; x_wconf 79' lang='grc' dir='ltr'><strong>ἐπὶ</strong></span> 
     </span>
    </p>
   </div>
   <div class='ocr_carea' id='block_1_24' title="bbox 249 2302 1906 2385">
    <p class='ocr_par' dir='ltr' id='par_1_24' title="bbox 249 2302 1906 2385">
     <span class='ocr_line' id='line_1_25' title="bbox 249 2302 1906 2385; baseline 0.007 -29"><span class='ocrx_word' id='word_1_175' title='bbox 249 2302 468 2364; x_wconf 86' lang='grc' dir='ltr'>τούτοις</span> <span class='ocrx_word' id='word_1_176' title='bbox 523 2303 550 2357; x_wconf 98' lang='lat'><strong>6</strong></span> <span class='ocrx_word' id='word_1_177' title='bbox 580 2302 647 2358; x_wconf 74' lang='grc' dir='ltr'><strong>τὰ</strong></span> <span class='ocrx_word' id='word_1_178' title='bbox 699 2304 912 2379; x_wconf 85' lang='grc' dir='ltr'>μεγάλα</span> <span class='ocrx_word' id='word_1_179' title='bbox 962 2310 1146 2384; x_wconf 75' lang='grc' dir='ltr'>φυσῶν</span> <span class='ocrx_word' id='word_1_180' title='bbox 1190 2309 1238 2344; x_wconf 70' lang='grc'><strong>4⁸</strong></span> <span class='ocrx_word' id='word_1_181' title='bbox 1284 2312 1536 2375; x_wconf 83' lang='grc' dir='ltr'>ταπεινὸς</span> <span class='ocrx_word' id='word_1_182' title='bbox 1587 2308 1745 2385; x_wconf 77' lang='grc' dir='ltr'>ὤφθη</span> <span class='ocrx_word' id='word_1_183' title='bbox 1796 2316 1906 2370; x_wconf 84' lang='grc' dir='ltr'><strong>Κυ-</strong></span> 
     </span>
    </p>
   </div>
   <div class='ocr_carea' id='block_1_25' title="bbox 251 2389 1905 2478">
    <p class='ocr_par' dir='ltr' id='par_1_25' title="bbox 251 2389 1905 2478">
     <span class='ocr_line' id='line_1_26' title="bbox 251 2389 1905 2478; baseline 0.007 -34"><span class='ocrx_word' id='word_1_184' title='bbox 251 2396 488 2478; x_wconf 65' lang='grc' dir='ltr'>πριανζρ,</span> <span class='ocrx_word' id='word_1_185' title='bbox 540 2393 629 2446; x_wconf 84' lang='grc' dir='ltr'>καὶ</span> <span class='ocrx_word' id='word_1_186' title='bbox 682 2389 937 2465; x_wconf 76' lang='grc' dir='ltr'>σύμϐολα</span> <span class='ocrx_word' id='word_1_187' title='bbox 994 2403 1135 2471; x_wconf 71' lang='grc' dir='ltr'>σαφῆ</span> <span class='ocrx_word' id='word_1_188' title='bbox 1197 2404 1297 2467; x_wconf 81' lang='grc' dir='ltr'><strong>τῆς</strong></span> <span class='ocrx_word' id='word_1_189' title='bbox 1368 2399 1538 2469; x_wconf 78' lang='grc' dir='ltr'>ἥττης</span> <span class='ocrx_word' id='word_1_190' title='bbox 1592 2402 1769 2478; x_wconf 81' lang='grc' dir='ltr'>φέρων</span> <span class='ocrx_word' id='word_1_191' title='bbox 1816 2401 1905 2455; x_wconf 79' lang='grc' dir='ltr'><strong>ἐπὶ</strong></span> 
     </span>
    </p>
   </div>
   <div class='ocr_carea' id='block_1_26' title="bbox 249 2476 1904 2564">
    <p class='ocr_par' dir='ltr' id='par_1_26' title="bbox 249 2476 1904 2564">
     <span class='ocr_line' id='line_1_27' title="bbox 249 2476 1904 2564; baseline 0.005 -30"><span class='ocrx_word' id='word_1_192' title='bbox 249 2481 355 2549; x_wconf 81' lang='grc' dir='ltr'><strong>τῆς</strong></span> <span class='ocrx_word' id='word_1_193' title='bbox 411 2476 612 2553; x_wconf 73' lang='grc' dir='ltr'>ὅψεως.</span> <span class='ocrx_word' id='word_1_194' title='bbox 670 2482 727 2535; x_wconf 79' lang='lat'><strong>&#39;0</strong></span> <span class='ocrx_word' id='word_1_195' title='bbox 774 2478 850 2537; x_wconf 83' lang='grc' dir='ltr'>δέ·</span> <span class='ocrx_word' id='word_1_196' title='bbox 912 2483 1012 2537; x_wconf 82' lang='grc' dir='ltr'>Καὶ</span> <span class='ocrx_word' id='word_1_197' title='bbox 1067 2486 1096 2540; x_wconf 86' lang='grc' dir='ltr'><strong>ὁ</strong></span> <span class='ocrx_word' id='word_1_198' title='bbox 1145 2489 1431 2555; x_wconf 79' lang='grc' dir='ltr'>τοσοῦτος,</span> <span class='ocrx_word' id='word_1_199' title='bbox 1492 2476 1615 2564; x_wconf 80' lang='grc' dir='ltr'>ἔφη,</span> <span class='ocrx_word' id='word_1_200' title='bbox 1677 2487 1739 2542; x_wconf 84' lang='grc' dir='ltr'>σὺ</span> <span class='ocrx_word' id='word_1_201' title='bbox 1804 2495 1904 2557; x_wconf 82' lang='grc' dir='ltr'><strong>τῆς</strong></span> 
     </span>
    </p>
   </div>
   <div class='ocr_carea' id='block_1_27' title="bbox 249 2566 1901 2647">
    <p class='ocr_par' dir='ltr' id='par_1_27' title="bbox 249 2566 1901 2647">
     <span class='ocr_line' id='line_1_28' title="bbox 249 2566 1901 2647; baseline 0.005 -24"><span class='ocrx_word' id='word_1_202' title='bbox 249 2566 468 2624; x_wconf 78' lang='grc' dir='ltr'>τοιᾶσδε</span> <span class='ocrx_word' id='word_1_203' title='bbox 517 2570 687 2647; x_wconf 88' lang='grc' dir='ltr'>κόρης</span> <span class='ocrx_word' id='word_1_204' title='bbox 735 2570 1050 2641; x_wconf 81' lang='grc' dir='ltr'>ἠλάττωσαι</span> <span class='ocrx_word' id='word_1_205' title='bbox 1082 2592 1098 2641; x_wconf 90' lang='lat'><strong>;</strong></span> <span class='ocrx_word' id='word_1_206' title='bbox 1130 2573 1208 2636; x_wconf 72' lang='grc' dir='ltr'>εἷς</span> <span class='ocrx_word' id='word_1_207' title='bbox 1244 2577 1287 2611; x_wconf 72' lang='grc'><strong>⁸⁷</strong></span> <span class='ocrx_word' id='word_1_208' title='bbox 1324 2576 1377 2630; x_wconf 81' lang='grc' dir='ltr'><strong>τί</strong></span> <span class='ocrx_word' id='word_1_209' title='bbox 1409 2573 1466 2630; x_wconf 77' lang='grc' dir='ltr'><strong>δὲ</strong></span> <span class='ocrx_word' id='word_1_210' title='bbox 1518 2576 1693 2647; x_wconf 81' lang='grc' dir='ltr'>ἐκείνη</span> <span class='ocrx_word' id='word_1_211' title='bbox 1744 2577 1793 2612; x_wconf 66' lang='grc'><strong>4⁸</strong></span> <span class='ocrx_word' id='word_1_212' title='bbox 1835 2577 1901 2632; x_wconf 85' lang='grc' dir='ltr'>τὸ</span> 
     </span>
    </p>
   </div>
   <div class='ocr_carea' id='block_1_28' title="bbox 250 2657 1902 2741">
    <p class='ocr_par' dir='ltr' id='par_1_28' title="bbox 250 2657 1902 2741">
     <span class='ocr_line' id='line_1_29' title="bbox 250 2657 1902 2741; baseline 0.007 -29"><span class='ocrx_word' id='word_1_213' title='bbox 250 2657 466 2734; x_wconf 82' lang='grc' dir='ltr'>θαῤῥεῖν</span> <span class='ocrx_word' id='word_1_214' title='bbox 512 2657 739 2735; x_wconf 75' lang='grc' dir='ltr'>ἔχουσα,</span> <span class='ocrx_word' id='word_1_215' title='bbox 783 2660 1001 2737; x_wconf 87' lang='grc' dir='ltr'>μεγάλα</span> <span class='ocrx_word' id='word_1_216' title='bbox 1041 2668 1264 2721; x_wconf 78' lang='grc' dir='ltr'>τοιαῦτα</span> <span class='ocrx_word' id='word_1_217' title='bbox 1310 2666 1443 2721; x_wconf 78' lang='grc' dir='ltr'>κατὰ</span> <span class='ocrx_word' id='word_1_218' title='bbox 1488 2670 1592 2721; x_wconf 77' lang='grc' dir='ltr'><strong>τῶν</strong></span> <span class='ocrx_word' id='word_1_219' title='bbox 1647 2665 1902 2741; x_wconf 81' lang='grc' dir='ltr'>μεγάλων</span> 
     </span>
    </p>
   </div>
   <div class='ocr_carea' id='block_1_29' title="bbox 255 2746 1896 2827">
    <p class='ocr_par' dir='ltr' id='par_1_29' title="bbox 255 2746 1896 2827">
     <span class='ocr_line' id='line_1_30' title="bbox 255 2746 1896 2827; baseline 0.006 -26"><span class='ocrx_word' id='word_1_220' title='bbox 255 2748 407 2820; x_wconf 80' lang='grc' dir='ltr'>ὑμῶν</span> <span class='ocrx_word' id='word_1_221' title='bbox 441 2746 657 2804; x_wconf 84' lang='grc' dir='ltr'>δύναται</span> <span class='ocrx_word' id='word_1_222' title='bbox 684 2767 699 2818; x_wconf 87' lang='lat'><strong>;</strong></span> <span class='ocrx_word' id='word_1_223' title='bbox 731 2751 865 2805; x_wconf 85' lang='grc' dir='ltr'>Τότε</span> <span class='ocrx_word' id='word_1_224' title='bbox 894 2752 923 2804; x_wconf 91' lang='lat'><strong>6</strong></span> <span class='ocrx_word' id='word_1_225' title='bbox 954 2748 1163 2823; x_wconf 81' lang='grc' dir='ltr'>δαίμων</span> <span class='ocrx_word' id='word_1_226' title='bbox 1206 2752 1346 2827; x_wconf 86' lang='grc' dir='ltr'>(θεία</span> <span class='ocrx_word' id='word_1_227' title='bbox 1397 2751 1454 2807; x_wconf 71' lang='grc' dir='ltr'><strong>δὲ</strong></span> <span class='ocrx_word' id='word_1_228' title='bbox 1500 2755 1566 2822; x_wconf 79' lang='grc' dir='ltr'><strong>ἦν</strong></span> <span class='ocrx_word' id='word_1_229' title='bbox 1613 2754 1829 2817; x_wconf 86' lang='grc' dir='ltr'>πάντως</span> <span class='ocrx_word' id='word_1_230' title='bbox 1860 2757 1896 2825; x_wconf 75' lang='grc' dir='ltr'><strong>ἡ</strong></span> 
     </span>
    </p>
   </div>
   <div class='ocr_carea' id='block_1_30' title="bbox 249 2835 1898 2915">
    <p class='ocr_par' dir='ltr' id='par_1_30' title="bbox 249 2835 1898 2915">
     <span class='ocr_line' id='line_1_31' title="bbox 249 2835 1898 2915; baseline 0.004 -25"><span class='ocrx_word' id='word_1_231' title='bbox 249 2841 477 2892; x_wconf 82' lang='grc' dir='ltr'>κινοῦσα</span> <span class='ocrx_word' id='word_1_232' title='bbox 506 2835 739 2910; x_wconf 82' lang='grc' dir='ltr'>δύναμις</span> <span class='ocrx_word' id='word_1_233' title='bbox 788 2836 991 2915; x_wconf 69' lang='grc' dir='ltr'>ἔκφορα</span> <span class='ocrx_word' id='word_1_234' title='bbox 1031 2844 1201 2895; x_wconf 74' lang='grc' dir='ltr'>ταῦτα</span> <span class='ocrx_word' id='word_1_235' title='bbox 1255 2847 1432 2895; x_wconf 77' lang='grc' dir='ltr'>ποιεῖν</span> <span class='ocrx_word' id='word_1_236' title='bbox 1471 2845 1562 2895; x_wconf 88' lang='grc' dir='ltr'>τὸν</span> <span class='ocrx_word' id='word_1_237' title='bbox 1608 2849 1708 2910; x_wconf 76' lang='grc' dir='ltr'><strong>τῆς</strong></span> <span class='ocrx_word' id='word_1_238' title='bbox 1755 2843 1898 2911; x_wconf 83' lang='grc' dir='ltr'>ἀλη-</span> 
     </span>
    </p>
   </div>
   <div class='ocr_carea' id='block_1_31' title="bbox 252 2922 1898 3005">
    <p class='ocr_par' dir='ltr' id='par_1_31' title="bbox 252 2922 1898 3005">
     <span class='ocr_line' id='line_1_32' title="bbox 252 2922 1898 3005; baseline 0.002 -26"><span class='ocrx_word' id='word_1_239' title='bbox 252 2924 400 2988; x_wconf 87' lang='grc' dir='ltr'>θείας</span> <span class='ocrx_word' id='word_1_240' title='bbox 467 2925 801 2999; x_wconf 84' lang='grc' dir='ltr'>ἀντίπαλον)·</span> <span class='ocrx_word' id='word_1_241' title='bbox 872 2926 994 3003; x_wconf 85' lang='grc' dir='ltr'><strong>Οὑχ</strong></span> <span class='ocrx_word' id='word_1_242' title='bbox 1051 2928 1419 3001; x_wconf 74' lang='grc' dir='ltr'>ὑπομένομεν,</span> <span class='ocrx_word' id='word_1_243' title='bbox 1492 2922 1618 3005; x_wconf 73' lang='grc' dir='ltr'>ἔφη,</span> <span class='ocrx_word' id='word_1_244' title='bbox 1682 2931 1744 2983; x_wconf 86' lang='grc' dir='ltr'>τὸ</span> <span class='ocrx_word' id='word_1_245' title='bbox 1802 2933 1898 2984; x_wconf 76' lang='grc' dir='ltr'><strong>τοῦ</strong></span> 
     </span>
    </p>
   </div>
   <div class='ocr_carea' id='block_1_32' title="bbox 254 3013 1899 3091">
    <p class='ocr_par' dir='ltr' id='par_1_32' title="bbox 254 3013 1899 3091">
     <span class='ocr_line' id='line_1_33' title="bbox 254 3013 1899 3091; baseline 0.004 -24"><span class='ocrx_word' id='word_1_246' title='bbox 254 3018 489 3088; x_wconf 76' lang='grc' dir='ltr'>σταυροῦ</span> <span class='ocrx_word' id='word_1_247' title='bbox 520 3019 773 3088; x_wconf 81' lang='grc' dir='ltr'>σημεῖον,</span> <span class='ocrx_word' id='word_1_248' title='bbox 805 3013 931 3070; x_wconf 69' lang='grc' dir='ltr'>οὐδὲ</span> <span class='ocrx_word' id='word_1_249' title='bbox 963 3016 1123 3089; x_wconf 88' lang='grc' dir='ltr'>μόνον</span> <span class='ocrx_word' id='word_1_250' title='bbox 1166 3014 1296 3072; x_wconf 74' lang='grc' dir='ltr'>ἰδεῖν</span> <span class='ocrx_word' id='word_1_251' title='bbox 1348 3023 1708 3091; x_wconf 73' lang='grc' dir='ltr'>τυπούμενον,</span> <span class='ocrx_word' id='word_1_252' title='bbox 1753 3016 1899 3074; x_wconf 83' lang='grc' dir='ltr'>ἀλλὰ</span> 
     </span>
    </p>
   </div>
   <div class='ocr_carea' id='block_1_33' title="bbox 251 3104 1895 3184">
    <p class='ocr_par' dir='ltr' id='par_1_33' title="bbox 251 3104 1895 3184">
     <span class='ocr_line' id='line_1_34' title="bbox 251 3104 1895 3184; baseline 0.004 -27"><span class='ocrx_word' id='word_1_253' title='bbox 251 3105 518 3183; x_wconf 68' lang='grc' dir='ltr'>φθάνομεν</span> <span class='ocrx_word' id='word_1_254' title='bbox 569 3106 615 3141; x_wconf 75' lang='grc'><strong>⁴⁰</strong></span> <span class='ocrx_word' id='word_1_255' title='bbox 672 3105 771 3159; x_wconf 74' lang='grc' dir='ltr'>ἂνὰ</span> <span class='ocrx_word' id='word_1_256' title='bbox 825 3104 1020 3180; x_wconf 78' lang='grc' dir='ltr'>κράτος</span> <span class='ocrx_word' id='word_1_257' title='bbox 1077 3105 1359 3184; x_wconf 77' lang='grc' dir='ltr'>φεύγοντές</span> <span class='ocrx_word' id='word_1_258' title='bbox 1422 3128 1479 3162; x_wconf 90' lang='grc' dir='ltr'><strong>τε</strong></span> <span class='ocrx_word' id='word_1_259' title='bbox 1526 3106 1613 3163; x_wconf 81' lang='grc' dir='ltr'><strong>καὶ</strong></span> <span class='ocrx_word' id='word_1_260' title='bbox 1665 3105 1895 3163; x_wconf 83' lang='grc' dir='ltr'>διωθού-</span> 
     </span>
    </p>
   </div>
   <div class='ocr_carea' id='block_1_34' title="bbox 253 3192 1895 3274">
    <p class='ocr_par' dir='ltr' id='par_1_34' title="bbox 253 3192 1895 3274">
     <span class='ocr_line' id='line_1_35' title="bbox 253 3192 1895 3274; baseline 0.004 -26"><span class='ocrx_word' id='word_1_261' title='bbox 253 3212 425 3265; x_wconf 85' lang='grc' dir='ltr'>μενοι,</span> <span class='ocrx_word' id='word_1_262' title='bbox 465 3194 591 3269; x_wconf 81' lang='grc' dir='ltr'>πρὶν</span> <span class='ocrx_word' id='word_1_263' title='bbox 632 3192 667 3263; x_wconf 72' lang='grc' dir='ltr'><strong>ἤ</strong></span> <span class='ocrx_word' id='word_1_264' title='bbox 699 3192 924 3255; x_wconf 80' lang='grc' dir='ltr'>τελείως</span> <span class='ocrx_word' id='word_1_265' title='bbox 955 3194 1085 3251; x_wconf 84' lang='grc' dir='ltr'>αὑτὸ</span> <span class='ocrx_word' id='word_1_266' title='bbox 1134 3198 1471 3266; x_wconf 77' lang='grc' dir='ltr'>τυπωθῆναι.</span> <span class='ocrx_word' id='word_1_267' title='bbox 1512 3198 1692 3267; x_wconf 82' lang='grc' dir='ltr'>Πόσης</span> <span class='ocrx_word' id='word_1_268' title='bbox 1738 3197 1895 3274; x_wconf 77' lang='grc' dir='ltr'>ανάγο</span> 
     </span>
    </p>
   </div>
   <div class='ocr_carea' id='block_1_35' title="bbox 2030 619 3663 692">
    <p class='ocr_par' dir='ltr' id='par_1_35' title="bbox 2030 619 3663 692">
     <span class='ocr_line' id='line_1_36' title="bbox 2030 619 3663 692; baseline 0 -19"><span class='ocrx_word' id='word_1_269' title='bbox 2030 619 2282 692; x_wconf 90' lang='lat' dir='ltr'><strong>gligunt.</strong></span> <span class='ocrx_word' id='word_1_270' title='bbox 2323 621 2467 678; x_wconf 86' lang='lat' dir='ltr'><strong>Hinc</strong></span> <span class='ocrx_word' id='word_1_271' title='bbox 2496 621 2857 691; x_wconf 87' lang='lat' dir='ltr'><strong>improbitas,</strong></span> <span class='ocrx_word' id='word_1_272' title='bbox 2899 625 3137 692; x_wconf 88' lang='lat' dir='ltr'><strong>accepta</strong></span> <span class='ocrx_word' id='word_1_273' title='bbox 3168 620 3492 688; x_wconf 90' lang='lat' dir='ltr'><strong>occasione,</strong></span> <span class='ocrx_word' id='word_1_274' title='bbox 3524 633 3663 674; x_wconf 82' lang='lat' dir='ltr'><strong>suas</strong></span> 
     </span>
    </p>
   </div>
   <div class='ocr_carea' id='block_1_36' title="bbox 2030 707 3781 782">
    <p class='ocr_par' dir='ltr' id='par_1_36' title="bbox 2030 707 3781 782">
     <span class='ocr_line' id='line_1_37' title="bbox 2030 707 3781 782; baseline -0.002 -18"><span class='ocrx_word' id='word_1_275' title='bbox 2030 708 2310 781; x_wconf 80' lang='lat' dir='ltr'><strong>implebat</strong></span> <span class='ocrx_word' id='word_1_276' title='bbox 2359 718 2594 782; x_wconf 87' lang='lat' dir='ltr'><strong>partes;</strong></span> <span class='ocrx_word' id='word_1_277' title='bbox 2629 715 2730 766; x_wconf 90' lang='lat' dir='ltr'><strong>et:</strong></span> <span class='ocrx_word' id='word_1_278' title='bbox 2774 713 3070 776; x_wconf 67' lang='lat' dir='ltr'><strong>Quaenam,</strong></span> <span class='ocrx_word' id='word_1_279' title='bbox 3113 708 3360 764; x_wconf 88' lang='lat' dir='ltr'><strong>dicebat.</strong></span> <span class='ocrx_word' id='word_1_280' title='bbox 3403 708 3525 764; x_wconf 78' lang='lat' dir='ltr'><strong>Eves</strong></span> <span class='ocrx_word' id='word_1_281' title='bbox 3554 707 3665 763; x_wconf 88' lang='lat' dir='ltr'><strong>fuit</strong></span> <span class='ocrx_word' id='word_1_282' title='bbox 3776 770 3781 773; x_wconf 17' lang='grc' dir='ltr'><strong>μ</strong></span> 
     </span>
    </p>
   </div>
   <div class='ocr_carea' id='block_1_37' title="bbox 2029 794 3662 869">
    <p class='ocr_par' dir='ltr' id='par_1_37' title="bbox 2029 794 3662 869">
     <span class='ocr_line' id='line_1_38' title="bbox 2029 794 3662 869; baseline -0.002 -16"><span class='ocrx_word' id='word_1_283' title='bbox 2029 798 2246 854; x_wconf 80' lang='lat' dir='ltr'><strong>utilitas</strong></span> <span class='ocrx_word' id='word_1_284' title='bbox 2284 802 2419 854; x_wconf 89' lang='lat' dir='ltr'><strong>ante</strong></span> <span class='ocrx_word' id='word_1_285' title='bbox 2446 806 2676 868; x_wconf 79' lang='lat' dir='ltr'><strong>gustum</strong></span> <span class='ocrx_word' id='word_1_286' title='bbox 2710 796 2901 869; x_wconf 83' lang='lat' dir='ltr'><strong>ligni?</strong></span> <span class='ocrx_word' id='word_1_287' title='bbox 2938 796 3239 853; x_wconf 89' lang='lat' dir='ltr'><strong>Undenam</strong></span> <span class='ocrx_word' id='word_1_288' title='bbox 3272 800 3466 851; x_wconf 90' lang='lat' dir='ltr'><strong>autem</strong></span> <span class='ocrx_word' id='word_1_289' title='bbox 3498 794 3662 869; x_wconf 85' lang='lat' dir='ltr'><strong>geni-</strong></span> 
     </span>
    </p>
   </div>
   <div class='ocr_carea' id='block_1_38' title="bbox 2025 884 3660 957">
    <p class='ocr_par' dir='ltr' id='par_1_38' title="bbox 2025 884 3660 957">
     <span class='ocr_line' id='line_1_39' title="bbox 2025 884 3660 957; baseline -0.001 -16"><span class='ocrx_word' id='word_1_290' title='bbox 2025 890 2122 942; x_wconf 88' lang='lat' dir='ltr'><strong>tus</strong></span> <span class='ocrx_word' id='word_1_291' title='bbox 2151 894 2301 943; x_wconf 82' lang='lat' dir='ltr'><strong>esset</strong></span> <span class='ocrx_word' id='word_1_292' title='bbox 2339 888 2595 943; x_wconf 90' lang='lat' dir='ltr'><strong>mundus</strong></span> <span class='ocrx_word' id='word_1_293' title='bbox 2622 887 2649 942; x_wconf 83' lang='lat'><strong>?</strong></span> <span class='ocrx_word' id='word_1_294' title='bbox 2697 886 2994 943; x_wconf 85' lang='lat' dir='ltr'><strong>Undenam</strong></span> <span class='ocrx_word' id='word_1_295' title='bbox 3029 885 3125 957; x_wconf 85' lang='lat' dir='ltr'><strong>qui</strong></span> <span class='ocrx_word' id='word_1_296' title='bbox 3176 900 3332 940; x_wconf 90' lang='lat' dir='ltr'><strong>nunc</strong></span> <span class='ocrx_word' id='word_1_297' title='bbox 3362 889 3521 950; x_wconf 89' lang='lat' dir='ltr'><strong>sunt,</strong></span> <span class='ocrx_word' id='word_1_298' title='bbox 3554 884 3660 939; x_wconf 87' lang='lat' dir='ltr'><strong>ha-</strong></span> 
     </span>
    </p>
   </div>
   <div class='ocr_carea' id='block_1_39' title="bbox 2025 971 3661 1042">
    <p class='ocr_par' dir='ltr' id='par_1_39' title="bbox 2025 971 3661 1042">
     <span class='ocr_line' id='line_1_40' title="bbox 2025 971 3661 1042; baseline -0.002 -11"><span class='ocrx_word' id='word_1_299' title='bbox 2025 973 2283 1032; x_wconf 91' lang='lat' dir='ltr'><strong>buissent</strong></span> <span class='ocrx_word' id='word_1_300' title='bbox 2323 977 2659 1042; x_wconf 81' lang='lat' dir='ltr'><strong>essentiam,</strong></span> <span class='ocrx_word' id='word_1_301' title='bbox 2692 975 2742 1031; x_wconf 90' lang='lat' dir='ltr'><strong>si</strong></span> <span class='ocrx_word' id='word_1_302' title='bbox 2770 974 3207 1030; x_wconf 80' lang='lat' dir='ltr'><strong>matrimonium</strong></span> <span class='ocrx_word' id='word_1_303' title='bbox 3242 972 3496 1029; x_wconf 89' lang='lat' dir='ltr'><strong>ablatum</strong></span> <span class='ocrx_word' id='word_1_304' title='bbox 3519 971 3661 1028; x_wconf 81' lang='lat' dir='ltr'><strong>fuis-</strong></span> 
     </span>
    </p>
   </div>
   <div class='ocr_carea' id='block_1_40' title="bbox 2023 1060 3655 1137">
    <p class='ocr_par' dir='ltr' id='par_1_40' title="bbox 2023 1060 3655 1137">
     <span class='ocr_line' id='line_1_41' title="bbox 2023 1060 3655 1137; baseline -0.002 -18"><span class='ocrx_word' id='word_1_305' title='bbox 2023 1068 2111 1120; x_wconf 89' lang='lat' dir='ltr'><strong>set</strong></span> <span class='ocrx_word' id='word_1_306' title='bbox 2140 1070 2195 1121; x_wconf 91' lang='lat' dir='ltr'><strong>et</strong></span> <span class='ocrx_word' id='word_1_307' title='bbox 2225 1064 2605 1137; x_wconf 86' lang='lat' dir='ltr'><strong>conjunctio?</strong></span> <span class='ocrx_word' id='word_1_308' title='bbox 2636 1065 2693 1123; x_wconf 88' lang='lat' dir='ltr'><strong>Si</strong></span> <span class='ocrx_word' id='word_1_309' title='bbox 2714 1080 2827 1121; x_wconf 91' lang='lat' dir='ltr'><strong>non</strong></span> <span class='ocrx_word' id='word_1_310' title='bbox 2846 1062 3031 1119; x_wconf 88' lang='lat' dir='ltr'><strong>dulcis</strong></span> <span class='ocrx_word' id='word_1_311' title='bbox 3061 1067 3269 1136; x_wconf 80' lang='lat' dir='ltr'><strong>gustus</strong></span> <span class='ocrx_word' id='word_1_312' title='bbox 3288 1066 3400 1117; x_wconf 85' lang='lat' dir='ltr'><strong>Eva</strong></span> <span class='ocrx_word' id='word_1_313' title='bbox 3428 1060 3655 1133; x_wconf 84' lang='lat' dir='ltr'><strong>lignum</strong></span> 
     </span>
    </p>
   </div>
   <div class='ocr_carea' id='block_1_41' title="bbox 2021 1149 3654 1224">
    <p class='ocr_par' dir='ltr' id='par_1_41' title="bbox 2021 1149 3654 1224">
     <span class='ocr_line' id='line_1_42' title="bbox 2021 1149 3654 1224; baseline -0.002 -14"><span class='ocrx_word' id='word_1_314' title='bbox 2021 1158 2333 1224; x_wconf 87' lang='lat' dir='ltr'><strong>gustasset,</strong></span> <span class='ocrx_word' id='word_1_315' title='bbox 2364 1157 2414 1211; x_wconf 88' lang='lat' dir='ltr'><strong>si</strong></span> <span class='ocrx_word' id='word_1_316' title='bbox 2454 1172 2569 1211; x_wconf 91' lang='lat' dir='ltr'><strong>non</strong></span> <span class='ocrx_word' id='word_1_317' title='bbox 2630 1155 2815 1209; x_wconf 87' lang='lat' dir='ltr'><strong>virum</strong></span> <span class='ocrx_word' id='word_1_318' title='bbox 2874 1153 3258 1222; x_wconf 80' lang='lat' dir='ltr'><strong>cognovisset,</strong></span> <span class='ocrx_word' id='word_1_319' title='bbox 3319 1149 3419 1223; x_wconf 87' lang='lat' dir='ltr'><strong>qui</strong></span> <span class='ocrx_word' id='word_1_320' title='bbox 3482 1149 3654 1206; x_wconf 89' lang='lat' dir='ltr'><strong>etiam</strong></span> 
     </span>
    </p>
   </div>
   <div class='ocr_carea' id='block_1_42' title="bbox 2021 1236 3654 1315">
    <p class='ocr_par' dir='ltr' id='par_1_42' title="bbox 2021 1236 3654 1315">
     <span class='ocr_line' id='line_1_43' title="bbox 2021 1236 3654 1315; baseline -0.002 -19"><span class='ocrx_word' id='word_1_321' title='bbox 2021 1247 2260 1314; x_wconf 82' lang='lat' dir='ltr'><strong>propter</strong></span> <span class='ocrx_word' id='word_1_322' title='bbox 2300 1242 2408 1298; x_wconf 89' lang='lat' dir='ltr'><strong>hoc</strong></span> <span class='ocrx_word' id='word_1_323' title='bbox 2455 1246 2579 1299; x_wconf 88' lang='lat' dir='ltr'><strong>erat</strong></span> <span class='ocrx_word' id='word_1_324' title='bbox 2622 1242 2856 1315; x_wconf 87' lang='lat' dir='ltr'><strong>genitus</strong></span> <span class='ocrx_word' id='word_1_325' title='bbox 2888 1257 2902 1296; x_wconf 89' lang='lat'><strong>:</strong></span> <span class='ocrx_word' id='word_1_326' title='bbox 2937 1239 2987 1296; x_wconf 91' lang='lat' dir='ltr'><strong>si</strong></span> <span class='ocrx_word' id='word_1_327' title='bbox 3016 1255 3215 1296; x_wconf 92' lang='lat' dir='ltr'><strong>omnes</strong></span> <span class='ocrx_word' id='word_1_328' title='bbox 3242 1253 3371 1294; x_wconf 88' lang='lat' dir='ltr'><strong>esse</strong></span> <span class='ocrx_word' id='word_1_329' title='bbox 3398 1236 3654 1308; x_wconf 85' lang='lat' dir='ltr'><strong>virgines</strong></span> 
     </span>
    </p>
   </div>
   <div class='ocr_carea' id='block_1_43' title="bbox 2020 1326 3653 1398">
    <p class='ocr_par' dir='ltr' id='par_1_43' title="bbox 2020 1326 3653 1398">
     <span class='ocr_line' id='line_1_44' title="bbox 2020 1326 3653 1398; baseline -0.004 -11"><span class='ocrx_word' id='word_1_330' title='bbox 2020 1331 2476 1395; x_wconf 88' lang='lat' dir='ltr'><strong>constituissent,</strong></span> <span class='ocrx_word' id='word_1_331' title='bbox 2503 1331 2796 1388; x_wconf 90' lang='lat' dir='ltr'><strong>undenam</strong></span> <span class='ocrx_word' id='word_1_332' title='bbox 2820 1330 2938 1385; x_wconf 87' lang='lat' dir='ltr'><strong>nati</strong></span> <span class='ocrx_word' id='word_1_333' title='bbox 2955 1334 3149 1385; x_wconf 84' lang='lat' dir='ltr'><strong>essent</strong></span> <span class='ocrx_word' id='word_1_334' title='bbox 3171 1327 3299 1394; x_wconf 85' lang='lat' dir='ltr'><strong>ﬁlii,</strong></span> <span class='ocrx_word' id='word_1_335' title='bbox 3326 1326 3653 1398; x_wconf 90' lang='lat' dir='ltr'><strong>jucundum</strong></span> 
     </span>
    </p>
   </div>
   <div class='ocr_carea' id='block_1_44' title="bbox 2018 1411 3653 1487">
    <p class='ocr_par' dir='ltr' id='par_1_44' title="bbox 2018 1411 3653 1487">
     <span class='ocr_line' id='line_1_45' title="bbox 2018 1411 3653 1487; baseline -0.004 -12"><span class='ocrx_word' id='word_1_336' title='bbox 2018 1420 2360 1477; x_wconf 89' lang='lat' dir='ltr'><strong>hominibus</strong></span> <span class='ocrx_word' id='word_1_337' title='bbox 2442 1421 2715 1478; x_wconf 90' lang='lat' dir='ltr'><strong>omnibus</strong></span> <span class='ocrx_word' id='word_1_338' title='bbox 2798 1417 3071 1475; x_wconf 82' lang='lat' dir='ltr'><strong>solatium</strong></span> <span class='ocrx_word' id='word_1_339' title='bbox 3138 1421 3195 1473; x_wconf 90' lang='lat' dir='ltr'><strong>et</strong></span> <span class='ocrx_word' id='word_1_340' title='bbox 3277 1413 3503 1483; x_wconf 89' lang='lat' dir='ltr'><strong>mundi,</strong></span> <span class='ocrx_word' id='word_1_341' title='bbox 3553 1411 3653 1487; x_wconf 87' lang='lat' dir='ltr'><strong>qui</strong></span> 
     </span>
    </p>
   </div>
   <div class='ocr_carea' id='block_1_45' title="bbox 2017 1506 3240 1581">
    <p class='ocr_par' dir='ltr' id='par_1_45' title="bbox 2017 1506 3240 1581">
     <span class='ocr_line' id='line_1_46' title="bbox 2017 1506 3240 1581; baseline -0.005 -14"><span class='ocrx_word' id='word_1_342' title='bbox 2017 1509 2301 1581; x_wconf 78' lang='lat' dir='ltr'><strong>paulatim</strong></span> <span class='ocrx_word' id='word_1_343' title='bbox 2344 1510 2560 1579; x_wconf 80' lang='lat' dir='ltr'><strong>deficit,</strong></span> <span class='ocrx_word' id='word_1_344' title='bbox 2592 1510 2653 1565; x_wconf 89' lang='lat' dir='ltr'><strong>in</strong></span> <span class='ocrx_word' id='word_1_345' title='bbox 2693 1508 2863 1564; x_wconf 88' lang='lat' dir='ltr'><strong>vitam</strong></span> <span class='ocrx_word' id='word_1_346' title='bbox 2903 1506 3240 1564; x_wconf 74' lang='lat' dir='ltr'><strong>revocatio?</strong></span> 
     </span>
    </p>
   </div>
   <div class='ocr_carea' id='block_1_46' title="bbox 2085 1594 3652 1661">
    <p class='ocr_par' dir='ltr' id='par_1_46' title="bbox 2085 1594 3652 1661">
     <span class='ocr_line' id='line_1_47' title="bbox 2085 1594 3652 1661; baseline -0.002 -6"><span class='ocrx_word' id='word_1_347' title='bbox 2085 1600 2198 1655; x_wconf 82' lang='lat' dir='ltr'><strong>XV.</strong></span> <span class='ocrx_word' id='word_1_348' title='bbox 2248 1599 2394 1655; x_wconf 91' lang='lat' dir='ltr'><strong>Cum</strong></span> <span class='ocrx_word' id='word_1_349' title='bbox 2442 1598 2563 1654; x_wconf 79' lang='lat' dir='ltr'><strong>haec</strong></span> <span class='ocrx_word' id='word_1_350' title='bbox 2617 1598 2791 1654; x_wconf 84' lang='lat' dir='ltr'><strong>verba</strong></span> <span class='ocrx_word' id='word_1_351' title='bbox 2835 1597 3119 1653; x_wconf 88' lang='lat' dir='ltr'><strong>andiisset</strong></span> <span class='ocrx_word' id='word_1_352' title='bbox 3161 1596 3413 1661; x_wconf 87' lang='lat' dir='ltr'><strong>Justina,</strong></span> <span class='ocrx_word' id='word_1_353' title='bbox 3448 1594 3652 1652; x_wconf 91' lang='lat' dir='ltr'><strong>nonid</strong></span> 
     </span>
    </p>
   </div>
   <div class='ocr_carea' id='block_1_47' title="bbox 2012 1682 3647 1760">
    <p class='ocr_par' dir='ltr' id='par_1_47' title="bbox 2012 1682 3647 1760">
     <span class='ocr_line' id='line_1_48' title="bbox 2012 1682 3647 1760; baseline -0.001 -17"><span class='ocrx_word' id='word_1_354' title='bbox 2012 1686 2064 1743; x_wconf 89' lang='lat' dir='ltr'><strong>ei</strong></span> <span class='ocrx_word' id='word_1_355' title='bbox 2096 1702 2203 1743; x_wconf 85' lang='lat' dir='ltr'><strong>usu</strong></span> <span class='ocrx_word' id='word_1_356' title='bbox 2241 1688 2397 1743; x_wconf 87' lang='lat' dir='ltr'><strong>venit</strong></span> <span class='ocrx_word' id='word_1_357' title='bbox 2426 1688 2575 1760; x_wconf 91' lang='lat' dir='ltr'><strong>quod</strong></span> <span class='ocrx_word' id='word_1_358' title='bbox 2608 1688 2807 1759; x_wconf 70' lang='lat' dir='ltr'><strong>primae</strong></span> <span class='ocrx_word' id='word_1_359' title='bbox 2839 1686 3060 1757; x_wconf 87' lang='lat' dir='ltr'><strong>parenti</strong></span> <span class='ocrx_word' id='word_1_360' title='bbox 3107 1686 3235 1740; x_wconf 65' lang='lat' dir='ltr'><strong>Eva</strong></span> <span class='ocrx_word' id='word_1_361' title='bbox 3265 1700 3280 1741; x_wconf 90' lang='lat'><strong>:</strong></span> <span class='ocrx_word' id='word_1_362' title='bbox 3314 1684 3414 1741; x_wconf 88' lang='lat' dir='ltr'><strong>sed</strong></span> <span class='ocrx_word' id='word_1_363' title='bbox 3446 1682 3647 1741; x_wconf 85' lang='lat' dir='ltr'><strong>statim</strong></span> 
     </span>
    </p>
   </div>
   <div class='ocr_carea' id='block_1_48' title="bbox 2011 1774 3651 1845">
    <p class='ocr_par' dir='ltr' id='par_1_48' title="bbox 2011 1774 3651 1845">
     <span class='ocr_line' id='line_1_49' title="bbox 2011 1774 3651 1845; baseline -0.004 -10"><span class='ocrx_word' id='word_1_364' title='bbox 2011 1777 2286 1845; x_wconf 83' lang='lat' dir='ltr'><strong>surrexit,</strong></span> <span class='ocrx_word' id='word_1_365' title='bbox 2316 1784 2375 1836; x_wconf 90' lang='lat' dir='ltr'><strong>et</strong></span> <span class='ocrx_word' id='word_1_366' title='bbox 2422 1778 2640 1836; x_wconf 91' lang='lat' dir='ltr'><strong>malum</strong></span> <span class='ocrx_word' id='word_1_367' title='bbox 2669 1776 2979 1833; x_wconf 85' lang='lat' dir='ltr'><strong>declinavit</strong></span> <span class='ocrx_word' id='word_1_368' title='bbox 3036 1775 3457 1832; x_wconf 85' lang='lat' dir='ltr'><strong>consiliarium.</strong></span> <span class='ocrx_word' id='word_1_369' title='bbox 3490 1774 3651 1830; x_wconf 85' lang='lat' dir='ltr'><strong>Unde</strong></span> 
     </span>
    </p>
   </div>
   <div class='ocr_carea' id='block_1_49' title="bbox 2012 1864 3646 1940">
    <p class='ocr_par' dir='ltr' id='par_1_49' title="bbox 2012 1864 3646 1940">
     <span class='ocr_line' id='line_1_50' title="bbox 2012 1864 3646 1940; baseline -0.004 -16"><span class='ocrx_word' id='word_1_370' title='bbox 2012 1867 2188 1925; x_wconf 83' lang='lat' dir='ltr'><strong>etiam</strong></span> <span class='ocrx_word' id='word_1_371' title='bbox 2254 1868 2313 1924; x_wconf 91' lang='lat' dir='ltr'><strong>in</strong></span> <span class='ocrx_word' id='word_1_372' title='bbox 2363 1884 2490 1925; x_wconf 91' lang='lat' dir='ltr'><strong>eum</strong></span> <span class='ocrx_word' id='word_1_373' title='bbox 2578 1883 2806 1940; x_wconf 89' lang='lat' dir='ltr'><strong>quoque</strong></span> <span class='ocrx_word' id='word_1_374' title='bbox 2870 1868 3152 1922; x_wconf 86' lang='lat' dir='ltr'><strong>consueta</strong></span> <span class='ocrx_word' id='word_1_375' title='bbox 3215 1864 3411 1921; x_wconf 87' lang='lat' dir='ltr'><strong>emisit</strong></span> <span class='ocrx_word' id='word_1_376' title='bbox 3466 1879 3646 1932; x_wconf 86' lang='lat' dir='ltr'><strong>arma,</strong></span> 
     </span>
    </p>
   </div>
   <div class='ocr_carea' id='block_1_50' title="bbox 2018 1951 3650 2030">
    <p class='ocr_par' dir='ltr' id='par_1_50' title="bbox 2018 1951 3650 2030">
     <span class='ocr_line' id='line_1_51' title="bbox 2018 1951 3650 2030; baseline -0.004 -16"><span class='ocrx_word' id='word_1_377' title='bbox 2018 1973 2227 2030; x_wconf 88' lang='lat' dir='ltr'><strong>nempe</strong></span> <span class='ocrx_word' id='word_1_378' title='bbox 2285 1958 2515 2030; x_wconf 89' lang='lat' dir='ltr'><strong>signum</strong></span> <span class='ocrx_word' id='word_1_379' title='bbox 2557 1959 2766 2015; x_wconf 90' lang='lat' dir='ltr'><strong>crucis.</strong></span> <span class='ocrx_word' id='word_1_380' title='bbox 2828 1955 2892 2011; x_wconf 87' lang='lat' dir='ltr'><strong>Et</strong></span> <span class='ocrx_word' id='word_1_381' title='bbox 2939 1954 3035 2012; x_wconf 90' lang='lat' dir='ltr'><strong>ille</strong></span> <span class='ocrx_word' id='word_1_382' title='bbox 3073 1954 3333 2027; x_wconf 89' lang='lat' dir='ltr'><strong>quidem,</strong></span> <span class='ocrx_word' id='word_1_383' title='bbox 3364 1952 3465 2025; x_wconf 90' lang='lat' dir='ltr'><strong>qui</strong></span> <span class='ocrx_word' id='word_1_384' title='bbox 3519 1951 3650 2024; x_wconf 85' lang='lat' dir='ltr'><strong>plus</strong></span> 
     </span>
    </p>
   </div>
   <div class='ocr_carea' id='block_1_51' title="bbox 2016 2042 3647 2119">
    <p class='ocr_par' dir='ltr' id='par_1_51' title="bbox 2016 2042 3647 2119">
     <span class='ocr_line' id='line_1_52' title="bbox 2016 2042 3647 2119; baseline -0.005 -16"><span class='ocrx_word' id='word_1_385' title='bbox 2016 2062 2189 2119; x_wconf 86' lang='lat' dir='ltr'><strong>quam</strong></span> <span class='ocrx_word' id='word_1_386' title='bbox 2231 2046 2332 2103; x_wconf 89' lang='lat' dir='ltr'><strong>alii</strong></span> <span class='ocrx_word' id='word_1_387' title='bbox 2378 2063 2440 2104; x_wconf 89' lang='lat' dir='ltr'><strong>se</strong></span> <span class='ocrx_word' id='word_1_388' title='bbox 2491 2048 2829 2118; x_wconf 87' lang='lat' dir='ltr'><strong>jactaverat,</strong></span> <span class='ocrx_word' id='word_1_389' title='bbox 2861 2043 3065 2115; x_wconf 87' lang='lat' dir='ltr'><strong>majori</strong></span> <span class='ocrx_word' id='word_1_390' title='bbox 3121 2043 3337 2114; x_wconf 89' lang='lat' dir='ltr'><strong>pudore</strong></span> <span class='ocrx_word' id='word_1_391' title='bbox 3390 2042 3647 2108; x_wconf 76' lang='lat' dir='ltr'><strong>affectus,</strong></span> 
     </span>
    </p>
   </div>
   <div class='ocr_carea' id='block_1_52' title="bbox 2015 2130 3650 2208">
    <p class='ocr_par' dir='ltr' id='par_1_52' title="bbox 2015 2130 3650 2208">
     <span class='ocr_line' id='line_1_53' title="bbox 2015 2130 3650 2208; baseline -0.004 -15"><span class='ocrx_word' id='word_1_392' title='bbox 2015 2136 2210 2193; x_wconf 87' lang='lat' dir='ltr'><strong>statim</strong></span> <span class='ocrx_word' id='word_1_393' title='bbox 2256 2137 2367 2193; x_wconf 90' lang='lat' dir='ltr'><strong>fuit</strong></span> <span class='ocrx_word' id='word_1_394' title='bbox 2420 2137 2660 2208; x_wconf 84' lang='lat' dir='ltr'><strong>ejectus.</strong></span> <span class='ocrx_word' id='word_1_395' title='bbox 2703 2138 2828 2207; x_wconf 88' lang='lat' dir='ltr'><strong>Ipsa</strong></span> <span class='ocrx_word' id='word_1_396' title='bbox 2876 2138 3069 2191; x_wconf 91' lang='lat' dir='ltr'><strong>autem</strong></span> <span class='ocrx_word' id='word_1_397' title='bbox 3116 2148 3322 2189; x_wconf 86' lang='lat' dir='ltr'><strong>rursus</strong></span> <span class='ocrx_word' id='word_1_398' title='bbox 3378 2130 3550 2188; x_wconf 89' lang='lat' dir='ltr'><strong>rediit</strong></span> <span class='ocrx_word' id='word_1_399' title='bbox 3578 2131 3650 2187; x_wconf 88' lang='lat' dir='ltr'><strong>ad</strong></span> 
     </span>
    </p>
   </div>
   <div class='ocr_carea' id='block_1_53' title="bbox 2015 2218 3646 2299">
    <p class='ocr_par' dir='ltr' id='par_1_53' title="bbox 2015 2218 3646 2299">
     <span class='ocr_line' id='line_1_54' title="bbox 2015 2218 3646 2299; baseline -0.005 -18"><span class='ocrx_word' id='word_1_400' title='bbox 2015 2241 2152 2282; x_wconf 91' lang='lat' dir='ltr'><strong>suas</strong></span> <span class='ocrx_word' id='word_1_401' title='bbox 2182 2227 2252 2283; x_wconf 90' lang='lat' dir='ltr'><strong>ad</strong></span> <span class='ocrx_word' id='word_1_402' title='bbox 2291 2227 2476 2283; x_wconf 87' lang='lat' dir='ltr'><strong>Deum</strong></span> <span class='ocrx_word' id='word_1_403' title='bbox 2508 2241 2708 2299; x_wconf 87' lang='lat' dir='ltr'><strong>preces</strong></span> <span class='ocrx_word' id='word_1_404' title='bbox 2763 2229 2820 2281; x_wconf 90' lang='lat' dir='ltr'><strong>et</strong></span> <span class='ocrx_word' id='word_1_405' title='bbox 2874 2222 3186 2281; x_wconf 88' lang='lat' dir='ltr'><strong>orationes.</strong></span> <span class='ocrx_word' id='word_1_406' title='bbox 3216 2222 3355 2278; x_wconf 87' lang='lat' dir='ltr'><strong>Post</strong></span> <span class='ocrx_word' id='word_1_407' title='bbox 3404 2219 3525 2275; x_wconf 83' lang='lat' dir='ltr'><strong>haec</strong></span> <span class='ocrx_word' id='word_1_408' title='bbox 3577 2218 3646 2288; x_wconf 87' lang='lat' dir='ltr'><strong>is,</strong></span> 
     </span>
    </p>
   </div>
   <div class='ocr_carea' id='block_1_54' title="bbox 2015 2309 3648 2389">
    <p class='ocr_par' dir='ltr' id='par_1_54' title="bbox 2015 2309 3648 2389">
     <span class='ocr_line' id='line_1_55' title="bbox 2015 2309 3648 2389; baseline -0.006 -16"><span class='ocrx_word' id='word_1_409' title='bbox 2015 2317 2184 2387; x_wconf 85' lang='lat' dir='ltr'><strong>cujus</strong></span> <span class='ocrx_word' id='word_1_410' title='bbox 2215 2320 2381 2373; x_wconf 91' lang='lat' dir='ltr'><strong>erant</strong></span> <span class='ocrx_word' id='word_1_411' title='bbox 2409 2316 2574 2389; x_wconf 89' lang='lat' dir='ltr'><strong>prius</strong></span> <span class='ocrx_word' id='word_1_412' title='bbox 2625 2314 2941 2371; x_wconf 86' lang='lat' dir='ltr'><strong>insolentes</strong></span> <span class='ocrx_word' id='word_1_413' title='bbox 2997 2317 3057 2369; x_wconf 89' lang='lat' dir='ltr'><strong>et</strong></span> <span class='ocrx_word' id='word_1_414' title='bbox 3108 2310 3346 2385; x_wconf 84' lang='lat' dir='ltr'><strong>gloriosi</strong></span> <span class='ocrx_word' id='word_1_415' title='bbox 3386 2309 3648 2382; x_wconf 89' lang='lat' dir='ltr'><strong>spiritus,</strong></span> 
     </span>
    </p>
   </div>
   <div class='ocr_carea' id='block_1_55' title="bbox 2015 2396 3647 2475">
    <p class='ocr_par' dir='ltr' id='par_1_55' title="bbox 2015 2396 3647 2475">
     <span class='ocr_line' id='line_1_56' title="bbox 2015 2396 3647 2475; baseline -0.004 -16"><span class='ocrx_word' id='word_1_416' title='bbox 2015 2403 2259 2461; x_wconf 88' lang='lat' dir='ltr'><strong>humilis</strong></span> <span class='ocrx_word' id='word_1_417' title='bbox 2300 2407 2358 2461; x_wconf 91' lang='lat' dir='ltr'><strong>et</strong></span> <span class='ocrx_word' id='word_1_418' title='bbox 2408 2404 2670 2475; x_wconf 86' lang='lat' dir='ltr'><strong>abjectus</strong></span> <span class='ocrx_word' id='word_1_419' title='bbox 2718 2400 2989 2475; x_wconf 89' lang='lat' dir='ltr'><strong>apparuit</strong></span> <span class='ocrx_word' id='word_1_420' title='bbox 3044 2399 3346 2473; x_wconf 79' lang='lat' dir='ltr'><strong>Cypriane,</strong></span> <span class='ocrx_word' id='word_1_421' title='bbox 3390 2401 3447 2453; x_wconf 91' lang='lat' dir='ltr'><strong>et</strong></span> <span class='ocrx_word' id='word_1_422' title='bbox 3493 2396 3647 2468; x_wconf 92' lang='lat' dir='ltr'><strong>quod</strong></span> 
     </span>
    </p>
   </div>
   <div class='ocr_carea' id='block_1_56' title="bbox 2011 2484 3649 2565">
    <p class='ocr_par' dir='ltr' id='par_1_56' title="bbox 2011 2484 3649 2565">
     <span class='ocr_line' id='line_1_57' title="bbox 2011 2484 3649 2565; baseline -0.005 -18"><span class='ocrx_word' id='word_1_423' title='bbox 2011 2492 2202 2549; x_wconf 89' lang='lat' dir='ltr'><strong>victus</strong></span> <span class='ocrx_word' id='word_1_424' title='bbox 2230 2496 2402 2562; x_wconf 89' lang='lat' dir='ltr'><strong>esset,</strong></span> <span class='ocrx_word' id='word_1_425' title='bbox 2436 2496 2635 2565; x_wconf 88' lang='lat' dir='ltr'><strong>aperta</strong></span> <span class='ocrx_word' id='word_1_426' title='bbox 2672 2491 2845 2563; x_wconf 89' lang='lat' dir='ltr'><strong>signa</strong></span> <span class='ocrx_word' id='word_1_427' title='bbox 2874 2489 3035 2545; x_wconf 88' lang='lat' dir='ltr'><strong>vultu</strong></span> <span class='ocrx_word' id='word_1_428' title='bbox 3065 2503 3178 2561; x_wconf 74' lang='lat' dir='ltr'><strong>prce</strong></span> <span class='ocrx_word' id='word_1_429' title='bbox 3210 2503 3273 2543; x_wconf 87' lang='lat' dir='ltr'><strong>se</strong></span> <span class='ocrx_word' id='word_1_430' title='bbox 3304 2486 3513 2542; x_wconf 84' lang='lat' dir='ltr'><strong>ferens.</strong></span> <span class='ocrx_word' id='word_1_431' title='bbox 3547 2484 3649 2541; x_wconf 90' lang='lat' dir='ltr'><strong>Ille</strong></span> 
     </span>
    </p>
   </div>
   <div class='ocr_carea' id='block_1_57' title="bbox 2012 2572 3646 2652">
    <p class='ocr_par' dir='ltr' id='par_1_57' title="bbox 2012 2572 3646 2652">
     <span class='ocr_line' id='line_1_58' title="bbox 2012 2572 3646 2652; baseline -0.005 -16"><span class='ocrx_word' id='word_1_432' title='bbox 2012 2587 2207 2637; x_wconf 84' lang='lat' dir='ltr'><strong>autem</strong></span> <span class='ocrx_word' id='word_1_433' title='bbox 2266 2596 2283 2639; x_wconf 90' lang='lat'><strong>:</strong></span> <span class='ocrx_word' id='word_1_434' title='bbox 2341 2586 2408 2638; x_wconf 83' lang='lat' dir='ltr'><strong>Et</strong></span> <span class='ocrx_word' id='word_1_435' title='bbox 2463 2589 2544 2649; x_wconf 92' lang='lat' dir='ltr'><strong>tu,</strong></span> <span class='ocrx_word' id='word_1_436' title='bbox 2614 2580 2822 2652; x_wconf 85' lang='lat' dir='ltr'><strong>inquit,</strong></span> <span class='ocrx_word' id='word_1_437' title='bbox 2883 2578 2983 2650; x_wconf 89' lang='lat' dir='ltr'><strong>qui</strong></span> <span class='ocrx_word' id='word_1_438' title='bbox 3031 2593 3091 2634; x_wconf 91' lang='lat' dir='ltr'><strong>es</strong></span> <span class='ocrx_word' id='word_1_439' title='bbox 3175 2579 3397 2642; x_wconf 89' lang='lat' dir='ltr'><strong>tantus,</strong></span> <span class='ocrx_word' id='word_1_440' title='bbox 3446 2592 3482 2629; x_wconf 87' lang='lat' dir='ltr'><strong>a</strong></span> <span class='ocrx_word' id='word_1_441' title='bbox 3543 2572 3646 2629; x_wconf 87' lang='lat' dir='ltr'><strong>tali</strong></span> 
     </span>
    </p>
   </div>
   <div class='ocr_carea' id='block_1_58' title="bbox 2009 2662 3643 2742">
    <p class='ocr_par' dir='ltr' id='par_1_58' title="bbox 2009 2662 3643 2742">
     <span class='ocr_line' id='line_1_59' title="bbox 2009 2662 3643 2742; baseline -0.004 -17"><span class='ocrx_word' id='word_1_442' title='bbox 2009 2669 2207 2742; x_wconf 87' lang='lat' dir='ltr'><strong>puella</strong></span> <span class='ocrx_word' id='word_1_443' title='bbox 2239 2669 2399 2725; x_wconf 84' lang='lat' dir='ltr'><strong>fuisti</strong></span> <span class='ocrx_word' id='word_1_444' title='bbox 2437 2670 2790 2739; x_wconf 84' lang='lat' dir='ltr'><strong>superatus?</strong></span> <span class='ocrx_word' id='word_1_445' title='bbox 2831 2669 2953 2734; x_wconf 89' lang='lat' dir='ltr'><strong>Quo</strong></span> <span class='ocrx_word' id='word_1_446' title='bbox 2985 2668 3181 2722; x_wconf 88' lang='lat' dir='ltr'><strong>autem</strong></span> <span class='ocrx_word' id='word_1_447' title='bbox 3212 2664 3352 2720; x_wconf 82' lang='lat' dir='ltr'><strong>freta</strong></span> <span class='ocrx_word' id='word_1_448' title='bbox 3384 2662 3507 2729; x_wconf 89' lang='lat' dir='ltr'><strong>illa,</strong></span> <span class='ocrx_word' id='word_1_449' title='bbox 3545 2663 3643 2719; x_wconf 87' lang='lat' dir='ltr'><strong>ad-</strong></span> 
     </span>
    </p>
   </div>
   <div class='ocr_carea' id='block_1_59' title="bbox 2008 2755 3643 2833">
    <p class='ocr_par' dir='ltr' id='par_1_59' title="bbox 2008 2755 3643 2833">
     <span class='ocr_line' id='line_1_60' title="bbox 2008 2755 3643 2833; baseline -0.007 -16"><span class='ocrx_word' id='word_1_450' title='bbox 2008 2776 2211 2817; x_wconf 79' lang='lat' dir='ltr'><strong>versus</strong></span> <span class='ocrx_word' id='word_1_451' title='bbox 2240 2777 2364 2828; x_wconf 90' lang='lat' dir='ltr'><strong>vos,</strong></span> <span class='ocrx_word' id='word_1_452' title='bbox 2395 2759 2495 2833; x_wconf 90' lang='lat' dir='ltr'><strong>qui</strong></span> <span class='ocrx_word' id='word_1_453' title='bbox 2525 2758 2669 2816; x_wconf 80' lang='lat' dir='ltr'><strong>estis</strong></span> <span class='ocrx_word' id='word_1_454' title='bbox 2685 2763 2803 2815; x_wconf 88' lang='lat' dir='ltr'><strong>tam</strong></span> <span class='ocrx_word' id='word_1_455' title='bbox 2828 2756 3045 2830; x_wconf 89' lang='lat' dir='ltr'><strong>magni,</strong></span> <span class='ocrx_word' id='word_1_456' title='bbox 3076 2758 3193 2810; x_wconf 88' lang='lat' dir='ltr'><strong>tam</strong></span> <span class='ocrx_word' id='word_1_457' title='bbox 3217 2769 3424 2825; x_wconf 88' lang='lat' dir='ltr'><strong>magna</strong></span> <span class='ocrx_word' id='word_1_458' title='bbox 3453 2755 3643 2824; x_wconf 88' lang='lat' dir='ltr'><strong>potest</strong></span> 
     </span>
    </p>
   </div>
   <div class='ocr_carea' id='block_1_60' title="bbox 2008 2840 3643 2918">
    <p class='ocr_par' dir='ltr' id='par_1_60' title="bbox 2008 2840 3643 2918">
     <span class='ocr_line' id='line_1_61' title="bbox 2008 2840 3643 2918; baseline -0.005 -15"><span class='ocrx_word' id='word_1_459' title='bbox 2008 2849 2193 2905; x_wconf 87' lang='lat' dir='ltr'><strong>facere</strong></span> <span class='ocrx_word' id='word_1_460' title='bbox 2219 2850 2247 2905; x_wconf 70' lang='lat'><strong>‘1</strong></span> <span class='ocrx_word' id='word_1_461' title='bbox 2298 2850 2462 2905; x_wconf 91' lang='lat' dir='ltr'><strong>Tunc</strong></span> <span class='ocrx_word' id='word_1_462' title='bbox 2501 2850 2727 2905; x_wconf 71' lang='lat' dir='ltr'><strong>daemon</strong></span> <span class='ocrx_word' id='word_1_463' title='bbox 2769 2848 2918 2918; x_wconf 87' lang='lat' dir='ltr'><strong>(erat</strong></span> <span class='ocrx_word' id='word_1_464' title='bbox 2955 2849 3149 2901; x_wconf 81' lang='lat' dir='ltr'><strong>autem</strong></span> <span class='ocrx_word' id='word_1_465' title='bbox 3183 2842 3419 2899; x_wconf 91' lang='lat' dir='ltr'><strong>omnino</strong></span> <span class='ocrx_word' id='word_1_466' title='bbox 3450 2840 3643 2896; x_wconf 88' lang='lat' dir='ltr'><strong>divina</strong></span> 
     </span>
    </p>
   </div>
   <div class='ocr_carea' id='block_1_61' title="bbox 2006 2930 3643 3010">
    <p class='ocr_par' dir='ltr' id='par_1_61' title="bbox 2006 2930 3643 3010">
     <span class='ocr_line' id='line_1_62' title="bbox 2006 2930 3643 3010; baseline -0.005 -19"><span class='ocrx_word' id='word_1_467' title='bbox 2006 2938 2209 3006; x_wconf 90' lang='lat' dir='ltr'><strong>virtus,</strong></span> <span class='ocrx_word' id='word_1_468' title='bbox 2267 2954 2394 3010; x_wconf 74' lang='lat' dir='ltr'><strong>quas</strong></span> <span class='ocrx_word' id='word_1_469' title='bbox 2452 2938 2846 2995; x_wconf 88' lang='lat' dir='ltr'><strong>adversarium</strong></span> <span class='ocrx_word' id='word_1_470' title='bbox 2916 2933 3170 2991; x_wconf 86' lang='lat' dir='ltr'><strong>veritatis</strong></span> <span class='ocrx_word' id='word_1_471' title='bbox 3246 2930 3532 2997; x_wconf 86' lang='lat' dir='ltr'><strong>movebat,</strong></span> <span class='ocrx_word' id='word_1_472' title='bbox 3578 2933 3643 2984; x_wconf 90' lang='lat' dir='ltr'><strong>ut</strong></span> 
     </span>
    </p>
   </div>
   <div class='ocr_carea' id='block_1_62' title="bbox 2006 3018 3637 3098">
    <p class='ocr_par' dir='ltr' id='par_1_62' title="bbox 2006 3018 3637 3098">
     <span class='ocr_line' id='line_1_63' title="bbox 2006 3018 3637 3098; baseline -0.004 -19"><span class='ocrx_word' id='word_1_473' title='bbox 2006 3023 2129 3080; x_wconf 67' lang='lat' dir='ltr'><strong>haec</strong></span> <span class='ocrx_word' id='word_1_474' title='bbox 2166 3028 2464 3097; x_wconf 72' lang='lat' dir='ltr'><strong>proferret;</strong></span> <span class='ocrx_word' id='word_1_475' title='bbox 2498 3044 2512 3084; x_wconf 90' lang='lat'><strong>:</strong></span> <span class='ocrx_word' id='word_1_476' title='bbox 2563 3026 2834 3098; x_wconf 89' lang='lat' dir='ltr'><strong>Signum,</strong></span> <span class='ocrx_word' id='word_1_477' title='bbox 2876 3023 3089 3097; x_wconf 87' lang='lat' dir='ltr'><strong>inquit,</strong></span> <span class='ocrx_word' id='word_1_478' title='bbox 3140 3020 3343 3087; x_wconf 90' lang='lat' dir='ltr'><strong>crucis,</strong></span> <span class='ocrx_word' id='word_1_479' title='bbox 3378 3034 3450 3074; x_wconf 92' lang='lat' dir='ltr'><strong>ne</strong></span> <span class='ocrx_word' id='word_1_480' title='bbox 3497 3018 3637 3073; x_wconf 90' lang='lat' dir='ltr'><strong>dum</strong></span> 
     </span>
    </p>
   </div>
   <div class='ocr_carea' id='block_1_63' title="bbox 2007 3107 3634 3186">
    <p class='ocr_par' dir='ltr' id='par_1_63' title="bbox 2007 3107 3634 3186">
     <span class='ocr_line' id='line_1_64' title="bbox 2007 3107 3634 3186; baseline -0.003 -18"><span class='ocrx_word' id='word_1_481' title='bbox 2007 3114 2290 3186; x_wconf 85' lang='lat' dir='ltr'><strong>figuratur</strong></span> <span class='ocrx_word' id='word_1_482' title='bbox 2321 3115 2575 3186; x_wconf 89' lang='lat' dir='ltr'><strong>quidem,</strong></span> <span class='ocrx_word' id='word_1_483' title='bbox 2607 3118 2801 3171; x_wconf 85' lang='lat' dir='ltr'><strong>videre</strong></span> <span class='ocrx_word' id='word_1_484' title='bbox 2830 3115 3067 3171; x_wconf 89' lang='lat' dir='ltr'><strong>omnino</strong></span> <span class='ocrx_word' id='word_1_485' title='bbox 3107 3110 3489 3176; x_wconf 86' lang='lat' dir='ltr'><strong>sustinemus,</strong></span> <span class='ocrx_word' id='word_1_486' title='bbox 3535 3107 3634 3164; x_wconf 89' lang='lat' dir='ltr'><strong>sed</strong></span> 
     </span>
    </p>
   </div>
   <div class='ocr_carea' id='block_1_64' title="bbox 2004 3198 3634 3275">
    <p class='ocr_par' dir='ltr' id='par_1_64' title="bbox 2004 3198 3634 3275">
     <span class='ocr_line' id='line_1_65' title="bbox 2004 3198 3634 3275; baseline -0.005 -14"><span class='ocrx_word' id='word_1_487' title='bbox 2004 3204 2144 3261; x_wconf 85' lang='lat' dir='ltr'><strong>totis</strong></span> <span class='ocrx_word' id='word_1_488' title='bbox 2198 3203 2416 3260; x_wconf 89' lang='lat' dir='ltr'><strong>viribus</strong></span> <span class='ocrx_word' id='word_1_489' title='bbox 2482 3220 2589 3260; x_wconf 90' lang='lat' dir='ltr'><strong>nos</strong></span> <span class='ocrx_word' id='word_1_490' title='bbox 2645 3204 2807 3275; x_wconf 91' lang='lat' dir='ltr'><strong>prius</strong></span> <span class='ocrx_word' id='word_1_491' title='bbox 2871 3203 2931 3259; x_wconf 91' lang='lat' dir='ltr'><strong>in</strong></span> <span class='ocrx_word' id='word_1_492' title='bbox 3009 3202 3208 3274; x_wconf 86' lang='lat' dir='ltr'><strong>fugam</strong></span> <span class='ocrx_word' id='word_1_493' title='bbox 3265 3198 3634 3272; x_wconf 84' lang='lat' dir='ltr'><strong>conjicimus,</strong></span> 
     </span>
    </p>
   </div>
   <div class='ocr_carea' id='block_1_65' title="bbox 247 3267 1898 3365">
    <p class='ocr_par' dir='ltr' id='par_1_65' title="bbox 247 3267 1891 3363">
     <span class='ocr_line' id='line_1_66' title="bbox 247 3267 1891 3363; baseline 0.005 -28"><span class='ocrx_word' id='word_1_494' title='bbox 247 3301 351 3352; x_wconf 87' lang='grc' dir='ltr'><strong>κης</strong></span> <span class='ocrx_word' id='word_1_495' title='bbox 378 3282 445 3351; x_wconf 81' lang='grc' dir='ltr'>ἦν</span> <span class='ocrx_word' id='word_1_496' title='bbox 473 3283 535 3338; x_wconf 90' lang='grc' dir='ltr'>τὸ</span> <span class='ocrx_word' id='word_1_497' title='bbox 564 3286 731 3339; x_wconf 83' lang='grc' dir='ltr'>ταῦτα</span> <span class='ocrx_word' id='word_1_498' title='bbox 769 3282 1072 3358; x_wconf 82' lang='grc' dir='ltr'>ἐκκαλύψαι</span> <span class='ocrx_word' id='word_1_499' title='bbox 1110 3285 1203 3342; x_wconf 88' lang='grc' dir='ltr'>τὸν</span> <span class='ocrx_word' id='word_1_500' title='bbox 1243 3290 1340 3341; x_wconf 79' lang='grc' dir='ltr'><strong>τοῦ</strong></span> <span class='ocrx_word' id='word_1_501' title='bbox 1384 3284 1616 3360; x_wconf 76' lang='grc' dir='ltr'>ψεύδους</span> <span class='ocrx_word' id='word_1_502' title='bbox 1667 3267 1891 3363; x_wconf 80' lang='grc' dir='ltr'>πατέρα,</span> 
     </span>
    </p>
   </div>
   <div class='ocr_carea' id='block_1_66' title="bbox 2009 3267 3638 3365">
    <p class='ocr_par' dir='ltr' id='par_1_66' title="bbox 2009 3267 3638 3365">
     <span class='ocr_line' id='line_1_67' title="bbox 2009 3267 3638 3365; baseline -0.004 -16"><span class='ocrx_word' id='word_1_503' title='bbox 2009 3308 2176 3364; x_wconf 89' lang='lat' dir='ltr'><strong>quam</strong></span> <span class='ocrx_word' id='word_1_504' title='bbox 2230 3292 2289 3349; x_wconf 92' lang='lat' dir='ltr'><strong>id</strong></span> <span class='ocrx_word' id='word_1_505' title='bbox 2347 3292 2593 3365; x_wconf 81' lang='lat' dir='ltr'><strong>perfecte</strong></span> <span class='ocrx_word' id='word_1_506' title='bbox 2639 3267 2943 3363; x_wconf 61' lang='lat' dir='ltr'><strong>figuretur.</strong></span> <span class='ocrx_word' id='word_1_507' title='bbox 2985 3267 3221 3355; x_wconf 66' lang='lat' dir='ltr'><strong>Quantae</strong></span> <span class='ocrx_word' id='word_1_508' title='bbox 3270 3267 3395 3344; x_wconf 82' lang='lat' dir='ltr'><strong>erat</strong></span> <span class='ocrx_word' id='word_1_509' title='bbox 3433 3267 3638 3343; x_wconf 57' lang='lat' dir='ltr'><strong>neces;</strong></span> 
     </span>
    </p>
   </div>
   <div class='ocr_carea' id='block_1_67' title="bbox 248 3370 1893 3450">
    <p class='ocr_par' dir='ltr' id='par_1_67' title="bbox 248 3370 1893 3450">
     <span class='ocr_line' id='line_1_68' title="bbox 248 3370 1893 3450; baseline 0.006 -25"><span class='ocrx_word' id='word_1_510' title='bbox 248 3370 339 3426; x_wconf 86' lang='grc' dir='ltr'><strong>καὶ</strong></span> <span class='ocrx_word' id='word_1_511' title='bbox 396 3378 498 3441; x_wconf 82' lang='grc' dir='ltr'><strong>τῆς</strong></span> <span class='ocrx_word' id='word_1_512' title='bbox 554 3374 745 3434; x_wconf 82' lang='grc' dir='ltr'>κακίας</span> <span class='ocrx_word' id='word_1_513' title='bbox 795 3371 1129 3450; x_wconf 67' lang='grc' dir='ltr'>δημιουργόν</span> <span class='ocrx_word' id='word_1_514' title='bbox 1177 3395 1235 3430; x_wconf 91' lang='grc' dir='ltr'><strong>τε</strong></span> <span class='ocrx_word' id='word_1_515' title='bbox 1279 3376 1371 3430; x_wconf 79' lang='grc' dir='ltr'><strong>καὶ</strong></span> <span class='ocrx_word' id='word_1_516' title='bbox 1429 3376 1699 3449; x_wconf 79' lang='grc' dir='ltr'>πρόξενον,</span> <span class='ocrx_word' id='word_1_517' title='bbox 1754 3376 1893 3435; x_wconf 84' lang='grc' dir='ltr'>ὥστε</span> 
     </span>
    </p>
   </div>
   <div class='ocr_carea' id='block_1_68' title="bbox 247 3459 1889 3539">
    <p class='ocr_par' dir='ltr' id='par_1_68' title="bbox 247 3459 1889 3539">
     <span class='ocr_line' id='line_1_69' title="bbox 247 3459 1889 3539; baseline 0.005 -23"><span class='ocrx_word' id='word_1_518' title='bbox 247 3459 402 3518; x_wconf 86' lang='grc' dir='ltr'>οὑδέν</span> <span class='ocrx_word' id='word_1_519' title='bbox 456 3460 683 3519; x_wconf 82' lang='grc' dir='ltr'>ἔλαττον</span> <span class='ocrx_word' id='word_1_520' title='bbox 735 3463 938 3539; x_wconf 75' lang='grc' dir='ltr'>ὑπῆρξε</span> <span class='ocrx_word' id='word_1_521' title='bbox 991 3468 1171 3539; x_wconf 80' lang='grc' dir='ltr'>θαῦμα</span> <span class='ocrx_word' id='word_1_522' title='bbox 1209 3467 1304 3521; x_wconf 80' lang='grc' dir='ltr'><strong>τού</strong></span> <span class='ocrx_word' id='word_1_523' title='bbox 1352 3465 1553 3521; x_wconf 82' lang='grc' dir='ltr'>ἐκεῖνον</span> <span class='ocrx_word' id='word_1_524' title='bbox 1613 3469 1660 3505; x_wconf 85' lang='grc' dir='ltr'><strong>⁸ο</strong></span> <span class='ocrx_word' id='word_1_525' title='bbox 1714 3469 1889 3532; x_wconf 76' lang='grc' dir='ltr'>οὕτως</span> 
     </span>
    </p>
   </div>
   <div class='ocr_carea' id='block_1_69' title="bbox 248 3548 1892 3627">
    <p class='ocr_par' dir='ltr' id='par_1_69' title="bbox 248 3548 1892 3627">
     <span class='ocr_line' id='line_1_70' title="bbox 248 3548 1892 3627; baseline 0.005 -21"><span class='ocrx_word' id='word_1_526' title='bbox 248 3551 350 3607; x_wconf 84' lang='grc' dir='ltr'><strong>ὑπὸ</strong></span> <span class='ocrx_word' id='word_1_527' title='bbox 379 3552 549 3627; x_wconf 87' lang='grc' dir='ltr'>κόρης</span> <span class='ocrx_word' id='word_1_528' title='bbox 576 3548 1009 3624; x_wconf 78' lang='grc' dir='ltr'>καταϐληθῆναι,</span> <span class='ocrx_word' id='word_1_529' title='bbox 1051 3555 1113 3609; x_wconf 86' lang='grc' dir='ltr'>τὸ</span> <span class='ocrx_word' id='word_1_530' title='bbox 1154 3556 1254 3625; x_wconf 78' lang='grc' dir='ltr'>τὴν</span> <span class='ocrx_word' id='word_1_531' title='bbox 1304 3552 1444 3610; x_wconf 76' lang='grc' dir='ltr'>ῒδίαν</span> <span class='ocrx_word' id='word_1_532' title='bbox 1483 3560 1646 3626; x_wconf 71' lang='grc' dir='ltr'>ἧτταν</span> <span class='ocrx_word' id='word_1_533' title='bbox 1692 3558 1892 3614; x_wconf 84' lang='grc' dir='ltr'>ἀνακα-</span> 
     </span>
    </p>
   </div>
   <div class='ocr_carea' id='block_1_70' title="bbox 248 3640 1891 3722">
    <p class='ocr_par' dir='ltr' id='par_1_70' title="bbox 248 3640 1891 3722">
     <span class='ocr_line' id='line_1_71' title="bbox 248 3640 1891 3722; baseline 0.005 -27"><span class='ocrx_word' id='word_1_534' title='bbox 248 3640 416 3716; x_wconf 84' lang='grc' dir='ltr'>λύψαι</span> <span class='ocrx_word' id='word_1_535' title='bbox 482 3642 572 3697; x_wconf 87' lang='grc' dir='ltr'><strong>τὸν</strong></span> <span class='ocrx_word' id='word_1_536' title='bbox 653 3644 1011 3719; x_wconf 71' lang='grc' dir='ltr'>ὑπερήφανον·</span> <span class='ocrx_word' id='word_1_537' title='bbox 1079 3643 1289 3707; x_wconf 87' lang='grc' dir='ltr'>πάντως</span> <span class='ocrx_word' id='word_1_538' title='bbox 1357 3643 1416 3701; x_wconf 73' lang='grc' dir='ltr'><strong>δὲ</strong></span> <span class='ocrx_word' id='word_1_539' title='bbox 1469 3647 1605 3722; x_wconf 88' lang='grc' dir='ltr'>πρὸς</span> <span class='ocrx_word' id='word_1_540' title='bbox 1681 3649 1891 3704; x_wconf 88' lang='grc' dir='ltr'>συνετὸν</span> 
     </span>
    </p>
   </div>
   <div class='ocr_carea' id='block_1_71' title="bbox 248 3728 1890 3814">
    <p class='ocr_par' dir='ltr' id='par_1_71' title="bbox 248 3728 1890 3814">
     <span class='ocr_line' id='line_1_72' title="bbox 248 3728 1890 3814; baseline 0.005 -30"><span class='ocrx_word' id='word_1_541' title='bbox 248 3728 463 3805; x_wconf 75' lang='grc' dir='ltr'>ἐλέγετο</span> <span class='ocrx_word' id='word_1_542' title='bbox 491 3735 683 3800; x_wconf 80' lang='grc' dir='ltr'>ταῦτα,</span> <span class='ocrx_word' id='word_1_543' title='bbox 714 3732 801 3787; x_wconf 82' lang='grc' dir='ltr'><strong>καὶ</strong></span> <span class='ocrx_word' id='word_1_544' title='bbox 848 3732 1105 3811; x_wconf 78' lang='grc' dir='ltr'>ἀφορμὴν</span> <span class='ocrx_word' id='word_1_545' title='bbox 1156 3728 1341 3789; x_wconf 78' lang='grc' dir='ltr'>λαϐὼν</span> <span class='ocrx_word' id='word_1_546' title='bbox 1402 3736 1430 3790; x_wconf 93' lang='lat'><strong>6</strong></span> <span class='ocrx_word' id='word_1_547' title='bbox 1476 3735 1662 3813; x_wconf 77' lang='grc' dir='ltr'>σοφὸς,</span> <span class='ocrx_word' id='word_1_548' title='bbox 1709 3739 1890 3814; x_wconf 72' lang='grc' dir='ltr'>σοφώ-</span> 
     </span>
    </p>
   </div>
   <div class='ocr_carea' id='block_1_72' title="bbox 247 3820 1889 3899">
    <p class='ocr_par' dir='ltr' id='par_1_72' title="bbox 247 3820 1889 3899">
     <span class='ocr_line' id='line_1_73' title="bbox 247 3820 1889 3899; baseline 0.004 -24"><span class='ocrx_word' id='word_1_549' title='bbox 247 3839 401 3895; x_wconf 85' lang='grc' dir='ltr'>τερος</span> <span class='ocrx_word' id='word_1_550' title='bbox 429 3820 520 3890; x_wconf 76' lang='grc' dir='ltr'><strong>ἦν’</strong></span> <span class='ocrx_word' id='word_1_551' title='bbox 563 3826 771 3877; x_wconf 89' lang='grc' dir='ltr'>συνεῖκε</span> <span class='ocrx_word' id='word_1_552' title='bbox 799 3822 976 3898; x_wconf 72' lang='grc' dir='ltr'><strong>⁵1γὰρ</strong></span> <span class='ocrx_word' id='word_1_553' title='bbox 1018 3823 1219 3887; x_wconf 78' lang='grc' dir='ltr'>εὐθέως</span> <span class='ocrx_word' id='word_1_554' title='bbox 1268 3823 1364 3893; x_wconf 84' lang='grc' dir='ltr'>ὡς,</span> <span class='ocrx_word' id='word_1_555' title='bbox 1416 3823 1530 3899; x_wconf 81' lang='grc' dir='ltr'>εἷ’γε</span> <span class='ocrx_word' id='word_1_556' title='bbox 1576 3827 1620 3861; x_wconf 79' lang='grc'><strong>⁵³</strong></span> <span class='ocrx_word' id='word_1_557' title='bbox 1665 3830 1889 3882; x_wconf 77' lang='grc' dir='ltr'>τοιαῦτα</span> 
     </span>
    </p>
   </div>
   <div class='ocr_carea' id='block_1_73' title="bbox 247 3907 1889 3985">
    <p class='ocr_par' dir='ltr' id='par_1_73' title="bbox 247 3907 1889 3985">
     <span class='ocr_line' id='line_1_74' title="bbox 247 3907 1889 3985; baseline 0.004 -21"><span class='ocrx_word' id='word_1_558' title='bbox 247 3909 275 3965; x_wconf 82' lang='grc' dir='ltr'><strong>ὁ</strong></span> <span class='ocrx_word' id='word_1_559' title='bbox 322 3910 649 3985; x_wconf 79' lang='grc' dir='ltr'>σταυρωθεὶς</span> <span class='ocrx_word' id='word_1_560' title='bbox 711 3907 953 3981; x_wconf 83' lang='grc' dir='ltr'>δύναται,</span> <span class='ocrx_word' id='word_1_561' title='bbox 1011 3914 1154 3982; x_wconf 87' lang='grc' dir='ltr'>πόση</span> <span class='ocrx_word' id='word_1_562' title='bbox 1207 3910 1383 3981; x_wconf 83' lang='grc' dir='ltr'>ἄνοια,</span> <span class='ocrx_word' id='word_1_563' title='bbox 1440 3919 1631 3969; x_wconf 80' lang='grc' dir='ltr'>τοῦτον</span> <span class='ocrx_word' id='word_1_564' title='bbox 1695 3914 1889 3971; x_wconf 83' lang='grc' dir='ltr'>ἀπολι-</span> 
     </span>
    </p>
   </div>
   <div class='ocr_carea' id='block_1_74' title="bbox 243 3998 1885 4077">
    <p class='ocr_par' dir='ltr' id='par_1_74' title="bbox 243 3998 1885 4077">
     <span class='ocr_line' id='line_1_75' title="bbox 243 3998 1885 4077; baseline 0.004 -22"><span class='ocrx_word' id='word_1_565' title='bbox 243 3999 413 4055; x_wconf 87' lang='grc' dir='ltr'>πόντα</span> <span class='ocrx_word' id='word_1_566' title='bbox 440 3999 510 4071; x_wconf 80' lang='grc'><strong>⁵³,</strong></span> <span class='ocrx_word' id='word_1_567' title='bbox 540 4005 660 4062; x_wconf 84' lang='grc' dir='ltr'>τοῖς</span> <span class='ocrx_word' id='word_1_568' title='bbox 689 3998 909 4075; x_wconf 81' lang='grc' dir='ltr'>ἐχθροῖς</span> <span class='ocrx_word' id='word_1_569' title='bbox 938 4000 1143 4056; x_wconf 83' lang='grc' dir='ltr'>ἐκείνου</span> <span class='ocrx_word' id='word_1_570' title='bbox 1184 3999 1305 4057; x_wconf 86' lang='grc' dir='ltr'>λίαν</span> <span class='ocrx_word' id='word_1_571' title='bbox 1340 4002 1511 4065; x_wconf 79' lang='grc' dir='ltr'>οὕτως</span> <span class='ocrx_word' id='word_1_572' title='bbox 1559 4004 1885 4077; x_wconf 77' lang='grc' dir='ltr'>εὐπτοήτοις</span> 
     </span>
    </p>
   </div>
   <div class='ocr_carea' id='block_1_75' title="bbox 245 4086 1217 4165">
    <p class='ocr_par' dir='ltr' id='par_1_75' title="bbox 245 4086 1217 4165">
     <span class='ocr_line' id='line_1_76' title="bbox 245 4086 1217 4165; baseline 0.005 -22"><span class='ocrx_word' id='word_1_573' title='bbox 245 4086 361 4145; x_wconf 75' lang='grc' dir='ltr'>οὖσι</span> <span class='ocrx_word' id='word_1_574' title='bbox 399 4089 487 4144; x_wconf 83' lang='grc' dir='ltr'><strong>καὶ</strong></span> <span class='ocrx_word' id='word_1_575' title='bbox 517 4086 797 4152; x_wconf 80' lang='grc' dir='ltr'>ἀδυνάτοις</span> <span class='ocrx_word' id='word_1_576' title='bbox 829 4091 1118 4165; x_wconf 79' lang='grc' dir='ltr'>προσέχειν</span> <span class='ocrx_word' id='word_1_577' title='bbox 1150 4091 1217 4148; x_wconf 78' lang='grc'><strong>⁵⁴.</strong></span> 
     </span>
    </p>
   </div>
   <div class='ocr_carea' id='block_1_76' title="bbox 313 4274 1887 4350">
    <p class='ocr_par' dir='ltr' id='par_1_76' title="bbox 313 4274 1887 4350">
     <span class='ocr_line' id='line_1_77' title="bbox 313 4274 1887 4350; baseline -0.001 -17"><span class='ocrx_word' id='word_1_578' title='bbox 313 4278 402 4340; x_wconf 70' lang='grc' dir='ltr'><strong>Ιςᾶ</strong></span> <span class='ocrx_word' id='word_1_579' title='bbox 454 4277 637 4334; x_wconf 83' lang='grc' dir='ltr'>Ταῦτα</span> <span class='ocrx_word' id='word_1_580' title='bbox 694 4276 1005 4350; x_wconf 81' lang='grc' dir='ltr'>Κυπριανὸς</span> <span class='ocrx_word' id='word_1_581' title='bbox 1064 4274 1313 4346; x_wconf 72' lang='grc' dir='ltr'>ἐννοήσας</span> <span class='ocrx_word' id='word_1_582' title='bbox 1362 4276 1515 4339; x_wconf 80' lang='grc' dir='ltr'>εὐθὺς</span> <span class='ocrx_word' id='word_1_583' title='bbox 1589 4279 1725 4332; x_wconf 83' lang='grc' dir='ltr'>κατὰ</span> <span class='ocrx_word' id='word_1_584' title='bbox 1779 4281 1887 4333; x_wconf 80' lang='grc' dir='ltr'><strong>τῶν</strong></span> 
     </span>
    </p>
   </div>
   <div class='ocr_carea' id='block_1_77' title="bbox 248 4360 1887 4443">
    <p class='ocr_par' dir='ltr' id='par_1_77' title="bbox 248 4360 1887 4443">
     <span class='ocr_line' id='line_1_78' title="bbox 248 4360 1887 4443; baseline 0.001 -24"><span class='ocrx_word' id='word_1_585' title='bbox 248 4360 524 4441; x_wconf 68' lang='grc' dir='ltr'>βίϐλωνιδ</span> <span class='ocrx_word' id='word_1_586' title='bbox 554 4366 780 4443; x_wconf 81' lang='grc' dir='ltr'>ἐχώρει,</span> <span class='ocrx_word' id='word_1_587' title='bbox 821 4366 912 4419; x_wconf 84' lang='grc' dir='ltr'>καὶ</span> <span class='ocrx_word' id='word_1_588' title='bbox 968 4365 1043 4426; x_wconf 84' lang='grc' dir='ltr'>ὡς</span> <span class='ocrx_word' id='word_1_589' title='bbox 1093 4368 1272 4419; x_wconf 81' lang='grc' dir='ltr'>κακῶν</span> <span class='ocrx_word' id='word_1_590' title='bbox 1322 4364 1522 4440; x_wconf 78' lang='grc' dir='ltr'>πηγὰς,</span> <span class='ocrx_word' id='word_1_591' title='bbox 1572 4368 1648 4428; x_wconf 82' lang='grc' dir='ltr'>ὡς</span> <span class='ocrx_word' id='word_1_592' title='bbox 1692 4366 1887 4441; x_wconf 83' lang='grc' dir='ltr'>ὀργίων</span> 
     </span>
    </p>
   </div>
   <div class='ocr_carea' id='block_1_78' title="bbox 246 4451 1886 4530">
    <p class='ocr_par' dir='ltr' id='par_1_78' title="bbox 246 4451 1886 4530">
     <span class='ocr_line' id='line_1_79' title="bbox 246 4451 1886 4530; baseline 0 -20"><span class='ocrx_word' id='word_1_593' title='bbox 246 4453 577 4527; x_wconf 81' lang='grc' dir='ltr'>δαιμονικῶν</span> <span class='ocrx_word' id='word_1_594' title='bbox 646 4453 979 4526; x_wconf 82' lang='grc' dir='ltr'>θησαυροὺς,</span> <span class='ocrx_word' id='word_1_595' title='bbox 1036 4451 1112 4513; x_wconf 84' lang='grc' dir='ltr'>ὡς</span> <span class='ocrx_word' id='word_1_596' title='bbox 1177 4458 1277 4521; x_wconf 83' lang='grc' dir='ltr'><strong>τῆς</strong></span> <span class='ocrx_word' id='word_1_597' title='bbox 1332 4453 1515 4507; x_wconf 81' lang='grc' dir='ltr'>αὐτῶν</span> <span class='ocrx_word' id='word_1_598' title='bbox 1577 4455 1886 4530; x_wconf 77' lang='grc' dir='ltr'>μοχθηρίας</span> 
     </span>
    </p>
   </div>
   <div class='ocr_carea' id='block_1_79' title="bbox 245 4537 1887 4619">
    <p class='ocr_par' dir='ltr' id='par_1_79' title="bbox 245 4537 1887 4619">
     <span class='ocr_line' id='line_1_80' title="bbox 245 4537 1887 4619; baseline 0.002 -23"><span class='ocrx_word' id='word_1_599' title='bbox 245 4542 627 4619; x_wconf 72' lang='grc' dir='ltr'>ἐντρυφήματά</span> <span class='ocrx_word' id='word_1_600' title='bbox 651 4561 709 4596; x_wconf 89' lang='grc' dir='ltr'><strong>τε</strong></span> <span class='ocrx_word' id='word_1_601' title='bbox 747 4540 837 4595; x_wconf 82' lang='grc' dir='ltr'><strong>καὶ</strong></span> <span class='ocrx_word' id='word_1_602' title='bbox 887 4540 1228 4614; x_wconf 81' lang='grc' dir='ltr'>ἀναθήματα,</span> <span class='ocrx_word' id='word_1_603' title='bbox 1278 4537 1463 4596; x_wconf 82' lang='grc' dir='ltr'>δοῦναι</span> <span class='ocrx_word' id='word_1_604' title='bbox 1511 4545 1638 4617; x_wconf 80' lang='grc' dir='ltr'>πυρῖ</span> <span class='ocrx_word' id='word_1_605' title='bbox 1690 4543 1887 4607; x_wconf 86' lang='grc' dir='ltr'>ταύτάς</span> 
     </span>
    </p>
   </div>
   <div class='ocr_carea' id='block_1_80' title="bbox 2003 3375 3636 3453">
    <p class='ocr_par' dir='ltr' id='par_1_80' title="bbox 2003 3375 3636 3453">
     <span class='ocr_line' id='line_1_81' title="bbox 2003 3375 3636 3453; baseline -0.004 -14"><span class='ocrx_word' id='word_1_606' title='bbox 2003 3381 2216 3449; x_wconf 84' lang='lat' dir='ltr'><strong>sitatis,</strong></span> <span class='ocrx_word' id='word_1_607' title='bbox 2275 3380 2562 3438; x_wconf 89' lang='lat' dir='ltr'><strong>mendacii</strong></span> <span class='ocrx_word' id='word_1_608' title='bbox 2618 3386 2840 3453; x_wconf 86' lang='lat' dir='ltr'><strong>patrem</strong></span> <span class='ocrx_word' id='word_1_609' title='bbox 2900 3380 3017 3435; x_wconf 61' lang='lat' dir='ltr'><strong>hinc</strong></span> <span class='ocrx_word' id='word_1_610' title='bbox 3079 3377 3326 3449; x_wconf 84' lang='lat' dir='ltr'><strong>aperire.</strong></span> <span class='ocrx_word' id='word_1_611' title='bbox 3396 3375 3636 3447; x_wconf 86' lang='lat' dir='ltr'><strong>vitiique</strong></span> 
     </span>
    </p>
   </div>
   <div class='ocr_carea' id='block_1_81' title="bbox 2000 3462 3633 3544">
    <p class='ocr_par' dir='ltr' id='par_1_81' title="bbox 2000 3462 3633 3544">
     <span class='ocr_line' id='line_1_82' title="bbox 2000 3462 3633 3544; baseline -0.006 -15"><span class='ocrx_word' id='word_1_612' title='bbox 2000 3471 2259 3544; x_wconf 84' lang='lat' dir='ltr'><strong>opificem</strong></span> <span class='ocrx_word' id='word_1_613' title='bbox 2280 3475 2338 3528; x_wconf 92' lang='lat' dir='ltr'><strong>et</strong></span> <span class='ocrx_word' id='word_1_614' title='bbox 2367 3468 2796 3526; x_wconf 87' lang='lat' dir='ltr'><strong>conciliatorem</strong></span> <span class='ocrx_word' id='word_1_615' title='bbox 2822 3470 2850 3525; x_wconf 86' lang='lat'><strong>?</strong></span> <span class='ocrx_word' id='word_1_616' title='bbox 2885 3468 3008 3524; x_wconf 88' lang='lat' dir='ltr'><strong>Non</strong></span> <span class='ocrx_word' id='word_1_617' title='bbox 3041 3466 3151 3522; x_wconf 85' lang='lat' dir='ltr'><strong>fuit</strong></span> <span class='ocrx_word' id='word_1_618' title='bbox 3196 3465 3387 3536; x_wconf 85' lang='lat' dir='ltr'><strong>itaque</strong></span> <span class='ocrx_word' id='word_1_619' title='bbox 3436 3462 3633 3520; x_wconf 88' lang='lat' dir='ltr'><strong>minus</strong></span> 
     </span>
    </p>
   </div>
   <div class='ocr_carea' id='block_1_82' title="bbox 2000 3552 3627 3633">
    <p class='ocr_par' dir='ltr' id='par_1_82' title="bbox 2000 3552 3627 3633">
     <span class='ocr_line' id='line_1_83' title="bbox 2000 3552 3627 3633; baseline -0.006 -16"><span class='ocrx_word' id='word_1_620' title='bbox 2000 3559 2366 3629; x_wconf 83' lang='lat' dir='ltr'><strong>miraculum,</strong></span> <span class='ocrx_word' id='word_1_621' title='bbox 2403 3564 2769 3633; x_wconf 83' lang='lat' dir='ltr'><strong>arrogantem</strong></span> <span class='ocrx_word' id='word_1_622' title='bbox 2803 3558 2967 3614; x_wconf 89' lang='lat' dir='ltr'><strong>illum</strong></span> <span class='ocrx_word' id='word_1_623' title='bbox 2998 3560 3056 3613; x_wconf 92' lang='lat' dir='ltr'><strong>et</strong></span> <span class='ocrx_word' id='word_1_624' title='bbox 3085 3555 3403 3627; x_wconf 89' lang='lat' dir='ltr'><strong>superbum</strong></span> <span class='ocrx_word' id='word_1_625' title='bbox 3442 3552 3627 3625; x_wconf 90' lang='lat' dir='ltr'><strong>signi-</strong></span> 
     </span>
    </p>
   </div>
   <div class='ocr_carea' id='block_1_83' title="bbox 2000 3643 3630 3722">
    <p class='ocr_par' dir='ltr' id='par_1_83' title="bbox 2000 3643 3630 3722">
     <span class='ocr_line' id='line_1_84' title="bbox 2000 3643 3630 3722; baseline -0.006 -16"><span class='ocrx_word' id='word_1_626' title='bbox 2000 3651 2170 3707; x_wconf 83' lang='lat' dir='ltr'><strong>ﬁcare</strong></span> <span class='ocrx_word' id='word_1_627' title='bbox 2227 3667 2289 3707; x_wconf 92' lang='lat' dir='ltr'><strong>se</strong></span> <span class='ocrx_word' id='word_1_628' title='bbox 2335 3665 2463 3707; x_wconf 87' lang='lat' dir='ltr'><strong>esse</strong></span> <span class='ocrx_word' id='word_1_629' title='bbox 2510 3652 2867 3722; x_wconf 90' lang='lat' dir='ltr'><strong>superatum,</strong></span> <span class='ocrx_word' id='word_1_630' title='bbox 2912 3661 3093 3718; x_wconf 89' lang='lat' dir='ltr'><strong>quam</strong></span> <span class='ocrx_word' id='word_1_631' title='bbox 3157 3643 3325 3699; x_wconf 91' lang='lat' dir='ltr'><strong>illum</strong></span> <span class='ocrx_word' id='word_1_632' title='bbox 3374 3643 3455 3699; x_wconf 89' lang='lat' dir='ltr'><strong>sic</strong></span> <span class='ocrx_word' id='word_1_633' title='bbox 3503 3658 3630 3714; x_wconf 88' lang='lat' dir='ltr'><strong>pro-</strong></span> 
     </span>
    </p>
   </div>
   <div class='ocr_carea' id='block_1_84' title="bbox 1999 3731 3635 3810">
    <p class='ocr_par' dir='ltr' id='par_1_84' title="bbox 1999 3731 3635 3810">
     <span class='ocr_line' id='line_1_85' title="bbox 1999 3731 3635 3810; baseline -0.006 -14"><span class='ocrx_word' id='word_1_634' title='bbox 1999 3744 2244 3796; x_wconf 91' lang='lat' dir='ltr'><strong>stratum</strong></span> <span class='ocrx_word' id='word_1_635' title='bbox 2298 3739 2479 3795; x_wconf 89' lang='lat' dir='ltr'><strong>fuisse</strong></span> <span class='ocrx_word' id='word_1_636' title='bbox 2535 3756 2569 3794; x_wconf 94' lang='lat' dir='ltr'><strong>a</strong></span> <span class='ocrx_word' id='word_1_637' title='bbox 2616 3736 2829 3810; x_wconf 81' lang='lat' dir='ltr'><strong>puella.</strong></span> <span class='ocrx_word' id='word_1_638' title='bbox 2880 3734 3224 3791; x_wconf 86' lang='lat' dir='ltr'><strong>Dicebantur</strong></span> <span class='ocrx_word' id='word_1_639' title='bbox 3280 3735 3471 3789; x_wconf 84' lang='lat' dir='ltr'><strong>autem</strong></span> <span class='ocrx_word' id='word_1_640' title='bbox 3513 3731 3635 3788; x_wconf 70' lang='lat' dir='ltr'><strong>haec</strong></span> 
     </span>
    </p>
   </div>
   <div class='ocr_carea' id='block_1_85' title="bbox 1997 3820 3634 3899">
    <p class='ocr_par' dir='ltr' id='par_1_85' title="bbox 1997 3820 3634 3899">
     <span class='ocr_line' id='line_1_86' title="bbox 1997 3820 3634 3899; baseline -0.008 -10"><span class='ocrx_word' id='word_1_641' title='bbox 1997 3831 2232 3889; x_wconf 90' lang='lat' dir='ltr'><strong>omnino</strong></span> <span class='ocrx_word' id='word_1_642' title='bbox 2276 3827 2619 3899; x_wconf 86' lang='lat' dir='ltr'><strong>intelligenti</strong></span> <span class='ocrx_word' id='word_1_643' title='bbox 2646 3845 2660 3885; x_wconf 88' lang='lat'><strong>:</strong></span> <span class='ocrx_word' id='word_1_644' title='bbox 2691 3831 2747 3883; x_wconf 88' lang='lat' dir='ltr'><strong>et</strong></span> <span class='ocrx_word' id='word_1_645' title='bbox 2788 3832 3020 3894; x_wconf 89' lang='lat' dir='ltr'><strong>accepta</strong></span> <span class='ocrx_word' id='word_1_646' title='bbox 3048 3823 3368 3888; x_wconf 89' lang='lat' dir='ltr'><strong>occasione,</strong></span> <span class='ocrx_word' id='word_1_647' title='bbox 3401 3820 3634 3892; x_wconf 87' lang='lat' dir='ltr'><strong>sapiens</strong></span> 
     </span>
    </p>
   </div>
   <div class='ocr_carea' id='block_1_86' title="bbox 1996 3914 3632 3991">
    <p class='ocr_par' dir='ltr' id='par_1_86' title="bbox 1996 3914 3632 3991">
     <span class='ocr_line' id='line_1_87' title="bbox 1996 3914 3632 3991; baseline -0.006 -12"><span class='ocrx_word' id='word_1_648' title='bbox 1996 3928 2120 3979; x_wconf 89' lang='lat' dir='ltr'><strong>erat</strong></span> <span class='ocrx_word' id='word_1_649' title='bbox 2174 3920 2512 3991; x_wconf 87' lang='lat' dir='ltr'><strong>sapientior.</strong></span> <span class='ocrx_word' id='word_1_650' title='bbox 2558 3919 2823 3977; x_wconf 86' lang='lat' dir='ltr'><strong>Protinus</strong></span> <span class='ocrx_word' id='word_1_651' title='bbox 2860 3917 3015 3974; x_wconf 90' lang='lat' dir='ltr'><strong>enim</strong></span> <span class='ocrx_word' id='word_1_652' title='bbox 3073 3915 3373 3984; x_wconf 79' lang='lat' dir='ltr'><strong>intellexit,</strong></span> <span class='ocrx_word' id='word_1_653' title='bbox 3406 3914 3455 3971; x_wconf 89' lang='lat' dir='ltr'><strong>si</strong></span> <span class='ocrx_word' id='word_1_654' title='bbox 3513 3914 3632 3969; x_wconf 64' lang='lat' dir='ltr'><strong>haec</strong></span> 
     </span>
    </p>
   </div>
   <div class='ocr_carea' id='block_1_87' title="bbox 1996 4002 3630 4084">
    <p class='ocr_par' dir='ltr' id='par_1_87' title="bbox 1996 4002 3630 4084">
     <span class='ocr_line' id='line_1_88' title="bbox 1996 4002 3630 4084; baseline -0.006 -16"><span class='ocrx_word' id='word_1_655' title='bbox 1996 4016 2188 4084; x_wconf 87' lang='lat' dir='ltr'><strong>potest</strong></span> <span class='ocrx_word' id='word_1_656' title='bbox 2228 4009 2572 4078; x_wconf 86' lang='lat' dir='ltr'><strong>Cruciﬁxus,</strong></span> <span class='ocrx_word' id='word_1_657' title='bbox 2622 4012 2840 4080; x_wconf 82' lang='lat' dir='ltr'><strong>quanta</strong></span> <span class='ocrx_word' id='word_1_658' title='bbox 2878 4008 2955 4062; x_wconf 89' lang='lat' dir='ltr'><strong>sit</strong></span> <span class='ocrx_word' id='word_1_659' title='bbox 2984 4005 3263 4068; x_wconf 86' lang='lat' dir='ltr'><strong>amentia,</strong></span> <span class='ocrx_word' id='word_1_660' title='bbox 3293 4019 3359 4060; x_wconf 90' lang='lat' dir='ltr'><strong>eo</strong></span> <span class='ocrx_word' id='word_1_661' title='bbox 3408 4002 3630 4071; x_wconf 87' lang='lat' dir='ltr'><strong>relicto,</strong></span> 
     </span>
    </p>
   </div>
   <div class='ocr_carea' id='block_1_88' title="bbox 1996 4091 3631 4171">
    <p class='ocr_par' dir='ltr' id='par_1_88' title="bbox 1996 4091 3631 4171">
     <span class='ocr_line' id='line_1_89' title="bbox 1996 4091 3631 4171; baseline -0.006 -16"><span class='ocrx_word' id='word_1_662' title='bbox 1996 4100 2152 4156; x_wconf 90' lang='lat' dir='ltr'><strong>illius</strong></span> <span class='ocrx_word' id='word_1_663' title='bbox 2186 4100 2353 4171; x_wconf 87' lang='lat' dir='ltr'><strong>sequi</strong></span> <span class='ocrx_word' id='word_1_664' title='bbox 2384 4097 2677 4164; x_wconf 88' lang='lat' dir='ltr'><strong>inimicos,</strong></span> <span class='ocrx_word' id='word_1_665' title='bbox 2724 4097 2822 4168; x_wconf 90' lang='lat' dir='ltr'><strong>qui</strong></span> <span class='ocrx_word' id='word_1_666' title='bbox 2852 4098 2992 4151; x_wconf 91' lang='lat' dir='ltr'><strong>sunt</strong></span> <span class='ocrx_word' id='word_1_667' title='bbox 3046 4102 3162 4151; x_wconf 86' lang='lat' dir='ltr'><strong>tam</strong></span> <span class='ocrx_word' id='word_1_668' title='bbox 3196 4091 3537 4160; x_wconf 89' lang='lat' dir='ltr'><strong>imbecilles,</strong></span> <span class='ocrx_word' id='word_1_669' title='bbox 3579 4098 3631 4147; x_wconf 89' lang='lat' dir='ltr'><strong>ct</strong></span> 
     </span>
    </p>
   </div>
   <div class='ocr_carea' id='block_1_89' title="bbox 1995 4187 2660 4243">
    <p class='ocr_par' dir='ltr' id='par_1_89' title="bbox 1995 4187 2660 4243">
     <span class='ocr_line' id='line_1_90' title="bbox 1995 4187 2660 4243; baseline -0.005 0"><span class='ocrx_word' id='word_1_670' title='bbox 1995 4191 2114 4243; x_wconf 91' lang='lat' dir='ltr'><strong>tam</strong></span> <span class='ocrx_word' id='word_1_671' title='bbox 2146 4187 2313 4242; x_wconf 84' lang='lat' dir='ltr'><strong>facile</strong></span> <span class='ocrx_word' id='word_1_672' title='bbox 2351 4190 2660 4243; x_wconf 89' lang='lat' dir='ltr'><strong>terrentur.</strong></span> 
     </span>
    </p>
   </div>
   <div class='ocr_carea' id='block_1_90' title="bbox 2067 4269 3634 4343">
    <p class='ocr_par' dir='ltr' id='par_1_90' title="bbox 2067 4269 3634 4343">
     <span class='ocr_line' id='line_1_91' title="bbox 2067 4269 3634 4343; baseline -0.004 -10"><span class='ocrx_word' id='word_1_673' title='bbox 2067 4274 2212 4333; x_wconf 85' lang='lat' dir='ltr'><strong>XVI.</strong></span> <span class='ocrx_word' id='word_1_674' title='bbox 2248 4275 2375 4329; x_wconf 86' lang='lat' dir='ltr'><strong>Haec</strong></span> <span class='ocrx_word' id='word_1_675' title='bbox 2422 4289 2554 4330; x_wconf 90' lang='lat' dir='ltr'><strong>cum</strong></span> <span class='ocrx_word' id='word_1_676' title='bbox 2589 4276 2782 4328; x_wconf 90' lang='lat' dir='ltr'><strong>mente</strong></span> <span class='ocrx_word' id='word_1_677' title='bbox 2810 4272 3085 4343; x_wconf 86' lang='lat' dir='ltr'><strong>agitasset</strong></span> <span class='ocrx_word' id='word_1_678' title='bbox 3142 4269 3481 4343; x_wconf 83' lang='lat' dir='ltr'><strong>Cyprianus,</strong></span> <span class='ocrx_word' id='word_1_679' title='bbox 3513 4277 3634 4327; x_wconf 90' lang='lat' dir='ltr'><strong>sta-</strong></span> 
     </span>
    </p>
   </div>
   <div class='ocr_carea' id='block_1_91' title="bbox 1996 4357 3630 4435">
    <p class='ocr_par' dir='ltr' id='par_1_91' title="bbox 1996 4357 3630 4435">
     <span class='ocr_line' id='line_1_92' title="bbox 1996 4357 3630 4435; baseline -0.004 -16"><span class='ocrx_word' id='word_1_680' title='bbox 1996 4364 2105 4419; x_wconf 88' lang='lat' dir='ltr'><strong>tim</strong></span> <span class='ocrx_word' id='word_1_681' title='bbox 2123 4363 2375 4435; x_wconf 86' lang='lat' dir='ltr'><strong>perrexit</strong></span> <span class='ocrx_word' id='word_1_682' title='bbox 2393 4363 2463 4418; x_wconf 87' lang='lat' dir='ltr'><strong>sd</strong></span> <span class='ocrx_word' id='word_1_683' title='bbox 2495 4360 2705 4428; x_wconf 89' lang='lat' dir='ltr'><strong>libros;</strong></span> <span class='ocrx_word' id='word_1_684' title='bbox 2729 4363 2785 4417; x_wconf 91' lang='lat' dir='ltr'><strong>et</strong></span> <span class='ocrx_word' id='word_1_685' title='bbox 2805 4364 3087 4432; x_wconf 89' lang='lat' dir='ltr'><strong>tanquam</strong></span> <span class='ocrx_word' id='word_1_686' title='bbox 3119 4357 3404 4415; x_wconf 89' lang='lat' dir='ltr'><strong>malorum</strong></span> <span class='ocrx_word' id='word_1_687' title='bbox 3422 4359 3630 4426; x_wconf 75' lang='lat' dir='ltr'><strong>fontes,</strong></span> 
     </span>
    </p>
   </div>
   <div class='ocr_carea' id='block_1_92' title="bbox 1994 4448 3631 4526">
    <p class='ocr_par' dir='ltr' id='par_1_92' title="bbox 1994 4448 3631 4526">
     <span class='ocr_line' id='line_1_93' title="bbox 1994 4448 3631 4526; baseline -0.004 -16"><span class='ocrx_word' id='word_1_688' title='bbox 1994 4458 2052 4510; x_wconf 88' lang='lat' dir='ltr'><strong>et</strong></span> <span class='ocrx_word' id='word_1_689' title='bbox 2088 4452 2385 4526; x_wconf 89' lang='lat' dir='ltr'><strong>orgiorum</strong></span> <span class='ocrx_word' id='word_1_690' title='bbox 2426 4450 2919 4506; x_wconf 71' lang='lat' dir='ltr'><strong>daemoniacorum</strong></span> <span class='ocrx_word' id='word_1_691' title='bbox 2962 4448 3288 4516; x_wconf 87' lang='lat' dir='ltr'><strong>thesauros,</strong></span> <span class='ocrx_word' id='word_1_692' title='bbox 3320 4462 3631 4519; x_wconf 89' lang='lat' dir='ltr'><strong>eorumque</strong></span> 
     </span>
    </p>
   </div>
   <div class='ocr_carea' id='block_1_93' title="bbox 1996 4536 3630 4615">
    <p class='ocr_par' dir='ltr' id='par_1_93' title="bbox 1996 4536 3630 4615">
     <span class='ocr_line' id='line_1_94' title="bbox 1996 4536 3630 4615; baseline -0.006 -16"><span class='ocrx_word' id='word_1_693' title='bbox 1996 4542 2268 4615; x_wconf 66' lang='lat' dir='ltr'><strong>nequitia</strong></span> <span class='ocrx_word' id='word_1_694' title='bbox 2324 4540 2565 4597; x_wconf 87' lang='lat' dir='ltr'><strong>delicias</strong></span> <span class='ocrx_word' id='word_1_695' title='bbox 2602 4542 2660 4597; x_wconf 89' lang='lat' dir='ltr'><strong>et</strong></span> <span class='ocrx_word' id='word_1_696' title='bbox 2712 4538 2970 4608; x_wconf 88' lang='lat' dir='ltr'><strong>donaria,</strong></span> <span class='ocrx_word' id='word_1_697' title='bbox 3029 4554 3128 4594; x_wconf 89' lang='lat' dir='ltr'><strong>eos</strong></span> <span class='ocrx_word' id='word_1_698' title='bbox 3175 4536 3298 4610; x_wconf 89' lang='lat' dir='ltr'><strong>igni</strong></span> <span class='ocrx_word' id='word_1_699' title='bbox 3356 4537 3630 4593; x_wconf 87' lang='lat' dir='ltr'><strong>mandare</strong></span> 
     </span>
    </p>
   </div>
   <div class='ocr_carea' id='block_1_94' title="bbox 244 4627 1898 4708">
    <p class='ocr_par' dir='ltr' id='par_1_94' title="bbox 244 4627 1886 4708">
     <span class='ocr_line' id='line_1_95' title="bbox 244 4627 1886 4708; baseline 0.002 -22"><span class='ocrx_word' id='word_1_700' title='bbox 244 4628 401 4706; x_wconf 79' lang='grc' dir='ltr'>ἔγνω.</span> <span class='ocrx_word' id='word_1_701' title='bbox 435 4631 622 4705; x_wconf 82' lang='grc' dir='ltr'>Φέρειν</span> <span class='ocrx_word' id='word_1_702' title='bbox 662 4631 709 4666; x_wconf 75' lang='grc'><strong>⁵⁸</strong></span> <span class='ocrx_word' id='word_1_703' title='bbox 760 4627 853 4684; x_wconf 82' lang='grc' dir='ltr'>οὖν</span> <span class='ocrx_word' id='word_1_704' title='bbox 895 4627 1060 4685; x_wconf 74' lang='grc' dir='ltr'>εῗπὼν</span> <span class='ocrx_word' id='word_1_705' title='bbox 1106 4635 1221 4693; x_wconf 90' lang='grc' dir='ltr'>τοῖς</span> <span class='ocrx_word' id='word_1_706' title='bbox 1270 4632 1561 4708; x_wconf 81' lang='grc' dir='ltr'>θεραπουσι</span> <span class='ocrx_word' id='word_1_707' title='bbox 1612 4635 1674 4703; x_wconf 85' lang='grc'><strong>⁵⁷,</strong></span> <span class='ocrx_word' id='word_1_708' title='bbox 1725 4654 1886 4689; x_wconf 86' lang='grc' dir='ltr'>κατα-</span> 
     </span>
    </p>
   </div>
   <div class='ocr_carea' id='block_1_95' title="bbox 2009 4627 3633 4708">
    <p class='ocr_par' dir='ltr' id='par_1_95' title="bbox 2009 4628 3633 4704">
     <span class='ocr_line' id='line_1_96' title="bbox 2009 4628 3633 4704; baseline -0.006 -11"><span class='ocrx_word' id='word_1_709' title='bbox 2009 4635 2221 4693; x_wconf 74' lang='lat' dir='ltr'><strong>statuit.</strong></span> <span class='ocrx_word' id='word_1_710' title='bbox 2255 4635 2400 4691; x_wconf 91' lang='lat' dir='ltr'><strong>Cum</strong></span> <span class='ocrx_word' id='word_1_711' title='bbox 2456 4648 2593 4704; x_wconf 87' lang='lat' dir='ltr'><strong>ergo</strong></span> <span class='ocrx_word' id='word_1_712' title='bbox 2634 4632 2873 4689; x_wconf 83' lang='lat' dir='ltr'><strong>dixisset</strong></span> <span class='ocrx_word' id='word_1_713' title='bbox 2913 4630 3167 4699; x_wconf 86' lang='lat' dir='ltr'><strong>famulis,</strong></span> <span class='ocrx_word' id='word_1_714' title='bbox 3201 4637 3268 4687; x_wconf 90' lang='lat' dir='ltr'><strong>ut</strong></span> <span class='ocrx_word' id='word_1_715' title='bbox 3320 4645 3417 4687; x_wconf 88' lang='lat' dir='ltr'><strong>eos</strong></span> <span class='ocrx_word' id='word_1_716' title='bbox 3457 4628 3633 4685; x_wconf 70' lang='lat' dir='ltr'><strong>alier-</strong></span> 
     </span>
    </p>
   </div>
   <div class='ocr_carea' id='block_1_96' title="bbox 244 4715 1881 4801">
    <p class='ocr_par' dir='ltr' id='par_1_96' title="bbox 244 4715 1881 4801">
     <span class='ocr_line' id='line_1_97' title="bbox 244 4715 1881 4801; baseline -0.005 -25"><span class='ocrx_word' id='word_1_717' title='bbox 244 4715 509 4794; x_wconf 77' lang='grc' dir='ltr'>λαμϐάνει</span> <span class='ocrx_word' id='word_1_718' title='bbox 560 4721 660 4790; x_wconf 81' lang='grc' dir='ltr'><strong>τήν</strong></span> <span class='ocrx_word' id='word_1_719' title='bbox 707 4716 1026 4791; x_wconf 80' lang='grc' dir='ltr'>ἐκκλησίαν,</span> <span class='ocrx_word' id='word_1_720' title='bbox 1083 4720 1175 4775; x_wconf 86' lang='grc' dir='ltr'><strong>καὶ</strong></span> <span class='ocrx_word' id='word_1_721' title='bbox 1223 4724 1304 4794; x_wconf 79' lang='grc' dir='ltr'>τῷ</span> <span class='ocrx_word' id='word_1_722' title='bbox 1360 4721 1640 4796; x_wconf 83' lang='grc' dir='ltr'>έπισκόπῳ</span> <span class='ocrx_word' id='word_1_723' title='bbox 1690 4745 1881 4801; x_wconf 74' lang='grc' dir='ltr'>συγγε.</span> 
     </span>
    </p>
   </div>
   <div class='ocr_carea' id='block_1_97' title="bbox 240 4806 1884 4890">
    <p class='ocr_par' dir='ltr' id='par_1_97' title="bbox 240 4806 1884 4890">
     <span class='ocr_line' id='line_1_98' title="bbox 240 4806 1884 4890; baseline 0.004 -27"><span class='ocrx_word' id='word_1_724' title='bbox 240 4812 467 4885; x_wconf 71' lang='grc' dir='ltr'>νόμενος</span> <span class='ocrx_word' id='word_1_725' title='bbox 527 4810 813 4882; x_wconf 76' lang='grc' dir='ltr'>(”Ανθιμος</span> <span class='ocrx_word' id='word_1_726' title='bbox 859 4809 1006 4881; x_wconf 83' lang='grc' dir='ltr'><strong>αύτῷ</strong></span> <span class='ocrx_word' id='word_1_727' title='bbox 1052 4806 1249 4884; x_wconf 75' lang='grc' dir='ltr'>ὄνομα)</span> <span class='ocrx_word' id='word_1_728' title='bbox 1295 4813 1339 4849; x_wconf 81' lang='grc'>⁸⁸</span> <span class='ocrx_word' id='word_1_729' title='bbox 1390 4810 1723 4890; x_wconf 76' lang='grc' dir='ltr'>ἐγγραφῆναι</span> <span class='ocrx_word' id='word_1_730' title='bbox 1770 4819 1884 4876; x_wconf 86' lang='grc' dir='ltr'>τοῖς</span> 
     </span>
    </p>
   </div>
   <div class='ocr_carea' id='block_1_98' title="bbox 244 4894 1880 4978">
    <p class='ocr_par' dir='ltr' id='par_1_98' title="bbox 244 4894 1880 4978">
     <span class='ocr_line' id='line_1_99' title="bbox 244 4894 1880 4978; baseline 0.001 -22"><span class='ocrx_word' id='word_1_731' title='bbox 244 4904 337 4956; x_wconf 80' lang='grc' dir='ltr'><strong>τοῦ</strong></span> <span class='ocrx_word' id='word_1_732' title='bbox 394 4900 632 4975; x_wconf 77' lang='grc' dir='ltr'>Χριστοῦ</span> <span class='ocrx_word' id='word_1_733' title='bbox 681 4894 981 4973; x_wconf 81' lang='grc' dir='ltr'>προϐατοις</span> <span class='ocrx_word' id='word_1_734' title='bbox 1026 4899 1205 4969; x_wconf 80' lang='grc' dir='ltr'>ἠξίου.</span> <span class='ocrx_word' id='word_1_735' title='bbox 1252 4901 1315 4957; x_wconf 91' lang='grc' dir='ltr'>Ὁ</span> <span class='ocrx_word' id='word_1_736' title='bbox 1368 4898 1426 4957; x_wconf 75' lang='grc' dir='ltr'><strong>δὲ</strong></span> <span class='ocrx_word' id='word_1_737' title='bbox 1475 4902 1584 4975; x_wconf 80' lang='grc' dir='ltr'>(καὶ</span> <span class='ocrx_word' id='word_1_738' title='bbox 1631 4904 1736 4978; x_wconf 69' lang='grc' dir='ltr'><strong>γὰρ</strong></span> <span class='ocrx_word' id='word_1_739' title='bbox 1790 4904 1880 4958; x_wconf 85' lang='grc' dir='ltr'><strong>τὸν</strong></span> 
     </span>
    </p>
   </div>
   <div class='ocr_carea' id='block_1_99' title="bbox 245 4986 1881 5067">
    <p class='ocr_par' dir='ltr' id='par_1_99' title="bbox 245 4986 1881 5067">
     <span class='ocr_line' id='line_1_100' title="bbox 245 4986 1881 5067; baseline 0.001 -21"><span class='ocrx_word' id='word_1_740' title='bbox 245 4987 407 5066; x_wconf 67' lang='grc' dir='ltr'>ἓνδρα</span> <span class='ocrx_word' id='word_1_741' title='bbox 480 4987 739 5063; x_wconf 80' lang='grc' dir='ltr'>ἐγίνωσκε</span> <span class='ocrx_word' id='word_1_742' title='bbox 804 4988 894 5042; x_wconf 76' lang='grc' dir='ltr'><strong>καὶ</strong></span> <span class='ocrx_word' id='word_1_743' title='bbox 961 4986 1129 5043; x_wconf 84' lang='grc' dir='ltr'>λύκον</span> <span class='ocrx_word' id='word_1_744' title='bbox 1197 4989 1354 5045; x_wconf 84' lang='grc' dir='ltr'>άύτὸν</span> <span class='ocrx_word' id='word_1_745' title='bbox 1415 4990 1659 5065; x_wconf 80' lang='grc' dir='ltr'>ἀτεχνῶς</span> <span class='ocrx_word' id='word_1_746' title='bbox 1717 4988 1881 5067; x_wconf 76' lang='grc' dir='ltr'>ᾔδει),</span> 
     </span>
    </p>
   </div>
   <div class='ocr_carea' id='block_1_100' title="bbox 240 5076 1880 5155">
    <p class='ocr_par' dir='ltr' id='par_1_100' title="bbox 240 5076 1880 5155">
     <span class='ocr_line' id='line_1_101' title="bbox 240 5076 1880 5155; baseline 0.001 -20"><span class='ocrx_word' id='word_1_747' title='bbox 240 5080 434 5155; x_wconf 76' lang='grc' dir='ltr'>τέχνην</span> <span class='ocrx_word' id='word_1_748' title='bbox 464 5078 603 5134; x_wconf 79' lang='grc' dir='ltr'>εἶναι</span> <span class='ocrx_word' id='word_1_749' title='bbox 642 5076 706 5133; x_wconf 84' lang='grc' dir='ltr'>τὸ</span> <span class='ocrx_word' id='word_1_750' title='bbox 749 5080 976 5153; x_wconf 84' lang='grc' dir='ltr'>πρᾶγμα</span> <span class='ocrx_word' id='word_1_751' title='bbox 1021 5078 1273 5149; x_wconf 89' lang='grc' dir='ltr'>νομίσας,</span> <span class='ocrx_word' id='word_1_752' title='bbox 1318 5079 1443 5141; x_wconf 84' lang='grc' dir='ltr'>τοὺς</span> <span class='ocrx_word' id='word_1_753' title='bbox 1491 5080 1539 5117; x_wconf 76' lang='grc'><strong>⁵⁸</strong></span> <span class='ocrx_word' id='word_1_754' title='bbox 1584 5078 1735 5143; x_wconf 84' lang='grc' dir='ltr'>ἐκτὸς</span> <span class='ocrx_word' id='word_1_755' title='bbox 1782 5087 1880 5150; x_wconf 76' lang='grc' dir='ltr'><strong>τῆς</strong></span> 
     </span>
    </p>
   </div>
   <div class='ocr_carea' id='block_1_101' title="bbox 242 5164 1879 5243">
    <p class='ocr_par' dir='ltr' id='par_1_101' title="bbox 242 5164 1879 5243">
     <span class='ocr_line' id='line_1_102' title="bbox 242 5164 1879 5243; baseline 0.001 -19"><span class='ocrx_word' id='word_1_756' title='bbox 242 5167 567 5240; x_wconf 83' lang='grc' dir='ltr'>Ἐκκλησίας</span> <span class='ocrx_word' id='word_1_757' title='bbox 624 5168 808 5243; x_wconf 85' lang='grc' dir='ltr'>ἀρκεῖν</span> <span class='ocrx_word' id='word_1_758' title='bbox 866 5164 1012 5237; x_wconf 80' lang='grc' dir='ltr'>αὐτῷ</span> <span class='ocrx_word' id='word_1_759' title='bbox 1068 5167 1379 5243; x_wconf 78' lang='grc' dir='ltr'>παρηγγύα,</span> <span class='ocrx_word' id='word_1_760' title='bbox 1468 5170 1543 5241; x_wconf 81' lang='grc' dir='ltr'>μὴ</span> <span class='ocrx_word' id='word_1_761' title='bbox 1616 5169 1708 5224; x_wconf 82' lang='grc' dir='ltr'><strong>καὶ</strong></span> <span class='ocrx_word' id='word_1_762' title='bbox 1762 5175 1879 5233; x_wconf 90' lang='grc' dir='ltr'>τοῖς</span> 
     </span>
    </p>
   </div>
   <div class='ocr_carea' id='block_1_102' title="bbox 243 5255 1878 5335">
    <p class='ocr_par' dir='ltr' id='par_1_102' title="bbox 243 5255 1878 5335">
     <span class='ocr_line' id='line_1_103' title="bbox 243 5255 1878 5335; baseline 0.001 -22"><span class='ocrx_word' id='word_1_763' title='bbox 243 5255 387 5314; x_wconf 81' lang='grc' dir='ltr'>ἔνδον</span> <span class='ocrx_word' id='word_1_764' title='bbox 446 5256 674 5332; x_wconf 85' lang='grc' dir='ltr'>μελετᾷν</span> <span class='ocrx_word' id='word_1_765' title='bbox 727 5255 1079 5328; x_wconf 83' lang='grc' dir='ltr'>ἐπιτίθεσθαι,</span> <span class='ocrx_word' id='word_1_766' title='bbox 1137 5256 1369 5327; x_wconf 79' lang='grc' dir='ltr'>Μήποτὲ</span> <span class='ocrx_word' id='word_1_767' title='bbox 1425 5279 1530 5328; x_wconf 87' lang='grc' dir='ltr'>σοι,</span> <span class='ocrx_word' id='word_1_768' title='bbox 1588 5259 1741 5335; x_wconf 75' lang='grc' dir='ltr'>φησὶ,</span> <span class='ocrx_word' id='word_1_769' title='bbox 1790 5260 1878 5315; x_wconf 87' lang='grc' dir='ltr'>καὶ</span> 
     </span>
    </p>
   </div>
   <div class='ocr_carea' id='block_1_103' title="bbox 307 5418 1728 5492">
    <p class='ocr_par' dir='ltr' id='par_1_103' title="bbox 307 5418 1728 5492">
     <span class='ocr_line' id='line_1_104' title="bbox 307 5418 1728 5492; baseline 0.001 -16"><span class='ocrx_word' id='word_1_770' title='bbox 307 5425 349 5460; x_wconf 71' lang='grc' dir='ltr'>δι</span> <span class='ocrx_word' id='word_1_771' title='bbox 391 5419 615 5492; x_wconf 78' lang='lat' dir='ltr'><strong>codicis</strong></span> <span class='ocrx_word' id='word_1_772' title='bbox 676 5420 717 5475; x_wconf 87' lang='grc' dir='ltr'><strong>Ι)</strong></span> <span class='ocrx_word' id='word_1_773' title='bbox 775 5418 1009 5492; x_wconf 75' lang='lat' dir='ltr'><strong>reliquas</strong></span> <span class='ocrx_word' id='word_1_774' title='bbox 1066 5419 1534 5492; x_wconf 31' lang='lat' dir='ltr'><strong>peginasulaceraa</strong></span> <span class='ocrx_word' id='word_1_775' title='bbox 1576 5425 1728 5477; x_wconf 87' lang='lat' dir='ltr'><strong>sunt.</strong></span> 
     </span>
    </p>
   </div>
   <div class='ocr_carea' id='block_1_104' title="bbox 244 5489 1694 5565">
    <p class='ocr_par' dir='ltr' id='par_1_104' title="bbox 244 5489 1694 5565">
     <span class='ocr_line' id='line_1_105' title="bbox 244 5489 1694 5565; baseline 0.003 -21"><span class='ocrx_word' id='word_1_776' title='bbox 244 5497 285 5533; x_wconf 68' lang='grc' dir='ltr'><strong>ω</strong></span> <span class='ocrx_word' id='word_1_777' title='bbox 316 5489 749 5565; x_wconf 58' lang='grc' dir='ltr'>μεγάλαυχα,β.</span> <span class='ocrx_word' id='word_1_778' title='bbox 846 5489 1104 5547; x_wconf 52' lang='lat' dir='ltr'><strong>“deest.</strong></span> <span class='ocrx_word' id='word_1_779' title='bbox 1138 5494 1199 5565; x_wconf 12' lang='lat' dir='ltr'><strong>Bg.</strong></span> <span class='ocrx_word' id='word_1_780' title='bbox 1300 5490 1345 5565; x_wconf 59' lang='lat' dir='ltr'><strong>‘f</strong></span> <span class='ocrx_word' id='word_1_781' title='bbox 1401 5492 1579 5565; x_wconf 83' lang='lat' dir='ltr'><strong>deest,</strong></span> <span class='ocrx_word' id='word_1_782' title='bbox 1634 5494 1694 5549; x_wconf 89' lang='grc' dir='ltr'><strong>Β.</strong></span> 
     </span>
    </p>
   </div>
   <div class='ocr_carea' id='block_1_105' title="bbox 243 5554 1898 5689">
    <p class='ocr_par' dir='ltr' id='par_1_105' title="bbox 243 5554 1898 5689">
     <span class='ocr_line' id='line_1_106' title="bbox 243 5554 1898 5636; baseline 0.002 -19"><span class='ocrx_word' id='word_1_783' title='bbox 243 5567 286 5604; x_wconf 74' lang='grc' dir='ltr'>η</span> <span class='ocrx_word' id='word_1_784' title='bbox 313 5554 524 5636; x_wconf 74' lang='grc' dir='ltr'>ὧσὲίγε,</span> <span class='ocrx_word' id='word_1_785' title='bbox 554 5554 615 5618; x_wconf 73' lang='grc' dir='ltr'><strong>Β.</strong></span> <span class='ocrx_word' id='word_1_786' title='bbox 644 5554 888 5618; x_wconf 75' lang='lat' dir='ltr'><strong>Videtur</strong></span> <span class='ocrx_word' id='word_1_787' title='bbox 914 5568 1110 5619; x_wconf 88' lang='lat' dir='ltr'><strong>autem</strong></span> <span class='ocrx_word' id='word_1_788' title='bbox 1142 5561 1438 5619; x_wconf 89' lang='lat' dir='ltr'><strong>abundare</strong></span> <span class='ocrx_word' id='word_1_789' title='bbox 1467 5561 1541 5623; x_wconf 85' lang='grc' dir='ltr'>ὡς</span> <span class='ocrx_word' id='word_1_790' title='bbox 1563 5554 1799 5636; x_wconf 50' lang='grc' dir='ltr'>τιεωῑθ</span> <span class='ocrx_word' id='word_1_791' title='bbox 1845 5580 1898 5620; x_wconf 69' lang='grc' dir='ltr'>ο]</span> 
     </span>
     <span class='ocr_line' id='line_1_107' title="bbox 244 5626 1898 5689; baseline 0 0"><span class='ocrx_word' id='word_1_792' title='bbox 244 5654 426 5689; x_wconf 84' lang='grc' dir='ltr'>ποντα.</span> <span class='ocrx_word' id='word_1_793' title='bbox 457 5638 518 5689; x_wconf 88' lang='grc' dir='ltr'>Β.</span> <span class='ocrx_word' id='word_1_794' title='bbox 622 5633 668 5670; x_wconf 86' lang='grc'><strong>⁸⁴</strong></span> <span class='ocrx_word' id='word_1_795' title='bbox 696 5631 1069 5689; x_wconf 78' lang='grc' dir='ltr'>ποοσανέγειν.</span> <span class='ocrx_word' id='word_1_796' title='bbox 1101 5635 1162 5689; x_wconf 89' lang='lat' dir='ltr'><strong>F.</strong></span> <span class='ocrx_word' id='word_1_797' title='bbox 1265 5633 1312 5670; x_wconf 79' lang='grc'><strong>⁸⁵</strong></span> <span class='ocrx_word' id='word_1_798' title='bbox 1352 5626 1603 5689; x_wconf 78' lang='grc' dir='ltr'>ϐιϐλίων.</span> <span class='ocrx_word' id='word_1_799' title='bbox 1636 5636 1698 5689; x_wconf 90' lang='grc' dir='ltr'><strong>Β.</strong></span> <span class='ocrx_word' id='word_1_800' title='bbox 1801 5634 1847 5671; x_wconf 73' lang='grc'><strong>⁵⁸</strong></span> <span class='ocrx_word' id='word_1_801' title='bbox 1877 5654 1898 5689; x_wconf 77' lang='grc' dir='ltr'><strong>α</strong></span> 
     </span>
    </p>
   </div>
   <div class='ocr_carea' id='block_1_106' title="bbox 2009 5554 3213 5689">
    <p class='ocr_par' dir='ltr' id='par_1_106' title="bbox 2009 5554 3213 5689">
     <span class='ocr_line' id='line_1_108' title="bbox 2009 5554 3213 5651; baseline -0.007 -32"><span class='ocrx_word' id='word_1_802' title='bbox 2009 5554 2300 5636; x_wconf 70' lang='grc' dir='ltr'><strong>ιρὸιίῐῖοῐιθ</strong></span> <span class='ocrx_word' id='word_1_803' title='bbox 2344 5562 2560 5649; x_wconf 66' lang='lat' dir='ltr'><strong>ultimas</strong></span> <span class='ocrx_word' id='word_1_804' title='bbox 2608 5560 2841 5651; x_wconf 61' lang='lat' dir='ltr'><strong>syllaba</strong></span> <span class='ocrx_word' id='word_1_805' title='bbox 2890 5560 2947 5615; x_wconf 91' lang='lat' dir='ltr'><strong>in</strong></span> <span class='ocrx_word' id='word_1_806' title='bbox 2993 5554 3213 5620; x_wconf 75' lang='grc' dir='ltr'>εὐθέως.</span> 
     </span>
     <span class='ocr_line' id='line_1_109' title="bbox 2011 5629 3203 5689; baseline -0.005 0"><span class='ocrx_word' id='word_1_807' title='bbox 2011 5656 2048 5689; x_wconf 90' lang='grc' dir='ltr'><strong>ι.</strong></span> <span class='ocrx_word' id='word_1_808' title='bbox 2098 5640 2162 5689; x_wconf 90' lang='grc' dir='ltr'><strong>Β.</strong></span> <span class='ocrx_word' id='word_1_809' title='bbox 2265 5632 2313 5668; x_wconf 84' lang='grc'><strong>⁵⁷</strong></span> <span class='ocrx_word' id='word_1_810' title='bbox 2360 5652 2485 5689; x_wconf 87' lang='grc' dir='ltr'>τους</span> <span class='ocrx_word' id='word_1_811' title='bbox 2531 5644 2876 5689; x_wconf 71' lang='grc' dir='ltr'>θεράποντας.</span> <span class='ocrx_word' id='word_1_812' title='bbox 2929 5636 2991 5687; x_wconf 93' lang='grc' dir='ltr'><strong>Β.</strong></span> <span class='ocrx_word' id='word_1_813' title='bbox 3032 5630 3090 5684; x_wconf 89' lang='lat' dir='ltr'><strong>C.</strong></span> <span class='ocrx_word' id='word_1_814' title='bbox 3142 5629 3203 5684; x_wconf 90' lang='lat' dir='ltr'><strong>F.</strong></span> 
     </span>
    </p>
   </div>
   <div class='ocr_carea' id='block_1_107' title="bbox 1378 5640 1898 5778">
    <p class='ocr_par' dir='ltr' id='par_1_107' title="bbox 1378 5640 1898 5764">
     <span class='ocr_line' id='line_1_110' title="bbox 1378 5640 1898 5709; baseline 0.01 -22"><span class='ocrx_word' id='word_1_815' title='bbox 1378 5640 1603 5703; x_wconf 70' lang='grc' dir='ltr'>ιιὸλίων,</span> <span class='ocrx_word' id='word_1_816' title='bbox 1636 5640 1698 5692; x_wconf 89' lang='grc' dir='ltr'><strong>Β.</strong></span> <span class='ocrx_word' id='word_1_817' title='bbox 1801 5640 1847 5671; x_wconf 75' lang='grc'><strong>⁵⁵</strong></span> <span class='ocrx_word' id='word_1_818' title='bbox 1877 5654 1898 5709; x_wconf 79' lang='lat' dir='ltr'><strong>q</strong></span> 
     </span>
     <span class='ocr_line' id='line_1_111' title="bbox 1378 5707 1898 5764; baseline 0.002 -1"><span class='ocrx_word' id='word_1_819' title='bbox 1378 5709 1544 5763; x_wconf 77' lang='lat' dir='ltr'><strong>rient.</strong></span> <span class='ocrx_word' id='word_1_820' title='bbox 1578 5707 1801 5762; x_wconf 57' lang='lat' dir='ltr'><strong>Christ&quot;</strong></span> <span class='ocrx_word' id='word_1_821' title='bbox 1833 5712 1898 5764; x_wconf 61' lang='lat' dir='ltr'><strong>tu]</strong></span> 
     </span>
    </p>
   </div>
   <div class='ocr_carea' id='block_1_108' title="bbox 2009 5640 3361 5778">
    <p class='ocr_par' dir='ltr' id='par_1_108' title="bbox 2009 5640 3361 5778">
     <span class='ocr_line' id='line_1_112' title="bbox 2011 5640 3353 5708; baseline -0.004 -20"><span class='ocrx_word' id='word_1_822' title='bbox 2011 5656 2048 5702; x_wconf 90' lang='grc' dir='ltr'><strong>ι,</strong></span> <span class='ocrx_word' id='word_1_823' title='bbox 2098 5640 2162 5691; x_wconf 90' lang='grc' dir='ltr'><strong>Β.</strong></span> <span class='ocrx_word' id='word_1_824' title='bbox 2265 5640 2311 5668; x_wconf 80' lang='grc'><strong>⁵⁷</strong></span> <span class='ocrx_word' id='word_1_825' title='bbox 2360 5640 2485 5694; x_wconf 79' lang='grc' dir='ltr'>τοὺς</span> <span class='ocrx_word' id='word_1_826' title='bbox 2531 5640 2876 5708; x_wconf 79' lang='grc' dir='ltr'>θεράποντας,</span> <span class='ocrx_word' id='word_1_827' title='bbox 2929 5640 2991 5687; x_wconf 92' lang='grc' dir='ltr'><strong>Β.</strong></span> <span class='ocrx_word' id='word_1_828' title='bbox 3032 5640 3090 5684; x_wconf 83' lang='lat' dir='ltr'><strong>C.</strong></span> <span class='ocrx_word' id='word_1_829' title='bbox 3142 5640 3203 5684; x_wconf 61' lang='grc' dir='ltr'>ιε’.</span> <span class='ocrx_word' id='word_1_830' title='bbox 3303 5640 3353 5663; x_wconf 64' lang='grc' dir='ltr'><strong>δι’</strong></span> 
     </span>
     <span class='ocr_line' id='line_1_113' title="bbox 2009 5697 3361 5778; baseline -0.007 -17"><span class='ocrx_word' id='word_1_831' title='bbox 2009 5706 2076 5776; x_wconf 80' lang='lat' dir='ltr'><strong>li,</strong></span> <span class='ocrx_word' id='word_1_832' title='bbox 2108 5720 2239 5778; x_wconf 88' lang='lat' dir='ltr'><strong>pag.</strong></span> <span class='ocrx_word' id='word_1_833' title='bbox 2270 5706 2394 5765; x_wconf 78' lang='lat'><strong>670.</strong></span> <span class='ocrx_word' id='word_1_834' title='bbox 2471 5705 2517 5742; x_wconf 76' lang='grc'><strong>⁵⁸</strong></span> <span class='ocrx_word' id='word_1_835' title='bbox 2543 5705 2692 5777; x_wconf 76' lang='grc' dir='ltr'>τοὺς,</span> <span class='ocrx_word' id='word_1_836' title='bbox 2728 5710 2784 5758; x_wconf 89' lang='grc' dir='ltr'><strong>Β.</strong></span> <span class='ocrx_word' id='word_1_837' title='bbox 2818 5706 2878 5762; x_wconf 87' lang='lat' dir='ltr'><strong>C.</strong></span> <span class='ocrx_word' id='word_1_838' title='bbox 2911 5736 2979 5747; x_wconf 95' lang='lat'>—</span> <span class='ocrx_word' id='word_1_839' title='bbox 3008 5704 3123 5757; x_wconf 79' lang='grc' dir='ltr'>τοῖς</span> <span class='ocrx_word' id='word_1_840' title='bbox 3155 5697 3361 5756; x_wconf 68' lang='lat' dir='ltr'><strong>cmtcri.</strong></span> 
     </span>
    </p>
   </div>
   <div class='ocr_carea' id='block_1_109' title="bbox 1265 5626 1698 5703">
    <p class='ocr_par' dir='ltr' id='par_1_109' title="bbox 1265 5626 1698 5703">
     <span class='ocr_line' id='line_1_114' title="bbox 1265 5626 1698 5703; baseline 0.009 -15"><span class='ocrx_word' id='word_1_841' title='bbox 1265 5633 1312 5670; x_wconf 78' lang='grc'>⁸⁵</span> <span class='ocrx_word' id='word_1_842' title='bbox 1352 5626 1603 5703; x_wconf 77' lang='grc' dir='ltr'>βιϐλίων,</span> <span class='ocrx_word' id='word_1_843' title='bbox 1636 5636 1698 5692; x_wconf 90' lang='grc' dir='ltr'><strong>Β.</strong></span> 
     </span>
    </p>
   </div>
   <div class='ocr_carea' id='block_1_110' title="bbox 236 5631 1162 5709">
    <p class='ocr_par' dir='ltr' id='par_1_110' title="bbox 236 5631 1162 5709">
     <span class='ocr_line' id='line_1_115' title="bbox 236 5631 1162 5709; baseline -0.001 -16"><span class='ocrx_word' id='word_1_844' title='bbox 236 5654 426 5709; x_wconf 77' lang='grc' dir='ltr'>ποντα,</span> <span class='ocrx_word' id='word_1_845' title='bbox 457 5631 518 5693; x_wconf 88' lang='grc' dir='ltr'><strong>Β.</strong></span> <span class='ocrx_word' id='word_1_846' title='bbox 602 5633 668 5709; x_wconf 20' lang='grc' dir='ltr'><strong>λ⁸⁴</strong></span> <span class='ocrx_word' id='word_1_847' title='bbox 696 5631 1069 5709; x_wconf 75' lang='grc' dir='ltr'>προσανέχειν,</span> <span class='ocrx_word' id='word_1_848' title='bbox 1101 5635 1162 5692; x_wconf 89' lang='lat' dir='ltr'><strong>F.</strong></span> 
     </span>
    </p>
   </div>
   <div class='ocr_carea' id='block_1_111' title="bbox 244 5705 1289 5779">
    <p class='ocr_par' dir='ltr' id='par_1_111' title="bbox 244 5705 1289 5779">
     <span class='ocr_line' id='line_1_116' title="bbox 244 5705 1289 5779; baseline -0.007 -11"><span class='ocrx_word' id='word_1_849' title='bbox 244 5708 554 5768; x_wconf 68' lang='lat' dir='ltr'><strong>Antiochia</strong></span> <span class='ocrx_word' id='word_1_850' title='bbox 582 5705 893 5764; x_wconf 83' lang='lat' dir='ltr'><strong>Antbimus</strong></span> <span class='ocrx_word' id='word_1_851' title='bbox 925 5705 1178 5779; x_wconf 77' lang='lat' dir='ltr'><strong>episcOp.</strong></span> <span class='ocrx_word' id='word_1_852' title='bbox 1208 5706 1289 5763; x_wconf 77' lang='lat' dir='ltr'><strong>Ct“.</strong></span> 
     </span>
    </p>
   </div>
   <div class='ocr_carea' id='block_1_112' title="bbox 1994 4719 3627 4791">
    <p class='ocr_par' dir='ltr' id='par_1_112' title="bbox 1994 4719 3627 4791">
     <span class='ocr_line' id='line_1_117' title="bbox 1994 4719 3627 4791; baseline -0.006 -9"><span class='ocrx_word' id='word_1_853' title='bbox 1994 4730 2137 4791; x_wconf 91' lang='lat' dir='ltr'><strong>rent,</strong></span> <span class='ocrx_word' id='word_1_854' title='bbox 2180 4723 2339 4781; x_wconf 88' lang='lat' dir='ltr'><strong>venit</strong></span> <span class='ocrx_word' id='word_1_855' title='bbox 2394 4722 2467 4779; x_wconf 85' lang='lat' dir='ltr'><strong>ad</strong></span> <span class='ocrx_word' id='word_1_856' title='bbox 2499 4721 2807 4779; x_wconf 90' lang='lat' dir='ltr'><strong>ecclesiam</strong></span> <span class='ocrx_word' id='word_1_857' title='bbox 2840 4738 2856 4778; x_wconf 87' lang='lat'><strong>:</strong></span> <span class='ocrx_word' id='word_1_858' title='bbox 2906 4727 2961 4776; x_wconf 90' lang='lat' dir='ltr'><strong>et</strong></span> <span class='ocrx_word' id='word_1_859' title='bbox 3016 4736 3151 4776; x_wconf 90' lang='lat' dir='ltr'><strong>cum</strong></span> <span class='ocrx_word' id='word_1_860' title='bbox 3188 4719 3461 4791; x_wconf 89' lang='lat' dir='ltr'><strong>episcopo</strong></span> <span class='ocrx_word' id='word_1_861' title='bbox 3493 4734 3627 4773; x_wconf 88' lang='lat' dir='ltr'><strong>con-</strong></span> 
     </span>
    </p>
   </div>
   <div class='ocr_carea' id='block_1_113' title="bbox 1987 4807 3623 4887">
    <p class='ocr_par' dir='ltr' id='par_1_113' title="bbox 1987 4807 3623 4887">
     <span class='ocr_line' id='line_1_118' title="bbox 1987 4807 3623 4887; baseline -0.004 -20"><span class='ocrx_word' id='word_1_862' title='bbox 1987 4830 2227 4887; x_wconf 79' lang='lat' dir='ltr'><strong>gressus</strong></span> <span class='ocrx_word' id='word_1_863' title='bbox 2283 4812 2356 4885; x_wconf 90' lang='lat' dir='ltr'><strong>(ei</strong></span> <span class='ocrx_word' id='word_1_864' title='bbox 2388 4826 2599 4869; x_wconf 88' lang='lat' dir='ltr'><strong>nomen</strong></span> <span class='ocrx_word' id='word_1_865' title='bbox 2657 4814 2781 4867; x_wconf 89' lang='lat' dir='ltr'><strong>erat</strong></span> <span class='ocrx_word' id='word_1_866' title='bbox 2836 4807 3198 4879; x_wconf 79' lang='lat' dir='ltr'><strong>Anthimus),</strong></span> <span class='ocrx_word' id='word_1_867' title='bbox 3240 4807 3498 4876; x_wconf 88' lang='lat' dir='ltr'><strong>rogabat,</strong></span> <span class='ocrx_word' id='word_1_868' title='bbox 3557 4810 3623 4860; x_wconf 90' lang='lat' dir='ltr'><strong>ut</strong></span> 
     </span>
    </p>
   </div>
   <div class='ocr_carea' id='block_1_114' title="bbox 1987 4893 3619 4960">
    <p class='ocr_par' dir='ltr' id='par_1_114' title="bbox 1987 4893 3619 4960">
     <span class='ocr_line' id='line_1_119' title="bbox 1987 4893 3619 4960; baseline -0.007 0"><span class='ocrx_word' id='word_1_869' title='bbox 1987 4902 2412 4960; x_wconf 89' lang='lat' dir='ltr'><strong>describeretur</strong></span> <span class='ocrx_word' id='word_1_870' title='bbox 2474 4901 2535 4957; x_wconf 91' lang='lat' dir='ltr'><strong>in</strong></span> <span class='ocrx_word' id='word_1_871' title='bbox 2593 4913 2901 4955; x_wconf 91' lang='lat' dir='ltr'><strong>numerum</strong></span> <span class='ocrx_word' id='word_1_872' title='bbox 2971 4898 3163 4955; x_wconf 79' lang='lat' dir='ltr'><strong>ovium</strong></span> <span class='ocrx_word' id='word_1_873' title='bbox 3228 4894 3462 4951; x_wconf 88' lang='lat' dir='ltr'><strong>Christi.</strong></span> <span class='ocrx_word' id='word_1_874' title='bbox 3519 4893 3619 4949; x_wconf 90' lang='lat' dir='ltr'><strong>Ille</strong></span> 
     </span>
    </p>
   </div>
   <div class='ocr_carea' id='block_1_115' title="bbox 1985 4982 3620 5063">
    <p class='ocr_par' dir='ltr' id='par_1_115' title="bbox 1985 4982 3620 5063">
     <span class='ocr_line' id='line_1_120' title="bbox 1985 4982 3620 5063; baseline -0.006 -14"><span class='ocrx_word' id='word_1_875' title='bbox 1985 5000 2175 5049; x_wconf 90' lang='lat' dir='ltr'><strong>autem</strong></span> <span class='ocrx_word' id='word_1_876' title='bbox 2199 4990 2572 5063; x_wconf 83' lang='lat' dir='ltr'><strong>(Cyprianum</strong></span> <span class='ocrx_word' id='word_1_877' title='bbox 2602 4989 2758 5044; x_wconf 88' lang='lat' dir='ltr'><strong>enim</strong></span> <span class='ocrx_word' id='word_1_878' title='bbox 2780 4986 3185 5058; x_wconf 85' lang='lat' dir='ltr'><strong>cognoscebat,</strong></span> <span class='ocrx_word' id='word_1_879' title='bbox 3208 4988 3266 5041; x_wconf 89' lang='lat' dir='ltr'><strong>et</strong></span> <span class='ocrx_word' id='word_1_880' title='bbox 3294 4999 3428 5040; x_wconf 88' lang='lat' dir='ltr'><strong>eum</strong></span> <span class='ocrx_word' id='word_1_881' title='bbox 3451 4982 3620 5054; x_wconf 90' lang='lat' dir='ltr'><strong>plane</strong></span> 
     </span>
    </p>
   </div>
   <div class='ocr_carea' id='block_1_116' title="bbox 1986 5071 3619 5152">
    <p class='ocr_par' dir='ltr' id='par_1_116' title="bbox 1986 5071 3619 5152">
     <span class='ocr_line' id='line_1_121' title="bbox 1986 5071 3619 5152; baseline -0.007 -13"><span class='ocrx_word' id='word_1_882' title='bbox 1986 5097 2111 5139; x_wconf 86' lang='lat' dir='ltr'><strong>esse</strong></span> <span class='ocrx_word' id='word_1_883' title='bbox 2142 5082 2347 5152; x_wconf 91' lang='lat' dir='ltr'><strong>lupum</strong></span> <span class='ocrx_word' id='word_1_884' title='bbox 2392 5078 2634 5151; x_wconf 84' lang='lat' dir='ltr'><strong>sciebat)</strong></span> <span class='ocrx_word' id='word_1_885' title='bbox 2663 5093 2789 5134; x_wconf 87' lang='lat' dir='ltr'><strong>eam</strong></span> <span class='ocrx_word' id='word_1_886' title='bbox 2828 5092 2949 5133; x_wconf 88' lang='lat' dir='ltr'><strong>rem</strong></span> <span class='ocrx_word' id='word_1_887' title='bbox 2980 5089 3109 5132; x_wconf 88' lang='lat' dir='ltr'><strong>esse</strong></span> <span class='ocrx_word' id='word_1_888' title='bbox 3158 5077 3343 5131; x_wconf 88' lang='lat' dir='ltr'><strong>artem</strong></span> <span class='ocrx_word' id='word_1_889' title='bbox 3374 5071 3619 5129; x_wconf 90' lang='lat' dir='ltr'><strong>arbitra-</strong></span> 
     </span>
    </p>
   </div>
   <div class='ocr_carea' id='block_1_117' title="bbox 1983 5160 3621 5243">
    <p class='ocr_par' dir='ltr' id='par_1_117' title="bbox 1983 5160 3621 5243">
     <span class='ocr_line' id='line_1_122' title="bbox 1983 5160 3621 5243; baseline -0.006 -16"><span class='ocrx_word' id='word_1_890' title='bbox 1983 5176 2082 5228; x_wconf 83' lang='lat' dir='ltr'><strong>tus</strong></span> <span class='ocrx_word' id='word_1_891' title='bbox 2108 5187 2123 5226; x_wconf 90' lang='lat'><strong>:</strong></span> <span class='ocrx_word' id='word_1_892' title='bbox 2155 5170 2307 5239; x_wconf 83' lang='lat' dir='ltr'><strong>Tibi,</strong></span> <span class='ocrx_word' id='word_1_893' title='bbox 2339 5169 2549 5243; x_wconf 89' lang='lat' dir='ltr'><strong>inquit,</strong></span> <span class='ocrx_word' id='word_1_894' title='bbox 2583 5166 2896 5236; x_wconf 81' lang='lat' dir='ltr'><strong>sufﬁciant,</strong></span> <span class='ocrx_word' id='word_1_895' title='bbox 2920 5164 3022 5239; x_wconf 91' lang='lat' dir='ltr'><strong>qui</strong></span> <span class='ocrx_word' id='word_1_896' title='bbox 3068 5168 3208 5221; x_wconf 89' lang='lat' dir='ltr'><strong>sunt</strong></span> <span class='ocrx_word' id='word_1_897' title='bbox 3244 5167 3405 5221; x_wconf 80' lang='lat' dir='ltr'><strong>extra</strong></span> <span class='ocrx_word' id='word_1_898' title='bbox 3430 5160 3621 5218; x_wconf 81' lang='lat' dir='ltr'><strong>Eccle-</strong></span> 
     </span>
    </p>
   </div>
   <div class='ocr_carea' id='block_1_118' title="bbox 1985 5252 3622 5331">
    <p class='ocr_par' dir='ltr' id='par_1_118' title="bbox 1985 5252 3622 5331">
     <span class='ocr_line' id='line_1_123' title="bbox 1985 5252 3622 5331; baseline -0.004 -14"><span class='ocrx_word' id='word_1_899' title='bbox 1985 5260 2134 5317; x_wconf 91' lang='lat' dir='ltr'><strong>siam</strong></span> <span class='ocrx_word' id='word_1_900' title='bbox 2167 5277 2181 5317; x_wconf 90' lang='lat'>:</span> <span class='ocrx_word' id='word_1_901' title='bbox 2216 5274 2403 5331; x_wconf 87' lang='lat' dir='ltr'><strong>neque</strong></span> <span class='ocrx_word' id='word_1_902' title='bbox 2461 5275 2563 5317; x_wconf 90' lang='lat' dir='ltr'><strong>cos</strong></span> <span class='ocrx_word' id='word_1_903' title='bbox 2589 5258 2819 5315; x_wconf 84' lang='lat' dir='ltr'><strong>coneris</strong></span> <span class='ocrx_word' id='word_1_904' title='bbox 2862 5254 3119 5328; x_wconf 87' lang='lat' dir='ltr'><strong>aggredi,</strong></span> <span class='ocrx_word' id='word_1_905' title='bbox 3151 5253 3249 5327; x_wconf 89' lang='lat' dir='ltr'><strong>qui</strong></span> <span class='ocrx_word' id='word_1_906' title='bbox 3305 5260 3441 5311; x_wconf 88' lang='lat' dir='ltr'><strong>sunt</strong></span> <span class='ocrx_word' id='word_1_907' title='bbox 3468 5252 3622 5311; x_wconf 83' lang='lat' dir='ltr'><strong>intra</strong></span> 
     </span>
    </p>
   </div>
   <div class='ocr_carea' id='block_1_119' title="bbox 1830 5412 3613 5485">
    <p class='ocr_par' dir='ltr' id='par_1_119' title="bbox 1830 5412 3613 5485">
     <span class='ocr_line' id='line_1_124' title="bbox 1830 5412 3613 5485; baseline -0.003 -9"><span class='ocrx_word' id='word_1_908' title='bbox 1830 5423 1875 5456; x_wconf 76' lang='lat'>“</span> <span class='ocrx_word' id='word_1_909' title='bbox 1905 5422 2034 5478; x_wconf 86' lang='lat' dir='ltr'><strong>add.</strong></span> <span class='ocrx_word' id='word_1_910' title='bbox 2067 5416 2177 5485; x_wconf 75' lang='grc' dir='ltr'>καὶ,</span> <span class='ocrx_word' id='word_1_911' title='bbox 2211 5420 2271 5476; x_wconf 86' lang='lat' dir='ltr'><strong>F.</strong></span> <span class='ocrx_word' id='word_1_912' title='bbox 2374 5419 2420 5455; x_wconf 76' lang='lat'>&quot;</span> <span class='ocrx_word' id='word_1_913' title='bbox 2448 5417 2524 5480; x_wconf 77' lang='grc' dir='ltr'>εὖ,</span> <span class='ocrx_word' id='word_1_914' title='bbox 2557 5421 2620 5473; x_wconf 89' lang='grc' dir='ltr'><strong>Β.</strong></span> <span class='ocrx_word' id='word_1_915' title='bbox 2731 5418 2777 5452; x_wconf 76' lang='grc'><strong>⁴⁴</strong></span> <span class='ocrx_word' id='word_1_916' title='bbox 2806 5414 3070 5473; x_wconf 89' lang='grc' dir='ltr'>Ἰουστίνα</span> <span class='ocrx_word' id='word_1_917' title='bbox 3096 5414 3158 5470; x_wconf 90' lang='grc' dir='ltr'><strong>Β.</strong></span> <span class='ocrx_word' id='word_1_918' title='bbox 3259 5412 3310 5449; x_wconf 78' lang='grc'><strong>⁴⁵</strong></span> <span class='ocrx_word' id='word_1_919' title='bbox 3336 5413 3516 5485; x_wconf 66' lang='lat' dir='ltr'><strong>deest,</strong></span> <span class='ocrx_word' id='word_1_920' title='bbox 3549 5415 3613 5470; x_wconf 90' lang='grc' dir='ltr'><strong>Β.</strong></span> 
     </span>
    </p>
   </div>
   <div class='ocr_carea' id='block_1_120' title="bbox 1800 5484 3616 5608">
    <p class='ocr_par' dir='ltr' id='par_1_120' title="bbox 1800 5484 3616 5608">
     <span class='ocr_line' id='line_1_125' title="bbox 1800 5484 3612 5566; baseline 0.003 -22"><span class='ocrx_word' id='word_1_921' title='bbox 1800 5492 1846 5529; x_wconf 71' lang='lat'><strong>‘9</strong></span> <span class='ocrx_word' id='word_1_922' title='bbox 1892 5484 2194 5566; x_wconf 68' lang='grc' dir='ltr'>φθένωμεν,</span> <span class='ocrx_word' id='word_1_923' title='bbox 2241 5492 2304 5548; x_wconf 91' lang='grc' dir='ltr'><strong>Β.</strong></span> <span class='ocrx_word' id='word_1_924' title='bbox 2415 5489 2463 5526; x_wconf 82' lang='grc'>⁸⁰</span> <span class='ocrx_word' id='word_1_925' title='bbox 2503 5487 2729 5553; x_wconf 79' lang='grc' dir='ltr'>ἐκείνου,</span> <span class='ocrx_word' id='word_1_926' title='bbox 2777 5494 2840 5546; x_wconf 90' lang='grc' dir='ltr'><strong>Β.</strong></span> <span class='ocrx_word' id='word_1_927' title='bbox 2938 5487 2985 5525; x_wconf 72' lang='grc'>⁵⁸</span> <span class='ocrx_word' id='word_1_928' title='bbox 3025 5486 3240 5557; x_wconf 71' lang='grc' dir='ltr'>συνῆκε,</span> <span class='ocrx_word' id='word_1_929' title='bbox 3275 5486 3335 5542; x_wconf 79' lang='grc' dir='ltr'>Β·</span> <span class='ocrx_word' id='word_1_930' title='bbox 3368 5486 3427 5539; x_wconf 82' lang='lat' dir='ltr'><strong>C-</strong></span> <span class='ocrx_word' id='word_1_931' title='bbox 3455 5484 3518 5538; x_wconf 69' lang='lat' dir='ltr'><strong>Eo</strong></span> <span class='ocrx_word' id='word_1_932' title='bbox 3551 5485 3612 5541; x_wconf 74' lang='lat' dir='ltr'><strong>F-</strong></span> 
     </span>
     <span class='ocr_line' id='line_1_126' title="bbox 1845 5550 3616 5608; baseline 0 0"><span class='ocrx_word' id='word_1_933' title='bbox 1845 5580 1913 5608; x_wconf 67' lang='lat' dir='ltr'><strong>ar</strong></span> <span class='ocrx_word' id='word_1_934' title='bbox 1963 5566 2300 5608; x_wconf 69' lang='lat' dir='ltr'><strong>rnnetitinnn</strong></span> <span class='ocrx_word' id='word_1_935' title='bbox 2344 5562 2560 5608; x_wconf 75' lang='lat' dir='ltr'><strong>ultimm</strong></span> <span class='ocrx_word' id='word_1_936' title='bbox 2609 5560 2841 5608; x_wconf 55' lang='grc' dir='ltr'>κνηκίδεῆ</span> <span class='ocrx_word' id='word_1_937' title='bbox 2890 5560 2946 5608; x_wconf 82' lang='lat' dir='ltr'><strong>in</strong></span> <span class='ocrx_word' id='word_1_938' title='bbox 2993 5554 3213 5608; x_wconf 68' lang='grc' dir='ltr'>εὐθέως.</span> <span class='ocrx_word' id='word_1_939' title='bbox 3315 5556 3360 5591; x_wconf 80' lang='grc'><strong>⁸³</strong></span> <span class='ocrx_word' id='word_1_940' title='bbox 3389 5550 3616 5608; x_wconf 83' lang='grc' dir='ltr'>ἀπολεί-</span> 
     </span>
    </p>
   </div>
   <div class='ocr_carea' id='block_1_121' title="bbox 2265 5624 3613 5708">
    <p class='ocr_par' dir='ltr' id='par_1_121' title="bbox 2265 5624 3613 5708">
     <span class='ocr_line' id='line_1_127' title="bbox 2265 5624 3613 5708; baseline -0.006 -20"><span class='ocrx_word' id='word_1_941' title='bbox 2265 5632 2313 5708; x_wconf 26' lang='grc' dir='ltr'><strong>⁵ᾼ⁷</strong></span> <span class='ocrx_word' id='word_1_942' title='bbox 2353 5624 2876 5708; x_wconf 73' lang='grc' dir='ltr'>τοὺςθερᾶποντας,</span> <span class='ocrx_word' id='word_1_943' title='bbox 2929 5636 2991 5687; x_wconf 93' lang='grc' dir='ltr'><strong>Β.</strong></span> <span class='ocrx_word' id='word_1_944' title='bbox 3032 5630 3096 5708; x_wconf 56' lang='lat' dir='ltr'><strong>C:</strong></span> <span class='ocrx_word' id='word_1_945' title='bbox 3142 5629 3203 5684; x_wconf 89' lang='lat' dir='ltr'><strong>F.</strong></span> <span class='ocrx_word' id='word_1_946' title='bbox 3240 5701 3250 5708; x_wconf 32' lang='grc' dir='ltr'><strong><em>λ</em></strong></span> <span class='ocrx_word' id='word_1_947' title='bbox 3303 5625 3353 5708; x_wconf 60' lang='grc' dir='ltr'><strong>δξ</strong></span> <span class='ocrx_word' id='word_1_948' title='bbox 3407 5624 3613 5683; x_wconf 79' lang='lat' dir='ltr'><strong>Nullus</strong></span> 
     </span>
    </p>
   </div>
  </div>
