4124 6270
533 383 648 440 863

527 556 676 609 eam,
730 555 801 596 ne
848 541 992 596 forte
1058 540 1247 596 malus
1285 539 1387 595 tibi
1432 539 1731 611 contingat
1785 541 1997 598 exitus.
2047 545 2155 595 An-

2284 540 2429 594 ιακὸν
2495 539 2557 593 τὸ
2615 537 2778 612 πέρας
2840 537 2940 591 ούκ
2995 535 3314 607 ἀπαντήσοι.
3369 543 3602 592 ’Πκουσε

531 632 674 686 divit
740 631 1081 702 Cyprianus,
1165 635 1220 685 et
1275 631 1469 685 omnia
1516 631 1778 698 adduxit,
1836 631 2052 702 quibus
2111 633 2162 687 ei

532 720 704 774 fidem
743 721 969 784 faceret,
1021 736 1150 773 cum
1211 736 1445 774 summa
1496 721 1908 784 moderatione,
1968 726 2024 775 et
2080 727 2164 776 te-

531 809 796 864 stabatur
824 824 950 863 esse
975 809 1146 863 {idem
1179 809 1386 863 Christi
1419 810 1710 864 invictam.
1746 809 1976 866 Dicebat
2006 810 2160 866 enim

528 896 862 953 Justamilli
885 913 1011 952 eam
1047 913 1227 968 nuper
1259 905 1451 952 notam
1483 899 1822 967 reddidisse,
1859 915 1956 969 per
1986 917 2162 970 quam

526 986 626 1041 illa
667 987 724 1041 in
785 988 981 1056 fugam
1020 987 1229 1042 multos
1288 991 1531 1042 verterat
1591 989 1898 1044 demones.
1956 992 2164 1060 Accipe

527 1082 740 1144 autem,
777 1077 1024 1146 dicebat,
1059 1078 1162 1132 hos
1213 1095 1443 1150 quoque
1474 1077 1672 1145 libros,
1707 1081 1806 1150 qui
1858 1079 1999 1135 mihi
2032 1081 2162 1135 fue-

528 1171 665 1221 runt
709 1165 994 1221 malorum
1048 1167 1422 1238 principium,
1455 1172 1512 1222 et
1555 1167 1625 1222 da
1655 1185 1752 1223 eos
1802 1169 1922 1241 igni
1953 1186 2159 1224 consu-

529 1255 796 1324 mendos,
844 1257 905 1309 ut
962 1257 1255 1310 dmmones
1314 1272 1542 1326 quoque
1599 1257 1788 1312 sciant
1830 1258 1972 1312 nihil
2007 1262 2168 1328 post-

533 1343 655 1398 haec
691 1344 806 1399 fore
838 1343 980 1398 mihi
1014 1360 1144 1398 cum
1183 1343 1298 1399 illis
1329 1361 1654 1401 commune.
1680 1346 1720 1401 Ii
1746 1347 1898 1401 enim
1935 1347 2168 1401 fuerunt

531 1433 946 1489 intercessores
1005 1435 1072 1487 ad
1117 1450 1358 1488 amorem
1414 1434 1471 1488 in
1507 1451 1604 1491 eos
1662 1434 1806 1490 mihi
1855 1435 2168 1491 concilian-

536 1524 694 1578 dum.
743 1520 842 1575 His
875 1537 1190 1592 persuasus
1219 1521 1548 1594 episcopus,
1594 1524 1784 1579 virum
1814 1539 1940 1579 esse
1979 1529 2167 1580 muta-

537 1616 687 1675 tum,
740 1609 869 1664 illos
923 1610 1174 1679 quidem,
1229 1616 1291 1665 ut
1338 1610 1496 1682 digni
1551 1617 1735 1678 erant,
1796 1613 1990 1668 statim
2049 1613 2170 1684 igni

533 1697 832 1753 mandavit
892 1715 904 1764 ;
961 1697 1124 1752 illum
1185 1708 1398 1766 autem,
1459 1717 1592 1755 cum
1650 1702 1701 1756 ei
1759 1701 2167 1768 benedixisset,

532 1785 776 1852 dimisit,
813 1786 1058 1840 multum
1100 1787 1440 1860 admonens,
1473 1795 1530 1844 et
1559 1791 1608 1844 ei
1641 1806 1869 1856 cavens,
1904 1797 1966 1846 ut
1995 1796 2172 1848 staret

535 1874 608 1931 iis
639 1891 764 1945 quas
796 1876 1141 1932 decreverat.

2205 1912 2256 1976 Β

611 2059 770 2116 XVII.
831 2061 1030 2117 Statim
1089 2077 1222 2134 ergo
1266 2062 1615 2135 Cyprianum
1671 2067 1926 2136 priorum
1963 2085 2176 2140 magna

540 2148 700 2204 subit
730 2150 1068 2220 paenitentia
1102 2168 1113 2205 :
1148 2155 1203 2207 et
1233 2153 1504 2224 deinceps
1531 2154 1600 2208 ab
1631 2155 1896 2226 improba
1925 2164 1981 2213 et
2011 2158 2172 2230 ﬂagi-

536 2236 678 2292 tiosa
727 2237 844 2293 vita
905 2244 1129 2294 tantum
1192 2240 1433 2306 destitit,
1480 2246 1534 2296 et
1589 2247 1788 2299 tantus
1828 2244 1930 2299 fuit
1990 2247 2173 2303 hostis

531 2326 788 2395 turpium
840 2326 1138 2396 vitiorum,
1172 2333 1390 2398 quanta
1432 2331 1592 2400 prius
1651 2332 1700 2386 ei
1760 2333 2172 2390 intercesserat

531 2429 666 2468 cum
699 2413 841 2483 ipsis
889 2415 1163 2470 amicitia.
1211 2417 1359 2480 Quin
1412 2419 1584 2473 etiam
1623 2419 1678 2474 in
1711 2437 1798 2488 ea,
1851 2438 1974 2492 quae
2033 2429 2173 2479 sunt

537 2504 776 2559 honesta
833 2513 882 2558 et
947 2506 1054 2560 Deo
1110 2515 1274 2576 grata
1313 2511 1534 2562 tantum
1570 2510 1836 2566 adhibuit
1883 2513 2169 2581 studium,

534 2597 817 2664 quantum
853 2609 958 2647 nec
992 2594 1150 2664 prius
1184 2594 1240 2648 in
1273 2611 1340 2650 ea
1370 2613 1493 2667 qum
1517 2604 1654 2652 sunt
1687 2599 1853 2654 mala.
1886 2603 2171 2656 Indicium

535 2679 791 2750 pulchra:
855 2680 1028 2750 hujus
1068 2684 1432 2750 mutationis,
1468 2691 1599 2754 post
1649 2688 1928 2743 librorum
1961 2690 2172 2745 conﬂa-

527 2769 871 2837 grationem,
927 2770 1036 2823 fuit
1084 2770 1256 2826 etiam
1321 2773 1764 2830 simulacrorum
1820 2778 2170 2834 dissolutio:

529 2872 657 2928 quae
693 2856 796 2911 fuit
839 2863 955 2913 tam
999 2858 1287 2925 absoluta,
1317 2867 1381 2916 ut
1424 2879 1491 2917 ne
1524 2881 1722 2922 eorum
1773 2869 2010 2938 quidem
2054 2885 2175 2924 om-

535 2942 673 2997 nino
754 2950 903 2998 esset
989 2943 1278 3016 reliquum
1349 2950 1683 3022 vestigium,
1743 2954 1789 3008 si
1857 2954 1995 3025 quid
2056 2955 2172 3010 tale

535 3031 869 3101 praecedens
892 3037 1119 3104 tempus
1134 3037 1286 3106 apud
1311 3053 1440 3092 eum
1470 3039 1730 3096 vidisset.
1757 3043 1974 3100 Deinde
1997 3046 2177 3119 quid?

537 3118 677 3172 Cum
707 3119 801 3173 ille
831 3123 896 3173 ad
932 3137 1096 3176 suam
1129 3124 1541 3181 contumeliam
1566 3135 1739 3200 caput
1768 3131 1960 3187 cinere
1984 3118 2180 3204 asper-

537 3205 732 3274 sisset,
799 3223 1001 3278 graves
1084 3212 1262 3267 edens
1325 3213 1576 3283 gemitus
1631 3235 1696 3272 ac
1775 3221 2048 3291 suspiria,
2118 3227 2174 3276 et

536 3295 791 3365 seipsum
839 3298 1036 3354 lavans
1086 3300 1376 3372 lacrymis,
1411 3305 1574 3360 solus
1613 3323 1745 3363 cum
1777 3325 1843 3364 eo
1875 3311 2020 3375 solo,
2069 3313 2168 3382 qui

537 3387 626 3438 est
671 3385 883 3456 ubique
923 3405 1197 3458 praesens,
1232 3391 1719 3464 colloquebatur:
1777 3403 2055 3470 tantoque
2112 3401 2172 3455 in

533 3479 714 3530 Deum
758 3494 954 3534 amore
1002 3497 1102 3536 cor
1127 3483 1178 3538 ei
1235 3483 1730 3554 inﬂammabatur,
1780 3498 1833 3545 et
1898 3493 1982 3546 sic
2021 3491 2174 3562 ignis

535 3566 663 3634 ejus
697 3583 929 3622 omnem
991 3571 1350 3642 deprimebat
1399 3577 1613 3632 mentis
1671 3577 2066 3648 altitudinem,
2109 3586 2175 3636 ut

533 3655 663 3725 ipse
720 3667 1010 3714 recusaret
1067 3677 1162 3715 ore
1231 3667 1340 3718 Deo
1399 3667 1604 3722 offerre
1665 3670 2173 3740 supplicationem,

541 3755 776 3818 propter
842 3750 1129 3820 insignem
1189 3754 1602 3814 humilitatem.
1672 3761 1870 3831 Itaque
1927 3780 2176 3834 magnus

541 3837 776 3906 quidem
833 3843 958 3892 erat
1009 3841 1348 3911 Cyprianus,
1401 3848 1633 3914 quando
1695 3865 1860 3904 suum
1917 3853 2174 3908 studium

541 3925 870 3980 conferebat
890 3925 947 3979 in
982 3927 1297 3994 daemones,
1318 3933 1665 4004 praacipuam
1693 3937 1925 3993 honoris
1959 3947 2175 4010 partem

542 4012 695 4080 apud
753 4029 851 4067 eos
906 4014 1230 4071 obtinens:
1275 4022 1459 4089 major
1516 4028 1710 4079 autem
1764 4043 1966 4083 rursus
2021 4031 2176 4100 apud

546 4101 722 4155 Deum
755 4107 814 4156 et
841 4101 1216 4173 Christianos,
1251 4111 1485 4179 quando
1507 4112 1616 4166 fuit
1647 4119 1906 4172 mutatus
1938 4117 2180 4187 pulchra

543 4189 885 4259 mutatione,
935 4197 992 4246 et
1047 4192 1349 4263 ingressus
1394 4205 1483 4255 est
1534 4201 1706 4271 viam,
1748 4221 1875 4276 quae
1916 4208 2079 4264 ducit
2109 4210 2178 4264 ad

539 4277 832 4334 virtutem.
894 4282 1033 4337 Cum
1085 4301 1220 4356 ergo
1270 4291 1447 4344 totam
1507 4290 1592 4346 sic
1649 4297 2023 4366 transegisset
2071 4315 2179 4354 no-

541 4369 690 4419 ctem
732 4367 791 4422 in
823 4370 1202 4441 confessione,
1227 4379 1540 4446 gemitibus
1589 4386 1646 4435 et
1686 4382 1978 4455 lacrymis,
2010 4403 2180 4443 mane

541 4452 654 4508 diei
713 4459 908 4526 magni
967 4460 1197 4515 Sabbati
1234 4464 1386 4517 venit
1431 4466 1486 4518 in
1529 4452 1918 4537 Dominicum,
1962 4452 2181 4529 multos

539 4539 782 4606 habens,
852 4546 948 4614 qui
1005 4546 1157 4602 inter
1211 4565 1270 4604 ιο
1337 4551 1582 4608 invicem
1629 4560 2070 4631 contendebant,
2119 4568 2177 4618 et

540 4645 674 4684 eum
727 4634 1037 4690 studebant
1087 4639 1418 4709 prevenire,
1469 4647 1526 4697 et
1579 4644 1696 4700 illic
1724 4648 1938 4705 videre.
1983 4626 2173 4723 Ingre-
2206 4626 2260 4691 D

541 4719 724 4787 diens,
794 4738 952 4792 ergo,
1004 4727 1376 4784 existimabat
1438 4730 1691 4789 faustum
1762 4751 1883 4793 esse
1941 4719 2172 4812 signum

537 4809 842 4880 ingressus
879 4811 934 4866 in
979 4815 1285 4888 templum,
1320 4819 1368 4874 si
1400 4837 1571 4891 scopo
1612 4839 1712 4880 suo
1746 4828 1918 4883 verba
1946 4809 2176 4904 quoque

541 4899 856 4955 auditionis
911 4901 1208 4959 habuisset
1259 4909 1680 4968 convenientia.
1715 4915 1899 4986 Atque
1932 4899 2178 4976 habebat

541 4987 774 5055 quidem
835 4991 1007 5061 pedes
1067 4993 1219 5049 intra
1276 4995 1627 5067 ecclesiam;
1680 5003 1927 5061 habebat
1982 5015 2173 5065 autem

540 5075 965 5134 admirabiliter
1005 5097 1236 5155 quoque
1267 5090 1324 5140 et
1354 5092 1558 5156 praeter
1615 5090 1948 5160 opinionem
1981 5098 2175 5154 diaco-

541 5179 705 5233 num,
735 5166 855 5221 htec
888 5172 1143 5240 Apostoli
1174 5173 1346 5228 verba
1370 5179 1840 5244 pronuntiantem
1874 5199 1887 5238 :
1922 5185 2178 5244 Christus

539 5266 635 5307 nos
666 5256 894 5312 redemit
936 5275 970 5312 ιι
998 5262 1283 5318 maledicto
1315 5264 1469 5334 legis,
1498 5270 1677 5337 factu:
1703 5287 1802 5342 pro
1831 5274 1984 5330 nobis
2003 5278 2174 5334 male-

609 5491 656 5524 ⁸ο
686 5490 961 5577 εἰσήγαγε,
992 5503 1046 5550 Β.
1124 5503 1165 5538 ⁸⁸
1203 5505 1562 5576 συμμετρίου,
1599 5515 1658 5563 Β.

537 5561 584 5665 ἓ
615 5561 1180 5665 εῖρχθηγςέἆέυᾶγῑωγῆἓ,
1549 5561 1990 5665 ξδᾶ-πείσὶατδῖ-Βί

540 5630 602 5708 Β.
635 5635 690 5681 C.
717 5630 764 5718 ip
796 5630 843 5665 7°
873 5630 1094 5704 ἱκεσίαν,
1115 5630 1189 5696 Β.
1292 5644 1334 5680 ⁷⁸
1393 5630 1810 5722 ἀέροφιρεὶᾷξὸῖ

546 5699 585 5731 ’δ
622 5697 917 5772 σύμϐολον,
953 5714 1014 5767 Β,
1051 5715 1107 5768 C.
1144 5718 1204 5769 E.
1241 5745 1302 5756 —
1336 5714 1674 5772 σύμϐουλον.
1707 5727 1771 5772 Α-

905 5750 917 5775 ,
953 5727 1014 5767 Β.
1051 5727 1107 5768 C.
1145 5727 1204 5769 Ε.
1241 5745 1302 5756 -
1336 5727 1674 5789 σύμὸουλον,
1707 5727 1771 5780 Α,

1815 379 1865 440 Μ
1880 382 2100 443 ENSIS
2149 379 2645 443 SEPTEMBER.

3859 376 4017 436 864

3692 542 4016 611 Κυπρια-

2270 631 2381 694 νὸς,
2418 628 2506 682 καὶ
2550 631 2720 681 πᾶσαν
2783 628 2966 702 εἱσῇγε
3024 629 3070 662 ⁵ο
3121 629 3306 681 πίστιν
3369 627 3507 699 μετα
3561 626 3818 682 πολλοῦ
3894 650 4012 699 με·

2269 717 2424 791 τρίού
2454 719 2518 787 δί,
2551 719 2647 786 τήν
2683 737 2738 770 τε
2776 720 2872 770 τοῦ
2915 719 3154 790 Χριστοῦ
3205 713 3433 788 δύναμιν
3469 717 3729 786 ἀνίκητον
3802 718 4006 770 οὖσαν

2272 807 2650 882 ἐπεμαρτύρει.
2709 805 2947 862 Ἰούσταν
3022 806 3126 880 γὰρ
3203 806 3352 875 αύτῴ
3425 806 3625 874 ταότην
3705 804 3996 882 Eva-{79;

2274 895 2423 972 ἔλεγε
2453 896 2731 970 γνωρίσαι,
2767 893 2836 949 δι’
2865 897 2934 963 ἧς
2982 895 3152 961 ἐκείνη
3200 893 3447 955 πολλοὺς
3500 896 3785 968 ἔτρεψατο
3854 894 3990 949 δαί-

2279 1005 2460 1060 μονας
2495 981 2638 1043 Aorsi:
2680 983 2735 1039 δὲ
2791 985 2880 1040 καὶ
2936 985 3030 1047 τὰς
3089 980 3341 1059 βίϐλους,
3404 982 3530 1060 ἔφη,
3590 985 3846 1055 ταύτας,
3923 987 3984 1039 αῖ

2280 1099 2372 1149 μοι
2411 1081 2516 1132 τῶν
2562 1080 2738 1130 κακῶν
2799 1075 3153 1148 ἐξηγήσαντο,
3213 1076 3302 1129 καὶ
3352 1072 3507 1129 δίδου
3553 1074 3980 1148 παρανάλωμα

2273 1167 2352 1239 τῷ
2382 1167 2534 1241 πυρί,
2562 1165 2648 1220 ’ίνα
2674 1168 2761 1220 καὶ
2794 1164 3049 1238 δαίμονες
3079 1171 3274 1240 γνῶσιν
3324 1164 3409 1220 ὅτι
3457 1163 3624 1237 μηδὲν
3679 1167 3900 1219 κοινὸν
3933 1169 3980 1201 ει

2278 1256 2402 1327 ἐμοὶ
2435 1258 2522 1310 καὶ
2555 1255 2779 1315 ἐκείνοις
2817 1256 2880 1309 τὸ
2937 1256 3070 1326 μετὰ
3111 1258 3296 1308 ταῦτα’
3353 1252 3503 1308 αὗται
3549 1257 3656 1328 γάρ
3711 1275 3837 1326 μοι
3893 1260 3976 1324 τῷ

2278 1345 2491 1424 σίλτρῳ
2521 1348 2566 1382 ⁵⁸
2613 1349 2690 1416 τῷ
2739 1345 2816 1406 εἰς
2865 1343 3059 1406 αὐτοὺς
3111 1342 3444 1416 ἐμεσίτευον.
3496 1344 3730 1404 Τούτοις
3798 1365 3976 1416 ptu-

2279 1430 2582 1504 ϐεϐλῆσθαι
2627 1435 2721 1488 τὸν
2781 1431 2946 1507 ἄνδρα
2992 1432 3285 1496 πεισθεὶςὸ
3320 1432 3635 1500 ἐπίσκοπος,
3694 1432 3810 1493 τὰς
3871 1435 3971 1505 μὶν

2279 1525 2447 1598 πυρὸς
2492 1520 2666 1598 ἔργον,
2715 1522 2895 1597 ὥσπερ
2939 1524 3040 1596 ἄρα
3087 1522 3177 1576 καὶ
3224 1522 3359 1591 ἦσαν
3417 1521 3579 1595 ἄξιαι,
3637 1524 3704 1576 τὸ
3767 1523 3970 1598 τάχος

2281 1613 2470 1670 ἐποίει·
2534 1613 2737 1668 ἐκεῖνον
2787 1609 2844 1667 δὲ
2903 1610 3208 1686 εὐλογήσας
3267 1613 3462 1688 ἀφῆκε,
3513 1611 3704 1666 πολλα
3763 1613 3971 1667 νουθε-

2277 1705 2466 1774 τήσας,
2527 1703 2614 1757 καὶ
2672 1707 2789 1763 τοῖς
2850 1699 3196 1775 δεδογμένοις
3253 1699 3508 1775 ἕμμένειν
3559 1700 3966 1778 ἀσφαλισάμε-

2279 1814 2391 1854 νος.

2356 2066 2448 2120 ΙΖ“.
2491 2063 2695 2121 Αὐτίκα
2735 2067 2864 2136 γοῦν
2911 2062 3082 2122 πολὺς
3129 2066 3236 2115 τῶν
3286 2060 3564 2134 προτέρων
3618 2061 3794 2134 εἰσῄει
3856 2068 3957 2116 Κυ-

2280 2154 2500 2228 πριανὸν
2552 2152 2881 2224 μετάμελος,
2940 2152 3029 2205 καὶ
3110 2151 3172 2204 τὸ
3231 2151 3317 2203 ἀπ’
3371 2148 3577 2204 ἐκείνου
3639 2149 3786 2204 οὕτω
3842 2159 3947 2219 τῆς

2284 2242 2594 2316 μοχθηρίας
2662 2244 2707 2279 ⁸⁸
2775 2240 3000 2308 ἀπέστη,
3069 2239 3157 2292 καὶ
3225 2243 3482 2292 τοσοῦτον
3569 2239 3761 2294 ἑαυτὸν
3818 2245 3945 2299 τοῖς

2280 2333 2498 2405 ἀτίμοις
2530 2329 2904 2401 ἐξεπολέμωσε
2936 2329 3179 2395 πάθεσιν,
3214 2328 3343 2395 ὅσην
3375 2326 3477 2400 ἄρα
3524 2329 3630 2401 πρὸ
3689 2332 3790 2383 τοῦ
3839 2329 3944 2394 τήν

2280 2422 2416 2496 πρὸς
2464 2420 2599 2474 αὐτὰ
2655 2417 2838 2496 φιλίαν
2896 2416 3180 2471 ἐσπείσατο
3229 2417 3294 2451 ⁸⁵·
3355 2415 3415 2469 ού
3479 2418 3587 2486 μὴν
3643 2416 3791 2472 ἄλλα
3849 2418 3941 2470 καὶ

2281 2510 2499 2582 περὶτά
2529 2507 2669 2562 καλὰ
2710 2505 2798 2562 καὶ
2849 2505 2982 2582 φίλα
3023 2509 3142 2576 Θεῷ
3188 2505 3458 2573 τοσαύτην
3511 2505 3787 2578 εἰσήνεγκε
3835 2509 3938 2574 τήν

2283 2596 2543 2665 σπουδὴν.
2576 2595 2707 2664 ὅσην
2741 2591 2865 2648 οὐδὲ
2896 2592 3016 2667 περὶ
3043 2593 3110 2646 τὰ
3140 2593 3354 2665 πονηρᾶ
3382 2594 3662 2667 πρότερον.
3719 2600 3934 2666 Δεῖγμα

2281 2695 2380 2756 τῆς
2412 2683 2588 2754 καλῆς
2627 2683 2827 2753 ταύτης
2867 2678 3198 2755 μεταϐολῆς,
3237 2681 3370 2752 μετὰ
3416 2684 3513 2750 τὴν
3556 2687 3658 2734 τῶν
3707 2677 3930 2756 βίϐλων

2279 2781 2488 2845 καῦσιν,
2522 2775 2609 2828 καὶ
2641 2777 2674 2842 ἡ
2706 2777 2810 2827 τῶν
2844 2770 3091 2827 εἰδώλων
3137 2770 3433 2832 κατάλυσις
3480 2772 3609 2824 οὕτω
3656 2773 3920 2842 γινομένη

2284 2866 2374 2920 σὺν
2408 2860 2674 2940 ἀκριϐείᾳ,
2713 2864 2785 2924 ὡς
2839 2859 2978 2936 μηδὲ
3026 2862 3187 2936 ’ἰχνος
3239 2861 3417 2915 αὐτῶν
3473 2861 3518 2896 ⁶⁶
3567 2862 3623 2914 τὸ
3667 2861 3910 2932 παράπαν

2283 2955 2700 3033 ὓπολειφθῆναι,
2735 2952 2786 3008 εἷ’
2813 2975 2863 3007 τι
2896 2950 2961 3021 δὴ
2993 2953 3082 3006 καὶ
3111 2955 3360 3006 τοιοῦτον
3405 2953 3431 3006 ὁ
3465 2948 3749 3024 προλαῦὼν
3782 2950 3922 3022 χρό-

2281 3066 2369 3105 νος
2396 3049 2521 3118 παρ’
2557 3044 2704 3114 αὐτῷ
2734 3043 2780 3077 ⁸⁷
2813 3041 3084 3096 ἐθεάσατο.
3139 3040 3269 3096 Εἶτα
3317 3040 3405 3110 τί;
3440 3041 3605 3096 Κόνιν
3655 3039 3732 3116 ἐφ’
3777 3033 3926 3104 ῦῦρει

2281 3139 2379 3204 τῆς
2424 3133 2667 3210 κεφαλῆς
2699 3133 2900 3194 ἐκεῖνος
2960 3151 3390 3204 καταχεαμενος,
3457 3134 3642 3205 βαρεῖς
3696 3151 3752 3184 τε
3799 3130 3928 3184 ἀνα-

2285 3228 2461 3302 φέρων
2517 3223 2642 3284 τοὺς
2703 3221 3057 3297 στεναγμοὺς,
3107 3220 3196 3275 καὶ
3258 3221 3438 3276 λούων
3497 3227 3615 3283 τοῖς
3685 3218 3928 3293 δάκρυσιν

2283 3316 2491 3380 ἑαυτὸν,
2531 3313 2692 3384 μόνος
2727 3310 2872 3383 μόνῳ
2911 3316 2991 3382 τῷ
3039 3315 3320 3385 πανταχοῦ
3369 3310 3595 3384 παρόντι
3637 3310 3839 3383 ὡμίλει
3864 3309 3926 3344 6⁸⁸

2278 3403 2522 3474 τοσούτῳ
2552 3402 2599 3436 ⁵9
2637 3421 2695 3455 τε
2742 3402 2839 3468 τὴν
2901 3397 3126 3472 καρδίαν
3182 3405 3263 3470 τῷ
3312 3404 3409 3453 τοῦ
3467 3404 3602 3456 Θεοῦ
3663 3399 3928 3473 περιεθέρ-

2285 3512 2468 3564 μαινεν
2503 3489 2684 3565 ἔρωτι,
2741 3491 2829 3544 καὶ
2880 3491 3053 3550 οὕτως
3099 3488 3264 3557 αὐτῆς
3310 3493 3413 3544 πᾶν
3465 3488 3668 3560 ὕψωμα
3717 3483 3929 3542 καταϐέ-

2283 3576 2510 3650 ϐληκεν,
2551 3580 2624 3641 ὡς
2671 3581 3042 3652 παραιτεῖσθαι
3100 3577 3188 3632 καὶ
3237 3577 3404 3646 αύτήν
3463 3579 3563 3646 τήν
3625 3579 3759 3650 πρὸς
3809 3579 3926 3632 Θεὸν

2283 3670 2510 3725 ἱκετείαν
2553 3671 2599 3704 ⁷⁰
2653 3669 2973 3744 προσφέρειν
3025 3669 3066 3704 τί
3125 3670 3203 3738 τῷ
3256 3667 3486 3740 στόματι
3539 3665 3628 3721 διὰ
3681 3688 3924 3722 ταπεινος

2285 3760 2556 3838 φροσύνης
2615 3755 2949 3833 ὑπερϐολήν.
3012 3760 3116 3812 Διά
3165 3761 3333 3812 ταῦτα
3413 3759 3575 3830 μέγας
3656 3759 3750 3828 μὲν
3821 3760 3923 3815 Κυ-

2284 3851 2510 3924 πριανὸς
2555 3850 2717 3917 ἡνίκα
2775 3846 2998 3921 δαίμοσι
3055 3847 3153 3915 τὴν
3215 3847 3392 3921 ὁρμὴν
3454 3844 3661 3913 ἐδίδου,
3724 3846 3811 3900 καὶ
3864 3849 3927 3901 τὰ

2285 3933 2544 4010 πρεσϐεῖα
2575 3943 2673 4004 τῆς
2721 3943 2889 4007 τιμῆς
2936 3938 3060 4009 παρ’
3109 3935 3294 3995 αὐτοῖς
3339 3933 3507 4010 ἔχων,
3563 3935 3764 4006 μείζων
3792 3934 3836 3970 ⁷³
3874 3931 3924 3987 δὲ

2286 4027 2432 4101 παρὰ
2462 4032 2602 4097 Θεῷ,
2636 4027 2726 4080 καὶ
2777 4030 3123 4099 Χριστιανοῖς
3172 4024 3361 4090 πάλιν,
3413 4026 3580 4080 ὁπότε
3626 4027 3726 4093 τὴν
3759 4024 3924 4090 καλήν

2288 4115 2588 4171 ἀλλοίωσιν
2631 4113 2948 4184 ἠλλοιώθη,
2989 4117 3078 4170 καὶ
3127 4116 3224 4182 τήν
3268 4115 3402 4188 πρὸς
3451 4114 3644 4186 ἀρετὴν
3695 4114 3920 4188 ἀπάγου-

2289 4227 2381 4260 σαν
2411 4202 2657 4262 ὥδευσεν.
2689 4204 2878 4264 Οὕτως
2910 4204 2998 4257 οὖν
3039 4203 3090 4258 ἐν
3140 4203 3560 4278 ἐξομολογήσει,
3612 4209 3920 4278 στεναγμοῖς

2288 4314 2345 4350 τε
2375 4294 2464 4348 καὶ
2505 4290 2758 4366 δάκρυσιν
2793 4292 2930 4360 ὅλην
2979 4293 3079 4359 τήν
3126 4293 3291 4346 νύκτα
3339 4289 3626 4362 διηνεκῶς,
3679 4292 3795 4365 περὶ
3837 4293 3918 4345 τὸν

2289 4381 2479 4460 ὄρθρον
2513 4385 2571 4445 ’ὸς
2602 4383 2649 4420 ⁷³
2687 4384 2786 4450 τήν
2837 4387 2933 4438 τοῦ
2987 4380 3231 4458 μεγάλου
3273 4377 3558 4436 Σαὸϐἀτού
3597 4381 3742 4455 εἶχεν
3789 4382 3915 4452 ἡμέ-

2292 4494 2407 4548 ραν,
2443 4473 2518 4530 εἷ’ς
2546 4474 2608 4528 τὸ
2641 4473 2903 4546 Κυριακὸν
2937 4471 3261 4550 ἀφικνεῖται,
3310 4470 3555 4532 πολλοὺς
3609 4467 3750 4544 ἔχων
3796 4470 3910 4529 τοὺς

2288 4560 2904 4640 ἀντιφιλοτιμουμένους
2954 4560 3074 4616 ⁷⁴.⁷⁵
3121 4558 3419 4630 ἀλλήλοις,
3479 4561 3567 4613 καὶ
3625 4560 3904 4634 προφθάσαι

2284 4654 2473 4705 τοῦτον
2534 4650 2702 4705 ἐκεῖσε
2755 4649 2844 4703 καὶ
2898 4646 3031 4703 ἰδεῖν
3095 4647 3445 4711 σπεύδοντας“
3499 4648 3679 4704 εἰσιὼν
3744 4649 3903 4703 τοίνυν

2284 4737 2450 4812 δεξιὸν
2483 4739 2720 4794 ἐποιεῖτο
2761 4733 3041 4809 σύμϐολον
3075 4738 3122 4773 ⁷⁶
3152 4745 3250 4807 τῆς
3283 4739 3357 4800 εἰς
3389 4739 3479 4793 τὸν
3511 4738 3634 4792 ναὸν
3695 4734 3900 4803 εἰσόδου,

2284 4831 2428 4902 εἷτῷ
2461 4834 2649 4901 σκοπῷ
2699 4827 2908 4884 ἐκείνου
2958 4829 3044 4883 καὶ
3094 4830 3160 4882 τα
3205 4831 3305 4894 τῆς
3353 4829 3662 4902 ἀκροάσεως
3713 4829 3904 4901 ῥήματα

2283 4915 2646 4992 συμϐαίνοντα
2699 4915 2828 4989 ἓξοι’
2891 4918 3010 4997 εἶχε
3077 4919 3167 4972 οὗν
3235 4918 3362 4980 τοὺς
3435 4915 3606 4979 πόδας
3672 4923 3769 4986 τῆς
3829 4916 3904 4969 ἐκ-

2282 5007 2512 5078 κλησίας
2541 5008 2712 5078 ἐντὸς,
2740 5009 2856 5084 εἶχε
2888 5005 2945 5063 δὲ
2967 5005 3284 5081 παραδόξως
3325 5009 3370 5044 ⁷⁷
3413 5008 3501 5062 καὶ
3543 5007 3634 5062 τὸν
3680 5003 3902 5061 διάκονον

2281 5103 2447 5152 ταῦτα
2487 5096 2552 5166 δὴ
2614 5101 2678 5152 τὰ
2723 5102 2820 5153 τοῦ
2869 5095 3177 5152 ἂποστόλου
3233 5094 3621 5171 διατρανοῦντα
3671 5097 3735 5132 ⁷⁸’
3790 5098 3905 5171 Χρι-

2285 5187 2412 5248 στὸς
2469 5190 2615 5260 ἡμᾶς
2663 5187 2980 5263 ἐξηγόρασεν
3032 5185 3092 5241 ἐκ
3146 5193 3248 5254 τῆς
3303 5186 3538 5259 κατάρας
3596 5189 3693 5239 τοῦ
3737 5183 3904 5258 νόμου,

2284 5277 2575 5352 γενόμενος
2633 5277 2764 5350 ύπὶρ
2822 5279 2980 5348 ἡμῶν
3034 5276 3258 5349 κατάραο
3321 5275 3397 5336 ὡς
3466 5272 3522 5329 δὶ
3577 5274 3668 5329 καὶ
3715 5273 3778 5327 τὰ
3826 5276 3906 5327 τοῦ

1736 5512 1784 5547 ⁸³
1813 5515 1992 5582 κακὸν,
2027 5518 2084 5573 Β.
2161 5519 2172 5553 ⁴

1749 5602 1867 5608 -.μ-Α
1931 5589 1967 5608 n
2096 5589 2139 5608 ll

2284 5525 2295 5571 ‘i
2327 5518 2554 5608 φίλτρον
2568 5518 2682 5608 ἑὸ,
2705 5521 2764 5575 Β.
2797 5535 2946 5608 qua“
2965 5519 3205 5608 fors‘i-tap
3258 5519 3453 5608 vario:
3492 5519 3905 5608 seriptura_est.

1931 5589 1990 5642 Β.
2096 5589 2140 5623 ⁸⁸
2184 5589 2353 5660 αὐτῷ,
2405 5589 2466 5644 Β.

1909 5658 1955 5691 τι
2008 5662 2211 5728 μεῖζον,
2253 5665 2314 5715 Β,
2418 5662 2461 5696 τι

1855 5726 1894 5761 ⁷⁷
1925 5726 2333 5804 τῷήπαραδόξῳ,
2367 5733 2428 5788 Β.

2568 5590 2614 5623 ⁸⁷
2664 5587 2861 5659 ἕαυτῷ,
2910 5592 2997 5661 Β.-
3073 5589 3121 5625 ⁸⁸
3157 5587 3366 5661 ῥμιλεῖ,
3577 5588 3625 5625 ⁸⁸
3646 5591 3906 5661 τοσοῦτον,

2418 5662 2461 5696 τι
2506 5661 2601 5738 ῥὶς,
2647 5662 2709 5717 Β,
2744 5733 2770 5738 _
2812 5658 2958 5738 “.7:
2977 5658 3600 5738 ἂντιφιλοτιμωμένους,
3642 5659 3706 5717 Β.
3754 5660 3810 5719 C.
3851 5661 3904 5716 E.

2506 5731 2553 5768 ⁷⁸
2581 5733 2892 5807 τρανοῦντα,
2924 5733 2987 5788 Β.
