4124 6270
247 379 368 442 865
451 397 454 400 ’

249 537 560 614 προφήτουο
666 529 841 595 Εἶδες.
947 532 1129 605 Κύριε,
1235 532 1312 606 μὴ

252 624 440 700 Κύριε,
493 622 570 695 μή
635 620 878 690 ἀποστῆς
935 619 1027 675 ἀπ’
1083 618 1242 693 ἐμοῦ.
1303 623 1432 678 Κατ’
1502 621 1633 677 αὐτὸ
1693 621 1749 678 δὶ
1814 625 1904 678 καὶ

249 715 341 770 τὸν
395 708 617 770 Ἡσαΐαν
667 710 781 766 ⁷’.⁸¹
841 707 1266 784 ὑπανεγίνωσκεν
1319 707 1522 784 ἕτερος.
1589 709 1728 770 Ἰδοὺ
1780 733 1904 767 συν-

255 806 397 875 ήσει,
457 799 653 876 λέγων,
713 799 741 852 6
785 803 914 860 παῖς
975 818 1078 871 μου
1131 799 1158 852 ὁ
1207 798 1491 874 ἀγαπητὸς
1546 800 1604 855 ὅν
1665 800 1908 877 ἡρετίσα-

256 913 351 964 μεν
399 890 468 945 ⁸³.
516 890 692 964 "Amp
740 889 948 942 ἅπαντα
995 883 1293 957 συνᾷδοντα
1333 891 1380 926 ⁸⁸
1424 894 1504 962 τῷ
1548 887 1671 963 ἰδίῳ
1720 891 1905 964 κρίνας

253 979 466 1050 σκοπῷ,
524 976 894 1050 ἐντελές-τερον
953 976 1092 1050 πρὸς
1143 977 1242 1044 τήν
1302 977 1378 1039 είς
1437 977 1565 1033 Θεὸν
1623 981 1670 1016 ⁸⁸
1725 978 1904 1033 πίστιν

253 1061 568 1136 συνεϐίϐαζε
595 1067 696 1134 τήν
741 1065 947 1139 ψυχὴν,
989 1060 1081 1119 ἅτε
1131 1066 1345 1128 συνετὸς
1396 1063 1470 1120 ὢν
1522 1069 1567 1104 ⁸⁸
1612 1066 1767 1142 ἄγαν,
1817 1063 1908 1123 καὶ

254 1158 318 1212 τὸ
369 1155 489 1211 δέον
537 1155 586 1191 ⁸⁸
634 1151 868 1208 συνιδεῖν
915 1151 1190 1222 δεύτατος.
1243 1153 1396 1210 Ἐπεὶ
1437 1151 1494 1210 δέ
1541 1155 1632 1211 καὶ
1663 1158 1690 1210 ὁ
1719 1156 1907 1231 καιρὸς

255 1244 439 1301 ἐκάλει
492 1242 621 1306 τοὺς
681 1241 1132 1318 κατηχουμένους
1176 1249 1276 1312 τῆς
1326 1241 1619 1314 ἐκκλησίας
1675 1241 1906 1318 βαδίζειν

257 1333 436 1403 ἐκτὸς,
468 1335 496 1387 6
529 1330 585 1387 δέ
615 1330 868 1405 ἐπέμενεν
902 1328 1055 1386 ἔνδον
1091 1329 1187 1401 ὢν,
1236 1329 1483 1395 διάκονός
1531 1353 1637 1401 τις,
1686 1333 1833 1406 ᾧπερ
1864 1334 1909 1370 ⁸⁷

259 1421 539 1498 Ἀστέριος
597 1420 792 1494 ὄνομα,
889 1419 1174 1494 ἐπέτρεπεν
1254 1418 1450 1490 ἐξιέναι
1497 1423 1562 1459 ⁸⁸·
1626 1423 1654 1477 6
1709 1418 1765 1476 δέ
1819 1421 1911 1476 κά-

1323 357 1500 438 VlTA
1549 379 1613 439 s.
1663 375 2036 441 CYPRIANI
2079 374 2586 440 ANTIOCHENI.

3535 385 3651 446 866

1433 537 1893 609 παρασιωπήσῃς·

2036 537 2217 594 {ictum
2239 537 2284 596 ⁷.
2327 535 2610 592 Similiter
2659 538 2848 591 autem
2903 553 2966 594 ea
3023 555 3250 611 quoque
3297 541 3453 598 dicta
3507 543 3654 600 Pro-

2015 627 2240 699 pheta:
2294 625 2507 693 Vidisti,
2558 625 2804 693 Domine,
2852 641 2919 681 ne
2965 625 3238 691 silueris;
3285 629 3533 701 Domine,
3583 647 3653 688 ne

2016 717 2329 771 discesseris
2375 730 2410 769 a
2451 729 2536 769 me
2554 712 2596 768 ³.
2647 712 2853 769 Isaiam
2909 731 3136 787 quoque
3191 715 3418 788 legebat
3459 718 3652 776 alius:

2015 805 2148 860 Ecce
2195 803 2487 874 intelliget,
2533 802 2752 869 dicens,
2800 819 2942 873 puer
2988 820 3138 860 meus
3194 807 3451 877 dilectus,
3496 823 3657 880 quem

2013 893 2214 964 etegi'.
2248 893 2384 958 Qum
2424 893 2622 948 omnia
2667 907 2798 947 cum
2840 892 3164 963 judicasset
3205 913 3312 952 suo
3351 899 3658 953 convenire

2015 982 2310 1048 instituto,
2373 981 2683 1052 perfectius
2740 982 2811 1036 ad
2869 982 3038 1037 Iidem
3098 983 3156 1038 in
3221 985 3421 1052 Deum,
3480 1002 3652 1044 suum

2015 1070 2384 1126 confirmavit
2438 1069 2721 1136 animum,
2753 1076 2818 1127 ut
2864 1072 2960 1143 qui
3011 1077 3165 1128 esset
3215 1074 3570 1147 intelligens,
3600 1081 3658 1133 et

2017 1159 2086 1214 ad
2146 1174 2214 1215 ea
2275 1175 2405 1230 quas
2480 1162 2728 1230 oportet,
2779 1159 3031 1216 videnda
3086 1163 3657 1234 perspicacissimus.

2016 1244 2162 1302 Cum
2221 1255 2411 1302 autem
2472 1251 2702 1302 vocaret
2763 1251 3013 1319 tempus,
3075 1249 3154 1305 et'
3209 1251 3365 1308 foras
3421 1255 3659 1324 egrede-

2018 1340 2218 1391 rentur
2271 1335 2523 1392 ecclesits
2581 1335 3006 1405 catechumeni,
3057 1338 3154 1394 ille
3209 1356 3342 1396 vero
3402 1345 3661 1397 maneret

2018 1424 2200 1491 intus,
2259 1425 2496 1496 quidam
2574 1425 2872 1490 diaconus,
2933 1426 3027 1482 cui
3103 1445 3313 1484 nomen
3381 1431 3659 1499 Asterius,

255 1517 402 1568 κεῖσε
429 1511 477 1547 ⁸⁹
505 1511 570 1566 τὸ
599 1511 822 1584 θερμὸν,
863 1509 940 1573 ὡς
995 1507 1160 1578 ἔοικε,
1207 1508 1297 1564 καὶ
1352 1509 1769 1587 μεγαλόψυχον,
1817 1510 1907 1565 καὶ

2045 1512 2190 1569 ussit
2236 1529 2371 1569 eum
2420 1513 2596 1569 exire.
2633 1513 2732 1570 Ille
2781 1518 2978 1570 autem
3022 1515 3141 1570 illic
3189 1533 3439 1589 quoque,
3479 1534 3658 1590 quam

255 1601 322 1656 τὸ
357 1604 459 1656 τοῦ
507 1600 859 1678 φρονήματος
909 1595 1273 1652 ἀταπείνωτον
1323 1594 1490 1668 δεῖξαι
1543 1597 1905 1672 βουλόμενος,

257 1690 348 1746 καὶ
380 1689 465 1744 ὅτι
497 1687 596 1744 οὐκ
624 1688 671 1724 ⁹⁰
703 1683 932 1750 εὔκολός
959 1685 1071 1742 ἐστι
1111 1689 1192 1758 τῷ
1220 1686 1266 1725 ⁹¹
1299 1687 1462 1742 παντὶ
1499 1685 1638 1760 μηδέ
1676 1686 1908 1762 πρόχει-

259 1798 353 1853 ρος
381 1774 532 1833 οὐδέν
566 1799 620 1832 τι
653 1775 866 1849 μᾶλλον
910 1771 1123 1837 ἐνδούς.
1164 1775 1322 1838 Τίνος
1371 1775 1557 1851 χάριν,
1607 1769 1733 1855 ἔφη,
1786 1773 1906 1831 διά-

2017 1606 2171 1658 esset
2227 1602 2347 1658 acri
2405 1618 2731 1674 magnoque
2783 1607 2840 1659 et
2895 1603 3120 1661 excelso
3184 1605 3397 1675 animo,
3459 1605 3658 1662 volens

2018 1691 2343 1758 ostendere,
2377 1706 2564 1762 neque
2615 1695 2771 1747 esset
2815 1691 2998 1747 facilis
3025 1693 3098 1748 ad
3133 1694 3455 1764 parendum
3489 1694 3659 1750 cuilio

2019 1779 2136 1848 bet,
2168 1778 2219 1833 ei
2252 1779 2494 1836 minime
2540 1778 2783 1835 cedens:
2820 1779 3079 1844 Quanam
3113 1781 3184 1837 de
3218 1776 3413 1848 causa,
3447 1781 3658 1853 inquit,

257 1887 398 1936 κονε,
468 1863 666 1920 δοῦλόν
729 1885 796 1938 με
843 1863 1108 1940 γεγονότα
1166 1865 1400 1966 ξριστοῦ
1448 1862 1549 1935 ἔξω
1609 1863 1834 1941 βάλλειν
1860 1866 1910 1902 9³

2036 1884 2050 1922 ι
2107 1869 2370 1934 diacone,
2426 1884 2520 1923 me
2578 1867 2673 1939 qui
2728 1868 2916 1923 factus
2969 1885 3102 1924 sum
3161 1886 3366 1926 servus
3422 1871 3662 1936 Christi,

258 1961 360 2025 τῆς
411 1952 708 2025 ἐκκλησίας
766 1951 1136 2032 φιλονεικεῖςς
1190 1950 1284 2008 ’ίνα
1329 1953 1382 2008 τί
1430 1951 1486 2008 δέ
1532 1975 1636 2028 μου
1683 1955 1772 2010 καὶ
1818 1955 1911 2009 τὸν

2036 1963 2182 2014 extra
2229 1957 2532 2012 ecclesiam
2583 1958 2888 2013 contendis
2940 1959 3194 2028 ejicere?
3231 1976 3337 2015 cur
3389 1959 3663 2016 dissolvis

260 2045 417 2100 τόνον
449 2049 552 2113 τῆς
590 2040 898 2118 προθέσεως
929 2039 1230 2117 παραλύεις
1260 2061 1273 2111 ;
1317 2043 1436 2100 Ἐπὶ
1484 2041 1698 2105 τούτοις
1728 2044 1756 2098 6
1788 2041 1908 2100 δίά-

263 2153 425 2196 κονος
459 2132 555 2206 μέν
589 2131 672 2205 ἐφ’
723 2132 810 2193 οἷς
856 2125 1058 2206 ἔκρινεν
1101 2129 1275 2205 ἔμενε,
1333 2131 1422 2187 καὶ
1467 2135 1567 2197 τῆς
1617 2130 1908 2203 ἐκκλησίας

265 2223 456 2292 ἐξῶσαι
506 2215 887 2294 παρεϐιάζετο,
947 2220 1202 2294 προσθεὶς
1263 2219 1436 2282 οὕτως
1501 2220 1692 2276 εἷπεῖν⁶
1742 2218 1910 2279 Οὔπω

263 2313 496 2387 γέγονας
560 2308 791 2370 τέλειος.
846 2311 955 2367 Τὸν
1007 2308 1063 2365 δέ
1101 2309 1382 2386 πληγῆναί
1440 2331 1498 2366 τε
1546 2310 1788 2387 ἰσχυρῶς
1835 2315 1914 2384 τῷ

263 2403 493 2478 ῥήματι,
543 2401 658 2468 καὶ,
707 2405 782 2474 Ζῇ
837 2421 944 2472 μου
1003 2401 1030 2455 6
1075 2401 1314 2473 Χριστὸς
1372 2401 1439 2472 ⁸³,
1498 2403 1679 2478 φάναι,
1733 2401 1915 2466 ὁτοῖις

265 2488 528 2565 δαίμονας
613 2491 981 2564 καταργήσας,
1058 2489 1087 2543 6
1161 2490 1261 2559 τήν
1353 2491 1614 2564 παρθένον
1712 2491 1911 2558 σώσας,

267 2583 296 2636 6
359 2581 453 2636 τὸν
529 2580 742 2649 ἀνάξιον
811 2578 1084 2654 οἰκτείρας
1153 2576 1269 2651 ἐμέο
1343 2577 1404 2634 οὐ
1486 2585 1590 2648 τῆς
1673 2576 1912 2652 προόδου

264 2676 370 2740 τῆς
439 2666 732 2739 ἐκκλησίας
797 2665 1066 2740 ἀπείρξεις
1121 2668 1168 2706 ⁹⁴
1226 2688 1312 2742 με,
1373 2668 1473 2724 οὐκ
1557 2668 1912 2743 ἀποχωρήσω

263 2757 488 2827 ταύτης.
547 2755 593 2812 εί
636 2757 713 2828 μὴ
757 2755 848 2810 καὶ
894 2752 1104 2818 τέλειος
1161 2756 1429 2830 γένωμαι.
1487 2759 1613 2819 Τοῖς
1674 2757 1912 2830 ῥηθεῖσιν

271 2845 362 2901 οὖν
396 2847 424 2900 6
457 2841 706 2905 διάκονος
749 2840 956 2919 σφόδρα
1011 2841 1401 2916 καταπλαγεὶς,
1452 2843 1706 2917 γνωρίζει
1752 2848 1919 2899 ταῦτα

271 2934 352 3004 τῷ
393 2931 697 3002 ἐπισκόπῳ,
757 2928 848 2984 καὶ
907 2929 1057 2991 ὅπως
1117 2930 1214 3002 μὶν
1270 2929 1430 2990 αὐτὸς
1490 2927 1674 3000 ἐξώθει
1722 2932 1766 2967 ⁸⁸
1822 2937 1922 3000 τῆς

278 3017 575 3089 ἐκκλησίας
623 3015 952 3091 Κυπριανὸν,
993 3017 1021 3070 6
1053 3013 1110 3071 δέ
1153 3015 1302 3078 ἐντὸς
1354 3017 1528 3088 μένειν
1574 3018 1784 3094 ἠγάπα,
1831 3017 1922 3072 καὶ

279 3108 416 3182 μετὰ
455 3110 566 3162 τῶν
622 3105 1056 3180 κατηχουμὲνων
1110 3104 1208 3161 οὐκ
1253 3104 1410 3178 ἠξίου
1459 3111 1688 3184 χωρεῖν,
1737 3107 1922 3162 ἑαυτὸν

278 3193 480 3260 ἐθέλων
510 3193 572 3249 οὐ
602 3194 800 3249 τούτου
846 3195 1037 3267 μόνου,
1091 3192 1238 3248 ἀλλά
1277 3193 1365 3248 καί
1413 3199 1520 3248 τῶν
1570 3193 1923 3250 τελειοποιῶν

2017 2046 2134 2102 mei
2192 2045 2472 2118 propositi
2525 2045 2962 2102 constantiam?
3010 2047 3145 2103 Post
3202 2047 3324 2104 haec
3383 2047 3661 2104 diaconus

2020 2134 2249 2204 quidem
2309 2131 2658 2206 persistebat
2708 2133 2765 2189 in
2815 2134 2886 2190 iis
2934 2150 3062 2206 qua
3121 2139 3415 2203 statuerat,
3449 2142 3506 2192 et
3547 2134 3659 2192 vim

2023 2223 2318 2290 afferebat,
2372 2226 2439 2278 ut
2487 2238 2622 2278 eum
2681 2222 2990 2294 expelleret
3047 2241 3114 2280 ex
3164 2224 3428 2290 ecclesia,
3468 2225 3520 2279 ei
3577 2225 3660 2280 sic

2022 2313 2216 2368 dicens
2261 2318 2570 2383 praeterea:
2605 2311 2877 2367 Nondum
2920 2312 3106 2368 tactus
3136 2329 3198 2368 es
3229 2313 3538 2384 perfectus.
3566 2311 3667 2368 lile

2023 2409 2216 2456 autem
2269 2400 2444 2455 verbo
2494 2399 2659 2455 valde
2717 2399 3022 2472 perculsus
3069 2401 3250 2455 dixit:
3298 2400 3450 2456 Vivit
3500 2416 3669 2456 meus

2023 2489 2314 2556 Christus,
2375 2489 2474 2559 qui
2533 2489 2826 2544 daemones
2893 2488 3160 2554 abolevit,
3217 2489 3319 2560 qui
3381 2488 3664 2560 virginem

2029 2576 2297 2643 servavit,
2329 2575 2429 2646 qui
2489 2576 2604 2631 mei
2661 2576 2888 2647 indigni
2936 2581 3022 2632 est
3069 2576 3362 2645 misertus,
3415 2593 3531 2633 non
3581 2593 3672 2634 me

2029 2664 2255 2721 arcebis
2284 2666 2354 2720 ab
2387 2665 2650 2736 ingressu
2700 2665 2994 2734 ecclesias;
3027 2667 3099 2722 ab
3130 2683 3195 2722 ea
3226 2683 3339 2723 non
3383 2667 3675 2733 recedam,

2031 2754 2145 2810 nisi
2177 2753 2366 2810 factus
2397 2753 2555 2810 fuero
2589 2755 2898 2827 perfectus.
2932 2753 3033 2811 His
3063 2771 3192 2826 quae
3239 2755 3396 2812 dicta
3442 2756 3673 2811 fuerant

2033 2843 2197 2898 valde
2250 2843 2688 2915 obstupefactus
2735 2843 3036 2913 diaconus,
3067 2844 3189 2900 haec
3217 2843 3509 2916 significat
3544 2843 3670 2915 epi-

2037 2946 2231 3002 scopo,
2256 2947 2461 3004 nempe
2495 2933 2646 3003 quod
2677 2932 2801 3004 ipse
2832 2933 3066 3004 quidem
3088 2948 3155 2988 ex
3177 2933 3419 2990 ecclesia
3438 2933 3674 3006 ejiceret

2039 3019 2562 3090 Cyprianum;ille
2619 3037 2749 3077 vero
2805 3021 2974 3077 vellet
3031 3021 3193 3078 intus
3253 3037 3509 3093 manere,
3559 3038 3675 3078 non

2041 3112 2236 3162 autem
2287 3109 2441 3162 exire
2483 3124 2614 3163 cum
2665 3108 3117 3175 catechumenis,
3159 3125 3262 3166 nec
3311 3109 3421 3166 hoc
3466 3109 3680 3176 solum,

2042 3192 2146 3248 sed
2193 3193 2366 3248 etiam
2399 3211 2521 3264 qua:
2555 3195 2836 3265 perfectos
2887 3197 3156 3264 reddunt,
3190 3196 3360 3253 vellet
3407 3196 3682 3268 consequi

283 3283 604 3359 μυστηρίων
645 3281 882 3360 ἐπιτυχῆ
934 3280 1176 3358 γενέσθαι
1228 3283 1317 3336 καὶ
1370 3281 1539 3353 ἄξιον.
1594 3283 1655 3340 Ὀ
1705 3281 1761 3338 δέ
1808 3285 1923 3359 περῖ

2047 3287 2433 3338 sacramenta.
2465 3282 2572 3347 Qui
2619 3283 2795 3354 igitur
2824 3284 2896 3340 ad
2927 3284 3243 3340 servandas
3287 3285 3516 3342 animas
3562 3289 3685 3341 erat

278 3375 342 3430 τὸ
374 3377 544 3429 σῶσαι
593 3373 778 3449 ψυχὴν
830 3371 1218 3446 εύτεχνότατος
1267 3373 1554 3446 νΑνθιμος,
1603 3374 1665 3429 τὸ
1710 3377 1935 3448 πρᾶγμα

284 3468 429 3521 θεῖον
469 3459 710 3539 ἀκριϐῶς
759 3462 1120 3538 λογισάμενος
1157 3464 1224 3532 ³⁸,
1278 3461 1661 3536 μετακαλεῖται
1703 3463 1938 3540 τάχιστα

285 3555 376 3611 τὸν
419 3557 750 3630 Κυπριανὸν,
810 3552 900 3606 καὶ
958 3553 1302 3628 κατηχήσας,
1371 3551 1486 3607 εἶτα
1541 3552 1631 3606 καὶ
1679 3557 1760 3624 τῷ
1807 3553 1936 3625 θείῳ

290 3641 622 3718 βαπτίσματι
652 3639 919 3714 καθαίρει,
950 3641 1039 3695 καί
1086 3645 1155 3714 τῇ
1199 3641 1296 3714 μὶν
1345 3638 1515 3717 ὀγδόῃ
1565 3645 1672 3695 τῶν
1717 3642 1938 3715 ἡμερῶν

288 3733 622 3806 ἱεροκήρυκα
657 3731 747 3786 καὶ
800 3729 1071 3805 ἐξηγητὴν
1122 3733 1229 3785 τῶν
1284 3733 1382 3784 τοῦ
1434 3731 1670 3804 Χριστοῦ
1732 3751 1940 3804 μυστη-

292 3822 421 3897 ρίων
445 3817 808 3885 ἂποδεικνύει,
837 3822 908 3892 τῇ
958 3817 1178 3893 εἰκοστῇ
1231 3815 1288 3874 δέ
1338 3815 1713 3890 ὑποδιάκονον,
1762 3823 1830 3892 τῇ
1881 3815 1938 3874 δὲ

287 3911 589 3985 τριακοστῇ
615 3912 730 3971 τοῖς
765 3905 1040 3970 διακόνοις
1073 3909 1407 3985 συναριθμεῖ.

367 4092 466 4148 ιιι.
499 4087 653 4146 Οὕτω
689 4087 876 4162 μέντοι
916 4088 1224 4162 Κυπριανὸς
1272 4084 1459 4150 καλῶς
1506 4087 1629 4163 περὶ
1677 4087 1742 4142 τὰ
1798 4084 1942 4141 καλά

295 4176 576 4255 διεγένετο,
606 4176 696 4234 καὶ
746 4177 891 4232 οὕτω
939 4177 1063 4252 περὶ
1105 4179 1148 4214 ⁸⁷
1206 4178 1308 4247 τήν
1355 4177 1580 4251 πρώτην
1629 4177 1806 4248 ὁρμὴν
1853 4173 1941 4248 γέ-

293 4288 444 4341 γονεν
491 4265 685 4336 ἔνθεος,
741 4264 1008 4339 μεμένηκέ
1044 4287 1103 4321 τε
1149 4264 1234 4320 ἐπ’
1280 4265 1449 4333 αὐτῆς
1497 4264 1633 4338 πρὸς
1685 4260 1944 4334 οὐδεμίαν

297 4355 564 4425 ἀνθολκὴν
618 4362 716 4425 τῆς
765 4354 973 4431 φύσεως
1031 4354 1280 4410 ταπεινὸν
1330 4353 1380 4388 9³
1440 4347 1657 4426 βλὲπων
1715 4349 1804 4406 καὶ
1855 4349 1944 4405 ὑπ’

297 4445 468 4512 αὐτῆς
498 4444 907 4516 καμπτόμενος,
950 4441 1023 4502 ὡς
1051 4440 1142 4495 καὶ
1172 4440 1288 4496 θεία
1335 4436 1534 4494 ἄνωθεν
1580 4445 1681 4508 τῆς
1729 4435 1944 4510 ἐλλάμ-

300 4537 446 4606 ψεως
515 4531 936 4604 καταξιωθῆναι,
1020 4528 1113 4582 καὶ
1189 4528 1351 4604 χάριν
1431 4525 1739 4596 πλουτῆσαι
1808 4526 1945 4582 κατά

2043 3371 2395 3427 artificiosus
2460 3371 2796 3438 Anthimus,
2853 3387 2987 3427 cum
3045 3388 3169 3428 rem
3226 3388 3355 3429 esse
3425 3373 3681 3430 divinam

2043 3464 2308 3516 accurate
2391 3460 2835 3528 considerasset,
2913 3460 3156 3517 accersit
3237 3461 3679 3532 quamprimum

2041 3548 2421 3622 Cyprianum;
2445 3553 2504 3606 et
2531 3564 2665 3606 cum
2699 3548 3060 3606 catecbismo
3089 3548 3467 3620 instituisset,
3489 3549 3684 3606 divino

2042 3653 2276 3710 quoque
2322 3653 2453 3693 eum
2505 3636 2697 3710 expiat
2744 3636 3054 3710 baptismo.
3089 3637 3156 3694 Et
3196 3642 3395 3694 octavo
3448 3638 3686 3710 quidem

2043 3727 2136 3782 die
2179 3742 2412 3782 sacrum
2457 3727 2590 3782 facit
2637 3743 2766 3783 eum
2822 3743 3146 3798 praeconem
3201 3731 3259 3784 et
3301 3727 3691 3798 expositorem

2043 3815 2249 3872 Christi
2307 3815 2738 3888 mysteriorum,
2791 3816 3070 3872 vicesimo
3127 3824 3316 3872 autem
3375 3815 3693 3874 subdiaco-

2045 3919 2207 3972 num,
2253 3903 2546 3960 tricesimo
2592 3921 2725 3960 vero
2779 3907 2954 3961 refert
2999 3903 3058 3959 in
3118 3921 3430 3962 numerum
3489 3905 3688 3962 diaco-

2047 4009 2280 4049 norum.

2115 4081 2311 4137 XVlll.
2371 4080 2466 4136 Sic
2524 4080 2752 4151 quidem
2817 4081 3140 4153 Cyprianus
3198 4082 3440 4153 pulchre
3495 4097 3686 4138 versa-

2045 4169 2216 4222 batur
2244 4169 2303 4222 in
2336 4169 2508 4222 rebus
2555 4167 2816 4224 honestis
2845 4186 2860 4236 ;
2893 4173 2950 4222 et
2996 4169 3081 4224 sic
3118 4170 3176 4224 in
3207 4170 3396 4240 primo
3449 4185 3684 4226 accessu

2049 4255 2156 4310 fuit
2196 4255 2516 4326 inspiratus
2567 4253 2887 4324 divinitus;
2934 4259 2993 4311 et
3034 4257 3119 4311 sic
3166 4259 3567 4328 perseveravit,
3619 4260 3690 4314 ad

2051 4353 2340 4413 naturam,
2387 4358 2522 4398 eum
2583 4341 2992 4412 relrahentem,
3051 4361 3168 4401 non
3228 4344 3530 4402 humiliter
3585 4360 3692 4400 nec

2050 4432 2270 4504 abjecte
2299 4430 2608 4504 respicere,
2637 4445 2822 4502 neque
2853 4431 3190 4504 permittere
3220 4449 3282 4490 se
3316 4433 3387 4489 ab
3419 4448 3489 4490 ea
3518 4432 3693 4501 flecti,

2049 4523 2194 4578 adeo
2253 4525 2318 4576 ut
2369 4523 2426 4576 et
2481 4521 2726 4591 desuper
2803 4520 3018 4593 dignus
3089 4521 3286 4580 divina
3360 4525 3694 4580 censeretur

301 4624 486 4686 παθῶν
519 4621 660 4693 ὁμοῦ
688 4619 780 4674 καὶ
820 4616 1094 4692 δαιμόνων
1138 4616 1482 4692 ὑψηλοτέραν
1531 4613 1725 4692 σχεδὸν
1773 4614 1923 4686 ἀκοῆς

2052 4607 2494 4678 illuminatione,
2518 4613 2574 4665 et
2593 4610 2873 4666 adversus
2903 4609 3041 4667 vitia
3060 4614 3118 4668 et
3145 4612 3441 4669 daemones
3473 4611 3689 4681 majore

302 4710 389 4767 καὶ
424 4710 680 4772 πίστεως.

377 4890 475 4949 ΙΘ’.
505 4888 657 4947 Ἐπεὶ
687 4885 745 4944 δέ
773 4881 891 4952 ἔτος
933 4889 1061 4943 ὅλον
1109 4886 1331 4958 ἠνύετο,
1373 4886 1465 4942 καὶ
1509 4889 1610 4952 τῆς
1659 4889 1766 4942 τῶν
1815 4903 1948 4959 πρε-

308 4974 582 5053 σϐυτέρων
642 4977 885 5049 ἀξιοῦται
953 4973 1237 5052 καθέδρας,
1313 4977 1377 5032 οὗ
1450 4973 1611 5032 τοῦτο
1689 4967 1944 5030 ἀνάϐασιν

308 5067 500 5130 ἁπλῶς
531 5065 748 5142 κρίνων,
781 5063 927 5122 ἀλλὰ
950 5067 1050 5135 τήν
1081 5067 1219 5141 πρὸς
1251 5065 1445 5140 ἀρετὴν
1491 5060 1755 5133 ἐπίδοσιν,
1804 5061 1946 5118 οὕτω

305 5156 608 5232 προθύμως
645 5156 745 5224 τὴν
804 5155 992 5224 στενὴν
1045 5154 1134 5210 καὶ
1173 5157 1429 5230 τραχεῖαν
1485 5151 1685 5210 ὁδεύων
1733 5153 1800 5222 θ’,
1857 5152 1946 5207 καὶ

378 5333 397 5368 τ
427 5331 613 5388 Galat.
645 5347 730 5402 ιιι,
766 5331 850 5388 13.
925 5330 946 5366 ⁸
978 5328 1129 5388 Psal.
1162 5345 1347 5396 xxxiv,
1375 5329 1466 5384 22.
1543 5329 1564 5364 '
1595 5328 1705 5384 Isa.
1737 5342 1859 5395 xm,
1895 5327 1982 5382 10.

1534 5492 1602 5598 v9?
1622 5491 2061 5631 ’tffgéogtﬁz‘b.

1700 5634 1744 5670 ⁸³
1795 5631 1945 5699 Θεὸς,
1994 5632 2056 5686 Β.

1238 5695 1525 5763 9"'desuu't
1553 5709 1770 5777 septem
1798 5721 1923 5760 voce

2036 5708 2081 5758 3.
2157 5701 2204 5734 9°
2237 5695 2398 5773 Εύαγξ
2435 5695 2571 5752 κατᾶ
2603 5698 2766 5766 Medi,
2803 5695 2997 5773 ζ’,ἰγ’,
3033 5695 3116 5756 ιδ’.

377 5502 493 5557 7'."
531 5497 650 5555 ίδοῦ
681 5499 896 5568 συνήσει
929 5497 957 5552 6
1005 5501 1132 5568 παῖς
1190 5498 1315 5567 μοῦ,
1366 5494 1484 5548 Ἦσ.

309 5579 372 5631 Β.
499 5571 546 5607 ⁸⁸
583 5574 681 5626 τοῦ
721 5566 878 5634 Θεοῦ,
921 5571 982 5626 Β.
1086 5566 1132 5603 ⁸⁸
1160 5566 1344 5633 deest,
1369 5570 1434 5634 7B.

306 5645 354 5680 9°
386 5645 485 5714 μή.
520 5648 580 5697 Β.
710 5645 770 5698 E.
812 5633 1007 5714 ίθίίῗτὸ,
1042 5645 1113 5714 ΒΑ*
1206 5633 1596 5714 θξᾼβαλεῖνδί.

308 5708 416 5776 νος,
452 5715 510 5771 Ε.
614 5713 657 5747 θῖ
691 5713 853 5785 παρὰ,
889 5713 943 5768 Β.
980 5713 1039 5768 C.
1079 5708 1135 5765 Ε.

2055 4700 2336 4756 ditaretur
2380 4697 2584 4770 gratia,
2617 4712 2790 4771 quam
2848 4715 2974 4771 quas
3025 4699 3266 4757 auribus
3306 4701 3422 4757 fere
3447 4697 3690 4770 percipi,

2054 4794 2157 4848 aut
2181 4789 2332 4846 credi
2358 4787 2560 4861 possit.

2123 4878 2282 4936 XIX.
2314 4879 2457 4934 Cum
2489 4882 2684 4934 autem
2717 4881 2872 4934 totus
2905 4893 3094 4935 annus
3137 4881 3292 4935 esset
3338 4880 3696 4947 transactus,

2055 4973 2270 5044 dignus
2293 4967 2596 5042 judicatur
2623 4966 2896 5024 cathedra
2924 4969 3420 5039 presbyterorum,
3446 4985 3559 5025 non
3589 4968 3698 5027 hoc

2055 5075 2361 5118 ascensum
2408 5056 2772 5114 solummodo
2812 5057 3110 5128 judicans,
3141 5056 3245 5113 sed
3273 5058 3448 5114 etiam
3481 5058 3552 5114 ad
3584 5058 3702 5115 vir-

2053 5151 2200 5209 tutis
2247 5149 2696 5207 incrementum.
2728 5149 2847 5202 tam
2897 5151 3166 5218 prompto
3195 5153 3254 5202 et
3281 5145 3452 5202 alacri
3495 5146 3697 5204 animo

2117 5486 2240 5593 “874‘
2249 5485 2576 5612 ἷῗέἑσα’ΒΒ’
2628 5485 2689 5590 5°
2723 5515 2806 5610 ίτξ

2289 5575 2408 5624 περ,
2467 5575 2528 5610 ι).

2863 5482 3098 5557 tissime
3149 5484 3324 5557 (ιη-Ε.
3368 5554 3380 5557 _
3426 5483 3473 5519 ⁸³
3519 5483 3702 5557 deest,

2629 5555 2674 5590 ⁸⁸
2723 5552 3000 5624 ἐπεξιέναι,
3051 5557 3113 5612 Β.
3224 5553 3273 5590 δ’
3321 5554 3586 5624 κάκεῖσαι,
3640 5556 3700 5609 Α.

2160 5628 2207 5665 9⁵
2259 5623 2538 5698 ἀπείρξης,
2587 5626 2649 5680 E.
2752 5623 3151 5698 ⁶⁵ίέξο’›θη,-Ε.
3275 5626 3319 5661 9⁸
3375 5623 3694 5696 ἹΙγησάμε-
