4124 6270
461 378 576 435 867

1744 360 2031 421 MENSIS
2077 361 2381 421 SEPTEM
2395 361 2565 419 BER.

3766 354 3920 413 868

462 549 564 604 per
584 536 734 589 viam
759 536 974 590 arctam
1000 535 1055 587 ct
1077 543 1340 601 asperam
1370 524 1723 598 ingrediens,
1749 536 1921 592 quam
1946 519 2101 574 ullus

2223 513 2387 575 οὕτως
2419 514 2582 582 ὀξέως
2612 509 2701 565 διὰ
2728 510 2929 581 ταύτης
2961 508 3281 589 φερόμενος,
3323 531 3396 573 ως
3447 508 3629 570 οὐδεὶς
3683 506 3911 582 ἕτερος

465 624 616 679 alius
673 638 774 694 per
829 621 1059 692 planam
1099 623 1157 673 et
1196 616 1391 683 latam,
1427 618 1483 670 et
1534 613 1606 668 ad
1656 609 2097 681 ingrediendum

467 712 717 769 facilem.
750 711 928 765 Parvo
975 709 1170 778 itaque
1220 714 1476 777 tempore
1524 716 1826 758 summum
1870 698 2099 754 virtutis

468 799 864 872 apprehendit,
914 804 971 853 et
1023 805 1250 852 creatus
1296 798 1386 851 est
1433 796 1631 864 pastor
1682 787 2099 859 Carthaginen-

465 890 616 947 sium
674 890 774 958 (ὁ).
838 892 963 944 Non
1026 886 1210 942 solum
1269 887 1462 939 autem
1524 880 1952 949 Carthaginem,
2004 874 2101 929 sed

466 980 640 1037 etiam
697 979 1031 1035 universum
1091 975 1484 1041 Occidentem,
1517 980 1688 1042 atque
1737 970 1875 1023 adeo
1924 965 2101 1021 etiam

467 1072 657 1124 totum
703 1065 1017 1133 Orientem,
1052 1062 1497 1135 comprehendit
1548 1059 1638 1114 sui
1691 1054 2101 1113 admiratione.

470 1159 523 1213 Is
553 1171 890 1227 generosam
933 1169 1162 1226 quoque
1209 1151 1491 1222 virginem
1523 1149 1774 1215 Justam,
1807 1160 1936 1200 cum
1968 1158 2099 1197 mu-

468 1249 589 1300 tato
632 1243 862 1299 nomine
909 1241 1200 1297 Justinam
1232 1238 1609 1310 appellasset,
1640 1241 1695 1290 et
1725 1234 1784 1288 in
1817 1230 2101 1287 diaconis-

465 1349 662 1389 sarum
694 1347 1005 1388 numerum
1048 1329 1355 1393 retulisset,
1392 1325 1442 1381 ei
1474 1325 1651 1380 tradit
1700 1322 2099 1393 praefecturam

459 1440 660 1481 earum
719 1439 846 1495 quas
904 1428 1066 1479 erant
1121 1420 1181 1475 in
1242 1416 1611 1479 monasterio,
1668 1419 1724 1470 et
1785 1413 1868 1468 eis
1939 1409 2100 1465 illam

466 1510 721 1583 praefecit
770 1515 1054 1581 tanquam
1103 1512 1370 1564 matrem.
1400 1504 1507 1559 Eos
1536 1506 1752 1571 autem,
1784 1499 1884 1571 qui
1914 1498 2107 1555 ortho-

468 1601 627 1656 doxa:
683 1598 815 1654 ﬁdei
874 1596 1349 1662 adversabantur,
1405 1593 1533 1650 luce
1598 1591 1725 1646 vitas
1783 1593 1839 1644 et
1894 1588 2104 1658 lingua

469 1689 753 1745 suavitate
782 1687 1081 1753 inducens,
1115 1684 1373 1758 quotidie
1420 1678 1880 1737 innumerabiles
1925 1674 2102 1731 adde-

464 1778 565 1834 bat
595 1776 883 1846 Ecclesize,
915 1781 991 1844 et,
1024 1784 1082 1831 ut
1112 1774 1286 1831 semel
1334 1774 1543 1841 dicam,
1582 1785 1959 1842 quoscunque
2008 1770 2107 1821 aut

463 1882 719 1938 praseens
750 1865 954 1938 lingua
976 1870 1073 1921 aut
1094 1865 1301 1920 absens
1332 1864 1567 1934 scriptis
1598 1861 2006 1932 alloqueretur,
2033 1856 2102 1911 ad

461 1961 674 2012 rectam
690 1960 905 2027 partem
923 1955 1280 2010 traducebat.
1297 1951 1681 2017 Quamobrem
1698 1965 1788 2005 res
1801 1946 2104 2021 gentilium

466 2044 736 2101 ﬂorentes
780 2049 917 2099 tunc
966 2047 1105 2098 sunt
1149 2042 1471 2106 exstincta,
1504 2044 1561 2095 et
1608 2047 1882 2109 tanquam
1930 2037 2111 2093 herba

466 2134 728 2205 quaedam
753 2131 1033 2204 paulatim
1055 2134 1482 2187 emarcuerunt.
1499 2129 1646 2185 Cnm
1668 2129 1747 2183 ita
1770 2143 1832 2183 se
1856 2127 2110 2191 haberet,

466 2221 526 2279 in
556 2237 690 2278 eum
722 2238 753 2276 a
785 2220 989 2276 doloso
1032 2218 1203 2276 hoste
1256 2218 1474 2275 bellum
1509 2221 1598 2274 est
1628 2216 1963 2283 excitatum,
1998 2232 2111 2271 non

469 2318 535 2369 ut
562 2330 695 2370 eum
728 2330 986 2385 unquam
1018 2316 1317 2385 superaret
1372 2310 1607 2381 (sciebat
1653 2309 1808 2365 enim
1843 2308 1962 2364 fieri
2000 2324 2113 2363 non

477 2419 667 2474 posse,
716 2406 783 2458 ut
827 2402 953 2473 ipse
1009 2402 1289 2474 Cypriano
1346 2401 1615 2456 evaderet
1672 2396 1980 2469 superior),
2014 2397 2113 2451 sed

481 2496 545 2547 ut
572 2508 707 2548 cum
750 2490 972 2548 Christi
1008 2507 1140 2546 oves
1171 2508 1204 2547 a
1233 2494 1461 2562 pastore
1510 2490 1773 2544 desertas
1812 2486 2117 2554 eﬂ‘ecisset,

477 2587 618 2636 tunc
680 2585 962 2653 tanquam
1011 2580 1187 2651 lupus
1233 2579 1538 2645 invadens,
1588 2594 1685 2633 eas
1739 2578 2017 2631 mactaret
2065 2576 2121 2628 et

472 2668 764 2741 perderet.

556 2759 675 2817 XX.
700 2761 841 2817 Cum
867 2774 1003 2832 ergo
1023 2764 1207 2815 totum
1236 2758 1515 2815 subiisset
1534 2756 1771 2814 Decium
1796 2756 1941 2827 (ipse
1964 2753 2119 2810 enim

485 2851 628 2905 tunc
676 2849 998 2919 imperabat
1046 2847 1361 2917 Romanis),
1414 2845 1790 2902 acerbissimo
1838 2859 1967 2899 eum
2018 2844 2125 2897 ciet

485 2936 677 2993 furore
706 2938 982 2993 adversus
1013 2936 1393 2992 Christianos.
1420 2934 1603 3006 Magis
1635 2943 1826 2990 autem
1854 2932 2124 2988 studebat

486 3025 612 3095 ipse
643 3043 825 3081 unum
852 3026 1047 3082 venari
1078 3024 1447 3097 Cyprianum,
1480 3040 1658 3095 quam
1690 3039 1892 3079 omnes
1924 3036 2124 3091 capere

484 3114 863 3170 Christianos.
941 3113 1169 3169 Sciebat
1242 3112 1422 3183 enim,
1492 3128 1668 3184 quam
1742 3116 1893 3167 esset
1964 3110 2122 3166 illius

2204 604 2304 671 τὴν
2338 599 2560 673 ὁμαλὴν
2588 598 2678 655 καὶ
2710 598 2968 654 πλατεῖαν
3001 597 3109 654 καὶ·
3153 604 3270 661 τοῖς
3316 596 3553 660 πολλοῖς
3602 598 3907 673 βάσιμον,

2205 688 2401 764 ἀμέλει
2431 690 2521 744 καὶ
2554 686 2625 743 δι’
2676 687 2874 762 ὀλίγου
2923 691 3020 743 τοῦ
3070 685 3235 763 ἃκρου
3283 694 3382 757 τῆς
3426 689 3625 762 ἀρετῆς
3674 685 3910 740 ἐπελά·

2206 775 2353 836 ϐετο.
2386 780 2485 833 Καὶ
2516 779 2724 849 ποιμήν
2758 778 2991 847 κατέστη
3044 774 3467 852 Καρχηδονίων,
3522 775 3585 831 οὗ
3636 782 3907 853 Καρχη-

2208 867 2364 932 δόνος
2394 867 2451 924 δὲ
2496 868 2679 940 μόνον,
2730 866 2878 923 ἀλλὰ
2938 868 3029 923 καὶ
3083 875 3187 937 τῆς
3241 866 3525 942 Ἐσπερίου
3583 865 3782 935 πάσης
3852 870 3899 902 ³·

2212 956 2425 1032 μᾶλλον
2477 954 2533 1011 δὲ
2580 957 2670 1011 καὶ
2728 957 2899 1029 Ἑῴαν
2958 954 3095 1027 ὅλην
3150 952 3547 1032 περιλαμϐάνει
3607 960 3694 1026 τῷ
3761 956 3903 1008 κατ’

2209 1046 2370 1101 αὐτὸν
2429 1046 2681 1117 θαύματι.
2748 1046 2921 1107 Οὗτος
2980 1045 3071 1099 καὶ
3154 1045 3257 1113 τήν
3318 1042 3541 1114 ἀληθῶς
3599 1043 3809 1118 εὖγενῆ
3874 1044 3897 1077 ³

2207 1134 2467 1210 παρθένον
2546 1133 2803 1201 Ἰο-5σταν,
2899 1134 3193 1190 Ἰουστίναν
3280 1131 3684 1206 μετονομάσας,
3791 1125 3891 1185 καῖ

2208 1230 2323 1285 ταῖς
2355 1227 2376 1259 ³
2408 1221 2676 1285 διακόνοις
2718 1222 3097 1299 ἐγκαταλέξας,
3145 1224 3244 1291 τήν
3296 1222 3628 1296 προστασίαν
3674 1220 3833 1294 αὐτῇ
3868 1223 3893 1256 ⁴

2207 1318 2316 1370 τῶν
2368 1314 2595 1369 κατὰτὸ
2654 1314 2985 1389 ἀσκητήριον
3037 1314 3061 1347 ⁵
3104 1311 3413 1389 ἐγχειρίζει,
3472 1312 3562 1366 καὶ
3621 1311 3701 1373 ὡς
3767 1333 3891 1385 pr,-

2208 1411 2337 1487 τέρα
2388 1406 2608 1469 ταόταις
2667 1406 2937 1485 ἐφίστησι.
2995 1403 3136 1465 Τοὺς
3192 1400 3248 1456 δὲ
3330 1403 3432 1469 τήν
3491 1400 3738 1455 ἐναντίαν
3803 1405 3890 1471 τῷ

2213 1498 2488 1575 ὀρθοδόξῳ
2520 1502 2619 1563 τῆς
2648 1497 2881 1557 πίστεως
2927 1488 3308 1567 τεταγμένους,
3358 1495 3438 1564 τῷ
3484 1512 3542 1545 τε
3588 1494 3685 1546 τοῦ
3752 1490 3886 1565 βίον

2215 1590 2354 1664 φωτῖ
2385 1590 2472 1643 καὶ
2505 1590 2573 1661 τῇ
2604 1593 2701 1655 τῆς
2730 1583 2983 1661 γλώττης
3020 1579 3189 1655 ἡδονῇ
3221 1579 3576 1658 ἐπαγόμενος,
3632 1580 3886 1655 ἀριθμοῦ

2213 1681 2496 1756 κρείττους
2538 1678 2769 1747 ἑκάστης
2827 1677 3034 1752 ἡμέρας
3084 1674 3391 1749 προσετίθει
3440 1673 3462 1707 ⁶
3514 1675 3581 1746 τῇ
3631 1669 3885 1741 Ἐκκλη-

2213 1770 2320 1841 σίᾳ·
2370 1768 2482 1835 καὶ,
2536 1766 2827 1822 συνελόντα
2888 1765 3069 1843 ιράναι,
3129 1762 3281 1824 ὅσοις
3337 1759 3397 1815 ἄν
3456 1758 3493 1830 ἤ
3552 1761 3747 1834 παρὼν

2212 1858 2433 1934 γλώττῃ
2535 1855 2684 1911 ἀπὼν
2721 1853 2923 1929 ὡμίλει
2975 1857 2995 1889 ⁷
3034 1857 3149 1915 τοῖς
3200 1849 3511 1927 γράμμασι,
3560 1857 3659 1918 τῆς
3700 1848 3879 1923 ὀρθῆς

2215 1947 2452 2002 ἐποιεῖτο
2487 1942 2726 2020 μερίδος·
2763 1941 2948 2019 διόπερ
3002 1944 3258 1998 ἀνθοῦντα
3304 1940 3371 1995 τὰ
3422 1943 3528 1994 τῶν
3577 1937 3877 2009 Ἑλλήνων

2217 2030 2425 2105 ἀπέσϐη
2458 2036 2603 2103 τότε,
2635 2033 2723 2088 καὶ
2773 2032 2847 2094 ὠς
2896 2030 3044 2108 χλόη
3087 2052 3169 2092 τις
3217 2029 3353 2084 κατὰ
3402 2029 3597 2103 μικρὸν
3642 2025 3878 2102 ἐμαραί-

2216 2146 2357 2181 νετο.
2392 2122 2580 2185 Οὕτως
2622 2121 2766 2193 αὐτῷ
2814 2116 2998 2196 ἔχοντι
3052 2120 3197 2193 παρὰ
3234 2122 3331 2174 τοῦ
3381 2114 3574 2173 δολίου
3621 2116 3878 2190 πόλεμος

2220 2213 2504 2283 ἐπανέστη,
2540 2212 2649 2286 οὐχ
2673 2210 2761 2265 ’ίνα
2809 2210 3004 2265 τούτου
3050 2212 3071 2245 ³
3120 2209 3251 2264 ποτὶ
3296 2208 3601 2283 κατισχόσῃ
3655 2204 3805 2281 (ᾔδει
3854 2208 3877 2242 ⁹

2220 2304 2319 2379 γὰρ
2388 2302 2463 2366 ὡς
2528 2299 2787 2355 ἀδύνατον
2856 2300 3003 2370 αὐτῷ
3076 2296 3438 2373 περιγίνεσθαι
3516 2300 3874 2372 Κυπριανοῦ),

2223 2389 2465 2447 ἀλλ”ίνα
2496 2390 2755 2463 ποιμένος
2798 2383 2976 2464 ἔρημα
3005 2388 3071 2442 τὰ
3114 2390 3350 2462 Χριστοῦ
3402 2387 3444 2422 ¹⁰
3492 2381 3738 2461 πρόϐατα
3789 2386 3876 2449 θέ-

2228 2502 2411 2555 μενος,
2441 2480 2563 2536 τότε
2602 2480 2840 2552 καθάπερ
2898 2477 3064 2542 λόκος
3125 2472 3315 2539 ἐπιϐάς
3373 2477 3511 2552 λύσῃ
3560 2479 3727 2531 ταῦτα
3786 2478 3874 2530 καὶ

2225 2569 2486 2644 ἀπολέσῃ.

2300 2752 2374 2808 Κ’.
2406 2748 2574 2808 ’Όλον
2609 2749 2811 2825 ετοίνυν
2857 2749 2948 2805 τὸν
3000 2749 3190 2804 Δέκιον
3246 2745 3491 2813 ὑπελθὼν
3540 2747 3727 2823 (αὐτὸς
3771 2752 3875 2825 γάρ

2227 2842 2353 2896 τότε
2407 2839 2701 2914 Ῥωμαίων
2747 2838 3000 2914 ἐκράτει),
3044 2837 3347 2913 πικρότατα
3394 2841 3575 2893 τοῦτον
3625 2836 3872 2912 ἐκμαίνει

2230 2930 2365 2986 κατᾶ
2395 2934 2756 3005 Χριστιανῶν·
2803 2934 2879 3001 τῷ
2925 2926 2982 2983 δὲ
3026 2932 3286 2989 τοσοῦτος
3337 2928 3382 2964 ίί
3432 2927 3572 3003 ἆγὼν
3611 2929 3675 2997 ἦν
3728 2925 3869 2983 ἴδιον

2232 3020 2402 3076 αὐτοῦ
2463 3027 2683 3095 θῆραμα
2742 3020 2923 3083 θέσθαι
2988 3018 3287 3094 Κυπριανὸν
3346 3017 3470 3072 ὅσον
3549 3013 3667 3073 οὐδὲ
3730 3019 3863 3093 Χρι-

2232 3110 2481 3170 στιανοὺς
2521 3108 2660 3164 ἑλεῖν
2725 3109 2979 3170 ἅπαντας.
3030 3105 3181 3176 ᾜδει
3238 3107 3340 3182 γὰρ
3396 3110 3513 3163 οἷον
3573 3105 3751 3162 ἐκείνου
3808 3108 3857 3141 υ

484 3202 685 3274 lingua
705 3201 865 3259 utilis
885 3202 1488 3275 Christianis,etquod
1503 3218 1638 3258 cum
1658 3201 1822 3259 illum
1846 3201 2117 3273 cepisset,

2232 3197 2454 3274 γλῶττα
2512 3200 2851 3273 Χριστιανοῖς
2908 3191 3104 3275 ὄφελος
3164 3200 3227 3270 ⁸³,
3283 3197 3373 3252 καὶ
3433 3198 3618 3271 ὅτιπερ
3667 3194 3850 3249 ἐκεῖνον

484 3290 651 3346 facile
706 3307 805 3347 eos
861 3291 1220 3363 subjugaret,
1265 3292 1362 3363 qui
1410 3291 1480 3347 ab
1534 3293 1660 3363 ipso
1706 3292 2116 3363 pascebantur.

486 3379 628 3434 Cum
654 3379 711 3434 in
734 3396 799 3436 eo
821 3396 958 3451 ergo
983 3397 1185 3437 omnes
1208 3380 1573 3436 adhibuisset
1602 3379 1918 3449 machinas,
1943 3383 1998 3435 et
2020 3394 2126 3436 nec

485 3466 772 3523 bonorum
825 3468 1131 3539 promissis
1178 3468 1352 3536 allici,
1385 3484 1569 3542 neque
1616 3468 1897 3524 malorum
1951 3468 2125 3525 minis

480 3555 721 3613 vidisset
739 3558 1103 3629 persuaderi,
1122 3574 1252 3613 eum
1277 3558 1509 3613 tandem
1530 3559 1771 3615 damnat
1786 3558 2010 3615 exsilio.
2029 3556 2127 3614 Ille

481 3648 667 3701 autem
696 3652 923 3701 tantum
955 3645 1164 3715 abfuit,
1190 3650 1253 3701 ut
1281 3646 1640 3703 existimaret
1671 3664 1951 3720 magnum
1986 3647 2125 3719 quid

482 3748 611 3788 esse
642 3732 1017 3805 supplicium,
1046 3738 1101 3790 et
1133 3734 1181 3789 si
1221 3740 1545 3792 extremum
1596 3745 1741 3791 esset
1794 3736 2033 3806 malum,
2065 3741 2128 3792 ut

482 3821 730 3891 seipsum
766 3838 881 3876 non
922 3838 1156 3889 curans,
1204 3820 1449 3877 aliorum
1501 3839 1694 3879 curam
1748 3830 1990 3896 gereret,
2022 3840 2125 3880 nec

483 3913 732 3965 cessaret
763 3909 1035 3978 scribere,
1059 3912 1386 3979 admonere,
1421 3912 1786 3978 confirmare,
1809 3912 2124 3981 adhortari,

482 4002 546 4053 ut
576 3999 647 4054 ad
680 3999 803 4056 sola
849 3999 1216 4058 intuerentur
1258 4002 1518 4074 praemia,
1562 4020 1689 4073 quae
1738 4012 1878 4059 sunt
1923 4003 2126 4059 virtuti

479 4088 796 4159 proposita,
828 4092 885 4144 et
913 4106 946 4145 a
971 4089 1096 4145 sola
1127 4106 1248 4161 quis
1279 4094 1369 4146 est
1394 4089 1509 4147 illic
1541 4092 1859 4163 penderent
1899 4092 2124 4164 gloria:

488 4192 656 4233 enses
687 4182 905 4247 autem,
939 4179 1135 4251 ignem
1165 4184 1223 4236 et
1252 4179 1489 4250 bestias,
1522 4185 1805 4253 tanquam
1838 4183 2124 4239 honorum

487 4282 707 4335 causas,
740 4267 1252 4341 amplecterentur,
1285 4278 1348 4326 ut
1396 4287 1519 4343 quas
1567 4288 1669 4342 pro
1717 4271 1895 4338 brevi,
1929 4276 1986 4329 et
2027 4273 2126 4344 qui

483 4362 569 4410 est
610 4357 682 4412 ad
732 4360 981 4429 tempus,
1018 4359 1212 4415 dolore
1249 4359 1490 4415 reddant
1536 4377 1775 4429 regnum
1826 4362 2124 4419 caelorum.

479 4442 610 4499 Haec
638 4444 956 4515 Cyprianus
987 4462 1101 4501 non
1132 4446 1319 4501 solum
1368 4448 1624 4515 dicebat,
1656 4449 1755 4504 sed
1789 4449 1965 4505 etiam
1998 4466 2124 4521 quae

480 4532 712 4588 dicebat
759 4532 1024 4601 faciebat,
1058 4538 1122 4591 ut
1154 4535 1254 4607 qui
1304 4534 1494 4605 sciret,
1526 4536 1679 4593 facta
1713 4538 1895 4609 magis
1946 4555 2117 4610 posse

478 4620 828 4690 persuadere
881 4637 1054 4692 quam
1108 4622 1313 4679 verba:
1349 4629 1405 4680 et
1462 4641 1567 4681 suo
1600 4625 1860 4698 exemplo
1909 4644 2113 4700 provo-

476 4710 645 4765 cabat
679 4710 748 4765 ad
781 4709 1034 4767 similem
1061 4711 1511 4770 aemulationem.
1545 4715 1843 4778 Quomodo
1875 4721 2072 4774 autem
2093 4720 2120 4773 ?

479 4798 703 4855 dicetur
729 4815 743 4855 :
765 4798 979 4856 Videns
1009 4802 1163 4858 enim
1187 4800 1422 4857 tandem
1456 4802 1749 4875 malignus
1767 4805 2118 4879 Cyprianum

481 4887 925 4945 contendentem
942 4888 1026 4946 sic
1040 4889 1401 4961 exstinguere
1414 4908 1665 4949 errorem
1680 4893 1868 4951 cultus
1881 4896 2118 4954 simula-

477 4990 731 5047 crorum,
765 4976 1010 5049 graviter
1060 4978 1300 5048 ferebat,
1334 4986 1387 5036 et
1417 4984 1540 5036 erat
1587 4981 1638 5037 ei
1684 4981 2117 5042 intolerandum

2231 3290 2370 3346 ἑλὼν
2403 3289 2493 3345 καί
2540 3287 2669 3351 τοὺς
2722 3290 2809 3343 ὑπ’
2857 3288 3007 3361 αὐτῷ
3058 3289 3523 3362 ποιμαινομένους
3556 3290 3600 3324 ¹⁴
3630 3285 3863 3349 εὐκόλως

2230 3377 2290 3433 ἄν
2346 3380 2767 3453 παραστήσεται.
2830 3378 3008 3434 ΙΙᾶσαν
3070 3376 3160 3432 οὖν
3219 3378 3477 3452 μηχανὴν
3536 3377 3623 3432 καὶ
3685 3382 3862 3451 πεῖραν

2228 3468 2347 3523 κατ’
2413 3466 2579 3523 αὐτοῦ
2636 3467 2881 3537 κινήσας,
2935 3466 3008 3527 ὡς
3065 3463 3188 3520 οὔτε
3246 3464 3459 3538 ἀγαθῶν
3529 3463 3864 3540 ἐπαγγελίαις

2229 3557 2626 3631 χαυνούμενον,
2698 3552 2821 3610 οὔτε
2882 3555 3063 3610 κακῶν
3133 3551 3384 3617 ἀπειλαῖς
3450 3554 3770 3628 πειθόμενον
3828 3556 3867 3592 ¹¹

2232 3645 2361 3718 εἶδε,
2428 3644 2590 3702 τέλος
2661 3645 2946 3722 ὑπερορίαν
3009 3649 3105 3700 τοῦ
3165 3642 3357 3718 ἀνδρὸς
3426 3644 3756 3721 κατακρίνει.
3811 3646 3866 3702 Ὀ

2232 3733 2290 3789 δὲ
2319 3739 2580 3791 τοσοῦτον
2622 3732 2807 3805 ἐδέησε
2853 3733 2948 3789 τοῦ
3010 3734 3145 3810 μέγα
3192 3755 3243 3788 τι
3290 3733 3508 3807 νομίσαι
3556 3736 3656 3805 τήν
3697 3756 3867 3807 τιμω-

2236 3824 2374 3898 ρίαν,
2416 3824 2592 3879 καίτοι
2646 3825 2823 3878 κακῶν
2883 3825 2927 3860 ¹⁶
2984 3820 3211 3899 ἔσχατον
3271 3824 3459 3892 οὖσαν,
3516 3824 3666 3893 ὅσον,
3728 3821 3868 3879 οὐδὲν

2230 3918 2327 3971 τοῦ
2377 3916 2580 3970 οἰκείου
2624 3916 2934 3994 φροντίσας,
2983 3920 3092 3971 τῶν
3141 3913 3328 3970 ἄλλων
3379 3916 3494 3991 εἶχε
3539 3918 3639 3986 τήν
3686 3915 3867 3989 ἐπιμέ-

2232 4002 2399 4059 λειανο
2434 4004 2523 4059 καὶ
2567 4004 2665 4058 οὐκ
2706 4004 2974 4060 ἐπαύσατο
3019 4005 3264 4080 γράφων,
3308 4009 3593 4075 νουθετῶν,
3652 4004 3866 4061 ὓπαλεὶ-

2233 4114 2369 4171 ιρων,
2447 4092 2776 4169 παρακαλῶν
2828 4094 2963 4168 πρὸς
3024 4096 3222 4167 μόνους
3278 4096 3404 4155 τοὺς
3470 4096 3603 4170 ὓπὶρ
3659 4102 3758 4165 τῆς
3822 4094 3861 4134 ⁸⁷

2231 4181 2426 4258 ἀρετῆς
2464 4181 2663 4247 ἂθλους
2707 4184 2853 4259 ὁρᾷν,
2906 4184 2995 4237 καὶ
3056 4185 3227 4256 μόνης
3281 4189 3381 4255 τῆς
3435 4184 3633 4239 ἐκεῖθεν
3687 4182 3857 4259 ἔκκρε-

2238 4273 2434 4346 μᾶσθαι
2468 4269 2649 4343 δόξης·
2686 4272 2809 4350 ξίφη
2846 4274 2892 4309 ¹⁸
2920 4270 2976 4327 δὲ
3004 4274 3095 4327 καὶ
3126 4277 3231 4349 πῦρ
3270 4273 3359 4328 καὶ
3409 4275 3577 4348 θῆρας
3624 4274 3700 4336 ὡς
3744 4275 3856 4349 ἆγαο

2270 4364 2296 4375 ὐ
2427 4358 2452 4382 ,θ
2644 4365 2668 4375 ~
2876 4360 2890 4380 9
2991 4359 3000 4379 9
3355 4362 3369 4381 \
3489 4359 3542 4381 NI
3762 4362 3785 4383 fl

2231 4372 2337 4424 θων
2391 4381 2538 4415 αιτια
2599 4359 2811 4434 μαλλον
2866 4363 3215 4430 ασπαζεσθαι,
3284 4383 3372 4416 και
3447 4362 3648 4432 όουνης
3729 4381 3852 4417 ουτω

2227 4451 2561 4525 προσκαίρου
2592 4449 2679 4505 καὶ
2734 4451 2998 4529 βραχείας
3049 4450 3293 4525 οὐρανῶν
3350 4450 3626 4527 βασιλείαν
3675 4450 3848 4507 ἀντιδι-

2230 4535 2389 4593 δόντα
2426 4540 2502 4603 μθ.
2544 4541 2721 4597 Ταῦτα
2763 4540 3064 4614 Κυπριανὸς
3117 4539 3212 4594 οὐκ
3270 4538 3420 4615 ἔλεγε
3482 4540 3669 4613 μόνον,
3723 4540 3845 4596 ἀλλὰ

2228 4626 2314 4682 καὶ
2346 4632 2560 4702 πρῶτος
2591 4629 2636 4664 ²⁰
2665 4625 2861 4700 ἐποίει,
2896 4626 3024 4705 ἔργα
3054 4627 3234 4704 λόγων
3269 4626 3425 4692 εἰδὼς
3460 4628 3659 4701 πολλῷ
3698 4630 3836 4684 πλέον

2230 4715 2491 4792 δυνάμενα
2539 4719 2755 4789 πείθειν,
2815 4720 2905 4774 καὶ
2955 4725 3033 4793 τῷ
3089 4721 3205 4785 καθ’
3262 4721 3452 4775 ἑαυτὸν
3512 4720 3842 4797 ὑποδείγματι

2228 4807 2362 4882 πρὸς
2388 4808 2479 4863 τὸν
2510 4810 2701 4883 ὅμοιον
2736 4806 2902 4879 ζῆλον
2934 4808 3136 4882 ἐκάλει,
3166 4808 3255 4864 καὶ
3288 4810 3435 4873 ὅπως
3460 4813 3510 4884 ίὸ
3559 4810 3720 4888 λόγος
3762 4807 3847 4880 δη-

2227 4894 2414 4954 λώσει.
2463 4898 2636 4972 Ὁρῶν
2692 4898 2793 4974 γὰρ
2854 4901 2881 4954 ὁ
2920 4901 3158 4974 πονηρὸς
3215 4898 3291 4963 είς
3347 4900 3509 4962 τελος
3566 4900 3707 4955 οὕτω
3758 4906 3848 4956 Κυ-

2225 4987 2446 5062 πριανὸν
2478 4987 2575 5057 τὴν
2608 4988 2730 5062 περὶ
2779 4987 2845 5043 τὰ
2890 4985 3091 5045 εἶ’δωλα
3139 4986 3351 5060 πλάνην
3408 4984 3588 5045 σϐέσαι
3637 4988 3848 5070 φιλονει-

551 5186 1133 5266 fCarthaginiensem
1153 5190 1518 5266 _episc_opunji
1561 5192 1620 5249 in
1669 5194 1854 5266 Afros,
1875 5197 1973 5266 jus
2016 5201 2129 5266 prim

2237 5208 2289 5255 et
2337 5205 2537 5259 summi
2591 5204 2899 5263 sacerdotii
2948 5203 3160 5264 habere
3211 5205 3463 5265 declarat
3506 5207 3691 5266 Novell
3737 5210 3844 5265 131.

480 5258 501 5291 ²
532 5258 713 5313 deest.
748 5258 839 5313 Ρ(
939 5259 961 5293 ³
987 5263 1124 5326 τοῖς,
1153 5260 1215 5316 E.

478 5326 640 5404 Decii
671 5332 835 5404 aetate
866 5332 1283 5404 monasterium
1325 5326 1631 5404 excogitat.

478 5399 612 5471 add.
643 5399 761 5471 τρῦ,
792 5399 949 5471 B._E.
1056 5400 1098 5435 ¹¹
1129 5407 1404 5471 τοσοῦτον,
1441 5399 1499 5461 BV.
1532 5406 1592 5460 C.
1625 5407 1685 5466 F.

476 5466 540 5524 F.
646 5468 692 5503 ¹⁸
721 5468 1066 5595 πειὲόμενον,
1096 5472 1162 5523 Α.
1268 5475 1310 5509 ¹⁶
1339 5466 1527 5544 κακὸν,
1560 5480 1619 5532 F.
1726 5480 1767 5515 ¹⁷
1799 5480 1976 5549 deest,
2006 5466 2072 5534 B'a

476 5535 779 5595 παρόντως.
860 5581 873 5595 .

474 5535 779 5611 παρόντως,
812 5535 873 5596 E.

1327 5261 1350 5296 ⁴
1380 5261 1567 5343 αὐτὴν,
1596 5269 1669 5343 _A.
1702 5296 1769 5343 -τ
1800 5261 1937 5340 αὐτῇ
1968 5261 2090 5343 τῇν,
2127 5275 2187 5324 Β.
2223 5301 2286 5312 -
2319 5270 2453 5343 αὐτῇ
2483 5275 2612 5343 τῶν,
2647 5261 2721 5332 Ο.

1732 5336 1755 5371 ⁶
1784 5336 2103 5445 iii???"
2123 5343 2194 5445 .9-
2217 5344 2290 5445 E-

1869 5410 1999 5464 add.
2032 5411 2089 5477 ἡ,
2123 5412 2183 5468 Β.
2217 5416 2273 5467 C.
2308 5413 2369 5468 F.
2456 5410 2503 5453 ’ίε

1873 5490 1976 5549 est,
2006 5480 2072 5534 Β.
2176 5483 2222 5520 ιε
2249 5482 2408 5560 ξίφει,
2443 5488 2503 5544 Β,

3017 5279 3038 5313 ⁸
3067 5278 3163 5352 Nge
3211 5279 3442 5352 lepidns
3471 5287 3578 5352 est
3631 5281 3731 5352 qui
3776 5281 3845 5336 ita

2814 5346 2838 5381 ⁸
2865 5352 3077 5418 τοῦτον,
3110 5350 3170 5403 Β.
3202 5346 3357 5406 (1.⁷Ιῆ

2366 5342 2388 5377 ⁷
2419 5342 2630 5416 ὁμίλει,
2661 5352 2721 5416 Β.

2473 5420 2518 5495 _”
2548 5414 2787 5495 ὢφελρςρ
2818 5419 2880 5495 βπ

3461 5351 3483 5386 s
3511 5347 3736 5420 ἤδηξΒ,
3807 5352 3844 5389 ω

2978 5420 3027 5454 ⁴⁴
3073 5419 3549 5493 ποιμαινομένους,
3610 5424 3669 5477 Β.
3702 5427 3758 5488 Q.
3786 5424 3840 5479 E.

2618 5488 2663 5525 ‘9
2691 5488 3086 5565 ἀντιδιδοῦντα,
3116 5488 3186 5547 Β]
3288 5488 3643 5567 τοπαρόντος,
3696 5500 3755 5551 Α.
3784 5525 3842 5535 -

545 5717 623 5787 (b)
653 5715 761 5773 Alii
795 5713 1007 5773 rectius
1032 5710 1289 5771 sentiunt
1315 5717 1798 5780 Antiochenorum
1833 5725 2091 5780 creatum
2127 5733 2439 5800 pastorem.
