4124 6270
263 363 382 441 eos

1334 373 1512 433 VITA
1564 373 1628 432 S.
1676 368 2047 430 CYPBIANI
2091 371 2594 435 ANTIOCHENI.

3543 382 3661 438 870

263 545 486 608 κοῦντα,
518 534 662 592 δεινά
689 531 886 604 ἐποίει,
920 535 1008 587 καὶ
1057 531 1296 610 φορητὸν
1329 530 1397 600 ἦν
1431 527 1544 586 οὔδ’
1592 528 1740 591 ὅλως
1769 527 1909 600 αὐτῷ

2027 531 2286 602 omnino,
2321 535 2473 605 quod
2511 534 2708 590 ﬂebat.
2763 534 3014 592 Subiens
3045 535 3239 608 itaque
3279 538 3563 609 quosdam
3595 557 3667 599 ex

267 631 331 686 τὸ
361 627 665 708 γινόμενον·
697 620 891 697 ἀμέλει
924 621 1013 676 καί
1063 640 1212 684 τινας
1256 625 1368 676 τῶν
1415 620 1514 690 τήν
1562 611 1833 708 εὐσέϐειαν
1861 618 1911 708 ξι

270 704 613 794 θερμοτέρων
648 710 873 782 ὑποδὺς,
913 711 1087 768 πείθει
1117 715 1493 786 κατηγορῆσαι
1540 704 1739 794 αὺτοῦ,
1779 705 1916 794 πρὸς

267 793 362 862 τὸν
392 810 493 874 τῆς
526 798 832 870 ’Δνατολῆς
871 799 1092 872 κόμητα
1137 796 1476 870 (Εύτόλμιος
1521 795 1589 864 ἦν
1635 793 1824 865 ἐκείνῳ
1851 793 1914 848 τὸ

267 891 484 968 ὄνομα),
545 891 620 954 ὡς
673 886 980 947 Ἀναπείθει
1040 886 1136 960 μὶν
1193 885 1432 947 ἅπαντας
1485 881 1634 957 δεινῇ
1686 882 1917 960 χρώμε-

265 1003 358 1045 νος
415 980 506 1037 καὶ
550 977 770 1058 ἀφύκτῳ
816 981 887 1051 τῇ
943 974 1185 1049 γοητείᾳ·
1243 970 1462 1029 πολλοῦ
1512 968 1568 1026 δὶ
1621 969 1758 1024 κατά
1788 972 1916 1058 ,τῶν

265 1071 552 1146 ἡμετέρων
582 1055 718 1133 θεῶν
767 1063 1080 1140 ἐμπίπλησι
1135 1066 1233 1118 τοῦ
1287 1061 1664 1137 φρονήματος,
1715 1055 1805 1112 καὶ
1851 1057 1914 1146 τὸ

268 1144 590 1234 δεινότερον,
621 1156 704 1212 ὅτι
752 1156 827 1228 μή
879 1153 1016 1228 πρὸς
1061 1151 1262 1225 μόνους
1308 1153 1470 1205 τοῦτο
1500 1152 1668 1214 ποιεῖ,
1719 1148 1804 1208 οἷς
1851 1144 1913 1200 ἄν

269 1247 346 1312 είς
377 1244 500 1321 ὄψιν
533 1241 684 1302 ἔλθοι
735 1244 824 1298 καὶ
872 1242 1012 1298 κατά
1056 1243 1119 1297 τὸ
1176 1238 1414 1310 λεληθὸς
1464 1240 1509 1274 ²¹
1566 1234 1913 1312 συγγένηται,

265 1335 414 1392 ἀλλά
438 1337 529 1391 καὶ
558 1338 641 1396 οἷς
669 1333 730 1389 ἄν
763 1329 932 1394 ἀδεῶς
963 1329 1162 1405 ἐντύχῃ
1209 1331 1255 1366 ³³
1299 1332 1419 1390 τοῖς
1463 1325 1774 1403 γράμμασι,
1825 1321 1914 1378 καὶ

266 1425 349 1481 ὅτι
401 1425 469 1481 τά
524 1425 864 1498 Χριστιανῶν
925 1421 1020 1495 μὲν
1075 1413 1357 1494 πρεσϐεύει
1420 1413 1690 1491 μηδεμίαν
1746 1409 1915 1491 φειδὼ

264 1513 620 1588 ποιούμενος,
675 1518 777 1582 τῆς
821 1509 1090 1585 ἡμετέρας
1134 1504 1192 1563 δὶ
1240 1506 1556 1574 καταπαίζει
1604 1500 1913 1580 θρησκείας,

263 1602 355 1658 καὶ
399 1602 476 1665 εἷς
528 1603 576 1639 ³⁵
622 1600 753 1663 τοὺς
806 1598 1070 1674 πατρίους
1125 1591 1388 1672 ἐξυϐρίζει
1447 1592 1620 1658 θεούς.
1681 1589 1913 1652 Τούτοις

266 1693 571 1768 θερμότατα
601 1688 907 1754 διακαυθεῖς
952 1687 1028 1750 εἷς
1081 1687 1250 1761 θυμὸν
1282 1685 1310 1739 ὁ
1349 1684 1554 1757 κόμης,
1603 1679 1708 1768 καὶΔ
1746 1677 1914 1768 μάλι-

267 1765 384 1848 στα,
417 1781 498 1835 ὅτι
553 1781 835 1853 μεμάθηκε
888 1774 978 1832 καὶ
1037 1776 1136 1844 τὴν
1196 1772 1459 1848 παρθένον
1517 1765 1809 1828 Ἰουστίναν
1866 1766 1914 1802 ³⁵

264 1871 330 1928 τὰ
371 1867 462 1925 ἴσα
502 1870 549 1906 ³⁸
597 1870 894 1942 Κυπριανῷ
942 1869 1180 1946 φρονεῖν,
1230 1860 1454 1936 δεσμοῖς
1499 1857 1694 1920 αὐτοὺς
1731 1859 1774 1893 ³⁷
1821 1855 1908 1911 καὶ

266 1962 485 2036 φρουρᾷ
512 1960 582 2032 τῇ
615 1954 763 2032 ἄλλῃ
813 1951 1116 2031 παραδοὺς,
1159 1954 1239 2025 τῷ
1284 1948 1336 2006 ἐν
1385 1951 1654 2023 Δαμασκῷ
1701 1947 1910 2022 βήματι

262 2047 602 2123 ταμιεύεται.

337 2139 464 2195 KA'.
502 2134 813 2212 Ἀχθέντων
863 2135 912 2172 ²⁸
959 2133 1052 2190 οὗν
1098 2136 1206 2188 τῶν
1255 2129 1422 2206 ἁγίων
1472 2129 1548 2191 εἷς
1603 2123 1768 2198 τήνδε
1813 2126 1912 2194 τὴν

261 2224 450 2283 πόλιν.
483 2225 557 2281 Σὺ
589 2224 640 2280 εἶ
666 2225 696 2280 ὁ
723 2228 834 2281 τῶν
867 2225 1212 2298 Χριστιανῶν
1263 2216 1626 2286 διδάσκαλος;
1673 2220 1754 2288 τῷ
1805 2221 1916 2270 Κυ-

264 2319 481 2390 πριανῷ
524 2315 552 2368 ὁ
610 2312 792 2386 κόμης
850 2312 1033 2390 φησὶν,
1091 2311 1180 2385 ἀφ’
1235 2307 1455 2383 ύψηλοῦ
1509 2309 1606 2362 τοῦ
1667 2305 1914 2380 βήματος

262 2402 390 2465 τοὺς
458 2401 656 2476 λόγους
716 2405 905 2472 κινῶν,
971 2401 1000 2454 ὁ
1072 2397 1198 2461 τοὺς
1289 2393 1728 2472 προσανέχοντας
1798 2397 1916 2457 τοῖς

263 2492 408 2551 Θεοῖς
450 2490 497 2526 '9
545 2489 843 2545 ἀναπείθων
888 2487 978 2542 καὶ
1029 2485 1426 2558 συνταράττων,
1471 2483 1532 2542 ’ὸς
1578 2485 1658 2552 τῷ
1704 2479 1916 2534 ἀσθενεῖ

259 2585 360 2648 τῆς
399 2580 634 2654 γνώμης
690 2578 826 2654 πρὸς
870 2581 1041 2632 πᾶσαν
1092 2575 1335 2650 εὐχερῶς
1394 2569 1548 2642 δόξαν
1595 2569 1909 2638 ἐκπίπτεις;

257 2665 336 2726 Οί)
367 2667 430 2722 σὺ
464 2666 677 2742 μᾶλλον
705 2663 951 2728 πολλοὺς
983 2665 1032 2702 ³ο
1066 2668 1183 2726 τοῖς
1217 2666 1360 2727 θεοῖς
1392 2661 1744 2737 ίπροσήγαγες
1775 2656 1912 2734 πρό-

257 2777 414 2832 τερον
469 2753 781 2827 ἐπιδεξίοις,
831 2754 905 2816 ὡς
965 2753 1260 2827 ἐμάνθανον
1317 2757 1434 2813 τοῖς
1491 2750 1614 2824 περὶ
1657 2749 1830 2805 αὐτῶν
1862 2748 1910 2788 δι

267 2844 570 2920 διηγήμασι
598 2864 614 2913 ;
644 2847 766 2904 Πῶς
816 2842 908 2896 οὗν
959 2841 1080 2915 ἄρτι
1142 2835 1545 2913 μεταϐέϐλησαι
1571 2864 1587 2907 ς
1615 2837 1706 2891 καὶ
1749 2836 1800 2891 τί
1847 2836 1912 2892 τὸ

264 2936 366 3003 τῆς
399 2928 710 3008 μεταϐολῆς
737 2928 912 2985 αἴτιον
937 2955 952 3000 ;
979 2929 1076 2984 'tvaz
1105 2928 1154 2984 τί
1184 2925 1242 2982 δὲ
1287 2927 1378 2982 καὶ
1424 2927 1515 2981 τὸν
1567 2923 1915 3008 ἐσταυρωμέ-

263 3041 356 3077 νον
387 3019 674 3095 κηρύττων
712 3017 919 3088 ἀπατᾷν
964 3015 1120 3072 ε’ίλου
1165 3015 1293 3078 τοὺς
1337 3014 1650 3088 ἀνθρώπους
1678 3012 1725 3048 ³³
1757 3007 1912 3066 διδά-

265 3128 463 3185 γμασιν
519 3105 896 3174 ἀλλοκότοις;
953 3105 1078 3162 Ἐπὶ
1131 3103 1407 3164 τούτοιςὸ
1457 3101 1616 3178 ἅγιος
1675 3099 1912 3173 ἡσυχίαν

262 3195 409 3273 ἔγων
440 3197 487 3234 ³³
542 3195 729 3252 ἑαυτὸν
785 3189 1128 3269 ἀνελάμϐανε
1180 3213 1240 3249 τε
1291 3195 1337 3229 ³⁴
1381 3190 1472 3246 καὶ
1538 3189 1908 3265 ἀνεθαῤῥυνενο

2020 619 2092 675 iis
2111 619 2209 690 qui
2255 624 2423 678 erant
2487 621 2546 676 in
2595 622 2894 694 impietate
2937 624 3210 693 acriores,
3243 626 3567 696 persuadet,
3597 635 3662 685 ut

2022 723 2157 764 eum
2199 714 2476 767 accusent
2503 711 2656 783 apud
2711 711 2985 768 comitem
3016 711 3268 770 Orientis
3309 713 3412 785 (illi
3444 733 3655 774 nomen

2023 802 2145 854 erat
2187 797 2572 870 Eutolmius);
2617 801 2768 872 quod
2809 817 3013 857 omnes
3053 802 3285 873 quidem
3327 807 3660 878 persuadet,

2023 885 2183 941 miris
2199 886 2552 957 quibusdam
2573 903 2671 944 eos
2696 889 2977 945 inducens
3001 890 3349 962 praestigiis:
3375 893 3657 950 adversus

2022 978 2254 1031 nostros
2285 980 2477 1033 autem
2524 977 2660 1033 deos
2692 977 2959 1050 ingentes
2990 979 3074 1033 eis
3103 977 3244 1035 facit
3273 980 3547 1052 spiritus:
3581 987 3658 1052 et,

2023 1065 2179 1134 quod
2211 1069 2300 1120 est
2349 1065 2604 1136 gravius,
2637 1082 2748 1122 non
2789 1065 2980 1122 solum
3011 1066 3068 1122 id
3111 1067 3244 1122 facit
3271 1085 3406 1125 cum
3461 1071 3566 1140 eis,
3599 1071 3660 1128 in

2022 1166 2266 1220 quorum
2295 1153 2514 1209 venerit
2560 1160 2956 1226 conspectum,
2989 1160 3048 1210 et
3079 1171 3210 1211 cum
3244 1158 3460 1228 quibus
3491 1159 3664 1215 fuerit

2023 1237 2267 1296 latenter
2327 1257 2694 1312 congressus,
2753 1243 2853 1298 sed
2902 1258 3032 1298 cum
3078 1243 3197 1300 illis
3252 1244 3452 1316 etiam,
3509 1263 3657 1318 quos

2024 1327 2232 1386 litteris
2264 1331 2594 1388 convenerit
2625 1347 2640 1386 :
2671 1339 2724 1388 et
2751 1331 2906 1403 quod
2935 1331 3112 1388 libere
3139 1333 3375 1406 quidem
3407 1335 3657 1406 amplec-

2024 1419 2167 1476 titur
2194 1431 2410 1479 sectam
2463 1422 3162 1491 Christianorum,eorum
3220 1429 3412 1482 autem
3454 1427 3661 1483 irridet

2023 1509 2385 1581 religionem,
2409 1515 2467 1567 et
2495 1513 2634 1569 deos
2665 1511 2882 1584 patrios
2913 1512 3096 1569 afficit
3134 1514 3525 1571 contumeliis.
3556 1516 3656 1572 His

2021 1614 2211 1656 comes
2252 1601 2324 1657 ad
2380 1601 2527 1658 iram
2559 1602 3070 1661 vehementissime
3101 1620 3400 1672 accensus,
3440 1609 3499 1661 et
3537 1621 3656 1663 ma-

2019 1688 2191 1756 xime,
2223 1689 2379 1761 quod
2417 1690 2746 1750 rescivisset
2798 1692 3076 1764 virginem
3107 1710 3342 1766 quoque
3367 1694 3656 1752 Justinam

2021 1779 2224 1836 eadem
2257 1781 2495 1852 sentire,
2527 1797 2656 1854 quae
2679 1783 3024 1854 Cyprianus,
3048 1799 3179 1839 cum
3209 1799 3308 1840 eos
3337 1783 3397 1840 in
3425 1784 3656 1841 vincula

2020 1867 2384 1939 conjecisset,
2417 1873 2476 1926 et
2505 1869 2564 1925 in
2598 1870 2774 1927 aliam
2811 1871 3150 1928 tradidisset
3178 1873 3528 1942 custodiam,
3561 1889 3652 1930 re-

2020 1962 2205 2013 servat
2242 1955 2520 2014 tribunali
2556 1957 2848 2016 Damasci.

2087 2140 2227 2198 XXI.
2276 2143 2422 2199 Cum
2469 2157 2605 2216 ergo
2656 2142 2814 2200 ducti
2845 2147 3039 2201 essent
3093 2144 3280 2201 sancti
3330 2144 3390 2201 in
3441 2145 3653 2218 praedi-

2017 2235 2171 2288 ctam
2215 2231 2504 2289 civitatem
2543 2248 2560 2290 :
2617 2231 2706 2288 Tu
2737 2249 2800 2290 es
2856 2234 3137 2306 magister
3193 2233 3653 2290 Christianorum

2019 2321 2181 2392 (dicit
2261 2337 2455 2378 comes
2510 2321 2818 2394 Cypriane,
2866 2324 3037 2380 verba
3111 2322 3325 2380 iaciens
3408 2340 3476 2380 ex
3538 2323 3652 2381 alto

2018 2411 2336 2482 tribunali),
2395 2410 2494 2484 qui
2549 2409 2655 2478 eis,
2713 2411 2809 2482 qui
2867 2411 3004 2468 deos
3057 2409 3277 2481 colunt,
3338 2413 3651 2483 persuades

2015 2497 2395 2566 contrarium,
2425 2501 2484 2553 et
2527 2513 2626 2554 eos
2660 2498 2996 2568 conturbas,
3027 2498 3129 2571 qui
3173 2505 3407 2572 propter
3437 2499 3646 2556 mentis

2014 2585 2480 2643 imbecillitatem
2506 2587 2676 2644 facile
2697 2588 2756 2644 in
2775 2604 3004 2646 omnem
3037 2589 3252 2647 laberis
3273 2590 3603 2663 opinionem
3625 2590 3652 2646 τ

2012 2673 2137 2730 Non
2170 2679 2233 2732 tu
2283 2675 2446 2747 prius
2483 2677 2700 2733 multos
2745 2678 2816 2733 ad
2848 2679 2985 2734 deos
3042 2679 3352 2749 adduxisti,
3383 2679 3552 2751 aptis,
3586 2683 3652 2735 ut

2013 2764 2230 2834 accepi,
2255 2765 2326 2820 de
2355 2763 2441 2821 eis
2472 2764 2949 2822 narrationibus?
2969 2768 3272 2834 Quomodo
3301 2783 3437 2840 ergo
3463 2783 3652 2838 nuper

2015 2867 2077 2908 es
2098 2857 2356 2908 mutatus
2375 2854 2404 2909 ‘I
2431 2859 2490 2911 et
2517 2871 2788 2927 quanam
2811 2860 2900 2912 est
2925 2872 3098 2912 causa
3125 2856 3510 2912 mutationis?
3537 2856 3654 2912 Cur

2015 2948 2204 2995 autem
2227 2941 2575 2999 Cruciﬂxum
2594 2945 2932 3015 praedicans,
2948 2944 3211 3000 statuisti
3225 2945 3490 3001 homines
3506 2944 3655 3001 deci-

2017 3044 2150 3100 pere
2195 3028 2400 3087 alienis
2432 3031 2757 3090 doctrinis?
2795 3035 2933 3090 Post
2971 3035 3089 3090 hinc
3121 3044 3359 3090 sanctus
3400 3033 3647 3104 quietem

2015 3131 2218 3189 agens,
2248 3118 2500 3190 seipsum
2547 3121 2874 3192 colligebat,
2907 3126 2962 3178 et
2999 3122 3398 3178 confirmabat.
3433 3120 3654 3177 Deinde

2019 3205 2258 3277 propius
2279 3207 2792 3275 accedens,comiti
2813 3209 2958 3265 dixit
2984 3214 3186 3268 ornate
3216 3215 3273 3267 et
3304 3209 3648 3266 honorifice:

259 3260 378 3343 είτα
405 3286 669 3361 προσχὼν
700 3283 833 3358 μετά
860 3281 1076 3340 πολλοῦ
1122 3285 1220 3337 τοῦ
1249 3279 1459 3354 κόσμου
1494 3280 1542 3317 ³⁸
1568 3279 1659 3334 καὶ
1707 3281 1908 3352 σεμνοῦ

2019 3260 2144 3366 εδδ
2166 3260 2792 3364 .m;..1‘..‘;a.'£.;s;
2817 3260 3648 3368 ia—Ieé'QSAEiﬁsia'Eh'iiéa

257 3376 706 3450 παραστήματος,
774 3373 908 3448 πρὸς
961 3373 1054 3427 τὸν
1107 3371 1326 3444 κόμητα
1382 3364 1506 3448 ἔφη·
1570 3365 1706 3444 Ἐγὼ
1761 3364 1904 3421 πολ-

257 3462 365 3533 λὴν
395 3463 464 3536 ³⁸,
510 3462 586 3525 ὡς
634 3462 726 3518 καὶ
772 3461 934 3526 αὐτός
991 3481 1091 3534 μοι
1151 3463 1464 3536 μαρτυρεῖς,
1515 3457 1614 3528 τήν
1670 3457 1794 3531 περὶ
1839 3455 1905 3510 τὰ

256 3551 561 3624 Ἐλληνικά
599 3549 841 3621 σπουδήν
893 3547 1062 3625 ἔχων,
1109 3549 1200 3605 καὶ
1248 3549 1372 3624 περὶ
1417 3547 1616 3624 λόγους
1666 3546 1757 3600 καὶ
1801 3546 1902 3616 τὴν

256 3646 365 3698 τῶν
429 3644 676 3716 μαγικῶν
738 3633 951 3714 βίϐλων
1008 3641 1053 3676 ³⁷
1114 3636 1344 3712 μελέτην
1394 3636 1442 3673 ³⁸
1504 3634 1807 3710 θερμότατα
1860 3635 1906 3671 ⁸³

259 3729 622 3804 διακείμενος,
669 3725 824 3784 οὐδὲν
877 3726 1017 3802 μέγα
1057 3726 1093 3796 ἤ
1145 3725 1284 3800 πρὸς
1333 3725 1520 3803 ψυχὴν
1567 3725 1731 3799 φέρον
1769 3722 1815 3757 ⁸ο
1841 3721 1904 3777 τὸ

255 3816 450 3894 κέρδος
475 3815 673 3882 ἐκεῖθεν
705 3815 1069 3891 ἐπορισάμην·
1113 3813 1258 3870 οὕτω
1307 3809 1363 3868 δέ
1412 3834 1506 3886 μοι
1555 3808 1904 3884 διακειμένῳ,

256 3907 348 3964 καὶ
377 3912 496 3969 τοῖς
549 3905 800 3980 ματαίοις
837 3901 1298 3979 ἐνασχολουμένῳ
1343 3902 1532 3963 πόνοις
1576 3899 1841 3975 οἷ’κτείρας
1874 3899 1902 3953 ὁ

257 3996 390 4054 Θεός
451 4016 520 4071 με
575 3999 684 4052 τῶν
741 3998 909 4051 κενῶν
965 3991 1238 4070 ἱδρώτων,
1296 3992 1384 4047 καὶ
1439 3994 1536 4047 τοῦ
1593 3990 1730 4066 πρὸς
1774 3988 1902 4051 τοὺς

259 4086 523 4158 ἀνοήτους
571 4085 614 4122 ⁴¹
663 4084 819 4150 θεοὺς
873 4079 1211 4158 σεϐάσματος
1269 4080 1471 4159 ὁδηγὸν
1545 4081 1762 4144 ἀπλανῆ
1814 4077 1904 4134 καὶ

260 4176 470 4251 ἀγαθὴν
501 4175 550 4211 ⁴²
605 4173 850 4251 ἡγεμόνα
894 4179 996 4244 τῆς
1043 4173 1179 4248 πρὸς
1234 4169 1392 4226 αὐτὸν
1451 4168 1719 4247 φερούσης
1776 4163 1906 4220 ὁδοῦ

257 4267 357 4335 τήν
411 4261 678 4340 παρθένον
741 4267 945 4333 ταύτην
1025 4259 1312 4334 ἐκπέμπει,
1369 4258 1461 4313 καὶ
1517 4256 1563 4311 εἱ
1619 4255 1909 4340 προσεχῶς

259 4339 821 4423 ἀκοῦσαιίθελήσειας,
847 4351 940 4406 τὸν
977 4349 1202 4425 τρόπον,
1259 4343 1404 4416 οῖδα,
1442 4349 1542 4414 τῆς
1595 4339 1906 4414 οἰκονομίας

261 4441 400 4498 πάνυ
435 4439 748 4513 θαυμάσεις’
781 4435 902 4517 ἔχεῖ
931 4436 989 4493 δὲ
1016 4435 1210 4500 οὕτως.

335 4533 456 4586 KB'.
485 4524 784 4604 Ἀγλαῒδας
805 4547 888 4589 τις
906 4531 1014 4582 τῶν
1034 4523 1092 4581 ἐκ
1121 4519 1396 4581 Κλαυδίου
1418 4523 1631 4593 ἡττήθη
1654 4525 1752 4590 τῆς
1775 4538 1911 4595 παρ-

262 4616 412 4673 θένου
441 4617 644 4687 ταύτης
674 4613 832 4692 ἔρωτι
869 4618 1102 4690 μανικῷ,
1118 4613 1209 4669 καὶ
1231 4613 1259 4669 ὁ
1283 4611 1378 4686 μὲν
1410 4609 1464 4674 ἐς
1485 4609 1663 4687 γάμον
1701 4607 1898 4679 ἐζήτει·
1922 4629 1981 4696 D

265 4706 360 4776 ἡτὶ
390 4705 646 4776 ἀπηξίου,
678 4707 777 4775 τήν
806 4706 854 4742 ⁴³
884 4705 1109 4780 σύζυγον
1157 4704 1455 4780 στέργουσα
1499 4697 1809 4774 παρθενίαν.
1839 4697 1901 4756 Ὁ

263 4795 358 4869 μὶν
378 4791 623 4868 ἐπέμενε,
643 4798 806 4851 τοῦτο
833 4794 927 4870 μὲν
942 4794 1220 4864 ἱκετεύων,
1246 4790 1408 4848 τοῦτο
1431 4787 1489 4846 δὶ
1507 4789 1598 4844 καὶ
1631 4787 1748 4863 βίαν
1772 4785 1901 4842 ἐπά-

259 4903 394 4959 γωνσ
426 4886 462 4955 ἡ
491 4880 549 4939 δὲ
575 4891 676 4955 τῆς
711 4885 927 4957 πρώτης
958 4883 1058 4939 οὐκ
1085 4881 1288 4954 ἀπέστη
1343 4879 1683 4958 βουλήσεως.
1722 4879 1812 4938 Ὦς
1844 4873 1902 4931 δὶ

261 4974 406 5048 ἑώρα
428 4972 631 5044 ταύτην
660 4972 897 5037 ἄκλινῶς
918 4970 1147 5048 ἔχουσαν
1174 4971 1310 5046 πρὸς
1349 4968 1554 5026 ἐκείνου
1591 4970 1761 5024 πᾶσαν
1791 4963 1902 5021 ἐπί-

256 5083 409 5119 νοιαν
430 5062 546 5119 ἀντι
571 5064 933 5139 πράττουσαν,
954 5060 1186 5138 ἡσυχίαν
1214 5059 1358 5137 ἂγειν
1386 5055 1641 5132 οὐδαμῶς
1657 5056 1898 5132 ἴσχυσεν,

257 5150 574 5209 ἀλλ’ἐλθὼν
591 5153 665 5216 ὡς
688 5151 785 5225 ἐμὲ
813 5148 1110 5228 Ἀγλαῒδας
1138 5147 1311 5219 ἐξεῖπε
1345 5149 1438 5222 μὶν
1465 5147 1528 5203 τὸ
1566 5141 1898 5223 ἀπὸῤῥητοΨ

261 5240 436 5313 ἐξεῖπε
467 5239 524 5297 δὲ
551 5243 652 5313 τήν
680 5239 739 5296 ἐκ
765 5247 866 5311 τῆς
910 5237 1174 5314 παρθένου
1223 5238 1542 5314 παρόρασιν.
1590 5235 1693 5294 Καὶ
1738 5232 1900 5297 τέλος

1027 5462 1096 5472 -
1149 5429 1248 5496 τὴν
1314 5422 1583 5495 ἀσέϐειαν,
1643 5427 1702 5483 F.

329 5434 376 5470 ’ί
437 5431 514 5492 εἴς
580 5425 844 5501 ἀσέϐειαν,
907 5434 967 5488 Ε.
1027 5462 1096 5472 -
1149 5429 1248 5496 τὴν
1314 5425 1583 5495 ἀσέϐειαν,
1643 5427 1702 5483 F.

335 5502 596 5551 ’Im'mtav-
628 5505 690 5551 Β-
727 5504 786 5551 E-
890 5501 936 5537 ²⁶
976 5501 1106 5551 add.
1137 5502 1239 5551 τῶ.
1270 5501 1332 5551 Β.
1436 5499 1481 5535 ³⁷
1511 5498 1720 5551 αὐτοῖς.
1751 5497 1792 5551 Β

1511 5516 1720 5562 αυτοις,
1751 5516 1814 5552 n.

255 5505 305 5540 ’⁵
335 5502 596 5568 ’Ῑούσταν,
628 5505 690 5560 Β.
727 5504 786 5560 E.
890 5501 936 5537 ²⁶
976 5501 1106 5557 add.
1137 5502 1239 5571 τῷ,
1270 5501 1332 5571 Β.

257 5578 300 5612 ³³
333 5573 530 5644 αὐτῶν,
561 5564 623 5632 Β.
657 5575 717 5632 C.
749 5579 808 5630 Β.
903 5573 953 5608 3’
979 5575 1105 5644 rei;
1126 5564 1456 5644 ἀνθρώποις.
1488 5569 1549 5644 Β·
1640 5564 1796 5644 δί’-ἔγ

262 5647 318 5702 Ρ.
420 5645 467 5682 ³⁸
495 5637 680 5712 deest,
714 5646 775 5702 Ε.
876 5645 919 5680 ⁸⁷
953 5637 1301 5715 βιϐλίων,’Β.
1413 5637 1460 5678 ³⁸
1496 5642 1673 5708 deest,
1705 5640 1763 5696 Β.

257 5716 481 5791 ἀγαθὸν,
517 5717 569 5772 Β.
650 5718 694 5752 ⁴³
724 5717 836 5783 τὸν,
872 5718 930 5772 Β.
962 5717 1020 5770 Γ.
1061 5717 1114 5774 1³.

1815 5425 1860 5461 ’³
1921 5420 2199 5492 λεληθῶς,
2258 5423 2318 5477 Α.
2379 5421 2442 5476 Β.

1916 5494 1965 5566 ³8
1991 5491 2305 5566 τοιγαροῦνᾴ
2344 5491 2405 5547 Β.
2438 5491 2513 5566 ρ.

1799 5586 1896 5631 ων,
1934 5565 1997 5623 Β.
2040 5565 2101 5620 C.

1866 5637 1914 5674 3’
1943 5633 2273 5709 θερμότητα,
2306 5633 2367 5688 Β.

2013 3383 2190 3440 studii
2235 3399 2534 3455 ponerem,
2563 3388 2621 3441 et
2649 3385 2706 3440 in
2739 3385 2965 3441 dicendi
2998 3385 3354 3452 facultatem,
3387 3390 3443 3442 et
3472 3387 3648 3457 magi-

2012 3489 2216 3531 corum
2247 3472 2531 3530 librorum
2580 3474 3010 3533 meditationem
3043 3492 3234 3533 essem
3263 3475 3655 3532 vehementis-

2012 3563 2158 3618 sime
2188 3561 2454 3633 affectus,
2487 3562 2715 3620 nullum
2747 3563 2881 3620 hinc
2913 3580 3214 3637 magnum,
3247 3568 3351 3621 aut
3383 3564 3537 3638 quod
3577 3561 3653 3621 ad

2013 3651 2266 3708 animam
2319 3652 2656 3725 pertineret,
2706 3653 2934 3710 lucrum
2985 3655 3232 3726 percepi.
3273 3655 3413 3713 Mihi
3460 3660 3647 3714 autem

2013 3740 2096 3796 sic
2121 3740 2323 3797 ati’ecto
2353 3745 2409 3797 et
2437 3742 2498 3797 in
2517 3742 2683 3799 vanis
2714 3746 2994 3815 occupato
3025 3743 3348 3811 laboribus,
3381 3744 3644 3802 inanium

2012 3844 2267 3885 meorum
2298 3831 2600 3899 sudorum,
2632 3835 2690 3887 et
2725 3830 2919 3888 cultus
2949 3832 3188 3888 deorum
3246 3833 3645 3905 insipientium

2011 3917 2165 3974 Deus
2195 3917 2494 3985 misertus,
2526 3919 2735 3976 bonam
2777 3924 2835 3976 et
2876 3925 3093 3978 certam
3124 3922 3333 3978 ducem
3362 3921 3490 3988 viae,
3523 3938 3650 3994 quas

2012 4007 2084 4063 ad
2134 4007 2326 4080 ipsum
2373 4008 2578 4077 tendit,
2619 4008 2768 4065 hanc
2821 4010 2992 4065 mittit
3046 4009 3349 4082 virginem.
3381 4013 3542 4078 Quod
3601 4012 3650 4068 si

2012 4094 2249 4151 modum
2306 4099 2728 4166 consequenter
2756 4097 2959 4153 audire
2991 4095 3262 4164 volueris,
3295 4114 3411 4169 quo
3449 4099 3508 4154 id
3541 4099 3652 4156 fuit

2014 4179 2483 4236 administratum
2539 4197 2604 4236 ac
2656 4186 2909 4254 gestum,
2968 4187 3056 4241 sat
3097 4184 3240 4250 scio,
3268 4183 3437 4240 valde
3479 4184 3653 4242 mira-

2016 4267 2192 4325 beris.
2225 4267 2324 4325 Sic
2344 4272 2536 4324 autem
2563 4269 2759 4326 habet.

2085 4513 2355 4587 Aglaidas
2385 4515 2619 4588 quidem
2641 4533 2709 4573 ex
2733 4517 2826 4587 iis,
2858 4517 3090 4589 quinati
3121 4518 3352 4576 fuerant
3379 4535 3447 4577 ex
3475 4520 3651 4579 Clau-

2015 4603 2129 4674 dio,
2162 4605 2235 4661 ab
2265 4604 2372 4660 hac
2401 4604 2624 4677 virgine
2655 4606 2841 4664 victus
2869 4607 3059 4664 fuerat
3087 4624 3284 4666 amore
3315 4609 3558 4683 magico.
3587 4610 3656 4666 Et

2011 4691 2109 4750 ille
2128 4693 2358 4765 quidem
2379 4709 2505 4750 eam
2523 4695 2826 4766 petebatin
2844 4695 3314 4753 matrimonium:
3338 4699 3438 4754 illa
3459 4703 3650 4756 autem

2009 4785 2332 4852 recusabat,
2365 4785 2610 4857 conjuge
2635 4790 2904 4844 contenta
2949 4786 3301 4860 virginitate.
3333 4787 3435 4844 Ille
3464 4789 3650 4860 persi-

2009 4875 2221 4942 stsbat,
2243 4875 2454 4948 partim
2469 4876 2704 4946 quidem
2720 4876 3080 4949 supplicans,
3095 4876 3301 4949 partim
3320 4885 3513 4934 autem
3531 4877 3650 4935 vim

2009 4964 2270 5022 aﬂ‘erens.
2299 4964 2396 5021 illa
2423 4971 2656 5022 econtra
2683 4982 2716 5021 a
2744 4964 3243 5037 primavoluntate
3266 4981 3379 5022 non
3402 4967 3647 5024 destitit.

2009 5055 2321 5127 Postquam
2358 5070 2492 5111 vero
2536 5053 2680 5110 vidit
2725 5069 2853 5110 eam
2884 5053 3271 5122 immobilem,
3301 5058 3360 5111 et
3397 5055 3450 5111 ei
3489 5054 3652 5111 omni

2008 5143 2234 5201 ratione
2274 5143 2658 5208 resistentem,
2709 5141 2869 5198 nullo
2901 5143 3070 5199 modo
3120 5142 3308 5214 potuit
3333 5142 3650 5215 quiescere.

2008 5233 2210 5304 Itaque
2241 5231 2314 5289 ad
2373 5246 2464 5288 me
2491 5231 2728 5288 veniens
2771 5229 3065 5302 Aglaidas,
3099 5229 3365 5305 exposuit
3411 5232 3647 5304 quidem

2557 5415 2899 5494 ²⁸μέντιῖχοιν
2958 5422 3020 5494 Β.
3070 5421 3141 5494 C:
3237 5423 3293 5494 ’f
3351 5423 3534 5489 deest,
3581 5425 3646 5478 E.

2617 5491 2662 5527 ²⁹
2700 5489 2828 5559 τούς
2874 5489 3060 5559 Θεοὺς,
3112 5493 3175 5549 Β.
3252 5492 3300 5528 ³ο
3348 5494 3528 5558 deest,
3575 5495 3644 5548 A.

2437 5557 2996 5636 atavqlapsa'tvszat,
3041 5557 3102 5636 Β.
3278 5565 3474 5636 deest,
3491 5563 3552 5618 Β.

2976 5635 3018 5671 ⁴¹
3071 5635 3384 5705 ἀνονήτους,
3438 5635 3498 5688 C.
3600 5631 3648 5667 ⁸³

2201 5563 2327 5620 .F‘.

2471 5631 2518 5668 ⁴⁰
2564 5631 2759 5708 φέρων,
2809 5635 2872 5691 Β.
