4124 6270
503 322 610 380 871
1786 312 2070 371 MENSIS
2115 312 2131 369 ξ

2306 308 2602 370 ῈΜΒΕΗ.
3792 310 3934 368 872

500 496 802 547 arcanum,
857 478 1109 535 narravit
1164 483 1353 531 autem
1398 490 1460 529 se
1517 472 1696 528 fuisse
1727 472 2066 542 despectum
2098 487 2128 526 a

2304 468 2398 534 ,iou
2431 470 2653 541 βοηθεῖν
2686 468 2730 503 “
2752 468 2851 535 ὅση
2889 463 3118 539 δύναμις
3136 470 3204 539 τῇ
3229 466 3525 542 ἀποτυχίᾳ,
3548 467 3640 521 καὶ
3666 466 3932 544 φίλτρον

502 570 748 641 virgine,
781 572 840 623 et
878 572 1171 639 postremo
1204 562 1447 636 rogavit,
1480 566 1544 618 ut
1584 578 1685 633 pro
1718 560 1942 614 viribus
1972 575 2130 630 opem

2306 559 2386 627 ιτῇ
2439 554 2765 628 ἀλτίρῥοπον
2813 554 3139 629 ἐπιπέμψαι.
3187 556 3277 610 καὶ
3322 563 3539 625 κινῆσαι
3588 556 3728 630 πρὸς
3797 554 3934 609 ἐπι-

500 660 703 715 ferrem
764 656 1102 721 infortunio,
1140 658 1193 709 et
1246 651 1596 709 amatorium
1630 649 2128 717 medicamentum,

2306 645 2442 718 ›μίαν
2491 650 2587 700 τοῦ
2637 645 2863 719 ἐραστοῦ
2910 647 3007 713 τήν
3062 647 3237 707 οὕτως
3296 646 3676 720 ὑπεροπτικῶς
3738 642 3934 720 ἔχου-

506 748 658 820 quod
693 747 740 801 si
772 745 1062 801 vincenda
1087 761 1187 816 par
1217 748 1388 808 esset,
1418 745 1485 798 ad
1506 758 1632 796 eam
1661 741 2057 807 immitterem,
2081 741 2134 793 et

2304 756 2369 791 ιγ,
2432 738 2612 790 Ταῦτα
2666 736 2761 807 μέν
2820 732 3025 798 ἐκεῖνος
3079 732 3221 808 ᾔτει·
3281 733 3387 803 ἐγὼ
3448 733 3505 790 δὲ
3560 730 3792 810 βίϐλοις,
3858 737 3932 789 τὸ

505 837 577 890 ad
625 834 901 891 amatoris
950 850 1237 889 moverem
1273 832 1646 903 cupiditatem
1679 844 1826 893 eam,
1860 846 1985 899 quae
2018 833 2133 882 tam

2303 821 2461 897 ιρῥεῖν
2496 820 2640 901 ἔχων
2677 828 2795 884 ταῖς
2842 829 3096 898 μαγικαῖς
3147 824 3235 877 καὶ
3283 829 3401 886 τοῖς
3442 821 3722 896 δαίμοσιν,
3781 824 3931 897 ἆμε-

498 924 746 995 superbe
763 921 1140 993 despiciebat.
1173 921 1289 991 Ego
1321 936 1453 975 vero
1486 919 1541 973 in
1586 917 1750 973 libris
1776 916 2018 987 magicis
2050 915 2126 969 ba

2298 917 2364 965 εῖν
2435 911 2702 979 ἐκέλευον,
2778 917 3001 986 ταχεῖαν
3078 912 3211 982 ὃσην
3273 910 3734 988 ἐπαγγειλάμενος
3816 914 3926 981 τήν

500 1013 644 1068 bene
676 1012 972 1076 fiduciam,
1004 1014 1060 1066 et
1100 1009 1156 1066 in
1189 1008 1572 1074 daemonibus,
1598 1007 1753 1076 juesi
1786 1022 1856 1061 ne
1887 1008 2128 1074 curaret,

2297 1002 2531 1071 οήθειαν,
2574 1002 2704 1057 Ἕνα
2758 1005 2888 1075 γοῦν
2935 1006 3041 1056 τῶν
3096 999 3371 1075 δαιμόνων
3430 1000 3685 1074 καλέσας,
3734 1023 3925 1077 παρα-

498 1102 552 1157 ei
605 1099 958 1156 citissimum
1001 1098 1342 1171 promittens
1400 1097 1703 1153 auxilium.
1763 1094 1908 1150 Cum
1960 1094 2126 1165 igitui

2292 1092 2439 1161 υμνῶ
2468 1089 2530 1143 τὸ
2569 1092 2817 1163 πρᾶγμα,
2872 1088 2961 1144 καὶ
3013 1088 3066 1145 εἷ’
3101 1112 3182 1153 τις
3234 1089 3379 1163 αὔτῷ
3428 1088 3654 1163 δύναμις
3687 1094 3730 1127 ⁸⁵
3765 1112 3920 1164 συμ-

501 1206 686 1246 unum
717 1205 1009 1245 voeassem
1064 1205 1129 1242 ex
1176 1187 1562 1255 daemonibus,
1596 1185 1645 1240 ei
1678 1200 1800 1239 rem
1841 1183 2056 1253 aperio,
2088 1188 2129 1237 el

2293 1178 2500 1252 ράττειν
2534 1177 2738 1248 ἠξίουν·
2784 1179 2810 1233 ὁ
2862 1176 2937 1249 δὲ,
2990 1180 3095 1252 πρὸ
3149 1180 3242 1252 μὶν
3301 1186 3399 1250 τῆς
3452 1182 3661 1255 πείρας,
3723 1180 3916 1242 πολὺς

501 1278 553 1335 si
582 1279 721 1350 quid
756 1282 951 1349 posset
990 1278 1204 1348 rogavi,
1239 1280 1303 1330 ut
1343 1289 1511 1347 opem
1562 1275 1755 1328 ferret.
1788 1271 1888 1328 Ille
1928 1279 2129 1340 autem,

2290 1288 2316 1320 ν
2346 1267 2442 1335 τήν
2481 1265 2673 1340 ὀφρῦν,
2722 1267 2810 1322 καὶ
2858 1268 3058 1342 θερμὸς
3106 1269 3207 1336 τὴν
3252 1266 3602 1345 ἐπαγγελίαν,
3635 1272 3727 1325 καὶ
3758 1271 3837 1325 τὰ
3868 1274 3917 1306 ⁸⁸

506 1373 818 1438 antequam
849 1367 1202 1436 experiretur
1248 1364 1507 1435 quidem,
1540 1365 1661 1417 erat
1690 1361 1837 1417 elato
1878 1359 2134 1431 superci-

2286 1356 2422 1410 ’ἀντα
2471 1355 2721 1429 πράττειν
2778 1360 2857 1427 τῷ
2915 1353 3092 1412 δοκεῖν
3145 1355 3462 1431 δυνάμενος·
3513 1358 3768 1423 ἀπελθὼν
3831 1358 3914 1429 δὲ,

503 1453 581 1511 lio
622 1465 675 1510 et
715 1454 1030 1510 vehemens
1083 1453 1141 1507 in
1180 1451 1589 1524 promittendo,
1621 1454 1677 1504 et
1708 1448 1807 1520 qui
1840 1448 2131 1503 videbatur

2287 1446 2339 1500 αἱ
2369 1449 2437 1518 τῇ
2468 1446 2604 1519 κόρῃ
2648 1446 2901 1519 συνάψας,
2958 1449 3058 1518 μῦς
3104 1446 3267 1524 ἐφάνη
3322 1445 3498 1502 λέοντι
3544 1444 3914 1522 προσϐαλὼν,

500 1560 669 1615 posse
698 1544 896 1600 omnia
946 1543 1147 1598 facere.
1182 1541 1327 1596 Cum
1360 1544 1555 1596 autem
1602 1537 1863 1603 abiisset,
1905 1540 1961 1591 et
2008 1551 2128 1591 cum

2279 1532 2284 1602 ί
2326 1534 2591 1608 κάνθαρος
2622 1533 2761 1606 ἀετῷ
2792 1536 2927 1609 πρὸς
2959 1532 3125 1589 πάλιν
3158 1533 3354 1609 ἐρίσας·
3401 1536 3573 1613 φυγὰς
3624 1538 3729 1614 γὰρ
3759 1540 3907 1613 πρὸς

499 1635 755 1706 puellam
787 1638 942 1688 esset
963 1628 1609 1702 congressus,apparuit
1639 1644 1771 1682 mus
1793 1626 2017 1681 leonem
2042 1641 2127 1697 ag-

2296 1627 2397 1696 μᾶς
2429 1622 2682 1694 ἐπανῆκε,
2726 1625 2815 1678 καὶ
2863 1624 2984 1678 λίαν
3034 1622 3301 1692 καταδεὴς
3332 1626 3359 1680 ὁ
3391 1627 3497 1700 πρὸ
3528 1630 3624 1681 τοῦ
3654 1628 3700 1661 ⁴⁷
3737 1630 3913 1703 μέγας

500 1737 761 1793 gressus,
778 1721 1201 1777 autscarabeus
1220 1718 1475 1774 luctatus
1490 1734 1621 1772 cum
1646 1716 1868 1788 aquita.
1894 1715 2128 1786 Fugiem

2282 1714 2337 1766 καὶ
2380 1715 2478 1782 τὴν
2514 1714 2691 1786 ὁρμὴν
2725 1712 3114 1776 ἀνυπόστατος.
3164 1715 3295 1787 Ἐμὲ
3344 1711 3400 1769 δὲ
3449 1713 3710 1785 ἔκπληξις
3759 1718 3910 1795 εἶχε,

500 1810 659 1865 enim
708 1810 777 1865 ad
828 1826 920 1864 me
976 1814 1067 1864 est
1107 1824 1394 1873 reversus,
1426 1811 1482 1861 et
1529 1804 1693 1860 valde
1737 1803 1994 1870 territus,
2045 1803 2128 1872 qui

2282 1805 2366 1862 πῶς
2402 1800 2575 1865 οὕτως
2614 1800 2798 1870 ἁπαλὴ
2840 1803 3103 1876 παρθένος
3132 1801 3221 1856 καὶ
3274 1807 3353 1868 τῷ
3393 1803 3551 1858 παντὶ
3601 1804 3910 1875 εὐπτόητος

2282 1891 2297 1911 r
2338 1910 2343 1911 ,
2455 1887 2536 1911 4‘.\
2776 1888 2788 1908 i
2876 1891 2890 1911 I
3055 1890 3066 1905 ν
3184 1890 3229 1911 rb
3301 1892 3356 1911 nr
3518 1892 3531 1909 ι
3878 1898 3905 1909 -

500 1900 663 1969 prius
692 1902 814 1953 erat
858 1914 1127 1968 magnus,
1160 1901 1216 1952 et
1245 1897 1412 1966 cujus
1445 1894 1841 1950 intolerandus
1871 1898 1997 1946 erat
2028 1892 2128 1945 im,

2280 1891 2380 1943 ἱναι
2407 1887 2714 1962 μέλλουσα,
2735 1888 2795 1944 ού
2823 1891 2989 1962 μόνον
3014 1890 3111 1945 ούκ
3155 1890 3259 1961 εἷξε
3300 1892 3393 1963 βίᾳ
3444 1892 3534 1947 καὶ
3582 1898 3908 1969 περιαγωγῇ

498 1994 687 2059 petus.
718 1986 807 2043 Me
836 2003 967 2043 vero
998 1985 1210 2041 invasit
1230 1993 1445 2054 stupor,
1476 1981 1768 2055 quomodo
1799 1981 1959 2052 virgo
1994 1980 2126 2035 adec

2285 1978 2532 2052 αίμονος,
2574 1977 2719 2033 ἀλλὰ
2769 1980 2858 2033 καὶ
2910 1975 3113 2058 φοϐερά
3157 1980 3334 2053 τούτῳ
3383 1983 3636 2054 κατέστη,
3685 1985 3793 2038 τίνι
3850 1982 3907 2039 δέ

503 2076 717 2145 mollis,
750 2081 807 2131 et
837 2092 964 2146 quas
996 2092 1057 2130 re
1099 2074 1351 2145 qualibet
1386 2074 1534 2128 solet
1582 2070 1747 2127 facile
1777 2069 1998 2136 terreri,
2026 2085 2131 2124 non

2274 2068 2339 2121 ιαὶ
2370 2067 2532 2140 ’ὀπλῳ
2560 2064 2878 2141 ἐρειδομένη
2913 2070 2955 2105 ⁴⁶
2989 2070 3099 2147 οὐχ
3130 2069 3280 2133 ὅπως
3311 2069 3590 2141 ἀπώσατο,
3631 2071 3777 2127 ἀλλά
3811 2075 3902 2127 καί

499 2164 692 2222 solum
738 2181 853 2219 non
886 2162 1062 2218 cessit
1090 2162 1144 2217 vi
1176 2167 1233 2217 et
1271 2160 1591 2216 inductioni
1616 2159 1927 2224 damonis,
1959 2158 2055 2213 sed
2088 2158 2127 2212 ei

2273 2154 2459 2230 ρυγάδα
2507 2177 2697 2212 τουτον
2757 2157 2831 2218 ὡς
2890 2161 3036 2231 ἡμᾶς
3097 2160 3512 2235 παρεπέμψατο.
3584 2164 3680 2218 Διά
3731 2168 3901 2219 ταῦτα

496 2254 675 2309 etiam
708 2252 891 2309 evasit
912 2250 1212 2307 terribilis.
1237 2251 1592 2315 Quibusnam
1626 2254 1817 2304 autem
1844 2247 2023 2303 armis
2050 2246 2124 2301 ni-

2268 2246 2445 2307 ,ιεστὸς
2516 2246 2750 2319 ὑποψίας
2804 2249 2870 2315 ἦν
2925 2248 3015 2301 καὶ
3066 2244 3267 2311 δειναῖς
3328 2247 3554 2313 ἐννοίαις
3615 2250 3896 2307 ἐπάλαιον·

502 2346 654 2409 tene,
689 2358 803 2398 non
864 2340 1055 2397 solum
1097 2356 1230 2394 sum
1291 2338 1520 2408 repulit,
1555 2339 1648 2393 sed
1704 2337 1878 2392 etiam
1912 2337 1982 2391 ad
2035 2352 2130 2391 nos

2268 2339 2385 2407 ἰμοῦ
2444 2332 2501 2389 δὲ
2567 2337 2995 2409 πυνθανομένου,
3064 2336 3152 2393 καὶ
3212 2335 3480 2412 διψῶντος
3541 2342 3726 2412 μαθεῖν
3795 2344 3896 2411 τὴν

501 2430 831 2487 transmisit
866 2429 1168 2501 fugitivum
1191 2428 1218 2483 ?
1252 2428 1556 2500 Propterea
1586 2442 1741 2481 eram
1777 2426 1985 2496 plenus
2016 2442 2129 2480 susv

2271 2423 2442 2491 ιῖτίαν,
2510 2426 2766 2497 κρύπτειν
2842 2426 2934 2498 μὲν
3001 2422 3274 2496 ἠϐούλετο
3332 2429 3395 2483 τὸ
3465 2427 3745 2502 δαιμόνιον
3810 2433 3899 2487 καὶ

504 2520 751 2590 picione,
774 2518 1115 2588 etgravibus
1136 2517 1399 2589 agitabar
1428 2515 1897 2586 cogitationibus.
1929 2514 2017 2567 Me
2046 2529 2132 2567 au-

2270 2516 2395 2588 πάσῃ
2429 2518 2656 2588 μηχανῇ
2699 2514 3117 2589 συγκαλύπτειν.
3164 2522 3248 2579 Ὠς
3297 2515 3353 2572 δὲ
3401 2518 3500 2573 οὐκ
3547 2520 3710 2575 ἀνίειν
3767 2520 3898 2595 ἐγὼ,

498 2614 617 2663 tem
662 2610 1053 2674 interrogante
1084 2612 1142 2661 et
1172 2606 1403 2661 sitiente
1434 2606 1583 2660 scire
1630 2620 1883 2667 causam,
1916 2601 2126 2657 volebat

2268 2601 2416 2665 ιόλις
2445 2605 2577 2658 ποτὲ
2606 2602 2695 2657 καὶ
2737 2602 2865 2659 ἄκον
2916 2604 2963 2639 ⁴9
3011 2602 3302 2680 ὁμολογεῖ,
3351 2604 3439 2662 καὶ
3487 2608 3549 2663 τὸ
3589 2608 3896 2685 ἀπόρῥητον

504 2698 742 2769 quidem
782 2698 966 2753 celare
988 2694 1366 2763 daemonium,
1399 2698 1456 2748 et
1484 2693 1638 2748 omni
1669 2692 1894 2748 ratione
1922 2695 2132 2763 tegere.

2268 2692 2599 2762 ικκαλύπτει,
2658 2691 2887 2767 δύναμιν
2948 2694 3098 2750 εἰπὸν
3156 2698 3205 2733 ⁵ο
3263 2698 3405 2761 θείαν
3479 2701 3605 2775 παρ’
3664 2702 3801 2776 αὐτῇ
3858 2705 3896 2739 5‘

496 2785 636 2842 Cum
670 2791 865 2842 autem
910 2802 1013 2857 ego
1044 2801 1177 2840 eum
1211 2802 1325 2840 non
1375 2784 1752 2849 dimitterem,
1778 2783 1871 2837 vix
1904 2784 2124 2837 tandem

2267 2785 2408 2855 ιῖναι,
2458 2787 2547 2840 καί
2604 2784 2714 2842 Μοί
2768 2806 2819 2841 τι
2872 2792 3099 2859 σημεῖον
3146 2795 3375 2867 φανῆναι
3434 2791 3682 2867 φρικτὸν,
3734 2792 3895 2867 οὗπερ

497 2876 588 2930 vel
646 2876 861 2931 invitus
919 2875 1250 2943 confitetur,
1282 2878 1339 2928 et
1380 2888 1655 2927 arcanum
1702 2873 1906 2942 aperit,
1941 2872 2125 2926 dicent

2269 2872 2375 2929 ιύδὲ
2435 2876 2608 2947 μόνην
2664 2876 2856 2937 ἁπλῶς
2904 2878 3002 2945 τὴν
3047 2876 3165 2940 θέαν
3219 2874 3474 2950 ὑπέστην,
3532 2879 3679 2936 ἀλλά
3736 2885 3897 2961 ιρυγάς

501 2963 758 3019 divinam
798 2980 926 3020 esse
958 2964 1014 3018 in
1042 2980 1106 3019 ea
1142 2963 1513 3029 virtutem,et
1544 2960 1655 3016 sibi
1686 2961 1974 3031 quoddam
2006 2959 2129 3015 hor-

2267 2964 2522 3037 :m'tvugu.
2607 2964 2796 3026 Οὕτως
2889 2963 3094 3021 ἐκείνου
3185 2971 3671 3043 καταγνωσθέντος,
3740 2959 3895 3033 αὐτὸς

507 3053 752 3109 rendum
810 3051 1158 3124 apparuisse
1205 3049 1649 3121 signum,cujus
1689 3064 1760 3104 ne
1799 3048 1988 3105 solum
2021 3049 2135 3115 qui-

2258 3053 2355 3108 οὐκ
2384 3051 2648 3125 ἠμέλουν·
2684 3050 2829 3107 ἀλλά
2866 3053 2956 3107 καὶ
3001 3051 3179 3128 ἔτερον
3211 3050 3446 3128 ἔπεμψα,
3489 3060 3559 3130 τῇ
3595 3059 3685 3131 μὲν
3717 3059 3886 3127 οἰήσει

506 3143 635 3196 dem
660 3141 940 3197 sustinuit
970 3136 1289 3212 aspectum,
1332 3141 1424 3195 sed
1455 3139 1625 3194 rediit
1654 3138 1899 3210 fugiens.
1933 3138 2021 3192 Sic
2044 3139 2134 3193 illo

2252 3142 2452 3214 πολλῷ
2479 3148 2575 3197 τοῦ
2605 3138 2983 3217 προλαϐόντος
3025 3144 3400 3220 ἰσχυρότερον,
3450 3151 3519 3220 τῇ
3569 3145 3770 3218 saepe:
3820 3145 3876 3201 δὲ

510 3231 916 3296 condemnato,
951 3230 1072 3300 ipse
1124 3246 1234 3285 non
1288 3228 1365 3284 fui
1424 3228 1743 3298 negligens,
1794 3228 1895 3283 sed
1957 3226 2135 3282 alium

2250 3234 2366 3286 κατ’
2406 3228 2560 3286 οὐδὲν
2590 3232 2872 3305 ἀνόμοιονο
2920 3232 2984 3288 τά
3030 3235 3130 3309 γὰρ
3180 3234 3314 3289 αύτά
3368 3236 3614 3298 κάκεῖνος
3656 3234 3777 3290 ἰδών
3819 3256 3878 3291 τε

505 3334 738 3389 quoque
798 3319 950 3384 misi,
1002 3319 1124 3389 qui,
1188 3322 1251 3373 ut
1304 3317 1673 3372 existimabat
1732 3316 2133 3387 quidem,erat

2256 3320 2338 3374 καὶ
2387 3322 2571 3375 παθὼν
2640 3319 2925 3390 ἐπανῆκεν·
2997 3322 3105 3397 ἐγὼ
3164 3321 3221 3377 δὲ
3285 3324 3374 3379 καὶ
3426 3320 3504 3379 ἔτι
3560 3326 3769 3401 βασάνῳ
3822 3327 3884 3381 τὸ

501 3407 679 3475 priori
723 3406 894 3477 longe
932 3407 1137 3462 fortior
1167 3423 1181 3461 :
1215 3406 1435 3460 viribus
1465 3411 1653 3460 autem
1684 3403 1827 3458 nihil
1860 3411 1979 3458 erat
2019 3403 2129 3458 dis-

2256 3413 2471 3484 πρᾶγμα
2503 3406 2707 3479 διδοὺς,
2740 3411 2898 3465 αὐτὸν
2946 3410 3149 3467 ἐκεῖνον
3197 3413 3287 3467 τὸν
3340 3415 3577 3488 ἄρχοντα
3613 3420 3721 3469 τῶν
3777 3412 3884 3471 δαι-

504 3494 735 3552 similis.
771 3497 914 3551 Nam
973 3494 1069 3550 ille
1100 3510 1332 3566 quoque
1362 3511 1496 3551 cum
1550 3494 1749 3549 eadem
1789 3493 2050 3562 vidisset,
2086 3496 2132 3549 e1

2257 3500 2433 3572 μόνων
2466 3500 2511 3535 ⁵²
2539 3497 2822 3572 ἐκπέμπω,
2869 3498 3093 3573 ἀμαθεῖς
3140 3502 3229 3556 καὶ
3277 3501 3572 3573 νηπιώδεις
3609 3505 3739 3568 τοὺς
3788 3527 3885 3579 προ

508 3600 716 3654 passus
748 3584 974 3653 fuisset,
1006 3599 1269 3639 reversus
1300 3588 1405 3639 est.
1431 3582 1548 3655 Ego
1578 3588 1767 3638 autem
1802 3598 1921 3638 rem
1954 3583 2136 3638 adhuc

2259 3588 2417 3642 αὐτοῦ
2480 3588 2817 3665 πεμφθέντας
2866 3587 3265 3660 ἀποκαλοῦντα,
3320 3593 3410 3647 καὶ
3459 3591 3613 3649 οὐδὲν
3668 3593 3887 3651 ἐπίκλο-

503 3671 701 3727 volens
758 3672 943 3745 magis
976 3674 1329 3740 examinare,
1363 3674 1564 3728 emitto
1595 3672 1786 3742 ipsum
1819 3672 2131 3745 principem

2262 3698 2351 3731 πον
2408 3677 2477 3747 53,
2538 3675 2666 3732 οὐδὲ
2692 3680 2943 3755 τεχνικὸν
2997 3680 3131 3753 πρὸς
3191 3685 3396 3757 φρενῶν
3458 3682 3666 3752 ἀπάτην
3722 3691 3890 3740 ποιεῖν

506 3759 948 3828 άωωουὶοιιυτη,
981 3760 1214 3831 ignaros
1245 3764 1301 3813 et
1332 3760 1657 3829 inexpertos
1688 3765 1987 3816 vocantem
2020 3778 2134 3832 eos,

2262 3762 2596 3838 δυναμένους,
2638 3768 2737 3838 ἒμὲ
2786 3765 2843 3821 δὲ
2896 3773 3151 3843 χρηστῶν
3201 3768 3438 3825 ἐλπίδων
3495 3769 3767 3845 ἐπλήρου,
3807 3774 3890 3828 καὶ

498 3848 597 3917 qui
639 3846 800 3918 prius
833 3846 997 3903 missi
1031 3848 1281 3914 fuerant,
1315 3851 1371 3900 et
1400 3846 1493 3917 qui
1539 3846 1717 3901 nullis
1751 3847 2000 3915 insidiis,
2036 3866 2126 3904 nec

2262 3854 2310 3907 τὸ
2348 3855 2448 3922 τήν
2482 3855 2742 3927 παρθένον
2776 3852 2939 3927 ἑλεῖν,
2981 3856 3069 3910 καὶ
3111 3857 3156 3929 ᾦ
3190 3857 3464 3932 βούλομαι
3505 3862 3695 3915 θᾶττον
3730 3861 3890 3931 αὐτὴν

499 3936 617 3992 ulla
658 3944 778 3993 arte
821 3938 897 3993 uti
933 3937 1142 3993 scirent
1174 3941 1241 3991 ad
1286 3942 1538 3992 mentem
1569 3937 1966 4009 decipiendam
2001 3956 2013 3993 :
2051 3956 2127 3997 me

2261 3949 2545 4011 ιαταπειθῆ
2587 3944 2633 3979 ⁵⁸
2664 3941 2850 4013 δεῖξαι,
2898 3944 3039 4007 τίνος
3091 3945 3187 4000 οὐκ
3241 3941 3422 4024 ἔλεγεν
3471 3948 3889 4025 εύχερέστερονς

504 4034 696 4082 autem
730 4027 878 4083 bona
908 4044 1008 4097 spe
1042 4028 1343 4098 implebat,
1380 4027 1533 4098 quod
1566 4034 1622 4082 et
1653 4026 1931 4099 virginem
1955 4045 2132 4101 expu-

2260 4030 2399 4086 Επεὶ
2433 4028 2489 4086 δὲ
2536 4030 2623 4086 καὶ
2668 4032 2824 4093 αὐτὸς
2873 4030 3205 4108 προσέϐαλεν
3254 4036 3526 4105 ἀπελθὼν,
3558 4039 3611 4093 τί
3644 4039 3741 4111 μὲν
3794 4042 3888 4095 οὐκ

497 4122 718 4187 gnaret,
754 4125 806 4173 et
837 4133 987 4183 eam,
1012 4118 1098 4172 cui
1133 4118 1360 4186 vellem,
1394 4116 1653 4187 quolibel
1680 4117 1906 4173 facilius
1937 4120 2125 4176 redde-

2256 4114 2431 4189 ἕλεξες
2463 4120 2516 4174 τί
2566 4117 2622 4174 δέ
2663 4117 2761 4175 οὒκ
2806 4118 2997 4195 ἓδρασε
3054 4128 3159 4177 τῶν
3203 4121 3488 4199 ἐπάγεσθαι
3539 4122 3884 4199 δυναμένωνς

495 4211 577 4261 ret
609 4207 975 4277 morigeram.
1009 4207 1325 4279 Postquam
1358 4213 1547 4262 autern
1584 4208 1705 4279 ipse
1735 4224 1966 4280 quoque
2010 4226 2123 4265 eam

2252 4214 2402 4264 ποῖον
2437 4205 2494 4264 δέ
2521 4210 2730 4280 ἀπάτης
2791 4208 3031 4265 ἐνέλιπεν
3084 4213 3131 4247 ⁵⁵
3180 4210 3360 4281 εἶδος;
3420 4216 3665 4271 ’Άπαντα
3717 4216 3880 4287 ἐκείνη

495 4302 581 4349 est
613 4311 936 4366 aggressus,
974 4296 1110 4368 quid
1139 4297 1374 4367 quidem
1426 4313 1539 4351 non
1572 4298 1735 4364 dixit,
1770 4299 1907 4368 quid
1943 4304 2123 4354 autem

2252 4296 2449 4370 μάταια
2488 4298 2683 4373 ἤλεγξε
2729 4299 2818 4353 καὶ
2870 4300 3053 4374 σαθρά,
3115 4301 3210 4355 Καὶ
3258 4300 3440 4372 τέλος,
3484 4302 3641 4358 αὐτὸν
3687 4304 3880 4359 ἐκεῖνον

498 4399 615 4438 non
653 4383 777 4439 fecit
812 4401 879 4439 ex
912 4382 983 4437 iis
1016 4400 1145 4453 quae
1176 4388 1420 4453 possunt
1459 4384 1731 4438 inducere
1753 4385 1780 4439 ?
1810 4386 2126 4449 Quamnam

2250 4388 2335 4441 τὸν
2385 4388 2452 4442 τά
2512 4387 2718 4461 μεγάλα
2774 4394 3022 4467 φυσῶντα
3076 4389 3216 4444 οὕτω
3273 4393 3522 4447 ταπεινὸν
3582 4390 3745 4464 ἔδειξε
3797 4396 3878 4448 καί

494 4474 690 4525 autem
741 4471 939 4526 omisit
974 4472 1224 4541 speciem
1259 4470 1662 4541 deceptionis?
1716 4474 1846 4536 Quae
1897 4475 2122 4545 quidem

2246 4475 2475 4551 φυγάδα,
2533 4477 2609 4539 ὡς
2650 4474 2930 4547 ἐπιδήλως
2978 4477 3276 4555 ὁμολογεῖν
3324 4482 3422 4550 τὴν
3469 4485 3566 4536 τοῦ
3619 4481 3869 4556 ἐσταυρω-

495 4558 694 4615 omnia
722 4556 824 4614 illa
852 4558 1044 4629 arguit
1072 4574 1197 4615 esse
1227 4558 1424 4614 inania
1454 4563 1510 4614 et
1543 4558 1837 4615 imbecilla
1864 4577 1877 4615 :
1912 4566 1969 4617 et
2000 4567 2123 4619 tan-

2247 4566 2404 4637 μένου
2448 4562 2673 4639 δύναμιν
2709 4565 2927 4642 ἂμαχον
2961 4567 3116 4638 εἶναι,
3166 4569 3257 4624 καὶ
3307 4570 3395 4624 ὑπ’
3436 4571 3641 4643 ἐκείνης
3692 4571 3872 4631 αὐτοὺς

491 4647 626 4704 dem
676 4646 841 4703 illum
875 4647 1087 4719 ipsum,
1115 4647 1283 4718 cujus
1313 4652 1480 4703 erant
1519 4652 1634 4703 tam
1668 4650 1931 4720 ingentes
1961 4651 2119 4722 spiri-

2242 4660 2513 4729 κραταιῶς
2540 4653 2877 4720 ἐλαύνεσθαι.
2911 4658 3051 4733 Πρὸς
3077 4663 3268 4729 ταῦτα,
3298 4662 3349 4713 τί
3406 4682 3473 4733 με
3520 4656 3630 4716 ἔδει
3664 4664 3859 4728 ποιεῖνς

495 4742 610 4803 tus,
634 4737 775 4792 adeo
806 4735 1080 4792 humilem
1115 4736 1368 4792 reddidit
1396 4740 1453 4793 et
1483 4736 1808 4807 fugitivum,
1843 4743 1904 4794 ut
1932 4745 2123 4811 aperte

2242 4742 2355 4798 είπέ
2419 4745 2554 4818 πρὸς
2596 4751 2694 4814 τῆς
2742 4744 3003 4816 ἀληθείας
3052 4746 3217 4817 αὐτῆς
3289 4751 3354 4818 ³⁸,
3417 4750 3444 4803 ὁ
3499 4747 3747 4820 δικάζων·
3802 4748 3870 4810 είς

494 4825 774 4913 fateretur
802 4825 1074 4884 Cruciﬁxi
1115 4825 1261 4881 vires
1292 4842 1420 4881 esse
1449 4826 1943 4900 inexpugnabiles,
1975 4835 2032 4886 et
2058 4832 2122 4886 ah

2245 4837 2362 4887 νοῦν
2407 4831 2701 4907 βάλλεσθαι
2757 4835 2818 4889 τὸ
2874 4841 3118 4912 πρᾶγμα.
3177 4838 3266 4892 καί
3315 4838 3515 4913 κρίνειν
3582 4840 3873 4908 ἐπισκοπῆς

494 4912 620 5002 ipsa
649 4914 784 4970 illos
819 4914 1039 4971 fortiter
1069 4914 1297 4986 expelli.
1330 4915 1415 4969 Ad
1440 4915 1561 4971 haec
1585 4915 1724 4987 quid
1759 4931 1849 4971 me
1872 4929 2122 4990 opporte-

2248 4920 2405 4991 ίίξιον,
2434 4922 2518 4986 τίς
2549 4924 2582 4991 ἡ
2616 4920 3000 4998 θρυλλουμένη
3035 4926 3168 4997 αὕτη
3216 4932 3314 4981 τοῦ
3361 4929 3590 5002 Χριστοῦ
3636 4926 3876 5001 δύναμις,

497 4999 596 5055 bat
628 5002 832 5069 facere,
855 5003 949 5060 dic
979 5018 1082 5075 per
1110 5001 1295 5074 ipsam
1318 5004 1637 5071 veritatem,
1678 5021 1711 5061 o
1735 5005 1931 5075 judex.
1967 5008 2125 5063 Rem-

2251 5011 2273 5081 ἦ
2336 5010 2425 5064 καὶ
2485 5008 2738 5085 δαίμονες
2795 5010 3095 5093 κατάφοόοι
3159 5013 3425 5091 γίνονται,
3475 5018 3563 5073 καὶ
3633 4999 3786 5091 μόνω
3840 5018 3879 5054 ⁸⁷

498 5103 571 5143 ne
605 5096 796 5145 ments
820 5092 1039 5163 agitare
1068 5095 1125 5147 et
1144 5092 1410 5162 judicare
1442 5093 1699 5164 dignam,
1722 5110 1849 5165 qua:
1871 5098 2126 5154 conside-

2250 5102 2313 5170 τῷ
2361 5100 2568 5177 φεύγειν
2619 5102 2904 5171 σώζονται·
2940 5102 3179 5172 οὕτως
3227 5104 3450 5183 ἀλόγως
3499 5103 3721 5171 ἕπεσθαι
3768 5111 3878 5163 τοῖς

491 5186 671 5271 retur,
710 5194 977 5249 quanam
1010 5182 1087 5237 sit
1123 5183 1253 5254 ipsa
1288 5182 1501 5239 Christi
1548 5183 1752 5250 virtus,
1793 5201 1916 5255 quas
1955 5189 2119 5259 vulgo

2254 5185 2696 5262 ταραδεδομένοις
2748 5194 2838 5246 οἷα
2881 5196 2986 5247 τῶν
3048 5192 3210 5268 ῥινῶν
3278 5182 3618 5267 ἑλκόμενονς
3679 5198 3882 5271 Ἔγωγε

482 5267 769 5338 jactatur,
814 5285 927 5339 quo
958 5270 1065 5342 ipsi
1114 5288 1342 5344 quoque
1391 5280 1675 5330 terrentur
1730 5274 2039 5344 daemones,
2075 5292 2103 5333 e

2252 5274 2328 5330 >ῦν
2371 5279 2609 5347 ζητήσας
2658 5276 2832 5354 εὗρον,
2891 5280 2977 5335 καὶ
3029 5279 3277 5354 κρούοντι
3332 5281 3627 5359 διηνοίχθη
3683 5305 3777 5357 μοι
3816 5267 3880 5353 δέ,

564 5499 609 5533 ⁸⁸
642 5503 859 5589 μαθεῖν,
881 5502 941 5557 Β.
978 5573 1011 5589 n
1058 5503 1264 5589 “aldi.
1298 5506 1355 5573 ἡ,
1388 5507 1450 5589 Β..
1554 5507 1903 5589 ⁴⁶“ᾶθςει,“0.
2058 5510 2298 5589 πρῴτρυ,
2351 5513 2410 5568 Β.
2441 5584 2474 5589 _
2523 5513 2572 5547 ‘3
2607 5510 2950 5589 ἐνειδομένη,
3003 5518 3065 5573 Β.
3168 5519 3213 5554 ⁴⁹
3258 5516 3423 5586 ἄκων,
3476 5521 3534 5576 Β.
3641 5518 3688 5556 ⁸ο
3719 5518 3878 5575 είπὼν

489 5570 932 5672 ἕὶυλξὶιαυτιὴνό
976 5573 1077 5672 B.“
1110 5570 1898 5672 :f-Eatttjovisiv,53319113;
1972 5580 2039 5672 δί.
2068 5578 2390 5672 ἐπίκολπονι,
2439 5584 2509 5672 Ba:
2568 5586 2651 5672 ﬂ“
2696 5570 3027 5655 κατάπείθεῖ,
3078 5591 3142 5645 Α.
3206 5620 3274 5633 -
3328 5570 3655 5663 καέᾶπειθῆ,
3704 5596 3763 5651 C.
3819 5591 3879 5649 F.

569 5637 865 5711 ἐνέλειπενέ
892 5644 955 5698 B-
1033 5642 1077 5677 ⁵⁸
1108 5637 1387 5712 αὐτῆς,’Β.
1427 5649 1484 5703 F-
1521 5637 1606 5681 ’⁵⁷
1640 5648 1823 5719 μονόν,
1860 5656 1918 5704 B.
1998 5652 2039 5685 ις·
2070 5651 2204 5704 κατά
2239 5637 2531 5723 Mat—.633
2567 5657 2626 5725 ξ.
