4124 6270
279 311 398 373 873

1356 309 1543 374 νιΤΑ
1587 307 1648 374 S.
1695 309 2060 374 CYPRIANI
2105 305 2598 370 ANTIOCHENI.

3555 309 3673 370 874

279 469 369 526 καὶ
411 464 875 570 φωτὸςὶγνώσεως
925 464 1334 540 ἰπιλάμψαντός
1387 488 1496 541 μου
1544 473 1613 544 τῇ
1653 468 1847 545 καρδίᾳ
1883 472 1930 508 ιθ

2044 471 2166 529 sola
2206 471 2340 545 fuga
2369 475 2710 531 servantur:
2745 487 2818 528 an
2865 469 2950 528 sic
2997 470 3142 526 citra
3181 469 3463 526 rationem
3509 470 3675 542 sequi

281 559 528 633 καθαρῶς
586 552 753 631 ἔγνων
822 552 907 609 εφι
965 553 1031 610 τὰ
1093 557 1188 627 μὲν
1236 554 1440 612 ε’ίδωλα
1487 559 1640 612 -αυοὶ
1696 560 1754 595 ’⁸
1921 561 1934 580 ⁹

865 593 879 608 .
1122 602 1129 609 .
1499 595 1514 614 .
1599 595 1613 612 ι
1708 581 1763 615 ,α
1809 581 1915 635 παρ

285 649 437 722 ὑμῶν
486 642 768 719 σεϐόμενα,
827 645 1005 716 ἀπάτη
1069 647 1232 718 μόνον
1289 648 1390 703 εἰσὶ
1441 651 1528 704 καὶ
1590 647 1809 722 ψεῦδος,
1849 650 1933 706 ἐπ’

282 739 508 810 ὀνόματι
539 739 674 792 Θεοῦ
730 735 1196 809 προσκυνούμεναο
1247 738 1327 800 εἷς
1378 734 1435 792 δὲ
1482 737 1698 808 ἀληθής
1724 742 1771 777 ⁸ο
1800 741 1928 803 Θεὸς

281 830 310 884 6
367 827 620 902 Χριστὸς,
677 825 805 890 τοὺς
865 825 940 890 είς
997 826 1154 882 αὐτον
1217 827 1566 892 πιστεύοντας
1639 827 1928 905 δυνάμενος

280 918 494 986 σώζειν.

2043 577 2110 618 ea
2140 579 2265 632 quas
2299 565 2441 618 sunt
2487 561 2723 629 tradita,
2756 558 2992 631 perinde
3031 574 3095 614 ac
3135 558 3182 614 si
3217 557 3476 614 traherer
3513 559 3678 614 nari-

2042 652 2148 708 bus
2174 653 2202 708 ?
2234 653 2346 724 Ego
2387 654 2582 725 itaque
2613 667 2745 706 cum
2796 649 3158 722 quassiissem
3202 648 3415 716 inveni,
3447 654 3504 703 et
3544 649 3677 718 pul-

2038 744 2188 797 santi
2238 743 2381 797 mihi
2413 741 2524 796 fuit
2572 744 2857 812 apertum.
2901 738 2968 792 Et
3014 753 3146 792 cum
3187 737 3286 792 lux
3327 737 3679 807 cognitionis

2038 847 2165 886 meo
2199 831 2354 886 cordi
2395 830 2701 896 illuxisset,
2736 843 2876 898 pure
2905 825 3168 897 cogn0vi,
3203 825 3358 897 quod
3399 825 3520 880 hare
3548 825 3676 894 qui-

2035 922 2170 977 dem
2200 919 2537 988 simulacra,
2561 935 2690 990 quae
2727 934 2761 972 a
2800 916 2962 972 vobis
2991 915 3285 980 coluntur,
3314 919 3454 970 sunt
3487 915 3680 971 solum

287 1009 549 1082 deceptio
602 1015 656 1066 et
705 1009 1097 1078 mendacium,
1135 1026 1259 1082 quae
1320 1012 1425 1068 sub
1473 1012 1571 1068 Dei
1616 1013 1852 1071 nomine
1901 1014 2238 1070 adorantur.
2274 1012 2435 1070 Unus
2484 1016 2681 1068 autem
2733 1025 2899 1067 verus
2945 1008 3099 1065 Deus
3127 1015 3214 1064 est
3260 1005 3540 1073 Christus,
3573 1006 3677 1078 qui

281 1106 477 1173 potest
507 1115 740 1156 servare
766 1115 891 1168 eos,
915 1100 1015 1172 qui
1046 1102 1101 1156 in
1138 1101 1331 1174 ipsum
1363 1103 1627 1159 credunt.

353 1189 474 1246 KF'.
507 1186 738 1250 Τούτοις
770 1187 798 1242 6
830 1186 1011 1260 κόμης
1043 1187 1120 1252 είς
1171 1189 1338 1266 ὀργήν
1371 1190 1631 1260 κινηθεὶς,
1667 1192 1743 1263 μὴ
1789 1188 1935 1266 ἔχων

281 1278 311 1332 ’ὀ
339 1299 393 1333 τι
421 1278 554 1334 ποτε
583 1278 719 1352 πρὸς
768 1277 1026 1348 τοιαύτην
1075 1277 1254 1354 λόγων
1306 1279 1464 1354 ἰσχὺν
1506 1279 1932 1358 ἀντιφθέγξαιτο,

279 1366 342 1422 τὸ
373 1367 668 1442 πρόχειρον
711 1365 906 1437 ἐποίει,
955 1367 1042 1422 καὶ
1091 1373 1212 1429 τοῖς
1266 1366 1406 1443 ὀργῇ
1455 1371 1750 1438 κινηθεῖσιν
1803 1369 1935 1425 ἀκό-

284 1452 507 1518 λουοον⁶
548 1455 639 1510 καὶ
699 1457 744 1492 ⁸⁸
787 1455 878 1510 τὸν
938 1456 1087 1530 ἅγιον
1148 1457 1242 1530 μὲν
1302 1455 1518 1513 ἐκέλευε
1571 1459 1934 1531 κρεμασθέντα

286 1541 515 1614 ξέεσθαιο
565 1543 855 1601 Ἰουστίναν
917 1541 976 1600 δὲ
1025 1545 1160 1600 κατὰ
1214 1547 1277 1601 τὸ
1329 1547 1621 1620 πρόσωπον
1678 1547 1932 1610 καὶτοὺς

285 1630 608 1710 ὀφθαλμοὺς
671 1632 978 1703 τύπτεσθαι,
1036 1634 1134 1689 κᾶν
1179 1633 1355 1705 ἐκείνη
1415 1635 1462 1672 ⁸³
1519 1634 1644 1696 τοὺς
1703 1638 1933 1711 βασανι-

2117 1191 2320 1248 XXIII.
2370 1190 2473 1247 His
2529 1206 2726 1246 comes
2788 1189 2862 1245 ad
2927 1188 3071 1244 iram
3131 1192 3344 1256 motus,
3382 1203 3516 1243 cum
3565 1203 3678 1244 non

2045 1283 2285 1340 haberet
2322 1283 2463 1354 quid
2513 1281 2729 1338 talibus
2777 1280 3003 1336 dicendi
3035 1279 3254 1334 viribus
3285 1280 3678 1350 responderet,

2045 1373 2182 1428 facit
2209 1373 2288 1440 id,
2321 1371 2471 1444 quod
2504 1377 2626 1426 erat
2669 1371 2729 1426 in
2762 1375 3056 1439 promptu,
3079 1371 3136 1422 et
3165 1370 3321 1438 quod
3355 1373 3445 1423 est
3473 1382 3678 1422 conse-

2043 1475 2228 1532 quens
2259 1460 2330 1514 iis
2363 1458 2459 1530 qui
2492 1458 2707 1513 fuerint
2737 1457 2890 1512 irati.
2915 1458 3194 1512 Sanctum
3226 1456 3461 1527 quidem
3500 1455 3685 1524 jussit

2040 1563 2390 1619 suspensum
2423 1545 2674 1617 discerpi
2710 1562 2724 1602 :
2757 1545 3008 1601 Justinus
3037 1549 3233 1600 autem
3284 1559 3349 1600 os
3387 1543 3683 1599 verberari

2038 1644 2098 1692 et
2126 1635 2347 1704 oculos,
2377 1636 2489 1692 etsi
2520 1635 2622 1691 illa
2651 1651 2766 1690 non
2794 1639 2913 1690 tam
2947 1633 3240 1688 videretur
3269 1631 3407 1686 caedi
3438 1649 3470 1686 a
3499 1635 3686 1688 torto-

281 1721 408 1783 στὰς
457 1720 556 1776 οὐκ
601 1720 827 1790 αἱκίζειν
880 1719 1057 1777 ἐδόκει
1113 1721 1326 1795 μᾶλλον
1360 1723 1394 1793 ἢ
1429 1724 1566 1798 πρὸς
1614 1728 1748 1780 Θεοῦ
1781 1721 1931 1796 δοξο.

2046 1726 2225 1794 ribus,
2258 1741 2432 1796 quam
2455 1723 2882 1796 quodammodo
2915 1720 3254 1777 meminisse
3281 1721 3379 1776 Dei
3403 1719 3686 1790 gloriﬁcao

285 1808 478 1886 λογίαν
551 1807 732 1885 ὥσπερ
801 1811 1237 1884 ὑπομιμνήσκειν
1305 1813 1373 1869 ⁸³.
1439 1813 1742 1886 τυπιομένη
1827 1814 1932 1889 γὰρ

285 1899 427 1954 οὕτω
482 1901 848 1976 γεγωνότερον
907 1895 1180 1974 ἱξεϐόησε·
1240 1903 1375 1972 Δόξα
1431 1923 1542 1972 σοι,
1609 1903 1636 1958 6
1694 1903 1847 1975 Θεὸς,
1903 1905 1930 1959 6

285 1987 496 2061 ἀναξίαν
549 2009 615 2061 με
672 1989 836 2045 οὖσαν
896 1989 1334 2064 οἰκειωσάμενος,
1383 1992 1472 2046 καὶ
1515 1992 1646 2066 ὑπὲρ
1693 1996 1789 2047 τοῦ
1837 1996 1932 2047 σοῦ

284 2082 474 2138 παθεῖν
516 2097 581 2150 με
610 2078 947 2148 καταξιώσας
977 2079 1266 2153 ὀνόματος.
1303 2081 1403 2136 Καὶ
1457 2079 1599 2136 οὕτω
1645 2081 1934 2156 πάσχουσα

285 2162 636 2242 διεκαρτέρει,
705 2167 779 2229 ὡς
832 2166 1000 2234 αὐτὴν
1054 2165 1224 2242 μηδὲν
1271 2171 1320 2206 ⁸⁸
1363 2169 1592 2244 ἀγεννὲς,
1649 2170 1685 2238 ἤ
1732 2173 1800 2243 τῇ
1833 2181 1935 2239 θη-

284 2253 407 2326 λείᾳ
460 2256 612 2332 φύσει
679 2256 769 2310 καὶ
827 2257 1040 2320 ἀσθενεῖ
1121 2255 1476 2327 κατάλληλον
1548 2255 1931 2328 ἐπιδείξασθαι·

277 2342 406 2404 τοὺς
446 2342 747 2404 τύπτοντας
805 2340 862 2398 δὲ
919 2338 1286 2412 ἀτονήσαντᾰς
1341 2351 1442 2414 τῆς
1502 2347 1738 2419 βασάνου
1784 2345 1931 2399 παύ-

279 2433 492 2490 σασθαι.
560 2432 871 2505 Κυπριανὸς
926 2429 985 2486 δὲ
1045 2433 1073 2486 6
1125 2438 1269 2496 θεῖος
1345 2433 1602 2506 ξεόμενος
1650 2433 1698 2468 ⁸⁵
1763 2433 1932 2502 αὐτῆς

283 2519 418 2575 κατά
447 2521 762 2595 πρόσωπον,
795 2520 970 2584 οὕτως
996 2521 1063 2590 ἧν
1106 2519 1479 2584 ἀταπείνωτός
1525 2541 1585 2576 τε
1616 2522 1704 2576 καὶ
1759 2541 1928 2598 μεγα-

282 2610 529 2686 λόφρων,
586 2612 676 2666 καὶ
731 2611 987 2673 τοιαύτας
1043 2608 1336 2685 ἀνδρώδεις
1387 2612 1434 2649 ⁸⁸
1495 2611 1585 2666 καὶ
1668 2611 1932 2685 μακαρίας

283 2698 436 2775 ἠφίει
485 2699 689 2778 φωνᾶς,
757 2699 830 2760 ὡς
895 2699 1022 2760 τοὺς
1082 2703 1445 2773 περιεστῶτας
1510 2700 1804 2761 ἀκούοντας
1856 2699 1930 2760 εἷς

285 2787 470 2842 ἑαυτὸν
521 2786 866 2854 ἐπισπᾶσθαι,
923 2787 1143 2841 καὶτοῦ
1194 2791 1296 2850 τῆς
1337 2785 1585 2847 ἀπιστίας
1635 2789 1678 2823 ⁸⁷
1732 2788 1930 2860 βάθους

286 2869 708 2946 ἀναλαμϐάνειν
768 2873 921 2947 ἔλεγε
969 2874 1072 2949 γὰρ
1101 2874 1235 2948 πρὸς
1265 2874 1356 2928 τὸν
1403 2873 1643 2944 κόμητα,
1690 2868 1929 2927 ἀποϐλε-

287 2966 392 3034 ψας
426 2960 573 3034 μάλα
601 2967 844 3034 γενναῖον
871 2962 961 3016 καὶ
1008 2961 1217 3034 πλῆρες
1264 2963 1613 3039 φρονήματος
1662 2962 1930 3036 εὐγενοῦς·

289 3053 404 3107 Ἵνα
451 3049 504 3108 τί
555 3051 728 3114 οὐτως
774 3050 1156 3122 ἀπιινενόησαι,
1206 3049 1384 3122 ἀνάξιε
1433 3047 1648 3120 δηλαδή
1681 3057 1780 3120 τῆς
1825 3054 1934 3105 τῶν

289 3141 530 3216 οὐρανῶν
568 3140 866 3214 βασιλείας.
903 3141 1033 3214 ὑπὲρ
1062 3143 1129 3209 ἧς
1177 3139 1281 3215 ἐγω
1331 3140 1504 3195 πάντα
1546 3141 1730 3195 παθεῖν
1782 3138 1932 3195 εἱλό-

290 3252 419 3304 μην,
479 3230 554 3292 ὡς
595 3228 687 3285 καὶ
726 3228 879 3284 αὐτοὶ
940 3230 1204 3304 μάρτυρες
1263 3229 1315 3284 οἱ
1359 3229 1443 3283 σοὶ
1506 3230 1583 3302 μὴ
1643 3226 1933 3303 βλέποντες

288 3321 607 3394 ὀφθαλμοίς
643 3319 704 3374 οὐ
735 3320 1023 3389 συνήσειςς
1056 3317 1156 3374 οὐκ
1185 3313 1547 3392 ἀναϐλέψειςς
1599 3316 1702 3373 οὐκ
1731 3316 1848 3393 εἴσῃ
1877 3317 1934 3373 τί

283 3409 347 3464 τὸ
377 3413 492 3486 φῶς
532 3406 812 3479 ἀληθινόν,
843 3407 934 3463 καὶ
962 3409 1025 3463 τὸ
1073 3406 1263 3470 σκότος
1312 3403 1605 3462 ἀπολιπὼν
1636 3408 1772 3482 πρὸς
1802 3405 1931 3462 αὐτὸ

290 3499 740 3572 μεταπορευθησῃ
769 3516 783 3566 ;

357 3591 478 3642 KA.
543 3585 664 3642 Ἐπὶ
711 3585 925 3646 τούτοις
974 3585 1002 3640 6
1031 3585 1212 3657 κόμης
1260 3584 1397 3658 πρὸς
1443 3581 1664 3639 ἕκαστον
1709 3586 1816 3639 τῶν
1846 3582 1934 3639 λε-

287 3676 532 3750 γομενων
572 3669 934 3752 σφοδροτέραν
979 3672 1128 3744 αὐτῷ
1181 3672 1282 3740 τήν
1343 3669 1536 3742 ὀδύνην
1587 3669 1844 3733 ἐπιτιθείς
1884 3671 1934 3708 ⁸⁸

286 3762 386 3817 Καὶ
454 3760 500 3816 εί
565 3760 831 3824 ἀθανάτου
900 3759 1202 3834 βασιλείας,
1269 3754 1440 3834 ἔλεγε,
1516 3758 1776 3836 φαίνομαι
1843 3781 1928 3816 σοι

285 3849 540 3925 πρόξενος
569 3847 663 3918 ὤν,
694 3845 770 3904 ἔτι
813 3870 896 3904 σοι
923 3843 926 3845 λ
953 3847 1432 3906 πολλαπλασιάσω
1479 3849 1578 3918 τήν
1627 3849 1922 3925 τιμωρίαν,

284 3940 376 3996 καὶ
411 3939 600 4015 μισθόν
645 3961 738 4012 μοι
772 3941 983 4002 πάντως
1035 3937 1295 4016 ὀφλήσεις
1350 3945 1451 4008 τῆς
1489 3939 1794 4016 εὐεργεσίας
1837 3940 1929 3994 καὶ

283 4034 392 4085 τῶν
425 4028 692 4105 χαρίτων,
722 4029 794 4083 ὧν
847 4027 957 4101 ἐγώ
1009 4047 1095 4082 συι
1150 4027 1404 4102 πρόξενος
1457 4029 1699 4102 γίνομαι.
1747 4030 1930 4084 Ταῦτα

287 4117 452 4174 εἷ’πὼν
507 4118 598 4172 καὶ
655 4117 849 4191 μικρόν
908 4137 961 4172 τι
1018 4115 1150 4189 ξὲειν
1208 4117 1633 4190 πνραχωρήσας,
1675 4117 1788 4170 εἶτα
1830 4122 1932 4184 τῆς

284 4207 556 4282 τιμωρίας
598 4206 886 4272 ἐπαύσατο,
937 4206 1040 4260 οὐκ
1093 4205 1153 4261 ἐκ
1208 4203 1636 4282 φιλανθρωπίας,
1685 4201 1832 4257 ἀλλὰ
1877 4202 1928 4272 ἐξ

286 4295 539 4369 ἀπορίας,
571 4293 846 4371 ἀπογνοὺς
878 4291 1060 4366 ὥσπερ
1109 4292 1209 4359 τήν
1249 4295 1360 4345 τῶν
1408 4290 1574 4364 ἁγίων
1627 4290 1929 4362 μετάθεσιν.

289 4385 387 4439 Διά
418 4381 484 4452 δὴ
521 4387 708 4449 ταῦτα,
759 4380 849 4436 καὶ
907 4381 983 4441 εἷς
1023 4379 1260 4452 φρουρὰν
1317 4377 1411 4449 μὶν
1467 4398 1560 4432 τον
1607 4378 1928 4450 Κυπριανὸν,

2041 1813 2240 1870 tionis.
2271 1812 2418 1868 Nam
2459 1828 2592 1868 cum
2652 1811 2736 1866 sic
2765 1810 3188 1878 verberaretur,
3219 1807 3335 1863 alta
3379 1824 3516 1864 voce
3563 1805 3684 1863 cla-

2043 1902 2282 1958 mabat:
2337 1899 2532 1957 Gloria
2588 1898 2715 1966 tibi,
2773 1897 2950 1965 Deus,
2984 1897 3084 1970 qui
3144 1912 3258 1964 me,
3302 1912 3436 1952 cum
3494 1911 3684 1953 essem

2040 1989 2306 2063 indigna,
2354 1989 2457 2045 tibi
2519 1987 2705 2044 fecisti
2761 1987 3121 2051 familiarem,
3153 1989 3211 2041 et
3258 1985 3492 2055 dignam
3546 1999 3683 2040 cen-

2041 2083 2234 2149 suisti,
2267 2085 2332 2136 ut
2363 2097 2464 2153 pro
2497 2084 2600 2136 tuo
2630 2091 2860 2151 paterer
2904 2077 3159 2132 nomine.
3191 2076 3262 2132 Et
3309 2078 3394 2132 sic
3433 2075 3681 2145 patiens,

2043 2171 2188 2227 adeo
2217 2187 2279 2226 se
2301 2169 2523 2225 fortiter
2545 2169 2742 2240 gessit,
2767 2171 2831 2223 ut
2862 2166 3005 2222 nihil
3031 2166 3360 2222 ostenderet
3380 2166 3678 2237 ignavum,

2042 2265 2146 2316 aut
2171 2258 2442 2316 muliebri
2472 2262 2529 2313 et
2556 2255 2858 2312 imbecilla
2889 2260 3107 2311 naturai
3148 2256 3496 2310 conveniens
3531 2268 3544 2306 :
3579 2251 3682 2324 qui

2040 2353 2235 2405 autem
2283 2347 2685 2414 verberabant,
2744 2344 3152 2401 deficientibus
3208 2341 3293 2398 eis
3349 2341 3591 2401 viribus,
3647 2356 3682 2395 a

2041 2437 2352 2492 tormentis
2405 2439 2796 2491 cessaverunt.
2825 2434 3067 2489 Divinos
3096 2437 3290 2487 autem
3337 2430 3681 2500 Cyprianus,

2039 2541 2171 2581 cum
2216 2541 2279 2579 os
2303 2525 2432 2593 ejus
2490 2524 2825 2588 caederetur,
2866 2523 3036 2593 plane
3090 2525 3218 2576 erat
3249 2535 3459 2586 magno
3498 2525 3554 2573 et
3583 2533 3681 2573 ex-

2038 2613 2196 2671 celso
2226 2612 2444 2676 animo,
2477 2628 2580 2667 nec
2611 2609 2798 2680 frangi
2847 2617 2950 2665 aut
2990 2609 3157 2679 dejici
3193 2613 3431 2678 poterat,
3465 2606 3682 2661 viriles-

2039 2718 2155 2774 que
2185 2709 2242 2756 et
2275 2701 2476 2756 beatas
2505 2699 2650 2755 tales
2689 2698 2897 2754 edebat
2925 2713 3113 2762 voces,
3147 2704 3206 2750 ut
3247 2695 3550 2750 audientes
3581 2710 3681 2749 eos

2041 2790 2142 2858 qui
2189 2789 2715 2850 circumsistebant,
2749 2787 2816 2841 ad
2864 2801 2927 2841 se
2947 2785 3259 2840 attraheret
3289 2791 3346 2838 et
3391 2783 3464 2838 ab
3498 2784 3682 2837 incre-

2041 2875 2309 2931 dulitatis
2349 2877 2633 2947 profundo
2681 2875 2948 2945 eriperet.
2983 2873 3223 2929 Dicebat
3261 2871 3416 2926 eiiim
3457 2869 3678 2937 comiti,

2044 2978 2255 3027 magno
2286 2970 2341 3018 et
2370 2979 2651 3033 generoso
2681 2961 2895 3027 animo,
2926 2961 3266 3032 ingentique
3298 2959 3506 3030 spiritu
3546 2973 3679 3013 eum

2045 3050 2315 3106 intuens:
2350 3051 2462 3106 Cur
2507 3067 2570 3105 es
2601 3051 2743 3106 adeo
2773 3059 2973 3106 emotae
3004 3051 3238 3118 mentis,
3276 3047 3526 3117 indignis
3570 3044 3682 3102 sci-

2048 3094 2276 3106 ..η-ν..-
2301 3094 2315 3106 .
2353 3094 2452 3106 ν...
2509 3094 2569 3105 ν..
2601 3094 2742 3106 ..νυν
2775 3094 2973 3106 νων...
3005 3094 3238 3118 ...-....-,
3276 3094 3524 3117 _..-_-°.-..
3570 3094 3652 3102 η-

1965 3094 2180 3195 Clicet
2231 3154 2410 3210 regno
2485 3137 2760 3193 caelorum
2812 3155 2914 3208 pro
2970 3154 3086 3208 quo
3146 3152 3253 3207 ego
3303 3135 3502 3190 omnia
3560 3134 3676 3205 pati

2043 3229 2242 3294 statui,
2275 3233 2340 3282 ut
2370 3226 2456 3282 tui
2488 3241 2718 3298 quoque
2747 3229 2888 3280 sunt
2915 3230 3114 3290 testes,
3149 3223 3248 3294 qui
3299 3239 3413 3278 non
3463 3222 3677 3286 vident,

2042 3316 2192 3374 oculi
2224 3316 2252 3372 ‘t‘
2279 3316 2402 3371 Non
2439 3315 2741 3384 respicies,
2779 3329 2892 3368 non
2935 3328 3268 3384 cognosces,
3305 3327 3570 3383 quanam
3603 3313 3682 3367 sit

2041 3422 2176 3463 vera
2202 3405 2304 3462 lux
2337 3423 2350 3460 :
2393 3408 2447 3460 et
2471 3402 2690 3459 relictis
2721 3400 3002 3472 tenebris,
3041 3401 3112 3457 ad
3145 3401 3330 3472 ipsam
3363 3399 3682 3456 transibis?

2111 3585 2592 3655 XXIV..Pr0pter
2647 3583 2769 3640 haec
2826 3598 3021 3639 comes
3079 3581 3147 3638 ad
3224 3581 3680 3652 unumquodque

2039 3689 2240 3730 eorum
2290 3689 2420 3745 qua
2485 3671 2840 3738 dicebantur,
2887 3673 3206 3742 graviorem
3269 3669 3322 3727 ei
3371 3671 3682 3740 imponens

2037 3769 2292 3827 dolorem
2327 3785 2341 3825 :
2374 3769 2453 3836 Si,
2487 3768 2698 3839 inquit,
2725 3767 2827 3824 tibi
2861 3767 3055 3822 videor
3077 3767 3405 3822 immortale
3437 3781 3679 3836 regnum

2037 3858 2366 3926 conciliare,
2392 3857 2502 3913 tibi
2541 3857 2889 3929 supplicium
2931 3856 3122 3912 adhuc
3172 3854 3590 3926 multiplicabo.
3625 3859 3683 3909 et

2038 3949 2276 4004 omnino
2309 3946 2448 4002 mihi
2483 3947 2723 4002 habebis
2754 3945 3004 4017 gratiam
3055 3950 3288 4015 propter
3328 3943 3678 3998 beneficium

2037 4042 2096 4093 et
2123 4035 2430 4092 commoda
2458 4049 2706 4104 quorum
2737 4049 2843 4105 ego
2869 4049 2998 4088 sum
3024 4032 3128 4087 tibi
3160 4029 3515 4087 conciliator.
3547 4029 3677 4085 Ilec

2038 4139 2169 4178 cum
2199 4123 2464 4188 dixisset,
2495 4125 2552 4176 et
2581 4120 2768 4176 adhuc
2795 4119 3096 4191 paululum
3127 4135 3260 4174 eum
3280 4118 3420 4174 cedi
3441 4132 3676 4174 conces-

2039 4208 2232 4275 sisset,
2266 4208 2478 4263 deinde
2533 4207 2784 4263 cessavit
2831 4205 3109 4273 cruciare,
3135 4222 3250 4261 non
3301 4221 3369 4261 ex
3409 4204 3678 4260 humani.

2038 4302 2176 4362 tate,
2209 4297 2307 4353 sed
2367 4297 2522 4368 quod
2563 4298 2733 4368 inops
2780 4299 2934 4352 esset
2962 4293 3210 4361 consilii,
3244 4297 3306 4350 ut
3332 4293 3432 4365 qui
3476 4293 3670 4362 despe-

2037 4389 2226 4443 rasset
2270 4384 2392 4440 fieri
2442 4399 2626 4454 posse,
2658 4387 2745 4451 ut,
2788 4383 2969 4440 sancti
3022 4385 3399 4438 mutarentur.
3438 4381 3678 4451 Pr0pter

290 4471 579 4531 Ἰουστίναν
621 4470 680 4526 δὲ
735 4469 812 4532 είς
867 4469 930 4524 τὸ
977 4475 1078 4537 τῆς
1145 4466 1466 4542 Τερεντίνης
1530 4468 1578 4505 δ’
1636 4466 1928 4542 λεγόμενον

2044 4474 2164 4531 hinc
2221 4473 2278 4529 in
2328 4488 2614 4530 carcerem
2671 4471 2906 4544 quidem
2964 4471 3341 4546 Cyprianum,
3382 4469 3674 4527 Justinam

290 4561 702 4632 φροντιστήριον
730 4556 1048 4636 ἀπαχθῆναι
1095 4557 1438 4632 προστάττειο
1490 4553 1640 4619 αὖθις
1692 4553 1750 4613 δὲ
1799 4557 1933 4629 μετά

289 4647 487 4726 χρόνον
529 4647 594 4702 οὐ
644 4645 1023 4719 πολυήμερον,
1077 4644 1154 4706 εἰς
1195 4642 1426 4714 ἐξέτασιν
1469 4641 1717 4718 δευτέραν
1766 4665 1936 4718 παρα-

289 4735 624 4808 στησάμενος
681 4734 808 4791 τοὺς
867 4735 1075 4810 ἁγίους,
1152 4734 1435 4808 πραότητα
1484 4754 1542 4789 τε
1599 4733 1931 4808 ὑποκριθείςο

289 4828 385 4896 Μὴ
420 4823 708 4895 θελήσητε,
758 4819 882 4902 ἔφη,
934 4824 1202 4897 ἀνθρώπῳ
1241 4825 1288 4861 ⁷ο
1322 4828 1573 4888 τεθνεῶτι
1622 4822 1931 4893 ἀκολουθῆ-

290 4935 402 4984 σαι,
437 4910 577 4987 μηδὲ
618 4915 900 4969 πιστεῦσαι
944 4916 1025 4983 τῷ
1074 4911 1500 4984 τεθανατωμὲνῳ
1541 4911 1609 4967 τὰ
1645 4919 1745 4982 τῆς
1795 4913 1934 4985 ὁμε-

287 5000 446 5078 τέρας
497 5007 665 5072 ζωῆςο
723 5001 786 5056 οὐ
844 5001 948 5076 γάρ
1007 4997 1282 5069 ζωοδότης
1340 5001 1552 5061 πάντως
1609 5002 1637 5056 6
1687 4999 1830 5074 μηδὲ
1884 5005 1928 5043 τι

288 5094 465 5165 εαυτῷ
514 5090 762 5164 δυνηθεὶς
820 5089 1129 5168 ἐπαρκέσαι,
1188 5092 1276 5146 καὶ
1326 5091 1422 5160 τήν
1481 5089 1680 5147 οἰκείαν
1741 5095 1926 5170 ψυχὴν

289 5184 716 5258 περισώσασθαι.

361 5272 491 5331 KE'.
521 5273 636 5345 Τὴν
681 5269 985 5348 περαίνεσιν
1033 5269 1235 5341 ταύτην
1277 5268 1328 5326 oi
1360 5271 1502 5350 ἅγιοι
1549 5271 1627 5335 ὡς
1671 5275 1930 5348 περιττὴν

1015 5460 1062 5498 ⁸⁸
1092 5457 1398 5532 ἅληθεινὸς,
1446 5461 1510 5520 Β.

359 5462 410 5500 ⁸³
438 5462 537 5530 τὴν
569 5456 816 5537 καρδίαν,
848 5461 912 5519 Β.
1015 5460 1062 5498 ⁸⁸
1092 5457 1398 5532 ἅληθεινὸς,
1446 5461 1510 5520 Β.

381 5534 776 5606 ὑπομνήσκειν,
811 5535 871 5589 Β.
950 5532 1015 5606 _“
1041 5533 1178 5606 ad_d.
1222 5531 1439 5606 μξνηῌ.
1471 5533 1536 5590 C.
1566 5534 1608 5589 F

287 5533 340 5572 ⁸³
381 5534 484 5590 ὑπο
495 5533 776 5606 μνήσκειμν,
811 5535 871 5589 Β.

287 5606 496 5676 τηθεὶς,
529 5606 589 5661 Β.

609 5733 872 5796 Panos
921 5732 1026 5793 Gn.
1075 5731 1242 5793 CXV.

1621 5461 1669 5500 ⁸⁸
1729 5467 1916 5537 Qeest,
1965 5466 2031 5532 B,
2088 5471 2262 5537 recte,
2306 5473 2367 5522 ut
2415 5465 2554 5537 mihi
2585 5465 2837 5537 _quidem
2879 5464 3108 5537 videtur

1729 5535 1777 5608 ἥδ
1804 5535 2094 5608 ξεώμενος,
2126 5543 2190 5594 Β.

679 5601 729 5638 ι’
747 5601 1075 5679 Τερεντίνος,
1109 5603 1173 5662 Β.
1222 5601 1297 5639 ’⁷ο
1333 5603 1378 5658 ὧ
1408 5601 1704 5679 ἅνθρωποι,
1738 5601 1821 5662 Β(
1876 5601 1924 5642 τί
1959 5601 2152 5680 μήίΒ.

2038 4567 2229 4619 autem
2274 4562 2443 4633 jubet
2489 4561 2696 4618 adduci
2744 4561 2805 4618 in
2850 4559 3192 4627 Terentina,
3233 4559 3388 4632 quod
3439 4557 3674 4625 dicitur,

2039 4651 2482 4719 monasterium.
2553 4651 2780 4707 Rursus
2837 4655 3032 4706 autem
3089 4657 3220 4719 post
3277 4653 3507 4718 tempus
3557 4661 3674 4702 non

2040 4743 2357 4798 multorum
2387 4740 2638 4808 dierum,
2671 4756 2803 4796 cum
2836 4749 3067 4795 sanctos
3101 4738 3170 4793 ad
3204 4736 3512 4793 secundam
3539 4751 3672 4805 pro-

2038 4830 2300 4886 duxisset
2354 4828 2865 4894 examinationem,
2924 4826 3213 4884 simulans
3271 4824 3672 4880 mansuetudi-

2039 4935 2222 4977 nem:
2281 4919 2491 4987 Nolite,
2537 4919 2750 4991 inquit,
2799 4917 2964 4990 sequi
3013 4917 3303 4972 hominem
3353 4919 3672 4979 mortuum,

2039 5024 2232 5080 neque
2268 5013 2451 5066 morte
2492 5008 2696 5064 affecto
2744 5014 2995 5063 vestram
3029 5005 3202 5060 fidem
3249 5003 3502 5060 credere.
3545 5001 3670 5058 Non

2037 5104 2128 5156 est
2156 5099 2311 5154 enim
2343 5099 2581 5156 omnino
2626 5097 2756 5152 vitae
2787 5097 2976 5161 dator,
3008 5094 3104 5163 qui
3153 5109 3226 5149 ne
3272 5091 3382 5148 sibi
3431 5089 3669 5162 quidem

2037 5189 2229 5261 potuit
2258 5203 2427 5260 opem
2458 5187 2628 5254 ferre,
2659 5189 2716 5242 et
2743 5200 2914 5241 suam
2945 5198 3172 5240 servare
3203 5182 3480 5238 animam.

2107 5276 2278 5336 XXV.
2337 5276 2499 5334 Hanc
2561 5273 3018 5331 admonitionem
3078 5276 3417 5346 reputantes
3479 5269 3670 5328 sancti

3231 5461 3280 5499 ⁸³
3315 5458 3556 5528 κάαείνη,
3604 5461 3668 5519 Β.

3475 5532 3521 5568 ⁸⁸
3551 5530 3672 5586 ἐπι-

2303 5539 2346 5574 “
2376 5532 2710 5611 ἀνδριώδεις,
2743 5538 2803 5593 Β.
2905 5537 2950 5572 ⁸⁷
2983 5533 3280 5606 ἀπιστείας,
3311 5535 3376 5591 Β.

3275 5729 3352 5790 28
