4124 6270
473 410 592 477 875

1770 396 2047 459 MENSlS
2094 387 2578 454 SEPTEMBEll.

3782 363 3922 422 876

476 587 967 648 supervacaneam
1000 573 1056 626 et
1087 567 1351 634 stultam,
1384 564 1503 620 imo
1533 576 1667 618 vero
1699 557 2026 630 improbam
2057 558 2114 611 et

2250 549 2311 605 ,αὶ
2352 549 2629 612 ἀσύνετον,
2684 539 2896 616 μᾶλλον
2962 535 3022 591 δὲ
3085 537 3391 608 κακοῦργον
3448 529 3538 584 γαὶ
3602 520 3915 603 βλαϐερὰν

2410 637 2419 648 ι
2719 631 2731 648 ’
2866 629 2877 648 ι
3032 647 3038 648 κ
3107 625 3236 648 -Α,
3287 624 3377 648 ...λη
3433 621 3655 648 ..λη---
3706 615 3913 648 -7--."

476 646 730 732 noxiam,
763 663 846 718 sic
885 662 1158 716 dixerunt
1186 655 1382 714 comiti
1417 674 1429 707 :
1463 653 1609 717 Quid
1640 665 1772 706 vero
1806 652 1886 716 tu,
1921 646 2019 717 qui
2048 661 2109 701 es

470 760 593 811 tam
619 758 786 809 acuto
815 756 872 807 et
902 749 1105 806 subtili
1153 747 1387 818 ingenio
1417 745 1444 799 ?
1472 744 1598 799 Non
1646 738 1923 803 didicisti,
1957 734 2113 806 quod

474 844 691 913 absque
720 845 905 896 morte
927 855 1042 894 non
1073 835 1292 892 accedit
1311 829 1724 888 immortalitas
1751 828 1778 883 ?
1808 827 1921 882 Nec
1944 822 2117 880 intel-

477 930 667 987 lexisti
698 929 993 999 quodnam
1026 927 1101 981 sit
1134 922 1471 996 mysterium
1495 921 1642 990 ejus,
1676 917 1774 988 qui
1811 914 1947 970 vicit
1971 928 2121 968 mor-

424 1072 428 1076 .
479 1025 599 1076 tem
633 1025 812 1073 morte
843 1016 1022 1072 trium
1055 1014 1280 1069 dierum
1307 1012 1334 1066 ‘I
1364 1011 1471 1066 Sed
1503 1014 1562 1063 tu
1597 1024 1657 1062 es
1688 1021 1889 1061 revera
1931 1002 2123 1058 hebeti

481 1116 539 1166 et
570 1111 776 1167 obtuso
808 1107 1041 1179 ingenio
1090 1106 1244 1160 circa
1275 1119 1363 1158 res
1411 1115 1653 1171 magnas
1700 1102 1757 1153 et
1806 1096 2025 1151 utiles:
2068 1096 2125 1148 et

482 1200 610 1255 ideo
642 1198 845 1253 videns
878 1212 992 1250 non
1014 1193 1259 1259 videbis,
1285 1195 1339 1245 et
1372 1206 1503 1246 cum
1539 1188 1621 1242 sis
1658 1184 1963 1256 insipiens,
2007 1197 2122 1237 non

482 1287 794 1358 intelliges.
827 1285 1060 1354 Propter
1108 1282 1230 1336 haec
1278 1294 1473 1336 comes
1515 1292 1584 1332 ne
1637 1275 1966 1344 exspectato
1996 1270 2123 1341 qui-

484 1381 616 1434 dem
648 1378 763 1431 fine
793 1374 1097 1438 orationis,
1120 1371 1205 1426 ira
1232 1369 1426 1426 statim
1461 1367 1568 1422 fuit
1598 1364 1875 1436 percitus,
1907 1367 1963 1417 et
1990 1360 2127 1415 ﬁcta

485 1465 869 1523 mansuetudo
902 1462 1069 1518 facile
1099 1464 1185 1517 est
1213 1456 1519 1514 dissoluta.
1549 1454 1709 1511 Unde
1752 1452 1929 1508 etiam
1964 1465 2121 1504 mar-

490 1554 714 1625 tyribus
745 1568 975 1623 gravem
1008 1548 1228 1620 paravit
1268 1560 1519 1617 pmnam,
1554 1540 1907 1613 sartaginem
1958 1536 2126 1593 valde

491 1657 793 1698 accensam
819 1640 1036 1711 jubens
1066 1653 1164 1693 eos
1194 1636 1475 1706 excipere.

561 1820 766 1875 XXVI.
797 1819 942 1874 Cum
986 1815 1217 1871 divinus
1259 1829 1394 1885 ergo
1442 1811 1762 1884 Cyprianus
1796 1808 1957 1881 prius
1994 1805 2130 1862 forti

2226 637 2608 713 λογισάμενοι,
2674 615 2877 686 οὑτωσί
2924 647 3042 688 πως
3101 625 3237 696 πρὸς
3286 624 3377 676 τὸν
3433 621 3657 692 κόμητα
3706 615 3913 670 εἶπον·

2223 730 2286 788 Τί
2312 706 2395 799 δὲ,
2496 724 2673 785 πολὺς
2708 722 2770 776 σὺ
2800 721 2899 789 τὴν
2935 716 3174 773 διάνοιαν
3220 714 3312 768 καὶ
3361 711 3649 786 ἀγχίνους,
3687 706 3763 761 οὐ
3803 726 3914 779 με·

2230 794 2475 892 μάθηκας
2509 814 2592 869 ὅτι
2642 812 2868 866 θανάτου
2914 808 3091 882 χωρίς
3143 804 3241 859 οὐκ
3289 800 3588 875 ἐπιγίνεται
3635 798 3697 852 τὸ
3761 794 3911 857 ἀθί-

2225 928 2420 977 νατον;
2454 902 2578 959 οὐδὲ
2611 908 2846 969 συνῆκας
2894 897 2947 951 τί
2983 896 3045 949 τὸ
3098 893 3399 967 μυστήριον
3449 893 3548 944 τοῦ
3594 890 3675 957 τῷ
3721 904 3911 960 τριη-

2235 997 2380 1071 μέρῳ
2410 974 2629 1064 ⁷θανάτῳ
2678 987 3029 1057 νενικηκότος
3075 983 3166 1038 τὸν
3209 980 3432 1036 θάνατον
3484 978 3554 1044 72,
3607 975 3743 1031 ἀλλ’
3792 974 3913 1046 ἀμ-

2230 1082 2365 1145 ϐλὺς
2423 1084 2485 1137 σὺ
2532 1085 2610 1153 τῷ
2657 1079 2773 1135 ύντι
2815 1077 2903 1131 καὶ
2955 1072 3137 1148 παχὺς
3183 1071 3282 1140 τὴν
3343 1067 3579 1123 διάνοιαν
3639 1064 3775 1139 περὶ
3830 1064 3908 1117 τὰ

2234 1173 2442 1249 μεγάλα
2498 1191 2557 1226 τε
2603 1169 2692 1225 καὶ
2740 1166 2979 1241 χρηστὰ,
3036 1164 3126 1217 καὶ
3178 1159 3270 1215 διὰ
3321 1162 3483 1214 τοῦτο
3540 1154 3766 1231 βλέπων
3832 1153 3903 1207 οὐ
3992 1196 3999 1197 κ

2236 1244 2478 1339 βλέψεις,
2517 1259 2607 1315 καὶ
2658 1258 2915 1317 ἀσύνετος
2964 1251 3036 1309 ὤν
3088 1255 3132 1289 ⁷³
3180 1250 3243 1305 οὗ
3294 1250 3370 1323 μὴ
3430 1248 3700 1317 συνήσεις.
3768 1244 3904 1297 Ἐπὶ

2231 1355 2445 1415 τούτοις
2478 1354 2505 1407 ὁ
2536 1350 2737 1423 κόμης.
2773 1346 2900 1404 οὐδὲ
2929 1346 2989 1401 τὸ
3028 1349 3135 1399 τῶν
3170 1342 3347 1416 λόγων
3379 1337 3662 1413 ἀναμείνας
3701 1333 3905 1400 τέλος,

2232 1445 2368 1519 πρὸς
2410 1442 2575 1518 ὀργὴν
2626 1437 2822 1499 εὐθέως
2881 1435 3126 1509 ἐξήγετο,
3177 1431 3266 1486 καὶ
3314 1429 3378 1484 τὸ
3424 1433 3524 1497 τῆς
3570 1424 3904 1499 πραότητος

2233 1532 2611 1603 πεπλασμένον
2667 1529 2912 1602 εὐχερῶς
2972 1521 3234 1578 διελύετο·
3289 1519 3405 1573 ὅθεν
3463 1515 3757 1590 ηύτρέπιζε
3806 1510 3903 1566 καὶ

2235 1626 2351 1682 τοῖς
2384 1620 2612 1693 μάρτυσι
2643 1618 2837 1686 ποινὴν
2871 1611 3019 1686 μάλα
3050 1608 3251 1679 δεινὴν,
3280 1610 3517 1683 τήγανον
3548 1604 3595 1641 ⁷⁸
3625 1602 3836 1664 αὐτοὺς
3858 1602 3905 1637 ⁷⁸

2235 1709 2490 1770 κελεύσας
2524 1703 2728 1784 σφόδρα
2759 1702 3035 1758 διακαυθὶν
3066 1695 3441 1768 ὑποδέξασθαι.

2311 1801 2422 1861 Κς’.
2489 1800 2594 1853 Τοῦ
2655 1796 2800 1860 θείου
2858 1791 3036 1847 τοίνυν
3096 1790 3406 1862 Κυπριανοῦ
3436 1783 3691 1859 γενναίως
3748 1780 3904 1854 πρὸο

493 1914 551 1966 et
580 1923 858 1980 generoso
899 1906 1094 1960 animo
1136 1902 1479 1970 insiluisset,
1512 1916 1643 1956 eum
1693 1898 1890 1954 statim
1932 1902 2131 1952 secuta

2250 1910 2391 1965 τερον
2424 1883 2876 1956 εἰσπηδήσαντος,
2909 1880 3173 1935 Ίουστίνα
3207 1877 3321 1950 μετ’
3357 1875 3517 1930 αὐτὸν
3549 1872 3799 1947 ἀπήγετο
3833 1873 3901 1907 ⁷⁸·

2253 1976 2276 1981 ι.
2353 1980 2361 1981 κ
2448 1977 2457 1981 -
2508 1979 2523 1981 -
2553 1973 2601 1981 ,4-
2640 1978 2656 1981 -
2733 1974 2745 1981 .
2866 1973 2875 1981 ι
3063 1966 3087 1981 δ
3143 1966 3162 1981 \
3187 1966 3197 1981 1
3283 1967 3329 1981 η.
3387 1963 3408 1981 Ἷ
3507 1964 3531 1981 Δ
3565 1968 3587 1979 υ
3770 1960 3802 1981 υ
3852 1980 3855 1981 ,

494 2002 586 2053 est
629 1996 881 2052 Justina.
931 1994 1110 2056 Quam
1180 2007 1315 2047 cum
1358 1993 1572 2057 martyr
1627 1987 1868 2043 vidisset
1929 1985 2133 2039 timore

496 2088 845 2155 correptam,
874 2086 1157 2152 quantum
1192 2078 1402 2134 licebat
1431 2077 1717 2147 conjicere
1748 2091 1815 2129 ex
1862 2073 2135 2128 tarditate

494 2175 807 2242 ingressus,
841 2170 1032 2225 verbis
1064 2168 1114 2224 ei
1160 2168 1419 2222 animum
1451 2165 1718 2230 addebat,
1750 2167 1808 2218 et
1852 2161 2135 2217 memoria

496 2264 651 2317 recte
691 2260 998 2324 factorum,
1050 2256 1261 2327 quibus
1316 2254 1419 2309 illa
1459 2258 1516 2309 et
1554 2252 1771 2324 fugavit
1818 2252 2133 2318 daemones,

494 2354 553 2406 et
575 2364 699 2404 eam
732 2345 1015 2402 revocavit
1046 2346 1118 2400 ab
1150 2342 1575 2399 incredulitate.
1610 2340 1755 2396 Cum
1806 2338 1895 2393 his
1943 2337 2135 2394 verbis

496 2436 897 2491 confirmasset
926 2432 1238 2499 Justinam,
1272 2430 1481 2486 deinde
1512 2444 1717 2484 rursus
1756 2428 1939 2499 ﬁgura
1967 2441 2135 2483 vene-

495 2526 690 2581 rande
721 2522 931 2587 crucis,
962 2526 1240 2592 tanquam
1270 2520 1444 2575 armis
1476 2517 1711 2586 muniti,
1742 2515 1917 2571 veluti
1959 2530 2135 2586 super

495 2628 683 2668 rorem
714 2611 931 2667 sensim
965 2609 1430 2673 descendentem,
1455 2622 1632 2677 super
1665 2606 1799 2661 ferri
1828 2604 2132 2658 ﬂammam

497 2702 913 2756 recubuerunt.
946 2700 1070 2765 Quo
1103 2697 1338 2767 quidem
1364 2695 1544 2765 judex
1575 2697 1629 2749 et
1660 2693 1707 2748 si
1741 2692 1906 2747 valde
1934 2691 2136 2746 obstu-

500 2789 781 2859 pefactus,
816 2786 1140 2859 praestigias
1197 2789 1412 2848 tamen,
1468 2799 1581 2838 non
1638 2781 1960 2848 veritatem,
2011 2795 2137 2835 esse

500 2877 745 2948 putabat
789 2875 871 2941 id,
905 2873 1061 2944 quod
1098 2872 1289 2927 fiebat.
1327 2870 1490 2926 Unde
1539 2870 1711 2926 etiam
1766 2867 1892 2938 ejus
1945 2867 2141 2923 fovens

500 2964 812 3021 amentiam
863 2961 1101 3032 quidam
1161 2958 1537 3025 Athanasius,
1590 2973 1742 3012 unus
1808 2972 1876 3012 ex
1924 2956 1998 3011 iis
2040 2956 2141 3026 qui

500 3051 900 3114 considebant,
930 3054 987 3103 et
1012 3047 1111 3119 qui
1138 3051 1260 3102 erat
1289 3047 1339 3101 ei
1374 3046 1676 3102 familiaris
1710 3062 1723 3100 :
1759 3046 1892 3115 Ego,
1928 3045 2139 3115 inquit,

501 3142 715 3199 Christi
755 3141 927 3195 vestri
982 3157 1115 3194 mox
1166 3154 1407 3209 arguam
1454 3136 1932 3193 imbecillitatem.
1969 3135 2140 3201 Dixit,

2241 1960 2312 2048 ἤν
2350 1977 2464 2032 ἐπεὶ
2508 1973 2657 2049 [εἶδε]
2727 1974 2754 2028 ὁ
2808 1973 3009 2047 μάρτυς
3060 1966 3239 2038 δειλίᾳ
3283 1967 3329 2002 ’⁷⁷
3387 1963 3704 2039 ληφθεῖσαν,
3764 1960 3898 2014 ὅσον

2244 2068 2449 2123 εἰκάσαι
2485 2066 2603 2143 εἶχε
2630 2062 2709 2136 τῷ
2740 2060 2989 2138 σχολαίῳ
3036 2058 3127 2113 καὶ
3174 2058 3339 2110 νωθεῖ
3382 2058 3477 2109 τοῦ
3530 2050 3899 2129 βαδίσματος,

2245 2156 2437 2231 λόγοις
2468 2141 2638 2221 αὐτὴν
2689 2154 2733 2188 ’³⁸
2771 2144 3113 2222 ἀνελάμϐανε
3153 2147 3242 2200 καὶ
3303 2145 3490 2217 μνήμῃ
3535 2146 3642 2196 τῶν
3692 2141 3900 2214 προτέ-

2245 2265 2354 2318 ρων
2413 2242 2877 2316 κατορθωμάτων,
2938 2240 3019 2299 οἴς
3074 2235 3248 2304 ἒκείνη
3309 2231 3570 2306 δαίμονας
3628 2251 3689 2285 τε
3748 2229 3899 2299 ἐτρέ-

2245 2337 2402 2407 ψατο,
2434 2331 2524 2385 καὶ
2566 2330 2727 2385 αὐτὸν
2772 2335 2870 2397 τῆς
2916 2326 3164 2387 ἀπίστίας
3232 2323 3277 2360 ⁷9
3319 2320 3703 2376 ἀνεκαλέσατο.
3764 2322 3901 2377 Τοι-

2246 2423 2427 2483 ούτοις
2478 2418 2740 2494 θαρρύνας
2788 2419 2834 2453 ⁸ο
2874 2416 3110 2493 ῥήμασιν
3162 2412 3476 2479 Ἰουστίναν,
3522 2410 3640 2465 εἶτα
3687 2408 3780 2464 καὶ
3827 2409 3904 2471 ὡς

2248 2510 2405 2583 ὅπλῳ
2435 2508 2599 2564 πάλιν
2633 2513 2712 2581 τῷ
2740 2509 2893 2580 τύπῳ
2932 2510 3029 2561 τοῦ
3077 2503 3266 2576 τιμίου
3314 2504 3546 2576 σταυροῦ
3594 2500 3640 2536 δι
3693 2500 3897 2575 φραξά-

2252 2621 2423 2671 μενοι,
2487 2598 2724 2672 καθάπερ
2784 2596 2869 2651 ἐπί
2918 2614 3069 2657 τινος
3119 2590 3415 2659 κατιούσης
3460 2592 3643 2663 ἡσυχῆ
3703 2585 3895 2661 δρόσου

2247 2691 2345 2756 τῆς
2379 2690 2474 2742 τοῦ
2515 2683 2743 2760 σιδήρου
2787 2684 3114 2760 φλογώσεως
3162 2679 3528 2735 ἀνεκλίνοντο.
3576 2679 3748 2751 Ὅπερ
3796 2676 3896 2750 ἄρα

2248 2778 2337 2833 καὶ
2369 2778 2396 2831 ὁ
2440 2774 2670 2845 δικάζων
2722 2774 2826 2850 οὐχ
2874 2773 3070 2843 ἥκιστα
3124 2769 3435 2845 ἐκπλαγεὶς,
3492 2768 3750 2843 γοητείας
3801 2767 3896 2821 ούκ

2250 2866 2509 2937 ἀληθείας
2554 2866 2683 2919 εἶναι
2730 2865 2792 2918 τὸ
2842 2864 3124 2937 γινόμενον
3178 2853 3574 2929 ὑπελάμϐανεν·
3637 2854 3758 2920 ὅθεν
3807 2854 3893 2909 καὶ

2247 2957 2346 3025 τήν
2409 2953 2588 3008 ἄνοιαν
2657 2953 2821 3008 αὐτοῦ
2889 2950 3198 3027 θεραπεύων
3265 2945 3580 3011 Ἀθανάσιός
3648 2966 3753 3012 τις,
3819 2947 3893 3006 εἷς

2248 3047 2355 3098 τῶν
2388 3039 2841 3117 συνεδριαζόντων
2890 3039 3059 3112 αύτῷ,
3108 3037 3195 3093 καὶ
3246 3039 3486 3106 συνήθης
3535 3036 3581 3071 δ’
3614 3034 3891 3109 ὑπάρχων·

2252 3132 2418 3207 Ἐγὼ,
2452 3129 2698 3205 Enim-rb:
2740 3135 2837 3184 τοῦ
2886 3130 3123 3204 Χριστοῦ
3164 3127 3314 3200 ὑμῶν
3366 3123 3638 3189 ἀσθένειαν
3685 3123 3757 3181 ὡς
3804 3122 3893 3175 τά·

501 3236 558 3287 et
587 3230 762 3285 simul
794 3229 967 3283 etiam
1028 3242 1205 3282 ausus
1245 3230 1330 3281 est
1368 3224 1593 3296 ingredi
1647 3225 1946 3281 ardentem
1977 3224 2136 3280 ﬂam-

2254 3241 2418 3295 χιστα
2463 3218 2746 3292 διελέγξω.
2797 3219 2935 3275 Eine
2980 3216 3069 3272 καὶ
3121 3216 3234 3289 ἅμα
3291 3215 3609 3289 θρασύτερον
3653 3217 3744 3278 τῆς
3781 3215 3877 3264 τοῦ

503 3336 659 3376 mam
694 3317 1154 3390 ignis,invocato
1201 3316 1342 3371 Jove
1390 3318 1447 3369 et
1476 3313 1823 3385 Esculapio,
1872 3313 1972 3369 illo
2021 3314 2145 3383 qui-

504 3410 738 3473 dem,ut
770 3406 869 3477 qui
904 3406 979 3460 sit
1027 3405 1298 3476 princeps
1330 3403 1483 3473 ignis
1531 3402 1757 3457 aetherei
1800 3409 1853 3457 et
1889 3401 2139 3456 terreni:

504 3496 613 3551 hoc
680 3503 893 3558 autem,
954 3498 1016 3548 ut
1089 3493 1187 3564 qui
1260 3491 1693 3546 existimaretur
1748 3489 2146 3562 suppeditator

505 3583 731 3638 salutis.
762 3583 888 3637 Non
946 3583 1105 3652 prius
1163 3584 1357 3636 autem
1415 3580 1610 3651 ignem
1664 3579 1872 3649 attigit,
1906 3596 2082 3650 quam
2114 3596 2145 3635 e

503 3673 643 3740 vita,
677 3671 852 3727 etiam
886 3670 1096 3725 stultus
1127 3669 1391 3737 excessit,
1422 3669 1704 3737 protinus,
1739 3685 1880 3740 quos
1900 3670 2141 3737 vocavit,

506 3760 907 3817 defensoribus
931 3761 1174 3831 dignum
1208 3764 1553 3816 consecutus
1586 3757 1884 3813 auxilium.

578 3939 806 3995 XXVII.
842 3937 1040 3992 Sancti
1093 3938 1287 3990 autem
1331 3932 1429 3988 diu
1462 3932 1521 3986 in
1567 3931 1853 4002 sartagine
1884 3948 2148 4003 per-man.

509 4032 710 4087 serunt
757 4025 946 4092 illaesi,
994 4022 1320 4078 ‘illuminati
1382 4021 1594 4092 potius,
1640 4036 1814 4090 quam
1862 4023 2144 4077 ardentes.

510 4120 667 4188 Ignis
716 4117 864 4173 enim
922 4115 1004 4171 eis
1060 4114 1314 4182 cededat,
1338 4116 1393 4167 et
1436 4110 1733 4167 coercebat
1780 4127 1935 4179 eam,
1970 4127 2148 4182 quam

506 4207 776 4273 habebat,
806 4205 1225 4276 operationem,
1259 4201 1432 4257 veluti
1467 4199 1740 4256 reveritus
1780 4216 2149 4256 communem

506 4293 817 4349 Dominum
851 4294 906 4345 et
935 4290 1341 4361 Opiﬁcem,pro
1373 4304 1486 4359 quo
1514 4288 1634 4343 haec
1656 4289 1773 4359 pati
1803 4293 2147 4344 statuerant.

504 4382 722 4437 Videns
780 4396 911 4450 ergo
966 4380 1143 4448 judex
1204 4394 1291 4433 res
1349 4393 1519 4432 novas
1586 4381 1643 4432 et
1700 4377 2039 4447 stupendae,
2094 4381 2151 4431 et

508 4472 727 4542 ignem,
758 4473 1039 4537 tanquam
1100 4481 1279 4520 unum
1342 4466 1532 4530 exiis,
1586 4481 1709 4533 quae
1759 4469 1900 4519 sunt
1930 4465 2151 4521 ratione

506 4558 771 4629 praedita,
843 4555 1263 4609 discernentem
1317 4552 1571 4607 amicum
1645 4554 1714 4606 ab
1781 4552 2037 4617 inimico,
2093 4556 2150 4607 et

2254 3308 2632 3381 πυριφλεγοῦς
2684 3309 2921 3383 τηγάνου
2977 3307 3217 3367 καύσεως
3276 3302 3605 3375 κατετόλμα.
3655 3303 3741 3355 Δία
3790 3300 3880 3352 καὶ

2254 3396 2593 3467 Ἀσκληπιὸν
2626 3392 3197 3469 ὲπιϐοησάμενος,τὸν
3232 3395 3346 3468 μὶν,
3390 3395 3465 3454 ὡς
3512 3392 3605 3447 τοῦ
3662 3390 3890 3465 αἰθερίου

2253 3508 2312 3543 τε
2351 3489 2439 3542 καὶ
2488 3487 2765 3561 περιγείου
2823 3486 2992 3560 πυρὸς
3040 3482 3302 3560 ἄρχοντα,
3368 3484 3460 3537 τὸν
3526 3479 3602 3547 δὲ,
3666 3483 3741 3543 ὡς
3801 3483 3893 3534 τοῦ

2260 3576 2514 3651 ὑγιαίνειν
2545 3577 2783 3651 χορηγὸν
2811 3575 3193 3647 νομιζόμενον·
3238 3572 3336 3628 οὐκ
3371 3566 3503 3648 ἔφθη
3548 3568 3604 3625 δὲ
3656 3569 3735 3642 τῷ
3776 3568 3896 3643 πυρὶ

2258 3670 2625 3740 προσψαῦσαι,
2656 3666 2866 3720 καὶτοῦ
2916 3668 3013 3737 ζῇν
3053 3661 3209 3727 εὐθὺς
3260 3663 3287 3716 ὁ
3341 3663 3567 3734 μάταιος
3614 3657 3895 3730 ἀπηλλάτ-

2259 3777 2402 3826 τετο,
2468 3757 2618 3825 ἀξιας
2663 3756 2735 3809 ὧν
2794 3754 3056 3823 κέκληκεν
3127 3752 3534 3826 ὑπερασπιστῶν
3591 3748 3898 3810 ἀπολαύσας

2256 3852 2355 3915 τῆς
2394 3842 2665 3918 βοηθείας.

2332 3934 2442 3991 KZ'.
2476 3934 2537 3986 Oi
2580 3933 2721 4007 ἅγιοι
2779 3929 2836 3985 δὲ
2883 3931 3027 4005 παρὰ
3083 3932 3128 3967 ³³
3159 3927 3302 3984 πολὺ
3352 3929 3429 4001 τῷ
3468 3928 3688 4003 τηγάνῳ
3737 3947 3896 4002 προσ-

2258 4025 2660 4094 καρτεροῦντες,
2759 4022 2983 4083 ἀπαθεῖς
3086 4014 3295 4092 ἕμενον,
3416 4016 3896 4089 περιαυγαςόμενοι

2263 4109 2478 4183 μᾶλλον
2509 4111 2543 4178 ἤ
2578 4109 2923 4187 φλεγόμενοι.
2959 4107 3061 4165 Καί
3106 4110 3209 4183 γὰρ
3260 4108 3531 4181 ὑπεχώρει
3582 4105 3800 4167 τούτοις
3842 4105 3897 4159 τὸ

2259 4204 2388 4275 πῦρ,
2430 4202 2519 4254 καὶ
2551 4198 2619 4268 ἢν
2662 4200 2807 4273 εἶχεν
2874 4196 3137 4275 ἐνέργειαν
3182 4198 3492 4272 ἀπηρνεῖτο,
3533 4196 3773 4269 καθάπερ
3812 4194 3895 4249 τὸν

2261 4290 2394 4362 ὑπὲρ
2427 4289 2487 4342 οὗ
2520 4292 2689 4343 ταῦτα
2743 4288 2971 4361 πάσχειν
3023 4286 3235 4342 εθίλοντο
3275 4287 3454 4341 κοινὸν
3500 4283 3776 4353 Δεσπότην
3814 4284 3894 4339 καὶ

2260 4374 2595 4451 δημιουργὸν
2630 4372 3051 4449 εὐλαϐούμενον.
3084 4376 3256 4450 Ὁρῶν
3299 4375 3389 4429 οῦν
3423 4374 3448 4427 ὁ
3483 4369 3716 4441 δικάζων
3766 4391 3895 4443 πρα-

2260 4466 2483 4539 γμάτων
2533 4459 2794 4537 ἔκπληξιν
2862 4465 2951 4519 καὶ
2996 4463 3370 4537 καινοτομίαν,
3417 4462 3503 4516 καὶ
3558 4464 3620 4515 τὸ
3670 4465 3774 4532 πῦρ
3822 4460 3889 4518 ὡς

2259 4550 2311 4606 ἓν
2344 4574 2395 4606 τι
2446 4558 2554 4607 τῶν
2603 4552 2836 4627 λογικῶν
2898 4552 3062 4631 φίλου
3124 4554 3215 4607 καὶ
3281 4549 3581 4623 δυσμενοῦς
3638 4546 3880 4621 διάκρισιν

508 4651 739 4703 sanctos
789 4642 1021 4714 quidem
1061 4641 1268 4696 illaesos
1290 4645 1683 4712 protegentem
1713 4646 1763 4695 et
1796 4656 2136 4697 conservan-

2259 4641 2607 4713 ποιούμενον,
2655 4640 2742 4695 καὶ
2790 4613 2920 4703 τοὺὲ
2974 4642 3068 4714 μὲν
3130 4641 3322 4715 ἁγίους
3367 4639 3592 4702 ἀπαθεῖς
3645 4636 3877 4710 περιέπον

504 4742 645 4805 tem,
702 4731 1077 4789 Athanasium
1140 4734 1331 4786 autem
1382 4746 1483 4801 pro
1536 4729 1758 4785 meritis
1798 4730 1871 4785 ad
1911 4733 2146 4785 mortem

506 4824 928 4888 transmisisse,
969 4821 1092 4893 ipse
1134 4835 1362 4891 quoque
1428 4821 1842 4891 propemodum
1896 4819 2144 4875 sull‘oca-

507 4917 682 4971 batur
701 4932 713 4970 :
731 4917 805 4980 et,
836 4915 993 4966 Curae
1014 4910 1158 4964 mihi
1176 4913 1262 4965 est
1285 4908 1529 4976 amicus,
1549 4909 1795 4976 dicebat,
1811 4913 1868 4964 et
1883 4909 2145 4965 maximas

509 5022 680 5073 cura),
714 5010 767 5057 et
807 5006 1040 5074 propter
1080 5015 1213 5054 eum
1272 4999 1587 5055 maximum
1638 4999 1822 5053 sentio
1866 4998 2139 5054 dolorem.

509 5094 653 5149 Cum
683 5106 815 5146 vero
851 5096 1108 5144 vocasset
1135 5088 1447 5158 quemdam
1500 5104 1567 5142 ex
1596 5086 1875 5155 cognatis,
1909 5086 2000 5143 cui
2042 5104 2148 5142 no-

512 5196 645 5236 men
677 5183 800 5233 erat
828 5180 1151 5243 Terentius,
1176 5193 1307 5233 eum
1342 5192 1595 5231 seorsum
1629 5175 1699 5230 ab
1723 5174 1853 5230 aliis
1886 5175 2150 5230 adhibuit

511 5269 571 5322 in
597 5266 929 5333 consilium,
963 5283 1217 5337 quonam
1250 5266 1422 5321 modo
1472 5280 1532 5319 se
1561 5268 1785 5335 gereret
1817 5264 1874 5317 in
1915 5264 1987 5319 iis
2020 5281 2145 5334 qum

514 5357 584 5409 ad
644 5357 874 5410 sanctos
931 5355 1313 5425 pertinebant.
1356 5354 1655 5410 Terentius
1705 5358 1895 5409 autem
1954 5353 2144 5408 dixit:

584 5505 821 5577 71-deest
852 5506 1357 5577 phrasjsintegra,
1392 5513 1453 5566 B.

515 5576 563 5612 ’⁷⁸
594 5575 799 5642 αὐτοῖς,
834 5574 894 5631 Β.
1000 5574 1047 5607 79
1078 5574 1374 5644 ἀπιστέίας,
1409 5584 1469 5631 Β.

517 5645 784 5716 περιέπων
818 5647 907 5700 καὶ
940 5648 1240 5716 συντηρῶν,
1273 5648 1335 5702 Β.

520 5714 716 5785 γέλων,
752 5720 809 5772 Β,
887 5719 931 5754 δ’
964 5714 1197 5789 βουλήν,
1230 5718 1291 5772 Β,

1556 5508 1601 5541 ⁷⁴
1633 5527 1728 5572 ων,
1760 5510 1821 5562 Β.

1574 5580 1629 5652 ξοέ
1656 5577 1948 5652 θαρρήσας,
1982 5577 2043 5630 Β.

1447 5649 1493 5683 ⁴⁵
1526 5650 1655 5705 add.
1688 5649 1957 5722 παράπαν,
2000 5654 2052 5699 B-

1925 5506 1971 5539 7‘
2004 5506 2379 5575 Sarlaginem.
2414 5506 2459 5542 ⁷⁸
2488 5508 2693 5575 αὐτοῖς,
2746 5511 2807 5565 Β.

2148 5574 2193 5648 ἦῆ
2222 5574 2394 5648 τιμίῳ
2428 5574 2687 5648 σταυρῷ,
2715 5583 2775 5635 Β.

2236 5624 2343 5647 ”Γ”’
2368 5624 2391 5648 Γ
2432 5624 2661 5650 ⁷““*Γ““ῗ’9

2148 5646 2195 5679 ⁸⁸
2233 5650 2360 5703 add.
2409 5669 2521 5719 μοι,
2579 5654 2637 5708 Β,

2257 4730 2344 4783 καὶ
2378 4734 2667 4803 συν-τηροῦν
2696 4730 2762 4786 ⁸⁴.
2804 4731 3118 4794 Ἀθανάσιον
3174 4726 3231 4784 δὲ
3278 4733 3356 4800 τῷ
3407 4726 3612 4798 θανάτῳ
3643 4725 3685 4759 ⁸⁵
3718 4741 3869 4795 παρα-

2255 4818 2471 4892 πέμψειν
2531 4819 2714 4889 ὀξέως,
2778 4824 2975 4894 μικροῦ
3032 4820 3120 4872 καὶ
3176 4816 3334 4880 αὒτὸς
3392 4816 3728 4890 ἀπεπνίγετο·
3772 4808 3876 4880 καὶ,

2255 4904 2420 4961 Μέλει
2456 4928 2549 4979 μοι
2606 4911 2707 4961 τοῦ
2766 4906 2952 4986 φίλου,
3012 4902 3185 4982 ἔλεγε,
3234 4904 3439 4983 σφόδρα
3504 4901 3656 4976 μέλει
3704 4903 3766 4968 ⁸⁸,
3806 4897 3885 4951 καὶ

2256 4992 2438 5064 λύπης
2469 4992 2603 5064 ὅσης
2634 4994 2721 5050 ἐπὶ
2749 4995 2926 5067 τούτῳ
2955 4996 2999 5032 ⁸⁷
3041 4996 3385 5067 αἰσθάνομαι.
3421 4992 3668 5050 Καλέσας
3704 4986 3757 5043 δέ
3784 5005 3893 5041 τινα

2254 5087 2360 5137 τῶν
2396 5087 2685 5160 συγγενῶν,
2716 5088 2761 5156 ᾧ
2802 5084 3080 5159 Τερέντιος
3136 5081 3332 5157 ὄνομα,
3379 5087 3598 5149 τοῦτον,
3649 5079 3797 5138 ὅπως
3837 5075 3895 5129 ’τει

2255 5174 2388 5227 κατᾶ
2428 5176 2557 5237 τοὺς
2589 5176 2771 5248 ἁγίους
2801 5173 3071 5245 διάθηται,
3119 5174 3295 5249 ’χωρὶς
3347 5176 3456 5228 τῶν
3505 5169 3695 5226 ἄλλων
3744 5170 3787 5204 ⁸⁸
3831 5166 3900 5228 εἷς

2257 5258 2575 5335 συμϐουλὴν
2618 5267 2663 5303 ⁸⁸
2703 5262 3071 5340 ἀπελάμϐανε.
3131 5263 3409 5338 Τερέντιος
3460 5258 3538 5331 δὲ,
3593 5257 3777 5331 Μηδέν
3823 5278 3901 5310 σοι

2257 5352 2347 5407 καὶ
2401 5358 2519 5415 τοῖς
2582 5352 2838 5426 δικαίοις,
2896 5354 3051 5429 ἔλεγε
3103 5352 3239 5426 πρὸς
3306 5350 3487 5421 αὐτὸν,
3548 5348 3679 5423 μηδ’
3737 5345 3901 5406 οὕτως

3489 5508 3534 5544 ⁷⁷
3586 5504 3817 5578 δειλίαν,
3845 5507 3899 5578 C.

3431 5580 3477 5615 ιι
3521 5579 3643 5652 ἄρα,
3698 5581 3760 5635 Β,
3803 5577 3809 5578 ί
3858 5577 3905 5611 u

3431 5670 3518 5718 nc,
3571 5651 3634 5706 F.
3736 5649 3779 5685 ⁸⁸
3809 5647 3903 5722 ἁγ-

2920 5510 2965 5546 ⁷⁶
3011 5508 3290 5583 ἠπείγετο,
3324 5512 3386 5566 Β.

2877 5582 2924 5617 ⁸³
2954 5582 3220 5652 συνήθεις,
3252 5587 3315 5636 ΑΔ

2741 5652 2785 5687 3"
2831 5656 3014 5723 τοῦτο,
3062 5648 3124 5708 Β.
3176 5684 3242 5693 -
3285 5648 3518 5718 τούτοις,
3559 5648 3634 5706 Ἐ.
