4124 6270
270 352 390 416 877

1346 353 1530 416 VlTA
1574 355 1638 416 S.
1685 355 2058 418 CYPRIANI
2104 355 2603 418 ANTIOCHENI.

3546 361 3664 422 8'18

270 512 524 578 ἀϐούλως
581 511 914 568 ἀντιπίπτειν
981 511 1194 586 βούλου
1223 512 1270 548 ⁹⁰
1295 515 1366 585 τῇ
1411 510 1643 583 ἀληθείᾳ
1677 533 1690 546 ·
1722 515 1757 582 ἡ
1813 518 1910 568 τοῦ

2037 515 2178 572 Nihil
2230 516 2306 572 sit
2348 516 2453 571 tibi
2503 517 2584 571 rei
2631 532 2766 571 cum
2801 517 3037 585 sanctis,
3072 533 3176 573 nec
3227 517 3367 574 velis
3416 523 3532 575 tam
3574 521 3669 576 in-

271 605 506 679 Χριστοῦ
563 600 786 674 δύναμις
841 605 1086 679 φανερῶς
1138 601 1380 675 ἄμαχος,
1431 599 1624 676 ἄριστα
1681 600 1736 657 δὲ
1793 604 1915 677 περὶ

274 699 474 750 σαυτοῦ
533 695 578 730 ⁹¹
640 689 931 766 διασκέψῃ,
965 692 1012 746 εἷ’
1059 691 1284 753 τούτους
1340 696 1420 764 τῷ
1465 694 1685 768 βασιλεῖ
1733 715 1915 768 παρα-

273 784 524 855 πὲμψεις,
560 780 843 856 γνωρίσεις
875 800 933 834 τε
983 774 1223 853 ἀκριϐῶς
1271 778 1369 834 ὅσα
1421 781 1515 852 μὲν
1563 781 1623 835 ού
1672 783 1787 836 κάτ’
1818 782 1915 836 αύ-

272 873 379 923 τῶν
429 866 810 943 διαπὲπραξαι,
841 867 931 922 καὶ
989 868 1063 928 ὡς
1120 867 1168 902 ⁹²
1201 888 1262 920 συ
1323 867 1417 939 μὲν
1467 866 1619 923 οὐδὲν
1678 865 1918 933 ἐνέλιπες

271 962 448 1013 ποιῶν
478 961 586 1012 τῶν
625 958 702 1019 εἰς
731 958 1004 1032 τιμωρίαν
1051 956 1293 1026 ἡκόντων
1325 975 1338 989 ⁶
1392 956 1536 1012 ἀλλὰ
1591 958 1682 1013 καὶ
1739 957 1915 1013 αὐτῶν

275 1046 541 1121 ὠμότητα
577 1049 685 1101 τῶν
737 1047 943 1119 θηρίων
993 1043 1248 1116 κολάζων
1274 1046 1322 1082 9³
1359 1044 1681 1118 παρήλασας
1716 1066 1729 1078 ·
1785 1046 1917 1101 ἐκεί-

446 1137 460 1156 \
542 1135 555 1154 ’
819 1140 845 1150 η·
1079 1133 1093 1154 Ι
1265 1133 1291 1156 f7
1534 1135 1544 1152 Ι
1779 1135 1792 1153 Ἷ
1890 1137 1903 1154 κ

272 1158 380 1190 νων
414 1133 470 1190 δε
500 1133 728 1207 ουδεμία
779 1157 886 1190 των
943 1155 1208 1189 τοιουτων
1258 1137 1438 1208 ηψατο
1483 1135 1736 1211 βασανος,
1769 1133 1916 1191 αλλα

273 1224 408 1300 ἄχρι
440 1224 528 1279 καὶ
557 1225 643 1278 νῦν
673 1223 897 1286 ἀπασεῖς
929 1221 1380 1297 διαμεμενήκασι.

350 1391 474 1448 ΚΗ’.
505 1389 726 1445 Τούτων
757 1389 988 1451 ἀκούσας
1019 1391 1047 1444 ὁ
1078 1391 1281 1462 κόμης,
1315 1388 1612 1458 ἐπιστολὴν
1647 1389 1752 1446 ὦδέ
1798 1413 1916 1454 πως

278 1477 510 1558 ἔχουσαν
543 1479 621 1542 εἷς
679 1477 1045 1552 Νικομηδείαν
1105 1481 1243 1553 πρὸς
1291 1480 1384 1533 τὸν
1437 1480 1563 1534 τότε
1617 1484 1918 1553 κρατοῦντα

279 1566 571 1642 (Κλαύδιος
603 1565 660 1622 δὲ
687 1568 779 1641 ἦν)
813 1568 1006 1630 εὐθέως
1037 1566 1302 1638 ἐκπέμπει
1335 1587 1348 1599 ·
1401 1569 1521 1642 εἶχε
1578 1565 1636 1622 δὶ
1693 1569 1864 1630 οὕτως
1899 1588 1912 1603 ·

349 1651 474 1708 ΚΘ’.
530 1651 720 1722 Κόμης
773 1647 1084 1724 Εὗτὸλμιος
1143 1652 1189 1686 οδ
1244 1646 1504 1722 Κλαυδίῳ
1554 1650 1781 1723 Καίσαρι
1836 1654 1916 1722 τῷ

284 1737 529 1813 μεγάλῳ,
556 1744 658 1812 γῆς
702 1739 790 1793 καὶ
841 1736 1116 1809 θαλάσσης
1173 1735 1509 1809 δεσπόζοντι,
1544 1737 1776 1813 χαίρειν.
1814 1745 1914 1794 [ἀ-

2025 605 2384 661 considerate
2446 607 2713 661 resistere
2775 606 3023 660 veritati.
3078 608 3287 662 Christi
3338 608 3525 665 virtus
3581 616 3670 666 est

2025 694 2196 766 plane
2225 694 2712 766 inexpugnabilis.
2749 695 2879 750 Tibi
2913 700 3107 750 autem
3127 696 3340 766 optime
3371 700 3664 766 consules,

2025 783 2073 838 si
2103 800 2200 839 eos
2253 783 2612 839 transmittas
2643 783 2716 838 ad
2766 783 3189 854 imperatorem,
3224 793 3281 840 et
3316 787 3367 841 ei
3397 792 3666 845 accurate

2024 869 2442 941 signiﬁcaveris
2502 884 2864 940 quaecunque
2917 870 2975 923 in
3037 885 3132 925 eos
3191 871 3424 938 fecisti;
3485 889 3662 943 quam

2027 973 2238 1029 magno
2281 963 2476 1012 autem
2507 961 2562 1013 et
2615 958 2836 1012 excelso
2869 958 3062 1013 animo
3093 958 3134 1014 ii
3177 975 3235 1014 se
3265 967 3574 1030 gesserunt
3603 962 3661 1016 in

2025 1046 2337 1112 omnibus;
2369 1051 2426 1100 et
2457 1046 2608 1116 quod
2641 1061 2674 1100 a
2706 1051 2759 1101 te
2793 1045 3020 1101 nullum
3065 1046 3176 1100 fuit
3205 1048 3661 1118 praetermissum

2026 1134 2402 1206 supplicium,
2455 1135 2552 1189 sed
2596 1135 2887 1205 puniendo
2943 1134 3116 1190 etiam
3177 1136 3332 1206 ipsas
3375 1138 3662 1208 superasti

2027 1222 2241 1277 bestias
2272 1242 2286 1290 ;
2318 1222 2552 1277 illorum
2582 1238 2715 1278 vero
2744 1226 3171 1278 tormentorum
3194 1224 3420 1280 nullum
3453 1241 3551 1282 eos
3581 1229 3664 1280 at-

2028 1312 2178 1382 tigit,
2212 1312 2312 1365 sed
2345 1311 2652 1382 hucusque
2684 1317 3124 1380 permanserunt
3155 1311 3340 1369 illaasi.

2098 1399 2357 1455 XXVIII.
2389 1399 2518 1454 Haec
2545 1415 2674 1454 cum
2703 1400 2985 1455 audiisset
3011 1417 3228 1468 comes,
3261 1402 3661 1458 Nicomediam

2025 1487 2096 1541 ad
2157 1504 2315 1553 eum,
2347 1489 2444 1557 qui
2503 1495 2640 1542 tunc
2697 1504 2889 1543 rerum
2950 1489 3302 1558 potiebatur,
3333 1489 3406 1559 (is
3465 1494 3662 1546 autem

2027 1577 2151 1630 erat
2175 1573 2470 1643 Claudius)
2502 1574 2677 1628 talem
2713 1574 2910 1628 statim
2942 1575 3117 1629 mittit
3145 1576 3450 1646 epistolam
3488 1593 3501 1630 :

2097 1663 2300 1718 XXlX.
2333 1664 2537 1719 Comes
2574 1661 2896 1718 Eutolmius
2925 1663 3158 1718 Claudio
3189 1663 3396 1719 Caesari
3428 1679 3662 1735 magno,

2027 1761 2187 1808 terras
2247 1757 2304 1806 et
2371 1751 2547 1807 maris
2595 1751 2851 1818 domino,
2897 1750 3168 1807 salutem.
3218 1752 3350 1816 Eos,
3399 1751 3499 1822 qui
3548 1755 3662 1806 tua

281 1827 458 1899 λήνης
487 1823 706 1896 πολλῆς
736 1825 862 1890 τοὺς
895 1828 998 1882 ὑπὸ
1027 1829 1126 1897 τὴν
1169 1829 1268 1898 σὴν
1309 1826 1546 1898 ἐξουσίαν
1605 1828 1914 1884 ἀπολαύον-

2037 1845 2161 1897 sunt
2217 1840 2478 1908 ditionis,
2521 1840 2723 1895 videns
2793 1856 2998 1909 magna
3049 1840 3161 1896 frui
3220 1839 3662 1911 tranquillitate,

277 1937 373 1979 τας
407 1915 573 1990 ὀρῶν,
611 1913 829 1991 μὲγιστε
888 1915 1135 1991 βασιλεῦ,
1164 1922 1264 1985 τῆς
1314 1920 1422 1972 τῶν
1476 1915 1730 1992 μεγάλων
1783 1923 1917 1982 θεῶν

279 2005 486 2066 εὐνοίας
515 2008 583 2075 ἣν
630 2008 755 2079 περί
803 2007 860 2060 σὶ
908 2003 1255 2074 διασώζουσι,
1309 2005 1398 2060 καὶ
1457 2008 1555 2074 τῆς
1611 2006 1924 2078 προσούσης

280 2117 364 2152 σοι
397 2093 820 2168 δεισιδαιμονίας
875 2092 1019 2164 ἄξιον
1063 2097 1225 2150 τοῦτο
1275 2095 1522 2169 γινώσκω
1580 2093 1643 2149 τδ
1687 2095 1922 2150 ἀνταπό-

279 2181 424 2258 δομα
455 2185 499 2222 ³⁵
521 2201 534 2215 ⁸
566 2183 680 2238 ἐπεὶ
707 2181 764 2237 δέ
791 2203 932 2244 τινες
959 2189 1067 2237 τῶν
1109 2183 1423 2257 λεγομὲνων
1483 2183 1796 2239 Γαλιλαίων
1854 2185 1924 2238 τά

279 2271 354 2336 εἷς
413 2271 607 2333 αὐτοὺς
661 2271 1056 2350 φρυαττόμενοε
1117 2272 1348 2346 Χριστὸν
1401 2270 1616 2343 μᾶλλον
1674 2272 1732 2327 δν
1787 2274 1924 2330 Ἰου-

279 2359 444 2416 δαίων
507 2357 694 2423 παῖδες
745 2360 820 2422 ὡς
861 2364 1162 2435 κακοῦργον
1210 2359 1658 2432 ἄνεσκολόπισαν,
1703 2357 1921 2415 σέϐουσί

275 2470 336 2505 τε
392 2448 480 2504 καὶ
538 2449 927 2523 προσκυνοῦσι,
975 2447 1176 2503 τούτου
1205 2447 1366 2522 χάριν
1423 2449 1514 2503 καὶ
1572 2451 1736 2522 ἡμεῖς
1791 2453 1922 2502 πᾶσι

273 2536 500 2612 τρόποις
533 2539 608 2601 ὡς
637 2534 951 2599 στασιώδεις
984 2534 1178 2598 αὒτοῦς
1225 2538 1314 2591 καὶ
1365 2535 1626 2610 λοιμοὺς,
1661 2556 1795 2610 μετα
1823 2536 1924 2603 τήν

281 2626 358 2688 εἰς
386 2627 450 2681 τὸ
482 2627 634 2700 βῆμα
685 2627 1019 2699 παράστασιν
1062 2624 1123 2679 ού
1176 2624 1654 2696 μετατιθεμένους,
1701 2620 1920 2694 ἐξελαύ-

275 2735 385 2770 νειν
414 2718 520 2768 τῶν
551 2712 765 2770 πόλεων
821 2713 946 2786 περὶ
1005 2711 1223 2767 πολλοῦ
1268 2711 1607 2783 ἐποιούμεθα
1642 2729 1656 2742 ⁸
1690 2712 1781 2766 καὶ
1841 2711 1925 2774 οἷς

287 2803 381 2875 μὶν
414 2803 514 2875 ὀψὲ
553 2821 686 2855 ποτε
738 2799 1070 2873 μεταμέλειά
1113 2819 1197 2859 τις
1247 2798 1337 2852 ἐπὶ
1375 2804 1491 2860 τοῖς
1521 2797 1704 2859 καλῶς
1737 2796 1927 2872 δεδογ-

287 2892 468 2963 μὲνοις
519 2888 750 2964 ἐγένετο,
809 2892 878 2961 τῇ
936 2893 1043 2943 τῶν
1130 2885 1386 2962 μεγάλων
1463 2887 1712 2959 εὐμενείᾳ
1789 2889 1923 2942 θεῶν

284 2977 630 3052 θαρροῦντες,
662 2973 999 3054 εἰσδέχεσθαι
1028 2976 1252 3038 τούτους
1301 2976 1388 3030 καὶ
1449 2976 1549 3044 τήν
1604 2978 1926 3049 προσήκου-

285 3086 379 3120 σαν
408 3065 698 3138 ἀπονὲμειν
732 3065 895 3144 χάριν
939 3065 1000 3119 ού
1050 3066 1441 3139 παρῃτούμεθα
1474 3083 1486 3095 ·
1522 3065 1616 3125 οὓς
1667 3062 1724 3119 δὲ
1782 3064 1928 3120 ἄνιά-

281 3177 391 3217 τως
473 3151 700 3230 ἔχοντας
785 3152 1197 3225 διενευνώμενος
1254 3155 1300 3190 οδ
1373 3153 1641 3227 εὕρισκον,
1698 3155 1927 3216 τούτους

285 3245 530 3316 αἰκίζειν,
572 3245 958 3317 ἀνασταυροῦν,
1014 3238 1158 3311 ὄνυξι
1208 3241 1343 3311 εὲειν
1404 3245 1467 3314 ⁸⁷,
1522 3247 1651 3296 πᾶσι
1698 3243 1929 3318 τρόποις
1961 3217 2011 3284 C

286 3331 566 3402 κολάζειν,
597 3332 732 3388 κατὰ
760 3332 888 3395 τοὺς
917 3332 1201 3403 κειμένους
1249 3332 1452 3404 νόμους
1505 3333 1608 3386 οὐκ
1645 3332 1935 3404 ἠμελήσα-

288 3443 406 3496 μεν.
438 3419 668 3482 ’Ἄλλως
726 3421 830 3496 γὰρ
881 3421 984 3475 οὐκ
1030 3416 1108 3476 ἕνι
1147 3420 1520 3495 περιγενέσθαι
1551 3423 1747 3499 ψυχῶν
1795 3422 1932 3476 ἀπο-

285 3509 628 3584 νενοημένων
690 3510 780 3564 καὶ
829 3510 892 3564 τὸ
943 3509 1128 3582 δύσερι
1185 3509 1354 3570 πάθος
1409 3510 1832 3582 προσενῳκηκὸς
1889 3510 1935 3546 9⁸

285 3599 474 3661 αὐταῖς
504 3595 747 3674 ἔχουσῶν
779 3615 792 3629 ⁸
820 3596 914 3654 τίνα
954 3599 1011 3656 δὲ
1045 3600 1120 3669 μὴ
1157 3595 1319 3672 λόγον
1349 3600 1393 3634 ⁸³
1423 3596 1612 3660 ἄλλως
1645 3593 1934 3666 ὑπολάϐῃς

295 3708 361 3761 με
415 3685 742 3742 πλάττεσθαι
803 3691 844 3753 ί,
893 3688 981 3740 καὶ
1043 3686 1350 3759 Κυπριανὸν
1407 3689 1620 3756 τοῦτον,
1682 3686 1789 3760 οὐχ
1846 3686 1934 3740 ὑπ’

288 3775 528 3851 ἀνάγκης
557 3776 723 3843 τινὸς,
755 3773 883 3830 ἀλλ’
913 3773 1089 3830 ἑκοντὶ
1118 3779 1226 3830 τῶν
1269 3773 1554 3847 σωτηρίων
1595 3779 1729 3838 θεῶν
1778 3794 1936 3847 μετα-

291 3862 644 3936 θὲμενον,τῷ
703 3863 1098 3938 ἐσταυρωμὲνῳ
1149 3884 1208 3919 τε
1264 3862 1390 3918 δλον
1442 3864 1628 3919 ἑαυτὸν
1671 3863 1933 3935 ἀναθέμε-

290 3973 401 4023 νον,
436 3953 568 4025 μετὰ
616 3950 678 4007 τὸ
726 3949 975 4028 σφοδρῶς
1025 3951 1251 4024 αἰκίσαι,
1289 3957 1369 4024 τῷ
1425 3953 1610 4026 κράτει
1665 3973 1762 4006 σου
1816 3955 1931 4019 νῦν,

289 4038 655 4112 ἐξαπέστειλα,
706 4038 990 4116 ἄνθρωπον
1037 4041 1260 4106 πιθανὸν
1316 4046 1432 4103 τοῖς
1485 4041 1694 4116 λόγοις,
1755 4062 1929 4109 πονη-

291 4133 382 4205 ρὸν
411 4135 531 4192 τοῖς
557 4128 806 4204 τρόποις,
837 4130 1194 4203 ἑτοιμότατον
1247 4129 1325 4192 εἷς
1374 4129 1676 4202 ἀπολογίαν
1709 4147 1722 4161 ·
1755 4129 1934 4198 τούτῳ

291 4221 337 4274 εἰ
394 4219 580 4294 πράως
636 4218 909 4294 ἐνέτυχον,
941 4217 1067 4274 οὐδὲ
1111 4220 1202 4273 τὸν
1251 4223 1371 4272 νοῦν
1436 4239 1530 4290 μοι
1588 4216 1936 4294 προσέχοντά

292 4307 438 4368 ὅλως
476 4305 720 4380 εὕρισκον
751 4324 764 4336 °
801 4307 847 4360 εἰ
903 4305 1188 4378 αὐστηρῶς
1232 4303 1586 4378 ἒχρηφάμην,
1616 4303 1702 4356 καὶ
1767 4302 1933 4377 βασά-

291 4417 406 4457 νοις
435 4399 455 4432 ²
487 4395 781 4470 ἐπήγαγον,
814 4394 922 4468 οὐχ
952 4395 1026 4454 ὼς
1057 4392 1213 4466 ἀνδρὶ
1269 4389 1481 4464 μᾶλλον
1538 4392 1572 4460 ἢ
1632 4389 1929 4463 ἀνδριάντι,

2028 1931 2344 2001 imperator
2392 1928 2660 1996 maxime,
2692 1943 3037 2000 magnorum
3087 1929 3345 1996 deorum,
3381 1945 3555 1999 quam
3600 1929 3661 1983 in

2028 2023 2084 2074 te
2143 2020 2501 2084 conservant,
2553 2015 2986 2083 benevolentiae,
3046 2021 3102 2072 et
3165 2017 3311 2087 ejus,
3360 2033 3486 2088 quae
3553 2015 3662 2070 tibi

2029 2107 2215 2173 adest,
2240 2105 2538 2177 religionis
2563 2107 2694 2162 novi
2725 2105 2876 2160 hanc
2906 2121 3032 2161 esse
3064 2104 3296 2176 dignam
3327 2120 3664 2160 remunera-

2029 2195 2272 2250 tionem.
2309 2194 2593 2258 Quoniam
2630 2201 2820 2248 autem
2855 2193 3096 2263 quidam
3143 2209 3211 2247 ex
3240 2193 3312 2247 iis
3342 2192 3439 2261 qui
3467 2192 3668 2246 dicun-

2031 2289 2128 2339 tur
2172 2281 2414 2350 Galilaai,
2458 2281 2517 2336 in
2568 2282 2725 2352 ipsos
2773 2282 3104 2348 frementes,
3138 2280 3450 2346 Christum,
3492 2294 3666 2350 quem

2029 2371 2234 2437 Judaei,
2268 2375 2544 2441 tanquam
2569 2370 2919 2437 maleficum,
2943 2369 3096 2424 cruci
3121 2369 3450 2434 afﬁxerunt,
3486 2370 3670 2439 magis

2031 2457 2232 2513 colunt
2279 2463 2336 2513 et
2383 2459 2644 2525 adorant,
2677 2473 2743 2512 ea
2788 2459 2859 2512 de
2911 2473 3088 2512 causa
3135 2472 3240 2512 nos
3297 2471 3527 2527 quoque
3571 2471 3670 2510 eos

2030 2547 2306 2602 omnibus
2341 2546 2548 2613 modis,
2576 2553 2852 2616 tanquam
2877 2545 3184 2601 seditiosos
3202 2561 3268 2600 ac
3298 2545 3667 2616 perniciosos,

2030 2639 2337 2705 postquam
2398 2635 2468 2688 ad
2528 2633 2788 2688 tribunal
2849 2633 3117 2705 producti
3175 2637 3333 2698 sunt,
3368 2649 3483 2688 non
3541 2648 3672 2686 mu-

2030 2727 2207 2789 tatos,
2241 2737 2271 2776 e
2303 2721 2636 2778 civitatibus
2670 2721 2884 2793 pellere
2917 2721 3405 2792 magnifacimus;
3436 2725 3493 2775 et
3525 2735 3673 2791 quos

2034 2808 2268 2879 quidem
2312 2809 2404 2863 vix
2455 2809 2687 2864 tandem
2733 2825 2930 2864 eorum
2980 2825 3106 2880 quas
3153 2808 3303 2863 male
3349 2812 3670 2873 senserant,

2035 2895 2231 2965 aliqua
2275 2897 2433 2951 subit
2465 2897 2822 2968 poenitentia,
2858 2911 3205 2968 magnorum
3254 2895 3492 2951 deorum
3539 2893 3671 2948 freti

2035 2981 2445 3050 benevolentia,
2481 3000 2579 3039 eos
2605 2985 2927 3051 admittere,
2960 2990 3015 3040 et
3053 3000 3230 3054 quam
3263 3001 3364 3053 par
3391 2986 3504 3050 est,
3537 2998 3667 3054 gra-

2033 3070 2175 3124 tiam
2226 3071 2464 3126 reddere
2504 3088 2619 3126 non
2670 3073 3086 3128 recusavimus.
3115 3073 3270 3135 Quos
3299 3075 3493 3127 autem
3543 3087 3670 3138 per-

2037 3161 2305 3212 scrutans
2372 3157 2566 3212 inveni
2631 3175 2755 3213 esse
2813 3159 3419 3228 immedicabiles,eos
3475 3159 3671 3230 ﬂagris

2039 3249 2276 3316 caedere,
2335 3246 2392 3300 in
2470 3261 2699 3302 crucem
2778 3262 2967 3317 agere,
3028 3247 3263 3318 ungulis
3327 3247 3670 3318 discerpere,

2039 3335 2309 3392 omnibus
2341 3335 2530 3390 modis
2569 3335 2794 3404 punire,
2827 3335 3240 3391 convenienter
3269 3334 3340 3391 iis
3385 3351 3511 3406 quis
3541 3335 3673 3390 latas

2040 3433 2195 3489 sunt,
2228 3423 2472 3495 legibus,
2508 3440 2621 3478 non
2657 3423 3041 3493 negleximus.
3072 3422 3197 3478 Non
3239 3428 3485 3495 possunt
3513 3424 3672 3479 enim

2040 3511 2208 3567 aliter
2237 3512 2496 3582 superari
2532 3519 2738 3567 emotae
2770 3511 2980 3567 mentis
3009 3511 3210 3571 animi,
3243 3516 3299 3567 et
3328 3512 3428 3582 qui
3459 3511 3671 3567 difﬁci-

2040 3599 2152 3656 lem
2185 3599 2404 3656 habent
2443 3599 2805 3656 ati‘ectionem
2836 3600 2896 3654 in
2926 3601 3012 3656 eis
3041 3599 3424 3656 habitantem.
3455 3600 3538 3657 Ne
3567 3616 3672 3655 au-

2041 3696 2152 3744 tem
2209 3704 2302 3743 me
2344 3694 2510 3757 putes
2575 3704 2642 3742 ea
2700 3703 2824 3758 quae
2873 3688 3172 3752 dicuntur,
3222 3688 3461 3759 ﬁngere,
3522 3689 3672 3743 hunc

2039 3792 2267 3848 quoque
2341 3776 2710 3847 Cyprianum,
2767 3776 2867 3848 qui
2931 3793 3048 3830 non
3121 3775 3316 3846 aliqua
3391 3776 3676 3831 adductus

2039 3864 2404 3932 necessitate,
2437 3865 2536 3919 sed
2587 3881 2688 3920 sua
2738 3868 2942 3935 sponte
2999 3863 3208 3919 defecit
3245 3881 3278 3918 a
3325 3862 3439 3918 diis
3481 3879 3672 3919 serva-

2036 3955 2280 4022 toribus,
2338 3959 2397 4008 et
2452 3952 2732 4008 Cruciﬁxo
2789 3957 2976 4007 totum
3047 3952 3305 4022 seipsum
3364 3951 3670 4019 dedicavit,

2039 4047 2348 4111 postquam
2380 4040 2545 4094 valde
2576 4038 2796 4108 punivi,
2830 4039 2899 4093 ad
2935 4043 3094 4093 tuam
3127 4055 3284 4093 nunc
3316 4037 3447 4092 misi
3480 4042 3676 4109 poten-

2037 4128 2198 4192 tiam,
2233 4126 2552 4194 hominem,
2583 4126 2684 4195 qui
2743 4129 2831 4179 est
2860 4126 3050 4180 verbis
3100 4129 3270 4196 aptus
3308 4126 3377 4180 ad
3425 4140 3674 4196 persua-

2038 4216 2320 4282 dendum,
2393 4212 2655 4268 moribus
2719 4217 2917 4268 autem
2990 4213 3317 4283 improbus,
3365 4219 3422 4269 et
3485 4215 3556 4269 ad
3611 4231 3674 4270 se

2038 4302 2470 4360 defendendum
2519 4299 3018 4372 promptissimus.
3057 4301 3204 4356 Eum
3261 4301 3312 4357 si
3358 4301 3566 4358 blande
3608 4319 3674 4358 ac

2041 4391 2247 4448 leniter
2309 4389 2745 4459 conveniebam,
2781 4405 2853 4444 ne
2913 4390 3177 4444 animum
3235 4389 3471 4461 quidem
3531 4390 3673 4446 mihi

291 4486 382 4538 καὶ
412 4483 570 4554 ἄλλῳ
599 4483 702 4536 τινὶ
735 4487 841 4536 τῶν
892 4480 1121 4555 ἀψύχων
1172 4480 1388 4553 ἐπάγειν
1433 4478 1629 4542 ταύτας
1690 4479 1926 4552 ἐνομιζό-

2040 4482 2275 4538 omnino
2307 4479 2675 4536 adhibentem
2707 4478 3110 4549 inveniebam;
3154 4479 3204 4536 si
3242 4497 3442 4552 aspere
3472 4485 3678 4536 tracta-

296 4595 403 4645 μην
437 4590 451 4603 °
511 4571 557 4626 εἰ
615 4575 824 4646 φρουρᾷ
875 4569 1224 4626 κατακλεῖσαι
1278 4569 1660 4644 προσέταττον,
1701 4570 1925 4644 ἀπορίας

294 4662 478 4733 ἡγεῖτο
533 4657 595 4714 τὸ
666 4658 1150 4733 προσταττόμενον,
1202 4660 1265 4714 ού
1332 4656 1742 4733 φιλανθρωπίας
1777 4676 1790 4690 °
1839 4659 1930 4713 καὶ

294 4745 424 4804 οὐδὲ
453 4747 627 4812 οὕτως
657 4749 685 4802 ὁ
712 4748 958 4821 μάταιος,
992 4747 1090 4803 ὅσα
1116 4769 1177 4822 γε
1205 4749 1283 4810 εἰς
1315 4747 1472 4810 θεοὺς
1519 4748 1610 4803 καὶ
1665 4749 1728 4803 τὸ
1789 4748 1931 4818 ὑπη-

293 4857 445 4910 κοον,
477 4838 712 4912 ἡσυχίαν
759 4836 903 4912 ἄγειν
962 4837 1165 4912 ἠγάπα,
1209 4835 1334 4892 ἀλλ’
1385 4837 1488 4892 ὑπὸ
1527 4835 1753 4912 κλεῖθρα
1807 4857 1936 4912 τυγ-

294 4926 475 5002 χάνων
536 4927 626 4981 καὶ
684 4925 948 5002 φυλακάς,
972 4933 1072 4996 τῆς
1103 4928 1125 4963 ³
1154 4927 1362 5004 ἀνοχῆς
1418 4925 1742 5003 κατετρύφα,
1791 4924 1932 4980 πολ-

296 5016 427 5078 λούς
485 5035 545 5070 τε
599 5018 695 5070 τοῦ
754 5013 960 5069 οἰκείου
1017 5015 1325 5087 νοσήματος
1365 5013 1642 5088 ἐμπιπλᾷν
1675 5018 1775 5069 υῦκ
1802 5013 1939 5069 ἀνεί-

301 5123 435 5178 χετο
467 5105 508 5162 ⁸.
544 5103 693 5161 Ἐπεὶ
749 5105 877 5177 γοῦν
933 5099 1098 5176 ἐφάνη
1130 5103 1154 5136 ⁵
1200 5124 1252 5156 τι
1301 5103 1391 5158 καὶ
1421 5102 1607 5177 χειρὸς
1664 5101 1934 5177 τιμωροῦ,

292 5193 419 5267 τάγε
474 5193 604 5266 παρ’
658 5194 820 5265 ἡμῖν,
879 5191 968 5245 καὶ
1027 5186 1241 5262 δημίων
1303 5191 1609 5267 ὑπέρτερος,
1644 5189 1818 5266 ιῖσμεν
1879 5189 1938 5247 δὲ

295 5302 490 5343 παντες
540 5281 624 5336 ὅτι
671 5281 854 5350 δσηνσ
884 5281 912 5334 ὁ
943 5278 1108 5348 ἥλιος
1155 5278 1322 5357 ἐφορᾷ
1369 5280 1455 5334 σοί
1508 5301 1564 5335 νε
1613 5281 1937 5356 προσανέχει

365 5457 423 5530 ⁹⁰4
483 5456 694 5530 βούλει,
752 5461 813 5513 C.
916 5455 962 5492 ⁹¹
1018 5456 1204 5530 αῦτοῦ,
1263 5456 1373 5530 Β.-
1427 5453 1471 5489 ⁸²
1527 5455 1708 5530 deest,
1772 5459 1835 5530 B_,

299 5528 346 5564 9⁸
402 5522 795 5600 ἀνταπόδωμα,
856 5532 919 5582 Β.
984 5525 1068 5600 49⁸
1136 5522 1564 5600 διερειδόμενος.
1615 5528 1678 5600 Bg

294 5600 340 5635 ⁶⁹
402 5597 732 5673 λ-όγωνλΒ.
811 5599 831 5634 ί
887 5597 1268 5673 πράττεσθαι,-
1294 5598 1358 5653 Β.

301 5667 496 5743 χειρὸς
540 5667 705 5746 ἐφάνη
736 5667 1006 5745 τιμωροῦ,
1040 5671 1100 5725 Β.
1135 5670 1194 5726 C.
1229 5670 1290 5727 F.
1366 5667 1390 5702 ⁸
1427 5667 1609 5737 deest,
1646 5675 1704 5724 Β.

2044 4572 2203 4637 bam,
2233 4578 2287 4625 et
2311 4573 2599 4624 tormenta
2642 4567 2985 4636 inferebam,
3016 4586 3132 4625 non
3174 4575 3292 4625 tam
3324 4571 3467 4636 viro,
3500 4585 3673 4639 quam

2039 4664 2261 4725 statuas,
2294 4663 2398 4714 aut
2446 4656 2622 4712 alicui
2668 4656 2832 4712 alteri
2875 4657 3194 4713 inanimato
3243 4675 3310 4713 ea
3340 4673 3431 4713 me
3462 4657 3675 4712 inferre

2041 4748 2348 4806 censebam
2382 4765 2397 4815 ;
2445 4745 2491 4801 si
2524 4760 2756 4802 carcere
2807 4745 3029 4801 includi
3075 4745 3451 4816 imperabam,
3483 4745 3676 4801 existi-

2042 4839 2238 4895 mabat
2265 4837 2610 4906 imperatum
2641 4850 2767 4890 esse
2806 4833 3015 4904 inopiae
3053 4834 3302 4902 consilii,
3334 4850 3449 4890 non
3481 4841 3674 4890 autem

2043 4924 2464 4991 humanitatis;
2496 4927 2553 4980 et
2598 4940 2670 4979 ne
2699 4923 2784 4978 sic
2832 4923 3067 4993 quidem
3114 4922 3385 4990 stolidus,
3418 4925 3571 4994 quod
3603 4924 3676 4979 ad

2044 5019 2184 5071 deos
2219 5013 2455 5084 quidem
2501 5011 2730 5081 attinet,
2759 5014 2816 5066 et
2857 5027 2954 5066 eos
2981 5010 3080 5081 qui
3118 5009 3237 5067 illis
3269 5015 3488 5080 parent,
3523 5011 3679 5068 vole-

2046 5105 2145 5161 bat
2187 5102 2438 5174 quietem
2484 5116 2670 5172 agere.
2704 5099 2815 5156 Sed
2862 5114 2993 5154 cum
3051 5102 3204 5155 esset
3241 5100 3351 5154 sub
3401 5099 3676 5156 claustris

2045 5196 2103 5249 et
2162 5190 2519 5256 custodibus,
2564 5187 2881 5244 insultabat
2936 5202 3137 5244 eorum
3198 5188 3558 5244 tolerantia):
3619 5191 3676 5244 et

2045 5297 2152 5338 nec
2183 5277 2502 5336 desistebat
2531 5276 2763 5347 quidem
2801 5275 3013 5332 multos
3041 5293 3147 5333 suo
3179 5277 3378 5333 morbo
3410 5276 3671 5349 implere.

1928 5455 1974 5492 οδ
2015 5456 2192 5520 deest,
2225 5454 2288 5509 B.
2320 5483 2390 5492 —
2418 5449 2472 5503 ὲν
2500 5451 2579 5520 τῷ
2603 5445 2876 5517 κολάζειν,
2907 5453 2962 5504 C.
3007 5453 3066 5507 F.
3139 5449 3187 5486 9‘
3217 5445 3582 5519 Εὕστόλμιος,
3613 5450 3676 5506 Β.

1782 5527 1826 5563 ⁸⁷
1864 5527 2082 5596 ξαίνειν,
2151 5525 2214 5580 Β.

1472 5599 1493 5632 ³
1547 5597 1832 5671 βασάνους,
1882 5601 1944 5655 Β.

2316 5522 2368 5594 θὲ
2420 5520 2868 5594 προσενοικηκὸς,
2901 5526 2960 5576 B.
2986 5553 3061 5594 A—
3088 5520 3589 5594 προενοικηκρς,-Ο.
3617 5521 3676 5594 F_.

2045 5589 2077 5634 ³⁷
2121 5596 2250 5652 add.
2303 5589 2499 5665 αὐτῶν,
2559 5593 2618 5648 Β.
2670 5593 2728 5650 C.
2763 5594 2823 5650 F.
2856 5589 2862 5591 ⁷
2899 5595 2919 5627 ⁸
2975 5589 3256 5666 ἀπείχετο,
3288 5593 3348 5650 C.
3392 5593 3452 5648 Ρ.
3516 5590 3540 5623 ⁵
3587 5589 3676 5642 καὶ
