4124 6270
472 422 591 484 879

1758 382 2039 449 MENSIS
2085 377 2574 439 SEPTEMBER.

3782 374 3941 435 880

478 584 624 639 Cum
671 591 806 649 ergo
852 571 1015 629 visus
1056 571 1206 623 esset
1234 566 1291 620 et
1322 557 1529 618 ultricc
1559 567 1756 618 manu,
1780 552 1837 606 et
1882 541 2108 603 carniﬁ-
2138 589 2150 607 λ

2261 537 2308 591 αὶ
2372 533 2517 611 παρά
2566 540 2661 591 σοῦ
2724 532 3044 605 διιθύνεται,
3100 534 3193 589 καὶ
3265 532 3576 609 Κυπριανὸν
3658 534 3934 599 πάντως

2269 626 2281 643 ¹
2328 626 2433 649 -.αλ
2462 646 2559 649 __,__
2618 624 2845 649 1-..--Ιηη
2900 623 3142 649 ..---ΑΞ.Α-.
3200 624 3264 649 32..
3316 624 3407 649 -__.S
3474 624 3642 649 --.³--ἓη
3704 625 3891 649 ΞΡῌῨΖ

481 671 669 732 cibus,
701 630 852 738 q‘dod
886 662 955 717 ad
997 673 1105 714 nos
1150 653 1380 725 quidem
1412 649 1650 720 spectat,
1684 637 1968 711 superior,
2002 630 2114 689 sci-

1792 736 1798 738 Α
2098 718 2111 738 .

483 718 669 732 -..ρ-η
706 718 803 738 τ-
1165 718 1183 725 _
1447 718 1459 720 ί

483 775 654 817 amns
685 763 877 810 autem
908 762 1131 813 omnes,
1157 740 1310 812 quod
1346 746 1756 808 quamcunque
1788 736 2001 782 terram
2030 718 2117 775 sol

485 808 717 919 aspicit,
747 858 815 896 ea
843 838 948 892 tibi
984 808 1288 906 percu-sta
1317 834 1370 882 te
1404 824 1642 896 regitur,
1673 816 2021 891 Cyprianum
2045 808 2116 862 ad

485 942 542 993 te
555 899 691 992 rmisi
715 927 890 986 simul
915 941 1043 981 cum
1063 921 1294 977 Justina
1309 916 1531 986 virgine
1556 936 1569 977 ;
1594 924 1739 981 quos
1757 910 1859 961 aut
1886 899 2118 962 elﬁcies,

488 990 892 1081 utvdeclinent
938 1015 1012 1069 ab
1068 1008 1271 1066 odiosa
1305 1009 1363 1061 et
1430 996 1782 1057 exsecranda
1823 990 2120 1060 religione,

491 1080 590 1171 aut
618 1113 771 1167 circa
798 1106 929 1161 illos
957 1119 1025 1157 ea
1074 1098 1270 1162 facies,
1302 1110 1426 1165 quas
1459 1104 1671 1161 magno
1716 1084 1842 1141 Jovi
1875 1080 2122 1153 placent,

581 1200 696 1256 diis
725 1195 874 1252 aliis.
908 1190 1148 1248 Illorum
1196 1188 1387 1241 autem
1436 1173 1894 1234 inobedientiam
1927 1168 2127 1238 singu-

494 1289 658 1344 latim
690 1280 1067 1341 declarabunt
1096 1277 1243 1342 acta,
1275 1286 1399 1343 quae
1429 1270 1567 1325 sunt
1598 1264 1668 1319 de
1698 1262 1783 1318 eis
1814 1259 1983 1313 facta.

564 1372 735 1432 XXX.
795 1370 1040 1426 Litteras
1088 1364 1281 1433 itaque
1354 1357 1643 1427 legentem
1714 1349 2128 1419 imperatorem

498 1465 658 1523 subit
687 1457 991 1518 admiratio
1023 1471 1037 1522 ;
1070 1460 1123 1509 et
1163 1432 1471 1519 antequam
1503 1457 1703 1500 eorum
1738 1438 1946 1493 faceret
1979 1432 2129 1504 peri-

498 1552 714 1621 culum,
744 1547 934 1603 victus
971 1542 1080 1599 fuit
1109 1557 1143 1597 a
1180 1536 1311 1594 forti
1354 1540 1411 1591 et
1443 1546 1653 1603 magno
1684 1540 1887 1583 eorum
1915 1520 2129 1578 animo.

497 1644 642 1701 Cum
692 1653 827 1710 ergo
874 1634 1065 1690 visum
1132 1634 1280 1685 esset
1340 1623 1608 1680 sufﬁcere
1666 1616 1974 1678 tormenta,
2005 1623 2132 1681 quas

500 1731 934 1809 praecesserant,
968 1728 1024 1781 et
1052 1722 1217 1793 plura
1254 1718 1468 1774 inferre
1500 1712 1782 1784 iudicaret
1798 1722 1912 1761 non
1943 1700 2134 1759 solum

500 1792 625 1879 esse
681 1816 931 1881 crudele,
984 1792 1085 1869 sed
1158 1809 1332 1865 etiam
1399 1801 1755 1874 superﬂuum
1817 1792 2138 1866 (acceperat

500 1912 657 1968 enim
702 1924 801 1963 eos
850 1899 1134 1977 quidquid
1189 1896 1565 1957 inferebatur,
1595 1890 1903 1960 insigniter
1932 1880 2135 1977 despi-
2168 1902 2224 1969 B

502 2000 675 2072 cere),
704 1993 1131 2053 communicato
1182 2002 1310 2041 cum
1346 1982 1552 2038 amicis
1582 1977 1844 2039 consilio,
1880 1974 1975 2026 ubi
2006 1968 2137 2024 illos

504 2086 726 2144 invenit
756 2085 1084 2146 laudantes,
1115 2072 1391 2146 imposuit
1422 2071 1594 2125 finem
1636 2066 1707 2120 iis
1736 2078 1866 2135 quas
1900 2074 2140 2129 preces-

506 2180 705 2235 serant
736 2190 750 2228 :
785 2171 1129 2244 Cyprianus,
1161 2166 1381 2227 dicens,
1410 2169 1463 2215 et
1509 2155 1760 2223 Justina,
1789 2152 1888 2223 qui
1941 2150 2139 2203 adver-

508 2282 608 2323 sus
658 2264 793 2318 deos
830 2238 1223 2322 fremuerunt,
1257 2257 1311 2307 et
1351 2266 1423 2305 ne
1453 2243 1753 2317 suppliciis
1788 2240 2047 2311 quidem,
2081 2238 2143 2290 ut

508 2350 860 2412 sententiam
914 2349 1223 2410 mutarent,
1270 2336 1493 2395 inducti
1546 2340 1702 2396 sunt,
1735 2343 1920 2400 neque
1968 2327 2145 2382 bono-

508 2457 641 2501 rum
675 2435 996 2507 promissis,
1029 2430 1222 2505 gladio
1254 2433 1498 2483 mortem
1537 2421 1806 2479 subeant.

580 2506 777 2588 XXXI.
810 2526 939 2583 Haec
980 2539 1112 2579 cum
1153 2517 1337 2577 sancti
1386 2515 1731 2579 audiissent,
1764 2524 1881 2565 non
1920 2506 2144 2562 tristem

509 2621 758 2683 vultum,
792 2632 907 2672 non
955 2612 1197 2668 verbum
1241 2609 1574 2663 indecorum
1616 2607 1675 2655 et
1718 2594 2023 2662 illiberale,
2054 2607 2149 2647 ne-

515 2722 628 2782 que
680 2677 901 2773 aliquid
950 2698 1130 2765 aliud,
1173 2696 1327 2767 quod
1375 2695 1529 2748 esset
1576 2684 1775 2760 pusilli
1829 2686 1887 2738 et
1941 2677 2150 2752 abjecti

516 2795 717 2863 animi,
762 2792 1175 2849 ostenderunt:
1228 2784 1329 2843 sed
1388 2782 1580 2855 potius
1637 2777 1878 2842 alacres,
1905 2776 1963 2827 et
2022 2786 2149 2826 ma-

515 2903 686 2957 gnam
738 2882 915 2937 animi
967 2878 1222 2935 laetitiam
1268 2872 1428 2928 vultu
1470 2867 1885 2940 signiﬁcantes,
1920 2864 2153 2933 propter

518 2976 757 3036 ﬂuvium
794 2971 1021 3029 Gallum
1056 2968 1127 3023 ad
1180 2968 1422 3021 mortem
1472 2958 1855 3024 ducebantur,
1888 2966 2021 3005 cum
2064 2964 2155 3003 ac-

522 3066 837 3124 cessissent
885 3056 1122 3133 plurimi
1162 3055 1232 3111 ad
1278 3047 1697 3122 spectaculum,
1749 3049 1945 3115 utpote
2000 3039 2151 3111 quod

520 3158 678 3212 fama
723 3154 1005 3216 curreret,
1035 3150 1092 3202 et
1140 3159 1343 3201 omnes
1394 3138 1590 3196 statim
1648 3137 1876 3192 vocaret
1923 3133 2158 3202 propter

521 3256 905 3318 personarum
938 3236 1278 3293 claritatem.

592 3331 826 3391 XXXII.
860 3330 1001 3384 Cum
1025 3340 1160 3396 ergo
1182 3320 1409 3392 aliquod
1432 3318 1604 3373 breve
1635 3318 1864 3383 tempus
1895 3310 1966 3364 ad
1989 3323 2163 3363 oran-

524 3424 660 3479 dum
697 3420 1022 3491 petiissent,
1054 3418 1111 3469 et
1157 3410 1593 3482 impetrassent,
1620 3407 1679 3458 et
1708 3401 1967 3456 Ecclesiae
2000 3404 2159 3452 tran-

525 3489 892 3583 quillitatem,
920 3502 1308 3571 omnibusque
1361 3511 1561 3570 pacem
1609 3509 1643 3547 a
1684 3489 1914 3545 Christo
1964 3490 2163 3557 postu-

525 3574 770 3659 lassent.
803 3610 1052 3667 magnus
1096 3589 1416 3663 Cyprianus
1466 3600 1538 3639 ne
1566 3586 1687 3637 tum
1719 3578 1950 3647 quidem
1989 3574 2165 3630 mori-

523 3695 710 3758 turus,
760 3666 1060 3758 sapientia:
1108 3679 1323 3736 oblitus
1371 3678 1477 3743 est,
1526 3680 1583 3729 et
1638 3669 1819 3727 animi
1870 3666 2161 3738 magnitu-

526 3754 717 3843 dinis;
749 3754 847 3829 sed
896 3772 1120 3826 habens
1170 3770 1499 3836 suspectam
1542 3760 1769 3815 feminas
1801 3754 2164 3810 imbecillita-

528 3874 666 3929 tem,
698 3879 796 3918 eos
830 3860 1039 3930 quibus
1071 3854 1342 3910 mandata
1374 3852 1559 3904 fuerat
1588 3846 1794 3912 caedes,
1829 3844 2070 3915 rogavit,
2104 3844 2166 3896 ut

524 3953 688 4028 prius
738 3948 1131 4005 interficerent
1178 3940 1493 3997 Justinam.
1537 3935 1698 4001 Quod
1758 3949 1892 3988 cum
1945 3931 2163 3987 factum

524 4022 699 4106 esset,
731 4044 789 4093 et
828 4038 1057 4092 beatum
1093 4033 1266 4087 finem
1306 4044 1374 4083 ea
1413 4025 1751 4096 accepisset,
1794 4022 1891 4076 ille
1924 4035 2167 4091 magnas

526 4134 641 4188 Deo
665 4145 844 4201 agens
873 4125 1089 4197 gratias
1115 4124 1350 4192 propter
1380 4117 1531 4171 hanc
1558 4112 1858 4186 pulchram
1884 4116 1940 4165 et
1969 4118 2169 4181 optan-

525 4222 658 4276 dam
698 4199 1081 4280 vocationem,
1112 4210 1237 4282 ipse
1281 4221 1511 4279 quoque
1563 4220 1694 4259 mox
1749 4201 1911 4257 laetus
1974 4199 2167 4272 gladio

529 4310 997 4372 consummatur,
1029 4307 1086 4358 et
1116 4301 1185 4356 ad
1219 4302 1429 4355 costum
1462 4294 1741 4351 evehitur.

597 4395 856 4453 XXXIII.
890 4390 1231 4449 Jacentibus
1276 4402 1409 4455 ergo
1463 4384 1547 4438 sic
1594 4380 1959 4453 corporibus,
1998 4394 2169 4433 nemo

530 4487 784 4542 audebat
813 4499 881 4537 ea
912 4480 1115 4535 tollere
1147 4480 1378 4547 propter
1411 4486 1674 4540 magnam
1706 4469 2005 4540 gentilium
2043 4467 2172 4521 feri-

529 4582 733 4641 tatem,
766 4579 820 4626 et
884 4568 959 4623 ad
1034 4564 1318 4636 supplicia
1372 4560 1653 4617 sumenda
1726 4558 2164 4629 proclivitatem.

2225 626 2436 697 σύναμά
2458 646 2564 680 τινι
2594 624 2857 700 ⁶Ιουστίνῃ
2896 623 3169 699 παρθένῳ,
3199 624 3265 693 ἣν
3315 624 3408 679 καὶ
3469 624 3643 693 αὐτὴν
3699 625 3931 698 ἐξειπὲ-

2226 713 2432 784 στειλα,
2465 715 2554 775 οὓς
2590 717 2608 750 ⁷
2637 714 2672 783 ἢ
2705 722 2806 783 τῆς
2848 720 3088 786 μισητῆς
3139 712 3385 768 ἐκκλῖναι
3437 714 3745 788 θρησκείας
3800 736 3931 770 πα-

2230 805 2595 881 ρασκευάσεις,
2626 802 2661 873 ἢ
2694 804 2751 857 ἷά
2789 808 2868 875 τῷ
2930 802 3157 877 μεγάλῳ
3218 802 3302 857 Διὶ
3354 802 3446 857 καὶ
3503 810 3621 865 τοῖς
3681 802 3930 867 ἄλλοις

2229 898 2372 958 θεοῖς
2418 892 2711 967 ἀρέσκοντα
2764 894 2855 947 καὶ
2913 890 2994 947 ἔπ’
3035 890 3220 953 αὐτοῖς
3258 892 3572 966 καταπράξῃ
3606 894 3650 961 ⁸,
3684 894 3775 947 ὧν
3844 896 3928 949 τὸ

2234 982 2512 1047 δυσπειθὲς
2571 982 2780 1038 καὶτὰ
2834 982 2957 1058 περὶ
3041 982 3222 1038 αὐτῶν
3297 982 3673 1055 ὑπομνήματα
3760 982 3929 1038 κατᾶ

2238 1076 2401 1149 μέρος
2430 1071 2690 1145 ὀηλώσει.

2310 1330 2387 1386 Λ’.
2422 1327 2696 1400 Διεξιόντα
2724 1330 2857 1402 γοῦν
2889 1327 2954 1382 τὰ
2984 1324 3334 1402 γεγραμμένα
3364 1325 3454 1382 τὸν
3492 1328 3730 1402 βααιλὲα
3767 1331 3923 1384 619-

2243 1420 2429 1492 μάζειν
2482 1416 2661 1491 ἐπῄει,
2709 1415 2799 1471 καὶ
2857 1416 2963 1490 πρὸ
3012 1419 3111 1481 τῆς
3181 1415 3372 1490 πείρας
3447 1422 3549 1486 τῆς
3619 1424 3922 1493 καρτερᾶς

2242 1507 2415 1563 αὐτῶν
2470 1508 2557 1562 καὶ
2608 1505 2852 1580 μεγάλης
2902 1507 3102 1575 ἡττᾶτο
3150 1507 3357 1581 ψυχῆς.
3390 1506 3543 1563 Ἐπει
3576 1506 3668 1561 οῦν
3698 1508 3922 1571 ἱκανάς

2242 1594 2414 1651 ἐδόκει
2465 1595 2560 1658 τὰς
2609 1589 2995 1669 προλαϐούσας
3047 1592 3328 1668 βασάνους,
3368 1596 3462 1650 καὶ
3504 1596 3567 1651 τὸ
3624 1593 3920 1659 πλείονας

2243 1684 2506 1749 ἐπιθεῖναι
2558 1684 2581 1719 9
2633 1683 2731 1739 οὐκ
2785 1682 2976 1757 ἄγριον
3038 1681 3225 1755 μόνον,
3284 1681 3430 1739 ἀλλὰ
3486 1684 3574 1738 καὶ
3630 1685 3915 1759 περιττὸν

2246 1771 2448 1848 ἔκρινεν
2504 1773 2785 1846 (ἐμάνθανε
2832 1771 2934 1849 γάρ
2993 1769 3190 1833 αὐτοὺς
3247 1769 3449 1843 πολλῷ
3510 1777 3589 1844 τῷ
3645 1774 3913 1845 περιόντι

2246 1864 2441 1924 παντὸς
2501 1866 2599 1917 τοῦ
2657 1858 2998 1936 ἐπαγομένου
3046 1865 3445 1937 καταφρονεῖν),
3488 1862 3915 1935 κοινωσάμενος

2246 1951 2335 2008 καὶ
2381 1956 2497 2015 τοῖς
2545 1949 2726 2029 φίλοις
2767 1950 2931 2005 αὐτοῦ
2988 1950 3049 2005 τὸ
3091 1948 3395 2025 βούλευμα,
3446 1949 3561 2006 ἐπεὶ
3606 1951 3909 2016 κάκείιους

2250 2042 2595 2101 ἐπαινοῦντας
2656 2039 2798 2115 εὗρε,
2855 2039 3013 2103 τέλος
3085 2044 3204 2100 τοῖς
3278 2039 3538 2116 φθάσασιν
3608 2041 3904 2097 ὲπετίθει·

2252 2131 2581 2207 Κυπριανὸς,
2615 2130 2806 2200 εἰπὼν,
2856 2130 2946 2184 καὶ
3014 2127 3279 2186 Ἰουστίνα
3334 2131 3472 2184 κατὰ
3522 2134 3659 2193 θεῶν
3714 2152 3903 2207 φρυα-

2253 2222 2496 2295 ξάμενοι,
2527 2223 2617 2275 καὶ
2664 2222 2804 2291 μήτε
2857 2219 3114 2275 κολάσεσι
3176 2223 3509 2294 μεταγνῶναι
3559 2222 3603 2256 ⁸ο
3644 2222 3903 2285 πεισθέν-

2250 2332 2360 2376 τες,
2396 2313 2535 2383 μήτε
2595 2311 2700 2383 μὴν
2762 2310 2976 2386 ἀγαθῶν
3034 2308 3380 2382 ὑποσχέσεσι,
3410 2309 3501 2363 τὸν
3550 2306 3640 2364 διὰ
3706 2310 3901 2387 ξίφους

2257 2400 2358 2456 ὑπο
2367 2399 2666 2473 μενέτωσαν
2701 2409 2949 2463 θάνατον.

2327 2490 2454 2547 AA'.
2489 2488 2711 2546 Τούτων
2739 2487 3064 2548 ἀκούσαντες
3098 2488 3149 2542 οἱ
3181 2485 3350 2561 ἅγιοι,
3383 2487 3446 2542 οὐ
3485 2490 3711 2563 κατηῳῆ
3749 2489 3901 2564 ὄψιν,

2258 2579 2361 2633 οὐκ
2389 2577 2600 2652 ἀγεννὲς
2632 2577 2803 2650 ῥῆμα.
2862 2578 2966 2632 οὐκ
3002 2574 3146 2632 ἄλλο
3186 2551 3240 2631 τί
3293 2551 3653 2653 μικρόψυχον⁸
3684 2551 3726 2618 ίί

2260 2664 2498 2736 δείξαντο
2532 2684 2545 2697 °
2581 2664 2728 2721 ἀλλὰ
2758 2662 2979 2740 φαιδροὶ
3013 2662 3228 2737 μᾶλλον
3254 2664 3344 2720 καὶ
3376 2664 3595 2734 πολλὴν
3643 2668 3744 2737 τήν
3800 2674 3901 2738 τῆς

2261 2758 2445 2831 ψυχῆς
2491 2752 2696 2825 ἡδονὴν
2746 2754 2834 2810 ἐπὶ
2888 2758 2986 2809 τοῦ
3021 2755 3319 2829 προσώπου
3347 2755 3726 2827 σημαίνοντες,
3757 2761 3901 2831 παρά

2259 2847 2352 2902 τὸν
2383 2844 2627 2918 ποταμὸν
2671 2843 2879 2900 Γάλλον
2920 2846 3018 2915 την
3069 2842 3157 2898 ἐπὶ
3204 2846 3427 2908 θάνατον
3477 2816 3894 2920 ἤγοντοίπλεί-

2262 2958 2400 2992 στων
2452 2934 2592 2989 ὅσων
2634 2936 2768 3005 πρὸς
2823 2935 2923 3003 τὴν
2983 2935 3102 2989 θὲαν
3146 2931 3511 3010 ἐπειγομένων
3544 2936 3609 3003 ﬂ,
3642 2936 3735 2991 ἅτε
3783 2935 3894 2991 δια-

2262 3025 2569 3101 τρεχούσης
2598 3030 2695 3092 τῆς
2728 3024 2901 3092 ἀκοῆς
2929 3023 3020 3078 καὶ
3058 3024 3260 3085 πάντας
3290 3022 3444 3085 εὐθὺς
3492 3022 3767 3095 καλούσης
3807 3024 3895 3080 διὰ

2266 3116 2327 3172 τὸ
2358 3119 2463 3171 τῶν
2497 3114 2817 3192 πχοσώπων
2858 3111 3148 3187 ἐπίσημον.

2190 3271 2241 3339 C
2342 3302 2463 3356 AB'.
2497 3297 2715 3377 Βραχὺν
2753 3294 2848 3351 οῦν
2895 3298 3083 3371 καιρὸν
3130 3298 3176 3334 ¹⁸
3220 3296 3297 3358 εἷς
3333 3296 3504 3373 εὐχὴν
3553 3297 3883 3370 αἰτησάμενοι

2267 3390 2357 3443 καὶ
2387 3388 2664 3462 τυχόντες.
2715 3387 3027 3443 εὐστάθειάν
3070 3408 3129 3442 τε
3174 3391 3243 3461 τῇ
3269 3388 3571 3461 Ἐκκλησίᾳ
3608 3389 3691 3442 καὶ
3747 3390 3890 3463 εἰρή-

2267 3498 2365 3547 νην
2413 3482 2539 3531 πᾶσι
2587 3477 2733 3552 παρὰ
2778 3480 3019 3551 Χριστοῦ
3073 3476 3445 3549 αἰτησάμενοι,
3499 3478 3527 3532 6
3574 3476 3733 3552 μέγας
3788 3482 3899 3535 Κυ-

2268 3567 2518 3642 πριανὸς,
2551 3562 2675 3621 οὐδὲ
2734 3569 2980 3636 θνήσκειν
3062 3565 3279 3639 μέλλων
3331 3566 3411 3627 εἷς
3459 3564 3633 3636 λήθην
3665 3568 3765 3635 ἧκε
3806 3572 3898 3623 τοῦ

2270 3662 2438 3735 σοφοῦ
2492 3677 2551 3712 τε
2606 3656 2697 3713 καὶ
2758 3655 3189 3733 μεγαλνέφρονος,
3247 3653 3393 3711 ἀλλᾶ
3451 3655 3513 3711 τὸ
3570 3660 3666 3712 τοῦ
3714 3659 3903 3727 θήλεος

2276 3748 2590 3804 ὑποπτεύων
2649 3747 2879 3815 ἀσθενὲς,
2928 3744 3055 3807 τοὺς
3111 3752 3209 3813 την
3260 3744 3527 3819 ἀναίρεσιν
3584 3744 3901 3821 ἐπιτετραμ-

2274 3836 2463 3909 μένους
2527 3835 2819 3893 Ἰουστίναν
2877 3834 3035 3904 ἠξίου
3092 3830 3524 3910 διαγειρίσασθαι
3585 3836 3844 3911 πρότερον
3886 3858 3899 3873 ·

2272 3923 2336 3978 οῦ
2366 3926 2682 3998 γενομένου,
2715 3924 2803 3978 καὶ
2851 3924 2916 3978 τὸ
2960 3924 3225 3996 μακάριον
3272 3921 3432 3986 τέλος
3477 3922 3647 3992 αὐτῆς
3694 3923 3903 3998 δέαμέ-

2272 4033 2391 4083 νης,
2424 4010 2643 4082 πολλὴν
2688 4014 2730 4048 ¹⁴
2786 3982 2991 4073 ἐκεῖνος
3043 3982 3429 4089 ὁμολογήσεις⁷
3457 4016 3537 4083 τῷ
3592 3982 3711 4085 θεῷ
3750 3982 3903 4090 ὲάριν

2271 4110 2371 4172 τῇς
2401 4100 2575 4171 καλῆς
2604 4104 2806 4170 ταύτης
2838 4100 2927 4156 καὶ
2976 4108 3232 4169 ποθεινῆς
3282 4100 3552 4171 κλήσεως,
3594 4072 3899 4179 περιγέρζῖκ

2273 4194 2361 4249 καὶ
2395 4194 2556 4253 αὐτὸς
2590 4190 2676 4247 διὰ
2710 4192 2894 4265 ξίφους
2928 4192 3087 4256 εὐθὺς
3128 4190 3453 4264 τελειοῦται,
3485 4190 3575 4246 καὶ
3801 4170 3901 4250 ,οὗ-

2279 4284 2434 4362 ρανὸν
2467 4285 2508 4319 ³⁸
2540 4281 2875 4356 ἀναφέρεται.

2347 4379 2464 4430 AI".
2524 4372 2706 4433 Οὕτως
2765 4369 2854 4426 οῦν
2915 4374 3022 4425 τῶν
3081 4372 3240 4443 ἱερῶν
3297 4371 3559 4444 κειμένων
3616 4374 3892 4443 σωμάτων,

2275 4466 2364 4520 καὶ
2400 4462 2627 4537 μηδενὸς
2667 4462 2996 4539 θαρῥοῦντος
3046 4461 3217 4517 αὐτῶν
3268 4463 3367 4531 τήν
3400 4461 3673 4535 ἀνάληψιν
3706 4460 3787 4517 διά
3830 4462 3882 4514 τὸ

2276 4553 2419 4610 πολὺ
2466 4559 2573 4608 τῶν
2626 4551 2999 4621 Ἑλληνιστῶν
3043 4548 3229 4627 ἄγριον
3268 4552 3359 4607 καὶ
3412 4552 3550 4626 πρὸς
3602 4551 3692 4613 τὰς
3732 4570 3881 4621 τιμω-

535 4619 733 4641 “HV—1
768 4619 820 4626 ν’
886 4619 958 4623 --
1036 4619 1080 4621 τί
1107 4619 1121 4636 ι
1149 4619 1163 4635 ι
1726 4619 1740 4629 .

532 4666 679 4725 Nam
739 4676 873 4717 cum
930 4659 989 4713 in
1049 4661 1281 4713 sanctos
1331 4657 1606 4724 martyres
1639 4651 1761 4720 jam
1802 4649 1915 4703 lata
1963 4647 2150 4704 fuisse

2279 4644 2397 4720 ρίας
2430 4642 2727 4718 ὀξύρροπον
2763 4619 2797 4674 '7
2818 4644 3067 4715 (σημεῖον
3090 4619 3180 4711 6E,
3209 4642 3296 4697 καὶ
3327 4642 3428 4716 γὰρ
3456 4619 3585 4712 ’ἤδη
3623 4640 3745 4695 κατὰ
3783 4619 3887 4695 τῶν

533 4753 843 4820 sententia,
889 4747 1177 4804 transiens
1233 4743 1491 4814 quidam,
1537 4740 1630 4794 cui
1704 4754 1912 4794 nomen
1986 4737 2166 4793 Theo-

533 4845 761 4910 clislus,
817 4844 875 4895 et
935 4838 1139 4893 videns
1198 4832 1406 4889 abduci
1458 4834 1686 4887 sanctos
1738 4827 1932 4883 solum
1975 4827 2164 4883 dixit:

534 4936 718 5001 Quam
752 4931 973 5001 injuste
1003 4925 1173 4982 morti
1200 4923 1397 4978 traditi
1418 4921 1651 4975 fuerunt
1679 4918 1861 4973 sancti
1890 4916 1903 4973 l
1934 4926 1985 4973 et
2019 4934 2168 4973 mar-

532 5027 626 5094 tyr
654 5019 765 5075 fuit
794 5024 1022 5087 repente
1053 5015 1276 5086 absque
1332 5009 1450 5066 ullo
1482 5007 1731 5080 negotio.
1763 5005 1949 5064 Simul
2000 5014 2168 5076 atque

536 5110 690 5165 enim
723 5108 832 5162 hoc
862 5107 1126 5169 dixisset,
1157 5117 1291 5158 eum
1323 5116 1387 5155 ex
1423 5114 1570 5170 equo
1600 5097 1880 5167 dejiciens
1907 5111 2169 5151 assessor

537 5199 803 5265 Felicius,
835 5198 935 5253 cui
984 5196 1300 5265 imperator
1339 5190 1735 5261 principaliter
1776 5187 2079 5242 mandarat
2109 5186 2168 5240 in

536 5291 768 5342 sanctos
818 5282 1401 5347 animadversionem,
1452 5294 1647 5350 parem
1698 5275 1910 5333 Christi
1961 5279 2172 5346 marty-

538 5374 701 5428 ribus
750 5372 801 5426 ei
851 5387 1083 5443 quoque
1135 5376 1376 5425 mortem
1422 5367 1637 5422 attulit.
1684 5367 1821 5421 Cum
1871 5380 2003 5433 ergo
2054 5380 2168 5418 non

540 5476 746 5533 parum
815 5459 1093 5531 temporis
1150 5455 1592 5522 intercessisset,
1653 5459 1711 5509 et
1767 5454 1852 5510 sic
1910 5452 2169 5525 pretiosa

610 5618 633 5653 ⁷
689 5618 867 5687 deest,
930 5624 987 5677 Β.
1044 5619 1105 5673 C.
1206 5618 1227 5654 ³
1283 5612 1647 5687 καταπράξει,
1690 5612 1752 5670 Β.

538 5686 811 5782 γομένων,
852 5684 932 5747 VB,
1037 5689 1085 5726 ³³
1142 5689 1273 5744 add.
1333 5684 1474 5753 TWa,
1520 5686 1578 5740 C-
1609 5684 1670 5739 F-

568 5754 794 5823 Ελϐιο-τ,
831 5760 893 5819 Β.
930 5793 995 5806 --
1029 5753 1287 5825 Φὲλϐιος,
1318 5756 1377 5811 F.

1856 5611 1879 5648 θ
1934 5608 2208 5683 ἐπιϐῆναι,
2268 5615 2331 5683 Β.

1750 5681 1795 5721 ³⁴
1827 5684 1954 5739 add.
1996 5682 2104 5749 καὶ,
2134 5685 2190 5739 Β.

2278 4734 2437 4809 ἁγίων
2504 4732 2791 4804 μαρτύρων
2870 4728 3118 4801 δοθείσης
3184 4737 3286 4800 τῆς
3364 4731 3708 4809 ἀποφάσεως,
3762 4748 3889 4803 παρ-

2277 4821 2477 4878 οδεύων
2530 4842 2634 4889 τις,
2664 4822 2709 4893 ᾧ
2754 4819 3069 4882 Θεὸκτιστος
3120 4815 3315 4891 ὄνομα,
3346 4818 3435 4873 καὶ
3485 4820 3576 4874 τὸν
3626 4818 3777 4894 ἅγιον
3802 4817 3889 4871 ἀπ-

2278 4911 2540 4985 αγόμενον
2602 4912 2645 4946 ¹⁸
2701 4909 3045 4981 θεασάμενος,
3096 4909 3169 4970 ὡς
3232 4908 3397 4981 μόνον
3456 4902 3555 4986 ἔφη
3595 4928 3610 4941 ο
3681 4904 3894 4968 Ἀδικως

2278 5000 2460 5072 ἀτίμῳ
2493 5000 2705 5070 θανάτῳ
2735 4998 2882 5060 ὅσιος
2913 4998 2958 5034 ¹⁷
2988 4997 3123 5070 ἀνὴρ
3171 4993 3554 5071 παραδέδοται,
3590 4996 3793 5071 μάρτυς
3836 4995 3896 5064 ἦν

2278 5095 2618 5164 παραχρῆμα
2651 5085 2891 5165 σχὲδιος,
2926 5088 3036 5159 ἅμα
3088 5086 3187 5160 γὰρ
3244 5090 3313 5160 τῇ
3374 5089 3524 5160 φωνῇ
3582 5089 3679 5141 τοῦ
3736 5083 3899 5140 ἵππου

2278 5178 2604 5253 κατενεγκὼν
2634 5176 2795 5233 αὐτὸν
2848 5175 3081 5237 Φελκιος
3119 5177 3160 5214 ¹⁸
3217 5177 3245 5230 ὁ
3305 5172 3687 5249 συγκάθεδρος,
3718 5174 3763 5246 ᾧ
3815 5175 3899 5227 καὶ

2277 5270 2345 5324 τὰ
2398 5269 2522 5344 περὶ
2576 5272 2684 5323 τῶν
2740 5266 2909 5340 ἁγίων
2954 5266 2980 5319 6
3023 5263 3282 5339 βασιλεὺς
3337 5264 3769 5340 προηγουμένως
3816 5261 3901 5319 ὲπο

2280 5359 2500 5432 ἐσκηψε,
2532 5358 2623 5413 τὸν
2664 5357 2772 5411 ίσον
2800 5354 2889 5410 καὶ
2930 5354 3076 5427 αὐτῴ
3106 5360 3221 5416 τοῖς
3254 5358 3351 5409 τοῦ
3382 5358 3623 5429 Χριστοῦ
3657 5371 3905 5427 μάρτυσιν

2279 5450 2513 5524 ἐπήγαγε
2553 5446 2823 5519 θάνατον’)
2852 5444 3056 5521 χρόνου
3102 5442 3193 5499 οῦν
3240 5443 3372 5519 οὐχὶ
3415 5445 3619 5519 συχνοῦ
3677 5439 3905 5517 διαγενο-

2442 5609 2487 5647 ¹⁰
2543 5608 2900 5681 καταγνῶναι,
2961 5605 3027 5681 B._
3125 5603 3169 5642 “
3230 5603 3445 5678 μικρὸν,
3505 5607 3563 5658 Β.
3668 5601 3715 5639 ⁸³
3784 5599 3903 5657 ἐπα-

2268 5682 2313 5717 “
2335 5680 2620 5758 οὐρανοὺς,
2646 5672 2704 5737 Βξ
2783 5678 2826 5714 ¹⁶
2862 5672 3306 5752 ἐπαγόμενον,’Β.
3333 5672 3342 5678 ⁷
3387 5673 3433 5713 ³⁷
3462 5674 3596 5731 add.
3650 5673 3701 5747 ὁ,
3733 5674 3789 5731 Β.
3859 5672 3908 5708 ί⁸
