  <div class='ocr_page' id='page_1' title='image "/cluster/home/n/w/nwhite01/storage/ocr_20150623/115/mdp.39015028574336/452.png"; bbox 0 0 4124 6270; ppageno 0'>
   <div class='ocr_carea' id='block_1_1' title="bbox 278 288 390 350">
    <p class='ocr_par' dir='ltr' id='par_1_1' title="bbox 278 288 390 350">
     <span class='ocr_line' id='line_1_1' title="bbox 278 288 390 350; baseline -0.027 -1"><span class='ocrx_word' id='word_1_1' title='bbox 278 288 390 350; x_wconf 74' lang='grc'><strong>881</strong></span> 
     </span>
    </p>
   </div>
   <div class='ocr_carea' id='block_1_2' title="bbox 1409 291 2574 358">
    <p class='ocr_par' dir='ltr' id='par_1_2' title="bbox 1409 291 2574 358">
     <span class='ocr_line' id='line_1_2' title="bbox 1409 291 2574 358; baseline 0.003 -7"><span class='ocrx_word' id='word_1_2' title='bbox 1409 291 1886 353; x_wconf 77' lang='lat' dir='ltr'><strong>MAltTYIiIUM</strong></span> <span class='ocrx_word' id='word_1_3' title='bbox 1936 293 1998 353; x_wconf 91' lang='lat' dir='ltr'><strong>S.</strong></span> <span class='ocrx_word' id='word_1_4' title='bbox 2047 293 2574 358; x_wconf 78' lang='lat' dir='ltr'><strong>CALLISTRATI.</strong></span> 
     </span>
    </p>
   </div>
   <div class='ocr_carea' id='block_1_3' title="bbox 3567 290 3682 350">
    <p class='ocr_par' dir='ltr' id='par_1_3' title="bbox 3567 290 3682 350">
     <span class='ocr_line' id='line_1_3' title="bbox 3567 290 3682 350; baseline 0 -1"><span class='ocrx_word' id='word_1_5' title='bbox 3567 290 3682 350; x_wconf 77' lang='lat'><strong>882</strong></span> 
     </span>
    </p>
   </div>
   <div class='ocr_carea' id='block_1_4' title="bbox 289 442 1949 528">
    <p class='ocr_par' dir='ltr' id='par_1_4' title="bbox 289 442 1937 521">
     <span class='ocr_line' id='line_1_4' title="bbox 289 442 1937 521; baseline 0.002 -23"><span class='ocrx_word' id='word_1_6' title='bbox 289 445 476 517; x_wconf 72' lang='grc' dir='ltr'>μένου,</span> <span class='ocrx_word' id='word_1_7' title='bbox 526 443 616 498; x_wconf 84' lang='grc' dir='ltr'><strong>καὶ</strong></span> <span class='ocrx_word' id='word_1_8' title='bbox 672 445 780 497; x_wconf 91' lang='grc' dir='ltr'><strong>τῶν</strong></span> <span class='ocrx_word' id='word_1_9' title='bbox 845 442 1046 515; x_wconf 80' lang='grc' dir='ltr'>τιμίων</span> <span class='ocrx_word' id='word_1_10' title='bbox 1124 443 1270 500; x_wconf 73' lang='grc' dir='ltr'>οὕτω</span> <span class='ocrx_word' id='word_1_11' title='bbox 1341 446 1608 520; x_wconf 74' lang='grc' dir='ltr'>λειψάνων</span> <span class='ocrx_word' id='word_1_12' title='bbox 1671 444 1937 521; x_wconf 78' lang='grc' dir='ltr'><strong>κειμένων</strong></span> 
     </span>
    </p>
   </div>
   <div class='ocr_carea' id='block_1_5' title="bbox 2063 442 3684 528">
    <p class='ocr_par' dir='ltr' id='par_1_5' title="bbox 2063 453 3684 528">
     <span class='ocr_line' id='line_1_5' title="bbox 2063 453 3684 528; baseline -0.003 -18"><span class='ocrx_word' id='word_1_13' title='bbox 2063 455 2304 520; x_wconf 88' lang='lat' dir='ltr'><strong>iacerent</strong></span> <span class='ocrx_word' id='word_1_14' title='bbox 2378 457 2660 527; x_wconf 84' lang='lat' dir='ltr'><strong>reliquiae,</strong></span> <span class='ocrx_word' id='word_1_15' title='bbox 2741 455 2975 528; x_wconf 86' lang='lat' dir='ltr'><strong>quidam</strong></span> <span class='ocrx_word' id='word_1_16' title='bbox 3035 471 3104 511; x_wconf 78' lang='lat' dir='ltr'><strong>ex</strong></span> <span class='ocrx_word' id='word_1_17' title='bbox 3158 453 3526 519; x_wconf 89' lang='lat' dir='ltr'><strong>Christianis,</strong></span> <span class='ocrx_word' id='word_1_18' title='bbox 3584 453 3684 523; x_wconf 90' lang='lat' dir='ltr'><strong>qui</strong></span> 
     </span>
    </p>
   </div>
   <div class='ocr_carea' id='block_1_6' title="bbox 290 529 1940 609">
    <p class='ocr_par' dir='ltr' id='par_1_6' title="bbox 290 529 1940 609">
     <span class='ocr_line' id='line_1_6' title="bbox 290 529 1940 609; baseline 0.002 -21"><span class='ocrx_word' id='word_1_19' title='bbox 290 529 607 588; x_wconf 67' lang='grc' dir='ltr'><strong>διαπόντιον</strong></span> <span class='ocrx_word' id='word_1_20' title='bbox 635 529 694 586; x_wconf 77' lang='grc' dir='ltr'>ἐκ</span> <span class='ocrx_word' id='word_1_21' title='bbox 738 537 838 601; x_wconf 82' lang='grc' dir='ltr'><strong>τῆς</strong></span> <span class='ocrx_word' id='word_1_22' title='bbox 898 532 1122 604; x_wconf 81' lang='grc' dir='ltr'>Ῥώμης</span> <span class='ocrx_word' id='word_1_23' title='bbox 1174 533 1396 608; x_wconf 88' lang='grc' dir='ltr'>πορείαν</span> <span class='ocrx_word' id='word_1_24' title='bbox 1451 537 1593 598; x_wconf 66' lang='grc' dir='ltr'>τινες</span> <span class='ocrx_word' id='word_1_25' title='bbox 1639 541 1745 592; x_wconf 88' lang='grc' dir='ltr'><strong>τῶν</strong></span> <span class='ocrx_word' id='word_1_26' title='bbox 1806 541 1940 609; x_wconf 85' lang='grc' dir='ltr'>Χρι-</span> 
     </span>
    </p>
   </div>
   <div class='ocr_carea' id='block_1_7' title="bbox 292 618 1944 699">
    <p class='ocr_par' dir='ltr' id='par_1_7' title="bbox 292 618 1944 699">
     <span class='ocr_line' id='line_1_7' title="bbox 292 618 1944 699; baseline 0.001 -21"><span class='ocrx_word' id='word_1_27' title='bbox 292 625 522 678; x_wconf 87' lang='grc' dir='ltr'>στιανῶν</span> <span class='ocrx_word' id='word_1_28' title='bbox 583 618 964 694; x_wconf 74' lang='grc' dir='ltr'><strong>στελλόμενοι,</strong></span> <span class='ocrx_word' id='word_1_29' title='bbox 1025 619 1141 677; x_wconf 80' lang='grc' dir='ltr'>ἐπεὶ</span> <span class='ocrx_word' id='word_1_30' title='bbox 1205 623 1298 678; x_wconf 75' lang='grc' dir='ltr'>τὸν</span> <span class='ocrx_word' id='word_1_31' title='bbox 1368 625 1461 696; x_wconf 74' lang='grc' dir='ltr'>μὲν</span> <span class='ocrx_word' id='word_1_32' title='bbox 1527 625 1677 699; x_wconf 74' lang='grc' dir='ltr'>ἅγιον</span> <span class='ocrx_word' id='word_1_33' title='bbox 1738 621 1944 691; x_wconf 75' lang='grc' dir='ltr'>ἰδόντες</span> 
     </span>
    </p>
   </div>
   <div class='ocr_carea' id='block_1_8' title="bbox 295 708 1943 794">
    <p class='ocr_par' dir='ltr' id='par_1_8' title="bbox 295 708 1943 794">
     <span class='ocr_line' id='line_1_8' title="bbox 295 708 1943 794; baseline 0.002 -28"><span class='ocrx_word' id='word_1_34' title='bbox 295 709 449 772; x_wconf 71' lang='grc' dir='ltr'>εὐθὺς</span> <span class='ocrx_word' id='word_1_35' title='bbox 490 709 807 785; x_wconf 74' lang='grc' dir='ltr'>ἐγνώρισαν,</span> <span class='ocrx_word' id='word_1_36' title='bbox 857 710 954 766; x_wconf 77' lang='grc' dir='ltr'><strong>οὐκ</strong></span> <span class='ocrx_word' id='word_1_37' title='bbox 1011 711 1162 786; x_wconf 72' lang='grc' dir='ltr'>εἶχον</span> <span class='ocrx_word' id='word_1_38' title='bbox 1223 708 1279 767; x_wconf 78' lang='grc' dir='ltr'><strong>δὲ</strong></span> <span class='ocrx_word' id='word_1_39' title='bbox 1334 713 1462 776; x_wconf 70' lang='grc' dir='ltr'>τοὺς</span> <span class='ocrx_word' id='word_1_40' title='bbox 1513 713 1618 768; x_wconf 85' lang='grc' dir='ltr'><strong>τῶν</strong></span> <span class='ocrx_word' id='word_1_41' title='bbox 1687 713 1943 794; x_wconf 78' lang='grc' dir='ltr'>φυλάκων</span> 
     </span>
    </p>
   </div>
   <div class='ocr_carea' id='block_1_9' title="bbox 297 797 1944 877">
    <p class='ocr_par' dir='ltr' id='par_1_9' title="bbox 297 797 1944 877">
     <span class='ocr_line' id='line_1_9' title="bbox 297 797 1944 877; baseline 0 -21"><span class='ocrx_word' id='word_1_42' title='bbox 297 797 484 857; x_wconf 72' lang='grc' dir='ltr'>λαϐεῖν</span> <span class='ocrx_word' id='word_1_43' title='bbox 517 798 947 877; x_wconf 67' lang='grc' dir='ltr'>ὀφθαλμούςοοῖ</span> <span class='ocrx_word' id='word_1_44' title='bbox 1004 798 1084 855; x_wconf 82' lang='grc' dir='ltr'><strong>ἐπ’</strong></span> <span class='ocrx_word' id='word_1_45' title='bbox 1137 801 1270 856; x_wconf 77' lang='grc' dir='ltr'>αὐτὸ</span> <span class='ocrx_word' id='word_1_46' title='bbox 1325 807 1487 858; x_wconf 79' lang='grc' dir='ltr'>τοῦτο</span> <span class='ocrx_word' id='word_1_47' title='bbox 1548 803 1592 841; x_wconf 80' lang='grc'>¹⁹</span> <span class='ocrx_word' id='word_1_48' title='bbox 1641 805 1944 876; x_wconf 71' lang='grc' dir='ltr'>παρέμενον</span> 
     </span>
    </p>
   </div>
   <div class='ocr_carea' id='block_1_10' title="bbox 293 886 1939 966">
    <p class='ocr_par' dir='ltr' id='par_1_10' title="bbox 293 886 1939 966">
     <span class='ocr_line' id='line_1_10' title="bbox 293 886 1939 966; baseline 0.001 -22"><span class='ocrx_word' id='word_1_49' title='bbox 293 890 392 957; x_wconf 79' lang='grc' dir='ltr'><strong>τήν</strong></span> <span class='ocrx_word' id='word_1_50' title='bbox 423 891 531 944; x_wconf 85' lang='grc' dir='ltr'><strong>τῶν</strong></span> <span class='ocrx_word' id='word_1_51' title='bbox 577 886 846 963; x_wconf 74' lang='grc' dir='ltr'>λειψάνων</span> <span class='ocrx_word' id='word_1_52' title='bbox 891 889 1138 965; x_wconf 73' lang='grc' dir='ltr'>φυλακην</span> <span class='ocrx_word' id='word_1_53' title='bbox 1189 889 1663 966; x_wconf 72' lang='grc' dir='ltr'><strong>ἐπιτετραμμένοι,</strong></span> <span class='ocrx_word' id='word_1_54' title='bbox 1717 895 1813 946; x_wconf 76' lang='grc' dir='ltr'><strong>τοῦ</strong></span> <span class='ocrx_word' id='word_1_55' title='bbox 1865 893 1939 964; x_wconf 76' lang='grc' dir='ltr'><strong>μή</strong></span> 
     </span>
    </p>
   </div>
   <div class='ocr_carea' id='block_1_11' title="bbox 297 976 1944 1058">
    <p class='ocr_par' dir='ltr' id='par_1_11' title="bbox 297 976 1944 1058">
     <span class='ocr_line' id='line_1_11' title="bbox 297 976 1944 1058; baseline 0.001 -25"><span class='ocrx_word' id='word_1_56' title='bbox 297 978 445 1054; x_wconf 86' lang='grc' dir='ltr'><strong>παρά</strong></span> <span class='ocrx_word' id='word_1_57' title='bbox 499 998 660 1032; x_wconf 90' lang='grc' dir='ltr'>τινων</span> <span class='ocrx_word' id='word_1_58' title='bbox 725 976 1113 1047; x_wconf 68' lang='grc' dir='ltr'>ἀποκλαπῆιαι</span> <span class='ocrx_word' id='word_1_59' title='bbox 1178 984 1346 1036; x_wconf 71' lang='grc' dir='ltr'>ταῦτα</span> <span class='ocrx_word' id='word_1_60' title='bbox 1408 978 1512 1044; x_wconf 75' lang='grc' dir='ltr'>ἓως</span> <span class='ocrx_word' id='word_1_61' title='bbox 1571 981 1630 1036; x_wconf 78' lang='grc' dir='ltr'><strong>ἅν</strong></span> <span class='ocrx_word' id='word_1_62' title='bbox 1698 981 1944 1058; x_wconf 64' lang='grc' dir='ltr'>φθάσωσι</span> 
     </span>
    </p>
   </div>
   <div class='ocr_carea' id='block_1_12' title="bbox 296 1067 1942 1146">
    <p class='ocr_par' dir='ltr' id='par_1_12' title="bbox 296 1067 1942 1146">
     <span class='ocr_line' id='line_1_12' title="bbox 296 1067 1942 1146; baseline 0.001 -24"><span class='ocrx_word' id='word_1_63' title='bbox 296 1068 474 1142; x_wconf 81' lang='grc' dir='ltr'>τροφή</span> <span class='ocrx_word' id='word_1_64' title='bbox 506 1068 553 1103; x_wconf 72' lang='grc' dir='ltr'><strong>⁸ο</strong></span> <span class='ocrx_word' id='word_1_65' title='bbox 590 1072 856 1130; x_wconf 82' lang='grc' dir='ltr'>πετεινοῖς</span> <span class='ocrx_word' id='word_1_66' title='bbox 910 1068 999 1122; x_wconf 83' lang='grc' dir='ltr'><strong>καὶ</strong></span> <span class='ocrx_word' id='word_1_67' title='bbox 1051 1068 1265 1142; x_wconf 81' lang='grc' dir='ltr'>θηρίοις</span> <span class='ocrx_word' id='word_1_68' title='bbox 1312 1069 1588 1146; x_wconf 85' lang='grc' dir='ltr'>γινόμενα,</span> <span class='ocrx_word' id='word_1_69' title='bbox 1640 1067 1752 1124; x_wconf 62' lang='grc' dir='ltr'><strong>οὔδ’</strong></span> <span class='ocrx_word' id='word_1_70' title='bbox 1785 1068 1942 1124; x_wconf 69' lang='grc' dir='ltr'>αὐτοὶ</span> 
     </span>
    </p>
   </div>
   <div class='ocr_carea' id='block_1_13' title="bbox 296 1152 1945 1236">
    <p class='ocr_par' dir='ltr' id='par_1_13' title="bbox 296 1152 1945 1236">
     <span class='ocr_line' id='line_1_13' title="bbox 296 1152 1945 1236; baseline 0.001 -26"><span class='ocrx_word' id='word_1_71' title='bbox 296 1162 398 1224; x_wconf 80' lang='grc' dir='ltr'><strong>τῆς</strong></span> <span class='ocrx_word' id='word_1_72' title='bbox 445 1152 766 1230; x_wconf 85' lang='grc' dir='ltr'>προσεδρίας</span> <span class='ocrx_word' id='word_1_73' title='bbox 821 1155 863 1192; x_wconf 77' lang='grc'>²¹</span> <span class='ocrx_word' id='word_1_74' title='bbox 926 1155 1170 1229; x_wconf 71' lang='grc' dir='ltr'>ἠμέλουν</span> <span class='ocrx_word' id='word_1_75' title='bbox 1219 1155 1382 1232; x_wconf 79' lang='grc' dir='ltr'>ἄχρις</span> <span class='ocrx_word' id='word_1_76' title='bbox 1427 1159 1489 1212; x_wconf 77' lang='grc' dir='ltr'><strong>οὗ</strong></span> <span class='ocrx_word' id='word_1_77' title='bbox 1536 1159 1584 1194; x_wconf 77' lang='grc'><strong>²²</strong></span> <span class='ocrx_word' id='word_1_78' title='bbox 1628 1159 1679 1213; x_wconf 68' lang='grc' dir='ltr'>οἱ</span> <span class='ocrx_word' id='word_1_79' title='bbox 1711 1157 1945 1236; x_wconf 68' lang='grc' dir='ltr'>φύλακες</span> 
     </span>
    </p>
   </div>
   <div class='ocr_carea' id='block_1_14' title="bbox 303 1241 1944 1317">
    <p class='ocr_par' dir='ltr' id='par_1_14' title="bbox 303 1241 1944 1317">
     <span class='ocr_line' id='line_1_14' title="bbox 303 1241 1944 1317; baseline 0 -18"><span class='ocrx_word' id='word_1_80' title='bbox 303 1244 398 1316; x_wconf 74' lang='grc' dir='ltr'>μὲν</span> <span class='ocrx_word' id='word_1_81' title='bbox 465 1241 634 1298; x_wconf 78' lang='grc' dir='ltr'>ὕπνου</span> <span class='ocrx_word' id='word_1_82' title='bbox 691 1245 1028 1316; x_wconf 75' lang='grc' dir='ltr'>ἡττήθησαν.</span> <span class='ocrx_word' id='word_1_83' title='bbox 1087 1246 1244 1300; x_wconf 83' lang='grc' dir='ltr'><strong>αὐτοὶ</strong></span> <span class='ocrx_word' id='word_1_84' title='bbox 1310 1243 1366 1301; x_wconf 75' lang='grc' dir='ltr'><strong>δὲ</strong></span> <span class='ocrx_word' id='word_1_85' title='bbox 1419 1245 1544 1308; x_wconf 77' lang='grc' dir='ltr'>τοὺς</span> <span class='ocrx_word' id='word_1_86' title='bbox 1603 1243 1944 1317; x_wconf 86' lang='grc' dir='ltr'>πολυτίμους</span> 
     </span>
    </p>
   </div>
   <div class='ocr_carea' id='block_1_15' title="bbox 299 1331 1942 1408">
    <p class='ocr_par' dir='ltr' id='par_1_15' title="bbox 299 1331 1942 1408">
     <span class='ocr_line' id='line_1_15' title="bbox 299 1331 1942 1408; baseline -0.001 -21"><span class='ocrx_word' id='word_1_87' title='bbox 299 1331 617 1405; x_wconf 75' lang='grc' dir='ltr'>ἀνελόμενοι</span> <span class='ocrx_word' id='word_1_88' title='bbox 684 1332 989 1407; x_wconf 79' lang='grc' dir='ltr'>θησαυροὺς</span> <span class='ocrx_word' id='word_1_89' title='bbox 1058 1332 1144 1389; x_wconf 70' lang='grc' dir='ltr'><strong>ἐπὶ</strong></span> <span class='ocrx_word' id='word_1_90' title='bbox 1201 1335 1300 1403; x_wconf 81' lang='grc' dir='ltr'><strong>τήν</strong></span> <span class='ocrx_word' id='word_1_91' title='bbox 1357 1335 1580 1408; x_wconf 83' lang='grc' dir='ltr'>Ῥώμην</span> <span class='ocrx_word' id='word_1_92' title='bbox 1659 1331 1942 1401; x_wconf 80' lang='grc' dir='ltr'>ἀνέπλεον,</span> 
     </span>
    </p>
   </div>
   <div class='ocr_carea' id='block_1_16' title="bbox 298 1418 1936 1499">
    <p class='ocr_par' dir='ltr' id='par_1_16' title="bbox 298 1418 1936 1499">
     <span class='ocr_line' id='line_1_16' title="bbox 298 1418 1936 1499; baseline -0.001 -23"><span class='ocrx_word' id='word_1_93' title='bbox 298 1418 803 1499; x_wconf 71' lang='grc' dir='ltr'>ἓπιφερόμενοικαί</span> <span class='ocrx_word' id='word_1_94' title='bbox 851 1421 916 1478; x_wconf 72' lang='grc' dir='ltr'><strong>τὰ</strong></span> <span class='ocrx_word' id='word_1_95' title='bbox 971 1430 1071 1493; x_wconf 77' lang='grc' dir='ltr'><strong>τῆς</strong></span> <span class='ocrx_word' id='word_1_96' title='bbox 1117 1420 1399 1494; x_wconf 65' lang='grc' dir='ltr'>ἀθλήσεως</span> <span class='ocrx_word' id='word_1_97' title='bbox 1453 1423 1631 1480; x_wconf 74' lang='grc' dir='ltr'>αὐτῶν</span> <span class='ocrx_word' id='word_1_98' title='bbox 1696 1423 1936 1495; x_wconf 45' lang='lat' dir='ltr'><strong>ﬁmum.</strong></span> 
     </span>
    </p>
   </div>
   <div class='ocr_carea' id='block_1_17' title="bbox 302 1511 1942 1592">
    <p class='ocr_par' dir='ltr' id='par_1_17' title="bbox 302 1511 1942 1592">
     <span class='ocr_line' id='line_1_17' title="bbox 302 1511 1942 1592; baseline -0.002 -25"><span class='ocrx_word' id='word_1_99' title='bbox 302 1532 464 1586; x_wconf 83' lang='grc' dir='ltr'>ματα,</span> <span class='ocrx_word' id='word_1_100' title='bbox 513 1511 547 1567; x_wconf 78' lang='grc' dir='ltr'>ἅ</span> <span class='ocrx_word' id='word_1_101' title='bbox 591 1533 697 1568; x_wconf 90' lang='grc' dir='ltr'>τινι</span> <span class='ocrx_word' id='word_1_102' title='bbox 764 1517 871 1569; x_wconf 88' lang='grc' dir='ltr'><strong>τῶν</strong></span> <span class='ocrx_word' id='word_1_103' title='bbox 938 1514 1405 1592; x_wconf 70' lang='grc' dir='ltr'>περιφανεστάτων</span> <span class='ocrx_word' id='word_1_104' title='bbox 1477 1514 1612 1585; x_wconf 78' lang='grc' dir='ltr'>μετὰ</span> <span class='ocrx_word' id='word_1_105' title='bbox 1677 1513 1768 1568; x_wconf 86' lang='grc' dir='ltr'><strong>καὶ</strong></span> <span class='ocrx_word' id='word_1_106' title='bbox 1835 1517 1942 1568; x_wconf 89' lang='grc' dir='ltr'><strong>τῶν</strong></span> 
     </span>
    </p>
   </div>
   <div class='ocr_carea' id='block_1_18' title="bbox 298 1601 1940 1678">
    <p class='ocr_par' dir='ltr' id='par_1_18' title="bbox 298 1601 1940 1678">
     <span class='ocr_line' id='line_1_18' title="bbox 298 1601 1940 1678; baseline -0.003 -21"><span class='ocrx_word' id='word_1_107' title='bbox 298 1602 460 1677; x_wconf 76' lang='grc' dir='ltr'>ἱερῶν</span> <span class='ocrx_word' id='word_1_108' title='bbox 520 1603 788 1675; x_wconf 74' lang='grc' dir='ltr'>σωμάτων</span> <span class='ocrx_word' id='word_1_109' title='bbox 826 1602 1139 1658; x_wconf 69' lang='grc' dir='ltr'>πιστεύουσι</span> <span class='ocrx_word' id='word_1_110' title='bbox 1196 1606 1462 1678; x_wconf 88' lang='grc' dir='ltr'>γυναικῶν</span> <span class='ocrx_word' id='word_1_111' title='bbox 1504 1601 1796 1676; x_wconf 83' lang='grc' dir='ltr'>(Μαρτώνῃ</span> <span class='ocrx_word' id='word_1_112' title='bbox 1847 1601 1940 1674; x_wconf 77' lang='grc' dir='ltr'>μὲν</span> 
     </span>
    </p>
   </div>
   <div class='ocr_carea' id='block_1_19' title="bbox 296 1687 1944 1770">
    <p class='ocr_par' dir='ltr' id='par_1_19' title="bbox 296 1687 1944 1770">
     <span class='ocr_line' id='line_1_19' title="bbox 296 1687 1944 1770; baseline -0.001 -25"><span class='ocrx_word' id='word_1_113' title='bbox 296 1694 561 1764; x_wconf 77' lang='grc' dir='ltr'>τοῦνομα,</span> <span class='ocrx_word' id='word_1_114' title='bbox 627 1690 878 1770; x_wconf 74' lang='grc' dir='ltr'>Ῥουφίνῃ</span> <span class='ocrx_word' id='word_1_115' title='bbox 935 1689 992 1746; x_wconf 80' lang='grc' dir='ltr'><strong>δὲ</strong></span> <span class='ocrx_word' id='word_1_116' title='bbox 1044 1693 1108 1746; x_wconf 82' lang='grc' dir='ltr'><strong>τὸ</strong></span> <span class='ocrx_word' id='word_1_117' title='bbox 1167 1690 1476 1765; x_wconf 77' lang='grc' dir='ltr'>ἐπώνυμον)</span> <span class='ocrx_word' id='word_1_118' title='bbox 1536 1687 1807 1748; x_wconf 70' lang='grc' dir='ltr'>Κλαύδιον</span> <span class='ocrx_word' id='word_1_119' title='bbox 1856 1688 1944 1744; x_wconf 81' lang='grc' dir='ltr'><strong>αὖ-</strong></span> 
     </span>
    </p>
   </div>
   <div class='ocr_carea' id='block_1_20' title="bbox 2053 541 3685 613">
    <p class='ocr_par' dir='ltr' id='par_1_20' title="bbox 2053 541 3685 613">
     <span class='ocr_line' id='line_1_20' title="bbox 2053 541 3685 613; baseline -0.001 -15"><span class='ocrx_word' id='word_1_120' title='bbox 2053 545 2234 600; x_wconf 82' lang='lat' dir='ltr'><strong>Boma</strong></span> <span class='ocrx_word' id='word_1_121' title='bbox 2282 547 2338 600; x_wconf 92' lang='lat' dir='ltr'><strong>in</strong></span> <span class='ocrx_word' id='word_1_122' title='bbox 2388 545 2816 600; x_wconf 86' lang='lat' dir='ltr'><strong>transmarinas</strong></span> <span class='ocrx_word' id='word_1_123' title='bbox 2873 545 3182 600; x_wconf 84' lang='lat' dir='ltr'><strong>veniebant</strong></span> <span class='ocrx_word' id='word_1_124' title='bbox 3239 543 3526 613; x_wconf 79' lang='lat' dir='ltr'><strong>regiones,</strong></span> <span class='ocrx_word' id='word_1_125' title='bbox 3583 541 3685 597; x_wconf 90' lang='lat' dir='ltr'><strong>ubi</strong></span> 
     </span>
    </p>
   </div>
   <div class='ocr_carea' id='block_1_21' title="bbox 2053 633 3684 704">
    <p class='ocr_par' dir='ltr' id='par_1_21' title="bbox 2053 633 3684 704">
     <span class='ocr_line' id='line_1_21' title="bbox 2053 633 3684 704; baseline -0.003 -16"><span class='ocrx_word' id='word_1_126' title='bbox 2053 638 2316 690; x_wconf 89' lang='lat' dir='ltr'><strong>sanctum</strong></span> <span class='ocrx_word' id='word_1_127' title='bbox 2357 635 2641 690; x_wconf 81' lang='lat' dir='ltr'><strong>vidissent</strong></span> <span class='ocrx_word' id='word_1_128' title='bbox 2669 643 2722 690; x_wconf 88' lang='lat' dir='ltr'><strong>et</strong></span> <span class='ocrx_word' id='word_1_129' title='bbox 2753 650 2884 690; x_wconf 92' lang='lat' dir='ltr'><strong>eum</strong></span> <span class='ocrx_word' id='word_1_130' title='bbox 2909 635 3108 689; x_wconf 85' lang='lat' dir='ltr'><strong>statim</strong></span> <span class='ocrx_word' id='word_1_131' title='bbox 3143 633 3536 704; x_wconf 80' lang='lat' dir='ltr'><strong>agnovissent,</strong></span> <span class='ocrx_word' id='word_1_132' title='bbox 3570 645 3684 684; x_wconf 92' lang='lat' dir='ltr'><strong>non</strong></span> 
     </span>
    </p>
   </div>
   <div class='ocr_carea' id='block_1_22' title="bbox 2053 716 3686 793">
    <p class='ocr_par' dir='ltr' id='par_1_22' title="bbox 2053 716 3686 793">
     <span class='ocr_line' id='line_1_22' title="bbox 2053 716 3686 793; baseline -0.002 -17"><span class='ocrx_word' id='word_1_133' title='bbox 2053 729 2283 793; x_wconf 89' lang='lat' dir='ltr'><strong>possent</strong></span> <span class='ocrx_word' id='word_1_134' title='bbox 2312 731 2500 777; x_wconf 86' lang='lat' dir='ltr'><strong>autem</strong></span> <span class='ocrx_word' id='word_1_135' title='bbox 2535 721 2729 778; x_wconf 83' lang='lat' dir='ltr'><strong>fallere</strong></span> <span class='ocrx_word' id='word_1_136' title='bbox 2761 722 3068 777; x_wconf 79' lang='lat' dir='ltr'><strong>custodum</strong></span> <span class='ocrx_word' id='word_1_137' title='bbox 3101 722 3320 786; x_wconf 91' lang='lat' dir='ltr'><strong>oculos,</strong></span> <span class='ocrx_word' id='word_1_138' title='bbox 3354 719 3454 790; x_wconf 85' lang='lat' dir='ltr'><strong>qui</strong></span> <span class='ocrx_word' id='word_1_139' title='bbox 3475 721 3546 772; x_wconf 75' lang='lat' dir='ltr'><strong>aui</strong></span> <span class='ocrx_word' id='word_1_140' title='bbox 3578 716 3686 772; x_wconf 88' lang='lat' dir='ltr'><strong>hoc</strong></span> 
     </span>
    </p>
   </div>
   <div class='ocr_carea' id='block_1_23' title="bbox 2053 807 3689 880">
    <p class='ocr_par' dir='ltr' id='par_1_23' title="bbox 2053 807 3689 880">
     <span class='ocr_line' id='line_1_23' title="bbox 2053 807 3689 880; baseline -0.003 -17"><span class='ocrx_word' id='word_1_141' title='bbox 2053 809 2244 880; x_wconf 83' lang='lat' dir='ltr'><strong>ipsum</strong></span> <span class='ocrx_word' id='word_1_142' title='bbox 2296 810 2630 876; x_wconf 88' lang='lat' dir='ltr'><strong>manebant,</strong></span> <span class='ocrx_word' id='word_1_143' title='bbox 2676 809 2828 880; x_wconf 92' lang='lat' dir='ltr'><strong>quod</strong></span> <span class='ocrx_word' id='word_1_144' title='bbox 2877 816 3027 865; x_wconf 88' lang='lat' dir='ltr'><strong>esset</strong></span> <span class='ocrx_word' id='word_1_145' title='bbox 3073 809 3155 863; x_wconf 78' lang='lat' dir='ltr'><strong>cis</strong></span> <span class='ocrx_word' id='word_1_146' title='bbox 3203 807 3577 878; x_wconf 88' lang='lat' dir='ltr'><strong>imperatum,</strong></span> <span class='ocrx_word' id='word_1_147' title='bbox 3624 807 3689 859; x_wconf 88' lang='lat' dir='ltr'><strong>ut</strong></span> 
     </span>
    </p>
   </div>
   <div class='ocr_carea' id='block_1_24' title="bbox 2054 894 3687 970">
    <p class='ocr_par' dir='ltr' id='par_1_24' title="bbox 2054 894 3687 970">
     <span class='ocr_line' id='line_1_24' title="bbox 2054 894 3687 970; baseline -0.004 -18"><span class='ocrx_word' id='word_1_148' title='bbox 2054 898 2410 954; x_wconf 81' lang='lat' dir='ltr'><strong>custodirent</strong></span> <span class='ocrx_word' id='word_1_149' title='bbox 2451 897 2751 970; x_wconf 86' lang='lat' dir='ltr'><strong>reliquias,</strong></span> <span class='ocrx_word' id='word_1_150' title='bbox 2786 914 2856 954; x_wconf 90' lang='lat' dir='ltr'><strong>ne</strong></span> <span class='ocrx_word' id='word_1_151' title='bbox 2890 913 2967 954; x_wconf 76' lang='lat' dir='ltr'><strong>eaa</strong></span> <span class='ocrx_word' id='word_1_152' title='bbox 2999 896 3070 952; x_wconf 87' lang='lat' dir='ltr'><strong>ab</strong></span> <span class='ocrx_word' id='word_1_153' title='bbox 3100 895 3292 966; x_wconf 87' lang='lat' dir='ltr'><strong>aliquo</strong></span> <span class='ocrx_word' id='word_1_154' title='bbox 3324 894 3687 965; x_wconf 82' lang='lat' dir='ltr'><strong>subriperen-</strong></span> 
     </span>
    </p>
   </div>
   <div class='ocr_carea' id='block_1_25' title="bbox 2055 982 3684 1053">
    <p class='ocr_par' dir='ltr' id='par_1_25' title="bbox 2055 982 3684 1053">
     <span class='ocr_line' id='line_1_25' title="bbox 2055 982 3684 1053; baseline -0.002 -11"><span class='ocrx_word' id='word_1_155' title='bbox 2055 994 2167 1053; x_wconf 90' lang='lat' dir='ltr'><strong>tur,</strong></span> <span class='ocrx_word' id='word_1_156' title='bbox 2201 987 2383 1043; x_wconf 84' lang='lat' dir='ltr'><strong>donec</strong></span> <span class='ocrx_word' id='word_1_157' title='bbox 2405 995 2600 1044; x_wconf 83' lang='lat' dir='ltr'><strong>essent</strong></span> <span class='ocrx_word' id='word_1_158' title='bbox 2631 989 2913 1044; x_wconf 79' lang='lat' dir='ltr'><strong>devoratze</strong></span> <span class='ocrx_word' id='word_1_159' title='bbox 2947 1003 2979 1042; x_wconf 90' lang='lat' dir='ltr'><strong>a</strong></span> <span class='ocrx_word' id='word_1_160' title='bbox 3009 985 3336 1041; x_wconf 86' lang='lat' dir='ltr'><strong>volucribus</strong></span> <span class='ocrx_word' id='word_1_161' title='bbox 3366 988 3421 1040; x_wconf 90' lang='lat' dir='ltr'><strong>et</strong></span> <span class='ocrx_word' id='word_1_162' title='bbox 3452 982 3684 1038; x_wconf 85' lang='lat' dir='ltr'><strong>bestiis:</strong></span> 
     </span>
    </p>
   </div>
   <div class='ocr_carea' id='block_1_26' title="bbox 2056 1074 3686 1148">
    <p class='ocr_par' dir='ltr' id='par_1_26' title="bbox 2056 1074 3686 1148">
     <span class='ocr_line' id='line_1_26' title="bbox 2056 1074 3686 1148; baseline -0.003 -18"><span class='ocrx_word' id='word_1_163' title='bbox 2056 1091 2242 1146; x_wconf 91' lang='lat' dir='ltr'><strong>neque</strong></span> <span class='ocrx_word' id='word_1_164' title='bbox 2295 1076 2406 1147; x_wconf 85' lang='lat' dir='ltr'><strong>ipsi</strong></span> <span class='ocrx_word' id='word_1_165' title='bbox 2455 1081 2684 1148; x_wconf 83' lang='lat' dir='ltr'><strong>tempus</strong></span> <span class='ocrx_word' id='word_1_166' title='bbox 2739 1077 3043 1133; x_wconf 84' lang='lat' dir='ltr'><strong>observare</strong></span> <span class='ocrx_word' id='word_1_167' title='bbox 3101 1074 3500 1146; x_wconf 80' lang='lat' dir='ltr'><strong>neglexerunt,</strong></span> <span class='ocrx_word' id='word_1_168' title='bbox 3553 1087 3686 1126; x_wconf 90' lang='lat' dir='ltr'><strong>cum</strong></span> 
     </span>
    </p>
   </div>
   <div class='ocr_carea' id='block_1_27' title="bbox 2056 1159 3687 1236">
    <p class='ocr_par' dir='ltr' id='par_1_27' title="bbox 2056 1159 3687 1236">
     <span class='ocr_line' id='line_1_27' title="bbox 2056 1159 3687 1236; baseline -0.006 -16"><span class='ocrx_word' id='word_1_169' title='bbox 2056 1165 2326 1220; x_wconf 86' lang='lat' dir='ltr'><strong>custodes</strong></span> <span class='ocrx_word' id='word_1_170' title='bbox 2357 1165 2592 1236; x_wconf 84' lang='lat' dir='ltr'><strong>quidem</strong></span> <span class='ocrx_word' id='word_1_171' title='bbox 2625 1183 2658 1220; x_wconf 88' lang='lat' dir='ltr'><strong>a</strong></span> <span class='ocrx_word' id='word_1_172' title='bbox 2688 1182 2890 1220; x_wconf 84' lang='lat' dir='ltr'><strong>somno</strong></span> <span class='ocrx_word' id='word_1_173' title='bbox 2929 1164 3064 1221; x_wconf 86' lang='lat' dir='ltr'><strong>victi</strong></span> <span class='ocrx_word' id='word_1_174' title='bbox 3113 1163 3293 1217; x_wconf 86' lang='lat' dir='ltr'><strong>fuere.</strong></span> <span class='ocrx_word' id='word_1_175' title='bbox 3326 1162 3487 1217; x_wconf 90' lang='lat' dir='ltr'><strong>Tunc</strong></span> <span class='ocrx_word' id='word_1_176' title='bbox 3530 1159 3687 1215; x_wconf 91' lang='lat' dir='ltr'><strong>enim</strong></span> 
     </span>
    </p>
   </div>
   <div class='ocr_carea' id='block_1_28' title="bbox 2058 1249 3686 1325">
    <p class='ocr_par' dir='ltr' id='par_1_28' title="bbox 2058 1249 3686 1325">
     <span class='ocr_line' id='line_1_28' title="bbox 2058 1249 3686 1325; baseline -0.003 -19"><span class='ocrx_word' id='word_1_177' title='bbox 2058 1252 2194 1324; x_wconf 89' lang='lat' dir='ltr'><strong>ipsi,</strong></span> <span class='ocrx_word' id='word_1_178' title='bbox 2229 1254 2482 1325; x_wconf 82' lang='lat' dir='ltr'><strong>acceptis</strong></span> <span class='ocrx_word' id='word_1_179' title='bbox 2516 1254 2787 1324; x_wconf 87' lang='lat' dir='ltr'><strong>pretiosis</strong></span> <span class='ocrx_word' id='word_1_180' title='bbox 2835 1252 3153 1318; x_wconf 84' lang='lat' dir='ltr'><strong>thesauris,</strong></span> <span class='ocrx_word' id='word_1_181' title='bbox 3205 1251 3444 1305; x_wconf 79' lang='lat' dir='ltr'><strong>Romam</strong></span> <span class='ocrx_word' id='word_1_182' title='bbox 3495 1249 3686 1303; x_wconf 91' lang='lat' dir='ltr'><strong>denuo</strong></span> 
     </span>
    </p>
   </div>
   <div class='ocr_carea' id='block_1_29' title="bbox 2058 1341 3686 1412">
    <p class='ocr_par' dir='ltr' id='par_1_29' title="bbox 2058 1341 3686 1412">
     <span class='ocr_line' id='line_1_29' title="bbox 2058 1341 3686 1412; baseline -0.004 -16"><span class='ocrx_word' id='word_1_183' title='bbox 2058 1342 2424 1412; x_wconf 76' lang='lat' dir='ltr'><strong>navigarunt,</strong></span> <span class='ocrx_word' id='word_1_184' title='bbox 2485 1343 2789 1397; x_wconf 84' lang='lat' dir='ltr'><strong>aii&#39;erentes</strong></span> <span class='ocrx_word' id='word_1_185' title='bbox 2837 1341 3008 1395; x_wconf 88' lang='lat' dir='ltr'><strong>etiam</strong></span> <span class='ocrx_word' id='word_1_186' title='bbox 3065 1345 3438 1394; x_wconf 88' lang='lat' dir='ltr'><strong>monumenta</strong></span> <span class='ocrx_word' id='word_1_187' title='bbox 3484 1351 3686 1393; x_wconf 76' lang='lat' dir='ltr'><strong>eorum</strong></span> 
     </span>
    </p>
   </div>
   <div class='ocr_carea' id='block_1_30' title="bbox 2058 1427 3686 1500">
    <p class='ocr_par' dir='ltr' id='par_1_30' title="bbox 2058 1427 3686 1500">
     <span class='ocr_line' id='line_1_30' title="bbox 2058 1427 3686 1500; baseline -0.004 -15"><span class='ocrx_word' id='word_1_188' title='bbox 2058 1431 2486 1485; x_wconf 87' lang='lat' dir='ltr'><strong>decertationis.</strong></span> <span class='ocrx_word' id='word_1_189' title='bbox 2520 1431 2654 1496; x_wconf 76' lang='lat' dir='ltr'><strong>Quae</strong></span> <span class='ocrx_word' id='word_1_190' title='bbox 2693 1429 2928 1500; x_wconf 83' lang='lat' dir='ltr'><strong>quidem</strong></span> <span class='ocrx_word' id='word_1_191' title='bbox 2963 1429 3140 1484; x_wconf 87' lang='lat' dir='ltr'><strong>simul</strong></span> <span class='ocrx_word' id='word_1_192' title='bbox 3190 1444 3321 1483; x_wconf 91' lang='lat' dir='ltr'><strong>cum</strong></span> <span class='ocrx_word' id='word_1_193' title='bbox 3354 1427 3532 1482; x_wconf 76' lang='lat' dir='ltr'><strong>sacris</strong></span> <span class='ocrx_word' id='word_1_194' title='bbox 3561 1440 3686 1480; x_wconf 84' lang='lat' dir='ltr'><strong>cor-</strong></span> 
     </span>
    </p>
   </div>
   <div class='ocr_carea' id='block_1_31' title="bbox 2057 1513 3687 1591">
    <p class='ocr_par' dir='ltr' id='par_1_31' title="bbox 2057 1513 3687 1591">
     <span class='ocr_line' id='line_1_31' title="bbox 2057 1513 3687 1591; baseline -0.004 -17"><span class='ocrx_word' id='word_1_195' title='bbox 2057 1521 2296 1591; x_wconf 88' lang='lat' dir='ltr'><strong>poribus</strong></span> <span class='ocrx_word' id='word_1_196' title='bbox 2314 1520 2555 1574; x_wconf 89' lang='lat' dir='ltr'><strong>credunt</strong></span> <span class='ocrx_word' id='word_1_197' title='bbox 2574 1517 2705 1572; x_wconf 78' lang='lat' dir='ltr'><strong>ﬁdei</strong></span> <span class='ocrx_word' id='word_1_198' title='bbox 2723 1518 3027 1587; x_wconf 82' lang='lat' dir='ltr'><strong>cujusdam</strong></span> <span class='ocrx_word' id='word_1_199' title='bbox 3050 1516 3310 1572; x_wconf 84' lang='lat' dir='ltr'><strong>mulieris</strong></span> <span class='ocrx_word' id='word_1_200' title='bbox 3326 1513 3687 1584; x_wconf 64' lang='lat' dir='ltr'><strong>clarissime,</strong></span> 
     </span>
    </p>
   </div>
   <div class='ocr_carea' id='block_1_32' title="bbox 2055 1607 3686 1679">
    <p class='ocr_par' dir='ltr' id='par_1_32' title="bbox 2055 1607 3686 1679">
     <span class='ocr_line' id='line_1_32' title="bbox 2055 1607 3686 1679; baseline -0.002 -17"><span class='ocrx_word' id='word_1_201' title='bbox 2055 1610 2143 1662; x_wconf 93' lang='lat' dir='ltr'><strong>cui</strong></span> <span class='ocrx_word' id='word_1_202' title='bbox 2177 1625 2386 1662; x_wconf 90' lang='lat' dir='ltr'><strong>nomen</strong></span> <span class='ocrx_word' id='word_1_203' title='bbox 2419 1608 2652 1679; x_wconf 89' lang='lat' dir='ltr'><strong>quidem</strong></span> <span class='ocrx_word' id='word_1_204' title='bbox 2685 1612 2808 1661; x_wconf 89' lang='lat' dir='ltr'><strong>erat</strong></span> <span class='ocrx_word' id='word_1_205' title='bbox 2833 1607 3110 1670; x_wconf 85' lang='lat' dir='ltr'><strong>Martona,</strong></span> <span class='ocrx_word' id='word_1_206' title='bbox 3143 1620 3462 1677; x_wconf 87' lang='lat' dir='ltr'><strong>cognomen</strong></span> <span class='ocrx_word' id='word_1_207' title='bbox 3495 1613 3686 1658; x_wconf 84' lang='lat' dir='ltr'><strong>autem</strong></span> 
     </span>
    </p>
   </div>
   <div class='ocr_carea' id='block_1_33' title="bbox 2057 1691 3685 1768">
    <p class='ocr_par' dir='ltr' id='par_1_33' title="bbox 2057 1691 3685 1768">
     <span class='ocr_line' id='line_1_33' title="bbox 2057 1691 3685 1768; baseline -0.005 -16"><span class='ocrx_word' id='word_1_208' title='bbox 2057 1697 2325 1752; x_wconf 82' lang='lat' dir='ltr'><strong>Rufilna:</strong></span> <span class='ocrx_word' id='word_1_209' title='bbox 2377 1713 2502 1768; x_wconf 70' lang='lat' dir='ltr'><strong>quas</strong></span> <span class='ocrx_word' id='word_1_210' title='bbox 2543 1695 2770 1751; x_wconf 89' lang='lat' dir='ltr'><strong>dicebat</strong></span> <span class='ocrx_word' id='word_1_211' title='bbox 2811 1712 2872 1750; x_wconf 88' lang='lat' dir='ltr'><strong>se</strong></span> <span class='ocrx_word' id='word_1_212' title='bbox 2901 1711 3087 1767; x_wconf 86' lang='lat' dir='ltr'><strong>genus</strong></span> <span class='ocrx_word' id='word_1_213' title='bbox 3118 1695 3328 1749; x_wconf 90' lang='lat' dir='ltr'><strong>ducere</strong></span> <span class='ocrx_word' id='word_1_214' title='bbox 3356 1711 3388 1747; x_wconf 91' lang='lat' dir='ltr'><strong>a</strong></span> <span class='ocrx_word' id='word_1_215' title='bbox 3427 1691 3685 1747; x_wconf 83' lang='lat' dir='ltr'><strong>Claudio.</strong></span> 
     </span>
    </p>
   </div>
   <div class='ocr_carea' id='block_1_34' title="bbox 298 1779 1949 1882">
    <p class='ocr_par' dir='ltr' id='par_1_34' title="bbox 298 1779 1943 1859">
     <span class='ocr_line' id='line_1_34' title="bbox 298 1779 1943 1859; baseline -0.002 -23"><span class='ocrx_word' id='word_1_216' title='bbox 298 1781 476 1856; x_wconf 71' lang='grc' dir='ltr'>χούσῃ</span> <span class='ocrx_word' id='word_1_217' title='bbox 505 1782 550 1817; x_wconf 82' lang='grc'><strong>²³</strong></span> <span class='ocrx_word' id='word_1_218' title='bbox 578 1784 674 1836; x_wconf 78' lang='grc' dir='ltr'>τοῦ</span> <span class='ocrx_word' id='word_1_219' title='bbox 705 1782 894 1855; x_wconf 69' lang='grc' dir='ltr'>γένους</span> <span class='ocrx_word' id='word_1_220' title='bbox 941 1783 1212 1859; x_wconf 72' lang='grc' dir='ltr'>ἀρχηγόν·</span> <span class='ocrx_word' id='word_1_221' title='bbox 1262 1781 1404 1858; x_wconf 71' lang='grc' dir='ltr'>ἥπερ</span> <span class='ocrx_word' id='word_1_222' title='bbox 1455 1782 1508 1838; x_wconf 76' lang='grc' dir='ltr'>ἐν</span> <span class='ocrx_word' id='word_1_223' title='bbox 1559 1785 1635 1854; x_wconf 82' lang='grc' dir='ltr'>τῷ</span> <span class='ocrx_word' id='word_1_224' title='bbox 1672 1779 1943 1853; x_wconf 83' lang='grc' dir='ltr'>ἐπεσημο-</span> 
     </span>
    </p>
   </div>
   <div class='ocr_carea' id='block_1_35' title="bbox 2063 1779 3691 1882">
    <p class='ocr_par' dir='ltr' id='par_1_35' title="bbox 2063 1780 3691 1854">
     <span class='ocr_line' id='line_1_35' title="bbox 2063 1780 3691 1854; baseline -0.003 -14"><span class='ocrx_word' id='word_1_225' title='bbox 2063 1787 2136 1840; x_wconf 85' lang='lat' dir='ltr'><strong>Ea</strong></span> <span class='ocrx_word' id='word_1_226' title='bbox 2176 1791 2366 1840; x_wconf 90' lang='lat' dir='ltr'><strong>autem</strong></span> <span class='ocrx_word' id='word_1_227' title='bbox 2400 1787 2458 1840; x_wconf 90' lang='lat' dir='ltr'><strong>in</strong></span> <span class='ocrx_word' id='word_1_228' title='bbox 2491 1785 2744 1840; x_wconf 85' lang='lat' dir='ltr'><strong>maxime</strong></span> <span class='ocrx_word' id='word_1_229' title='bbox 2783 1783 3000 1854; x_wconf 81' lang='lat' dir='ltr'><strong>insigni</strong></span> <span class='ocrx_word' id='word_1_230' title='bbox 3050 1782 3276 1837; x_wconf 89' lang='lat' dir='ltr'><strong>tumulo</strong></span> <span class='ocrx_word' id='word_1_231' title='bbox 3307 1781 3558 1838; x_wconf 87' lang='lat' dir='ltr'><strong>civitatis</strong></span> <span class='ocrx_word' id='word_1_232' title='bbox 3591 1780 3691 1835; x_wconf 89' lang='lat' dir='ltr'><strong>illa</strong></span> 
     </span>
    </p>
   </div>
   <div class='ocr_carea' id='block_1_36' title="bbox 297 1869 1951 1946">
    <p class='ocr_par' dir='ltr' id='par_1_36' title="bbox 297 1869 1951 1946">
     <span class='ocr_line' id='line_1_36' title="bbox 297 1869 1951 1946; baseline -0.002 -20"><span class='ocrx_word' id='word_1_233' title='bbox 297 1870 443 1942; x_wconf 84' lang='grc' dir='ltr'>τάτῳ</span> <span class='ocrx_word' id='word_1_234' title='bbox 474 1869 624 1944; x_wconf 86' lang='grc' dir='ltr'>λόγῳ</span> <span class='ocrx_word' id='word_1_235' title='bbox 651 1876 751 1939; x_wconf 80' lang='grc' dir='ltr'><strong>τῆς</strong></span> <span class='ocrx_word' id='word_1_236' title='bbox 791 1870 1007 1933; x_wconf 88' lang='grc' dir='ltr'>πόλεως</span> <span class='ocrx_word' id='word_1_237' title='bbox 1053 1872 1253 1945; x_wconf 86' lang='grc' dir='ltr'>τιμίως</span> <span class='ocrx_word' id='word_1_238' title='bbox 1303 1871 1353 1927; x_wconf 71' lang='grc' dir='ltr'>ἐν</span> <span class='ocrx_word' id='word_1_239' title='bbox 1395 1870 1555 1946; x_wconf 75' lang='grc' dir='ltr'>τιμία</span> <span class='ocrx_word' id='word_1_240' title='bbox 1581 1874 1747 1926; x_wconf 80' lang='grc' dir='ltr'>ταῦτα</span> <span class='ocrx_word' id='word_1_241' title='bbox 1793 1889 1951 1924; x_wconf 71' lang='grc' dir='ltr'>κατα-ι</span> 
     </span>
    </p>
   </div>
   <div class='ocr_carea' id='block_1_37' title="bbox 299 1959 1948 2038">
    <p class='ocr_par' dir='ltr' id='par_1_37' title="bbox 299 1959 1948 2038">
     <span class='ocr_line' id='line_1_37' title="bbox 299 1959 1948 2038; baseline 0.002 -24"><span class='ocrx_word' id='word_1_242' title='bbox 299 1959 485 2030; x_wconf 88' lang='grc' dir='ltr'>τίθησι</span> <span class='ocrx_word' id='word_1_243' title='bbox 517 1961 684 2033; x_wconf 74' lang='grc' dir='ltr'>θήκῃ,</span> <span class='ocrx_word' id='word_1_244' title='bbox 714 1959 882 2022; x_wconf 73' lang='grc' dir='ltr'>ἱάσεις</span> <span class='ocrx_word' id='word_1_245' title='bbox 915 1961 1179 2038; x_wconf 75' lang='grc' dir='ltr'>ἀφθόνους</span> <span class='ocrx_word' id='word_1_246' title='bbox 1210 1961 1271 2016; x_wconf 82' lang='grc' dir='ltr'>οὐ</span> <span class='ocrx_word' id='word_1_247' title='bbox 1301 1966 1415 2023; x_wconf 88' lang='grc' dir='ltr'>τοῖς</span> <span class='ocrx_word' id='word_1_248' title='bbox 1466 1960 1516 2015; x_wconf 76' lang='grc' dir='ltr'>ἐν</span> <span class='ocrx_word' id='word_1_249' title='bbox 1565 1963 1634 2034; x_wconf 77' lang='grc' dir='ltr'><strong>τῇ</strong></span> <span class='ocrx_word' id='word_1_250' title='bbox 1682 1959 1872 2033; x_wconf 81' lang='grc' dir='ltr'>Ῥώμῃ</span> <span class='ocrx_word' id='word_1_251' title='bbox 1902 1959 1948 1994; x_wconf 76' lang='grc'>²⁴</span> 
     </span>
    </p>
   </div>
   <div class='ocr_carea' id='block_1_38' title="bbox 305 2048 1948 2128">
    <p class='ocr_par' dir='ltr' id='par_1_38' title="bbox 305 2048 1948 2128">
     <span class='ocr_line' id='line_1_38' title="bbox 305 2048 1948 2128; baseline -0.002 -23"><span class='ocrx_word' id='word_1_252' title='bbox 305 2049 470 2124; x_wconf 85' lang='grc' dir='ltr'>μόνον</span> <span class='ocrx_word' id='word_1_253' title='bbox 521 2048 784 2119; x_wconf 72' lang='grc' dir='ltr'>οἰκοῦσιν,</span> <span class='ocrx_word' id='word_1_254' title='bbox 828 2049 975 2105; x_wconf 74' lang='grc' dir='ltr'>ἄλλα</span> <span class='ocrx_word' id='word_1_255' title='bbox 1031 2053 1122 2106; x_wconf 84' lang='grc' dir='ltr'><strong>καὶ</strong></span> <span class='ocrx_word' id='word_1_256' title='bbox 1163 2057 1280 2112; x_wconf 84' lang='grc' dir='ltr'>τοῖς</span> <span class='ocrx_word' id='word_1_257' title='bbox 1311 2051 1648 2128; x_wconf 61' lang='grc' dir='ltr'>πανταχόθεν</span> <span class='ocrx_word' id='word_1_258' title='bbox 1695 2052 1741 2086; x_wconf 74' lang='grc'><strong>³⁸</strong></span> <span class='ocrx_word' id='word_1_259' title='bbox 1779 2049 1948 2103; x_wconf 74' lang='grc' dir='ltr'>ἐκεῖσε</span> 
     </span>
    </p>
   </div>
   <div class='ocr_carea' id='block_1_39' title="bbox 303 2137 1945 2216">
    <p class='ocr_par' dir='ltr' id='par_1_39' title="bbox 303 2137 1945 2216">
     <span class='ocr_line' id='line_1_39' title="bbox 303 2137 1945 2216; baseline -0.001 -23"><span class='ocrx_word' id='word_1_260' title='bbox 303 2141 561 2216; x_wconf 77' lang='grc' dir='ltr'>φοιτῶσιν</span> <span class='ocrx_word' id='word_1_261' title='bbox 595 2139 715 2192; x_wconf 81' lang='grc' dir='ltr'>ὅσαι</span> <span class='ocrx_word' id='word_1_262' title='bbox 747 2137 951 2212; x_wconf 78' lang='grc' dir='ltr'>ἡμέραι</span> <span class='ocrx_word' id='word_1_263' title='bbox 977 2141 1287 2215; x_wconf 71' lang='grc' dir='ltr'>παρέχοντα</span> <span class='ocrx_word' id='word_1_264' title='bbox 1314 2141 1390 2202; x_wconf 87' lang='grc' dir='ltr'><strong>εἰς</strong></span> <span class='ocrx_word' id='word_1_265' title='bbox 1441 2137 1595 2210; x_wconf 75' lang='grc' dir='ltr'>δόξαν</span> <span class='ocrx_word' id='word_1_266' title='bbox 1650 2142 1786 2194; x_wconf 76' lang='grc' dir='ltr'>Θεοῦ</span> <span class='ocrx_word' id='word_1_267' title='bbox 1833 2143 1945 2192; x_wconf 78' lang='lat' dir='ltr'><strong>Ila-</strong></span> 
     </span>
    </p>
   </div>
   <div class='ocr_carea' id='block_1_40' title="bbox 295 2223 1950 2305">
    <p class='ocr_par' dir='ltr' id='par_1_40' title="bbox 295 2223 1950 2305">
     <span class='ocr_line' id='line_1_40' title="bbox 295 2223 1950 2305; baseline -0.001 -24"><span class='ocrx_word' id='word_1_268' title='bbox 295 2228 426 2302; x_wconf 84' lang='grc' dir='ltr'>τρὸς</span> <span class='ocrx_word' id='word_1_269' title='bbox 469 2227 557 2281; x_wconf 85' lang='grc' dir='ltr'><strong>καὶ</strong></span> <span class='ocrx_word' id='word_1_270' title='bbox 613 2227 816 2302; x_wconf 79' lang='grc' dir='ltr'>Κυρίου</span> <span class='ocrx_word' id='word_1_271' title='bbox 861 2229 1022 2301; x_wconf 81' lang='grc' dir='ltr'>ἡμῶν</span> <span class='ocrx_word' id='word_1_272' title='bbox 1065 2231 1250 2301; x_wconf 87' lang='grc' dir='ltr'>Ἰησοῦ</span> <span class='ocrx_word' id='word_1_273' title='bbox 1297 2231 1553 2305; x_wconf 71' lang='grc' dir='ltr'>Χριστοῦ,</span> <span class='ocrx_word' id='word_1_274' title='bbox 1605 2229 1650 2302; x_wconf 82' lang='grc' dir='ltr'>ᾧ</span> <span class='ocrx_word' id='word_1_275' title='bbox 1680 2228 1726 2266; x_wconf 75' lang='grc'>⁸⁸</span> <span class='ocrx_word' id='word_1_276' title='bbox 1754 2229 1789 2296; x_wconf 81' lang='grc' dir='ltr'><strong>ἡ</strong></span> <span class='ocrx_word' id='word_1_277' title='bbox 1824 2223 1950 2298; x_wconf 78' lang='grc' dir='ltr'><strong>δόξα</strong></span> 
     </span>
    </p>
   </div>
   <div class='ocr_carea' id='block_1_41' title="bbox 295 2314 1401 2392">
    <p class='ocr_par' dir='ltr' id='par_1_41' title="bbox 295 2314 1401 2392">
     <span class='ocr_line' id='line_1_41' title="bbox 295 2314 1401 2392; baseline 0.004 -20"><span class='ocrx_word' id='word_1_278' title='bbox 295 2314 374 2380; x_wconf 80' lang='grc' dir='ltr'><strong>είς</strong></span> <span class='ocrx_word' id='word_1_279' title='bbox 399 2315 526 2378; x_wconf 74' lang='grc' dir='ltr'>τοὺς</span> <span class='ocrx_word' id='word_1_280' title='bbox 550 2314 755 2378; x_wconf 79' lang='grc' dir='ltr'>αἰῶνας</span> <span class='ocrx_word' id='word_1_281' title='bbox 783 2321 892 2372; x_wconf 89' lang='grc' dir='ltr'><strong>τῶν</strong></span> <span class='ocrx_word' id='word_1_282' title='bbox 926 2318 1165 2377; x_wconf 74' lang='grc' dir='ltr'>αίώνων.</span> <span class='ocrx_word' id='word_1_283' title='bbox 1200 2320 1401 2392; x_wconf 79' lang='grc' dir='ltr'>Ἀμήν.</span> 
     </span>
    </p>
   </div>
   <div class='ocr_carea' id='block_1_42' title="bbox 338 2551 1206 2659">
    <p class='ocr_par' dir='ltr' id='par_1_42' title="bbox 338 2551 1206 2659">
     <span class='ocr_line' id='line_1_42' title="bbox 338 2551 1206 2659; baseline 0 0"><span class='ocrx_word' id='word_1_284' title='bbox 338 2551 777 2659; x_wconf 56' lang='grc' dir='ltr'><strong>ιέἒέθῗξίήθ·π</strong></span> <span class='ocrx_word' id='word_1_285' title='bbox 834 2553 882 2589; x_wconf 84' lang='grc'>¹⁰</span> <span class='ocrx_word' id='word_1_286' title='bbox 909 2553 1206 2659; x_wconf 59' lang='grc' dir='ltr'><strong>ξΐέἳῗὶιέδ·</strong></span> 
     </span>
    </p>
   </div>
   <div class='ocr_carea' id='block_1_43' title="bbox 293 2624 1266 2693">
    <p class='ocr_par' dir='ltr' id='par_1_43' title="bbox 293 2624 1266 2693">
     <span class='ocr_line' id='line_1_43' title="bbox 293 2624 1266 2693; baseline 0.005 -17"><span class='ocrx_word' id='word_1_287' title='bbox 293 2624 483 2693; x_wconf 78' lang='grc' dir='ltr'>αὐτῆς,</span> <span class='ocrx_word' id='word_1_288' title='bbox 524 2624 584 2681; x_wconf 90' lang='lat' dir='ltr'><strong>C.</strong></span> <span class='ocrx_word' id='word_1_289' title='bbox 631 2627 691 2680; x_wconf 93' lang='lat' dir='ltr'><strong>D.</strong></span> <span class='ocrx_word' id='word_1_290' title='bbox 736 2625 798 2681; x_wconf 90' lang='lat' dir='ltr'><strong>F.</strong></span> <span class='ocrx_word' id='word_1_291' title='bbox 912 2624 958 2662; x_wconf 79' lang='lat'>&quot;</span> <span class='ocrx_word' id='word_1_292' title='bbox 987 2624 1171 2693; x_wconf 76' lang='lat' dir='ltr'><strong>deest,</strong></span> <span class='ocrx_word' id='word_1_293' title='bbox 1204 2625 1266 2681; x_wconf 88' lang='grc' dir='ltr'><strong>Β.</strong></span> 
     </span>
    </p>
   </div>
   <div class='ocr_carea' id='block_1_44' title="bbox 291 2693 1482 2758">
    <p class='ocr_par' dir='ltr' id='par_1_44' title="bbox 291 2693 1482 2758">
     <span class='ocr_line' id='line_1_44' title="bbox 291 2693 1482 2758; baseline 0.007 -10"><span class='ocrx_word' id='word_1_294' title='bbox 291 2713 419 2749; x_wconf 88' lang='grc' dir='ltr'>πεια</span> <span class='ocrx_word' id='word_1_295' title='bbox 453 2698 544 2750; x_wconf 79' lang='grc' dir='ltr'><strong>νῦν</strong></span> <span class='ocrx_word' id='word_1_296' title='bbox 573 2694 662 2750; x_wconf 86' lang='grc' dir='ltr'><strong>καὶ</strong></span> <span class='ocrx_word' id='word_1_297' title='bbox 695 2695 775 2750; x_wconf 82' lang='grc' dir='ltr'><strong>ἀεὶ</strong></span> <span class='ocrx_word' id='word_1_298' title='bbox 811 2695 899 2750; x_wconf 87' lang='grc' dir='ltr'><strong>καὶ</strong></span> <span class='ocrx_word' id='word_1_299' title='bbox 933 2693 1101 2758; x_wconf 78' lang='grc' dir='ltr'><strong>εἷς....</strong></span> <span class='ocrx_word' id='word_1_300' title='bbox 1135 2698 1196 2754; x_wconf 84' lang='grc' dir='ltr'><strong>Β.</strong></span> <span class='ocrx_word' id='word_1_301' title='bbox 1228 2697 1290 2754; x_wconf 88' lang='lat' dir='ltr'><strong>C.</strong></span> <span class='ocrx_word' id='word_1_302' title='bbox 1322 2696 1389 2754; x_wconf 91' lang='lat' dir='ltr'><strong>D.</strong></span> <span class='ocrx_word' id='word_1_303' title='bbox 1422 2697 1482 2756; x_wconf 87' lang='lat' dir='ltr'><strong>F.</strong></span> 
     </span>
    </p>
   </div>
   <div class='ocr_carea' id='block_1_45' title="bbox 1317 2548 1855 2642">
    <p class='ocr_par' dir='ltr' id='par_1_45' title="bbox 1317 2548 1855 2642">
     <span class='ocr_line' id='line_1_45' title="bbox 1317 2548 1855 2642; baseline 0 0"><span class='ocrx_word' id='word_1_304' title='bbox 1317 2552 1362 2590; x_wconf 75' lang='grc' dir='ltr'>’ί</span> <span class='ocrx_word' id='word_1_305' title='bbox 1381 2548 1775 2642; x_wconf 65' lang='grc' dir='ltr'>,τεροῖιδρεέαςι</span> <span class='ocrx_word' id='word_1_306' title='bbox 1797 2555 1855 2609; x_wconf 72' lang='grc' dir='ltr'><strong>σο</strong></span> 
     </span>
    </p>
   </div>
   <div class='ocr_carea' id='block_1_46' title="bbox 1971 2549 2257 2622">
    <p class='ocr_par' dir='ltr' id='par_1_46' title="bbox 1971 2549 2257 2622">
     <span class='ocr_line' id='line_1_46' title="bbox 1971 2549 2257 2622; baseline -0.014 -14"><span class='ocrx_word' id='word_1_307' title='bbox 1971 2553 2019 2590; x_wconf 75' lang='grc'><strong>²²</strong></span> <span class='ocrx_word' id='word_1_308' title='bbox 2047 2549 2162 2622; x_wconf 74' lang='grc' dir='ltr'>οὗν,</span> <span class='ocrx_word' id='word_1_309' title='bbox 2197 2550 2257 2605; x_wconf 90' lang='grc' dir='ltr'><strong>Β.</strong></span> 
     </span>
    </p>
   </div>
   <div class='ocr_carea' id='block_1_47' title="bbox 1381 2623 1987 2692">
    <p class='ocr_par' dir='ltr' id='par_1_47' title="bbox 1381 2623 1987 2692">
     <span class='ocr_line' id='line_1_47' title="bbox 1381 2623 1987 2692; baseline -0.002 -10"><span class='ocrx_word' id='word_1_310' title='bbox 1381 2623 1886 2692; x_wconf 43' lang='lat' dir='ltr'><strong>“addfoixoﬁow,</strong></span> <span class='ocrx_word' id='word_1_311' title='bbox 1919 2623 1987 2681; x_wconf 89' lang='lat' dir='ltr'><strong>D.</strong></span> 
     </span>
    </p>
   </div>
   <div class='ocr_carea' id='block_1_48' title="bbox 2059 1868 3690 1945">
    <p class='ocr_par' dir='ltr' id='par_1_48' title="bbox 2059 1868 3690 1945">
     <span class='ocr_line' id='line_1_48' title="bbox 2059 1868 3690 1945; baseline -0.005 -15"><span class='ocrx_word' id='word_1_312' title='bbox 2059 1874 2372 1930; x_wconf 84' lang='lat' dir='ltr'><strong>honorifice</strong></span> <span class='ocrx_word' id='word_1_313' title='bbox 2403 1872 2637 1945; x_wconf 82' lang='lat' dir='ltr'><strong>deponit</strong></span> <span class='ocrx_word' id='word_1_314' title='bbox 2668 1873 2727 1928; x_wconf 91' lang='lat' dir='ltr'><strong>in</strong></span> <span class='ocrx_word' id='word_1_315' title='bbox 2761 1889 2876 1928; x_wconf 88' lang='lat' dir='ltr'><strong>una</strong></span> <span class='ocrx_word' id='word_1_316' title='bbox 2897 1872 3082 1937; x_wconf 88' lang='lat' dir='ltr'><strong>theca,</strong></span> <span class='ocrx_word' id='word_1_317' title='bbox 3114 1871 3332 1926; x_wconf 83' lang='lat' dir='ltr'><strong>aii‘atim</strong></span> <span class='ocrx_word' id='word_1_318' title='bbox 3359 1868 3690 1925; x_wconf 88' lang='lat' dir='ltr'><strong>curationes</strong></span> 
     </span>
    </p>
   </div>
   <div class='ocr_carea' id='block_1_49' title="bbox 2055 1957 3691 2034">
    <p class='ocr_par' dir='ltr' id='par_1_49' title="bbox 2055 1957 3691 2034">
     <span class='ocr_line' id='line_1_49' title="bbox 2055 1957 3691 2034; baseline -0.002 -16"><span class='ocrx_word' id='word_1_319' title='bbox 2055 1980 2170 2019; x_wconf 89' lang='lat' dir='ltr'><strong>non</strong></span> <span class='ocrx_word' id='word_1_320' title='bbox 2215 1963 2283 2020; x_wconf 90' lang='lat' dir='ltr'><strong>iis</strong></span> <span class='ocrx_word' id='word_1_321' title='bbox 2313 1964 2470 2030; x_wconf 86' lang='lat' dir='ltr'><strong>solis,</strong></span> <span class='ocrx_word' id='word_1_322' title='bbox 2518 1963 2615 2034; x_wconf 89' lang='lat' dir='ltr'><strong>qui</strong></span> <span class='ocrx_word' id='word_1_323' title='bbox 2656 1963 2896 2017; x_wconf 82' lang='lat' dir='ltr'><strong>Romam</strong></span> <span class='ocrx_word' id='word_1_324' title='bbox 2942 1960 3228 2027; x_wconf 85' lang='lat' dir='ltr'><strong>habitant,</strong></span> <span class='ocrx_word' id='word_1_325' title='bbox 3275 1959 3371 2015; x_wconf 89' lang='lat' dir='ltr'><strong>sed</strong></span> <span class='ocrx_word' id='word_1_326' title='bbox 3411 1958 3585 2014; x_wconf 87' lang='lat' dir='ltr'><strong>etiam</strong></span> <span class='ocrx_word' id='word_1_327' title='bbox 3619 1957 3691 2014; x_wconf 86' lang='lat' dir='ltr'><strong>iis</strong></span> 
     </span>
    </p>
   </div>
   <div class='ocr_carea' id='block_1_50' title="bbox 2057 2043 3690 2124">
    <p class='ocr_par' dir='ltr' id='par_1_50' title="bbox 2057 2043 3690 2124">
     <span class='ocr_line' id='line_1_50' title="bbox 2057 2043 3690 2124; baseline -0.006 -16"><span class='ocrx_word' id='word_1_328' title='bbox 2057 2055 2159 2124; x_wconf 89' lang='lat' dir='ltr'><strong>qui</strong></span> <span class='ocrx_word' id='word_1_329' title='bbox 2189 2051 2329 2108; x_wconf 92' lang='lat' dir='ltr'><strong>illuc</strong></span> <span class='ocrx_word' id='word_1_330' title='bbox 2358 2052 2598 2106; x_wconf 90' lang='lat' dir='ltr'><strong>veniunt</strong></span> <span class='ocrx_word' id='word_1_331' title='bbox 2634 2067 2701 2106; x_wconf 88' lang='lat' dir='ltr'><strong>ex</strong></span> <span class='ocrx_word' id='word_1_332' title='bbox 2733 2049 2890 2104; x_wconf 91' lang='lat' dir='ltr'><strong>omni</strong></span> <span class='ocrx_word' id='word_1_333' title='bbox 2923 2056 3104 2120; x_wconf 88' lang='lat' dir='ltr'><strong>parte.</strong></span> <span class='ocrx_word' id='word_1_334' title='bbox 3155 2045 3468 2119; x_wconf 69' lang='lat' dir='ltr'><strong>praebentia</strong></span> <span class='ocrx_word' id='word_1_335' title='bbox 3497 2043 3690 2117; x_wconf 87' lang='lat' dir='ltr'><strong>quoti-</strong></span> 
     </span>
    </p>
   </div>
   <div class='ocr_carea' id='block_1_51' title="bbox 2056 2133 3690 2213">
    <p class='ocr_par' dir='ltr' id='par_1_51' title="bbox 2056 2133 3690 2213">
     <span class='ocr_line' id='line_1_51' title="bbox 2056 2133 3690 2213; baseline -0.006 -17"><span class='ocrx_word' id='word_1_336' title='bbox 2056 2143 2146 2197; x_wconf 87' lang='lat' dir='ltr'><strong>die</strong></span> <span class='ocrx_word' id='word_1_337' title='bbox 2179 2156 2192 2197; x_wconf 90' lang='lat'><strong>:</strong></span> <span class='ocrx_word' id='word_1_338' title='bbox 2226 2141 2296 2196; x_wconf 88' lang='lat' dir='ltr'><strong>ad</strong></span> <span class='ocrx_word' id='word_1_339' title='bbox 2329 2141 2572 2213; x_wconf 84' lang='lat' dir='ltr'><strong>gloriam</strong></span> <span class='ocrx_word' id='word_1_340' title='bbox 2615 2139 2716 2195; x_wconf 91' lang='lat' dir='ltr'><strong>Dei</strong></span> <span class='ocrx_word' id='word_1_341' title='bbox 2752 2137 2946 2203; x_wconf 86' lang='lat' dir='ltr'><strong>Patris,</strong></span> <span class='ocrx_word' id='word_1_342' title='bbox 2979 2142 3035 2193; x_wconf 92' lang='lat' dir='ltr'><strong>et</strong></span> <span class='ocrx_word' id='word_1_343' title='bbox 3082 2136 3313 2192; x_wconf 89' lang='lat' dir='ltr'><strong>Domini</strong></span> <span class='ocrx_word' id='word_1_344' title='bbox 3344 2135 3521 2191; x_wconf 84' lang='lat' dir='ltr'><strong>nostri</strong></span> <span class='ocrx_word' id='word_1_345' title='bbox 3549 2133 3690 2188; x_wconf 89' lang='lat' dir='ltr'><strong>Jesu</strong></span> 
     </span>
    </p>
   </div>
   <div class='ocr_carea' id='block_1_52' title="bbox 2057 2223 3689 2301">
    <p class='ocr_par' dir='ltr' id='par_1_52' title="bbox 2057 2223 3689 2301">
     <span class='ocr_line' id='line_1_52' title="bbox 2057 2223 3689 2301; baseline -0.006 -16"><span class='ocrx_word' id='word_1_346' title='bbox 2057 2230 2316 2286; x_wconf 82' lang='lat' dir='ltr'><strong>Christi:</strong></span> <span class='ocrx_word' id='word_1_347' title='bbox 2371 2245 2547 2301; x_wconf 91' lang='lat' dir='ltr'><strong>quem</strong></span> <span class='ocrx_word' id='word_1_348' title='bbox 2607 2229 2771 2283; x_wconf 91' lang='lat' dir='ltr'><strong>decet</strong></span> <span class='ocrx_word' id='word_1_349' title='bbox 2817 2226 3008 2282; x_wconf 91' lang='lat' dir='ltr'><strong>omnis</strong></span> <span class='ocrx_word' id='word_1_350' title='bbox 3053 2225 3260 2293; x_wconf 89' lang='lat' dir='ltr'><strong>honor,</strong></span> <span class='ocrx_word' id='word_1_351' title='bbox 3308 2223 3585 2292; x_wconf 86' lang='lat' dir='ltr'><strong>majestas</strong></span> <span class='ocrx_word' id='word_1_352' title='bbox 3632 2224 3689 2276; x_wconf 84' lang='lat' dir='ltr'><strong>et</strong></span> 
     </span>
    </p>
   </div>
   <div class='ocr_carea' id='block_1_53' title="bbox 2060 2312 3692 2392">
    <p class='ocr_par' dir='ltr' id='par_1_53' title="bbox 2060 2312 3692 2392">
     <span class='ocr_line' id='line_1_53' title="bbox 2060 2312 3692 2392; baseline -0.006 -16"><span class='ocrx_word' id='word_1_353' title='bbox 2060 2319 2509 2392; x_wconf 85' lang='lat' dir='ltr'><strong>magniﬁcentia,</strong></span> <span class='ocrx_word' id='word_1_354' title='bbox 2543 2333 2699 2374; x_wconf 89' lang='lat' dir='ltr'><strong>nunc</strong></span> <span class='ocrx_word' id='word_1_355' title='bbox 2727 2325 2781 2374; x_wconf 88' lang='lat' dir='ltr'><strong>et</strong></span> <span class='ocrx_word' id='word_1_356' title='bbox 2811 2332 3061 2389; x_wconf 88' lang='lat' dir='ltr'><strong>semper,</strong></span> <span class='ocrx_word' id='word_1_357' title='bbox 3092 2320 3149 2372; x_wconf 89' lang='lat' dir='ltr'><strong>et</strong></span> <span class='ocrx_word' id='word_1_358' title='bbox 3178 2315 3237 2370; x_wconf 92' lang='lat' dir='ltr'><strong>in</strong></span> <span class='ocrx_word' id='word_1_359' title='bbox 3269 2312 3482 2371; x_wconf 65' lang='lat' dir='ltr'><strong>secula</strong></span> <span class='ocrx_word' id='word_1_360' title='bbox 3512 2326 3692 2368; x_wconf 67' lang='lat' dir='ltr'><strong>saecuo</strong></span> 
     </span>
    </p>
   </div>
   <div class='ocr_carea' id='block_1_54' title="bbox 2060 2408 2507 2466">
    <p class='ocr_par' dir='ltr' id='par_1_54' title="bbox 2060 2408 2507 2466">
     <span class='ocr_line' id='line_1_54' title="bbox 2060 2408 2507 2466; baseline -0.002 -1"><span class='ocrx_word' id='word_1_361' title='bbox 2060 2408 2269 2466; x_wconf 91' lang='lat' dir='ltr'><strong>lorum.</strong></span> <span class='ocrx_word' id='word_1_362' title='bbox 2300 2411 2507 2465; x_wconf 85' lang='lat' dir='ltr'><strong>Amen.</strong></span> 
     </span>
    </p>
   </div>
   <div class='ocr_carea' id='block_1_55' title="bbox 2371 2541 3692 2630">
    <p class='ocr_par' dir='ltr' id='par_1_55' title="bbox 2371 2541 3692 2630">
     <span class='ocr_line' id='line_1_55' title="bbox 2371 2541 3692 2630; baseline -0.005 -23"><span class='ocrx_word' id='word_1_363' title='bbox 2371 2552 2418 2588; x_wconf 75' lang='lat'>”</span> <span class='ocrx_word' id='word_1_364' title='bbox 2462 2547 2838 2630; x_wconf 50' lang='grc' dir='ltr'>αρχοξσης....</span> <span class='ocrx_word' id='word_1_365' title='bbox 2891 2547 3081 2630; x_wconf 66' lang='grc' dir='ltr'>αὐτῆς,</span> <span class='ocrx_word' id='word_1_366' title='bbox 3131 2548 3194 2603; x_wconf 87' lang='grc' dir='ltr'><strong>Β.</strong></span> <span class='ocrx_word' id='word_1_367' title='bbox 3234 2576 3304 2630; x_wconf 62' lang='grc' dir='ltr'><strong>-τ</strong></span> <span class='ocrx_word' id='word_1_368' title='bbox 3349 2541 3692 2630; x_wconf 38' lang='lat' dir='ltr'><strong>advoca&quot;?</strong></span> 
     </span>
    </p>
   </div>
   <div class='ocr_carea' id='block_1_56' title="bbox 2099 2613 3695 2696">
    <p class='ocr_par' dir='ltr' id='par_1_56' title="bbox 2099 2613 3695 2696">
     <span class='ocr_line' id='line_1_56' title="bbox 2099 2613 3695 2696; baseline -0.004 -21"><span class='ocrx_word' id='word_1_369' title='bbox 2099 2613 2161 2661; x_wconf 67' lang='grc' dir='ltr'>π’</span> <span class='ocrx_word' id='word_1_370' title='bbox 2174 2625 2367 2694; x_wconf 74' lang='grc' dir='ltr'>πρέπει</span> <span class='ocrx_word' id='word_1_371' title='bbox 2387 2613 2573 2696; x_wconf 44' lang='lat' dir='ltr'><strong>Ill-11‘}?</strong></span> <span class='ocrx_word' id='word_1_372' title='bbox 2580 2613 2722 2677; x_wconf 77' lang='grc' dir='ltr'>πᾶσα</span> <span class='ocrx_word' id='word_1_373' title='bbox 2755 2613 3093 2694; x_wconf 82' lang='grc' dir='ltr'>μεγαλοσῦνή</span> <span class='ocrx_word' id='word_1_374' title='bbox 3122 2637 3180 2674; x_wconf 88' lang='grc' dir='ltr'><strong>τε</strong></span> <span class='ocrx_word' id='word_1_375' title='bbox 3207 2616 3297 2672; x_wconf 84' lang='grc' dir='ltr'>καὶ</span> <span class='ocrx_word' id='word_1_376' title='bbox 3350 2613 3695 2692; x_wconf 68' lang='grc' dir='ltr'>μεγαλοπρέ-</span> 
     </span>
    </p>
   </div>
   <div class='ocr_carea' id='block_1_57' title="bbox 287 2889 3694 2932">
    <p class='ocr_par' dir='ltr' id='par_1_57' title="bbox 287 2889 3694 2932">
     <span class='ocr_line' id='line_1_57' title="bbox 287 2889 3694 2932; baseline -0.003 0"><span class='ocrx_word' id='word_1_377' title='bbox 287 2889 3694 2932; x_wconf 59' lang='lat' dir='ltr'><em>W</em></span> 
     </span>
    </p>
   </div>
   <div class='ocr_carea' id='block_1_58' title="bbox 923 2941 3074 3176">
    <p class='ocr_par' dir='ltr' id='par_1_58' title="bbox 923 2941 3074 3176">
     <span class='ocr_line' id='line_1_58' title="bbox 923 2941 3074 3176; baseline -0.001 -2"><span class='ocrx_word' id='word_1_378' title='bbox 923 3044 1963 3176; x_wconf 84' lang='grc' dir='ltr'><strong>ΜΑΡΤΥΡΙΟΝ</strong></span> <span class='ocrx_word' id='word_1_379' title='bbox 2089 3047 2434 3176; x_wconf 88' lang='grc' dir='ltr'><strong>ΤΟΥ</strong></span> <span class='ocrx_word' id='word_1_380' title='bbox 2552 3045 3074 3176; x_wconf 83' lang='grc' dir='ltr'><strong>ΑΓΙΟΥ</strong></span> 
     </span>
    </p>
   </div>
   <div class='ocr_carea' id='block_1_59' title="bbox 1679 3284 2329 3341">
    <p class='ocr_par' dir='ltr' id='par_1_59' title="bbox 1679 3284 2329 3341">
     <span class='ocr_line' id='line_1_59' title="bbox 1679 3284 2329 3341; baseline -0.003 -3"><span class='ocrx_word' id='word_1_381' title='bbox 1679 3284 2067 3341; x_wconf 77' lang='grc' dir='ltr'><strong>ΜΕΓΑΛΟΜΑ</strong></span> <span class='ocrx_word' id='word_1_382' title='bbox 2081 3285 2329 3339; x_wconf 82' lang='grc' dir='ltr'><strong>ΡΤΥΡΟΣ</strong></span> 
     </span>
    </p>
   </div>
   <div class='ocr_carea' id='block_1_60' title="bbox 1055 3471 2909 3750">
    <p class='ocr_par' dir='ltr' id='par_1_60' title="bbox 1055 3471 2909 3750">
     <span class='ocr_line' id='line_1_60' title="bbox 1055 3471 2909 3750; baseline -0.002 -102"><span class='ocrx_word' id='word_1_383' title='bbox 1055 3471 2909 3750; x_wconf 83' lang='grc' dir='ltr'><strong>ΚΑΛΛΙΣΤΡΑΤΟΥ</strong></span> 
     </span>
    </p>
   </div>
   <div class='ocr_carea' id='block_1_61' title="bbox 1656 3753 2332 3830">
    <p class='ocr_par' dir='ltr' id='par_1_61' title="bbox 1656 3753 2332 3830">
     <span class='ocr_line' id='line_1_61' title="bbox 1656 3753 2332 3830; baseline -0.003 -19"><span class='ocrx_word' id='word_1_384' title='bbox 1656 3754 1779 3811; x_wconf 78' lang='grc' dir='ltr'><strong>ΚΑΙ</strong></span> <span class='ocrx_word' id='word_1_385' title='bbox 1817 3757 1950 3808; x_wconf 79' lang='lat' dir='ltr'><strong>TQN</strong></span> <span class='ocrx_word' id='word_1_386' title='bbox 1990 3757 2120 3808; x_wconf 70' lang='lat' dir='ltr'><strong>arx</strong></span> <span class='ocrx_word' id='word_1_387' title='bbox 2156 3753 2332 3830; x_wconf 79' lang='grc' dir='ltr'><strong>ΛΥΤῼ</strong></span> 
     </span>
    </p>
   </div>
   <div class='ocr_carea' id='block_1_62' title="bbox 1356 4081 2648 4192">
    <p class='ocr_par' dir='ltr' id='par_1_62' title="bbox 1356 4081 2648 4192">
     <span class='ocr_line' id='line_1_62' title="bbox 1356 4081 2648 4192; baseline -0.003 0"><span class='ocrx_word' id='word_1_388' title='bbox 1356 4086 2121 4192; x_wconf 77' lang='lat' dir='ltr'><strong>MABTYBIUM</strong></span> <span class='ocrx_word' id='word_1_389' title='bbox 2163 4081 2648 4190; x_wconf 34' lang='lat' dir='ltr'><strong>&#39;SANCTI</strong></span> 
     </span>
    </p>
   </div>
   <div class='ocr_carea' id='block_1_63' title="bbox 1609 4301 2400 4366">
    <p class='ocr_par' dir='ltr' id='par_1_63' title="bbox 1609 4301 2400 4366">
     <span class='ocr_line' id='line_1_63' title="bbox 1609 4301 2400 4366; baseline -0.01 -1"><span class='ocrx_word' id='word_1_390' title='bbox 1609 4308 1700 4365; x_wconf 88' lang='lat' dir='ltr'><strong>ET</strong></span> <span class='ocrx_word' id='word_1_391' title='bbox 1747 4305 1983 4366; x_wconf 84' lang='lat' dir='ltr'><strong>MAGNI</strong></span> <span class='ocrx_word' id='word_1_392' title='bbox 2029 4301 2400 4361; x_wconf 74' lang='lat' dir='ltr'><strong>MARTYRIS</strong></span> 
     </span>
    </p>
   </div>
   <div class='ocr_carea' id='block_1_64' title="bbox 1269 4450 2757 4627">
    <p class='ocr_par' dir='ltr' id='par_1_64' title="bbox 1269 4450 2757 4627">
     <span class='ocr_line' id='line_1_64' title="bbox 1269 4450 2757 4627; baseline -0.007 0"><span class='ocrx_word' id='word_1_393' title='bbox 1269 4450 2757 4627; x_wconf 80' lang='lat' dir='ltr'><strong>CALLISTRATI</strong></span> 
     </span>
    </p>
   </div>
   <div class='ocr_carea' id='block_1_65' title="bbox 1758 4743 2218 4804">
    <p class='ocr_par' dir='ltr' id='par_1_65' title="bbox 1758 4743 2218 4804">
     <span class='ocr_line' id='line_1_65' title="bbox 1758 4743 2218 4804; baseline -0.004 -2"><span class='ocrx_word' id='word_1_394' title='bbox 1758 4745 1842 4802; x_wconf 84' lang='lat' dir='ltr'><strong>ET</strong></span> <span class='ocrx_word' id='word_1_395' title='bbox 1875 4743 2218 4804; x_wconf 78' lang='lat' dir='ltr'><strong>SOCIORUM</strong></span> 
     </span>
    </p>
   </div>
   <div class='ocr_carea' id='block_1_66' title="bbox 594 4873 3415 4962">
    <p class='ocr_par' dir='ltr' id='par_1_66' title="bbox 594 4873 3415 4962">
     <span class='ocr_line' id='line_1_66' title="bbox 594 4873 3415 4962; baseline -0.005 -16"><span class='ocrx_word' id='word_1_396' title='bbox 594 4886 811 4960; x_wconf 86' lang='lat' dir='ltr'><strong>(Latine</strong></span> <span class='ocrx_word' id='word_1_397' title='bbox 840 4887 993 4961; x_wconf 77' lang='lat' dir='ltr'><strong>apud</strong></span> <span class='ocrx_word' id='word_1_398' title='bbox 1023 4887 1261 4946; x_wconf 83' lang='lat' dir='ltr'><strong>Surium</strong></span> <span class='ocrx_word' id='word_1_399' title='bbox 1293 4890 1364 4947; x_wconf 81' lang='lat' dir='ltr'><strong>ad</strong></span> <span class='ocrx_word' id='word_1_400' title='bbox 1395 4889 1552 4948; x_wconf 87' lang='lat' dir='ltr'><strong>diem</strong></span> <span class='ocrx_word' id='word_1_401' title='bbox 1581 4889 1651 4946; x_wconf 88' lang='lat'><strong>27</strong></span> <span class='ocrx_word' id='word_1_402' title='bbox 1681 4888 2060 4962; x_wconf 82' lang='lat' dir='ltr'><strong>Septembris,</strong></span> <span class='ocrx_word' id='word_1_403' title='bbox 2093 4889 2287 4946; x_wconf 79' lang='lat' dir='ltr'><strong>Graece</strong></span> <span class='ocrx_word' id='word_1_404' title='bbox 2325 4901 2481 4943; x_wconf 85' lang='lat' dir='ltr'><strong>nunc</strong></span> <span class='ocrx_word' id='word_1_405' title='bbox 2517 4883 2770 4957; x_wconf 88' lang='lat' dir='ltr'><strong>primum</strong></span> <span class='ocrx_word' id='word_1_406' title='bbox 2804 4895 2873 4938; x_wconf 84' lang='lat' dir='ltr'><strong>ex</strong></span> <span class='ocrx_word' id='word_1_407' title='bbox 2903 4877 3026 4937; x_wconf 88' lang='lat' dir='ltr'><strong>cod.</strong></span> <span class='ocrx_word' id='word_1_408' title='bbox 3071 4892 3180 4936; x_wconf 87' lang='lat' dir='ltr'><strong>ms.</strong></span> <span class='ocrx_word' id='word_1_409' title='bbox 3209 4873 3415 4946; x_wconf 84' lang='lat' dir='ltr'><strong>Paris.)</strong></span> 
     </span>
    </p>
   </div>
   <div class='ocr_carea' id='block_1_67' title="bbox 385 5185 2032 5268">
    <p class='ocr_par' dir='ltr' id='par_1_67' title="bbox 385 5185 2032 5268">
     <span class='ocr_line' id='line_1_67' title="bbox 385 5185 2032 5268; baseline -0.003 -20"><span class='ocrx_word' id='word_1_410' title='bbox 385 5186 467 5248; x_wconf 67' lang='lat' dir='ltr'><strong>A&#39;.</strong></span> <span class='ocrx_word' id='word_1_411' title='bbox 498 5187 611 5258; x_wconf 75' lang='grc' dir='ltr'>Τὴν</span> <span class='ocrx_word' id='word_1_412' title='bbox 643 5191 739 5241; x_wconf 75' lang='grc' dir='ltr'><strong>τοῦ</strong></span> <span class='ocrx_word' id='word_1_413' title='bbox 770 5185 976 5262; x_wconf 85' lang='grc' dir='ltr'>Κυρίου</span> <span class='ocrx_word' id='word_1_414' title='bbox 1020 5186 1260 5262; x_wconf 79' lang='grc' dir='ltr'>ποίμνην</span> <span class='ocrx_word' id='word_1_415' title='bbox 1309 5187 1429 5244; x_wconf 75' lang='grc' dir='ltr'>ὅσαι</span> <span class='ocrx_word' id='word_1_416' title='bbox 1484 5189 1685 5265; x_wconf 67' lang='grc' dir='ltr'>ἡμέραι</span> <span class='ocrx_word' id='word_1_417' title='bbox 1736 5187 1948 5260; x_wconf 81' lang='grc' dir='ltr'>πληθυ-</span> <span class='ocrx_word' id='word_1_418' title='bbox 1981 5199 2032 5268; x_wconf 76' lang='lat' dir='ltr'>C</span> 
     </span>
    </p>
   </div>
   <div class='ocr_carea' id='block_1_68' title="bbox 311 5272 1958 5354">
    <p class='ocr_par' dir='ltr' id='par_1_68' title="bbox 311 5272 1958 5354">
     <span class='ocr_line' id='line_1_68' title="bbox 311 5272 1958 5354; baseline -0.001 -20"><span class='ocrx_word' id='word_1_419' title='bbox 311 5277 545 5351; x_wconf 77' lang='grc' dir='ltr'>νομὲνην</span> <span class='ocrx_word' id='word_1_420' title='bbox 605 5276 632 5330; x_wconf 89' lang='grc' dir='ltr'>ὁ</span> <span class='ocrx_word' id='word_1_421' title='bbox 696 5272 969 5350; x_wconf 67' lang='grc' dir='ltr'>δυσμενὴς</span> <span class='ocrx_word' id='word_1_422' title='bbox 1033 5281 1278 5354; x_wconf 82' lang='grc' dir='ltr'>καθορῶν</span> <span class='ocrx_word' id='word_1_423' title='bbox 1338 5275 1526 5352; x_wconf 80' lang='grc' dir='ltr'>πολλῇ</span> <span class='ocrx_word' id='word_1_424' title='bbox 1600 5277 1717 5333; x_wconf 87' lang='grc' dir='ltr'>κατ’</span> <span class='ocrx_word' id='word_1_425' title='bbox 1785 5277 1958 5346; x_wconf 81' lang='grc' dir='ltr'>αὐτῆς</span> 
     </span>
    </p>
   </div>
   <div class='ocr_carea' id='block_1_69' title="bbox 314 5363 1955 5442">
    <p class='ocr_par' dir='ltr' id='par_1_69' title="bbox 314 5363 1955 5442">
     <span class='ocr_line' id='line_1_69' title="bbox 314 5363 1955 5442; baseline 0 -19"><span class='ocrx_word' id='word_1_426' title='bbox 314 5367 538 5442; x_wconf 82' lang='grc' dir='ltr'>ὥρμησε</span> <span class='ocrx_word' id='word_1_427' title='bbox 575 5363 643 5440; x_wconf 75' lang='grc' dir='ltr'><strong>τῇ</strong></span> <span class='ocrx_word' id='word_1_428' title='bbox 706 5365 889 5438; x_wconf 75' lang='grc' dir='ltr'>μανίᾳ,</span> <span class='ocrx_word' id='word_1_429' title='bbox 951 5364 1259 5442; x_wconf 56' lang='grc' dir='ltr'>διαφθεῖραῖ</span> <span class='ocrx_word' id='word_1_430' title='bbox 1312 5371 1480 5422; x_wconf 80' lang='grc' dir='ltr'>πᾶσαν</span> <span class='ocrx_word' id='word_1_431' title='bbox 1543 5364 1955 5440; x_wconf 68' lang='grc' dir='ltr'>διανοούμενος.</span> 
     </span>
    </p>
   </div>
   <div class='ocr_carea' id='block_1_70' title="bbox 312 5453 1956 5532">
    <p class='ocr_par' dir='ltr' id='par_1_70' title="bbox 312 5453 1956 5532">
     <span class='ocr_line' id='line_1_70' title="bbox 312 5453 1956 5532; baseline -0.002 -18"><span class='ocrx_word' id='word_1_432' title='bbox 312 5457 524 5518; x_wconf 72' lang='grc' dir='ltr'>Λύκους</span> <span class='ocrx_word' id='word_1_433' title='bbox 566 5455 666 5532; x_wconf 72' lang='grc' dir='ltr'><strong>γάρ</strong></span> <span class='ocrx_word' id='word_1_434' title='bbox 717 5477 868 5518; x_wconf 87' lang='grc' dir='ltr'>τινας</span> <span class='ocrx_word' id='word_1_435' title='bbox 912 5457 1186 5529; x_wconf 79' lang='grc' dir='ltr'>πονηροὺς</span> <span class='ocrx_word' id='word_1_436' title='bbox 1245 5455 1335 5510; x_wconf 84' lang='grc' dir='ltr'><strong>καὶ</strong></span> <span class='ocrx_word' id='word_1_437' title='bbox 1390 5453 1613 5531; x_wconf 83' lang='grc' dir='ltr'>ἀγρίους</span> <span class='ocrx_word' id='word_1_438' title='bbox 1669 5454 1805 5530; x_wconf 82' lang='grc' dir='ltr'>αὐτῇ</span> <span class='ocrx_word' id='word_1_439' title='bbox 1865 5455 1956 5510; x_wconf 81' lang='grc' dir='ltr'><strong>ἐπ-</strong></span> 
     </span>
    </p>
   </div>
   <div class='ocr_carea' id='block_1_71' title="bbox 314 5542 1958 5626">
    <p class='ocr_par' dir='ltr' id='par_1_71' title="bbox 314 5542 1958 5626">
     <span class='ocr_line' id='line_1_71' title="bbox 314 5542 1958 5626; baseline -0.002 -22"><span class='ocrx_word' id='word_1_440' title='bbox 314 5547 488 5625; x_wconf 71' lang='grc' dir='ltr'>αφεὶς,</span> <span class='ocrx_word' id='word_1_441' title='bbox 567 5542 982 5618; x_wconf 85' lang='grc' dir='ltr'>Διοκλητιανὸν,</span> <span class='ocrx_word' id='word_1_442' title='bbox 1049 5545 1216 5626; x_wconf 77' lang='grc' dir='ltr'>φημὶ,</span> <span class='ocrx_word' id='word_1_443' title='bbox 1282 5543 1372 5600; x_wconf 81' lang='grc' dir='ltr'><strong>καὶ</strong></span> <span class='ocrx_word' id='word_1_444' title='bbox 1431 5545 1770 5620; x_wconf 79' lang='grc' dir='ltr'>Μαξιμιανὸν</span> <span class='ocrx_word' id='word_1_445' title='bbox 1831 5545 1958 5608; x_wconf 78' lang='grc' dir='ltr'>τοὺς</span> 
     </span>
    </p>
   </div>
   <div class='ocr_carea' id='block_1_72' title="bbox 311 5632 1958 5712">
    <p class='ocr_par' dir='ltr' id='par_1_72' title="bbox 311 5632 1958 5712">
     <span class='ocr_line' id='line_1_72' title="bbox 311 5632 1958 5712; baseline -0.002 -20"><span class='ocrx_word' id='word_1_446' title='bbox 311 5637 627 5712; x_wconf 72' lang='grc' dir='ltr'>τυράννους,</span> <span class='ocrx_word' id='word_1_447' title='bbox 676 5636 764 5691; x_wconf 80' lang='grc' dir='ltr'><strong>καὶ</strong></span> <span class='ocrx_word' id='word_1_448' title='bbox 822 5641 991 5712; x_wconf 83' lang='grc' dir='ltr'>θῆρας</span> <span class='ocrx_word' id='word_1_449' title='bbox 1051 5632 1264 5711; x_wconf 78' lang='grc' dir='ltr'>μᾶλλον</span> <span class='ocrx_word' id='word_1_450' title='bbox 1326 5633 1362 5704; x_wconf 75' lang='grc' dir='ltr'>ἤ</span> <span class='ocrx_word' id='word_1_451' title='bbox 1423 5632 1691 5709; x_wconf 83' lang='grc' dir='ltr'>βασιλεῖς,</span> <span class='ocrx_word' id='word_1_452' title='bbox 1748 5637 1958 5711; x_wconf 91' lang='grc' dir='ltr'>πικρῶς</span> 
     </span>
    </p>
   </div>
   <div class='ocr_carea' id='block_1_73' title="bbox 2136 5173 3700 5255">
    <p class='ocr_par' dir='ltr' id='par_1_73' title="bbox 2136 5173 3700 5255">
     <span class='ocr_line' id='line_1_73' title="bbox 2136 5173 3700 5255; baseline -0.01 -10"><span class='ocrx_word' id='word_1_453' title='bbox 2136 5190 2176 5245; x_wconf 89' lang='grc' dir='ltr'><strong>ῐ.</strong></span> <span class='ocrx_word' id='word_1_454' title='bbox 2210 5186 2349 5243; x_wconf 90' lang='lat' dir='ltr'><strong>Cum</strong></span> <span class='ocrx_word' id='word_1_455' title='bbox 2383 5182 2596 5241; x_wconf 88' lang='lat' dir='ltr'><strong>Christi</strong></span> <span class='ocrx_word' id='word_1_456' title='bbox 2620 5196 2848 5255; x_wconf 85' lang='lat' dir='ltr'><strong>gregem</strong></span> <span class='ocrx_word' id='word_1_457' title='bbox 2881 5178 2940 5236; x_wconf 91' lang='lat' dir='ltr'><strong>in</strong></span> <span class='ocrx_word' id='word_1_458' title='bbox 2976 5178 3102 5235; x_wconf 91' lang='lat' dir='ltr'><strong>dies</strong></span> <span class='ocrx_word' id='word_1_459' title='bbox 3133 5173 3508 5248; x_wconf 89' lang='lat' dir='ltr'><strong>multiplicari</strong></span> <span class='ocrx_word' id='word_1_460' title='bbox 3539 5173 3700 5230; x_wconf 86' lang='lat' dir='ltr'><strong>vide-</strong></span> 
     </span>
    </p>
   </div>
   <div class='ocr_carea' id='block_1_74' title="bbox 2069 5267 3700 5341">
    <p class='ocr_par' dir='ltr' id='par_1_74' title="bbox 2069 5267 3700 5341">
     <span class='ocr_line' id='line_1_74' title="bbox 2069 5267 3700 5341; baseline -0.011 -6"><span class='ocrx_word' id='word_1_461' title='bbox 2069 5283 2156 5335; x_wconf 88' lang='lat' dir='ltr'><strong>ret</strong></span> <span class='ocrx_word' id='word_1_462' title='bbox 2186 5277 2478 5339; x_wconf 90' lang='lat' dir='ltr'><strong>inimicus,</strong></span> <span class='ocrx_word' id='word_1_463' title='bbox 2529 5275 2591 5328; x_wconf 90' lang='lat' dir='ltr'><strong>in</strong></span> <span class='ocrx_word' id='word_1_464' title='bbox 2622 5289 2757 5328; x_wconf 90' lang='lat' dir='ltr'><strong>eum</strong></span> <span class='ocrx_word' id='word_1_465' title='bbox 2811 5285 3022 5341; x_wconf 86' lang='lat' dir='ltr'><strong>magno</strong></span> <span class='ocrx_word' id='word_1_466' title='bbox 3069 5267 3237 5323; x_wconf 88' lang='lat' dir='ltr'><strong>irruit</strong></span> <span class='ocrx_word' id='word_1_467' title='bbox 3269 5267 3480 5332; x_wconf 84' lang='lat' dir='ltr'><strong>furore,</strong></span> <span class='ocrx_word' id='word_1_468' title='bbox 3512 5269 3700 5318; x_wconf 89' lang='lat' dir='ltr'><strong>totum</strong></span> 
     </span>
    </p>
   </div>
   <div class='ocr_carea' id='block_1_75' title="bbox 2068 5353 3706 5440">
    <p class='ocr_par' dir='ltr' id='par_1_75' title="bbox 2068 5353 3706 5440">
     <span class='ocr_line' id='line_1_75' title="bbox 2068 5353 3706 5440; baseline -0.01 -17"><span class='ocrx_word' id='word_1_469' title='bbox 2068 5366 2304 5440; x_wconf 82' lang='lat' dir='ltr'><strong>perdere</strong></span> <span class='ocrx_word' id='word_1_470' title='bbox 2335 5367 2618 5436; x_wconf 87' lang='lat' dir='ltr'><strong>cogitans.</strong></span> <span class='ocrx_word' id='word_1_471' title='bbox 2646 5359 2930 5430; x_wconf 77' lang='lat' dir='ltr'><strong>improbis</strong></span> <span class='ocrx_word' id='word_1_472' title='bbox 2957 5359 3113 5414; x_wconf 89' lang='lat' dir='ltr'><strong>enim</strong></span> <span class='ocrx_word' id='word_1_473' title='bbox 3135 5361 3192 5412; x_wconf 90' lang='lat' dir='ltr'><strong>et</strong></span> <span class='ocrx_word' id='word_1_474' title='bbox 3213 5354 3543 5428; x_wconf 86' lang='lat' dir='ltr'><strong>agrestibus</strong></span> <span class='ocrx_word' id='word_1_475' title='bbox 3574 5353 3706 5424; x_wconf 84' lang='lat' dir='ltr'><strong>qui-</strong></span> 
     </span>
    </p>
   </div>
   <div class='ocr_carea' id='block_1_76' title="bbox 2069 5442 3701 5524">
    <p class='ocr_par' dir='ltr' id='par_1_76' title="bbox 2069 5442 3701 5524">
     <span class='ocr_line' id='line_1_76' title="bbox 2069 5442 3701 5524; baseline -0.01 -14"><span class='ocrx_word' id='word_1_476' title='bbox 2069 5456 2309 5512; x_wconf 87' lang='lat' dir='ltr'><strong>busdam</strong></span> <span class='ocrx_word' id='word_1_477' title='bbox 2357 5451 2510 5524; x_wconf 88' lang='lat' dir='ltr'><strong>lupis</strong></span> <span class='ocrx_word' id='word_1_478' title='bbox 2559 5451 2618 5504; x_wconf 91' lang='lat' dir='ltr'><strong>in</strong></span> <span class='ocrx_word' id='word_1_479' title='bbox 2665 5465 2800 5504; x_wconf 87' lang='lat' dir='ltr'><strong>eum</strong></span> <span class='ocrx_word' id='word_1_480' title='bbox 2850 5447 3156 5512; x_wconf 86' lang='lat' dir='ltr'><strong>immissis,</strong></span> <span class='ocrx_word' id='word_1_481' title='bbox 3201 5442 3579 5506; x_wconf 82' lang='lat' dir='ltr'><strong>Diocletiano,</strong></span> <span class='ocrx_word' id='word_1_482' title='bbox 3608 5455 3701 5495; x_wconf 80' lang='lat' dir='ltr'><strong>in-</strong></span> 
     </span>
    </p>
   </div>
   <div class='ocr_carea' id='block_1_77' title="bbox 2071 5529 3703 5620">
    <p class='ocr_par' dir='ltr' id='par_1_77' title="bbox 2071 5529 3703 5620">
     <span class='ocr_line' id='line_1_77' title="bbox 2071 5529 3703 5620; baseline -0.012 -18"><span class='ocrx_word' id='word_1_483' title='bbox 2071 5561 2266 5620; x_wconf 90' lang='lat' dir='ltr'><strong>quam,</strong></span> <span class='ocrx_word' id='word_1_484' title='bbox 2311 5547 2370 5600; x_wconf 87' lang='lat' dir='ltr'><strong>et</strong></span> <span class='ocrx_word' id='word_1_485' title='bbox 2420 5537 2767 5599; x_wconf 79' lang='lat' dir='ltr'><strong>Maximiano</strong></span> <span class='ocrx_word' id='word_1_486' title='bbox 2815 5537 3094 5612; x_wconf 76' lang='lat' dir='ltr'><strong>tyrannis,</strong></span> <span class='ocrx_word' id='word_1_487' title='bbox 3143 5539 3200 5594; x_wconf 87' lang='lat' dir='ltr'><strong>et</strong></span> <span class='ocrx_word' id='word_1_488' title='bbox 3236 5533 3442 5592; x_wconf 87' lang='lat' dir='ltr'><strong>bestiis</strong></span> <span class='ocrx_word' id='word_1_489' title='bbox 3479 5529 3703 5620; x_wconf 80' lang='lat' dir='ltr'><strong>potius,</strong></span> 
     </span>
    </p>
   </div>
   <div class='ocr_carea' id='block_1_78' title="bbox 2071 5616 3703 5708">
    <p class='ocr_par' dir='ltr' id='par_1_78' title="bbox 2071 5616 3703 5708">
     <span class='ocr_line' id='line_1_78' title="bbox 2071 5616 3703 5708; baseline -0.012 -18"><span class='ocrx_word' id='word_1_490' title='bbox 2071 5616 2244 5708; x_wconf 74' lang='lat' dir='ltr'><strong>quam</strong></span> <span class='ocrx_word' id='word_1_491' title='bbox 2274 5628 2748 5704; x_wconf 79' lang='lat' dir='ltr'><strong>imperatoribus,</strong></span> <span class='ocrx_word' id='word_1_492' title='bbox 2779 5626 3152 5685; x_wconf 82' lang='lat' dir='ltr'><strong>acerbissime</strong></span> <span class='ocrx_word' id='word_1_493' title='bbox 3197 5627 3256 5680; x_wconf 87' lang='lat' dir='ltr'><strong>et</strong></span> <span class='ocrx_word' id='word_1_494' title='bbox 3297 5616 3703 5679; x_wconf 81' lang='lat' dir='ltr'><strong>crudelissimo</strong></span> 
     </span>
    </p>
   </div>
  </div>
