4124 6270
445 258 560 315 883

443 430 576 471 cum
620 428 720 485 per
749 412 879 468 illos
912 412 1199 467 laceravit.
1233 413 1478 468 Tantum
1520 416 1673 472 enim
1715 419 1797 472 eis
1831 421 2076 477 immisit

2210 421 2345 474 ιύτὸν
2406 419 2495 471 καὶ
2563 412 2864 487 ὠμοτάτως
2924 412 2973 465 δι

443 503 721 573 impetum
762 502 818 556 in
851 501 1229 566 Christianos,
1279 508 1337 557 ut
1386 504 1499 557 alia
1531 506 1761 575 qui-lem
1799 511 1992 578 parvia
2022 515 2080 564 et

444 591 552 645 levi
586 608 724 645 cura
756 591 928 659 digna
960 592 1271 643 ducerent:
1322 590 1430 646 hoc
1479 602 1667 648 autem
1718 599 1908 652 solum
1954 616 2083 654 ma—

445 680 823 751 gnifacerent,
878 678 1235 733 Christianos
1296 696 1519 748 omnes,
1577 684 1623 737 si
1682 684 1805 739 fieri
1864 694 2082 758 posset,

444 768 683 838 perdere
730 767 1033 820 funditus:
1095 770 1149 821 et
1208 767 1311 822 hoc
1366 784 1512 839 opus
1565 772 1682 826 fore
1728 774 1813 829 eis
1876 775 2082 845 majori

447 855 641 927 glorize
677 858 968 925 putarent,
1005 871 1175 926 quam
1204 855 1319 911 alia
1338 858 1555 913 omnia.
1582 860 1857 917 Praesides
1886 862 2082 934 itaque

447 946 519 998 ab
547 943 661 998 illis
703 943 1026 998 acerbiores
1077 943 1459 1000 mittebantur
1492 964 1594 1017 per
1644 966 1843 1006 omnes
1894 962 2084 1023 partes

450 1036 635 1097 terrae,
669 1037 725 1087 et
755 1032 941 1086 edicta
971 1032 1030 1086 in
1058 1048 1292 1087 omnem
1328 1036 1643 1108 regionem,
1678 1056 1802 1108 quas
1844 1042 2084 1111 parebat

449 1120 681 1175 illorum
714 1120 977 1190 imperio,
1020 1120 1431 1190 pervadebant,
1469 1140 1594 1194 quas
1628 1134 1792 1182 erant
1823 1129 1997 1199 digna
2027 1134 2084 1185 et

452 1212 646 1263 mente
690 1210 1108 1279 imperatorum
1151 1220 1203 1263 et
1252 1212 1448 1267 animo
1499 1214 1922 1272 ministrorum.
1974 1220 2081 1273 Sed

451 1311 567 1350 non
601 1296 812 1350 Christi
858 1298 1061 1351 ovibus
1093 1303 1256 1353 erant
1289 1306 1559 1371 perpetuo
1609 1304 1787 1359 futuri
1820 1307 2086 1377 superio-

452 1398 545 1438 res
586 1384 729 1438 malt
772 1388 1165 1454 persecutores
1194 1404 1208 1452 ;
1236 1387 1334 1457 qui
1385 1389 1538 1444 enim
1584 1406 1679 1445 eas
1719 1394 1994 1450 emiserat
2024 1398 2083 1451 in

454 1472 645 1527 medio
674 1473 964 1542 luporum,
998 1474 1205 1542 eti‘ecit,
1239 1483 1300 1530 ut
1332 1493 1474 1532 novo
1506 1482 1753 1550 quo-iam
1791 1485 1960 1540 modo
1992 1502 2087 1541 su—

452 1566 724 1631 perarent
752 1567 1172 1631 persecutores.
1956 1552 1959 1555 5

1728 257 2003 320 MENSIS
2046 256 2537 320 SEPTEMBER.

3789 246 3928 307 884

3810 409 3930 463 Καὶ

2192 512 2295 584 γὰρ
2341 506 2610 573 τοσαύτην
2663 503 2849 562 αὐτοῖς
2917 499 3076 568 ἐνῆκε
3140 499 3276 554 κατὰ
3342 504 3728 573 Χριστιανῶν
3809 498 3925 564 την

2191 595 2388 666 ὁρμὴν,
2424 591 2496 651 ὡς
2546 590 2613 643 τὰ
2665 589 2761 660 μὲν
2820 584 2965 640 ἄλλα
3019 587 3215 660 μικρὰς
3269 586 3359 639 καὶ
3417 594 3517 654 τῆς
3564 584 3925 658 τυχούσης

2928 409 2951 427 λ
2980 413 2993 431 1

3052 410 3267 465 ἐκείνων
3357 411 3695 486 ἐσπάρασσε
3708 453 3723 463 .

2190 682 2372 750 ἀξιοῦν
2418 674 2728 754 φροντίδος,
2777 676 2941 749 μόνον
3012 672 3068 730 δὲ
3134 679 3299 730 τοῦτο
3358 676 3421 729 τὸ
3489 672 3925 749 Χριστιανοὺς

2190 771 2390 828 πάντας
2437 768 2479 822 εἰ
2532 765 2756 821 δυνατὸν
2806 761 2904 838 ἅρδ
2948 808 2961 822 .
3008 809 3021 821 .
3067 807 3082 822 .
3126 806 3137 818 .
3185 807 3199 820 .
3246 806 3259 820 .
3313 762 3563 839 οἴχεσθαι
3616 760 3927 817 πανωλε-

2193 856 2373 931 θρίους
2404 856 2523 929 περὶ
2556 856 2753 916 παντὸς
2800 854 3094 923 ποιεῖσθαι,
3144 854 3230 907 καὶ
3282 849 3445 927 ἔργον
3485 854 3707 913 αὐτοῖς
3766 850 3923 906 εἶναι

2191 951 2300 1001 τῶν
2376 943 2563 999 ἄλλων
2631 943 2845 997 πάντων
2911 942 2974 996 τὸ
3030 937 3481 995 σπουδαιότατον.
3550 947 3924 1015 νΑρχοντες

2189 1038 2480 1108 τοιγαροῦν
2564 1030 2782 1087 ἐκείνων
2840 1031 3157 1105 πικρότεροι
3233 1033 3516 1106 πανταχοῦ
3573 1037 3713 1105 γῆς
3795 1026 3923 1082 διε-

2192 1122 2494 1193 πέμποντο,
2547 1118 2891 1195 διατάγματα
2944 1141 3001 1175 τε
3064 1122 3201 1194 πρὸς
3249 1124 3424 1175 πᾶσαν
3482 1122 3579 1189 τήν
3632 1118 3919 1177 ἐκείνοις

2198 1212 2585 1283 ὑποκειμένην,
2634 1209 2753 1278 ἄξια
2800 1208 2890 1262 καὶ
2948 1215 3047 1277 τῆς
3106 1213 3214 1263 τῶν
3270 1207 3538 1284 βασιλέων
3601 1208 3918 1283 γνώμης,

2192 1301 2280 1354 καὶ
2313 1306 2413 1368 τῆς
2444 1303 2548 1352 τῶν
2580 1297 2995 1369 ὑπηρετούντων
3034 1297 3352 1371 ὑπάρχοντα
3384 1294 3660 1358 διανοίας.
3716 1293 3918 1361 Ἀλλ,

2195 1389 2297 1443 οὐκ
2319 1384 2554 1460 ἔμελλον
2580 1386 2682 1461 ἄρα
2710 1390 2816 1440 τῶν
2868 1390 2965 1439 τοῦ
3007 1385 3238 1460 Χριστοῦ
3288 1380 3574 1458 προϐάτων
3610 1384 3679 1439 οἳ
3724 1382 3921 1437 κακθῖ

2197 1476 2421 1533 διῶκται
2450 1477 2732 1551 κρείττους
2774 1476 2850 1538 εἷς
2896 1473 3055 1537 τέλος
3112 1473 3366 1548 ὀφθῆναι·
3399 1476 3426 1528 ὁ
3457 1476 3559 1549 γαρ
3610 1474 3679 1528 ἐν
3731 1475 3914 1546 μέσῳ

2197 1567 2377 1622 λύκων
2412 1566 2689 1640 ἐκπέμψας
2720 1566 2853 1621 αὐτὰ
2883 1570 3051 1637 καινῷ
3097 1588 3199 1621 τινι
3242 1569 3433 1642 τρόπῳ
3482 1566 3911 1642 περιγενέσθαι

2197 1659 2376 1721 νέσθαι
2396 1662 2504 1711 τῶν
2536 1654 2844 1710 διωκόντων
2874 1654 3161 1726 πεποίηκε.

523 1740 593 1842 il.
624 1742 815 1838 .Atque
846 1739 1016 1840 multi
1039 1741 1272 1811 quidem
1294 1745 1389 1799 alii
1422 1750 1477 1802 et
1506 1748 1680 1805 minis
1702 1758 1754 1807 et
1786 1756 2091 1812 tormentis

2275 1750 2345 1802 B'.
2408 1745 2614 1801 Πολλοὶ
2683 1746 2775 1818 μὲν
2834 1746 2927 1799 οὖν
2986 1746 3074 1799 καὶ
3136 1742 3301 1799 ἄλλοι
3342 1744 3583 1800 ἀπειλῶν
3638 1765 3716 1800 τε
3801 1742 3907 1797 καὶ

2210 1838 2235 1849 η
2327 1836 2339 1849 ,
2518 1834 2532 1849 .
2596 1834 2608 1849 ι
3047 1833 3057 1849 ,
3278 1838 3305 1848 ..
3649 1838 3681 1847 ..

455 1827 637 1882 eﬂ‘ecti
687 1828 1042 1899 superiores,
1094 1833 1285 1887 ornati
1335 1833 1492 1890 fuere
1538 1854 1749 1895 corona
1791 1846 2090 1915 martyrii:

455 1914 607 1970 inter
663 1920 894 1971 caeteros
953 1922 1147 1973 autem
1219 1938 1534 1990 generosus
1598 1945 1828 2000 quoque
1884 1914 2096 1989 Christi

459 2004 736 2095 miles,
767 2005 1035 2075 quiviam
1069 2008 1520 2078 pulcherrimam
1565 2020 1847 2090 transegit
1888 2028 2099 2095 marty-

458 2092 551 2159 rii,
595 2093 997 2151 Callistratus:
1050 2098 1150 2168 qui
1198 2106 1358 2156 ortus
1406 2103 1640 2173 quidem
1692 2114 1815 2164 erat
1857 2092 2097 2167 Cartha-

459 2181 613 2250 gine,
646 2186 703 2236 et.
732 2189 931 2252 postea
962 2184 1173 2241 relatus
1215 2190 1270 2242 in
1304 2206 1614 2248 numerum
1649 2197 1925 2267 cohortis,
1968 2218 2097 2270 quas

458 2270 761 2324 dicebatur
798 2272 1197 2330 Calendarum.
1245 2278 1387 2333 Cum
1436 2282 1641 2338 fuisset
1683 2294 1871 2342 autem
1905 2293 2096 2346 Romaa

461 2374 592 2413 cum
626 2362 739 2414 tota
788 2361 1042 2431 cohorte,
1085 2369 1350 2436 essetque
1392 2385 1591 2425 recens
1639 2374 1880 2447 electus,
1936 2384 2096 2436 solus

460 2446 634 2501 veluti
675 2450 934 2518 quaedam
999 2452 1165 2506 stella
1207 2454 1264 2508 in
1310 2463 1498 2523 nocte,
1549 2460 1607 2515 in
1652 2479 1763 2532 quo
1805 2446 1943 2521 luna
1985 2485 2097 2524 non

462 2533 634 2607 lucet,
678 2541 902 2605 gratum
951 2540 1247 2596 emittebat
1294 2544 1677 2615 splendorem,
1726 2552 1938 2608 Christi
1989 2556 2100 2611 fide

461 2623 851 2695 illuminatus,
914 2644 1045 2681 cum
1116 2633 1372 2686 tenebris
1430 2638 1641 2692 erroris
1698 2640 2100 2698 detinerentur

464 2712 910 2768 commilitones.
937 2716 1075 2785 Ejus
1099 2718 1253 2772 enim
1283 2722 1467 2789 patris
1493 2731 1675 2793 pater,
1698 2730 1931 2786 nomine
1963 2734 2103 2788 Neo-

465 2815 653 2887 cﬁorus,
704 2800 907 2856 Pontio
962 2804 1139 2859 Pilato
1185 2807 1629 2869 administrante
1658 2814 1938 2887 Judasam,
1972 2837 2101 2877 cum

465 2886 603 2942 illuc
645 2889 923 2960 venisset,
964 2896 1021 2946 et
1057 2894 1267 2949 Christi
1311 2898 1535 2954 viderat
1582 2906 2006 2977 perpessiones,
2046 2916 2102 2967 et

468 2977 768 3033 audiverat
816 2979 1073 3037 divinam
1132 2985 1260 3054 ejus
1310 2994 1812 3063 resurrectionem,
1863 3004 1919 3054 et
1967 3018 2100 3058 cum

466 3070 731 3155 putasset
760 3084 846 3133 ea,
880 3086 1004 3139 quae
1045 3076 1184 3128 tunc
1214 3075 1364 3131 facta
1394 3085 1549 3148 sunt,
1581 3082 1971 3155 admirabilia,
2005 3107 2100 3147 ac-

2206 1836 2447 1911 βασᾶνων
2508 1834 2769 1907 ἀνώτεροι
2827 1833 3182 1893 καταστάντες
3238 1838 3318 1905 τῷ
3370 1838 3699 1909 μαρτυρικῷ
3773 1854 3905 1888 στε-

2204 1928 2355 2002 φάνῳ
2448 1925 2957 1997 κατεκοσμήθησαν,
3040 1924 3175 1998 πρὸς
3242 1924 3468 1985 τούτοις
3534 1922 3590 1979 δὲ
3672 1924 3789 1979 καὶ
3871 1925 3902 1977 ὁ

2202 2020 2439 2088 γενναῖος
2496 2017 2593 2067 τοῦ
2651 2016 2887 2086 Χριστοῦ
2954 2013 3315 2086 στρατιώτης,
3398 2014 3489 2068 καὶ
3544 2011 3899 2083 καλλίστην

2204 2102 2328 2158 ὁδὸν
2348 2107 2443 2158 τοῦ
2500 2103 2800 2176 μαρτυρίου
2842 2099 3114 2171 διανύσας,
3160 2101 3593 2177 Καλλίστρατος·
3645 2104 3715 2163 ες
3776 2110 3894 2171 τῆς

2203 2190 2602 2271 Καρχηδονίων
2638 2193 2731 2265 μὶν
2768 2189 3020 2266 ὥρμητο,
3056 2190 3250 2266 σπείρᾳ
3288 2195 3359 2257 τῆ
3408 2196 3514 2245 τῶν
3560 2189 3886 2247 Χαλενδῶν

2204 2282 2475 2358 λεγομένῃ
2510 2280 2933 2356 κατειλεγέντος,
2966 2281 3018 2335 ἐν
3071 2281 3287 2355 Ῥώμῃ,
3336 2281 3628 2356 γενόμενος
3673 2280 3739 2336 δὲ
3776 2282 3884 2335 σὺν

2204 2372 2321 2444 ὅλῳ
2346 2376 2423 2442 τῷ
2450 2373 2713 2445 τάγματι,
2745 2368 2949 2443 κομιδῆ
2991 2368 3274 2431 νεόλεκτος
3309 2366 3407 2439 ὣν,
3455 2370 3623 2441 μόνος
3672 2369 3877 2444 ὥσπερ

2203 2482 2287 2521 τις
2319 2460 2489 2533 ἀστήρ
2530 2459 2779 2531 ἀσελήνῳ
2820 2460 2969 2513 νυκτὶ
3022 2459 3210 2533 χάριεν
3262 2459 3376 2513 οἷον
3424 2456 3742 2531 ἀπέλαμπε,
3800 2463 3874 2531 τῇ

2201 2553 2298 2602 τοῦ
2364 2551 2597 2621 Χριστοῦ
2662 2548 2841 2601 πίστει
2917 2545 3347 2624 πεφωτισμένος,
3431 2551 3538 2601 τῶν
3630 2568 3872 2623 συστρα-

2205 2640 2415 2690 τιωτῶν
2452 2638 2600 2713 ζόφῳ
2628 2640 2708 2707 τῷ
2762 2643 2861 2705 τῆς
2909 2635 3123 2706 πλάνης
3179 2636 3586 2710 κατεχομένων.
3648 2638 3711 2694 Ὀ
3758 2637 3868 2712 γὰρ

2204 2725 2340 2799 πρὸς
2409 2727 2614 2799 πατρὸς
2677 2725 2875 2779 τούτου
2940 2726 3119 2800 πατήρ
3186 2722 3449 2797 τοῦνομα.
3544 2727 3863 2801 Νεωκόρος,

2208 2814 2434 2869 Ποντίου
2494 2811 2733 2868 Ηιλάτου
2789 2816 2889 2883 τήν
2952 2811 3220 2871 Ἰουδκίαν
3308 2810 3612 2885 διέποντος,
3680 2816 3860 2868 ὶκεῖσε

2205 2904 2580 2976 πεφοιτηκὼς,
2638 2902 2914 2972 αὐτόπτης
2964 2923 3023 2958 τε
3069 2907 3178 2957 τῶν
3226 2908 3323 2958 τοῦ
3381 2906 3612 2977 Χριστοῦ
3671 2906 3856 2959 παθῶν

2207 2987 2461 3066 ἐγεγόνει,
2494 2993 2580 3045 καὶ
2620 2998 2719 3060 τῆς
2769 2991 2912 3055 θείας
2962 2991 3126 3046 αὐτοῦ
3169 2994 3441 3063 κατήκοος
3494 2992 3851 3053 ἀναστάσεως.

2206 3082 2287 3137 Τὰ
2314 3078 2588 3155 παράδοξά
2618 3102 2675 3136 τε
2706 3086 2813 3136 τῶν
2846 3081 2968 3136 τότε
3004 3080 3303 3157 γενομένων
3358 3079 3508 3151 tam,
3558 3088 3669 3143 τοῖς
3712 3083 3848 3136 ἀπο-

3431 2551 3538 2601 τῶν

470 3153 617 3246 cedit
666 3155 754 3246 ad
788 3157 1099 3246 apostolos,
1151 3166 1206 3215 et
1263 3178 1323 3218 se
1373 3164 1455 3220 eis
1500 3147 1677 3223 efﬁcit
1726 3147 2096 3243 familiarem,

2210 3170 2427 3234 στόλοις
2486 3171 2868 3246 προσέρχεται,
2924 3173 3011 3227 καὶ
3069 3172 3280 3228 τούτοις
3340 3174 3526 3228 ἑαυτὸν
3575 3174 3833 3245 γνώριμου

471 3241 681 3296 Christi
729 3244 923 3311 fidem,
984 3246 1156 3303 veluti
1218 3251 1517 3323 quidpiam
1564 3259 1902 3329 pretiosum,
1955 3241 2103 3320 mer-

473 3332 659 3383 catus.
694 3330 909 3386 Deinde
940 3333 1177 3390 domum
1224 3354 1511 3411 reversus,
1544 3360 1747 3401 omnes
1794 3352 1895 3420 qui
1940 3357 2104 3407 erant

470 3416 518 3469 ei
545 3432 750 3485 genere
774 3422 1094 3490 conjuncti,
1121 3424 1210 3480 his
1237 3428 1405 3483 bonis
1428 3430 1755 3502 impertitur
1786 3416 2099 3495 mercibus.

472 3504 565 3559 Sic
599 3507 774 3577 hujus
806 3508 1156 3569 hereditatis
1197 3515 1258 3569 fit
1298 3534 1600 3575 successor
1629 3523 2015 3592 Cillistratus,
2050 3536 2106 3587 et

470 3610 597 3662 quae
638 3597 811 3688 est-in
846 3600 1156 3688 Christum
1208 3604 1379 3661 fidem
1427 3610 1641 3681 ubique
1681 3614 1925 3688 induxit,
1970 3624 2105 3675 tan—

470 3698 645 3752 quam
698 3685 948 3753 divitias,
999 3705 1121 3758 quae
1177 3709 1290 3747 non
1336 3705 1581 3765 possunt
1611 3704 1860 3775 subripi.
1893 3685 2105 3770 Quam-

471 3770 665 3866 obrem
689 3788 820 3827 cum
841 3776 1115 3866 evasisset
1137 3789 1444 3849 suspectus
1476 3770 2107 3866 militibus-diligenter

470 3862 811 3918 observatur
843 3864 912 3920 ab
944 3866 1025 3921 eis
1058 3870 1336 3938 quidnam
1369 3886 1579 3946 ageret.

543 4038 638 4095 Ill.
672 4040 813 4095 Cum
847 4059 979 4115 ergo
1004 4062 1119 4102 una
1149 4054 1314 4106 nocte
1336 4069 1467 4109 eum
1499 4073 1529 4112 e
1552 4060 1723 4116 cubili
1758 4066 2102 4133 surrexisse,

473 4132 531 4225 et
570 4136 876 4225 consuetas
926 4151 1122 4204 preces
1174 4138 1286 4196 Deo
1336 4142 1554 4203 fudisse
1606 4152 1989 4225 aspexissent,
2038 4132 2106 4215 ea

473 4217 607 4271 duci
638 4220 922 4276 exercitus
968 4227 1306 4285 I’crsentino
1351 4217 1700 4305 significant.
1750 4243 1848 4299 Ille
1890 4217 2104 4319 autem,

472 4322 538 4360 eo
579 4308 775 4362 statim
827 4314 1144 4371 accersito:
1197 4318 1367 4390 Num,
1416 4324 1624 4397 inquit,
1677 4347 1708 4385 o
1755 4308 2101 4407 Callistrate,

472 4409 605 4483 vera
644 4405 798 4461 sunt,
841 4417 967 4468 qua:
1016 4404 1289 4462 dicuntur
1332 4427 1365 4464 a
1407 4415 1517 4469 luis
1561 4404 2107 4483 commilitonibus?

472 4481 527 4536 Is
559 4487 751 4538 autem
780 4503 792 4539 :
826 4486 1048 4557 Nescio,

472 4585 577 4639 ego
620 4572 773 4662 enim
825 4590 954 4628 sum
1008 4579 1227 4636 nullius
1279 4586 1421 4640 mihi
1476 4594 1611 4646 mali
1663 4602 1953 4657 conscius.
2005 4572 2107 4662 Ille

471 4674 603 4712 vero
636 4660 792 4761 jubet
830 4663 1043 4761 milites
1091 4668 1300 4727 dicere.
1344 4675 1385 4729 Ii
1439 4685 1667 4738 autem:
1710 4689 1879 4755 Jube,
1912 4660 2099 4761 aiunt,

471 4762 601 4800 eum
637 4748 745 4804 diis
778 4753 1135 4812 sacriﬁcare:
1170 4766 1224 4813 et
1256 4763 1340 4818 sic
1363 4765 1530 4833 scies,
1555 4772 1828 4841 quidnam
1865 4748 2097 4854 sentiat,

473 4844 522 4935 et
552 4853 813 4937 quamam
860 4841 934 4895 sit
963 4844 1087 4913 ejus
1133 4849 1354 4921 religio.
1405 4855 1609 4915 Statim
1660 4869 1850 4921 autem
1891 4841 2100 4937 jussus

474 4927 555 4977 sic
590 4927 771 5019 facere
802 4930 1205 4993 Callistratus:
1241 4945 1376 5013 Ego,
1402 4945 1611 5018 inquit,
1639 4970 1751 5008 non
1786 4927 1958 5014 didici
1989 4927 2100 5019 diis

474 5014 799 5111 sacrificare
829 5038 841 5075 ε
888 5024 987 5077 sed
1036 5028 1226 5095 potius
1276 5034 1384 5090 Deo
1417 5014 1548 5093 vero
1580 5014 1635 5096 et
1664 5043 1812 5111 vivo,
1846 5052 1945 5119 qui
1977 5070 2099 5108 om-

474 5103 566 5197 nia
611 5108 876 5197 produxit
923 5128 991 5166 ex
1039 5116 1239 5185 nihilo,
1305 5127 1361 5176 et
1406 5124 1697 5187 hominem
1732 5103 2102 5197 formavit—de

471 5192 661 5297 terra}
696 5194 833 5252 deos
882 5216 1035 5263 vero.
1070 5206 1163 5274 qui
1218 5210 1485 5269 coluntur
1518 5235 1549 5271 a
1598 5222 1777 5291 vobis,
1826 5243 1970 5297 quos
2012 5231 2100 5285 fa-

473 5276 859 5377 b'ricatmsunt
881 5302 1089 5345 manus
1113 5296 1424 5368 artificum,
1460 5276 1857 5377 sculptura’et1
1875 5276 2101 5373 fusione

473 5362 817 5473 elegantiam
854 5390 919 5473 ac
946 5376 1208 5473 decorem
1251 5387 1333 5441 eis
1378 5389 1617 5464 largitas,
1663 5414 1761 5454 eos
1800 5416 1924 5473 ego,
1968 5422 2098 5462 cum

474 5466 587 5549 non
622 5453 912 5550 deos,_sed
952 5478 1079 5550 esse
1110 5468 1393 5532 daemonia
1426 5453 1616 5550 potius
1650 5502 1681 5540 a
1713 5453 1924 5545 diviiia’
1949 5453 2098 5550 didi:

470 5540 641 5596 οθτίω
683 5540 999 5616 Scriptura,
1040 5549 1116 5606 ita
1166 5540 1442 5623 nomino:
1470 5592 1489 5616 ι
1533 5540 2096 5651 οωηεέέιῖίῖῃίῖτί-

2211 3267 2456 3332 καθιστᾷ,
2500 3264 2598 3330 τήν
2644 3267 2741 3315 τοῦ
2791 3266 3033 3335 Χριστοῦ
3081 3265 3259 3317 πίστιν
3302 3263 3396 3317 οῖά
3442 3284 3501 3318 τε
3546 3268 3640 3317 τῶν
3668 3260 3833 3315 πολυ-

2206 3352 2383 3421 τίμων
2452 3349 2945 3425 ἐμπορευσάμενος.
3026 3353 3157 3409 Εἶτα
3220 3352 3309 3406 καὶ
3378 3352 3454 3414 είς
3520 3353 3616 3420 τὴν
3681 3350 3843 3404 οὶκίαν

2209 3437 2539 3505 ἐπανελθὼν,
2569 3445 2688 3501 τοῖς
2719 3441 2853 3513 πρὸς
2886 3441 3073 3514 γένους
3107 3440 3269 3494 ἅπασι
3300 3444 3398 3495 τοῦ
3438 3439 3611 3494 καλοῦ
3658 3440 3847 3494 τούτου

2214 3526 2570 3602 μεταδίδωσιν
2622 3528 3056 3603 ἐμπορεύματος.
3104 3529 3261 3587 Οὕτω
3310 3534 3406 3584 τοῦ
3460 3529 3673 3603 κλήρου
3729 3533 3848 3583 τοῦ·

2212 3617 2268 3673 δε
2296 3616 2557 3693 διάδοχος
2612 3620 2639 3673 ὁ
2701 3618 3112 3694 Καλλίστρατος
3170 3619 3391 3695 γίνεται,
3486 3619 3575 3673 καὶ
3632 3622 3731 3687 τὴν
3778 3620 3851 3680 εἷς

2211 3709 2443 3782 Χριστὸν
2502 3709 2679 3763 πίστιν
2740 3708 2813 3771 ὥς
2876 3729 2993 3762 τινα
3058 3706 3295 3763 πλοῦτον
3362 3706 3559 3762 ἄσυλον
3620 3706 3849 3782 ἐπήγετο

2210 3802 2514 3871 πανταχοῦ,
2550 3799 2692 3871 παρά
2744 3797 2834 3852 καὶ
2882 3804 2997 3859 τοῖς
3058 3798 3413 3873 στρατιώταις
3470 3798 3711 3859 ὕποπτος
3757 3820 3853 3853 κα-

2208 3889 2403 3947 ταστὰς
2470 3892 2830 3959 παρετηρεῖτο
2887 3888 3016 3961 παρ’
3070 3887 3248 3942 αὐτῶν
3298 3884 3538 3960 ἀκριϐῶς
3587 3887 3617 3941 δ
3666 3909 3718 3943 τι
3764 3890 3852 3943 καὶ

2210 3969 2383 4044 δρῴη.

2284 4061 2355 4116 Γ’.
2426 4061 2569 4122 Μιᾶς
2638 4061 2729 4114 οὖν
2796 4066 2904 4115 τῶν
2972 4068 3178 4117 νυκτῶν
3243 4070 3343 4132 τῆς
3425 4064 3617 4133 κοίτης
3683 4064 3855 4132 ἐξανα-

2212 4150 2425 4218 στάντα,
2450 4150 2537 4204 καὶ
2582 4151 2676 4213 τὰς
2726 4154 2971 4221 συνήθεις
3038 4152 3202 4228 εὐχὰς
3249 4158 3329 4224 τῷ
3367 4157 3481 4223 Θεῷ
3527 4152 3849 4224 ποιούμενον

2213 4240 2550 4312 θεασάμενοι,
2593 4244 2672 4312 τῷ
2727 4240 3067 4315 στρατηλάτῃ
3132 4245 3295 4296 ταῦτα
3364 4243 3691 4316 Περσεντίνῳ
3739 4239 3853 4295 δια-

2213 4328 2591 4402 σημαίνουσιν.
2650 4330 2706 4383 Ὀ
2766 4326 2822 4384 δὲ
2880 4330 3072 4384 αὐτίγα
3150 4330 3660 4403 μεταπεμψάμενος,
3717 4330 3848 4402 Ἀρά

2216 4438 2296 4493 γε,
2358 4414 2755 4489 Καλλίστρατε,
2818 4414 2948 4492 ἔφη,
2996 4419 3063 4472 τὰ
3107 4418 3254 4492 παρὰ
3306 4423 3414 4471 τῶν
3467 4423 3573 4472 σῶν
3634 4417 3845 4489 ἑταίρων

1099 4494 1309 4583 inquit,
1360 4501 1595 4568 quidam
1631 4508 1701 4561 de
1747 4526 1838 4565 me
1868 4514 2096 4576 dicunt:

2216 4507 2303 4561 καὶ
2364 4514 2772 4583 συστρατιωτῶν
2826 4508 3090 4583 λεγόμενα
3153 4510 3286 4563 κατὰ
3347 4513 3441 4563 σοῦ
3500 4508 3680 4577 ἀληθῆ
3728 4528 3841 4580 τυγ-

2216 4595 2471 4669 χάνουσιν
2503 4596 2668 4665 ὄντας
2700 4599 2760 4654 Ὀ
2794 4595 2871 4665 δὲ,
2903 4597 3015 4654 Οὐκ
3047 4595 3192 4664 οἶδα,
3234 4599 3388 4671 φησὶ,
3431 4599 3483 4652 τί
3536 4599 3689 4651 οὗτοι
3733 4598 3839 4650 καθ’

2215 4688 2375 4757 ἡμῶν
2436 4687 2698 4759 λέγουσιν·
2761 4684 2869 4763 ἐγὼ
2930 4688 3028 4761 γαρ
3106 4685 3257 4740 οὐδὲν
3327 4686 3549 4759 ἐμαυτῷ
3617 4683 3827 4758 πονηρὸν

2214 4775 2447 4834 σύνοιδα.
2512 4778 2611 4834 Καὲ
2670 4778 2726 4839 ὅς
2781 4776 2987 4832 κελεύει
3053 4782 3170 4840 τοῖς
3228 4780 3585 4851 στρατιώταις
3661 4777 3829 4831 εἰπεῖν·

2211 4868 2442 4923 Ἐκεῖνοι
2476 4865 2553 4937 δὲ,
2588 4867 2851 4924 Κέλευσον
2906 4867 3075 4937 αὐτῷ,
3123 4867 3271 4943 φασὶ,
3318 4873 3433 4928 τοῖς
3486 4870 3630 4928 Θεοῖς
3676 4869 3843 4935 θῦσαι,

2211 4957 2299 5010 καὶ
2342 4956 2510 5018 οὕτως
2545 4957 2659 5031 εἶ’σῃ
2694 4964 2849 5012 ποῖον
2883 4958 3027 5027 αὐτῷ
3057 4958 3118 5010 τὸ
3160 4958 3415 5033 φρόνημα
3463 4958 3551 5011 καὶ
3583 4958 3642 5011 τὸ
3673 4952 3847 5021 σέϐας.

2212 5046 2421 5099 Αὐτίκα
2453 5050 2580 5119 γοῦν
2628 5046 2769 5101 οὕτω
2817 5052 2990 5101 ποιεῖν
3036 5047 3343 5119 ἐπιτραπεὶς
3383 5048 3409 5101 ὁ
3453 5046 3854 5119 Καλλίστρατος

2213 5136 2358 5208 Ἐγὼ
2389 5137 2549 5203 θεοῖς,
2583 5130 2706 5211 ἔφη,
2742 5134 2883 5198 θύειν
2917 5136 3019 5188 οὐκ
3050 5132 3270 5207 ἔμαθον,
3306 5134 3448 5189 ἀλλὰ
3486 5140 3599 5207 6εῷ
3634 5133 3850 5208 μᾶλλον

2209 5228 2289 5295 τῷ
2323 5225 2473 5297 μόνῳ
2520 5229 2679 5293 ζῶντι
2727 5226 2811 5279 καὶ
2873 5224 3087 5294 ἀληθεῖ,
3145 5228 3222 5297 τῷ
3282 5227 3455 5280 πάντα
3517 5246 3574 5279 τε
3630 5225 3681 5295 ἐξ
3752 5225 3856 5279 ούκ

2213 5314 2379 5366 ὄντων
2446 5314 2833 5390 παραγαγὸντι,
2926 5314 3016 5368 καὶ
3083 5314 3174 5368 τὸν
3270 5314 3551 5383 ἄνθρωπον
3627 5314 3686 5368 ἐκ
3753 5317 3855 5385 γῆς

2212 5399 2590 5455 διαπλοὶσαντι⁹
2633 5402 2783 5466 θεοὺς
2839 5399 2894 5455 δὲ
2940 5401 3065 5465 τοὺς
3124 5404 3249 5475 παρ’
3296 5402 3445 5474 ὑμῶν
3498 5398 3849 5474 σεϐομένους,

2211 5488 2303 5551 οὕς
2348 5496 2530 5567 χεῖρες
2585 5488 3025 5566 ἐδημιούργησαν
3083 5495 3369 5565 τεχνιτῶν,
3429 5488 3716 5568 γλύμματι
3760 5494 3849 5549 καὶ

2210 5580 2415 5657 χωνείᾳ
2444 5581 2504 5636 τὸ
2539 5581 2799 5657 εὐπρεπὲς
2844 5579 3028 5645 αὐτοῖς
3078 5581 3463 5657 χαρισάμεναι,
3510 5580 3736 5645 τούτοος
3788 5582 3851 5640 οὐ
