4124 6270
343 301 464 359 885

344 453 498 515 Θεοὺς
541 452 668 526 ἐγὼ,
701 449 848 506 ἀλλά
895 449 1151 525 δαιμόνια
1212 452 1424 525 μᾶλλον
1481 457 1630 528 παρά
1683 463 1782 524 τῆς
1841 457 1986 521 θείας

2116 462 2252 532 quit,
2285 463 2368 518 dii
2415 465 2679 536 gentium
2712 467 3000 522 daemonia
3042 467 3058 500 ί

343 545 505 616 ἡμῶν
562 547 782 617 Γραφῆς
845 540 1176 613 μεμαθηκὼς
1228 543 1501 614 ὀνομάζω.
1536 568 1563 595 ‹‹
1628 546 1822 606 Πάντες
1869 548 1993 622 γὰρ,

347 632 534 709 φησὶν,
567 631 620 684 οἱ
678 629 789 684 Θεοὶ
847 634 954 684 τῶν
988 629 1152 694 ἐθνῶν
1217 628 1497 704 δαιμόνια,
1528 633 1618 686 καὶ
1665 635 1731 687 τὰ
1787 632 1995 689 εἷ’δωλα

345 725 456 776 τῶν
539 721 703 774 ἐθνῶν
782 717 1034 794 ἀργύριον
1120 719 1211 774 καὶ
1297 723 1548 794 χροσίον,
1607 720 1740 798 ἔργα
1795 729 1992 797 χειρῶν

348 811 667 884 ἀνθρώπων.
705 833 731 860 ››
765 809 920 863 Θύειν
969 806 1026 863 δέ
1082 814 1160 882 τῷ
1218 814 1335 880 Θεῷ
1392 811 1578 864 θυσίαν
1608 811 1864 874 αἰνέσεως
1902 813 1990 868 καί

351 896 673 954 ἂποδιδόναι
703 903 782 970 τῷ
813 896 1046 972 ’Υψίστῳ
1101 899 1198 961 τὰς
1246 899 1412 973 εύχάς
1467 899 1614 974 παρά
1670 902 1768 968 τῆς
1828 901 1995 969 αὑτῆς

347 987 513 1043 πάλιν
557 994 773 1064 Γραφῆς
803 984 1188 1059 πεπαίδευμαι.
1223 987 1290 1043 Ei‘
1350 989 1445 1061 μὲν
1497 989 1589 1044 οὖν
1642 990 1705 1044 τὸ
1747 987 1997 1063 διαφέρον

347 1082 440 1133 τοῦ
492 1075 766 1152 δόγματος
815 1074 1073 1148 ἐμποδών
1126 1077 1229 1148 μού
1271 1099 1323 1132 τι
1382 1079 1516 1153 πρὸς
1575 1081 1674 1148 τήν
1732 1099 1998 1152 στρατιω-

347 1168 506 1235 τικὴν
564 1163 910 1237 λειτουργίαν
966 1164 1281 1234 καθίστατο,
1330 1163 1475 1228 εἰκὸς
1529 1169 1593 1234 ἦν
1669 1168 1756 1221 καὶ
1834 1171 1997 1221 τοῦτο

350 1253 577 1311 δικαίωτ
609 1249 985 1309 ἐνδιαϐάλλειν
1037 1275 1122 1326 με,
1167 1254 1255 1309 καὶ
1315 1255 1376 1310 τὸ
1434 1255 1523 1310 σὸν
1589 1255 1998 1330 μεγαλοπρεπές

350 1343 634 1417 ἐπεμελῶς
671 1349 773 1411 τῆς
828 1337 1100 1412 διαϐολῆς
1139 1343 1377 1412 ἀκούειν,
1407 1343 1496 1398 καί
1555 1344 1635 1422 ἐφ’
1667 1346 1748 1408 οἷς
1805 1343 1997 1405 ἐνδεῶς

352 1431 556 1509 ἔχομεν
617 1431 790 1486 αἰτίαν
853 1430 1066 1507 ἐπάγειν
1101 1450 1114 1464 ⁸
1177 1431 1294 1487 ἐπεὶ
1336 1430 1395 1487 δὲ
1432 1435 1547 1487 κατ’
1579 1430 1734 1489 οὐδὲν
1798 1435 2001 1508 τυγχά-

350 1542 516 1596 νομεν
561 1521 923 1593 ὑστεροῦντες,
952 1519 1101 1584 τίνος
1139 1519 1302 1596 χάριν
1352 1519 1412 1576 ἐκ
1453 1522 1624 1594 μόνου
1654 1526 1751 1576 τοῦ
1799 1523 1874 1594 μή
1926 1525 2003 1592 τῷ

357 1611 607 1685 ὑμετέρῳ
667 1603 983 1682 συμϐαίνειν
1052 1607 1311 1684 δόγματι,
1369 1609 1586 1672 τούτοις
1663 1631 1723 1664 τε
1800 1607 2002 1683 ῥᾳδίως

353 1699 576 1775 ὑπέχεις
600 1697 696 1761 τὰς
727 1698 917 1769 ἀκοὰς,
948 1698 1088 1771 κάμέ
1137 1698 1242 1752 ὑπὸ
1275 1696 1434 1768 δίκην
1466 1696 1612 1772 ἄγεις
1639 1719 1654 1767 ;

432 1791 502 1846 Δ’.
547 1790 748 1862 Ὀργῆς
803 1785 889 1842 ἐπὶ
947 1785 1159 1850 τούτοις
1219 1788 1247 1842 6
1314 1787 1699 1862 στρατηλάτης
1752 1785 2000 1856 ἀναπλη-

357 1890 522 1957 σθεὶς,
555 1889 656 1960 ,Οὐ
716 1888 1046 1962 ῥητορικῶν,
1106 1885 1231 1966 ἔφη,
1294 1886 1472 1962 λόγων
1531 1890 1560 1943 6
1617 1893 1705 1943 νῦν
1766 1888 2002 1961 ὑπάρχει

356 1979 565 2055 καιρὸς,
628 1975 776 2032 ἀλλά
837 1976 1081 2050 βασάνων
1169 1978 1408 2049 μάλιστα
1490 1977 1835 2051 πικροτάτων
1911 1977 2003 2031 καὶ

355 2073 638 2142 τιμωριῶν
673 2060 925 2144 φοϐερῶν
959 2067 1032 2120 ὧν
1082 2067 1184 2120 οὐκ
1222 2067 1297 2126 εἷς
1350 2066 1558 2139 μακρὰν
1599 2067 1791 2140 πείρας
1847 2061 2002 2144 ιῖίξεις⁹

359 2157 411 2212 εἴ
459 2176 520 2230 γε
583 2157 682 2226 μή,
723 2155 964 2218 πεισθεὶς
1024 2154 1314 2227 ἐμοὶ,τοῖς
1363 2157 1508 2217 θεοῖς
1557 2155 1735 2215 θύσεις
1774 2155 1860 2216 οἷς
1913 2151 2003 2208 καὶ

360 2245 621 2320 βασιλεὺς
665 2243 829 2305 αὐτὸς
889 2249 1204 2317 προσκονεῖ.
1263 2241 1404 2301 Οὐδὲ
1458 2244 1560 2319 γὰρ
1609 2243 1822 2318 ἀγνοεῖς
1880 2244 2003 2304 οἷος

357 2344 468 2420 ἐγὼ
489 2339 740 2422 φοϐερὸς,
775 2345 867 2398 ἅτε
919 2341 986 2412 δὴ
1026 2343 1116 2398 καὶ
1151 2342 1431 2418 βλέμματι
1467 2344 1620 2418 μόνῳ
1649 2344 1740 2399 καὶ
1773 2343 2005 2414 λεοντίῳ

361 2434 706 2509 βρυχήματι,
749 2431 932 2493 ἱκανὸς
997 2429 1071 2485 ὢν
1143 2429 1486 2501 καταπλῆξαι
1525 2433 1632 2505 πρὸ
1695 2435 1804 2486 τῶν
1871 2432 2006 2486 αὶκι·

358 2523 536 2594 σμῶν.
571 2520 632 2576 ’0
664 2515 723 2574 δὲ
772 2516 1204 2593 Καλλίστρατος,
1235 2519 1298 2575 Ὀ
1343 2518 1456 2587 σὸς,
1499 2513 1623 2594 ἔφη,
1661 2517 1910 2593 βρυγμὸς
1941 2518 2002 2570 6-

354 2619 514 2678 ποῖος
570 2611 630 2668 ἃν
687 2613 777 2669 καὶ
833 2613 888 2688 ᾔ,
947 2613 1276 2688 πρόσκαιρον
1349 2609 1465 2692 ἔχει
1546 2615 1609 2669 τὸ
1668 2611 1870 2690 φοϐοὗν
1913 2612 2002 2668 καὶ

361 2701 750 2778 ὀλιγοχρόνιον
780 2732 800 2745 ο
832 2702 860 2756 6
892 2700 950 2756 δὲ
988 2708 1096 2757 τῶν
1147 2701 1381 2758 ὀδόντων
1441 2702 1642 2764 ἐκεῖνος
1684 2701 1926 2773 αἰώνιος,
1957 2699 2003 2773 ᾦ

361 2791 614 2865 ἐμπεσεῖν
644 2791 785 2846 πάνυ
815 2791 1041 2869 φρίττω,
1076 2791 1164 2845 καὶ
1201 2794 1340 2865 μόνῃ
1386 2797 1455 2865 τῇ
1508 2793 1698 2864 μνήμῃ
1743 2787 2002 2863 περιδεὴς

355 2881 602 2956 γίνομαι.
635 2881 699 2937 Ὀ
730 2877 789 2934 δέ
818 2879 1221 2954 στρατηλάτης,
1254 2877 1435 2934 οὐκέτι
1490 2880 1733 2952 κατέχειν
1779 2879 1898 2940 οἷός
1946 2899 2004 2932 τε

361 2966 433 3022 ὢν
490 2969 582 3022 τὸν
641 2968 835 3039 θυμὸν,
894 2964 1106 3021 κελεύει
1169 2968 1391 3021 ταθέντα
1445 2970 1660 3035 τοῦτον,
1693 2965 1796 3018 ὑπὸ
1837 2985 2006 3038 στρα-

358 3069 568 3122 τιωτῶν
627 3063 864 3139 ἀφειδῶς
915 3062 1225 3120 τύπτεσθαι.
1296 3066 1356 3122 Ὀ
1414 3062 1471 3118 δὲ
1517 3063 1608 3117 καὶ
1663 3063 2002 3136 τυπτόμενος

361 3154 460 3210 οὐκ
488 3154 692 3231 ἀφῆκεν
757 3150 1100 3225 ὀδυνωμένου
1145 3154 1355 3229 φωνήν,
1384 3153 1485 3207 οὐκ
1529 3151 1806 3224 ἀνέπεμψε
1869 3152 2006 3225 πρὸς

361 3243 546 3299 οἶκτόν
571 3263 692 3298 τινα
719 3242 1040 3316 στεναγμὸν,
1073 3240 1202 3296 ἀλλ’
1231 3239 1414 3316 ὥσπερ
1461 3238 1638 3295 ἄλλου
1687 3241 1786 3308 τήν
1836 3239 1999 3314 βάσα-

359 3354 449 3390 νον
483 3333 848 3406 ὑπομένοντος
887 3330 1049 3393 αύτὸς
1081 3325 1308 3404 ἔψαλλε,
1352 3330 1528 3406 λέγων
1553 3351 1565 3363 ο
1602 3353 1630 3381 ‹‹
1662 3331 1886 3402 ’Ὡμοσά
1915 3332 2004 3384 καὶ

359 3419 556 3494 ἔστησα
610 3426 708 3477 τοῦ
766 3419 1104 3500 φυλάξασθαι
1151 3420 1217 3475 τά
1246 3419 1485 3494 κρίματα
1512 3428 1613 3491 τῆς
1655 3419 2004 3487 δικαιοσύνης

361 3543 478 3595 σου,
513 3519 753 3578 Δέσποτα
786 3540 800 3554 ο
836 3545 864 3574 ››
896 3521 985 3576 καὶ
1017 3518 1167 3584 αὖθις
1202 3540 1215 3554 ο
1257 3543 1279 3571 ι
1314 3523 1718 3594 Ἐταπεινώθην
1746 3520 1850 3585 ἓως
1881 3522 2007 3600 σφό-

363 3614 463 3692 δρα
485 3634 498 3648 ·
534 3616 722 3690 Κύριε,
756 3615 921 3684 ζῆσόν
957 3635 1024 3687 με
1053 3613 1187 3669 κατά
1218 3621 1308 3668 τὸν
1340 3613 1512 3688 λόγον
1554 3636 1670 3685 σου,
1705 3638 1734 3667 ››
1782 3614 1871 3670 καὶ
1929 3615 2004 3686 μὴ

364 3701 471 3776 δῷς
504 3702 787 3777 ἐπίχαρμα
809 3705 886 3773 τῷ
915 3700 1162 3775 λυμεῶνι
1187 3701 1366 3773 τούτῳ
1397 3701 1642 3777 γενέσθαι
1676 3721 1688 3736 ·
1741 3700 1868 3756 ἀλλ’
1899 3699 2009 3754 ἐνί-

365 3791 564 3866 σχυσόν
619 3810 707 3864 με,
761 3790 1027 3860 Δέσπατα,
1075 3788 1171 3851 τάς
1225 3787 1488 3864 βασάνους
1537 3788 1735 3853 ταύτας
1785 3790 2010 3862 ὑπενεγ-

362 3885 500 3950 κεῖν,
532 3876 720 3940 διδοὺς
767 3875 996 3950 δύναμιν
1034 3881 1114 3949 τῷ
1157 3882 1396 3950 ταπεινῷ
1441 3879 1619 3952 τούτῳ
1649 3877 1737 3933 καὶ
1771 3879 2006 3933 ἀσθενεῖ-

366 3969 600 4041 σώματι,
633 3966 724 4022 καὶ
791 3968 890 4036 τὴν
925 3967 1113 4042 ψυχήν
1147 3965 1503 4043 ἴσχυροτέραν
1544 3967 2004 4043 ἀπεργαζόμενος.

361 4063 450 4120 Ὠς
492 4055 572 4130 δὲ,
603 4056 692 4112 ἐπὶ
722 4053 962 4118 πολλαῖς
992 4059 1109 4118 ταῖς
1142 4053 1309 4130 ὥραις
1337 4055 1681 4130 τυπτομένου
1717 4061 1812 4111 τοῦ
1871 4057 2007 4131 μάρ-

362 4166 548 4222 τυρος,
579 4145 642 4201 τὸ
674 4145 809 4218 αἷμα
835 4142 1032 4199 τούτου
1077 4142 1166 4198 ἴσα
1212 4142 1302 4198 καὶ
1352 4151 1624 4218 ποταμοῖς
1676 4142 1942 4219 ἀπορρέον
1982 4143 2010 4195 6

361 4236 679 4312 παράνομος
728 4232 983 4304 δικαστὴς
1046 4230 1336 4306 ⁸ἐθεάσυπιοτο,
1374 4233 1624 4302 ἀνεθῆναι
1681 4236 1786 4286 τῶν
1840 4229 2011 4304 βασά-

362 4354 466 4388 νων
507 4331 740 4401 ἐκέλευε,
771 4331 858 4386 καί
911 4351 1043 4407 φησι
1089 4331 1225 4404 πρὸς
1273 4329 1454 4396 αὑτὸν,
1492 4326 1657 4384 Δῦται
1707 4328 1762 4380 αἱ
1823 4326 2011 4400 ἀρχαὶ,

363 4423 454 4477 καὶ
499 4424 724 4476 τοιαῦτα
769 4420 836 4472 τὰ
879 4417 1153 4491 προοίμιά
1202 4437 1286 4471 σοι
1336 4423 1437 4485 τῆς
1474 4415 1766 4485 ἀπειθείας,
1799 4413 2010 4471 Καλλί-

368 4529 578 4584 στρατε.
623 4509 877 4584 Σώφρονι
933 4505 1114 4561 τοίνυν
1157 4505 1508 4580 χρησάμενος
1572 4503 1842 4580 λογισμῷ,
1892 4510 2008 4564 τοῖς

367 4597 526 4670 ἐμοῖς
583 4595 838 4666 πείσθητι
894 4593 1105 4671 λόγοις,
1136 4593 1275 4651 ὥστε
1327 4600 1438 4650 τῶν
1487 4591 1564 4650 ἔτι
1624 4599 1893 4668 μενουσῶν
1953 4615 2010 4650 σε

375 4685 620 4759 βασάνων
675 4681 1076 4758 ἀπαλλαγῆναι.
1135 4689 1382 4758 ’Όμνυμι
1438 4684 1542 4760 γάρ
1601 4705 1686 4740 σοι
1743 4683 1916 4752 θεοὺς,
1964 4683 2008 4738 εἷ

375 4774 476 4848 μή,
506 4773 587 4847 τῷ
637 4771 909 4848 βασιλικῷ
965 4771 1293 4848 θεσπίσματι
1336 4771 1498 4846 εἷ’ξας,
1550 4773 1732 4838 θυσίας
1789 4773 2015 4848 προσοί-

371 4884 482 4927 σεις
533 4863 744 4932 αὐτοῖς,
781 4862 1006 4938 βάσανοί
1053 4883 1149 4918 σου
1191 4863 1255 4918 τὸ
1302 4867 1463 4937 σῶμα
1510 4861 1880 4940 διαφθεροῦσι,
1919 4865 2007 4919 καὶ

369 4961 520 5025 κύνες
571 4962 665 5037 μὶν
698 4961 760 5015 τὸ
809 4961 948 5036 αἷμά
991 4982 1088 5017 σου
1137 4959 1397 5036 λάψουσι,
1429 4961 1642 5026 λέοντες
1675 4961 1732 5019 δέ
1777 4984 1874 5018 σου
1917 4963 2014 5028 τὰς

369 5053 570 5128 σάρκας
657 5048 891 5107 ἔδονται.
949 5051 1011 5108 Ὀ
1106 5048 1162 5107 δέ
1245 5057 1489 5129 γενναῖος
1579 5052 2009 5128 Καλλίστρατος,

369 5141 614 5199 ¹’1.Ιλπισα
647 5139 735 5195 ἐπὶ
764 5140 856 5195 τὸν
878 5140 1028 5206 Θεὸν,
1071 5141 1212 5206 εἶπε,
1238 5141 1329 5195 τὸν
1358 5142 1606 5220 ἰσχυρὸν,
1636 5143 1726 5197 τὸν
1752 5144 2009 5212 σώζοντα,

371 5230 456 5288 ὅτι
495 5231 656 5292 αὐτὸς
688 5229 943 5284 ἐκσπάσει
1000 5251 1066 5302 με
1114 5229 1173 5284 ἐκ
1227 5231 1496 5304 στόματος
1547 5230 1782 5298 λέοντος,
1811 5230 1899 5286 καί
1955 5231 2014 5286 ἐκ

371 5321 561 5396 χειρὸς
601 5323 777 5375 κυνῶν
809 5339 865 5374 τε
900 5323 1170 5392 μονογενῆ
1208 5339 1312 5390 μου
1361 5320 1543 5394 ψυχὴν
1586 5319 1822 5393 ῥύσεται.
1853 5321 2010 5391 Μόνη

372 5411 474 5488 γάρ
526 5415 604 5482 τῷ
661 5408 772 5464 ὄντι
829 5407 884 5463 ἐν
944 5408 1090 5482 πάσῃ
1129 5412 1198 5483 τῇ
1237 5428 1297 5483 γε
1343 5409 1446 5463 ὑπό
1489 5429 1544 5463 σε
1575 5415 1795 5484 στρατιᾷ
1821 5416 2011 5466 τοῦτον

372 5498 723 5578 ἐπιγινώσκει
783 5498 935 5556 Θεόν.
975 5494 1153 5554 Ἀλλά
1206 5497 1310 5572 γὰρ
1375 5497 1526 5571 αύτῷ
1563 5501 1841 5562 πεποιθώς
1899 5499 2014 5573 εἶμι

1465 299 1944 364 MARTYRIUM
1993 305 2057 362 S.
2105 304 2637 368 CALLlSTltATl.

3632 312 3748 373 886

3095 486 3108 526 ;
3151 488 3179 516 »
3211 473 3269 523 et
3299 485 3312 523 :
3347 489 3376 517 «
3424 467 3750 525 Simulacra

2103 551 2382 622 gentium,
2415 559 2716 622 argentum
2748 559 2804 609 et
2846 572 3079 622 aurum,
3112 570 3287 626 opera
3321 572 3599 612 manuum
3649 558 3748 612 ho-

2106 638 2327 695 minum
2351 639 2391 692 2.
2412 663 2439 690 »
2458 641 2573 697 Deo
2595 646 2789 696 autem
2813 643 3136 698 sacriﬁcare
3159 644 3513 699 sacriﬁcium
3534 645 3748 714 laudis,

2104 731 2162 781 et
2219 729 2456 784 reddere
2518 730 2816 786 Altissimo
2873 735 3002 786 vota
3056 729 3099 800 ³,
3157 731 3229 786 ab
3277 732 3479 786 eadem
3538 748 3743 788 rursus

2105 818 2278 873 didici
2307 819 2624 890 Scriptura.
2657 824 2844 890 Atque
2884 821 2934 875 si
2975 819 3304 875 differentia
3337 820 3574 890 quidem
3607 822 3751 893 dog-

2106 907 2280 962 matis
2311 911 2466 963 esset
2494 907 2636 962 mihi
2667 907 3086 977 impedimento
3118 907 3191 962 ad
3225 923 3440 963 munus
3474 908 3744 978 militare,

2105 999 2560 1051 consentaneum
2595 1001 2768 1062 esset,
2796 1000 2854 1050 et
2881 1012 2978 1051 eos
3020 1011 3112 1050 me
3134 996 3296 1066 juste
3335 995 3656 1065 criminari,
3688 1000 3746 1054 et

2105 1087 2270 1139 tuam
2305 1083 2797 1154 magniﬁcentiam
2828 1082 3131 1152 diligenter
3171 1083 3368 1138 audire
3401 1083 3670 1150 insidias,
3692 1091 3748 1140 et

2108 1180 2406 1244 propterea
2435 1171 2589 1242 quod
2607 1188 2718 1228 non
2745 1172 2912 1243 plene
2941 1171 3130 1227 ofﬁcio
3163 1172 3394 1227 functus
3427 1188 3634 1238 essem,
3659 1189 3750 1228 me

2109 1276 2402 1316 accusare.
2436 1261 2543 1316 Sed
2573 1276 2706 1315 cum
2732 1259 2890 1314 nulla
2917 1260 2972 1314 in
3007 1274 3066 1313 re
3097 1259 3458 1331 delinquam,
3489 1277 3748 1330 quanam

2109 1350 2180 1404 de
2210 1366 2388 1404 causa
2416 1366 2482 1406 ex
2503 1363 2570 1404 eo
2597 1349 2739 1416 solo,
2774 1347 2926 1419 quod
2949 1365 3082 1403 cum
3113 1352 3304 1403 vestro
3334 1349 3603 1420 dogmate
3633 1365 3750 1404 non

2110 1437 2470 1504 conveniam,
2505 1439 2562 1492 et
2591 1435 2674 1492 eis
2706 1435 2873 1491 facile
2899 1450 3071 1491 aures
3111 1435 3351 1505 praebes,
3375 1439 3431 1490 et
3460 1451 3552 1490 me
3582 1435 3749 1492 ducis

2109 1525 2170 1580 in
2195 1525 2479 1596 judicium
2504 1525 2532 1579 ‘?

2181 1772 2273 1829 IV.
2307 1773 2408 1828 His
2439 1771 2524 1826 ira
2563 1771 2818 1844 repletus
2849 1773 2962 1827 dux
2997 1770 3284 1827 exercitus
3318 1787 3331 1826 :
3366 1768 3491 1825 Non
3518 1771 3628 1835 est,
3660 1767 3752 1822 in-

2114 1863 2261 1934 quit,
2314 1861 2730 1917 rhetoricarum
2780 1878 2934 1916 nunc
2973 1866 3204 1930 tempus
3253 1859 3609 1926 orationum,
3649 1855 3752 1912 sed

2115 1955 2540 2006 tormentorum
2584 1949 2752 2021 longe
2792 1946 3299 2005 acerbissimorum
3340 1949 3397 2001 et
3434 1943 3750 2016 supplicio-

2117 2056 2242 2096 rum
2288 2037 2661 2106 terribilium,
2703 2055 2832 2109 quae
2863 2038 3018 2092 brevi
3069 2034 3404 2106 experieris,
3456 2033 3567 2088 nisi
3612 2030 3754 2086 mihi

2117 2146 2348 2202 parens,
2382 2129 2494 2184 diis
2526 2128 2962 2193 sacriﬁcaveris,
2996 2143 3144 2197 quos
3176 2130 3231 2180 et
3257 2125 3380 2194 ipse
3411 2124 3612 2178 adorat
3640 2121 3754 2176 im-

2116 2224 2364 2291 perator.
2396 2218 2596 2288 Neque
2625 2216 2779 2274 enim
2814 2217 3069 2288 ignoras,
3102 2230 3271 2286 quam
3306 2215 3416 2269 sim
3457 2227 3559 2283 ego
3591 2209 3754 2264 terri-

2116 2308 2270 2376 bilis,
2304 2311 2366 2362 ut
2392 2307 2493 2378 qui
2523 2304 2646 2360 solo
2668 2309 2903 2374 aspectu
2937 2308 2994 2358 et
3022 2319 3157 2358 voce
3190 2301 3401 2372 possim
3441 2302 3756 2370 perterrere

2115 2397 2204 2452 vel
2245 2400 2382 2451 ante
2429 2392 2738 2466 supplicia.
2782 2392 3142 2448 Callistratus
3173 2393 3366 2445 autem
3410 2386 3638 2453 :Tuus,
3670 2383 3756 2438 in-

2116 2485 2263 2555 quit,
2285 2483 2518 2549 stridor,
2543 2481 3104 2552 cujusmodicunque
3137 2476 3330 2542 fuerit,
3361 2479 3640 2530 terrorem
3674 2471 3755 2526 af-

2114 2574 2222 2628 fert
2278 2573 2345 2628 ad
2403 2573 2572 2626 breve
2615 2579 2885 2641 tempus:
2937 2573 3027 2624 est
3065 2583 3198 2622 vero
3242 2569 3488 2620 aeternus
3539 2559 3754 2617 stridor

2111 2661 2210 2716 ille
2256 2661 2515 2715 dentium
2549 2659 2592 2726 ⁴,
2625 2659 2683 2712 in
2733 2673 2908 2729 quem
2955 2657 3118 2711 valde
3149 2655 3352 2709 horreo
3383 2651 3660 2715 incidere,
3700 2654 3757 2702 et

2113 2749 2238 2806 sola
2267 2755 2481 2804 terreor
2515 2745 2814 2803 memoria.
2866 2745 2994 2800 Dux
3040 2747 3237 2799 autem
3278 2738 3590 2805 exercitus,
3621 2750 3756 2792 eum

2112 2840 2254 2894 iram
2301 2853 2414 2892 non
2467 2839 2656 2907 posset
2696 2833 2985 2900 cohibere,
3020 2833 3190 2903 jubet
3219 2844 3352 2884 eum
3393 2845 3428 2882 a
3470 2824 3755 2881 militibus

2110 2932 2414 2982 extensum
2464 2923 2650 2978 valide
2719 2920 3030 2977 verberari.
3077 2918 3179 2972 Ille
3226 2933 3359 2972 vero
3406 2917 3578 2970 etiam
3620 2927 3756 2968 cum

2109 3013 2523 3079 verberaretur,
2565 3028 2682 3066 non
2743 3010 2938 3065 emisit
2969 3025 3164 3063 vocem
3199 3002 3450 3060 dolentis
3482 3019 3495 3058 :
3533 3018 3647 3057 non
3679 2999 3752 3054 ad

2111 3101 2454 3156 movendam
2479 3099 2742 3155 miserico
2755 3099 2937 3153 rdiam
2959 3096 3209 3167 aliquem
3233 3091 3414 3149 edidit
3435 3089 3752 3162 gemitum:

2035 3191 2086 3258 C
2116 3193 2212 3246 sed
2248 3191 2489 3261 perinde
2521 3207 2585 3245 ac
2617 3191 2667 3243 si
2701 3189 2852 3244 alius
2885 3189 3236 3242 tormentum
3270 3181 3599 3245 sustineret,
3632 3178 3756 3248 ipse

2117 3279 2421 3352 psallebat,
2456 3279 2690 3333 dicens:
2725 3298 2754 3326 «
2786 3276 2982 3331 Juravi
3016 3280 3073 3329 et
3121 3272 3293 3328 statui
3333 3284 3558 3326 servare
3600 3265 3755 3336 judi-

2115 3368 2474 3439 ciajustitiaa
2507 3371 2620 3420 tua:
2650 3364 2695 3432 ⁵,
2726 3363 2992 3420 Domine.
3027 3383 3055 3411 »
3088 3361 3150 3415 Et
3184 3375 3387 3414 rursus
3421 3374 3434 3412 :
3471 3376 3500 3406 κ
3540 3353 3754 3410 Humi-

2121 3459 2291 3513 liatus
2325 3473 2453 3512 sum
2489 3455 2689 3510 valde:
2738 3450 2997 3520 Domine,
3037 3448 3262 3504 viviﬁca
3307 3461 3400 3500 me
3431 3443 3756 3499 secundum

2116 3548 2354 3601 verbum
2396 3549 2564 3599 tuum
2595 3544 2655 3597 δι
2707 3563 2734 3591 ››
2768 3546 2823 3596 et
2876 3554 2945 3594 ne
2986 3536 3288 3609 permittas
3345 3537 3410 3588 ut
3439 3533 3551 3586 sim
3605 3527 3757 3584 ludi-

2118 3635 2243 3689 brio
2285 3633 2419 3687 huic
2459 3632 2580 3687 viro
2633 3629 2899 3702 pestifero
2933 3641 2947 3682 :
2979 3627 3081 3682 sed
3123 3640 3215 3680 me
3245 3622 3548 3688 conﬁrma,
3580 3635 3612 3674 o
3645 3619 3755 3672 Do-

2121 3723 2300 3792 mine,
2335 3726 2395 3776 ut
2428 3721 2602 3776 ieram
2641 3719 2757 3774 haec
2781 3721 3096 3780 tormenta,
3137 3716 3286 3770 dans
3309 3712 3460 3768 vires
3489 3708 3624 3763 huic
3646 3706 3758 3760 hu-

2119 3812 2240 3869 mili
2288 3816 2345 3867 et
2375 3808 2670 3865 imbecillo
2699 3806 2946 3878 corpori,
2978 3809 3035 3861 et
3064 3804 3326 3859 animum
3349 3799 3608 3856 efﬁciens
3639 3795 3755 3850 for-

2115 3901 2343 3957 tiorem.
2385 3899 2521 3953 Cum
2553 3901 2770 3963 autem,
2802 3895 2940 3950 dum
2993 3891 3196 3946 multis
3229 3888 3386 3944 horis
3414 3887 3755 3942 verberare-

2115 3995 2208 4046 tur
2242 3991 2474 4060 martyr,
2528 3987 2654 4056 ejus
2686 3983 3030 4056 sanguinem
3075 3980 3258 4034 instar
3288 3974 3448 4032 ﬂuvii
3498 3973 3756 4029 deﬂuen-

2115 4085 2232 4136 tem
2294 4076 2614 4148 aspexisset
2671 4074 2906 4144 iniquus
2956 4071 3161 4141 judex,
3201 4067 3374 4137 jussit
3431 4061 3676 4118 relaxari
3724 4077 3758 4115 a

2117 4165 2444 4229 tormentis,
2476 4168 2534 4218 et
2563 4161 2707 4216 dixit
2743 4161 2791 4214 ei
2821 4160 2984 4214 :Hzec
3012 4161 3153 4212 sunt
3184 4152 3467 4225 principia
3498 4148 3760 4220 praemin-

2120 4268 2248 4307 rum
2298 4249 2722 4315 inobedienlite,
2762 4245 3105 4300 Callistrate.
3151 4240 3447 4312 Sapienter
3485 4253 3620 4308 ergo
3651 4234 3758 4290 tibi

2121 4339 2454 4401 consulens,
2514 4350 2732 4390 morem
2775 4349 2904 4402 gere
2940 4333 3036 4396 iis,
3083 4346 3208 4400 quae
3253 4329 3405 4394 dico,
3443 4330 3502 4380 ut
3549 4327 3619 4379 ab
3661 4323 3756 4389 iis,

2121 4448 2249 4502 quas
2299 4430 2489 4484 adhuc
2530 4431 2588 4482 te
2646 4427 2900 4490 manent,
2936 4421 3199 4476 libereris
3249 4413 3578 4473 tormentis.
3615 4413 3760 4467 Deos

2120 4522 2276 4576 enim
2336 4518 2440 4574 tibi
2483 4519 2639 4587 juro,
2675 4515 2784 4570 nisi
2815 4510 3188 4584 imperatorio
3237 4509 3448 4565 cedens
3504 4507 3755 4569 decreto,

2119 4610 2204 4666 eis
2254 4604 2688 4674 sacriﬁcaveris,
2722 4608 3008 4659 tormenta
3058 4614 3268 4670 corpus
3297 4602 3461 4654 tuum
3495 4593 3759 4667 perdent,

2121 4703 2178 4754 et
2217 4711 2391 4752 canes
2423 4693 2655 4768 quidem
2694 4691 3041 4762 sanguinem
3073 4693 3241 4744 tuum
3279 4685 3526 4757 lingent,
3562 4681 3760 4768 leones

2121 4791 2314 4844 autem
2347 4767 2481 4841 tuas
2522 4798 2725 4838 carnes
2755 4781 2949 4836 edent.
2986 4781 3315 4833 Generosus
3359 4777 3551 4830 autem
3581 4767 3759 4825 Calli-

2122 4881 2379 4933 stratus:
2409 4878 2604 4945 Spero,
2633 4869 2849 4941 inquit,
2889 4868 2949 4923 in
2989 4867 3171 4922 Deum
3206 4865 3433 4928 fortem,
3467 4865 3650 4916 Deum
3681 4855 3765 4912 vi-

2121 4969 2371 5032 ventem,
2413 4961 2568 5034 quod
2617 4960 2741 5032 ipse
2781 4973 2876 5014 me
2926 4955 3186 5013 extrahet
3233 4968 3301 5009 ex
3330 4965 3428 5008 ore
3455 4946 3658 5013 leonis,
3705 4950 3764 5001 et

2122 5071 2188 5111 ex
2213 5069 2386 5108 manu
2425 5033 2633 5108 canum
2667 5045 3030 5119 unigenitam
3061 5058 3253 5099 meam
3303 5039 3582 5097 animam.
3630 5033 3765 5090 Sola

2122 5147 2319 5198 autem
2361 5156 2556 5196 revera
2605 5152 2758 5194 nunc
2815 5135 2874 5190 in
2915 5137 3055 5201 toto,
3098 5131 3199 5202 qui
3256 5129 3360 5184 tibi
3401 5130 3563 5199 paret
3599 5139 3762 5180 exer-

2122 5232 2268 5298 citu,
2303 5231 2458 5285 hunc
2488 5228 2672 5283 Deum
2730 5223 3014 5295 agnoscit.
3049 5223 3262 5274 Verum
3293 5217 3352 5272 in
3383 5233 3450 5272 eo
3508 5212 3762 5276 conﬁdo,

2124 5321 2277 5392 quod
2315 5335 2429 5374 non
2462 5315 2672 5383 solam,
2704 5314 2798 5368 sed
2823 5327 2954 5366 cum
2989 5309 3255 5380 pluribus
3287 5306 3417 5362 aliis
3449 5319 3576 5358 eam
3613 5299 3765 5356 acci-

2125 5388 2260 5482 piet,
2293 5409 2376 5464 eis
2418 5419 2652 5477 quoque
2691 5400 2876 5456 indita
2904 5399 3229 5470 cognitione
3280 5395 3457 5465 hujus
3490 5388 3679 5447 sancti
3710 5394 3769 5444 et

2126 5495 2408 5556 adorandi
2447 5491 2725 5550 nominis.

445 5621 462 5700 ξ
521 5617 669 5676 Psal.
721 5631 848 5689 xcv,
879 5616 932 5674 5.
973 5617 996 5652 ³
1043 5615 1196 5674 Psal.
1244 5629 1403 5685 cxm,
1443 5616 1496 5672 4.
1542 5617 1564 5651 ⁸
1612 5615 1754 5673 Psal.
1803 5633 1953 5691 xm,
2003 5616 2090 5673 14.
2140 5617 2163 5697 ἒ
2208 5608 2686 5691 Mattb._vm,12.
2719 5607 2739 5642 ⁸
2790 5604 2935 5665 Psal.
2986 5619 3176 5678 cxvm,
3217 5601 3340 5679 106.
3371 5601 3390 5636 ⁶
3441 5596 3584 5655 Ibid.
3637 5593 3755 5654 107.
