4124 6270
388 254 505 312 887

1676 247 1835 306 ΜΕΝ
1847 245 1953 307 SIS
2001 243 2481 306 SEPTEMBER.

390 408 472 463 ὅτι
525 408 600 480 μὴ
653 408 843 480 μόνην,
872 406 1018 462 ἀλλὰ
1067 406 1157 460 σὺν
1200 404 1414 461 πλείοσι
1466 405 1556 459 καὶ
1609 405 1811 479 ἑτέροις
1844 402 2009 473 αὒτὴν
2040 404 2298 478 λήψεται,
2328 406 2427 473 τήν
2453 401 2737 477 ἐπίγνωσιν
2768 398 2856 453 καὶ
2891 398 3075 458 αὐτοῖς
3110 397 3273 460 ἐνθεῖς
3305 403 3402 453 τοῦ
3436 398 3596 473 ἁγίου
3634 398 3884 453 αὐτοῦ

393 498 483 552 καὶ
514 501 887 570 προσκυνητοῦ
920 496 1186 567 ὀνόματος
1198 540 1208 553 .

464 586 531 643 ν.
583 587 681 642 His
718 588 904 642 verbis
962 589 1148 656 magis
1205 585 1429 640 irritata
1471 586 1567 640 illa
1626 586 1830 653 bestia,
1860 587 2025 658 jubet

2208 582 2279 637 E'.
2318 580 2440 637 Ἐπὶ
2498 578 2664 634 πλέον
2717 582 2834 639 τοῖς
2879 576 3067 653 λόγοις
3120 577 3334 639 τούτοις
3384 578 3413 632 ὁ
3445 578 3550 650 θὴρ
3590 576 3877 639 ἐκεῖνος

396 678 613 733 multas
646 678 902 731 minutas
932 681 1113 730 testas
1146 677 1459 740 substerni,
1491 682 1547 731 et
1576 684 1886 748 martyrem
1928 693 2026 731 su-

394 767 595 835 pinum
649 780 825 835 super
872 765 1032 834 ipsas
1077 767 1249 833 trahi,
1301 768 1365 818 ut
1413 765 1668 834 corporis
1715 764 1900 835 plagis
1944 764 2029 818 sic

394 852 694 924 discerpti,
737 853 1005 907 dolorum
1038 858 1187 907 esset
1237 869 1445 908 sensus
1507 854 1711 908 acrior.
1766 854 1878 907 lloc
1932 867 2029 906 au-

392 946 511 996 tem
564 941 718 997 dicto
777 943 946 997 citius
982 941 1398 1012 efl‘ecto,jubet
1454 960 1659 999 rursus
1692 942 2030 998 infundibu-

392 1028 515 1085 lum
547 1030 631 1085 ori
671 1030 800 1100 ejus
828 1030 1076 1097 immitti,
1118 1035 1175 1085 et
1219 1031 1429 1101 pelvim
1470 1047 1634 1103 aqua:
1681 1032 1732 1086 ei
1778 1029 2027 1097 infundi,

393 1124 460 1173 ut
489 1118 678 1174 instar
709 1118 855 1174 utris
907 1118 1245 1189 impleretur
1275 1125 1532 1175 sanctus.
1569 1120 1880 1190 Postquam
1921 1135 2031 1174 au-

392 1210 508 1262 tem
561 1208 666 1262 hoc
713 1207 1066 1279 supplicium
1109 1210 1333 1264 fortiter
1362 1210 1677 1264 sustinuit:
1709 1209 1830 1264 Nisi
1885 1211 2029 1266 mihi

394 1294 681 1365 parueris,
722 1296 914 1366 inquit
952 1296 1156 1366 judex,
1190 1298 1365 1352 maris
1415 1297 1649 1353 habebit
1694 1303 1748 1353 te
1793 1300 2031 1369 profun-

393 1385 556 1438 dum.
590 1383 823 1439 Clarum
852 1389 940 1440 est
968 1386 1145 1451 enim,
1187 1386 1341 1456 quod
1377 1386 1487 1441 nisi
1528 1393 1579 1442 te
1610 1387 1766 1443 brevi
1802 1388 1872 1444 de
1907 1404 2031 1443 me-

396 1472 491 1525 dio
522 1472 837 1540 sustulero,
886 1472 1029 1529 alios
1069 1491 1299 1545 quoque
1348 1475 1489 1530 mihi
1541 1479 1744 1547 perdes
1792 1476 2027 1533 milites.

396 1559 761 1616 Callistratus
793 1575 987 1617 autem
1023 1578 1036 1617 :
1080 1562 1211 1616 Tibi
1259 1563 1514 1633 quidem,
1548 1564 1757 1635 inquit,
1781 1581 1812 1620 ο
1851 1565 2031 1621 scele~

398 1648 712 1717 ratissime,
765 1664 993 1719 magna?
1022 1654 1108 1704 est
1155 1666 1323 1717 cum,
1359 1658 1422 1705 ut
1452 1651 1550 1722 qui
1600 1658 1690 1707 est
1728 1654 1828 1707 sub
1876 1664 2033 1724 patre

395 1739 495 1790 tuo
541 1735 792 1803 diabolo,
832 1737 1127 1793 custodias
1183 1754 1409 1808 gregem
1470 1756 1582 1794 non
1632 1740 2028 1810 diminutum;

394 1823 532 1878 mihi
564 1828 753 1879 autem
791 1826 845 1878 in
879 1825 995 1880 Deo
1036 1842 1166 1895 spes
1195 1832 1283 1882 est
1312 1832 1367 1882 et
1405 1827 1634 1893 fiducia,
1670 1831 1824 1899 quod
1877 1832 2032 1886 hunc

2139 670 2509 744 παροξυνθεὶς,
2563 668 2780 735 πλῆθος
2861 665 3076 722 λεπτῶν
3156 667 3434 740 ὀστράκων
3512 667 3867 739 ὒποστρω-

2136 762 2292 826 θῆναι
2350 758 2581 826 κελεύει,
2634 758 2724 811 τὸν
2796 756 3042 831 μάρτυρά
3089 777 3148 812 τε
3203 757 3395 811 ὕπτιον
3458 756 3541 811 ἐπ’
3607 756 3861 819 eritcf;

2135 846 2383 903 ἕλκεσθαι
2425 847 2562 901 ὥστε
2601 850 2707 901 τῶν
2740 844 2999 921 πληγῶν,
3034 844 3177 899 οὕτω
3220 849 3317 899 τοῦ
3367 846 3637 917 σώματος
3702 844 3857 899 ἒπε-

2136 938 2470 1009 ξαινομένου,
2506 931 2830 1008 δριμυτέραν
2863 933 3010 1005 αὐτῷ
3054 934 3157 1002 τήν
3201 931 3450 1002 αἴσθησιν
3492 937 3609 987 τῶν
3673 932 3850 987 ὀδυ-

2136 1030 2241 1079 νῶν
2298 1025 2563 1100 γίνεσθαι.
2613 1024 2824 1080 Τούτου
2883 1019 2941 1077 δὲ
2998 1024 3191 1077 θᾶττον
3252 1021 3286 1091 ἢ
3347 1021 3515 1096 λόγος
3570 1020 3839 1077 ἐκτελε-

2137 1115 2370 1184 σθέντος,
2403 1110 2609 1167 κελεύει
2642 1112 2807 1166 πάλιν
2838 1111 3023 1185 χώνην
3059 1110 3225 1167 αὐτοῦ
3255 1115 3332 1183 τῷ
3364 1111 3599 1184 στόματι
3652 1111 3836 1165 ἐντε-

2136 1207 2315 1269 θῆναι,
2374 1201 2462 1254 καὶ
2532 1199 2769 1269 λεκάνην
2828 1198 2965 1272 αὐτῇ
3052 1196 3252 1260 ὕδατος
3330 1196 3661 1273 έσχυθῆναι,

2134 1288 2302 1343 ἀσκοῦ
2368 1285 2523 1358 δίκην
2573 1286 2936 1362 πληρωθῆναι
3019 1288 3111 1342 τὸν
3187 1289 3363 1362 ἅγιον.
3424 1289 3511 1349 Ὡς
3580 1285 3648 1342 δὲ
3713 1288 3831 1342 καί

2135 1378 2334 1446 ταύτην
2384 1377 2645 1452 ὑπήνεγκε
2709 1375 2966 1451 γενναίως
3040 1376 3141 1445 τήν
3208 1377 3498 1449 τιμωρίαν,
3570 1376 3640 1431 Εἰ
3724 1378 3821 1449 μή

2135 1468 2363 1535 πεισθῇς
2424 1466 2597 1538 μοι,ὁ
2657 1462 2918 1534 δικαστὴς
2976 1462 3101 1544 ἔφη,
3134 1466 3162 1519 ὁ
3197 1466 3362 1539 βυθὸς
3410 1464 3515 1535 ἓξει
3568 1486 3632 1521 σε
3695 1473 3823 1535 τῆς

2138 1553 2434 1624 θαλάσσης.
2495 1550 2744 1624 Εὔδηλον
2805 1554 2908 1629 γὰρ
2981 1554 3079 1622 ὡς,
3140 1552 3185 1609 εἰ
3248 1556 3323 1627 μή
3388 1574 3445 1609 σε
3497 1556 3821 1627 συντόμως

2138 1642 2397 1719 ἓκτρίψω,
2447 1644 2535 1698 καὶ
2596 1643 2811 1717 ἑτέρους
2863 1647 2971 1698 τῶν
3023 1648 3369 1718 στρατιωτῶν
3422 1665 3517 1717 μοι
3575 1665 3817 1719 προσα-

2139 1730 2412 1795 πολέσεις.
2443 1734 2503 1789 Ὁ
2552 1729 2609 1786 δὲ
2659 1730 3093 1808 Καλλίστρατος,
3128 1733 3225 1787 Σοῖ
3276 1734 3371 1805 μὲν
3410 1731 3624 1805 πολλῆ,
3660 1730 3807 1807 ἔφη,

2142 1818 2378 1889 σπουδή,
2440 1821 2767 1894 μιαρώτατε,
2825 1822 2924 1890 τὴν
2986 1822 3088 1877 ὑπὸ
3153 1825 3231 1893 τῷ
3303 1821 3467 1896 πατρί
3546 1842 3649 1876 σου
3712 1826 3811 1893 τῷ

3739 1201 3839 1262 ὡς

396 1913 695 1983 acquiram
755 1914 983 1969 Christo
1033 1931 1181 1983 meo,
1213 1922 1269 1971 et
1300 1933 1434 1972 vera
1483 1919 1597 1973 fide
1652 1920 2030 1989 conﬁrmabo,

2143 1905 2388 1982 διαϐόλῳ
2432 1910 2764 1985 τεταγμένην
2815 1909 3056 1984 ποίμνην
3091 1907 3437 1988 διαφυλάξειν
3475 1910 3763 1984 ἆμείωτον
3789 1930 3805 1943 ·

2144 1998 2158 2016 9
2250 1999 2262 2016 |
2328 1997 2369 2016 δῖ
2437 1998 2482 2016 )\
2547 2000 2559 2014 1
2651 1998 2664 2016 9
2748 2006 2779 2016 Α
2820 2003 2847 2014 υ
2980 1999 2994 2016 \
3199 2001 3239 2016 In
3453 2000 3479 2016 ΙΙ

399 2010 454 2058 et
485 2002 542 2056 in
576 2002 767 2057 media
817 2002 922 2058 hac
970 2004 1197 2059 civitate
1237 2006 1410 2077 figam
1442 2011 1525 2063 eis
1555 2008 1874 2065 ecclesiam.
1914 2015 2033 2065 Dux

396 2108 528 2146 vero
567 2093 848 2147 exercitus
910 2096 1094 2165 magis
1142 2099 1338 2151 animo
1387 2098 1818 2155 conturbatus:
1854 2100 2034 2171 lmpie

398 2185 483 2246 tu,
517 2180 683 2245 dixit,
728 2187 783 2235 et
822 2181 1043 2249 infelix,
1075 2187 1279 2239 mortis
1320 2186 1610 2241 sententia
1641 2193 1742 2243 tuo
1765 2190 1886 2259 jam
1920 2192 2031 2244 im-

398 2269 610 2338 pendet
638 2268 835 2340 capiti,
869 2277 923 2325 et
954 2272 1175 2342 cogitas
1207 2272 1379 2345 figere
1418 2275 1742 2344 ecclesiam,
1786 2286 1839 2333 et
1879 2279 2033 2333 mul-

398 2362 487 2411 tos
520 2373 587 2411 ex
618 2357 833 2412 nostris
874 2360 940 2413 ad
976 2358 1156 2414 Deum
1191 2366 1356 2416 tuum
1384 2365 1669 2420 adducere
1691 2364 1717 2418 ‘?
1750 2366 1866 2422 Hoc
1896 2384 2029 2422 cum

398 2445 839 2516 dixisset,jutiet
868 2446 975 2502 sibi
1010 2449 1199 2503 all'erri
1233 2466 1491 2518 saccum,
1525 2459 1576 2507 et
1610 2454 1666 2508 in
1709 2471 1839 2510 eum
1873 2456 2032 2526 injici

397 2541 688 2599 sanctum,
721 2542 774 2589 et
814 2537 1006 2591 statim
1058 2539 1280 2594 demitti
1333 2540 1388 2595 in
1452 2543 1798 2610 profundum
1834 2544 2031 2600 maris.

398 2622 525 2692 Ipse
558 2631 748 2678 autem
786 2625 980 2679 stabat
1028 2627 1087 2681 in
1137 2626 1350 2695 littore,
1402 2630 1544 2683 nulli
1585 2630 1682 2685 alii
1737 2649 1856 2687 rem
1909 2649 2029 2688 cre-

398 2716 559 2783 dens,
594 2716 701 2769 nisi
738 2717 985 2787 propriis
1022 2719 1225 2774 oculis.
1248 2720 1459 2776 Saccus
1488 2738 1642 2791 vero,
1675 2723 1864 2778 divina
1897 2741 2035 2795 qua-

398 2805 531 2858 dam
569 2806 940 2873 providentia,
988 2806 1207 2874 impetu
1240 2825 1522 2880 aquarum
1578 2818 1770 2883 petrae,
1804 2830 1926 2883 qua:
1972 2815 2030 2869 in

400 2894 545 2946 mari
582 2893 812 2956 latebat,
837 2894 1061 2960 allisus,
1097 2898 1203 2950 fuit
1233 2898 1723 2969 disruplus,juslo
1756 2908 2030 2973 tanquam

397 2980 453 3032 in
491 2986 682 3034 ventre
731 2981 883 3047 cmti,
930 2983 988 3036 in
1039 3000 1104 3037 eo
1143 2991 1364 3040 orante.
1399 2986 1529 3041 Erat
1569 2998 1759 3045 autem
1792 2992 2031 3046 omnino

397 3073 550 3122 Deus
591 3070 1044 3138 admirabilium,
1086 3073 1239 3127 sicut
1281 3074 1441 3145 prius
1472 3076 1691 3144 Jonam,
1725 3079 1802 3133 ita
1834 3079 2030 3150 ipsum

396 3169 624 3224 quoque
664 3162 1019 3212 servaturus.
1066 3159 1187 3212 Duo
1217 3160 1415 3232 itaque
1445 3162 1722 3235 delphini,
1750 3171 2029 3237 tanquam

391 3244 565 3311 jussi,
599 3245 962 3313 adnatantes,
999 3262 1128 3301 cum
1164 3257 1425 3305 sanctum
1461 3259 1616 3323 tergo
1647 3256 2027 3324 excepissent,

396 3333 649 3385 sublime
690 3333 920 3398 tollunt,
955 3336 1163 3391 deinde
1194 3341 1263 3393 ad
1306 3338 1469 3395 littus
1504 3318 1861 3409 accedentes,
1897 3318 2027 3399 son;
2062 3318 2112 3388 ί]

395 3420 502 3473 sim
547 3427 602 3473 et
658 3434 821 3476 caute
851 3438 980 3477 eum
1014 3427 1312 3495 deponunt
1341 3426 1399 3482 in
1430 3434 1600 3485 terra.
1636 3431 1756 3495 Quo
1813 3434 1868 3487 in
1902 3433 2027 3489 loco

394 3516 630 3562 sanctus
652 3518 873 3582 martyr
901 3524 1225 3583 opportune
1274 3532 1489 3573 canens
1526 3535 1610 3586 ea,
1645 3535 1772 3591 quae
1806 3521 1978 3577 David
2016 3536 2029 3577 :

392 3593 557 3657 Veni,
605 3595 853 3662 dicebat,
896 3599 955 3654 in
1004 3603 1357 3670 profundum
1407 3608 1587 3662 maris
1632 3624 1646 3675 ;
1696 3610 1793 3664 sed
1846 3626 2032 3681 neque

390 3684 642 3752 procella
675 3702 765 3740 me
795 3686 1047 3750 obruit",
1082 3707 1267 3762 neque
1297 3693 1549 3751 laboravi
1579 3696 1860 3766 clamans,
1892 3700 2031 3755 dum

393 3788 614 3827 orarem
668 3776 738 3828 ad
789 3780 844 3829 te
873 3776 913 3843 ⁸,
966 3778 1229 3834 Domine.
1264 3781 1545 3845 Quoniam
1578 3785 1839 3841 celeriter
1871 3805 2027 3844 meas

392 3863 628 3917 audiisti
690 3881 910 3934 preces,
952 3875 1006 3921 et
1053 3885 1119 3922 ex
1183 3870 1427 3926 vinculis
1484 3873 1940 3941 iuevitabilibus,
1973 3883 2032 3933 et

390 3967 460 4005 ex
519 3954 803 4021 profundo
836 3954 1037 4009 intimo
1077 3972 1167 4012 me
1224 3958 1531 4031 abripuisti
1584 3963 2025 4035 admirabiliter,

390 4054 456 4091 ac
527 4049 731 4109 praster-
795 4042 1123 4111 Opinionem
1170 4063 1184 4102 :
1227 4050 1283 4101 et
1334 4062 1503 4104 sacco
1563 4066 1689 4105 meo
1739 4052 2024 4125 disrupta,

391 4128 823 4183 circumdedisti
862 4147 949 4186 me
980 4132 1176 4189 laztitia
1200 4132 1245 4194 θ.

392 4216 683 4282 επόντισεν,
740 4215 863 4273 οὔτε
905 4221 1011 4289 μὴν
1065 4221 1327 4279 ἐκοπίασα
1377 4225 1614 4302 κράζων,
1647 4226 1697 4283 έν
1756 4233 1835 4302 τῷ
1892 4227 2099 4286 δέεσθαί

2141 1998 2263 2071 ἐμοὶ
2324 1997 2381 2053 δὲ
2435 1998 2591 2061 ξλπὶς
2646 1998 2696 2053 έν
2744 2003 2860 2071 Θεῷ
2907 1999 2996 2053 καὶ
3044 2001 3390 2070 πεποίθησις,
3447 2000 3532 2055 ὅτι
3580 2020 3803 2076 προνο-

2144 2087 2326 2160 μεύσω
2399 2089 2601 2158 ταύτην
2679 2092 2759 2161 τῷ
2828 2088 2945 2161 ἐμῷ
3015 2092 3253 2163 Χριστῷ,
3311 2089 3402 2144 καὶ
3458 2094 3527 2165 τῇ
3586 2090 3805 2161 ἀληθεῖ

2139 2179 2314 2234 πίστει
2394 2175 2706 2254 βεϐαιώσω,
2762 2179 2933 2234 αὐτοῦ
3017 2200 3076 2235 τε
3147 2182 3247 2250 τήν
3324 2180 3661 2252 Ἐκκλησίαν
3733 2180 3794 2235 ἒν

2145 2269 2291 2341 μέσῳ
2323 2266 2486 2338 τῆσδε
2516 2270 2615 2338 τῆς
2669 2265 2885 2330 πόλεως
2933 2269 3251 2339 καταπηξω.
3293 2269 3397 2325 Καὶ
3458 2270 3486 2324 ὁ
3549 2289 3794 2344 στρατη-

2143 2356 2315 2427 λάτης
2349 2357 2563 2429 μᾶλλον
2621 2358 2720 2427 τὴν
2775 2359 2965 2436 ψυχήν
3023 2354 3542 2433 διαταραττόμονος,
3576 2360 3794 2417 Ἀνόσιε

2143 2445 2204 2499 σὺ
2260 2445 2349 2499 καὶ
2399 2444 2757 2518 κακόδαιμον,
2812 2446 2982 2517 εἶπεν,
3040 2449 3074 2515 ἡ
3140 2450 3238 2502 τοῦ
3305 2448 3535 2511 θανάτου
3603 2452 3788 2526 ψῆφος

2141 2532 2250 2604 ἤδη
2315 2535 2445 2610 ὑπὲρ
2502 2533 2745 2614 κεφαλῆς
2807 2556 2902 2590 σου
2932 2535 3186 2612 ᾗώρηται
3220 2556 3233 2569 ·
3277 2536 3336 2591 σὸ
3370 2534 3429 2592 δὲ
3456 2537 3787 2608 Ἐκκλησίαν

2140 2624 2229 2677 καὶ
2286 2628 2380 2678 νῦν
2436 2625 2601 2693 πῆξαι
2661 2622 2889 2687 ὃιανοεῖς
2938 2624 3029 2680 καὶ
3059 2623 3306 2688 πολλοὺς
3337 2630 3444 2680 τῶν
3498 2628 3779 2701 ἡμετέρων

2140 2717 2218 2783 τῷ
2275 2717 2390 2785 Θεῷ
2466 2734 2560 2767 σου
2644 2719 3041 2790 προσαγαγεῖν;
3098 2716 3275 2771 Τοῦτο
3325 2715 3516 2784 εἰπὼν,
3585 2717 3773 2771 σάκκον

2141 2801 2427 2877 ἐνεχθῆναι
2484 2803 2829 2876 προστάττει,
2877 2806 2967 2859 καὶ
3019 2804 3112 2859 τὸν
3173 2805 3322 2880 ἅγιον
3385 2804 3535 2877 αὖτῷ
3562 2802 3769 2880 ἐμὸλη-

2140 2893 2299 2960 θῆναι
2332 2890 2591 2970 ἀφεθῆναί
2639 2913 2698 2948 τε
2744 2893 2880 2948 κατᾶ
2920 2895 2982 2948 τὸ
3018 2892 3177 2966 μέσον
3228 2894 3384 2957 εὐθὺς
3429 2900 3531 2963 τῆς
3581 2894 3766 2951 θαλάσ-

2143 3001 2261 3049 σης.
2298 2980 2470 3042 Αὐτὸς
2518 2978 2575 3035 δὲ
2624 2981 2769 3054 παρὰ
2828 2981 2919 3037 τὸν
2979 2980 3228 3058 αἰγιαλὸν
3288 2982 3550 3053 είστήκει,
3607 2982 3763 3038 οὔδενὶ

2140 3068 2299 3141 ἄλλῳ
2342 3070 2425 3124 ὅτι
2478 3070 2555 3141 μή
2604 3070 2913 3145 ὀφθαλμοῖς
2946 3066 3107 3133 ἰδίοις
3136 3072 3197 3126 τὸ
3227 3075 3450 3146 πρᾶγμα
3488 3076 3751 3129 πιστεύων.

2138 3159 2200 3215 Ὁ
2246 3156 2302 3212 δὲ
2344 3157 2539 3221 σάκκος
2598 3159 2713 3229 θείᾳ
2755 3158 2857 3213 τινὶ
2906 3160 3221 3235 προμηθείᾳ
3274 3163 3343 3232 τῇ
3404 3165 3514 3216 τῶν
3574 3159 3744 3215 ὑδάτων

2141 3251 2280 3322 φορᾷ
2322 3247 2517 3321 πέτρας
2570 3246 2781 3324 ὑφάλου
2830 3248 3075 3325 ῥήγματι
3125 3250 3448 3323 προσπεσὼν
3500 3248 3752 3325 διεῤῥάγη,

2140 3340 2236 3390 τοῦ
2287 3333 2498 3391 δικαιου
2555 3336 2797 3411 καθάπερ
2844 3336 2896 3391 έν
2945 3338 3130 3409 κοιλίᾳ
3176 3340 3379 3410 κήτους
3411 3338 3542 3395 εἵσω
3591 3340 3757 3395 τοότου

2142 3425 2609 3500 προσευχομένου.
2660 3423 2903 3498 Ἔμελλε
2964 3424 3022 3482 δὲ
3069 3427 3280 3491 πάντως
3338 3429 3366 3483 ὸ
3414 3433 3522 3483 τῶν
3582 3430 3761 3502 θαυμα-

2143 3514 2455 3584 σίωνθεὸς,
2491 3512 2673 3590 ὥσπερ
2701 3514 2792 3570 τὸν
2824 3516 3003 3571 Ἰωνᾶν
3064 3517 3350 3592 πρότερον,
3385 3517 3527 3573 οὕτω
3577 3515 3640 3586 δὴ
3683 3516 3762 3572 καὶ

2140 3604 2300 3661 αὐτόν
2333 3602 2719 3661 διασώσασθαι.
2766 3604 2869 3660 Δύο
2925 3610 3216 3683 τοιγαροῦν
3286 3604 3529 3683 δελφῖνες
3578 3607 3624 3678 ἐξ
3670 3606 3766 3663 ἐπι-

2139 3695 2422 3771 τάγματος
2474 3694 2652 3769 ὥσπερ
2703 3694 3122 3769 ὑπονηξάμενοι,
3176 3694 3314 3751 κατά
3358 3696 3534 3751 νώτου
3580 3717 3635 3751 τε
3683 3696 3763 3752 τὸν

2140 3778 2295 3859 ἅγιον
2351 3780 2737 3852 ὑπολαϐόντες,
2774 3785 3211 3859 μετεωρίζουσιν,
3246 3786 3365 3840 εἶτα
3411 3790 3490 3859 τῷ
3544 3785 3759 3862 αἰγιαλῶ

2138 3871 2551 3948 προσελθόντες,
2612 3872 2793 3948 ἠρέμα
2866 3873 2957 3929 καὶ
3034 3872 3154 3929 λίαν
3228 3874 3642 3951 πεφυλαγμένον
3700 3875 3759 3950 τῇ

2135 3966 2205 4038 γῇ
2256 3961 2418 4017 αὐτὸν
2472 3960 2839 4019 ἀποτίθενται.
2894 3963 3058 4019 Ἔνθα
3126 3962 3216 4019 καὶ
3276 3964 3305 4018 ὁ
3362 3964 3518 4040 ἅγιος
3579 3966 3759 4040 μάρτυς

2133 4052 2200 4107 τὰ
2228 4054 2324 4105 τοῦ
2373 4046 2543 4105 Λαυὶδ
2593 4048 2886 4124 ἐπικαίρως
2936 4050 3189 4124 ψάλλων,
3221 4050 3449 4121 Ἦλθον,
3484 4047 3656 4127 ἔλεγεν
3692 4053 3756 4115 είς

2130 4141 2200 4197 τὰ
2235 4140 2373 4216 βάθη
2406 4146 2506 4209 τῆς
2537 4137 2811 4212 θαλάσσης
2846 4158 2860 4173 ⁸
2911 4138 3038 4195 ἀλλ’
3068 4140 3193 4197 οὔτε
3236 4142 3487 4219 καταιγίς
3538 4164 3606 4217 με
3647 4164 3757 4199 κατ-

2157 4251 2223 4303 με
2280 4230 2415 4304 πρὸς
2474 4231 2552 4300 σὲ,
2587 4229 2752 4303 Κύριε
2784 4247 2798 4261 ·
2859 4227 2941 4285 ὅτι
3007 4251 3115 4304 μου
3163 4232 3377 4306 ταχέως
3410 4238 3509 4301 τῆς
3541 4230 3752 4303 δεήσεως

391 4301 651 4373 ἤκουσας,
685 4307 772 4360 καὶ
832 4307 879 4377 ἐξ
938 4308 1190 4386 ἀφύκτων
1252 4311 1464 4388 δεσμῶν
1509 4319 1598 4371 καὶ
1660 4318 1827 4393 βυθοῦ
1883 4320 2197 4376 κατωτάτου
2255 4316 2573 4395 παραδόξως
2620 4318 2942 4396 ἀφήρπασας
2976 4337 2989 4351 '
3047 4320 3140 4375 τὸν
3214 4321 3409 4377 σάκκον
3462 4317 3748 4399 διαῤῥήξας,

390 4392 721 4467 εὐιρροσῦνην
758 4417 823 4467 με
854 4418 949 4467 περ
965 4402 1204 4466 ιέζωσας.

464 4484 550 4538 Vl.
584 4487 688 4536 Sed
732 4485 851 4539 haec
881 4487 1115 4556 qmdem
1155 4493 1238 4545 sic
1269 4494 1510 4548 canebat
1541 4494 1760 4552 athleta
1792 4498 1847 4552 in
1890 4515 2026 4555 voce

389 4574 807 4628 exsultatiouls.
862 4575 1172 4633 Multitudo
1222 4587 1414 4637 autem
1470 4584 1716 4639 militum
1751 4592 2025 4659 olistupe-
2060 4618 2112 4682 D

392 4664 539 4714 tacta
565 4678 629 4715 eo
663 4665 814 4732 quod
864 4668 1072 4719 larium
1108 4678 1219 4721 erat
1260 4677 1459 4738 printer
1497 4673 1850 4743 Opinionem,
1887 4693 2026 4745 prn-

391 4758 545 4802 lanS
627 4752 1006 4821 procidenles,
1081 4762 1261 4811 sancti
1338 4758 1513 4826 pedes
1601 4764 2027 4833 probans-aliaat

388 4836 575 4904 (erant
622 4850 813 4895 autem
852 4860 1091 4899 numero
1134 4852 1515 4917 quallrauinta
1549 4858 1607 4906 et
1637 4858 1881 4925 novem),
1929 4873 2025 4925 pe-

391 4931 573 4980 tentes
636 4929 861 4984 liberari
927 4935 996 4986 ab
1055 4953 1243 4991 errore
1300 4940 1770 5010 simulacrorum,
1829 4952 1886 4998 et
1951 4947 2019 4999 ad

388 5013 675 5069 Christum
738 5022 943 5074 ειάᾶυιί
1017 5024 1149 5077 Ecre
1203 5027 1378 5089 enim.
1415 5030 1600 5091 aiunt,
1644 5035 2022 5102 Cognovimus

391 5108 562 5156 “eum
610 5114 770 5162 tuum
823 5126 949 5163 esse
1011 5130 1203 5166 revera
1237 5131 1534 5185 magnum.
1569 5122 1661 5187 qui
1706 5126 1760 5173 te
1830 5124 1911 5175 vel
1955 5140 2021 5179 ex

389 5198 671 5259 protuudn
707 5201 880 5250 maris
915 5200 1167 5255 liberant
1199 5204 1633 5261 admirabiliter.
1682 5208 1891 5264 Beatus
1921 5227 2022 5265 au-

384 5285 501 5335 tern
538 5290 753 5353 martyr
788 5289 997 5349 :Meus.
1032 5290 1245 5361 inquit,
1292 5294 1572 5353 Dominus
1614 5298 1875 5354 Christus
1907 5316 2019 5355 non

384 5369 612 5441 repellit
651 5387 769 5438 eos,
798 5375 895 5443 qui
927 5379 997 5432 ad
1031 5379 1225 5451 ipsum
1258 5385 1559 5442 accedunt.
1611 5385 1712 5442 Ille
1741 5387 1899 5444 enim
1932 5389 2022 5445 di-

451 5554 472 5596 τ
501 5551 652 5614 Psal.
696 5567 879 5623 mm,
912 5555 965 5627 3,
998 5557 1049 5613 ι.
1084 5557 1103 5595 ⁸
1133 5558 1283 5619 ΡεειΙ.
1324 5582 1453 5638 xxx,
1483 5568 1572 5627 23.
1605 5569 1626 5608 °
1653 5569 1804 5630 Psal.
1829 5588 1979 5640 nix.
2010 5573 2099 5632 l2.

2207 4498 2267 4560 ς’.
2302 4495 2482 4554 Ἀλλᾶ
2513 4502 2677 4554 ταῦτα
2719 4500 2814 4574 μὲν
2853 4498 3025 4562 οὕτως
3074 4496 3126 4555 ἐν
3175 4498 3353 4578 χείλει
3399 4499 3743 4577 ἀγαλλιάσεως

2137 4588 2164 4641 ὁ
2194 4586 2441 4657 ἀθλητὴς
2471 4586 2585 4663 ᾖδε.
2618 4589 2693 4645 Τὸ
2749 4587 2805 4643 δὲ
2860 4594 2969 4644 τῶν
3027 4588 3373 4663 στρατιωτῶν
3415 4588 3645 4661 πλῆθος,
3677 4594 3735 4660 τῷ

2134 4673 2425 4749 παραδόξῳ
2492 4680 2587 4730 τοῦ
2652 4678 2942 4751 γενομένου
3028 4675 3479 4753 καταπλαγέντες,
3541 4696 3731 4753 προσπε-

2133 4766 2313 4828 σόντες
2374 4765 2526 4828 εὐθὺς
2582 4770 2687 4821 τῶν
2745 4770 2843 4820 τοῦ
2901 4765 3054 4841 ἁγίου
3106 4763 3288 4821 ποδῶν
3345 4766 3560 4841 εἴχοντο
3608 4766 3740 4841 (ἐννέα

2135 4850 2317 4907 δὲκαὶ
2368 4855 2765 4927 τεσσαράκοντα
2825 4856 2917 4910 τὸν
2991 4855 3222 4929 ἀριθμὸν
3278 4855 3458 4930 ἦσαν),
3517 4856 3741 4933 ῥυσθῆναι

2132 4946 2231 5005 τῆς
2258 4948 2366 4997 τῶν
2396 4941 2639 4998 εἷδώὶων
2667 4941 2879 5010 πλάνης
2925 4942 3262 5017 αἰτούμενοι,
3294 4943 3386 4999 καὶ
3423 4948 3503 5016 τῷ
3557 4946 3744 5019 Χριστῷ

2132 5039 2533 5105 προσαχθῆναι.
2586 5029 2727 5088 Ἰδοὺ
2774 5035 2895 5107 γάρ,
2949 5032 3129 5109 φασίν,
3175 5029 3418 5110 ἔγνωμεν
3466 5034 3548 5089 ὅτι
3600 5032 3742 5108 μέγας

2130 5122 2185 5175 ἒν
2234 5118 2464 5191 ἀληθείᾳ
2525 5122 2552 5175 ὁ
2612 5123 2701 5185 σὸς
2761 5124 2993 5198 ὑπάρχει
3053 5123 3203 5192 Θεὸς,
3255 5123 3313 5185 ὅς
3382 5144 3438 5178 σε
3519 5124 3605 5177 καὶ
3663 5127 3742 5178 τοῦ

2135 5210 2302 5284 βυθοῦ
2353 5217 2451 5279 τῆς
2512 5208 2788 5281 θαλάσσης
2868 5213 3154 5285 ὑπερφυῶς
3226 5210 3507 5285 ἐρρύσατο.
3569 5212 3624 5268 Ὀ
3696 5209 3741 5268 δέ

2135 5298 2398 5373 μακάριος
2454 5298 2680 5373 μάρτυς,
2713 5300 2775 5357 ὐ
2830 5298 2984 5374 ἐμὸς,
3018 5298 3142 5379 ἔφη,
3186 5299 3461 5369 Δεσπότης
3511 5301 3737 5375 Χριστὸς,

2129 5386 2253 5447 τοὺς
2300 5385 2448 5460 αὐτῷ
2498 5387 2819 5465 προσιόντας
2887 5387 2985 5445 οὐκ
3022 5387 3365 5445 ἀπωθεῖται·
3414 5387 3614 5445 ἐκείνου
3651 5389 3740 5467 γὰρ

4048 3040 4069 3093 Ἰ
