4124 6270
305 338 422 402 889

1423 345 1901 409 MARTYRIUM
1948 346 2011 406 S.
2059 341 2585 406 CALLISTRA'I‘I.

3583 323 3702 385 890

308 497 495 576 Λόγοςο
551 527 576 553 α
631 506 796 564 Δεῦτε
836 504 970 576 πρός
1021 523 1104 575 με,
1161 501 1352 565 πάντες
1404 506 1455 559 οἰ
1513 511 1810 569 κοπιῶντες
1858 506 1946 561 καὶ

2067 506 2138 562 cit
2173 523 2185 560 :
2224 502 2481 559 «Venite
2530 501 2596 556 ad
2632 513 2744 564 me,
2783 509 2985 550 omnes
3023 491 3124 563 qui
3166 489 3443 546 laboratis
3473 491 3530 543 et
3558 501 3701 543 one-

304 592 754 668 πεφορτισμένοι,
830 589 983 666 κάγὼ
1080 591 1370 647 ἀναπαύσω
1468 593 1629 664 ὑμᾶς.
1715 595 1947 670 Χαίρετε

306 685 615 758 τοιγαροῦν,
694 681 850 754 ὑμεῖς
913 679 1004 736 καὶ
1070 681 1427 758 ἀγαλλιᾶσθε,
1501 685 1586 741 ὅτι
1657 685 1684 740 6
1758 684 1948 757 μισθὸς

308 770 461 844 ὑμῶν
495 768 668 832 πολὺς
695 768 745 825 ἐν
780 781 894 833 τοις
925 770 1198 845 οὐρανοῖς.
1237 798 1264 828 α
1289 778 1466 831 Ταῦτα
1516 773 1706 842 εἰπὼν,
1737 773 1825 828 καὶ
1855 773 1950 834 τὰς

306 864 496 934 χεῖρας
546 855 733 932 διάρας
783 859 861 922 εἰς
910 859 1155 935 οὐρανὸν,
1206 863 1390 935 Κύριε,
1441 864 1610 934 εἶπεν,
1645 863 1672 917 6
1704 862 1758 918 ἐν
1808 863 1952 935 ὑψη-

308 944 429 1005 λοῖς
459 949 751 1014 κατοικῶν,
790 947 878 1000 καὶ
909 947 976 1002 τά
1004 947 1227 1003 ταπεινά
1256 947 1489 1027 ἐφορῶν,
1540 921 1630 1004 κάὶ
1680 921 1949 1020 διαμένων

306 1031 382 1095 εἰς
413 1034 540 1096 τοὺς
577 1033 799 1103 αἰῶνας,
851 1031 1023 1105 ἔπιδε,
1072 1033 1160 1091 ἐπὶ
1207 1037 1270 1091 τὸ
1313 1038 1505 1111 μικρόν
1559 1059 1654 1093 σου
1697 1036 1949 1108 ποίμνιον

306 1123 488 1189 τοῦτο,
517 1119 605 1174 καὶ
636 1121 816 1190 πάσης
857 1116 1070 1196 βλάϐης
1119 1122 1411 1197 ὁρωμένων
1460 1145 1518 1179 τε
1569 1124 1656 1179 καὶ
1711 1123 1952 1198 ἀοράτων

308 1211 489 1284 Θηρῶν
529 1211 888 1286 συντήρησον·
922 1211 1004 1266 ὅτι
1042 1212 1205 1284 μόνον
1251 1210 1517 1290 ὑπάρχεις
1569 1210 1953 1286 δεδοξασμένοις

309 1296 386 1360 εἰς
418 1297 545 1360 τοὺς
576 1297 800 1362 αἰῶνας.
835 1300 1040 1373 Ἀμήν.

379 1391 446 1443 Z'.
500 1390 678 1444 Ταῦτα
725 1387 839 1444 ἐπεὶ
872 1390 1126 1463 γνώριμα
1175 1391 1405 1462 κατέστη
1454 1396 1533 1464 τῷ
1582 1388 1955 1468 στρατηλάτῃ,

303 1477 439 1550 πρὸς
468 1476 531 1531 τὸ
563 1475 925 1552 στρατόπεδον
976 1476 1208 1536 ἀπιδὼν.
1262 1482 1342 1548 Νή
1406 1481 1498 1536 τὸν
1548 1478 1955 1554 λαμπρότατον,

306 1564 476 1633 εἶπεν,
525 1563 713 1638 ἥλιον,
767 1565 1016 1640 μεγάλων
1072 1568 1482 1639 ἂναπέπλησται
1541 1572 1812 1642 γοητειῶν
1865 1566 1956 1621 οὐ·

302 1652 445 1714 τοσί.
477 1656 586 1725 Τήν
617 1675 677 1710 τε
721 1656 824 1730 γὰρ
873 1657 1051 1732 ὁρμήν
1101 1660 1198 1711 τοῦ
1248 1654 1441 1720 ὕδατος
1490 1653 1771 1728 έπέδησεν,
1820 1654 1958 1710 ἀπα-

305 1745 404 1812 θής
432 1748 611 1799 κακῶν
656 1741 873 1812 ἀναδὺς,
931 1744 1022 1800 καὶ
1078 1747 1324 1812 τοῦτους,
1383 1747 1459 1809 ὡς
1514 1748 1750 1823 προέερη,
1791 1764 1957 1800 κατα-

305 1832 535 1909 γοητείᾳ
607 1831 965 1892 ἐπεσπάσατο.
1060 1833 1195 1890 Εἶτα
1287 1834 1539 1913 στραφεὶς
1634 1835 1768 1908 πρὸς
1860 1833 1951 1888 τὸν
1981 1873 2035 1940 Β

369 1922 380 1940 ρ
637 1923 696 1940 ,η
755 1923 767 1940 ι
1009 1921 1032 1940 ,ο
1228 1925 1241 1940 ι
1510 1926 1521 1940 ,
1663 1921 1687 1940 ε.
1745 1922 1803 1940 ς.
1851 1923 1871 1940 .

311 1922 576 1997 μάρτυρα.
637 1923 780 1998 Ἐγώ
832 1943 948 1993 σου,
1007 1921 1131 2002 ἔφη,
1189 1925 1285 1987 τὰς
1335 1926 1590 2000 γοητείας
1660 1921 1942 2000 διελέγξω,

307 2010 698 2085 Καλλίστρατε.
731 2014 844 2069 Οὐκ
873 2012 950 2074 εἰς
1003 2013 1208 2088 μακράν
1264 2010 1318 2067 δὲ
1369 2011 1485 2086 εἷ’σῃ
1529 2014 1613 2075 τίς
1669 2013 1761 2086 μὲν
1810 2015 1946 2088 Ηερ-

308 2101 547 2175 σερτῖνός
604 2099 770 2171 ἐστιν,
829 2102 856 2156 6
911 2107 1020 2157 τῶν
1079 2101 1333 2179 μεγάλων
1389 2105 1523 2158 θεῶν
1593 2104 1943 2178 θεραπευτήςο

305 2190 389 2252 τίς
423 2187 480 2245 δὲ
511 2190 538 2244 6
571 2188 979 2264 ἐσταυρωμένος
1009 2192 1067 2246 ὅν
1114 2191 1275 2254 αὐτὸς
1330 2213 1388 2248 τε
1426 2188 1623 2262 σέϐεις,
1667 2192 1755 2248 καὶ
1787 2190 1869 2270 ἐφ’
1897 2192 1943 2263 ᾧ

311 2280 554 2352 ματαίως
609 2279 636 2333 6
693 2279 996 2356 κατάρατος
1065 2279 1348 2342 πέποιθας.
1409 2282 1646 2344 Καθίσας
1705 2282 1797 2336 οὗν
1857 2279 1945 2336 ἐπὶ

303 2367 400 2418 τοῦ
441 2365 691 2438 βήματος
725 2363 952 2440 ῥοπάλῳ
981 2367 1100 2420 καθ’
1129 2363 1224 2421 ἵνα
1253 2364 1460 2422 κελεύει
1490 2366 1782 2422 τύπτεσθαι
1819 2365 1946 2428 τοὺς

303 2453 724 2514 πεπιστευκότας
783 2454 1020 2516 ἅπαντας
1077 2455 1432 2526 στρατιώταςο
1492 2453 1545 2510 o'i
1599 2455 1688 2510 καὶ
1743 2455 1946 2510 τυπτό-

307 2562 458 2616 μενοι
489 2540 774 2616 χαλεπῶς,
806 2542 872 2599 ut
905 2542 1046 2615 μέλη
1078 2563 1135 2598 τε
1173 2543 1614 2617 κατακλώμενοι,
1665 2543 1846 2617 ὥσπερ
1894 2542 1945 2613 ἐξ

303 2629 420 2694 ἐνὸς
453 2629 746 2706 στόματος,
776 2632 936 2706 Κύριε
965 2634 1146 2703 Ἰησοῦ
1177 2633 1401 2708 Χριστὶ,
1434 2628 1643 2709 ἔλεγον,
1683 2637 1801 2696 τοῖς
1850 2652 1945 2687 σου

304 2717 529 2783 δούλοις
575 2718 852 2793 ἐπίστηθι,
897 2722 1106 2797 βοηθεῖ,
1156 2722 1244 2776 κσὶ
1294 2720 1386 2787 δὸς
1439 2725 1574 2794 ἡμῖν
1625 2723 1723 2791 τὴν
1777 2722 1944 2796 μέχρι

301 2805 495 2868 τέλους
530 2807 838 2882 ὑπομονήν
871 2807 960 2864 διὰ
1007 2811 1063 2865 σὲ
1108 2812 1209 2885 γὰρ
1260 2812 1350 2866 καὶ
1391 2813 1489 2879 τήν
1545 2812 1620 2874 εἰς
1666 2812 1722 2866 σε
1765 2817 1945 2866 πῖστιν

306 2895 451 2950 οὕτω
489 2895 720 2970 πάσχειν
772 2894 1052 2968 εἱλόμεθα.
1103 2895 1208 2966 Εἷ¹η
1260 2894 1317 2950 δὲ
1359 2899 1504 2970 παρᾶ
1549 2902 1644 2951 σοῦ
1678 2898 1948 2970 φυλαττό-

313 3002 471 3055 μενος
527 2981 617 3035 καὶ
666 2983 694 3036 6
738 2981 1004 3056 ἡμέτερος
1071 2980 1396 3045 διδάσκαλός
1441 2959 1519 3039 ¹’τε
1579 2959 1701 3038 καὶ.
1736 2986 1948 3056 ποιμὴν

308 3069 745 3146 Καλλίστρατος,
789 3071 863 3133 ὡς
901 3070 964 3126 ἄν
993 3092 1051 3127 τε
1081 3067 1355 3148 λειότερον
1388 3070 1460 3127 δι’
1490 3073 1648 3128 αὑτὸν
1680 3080 1779 3143 τῆς
1827 3073 1953 3128 ἀσε-

311 3154 458 3223 ϐείας
503 3158 666 3235 λόγον
703 3159 1124 3236 κατηχηθέντες,
1173 3156 1538 3236 βεϐαιωτέραν
1585 3162 1674 3216 καὶ
1704 3163 1803 3232 τήν
1852 3164 1948 3232 σὴν

313 3213 602 3323 ἐπίγνωσιν
620 3213 922 3321 Mea—,3}
938 3213 1200 3324 nera;
1218 3213 1673 3310 agisagis.
1708 3213 1956 3322 ᾇέρὲςεέιξά
1988 3213 2039 3283 C

311 3334 542 3393 ἐνώπιόν
577 3336 672 3391 σού
703 3336 889 3410 ἐσμεν,
929 3337 1112 3411 Κύριε.
1152 3338 1286 3412 Ὀψὲ
1337 3335 1393 3393 δέ
1440 3359 1573 3394 ποτε
1617 3345 1718 3408 τῆς
1771 3339 1958 3412 μανίας

309 3426 471 3502 κόρον
533 3420 718 3481 λαϐὼν
777 3426 805 3480 6
865 3426 1057 3500 μανίας
1116 3428 1292 3499 πάσης
1329 3429 1418 3482 καὶ
1478 3426 1646 3502 ὀργῆς
1701 3425 1956 3501 ἔμπλεως

311 3515 557 3586 ἀνεθῆναι
617 3518 711 3589 μὲν
774 3514 970 3578 αὐτοὺς
1026 3521 1134 3572 τῶν
1193 3516 1467 3591 μαστίγων
1523 3515 1754 3586 κελεύει,
1815 3519 1952 3592 πρὸς

312 3601 369 3660 δὲ
411 3607 513 3676 τὴν
571 3605 806 3682 φρουράν
867 3604 1176 3680 ἀπαχθῆναι
1229 3604 1765 3681 φυλαχθησομένους
1822 3604 1959 3679 αὐτῇ

316 3693 512 3769 μέχρις
553 3694 611 3748 ἄν
668 3692 1048 3767 διασκέψηται,
1113 3699 1229 3757 πῶς
1296 3696 1362 3750 τὰ
1428 3696 1551 3769 περὶ
1617 3696 1714 3767 τῆς
1776 3696 1956 3751 αὐτῶν

315 3780 567 3852 διάθηται
605 3781 904 3844 ἀπωλείας.
966 3779 1104 3840 Οὐδὲ
1160 3782 1263 3860 γὰρ
1324 3783 1557 3859 μετρίως
1613 3782 1779 3839 αὖτοῦ
1835 3796 1961 3851 καθ-

320 3875 462 3930 ίκετο
526 3874 589 3929 τὸ
654 3875 986 3944 πεντήκοντα
1079 3873 1432 3949 στρατιώταις
1495 3874 1653 3939 εὐθὺς
1732 3871 1957 3931 ἔλαττον

314 3961 558 4038 γενέσθαι
587 3963 650 4018 τὸ
681 3962 850 4018 αὐτοῦ
879 3962 1208 4039 στράτευμα,
1246 3963 1336 4018 καὶ
1363 3966 1530 4019 ταῦτα
1557 3966 1626 4039 τῇ
1678 3963 1955 4038 μεταθέσει

312 4051 404 4108 καὶ
441 4055 538 4108 τοῦ
569 4048 933 4126 σεϐάσματος,

385 4143 468 4201 Η’.
501 4142 603 4198 Σὺν
648 4143 760 4216 ἅμα
804 4146 936 4220 γοῦν
984 4149 1064 4218 τῷ
1124 4145 1256 4220 ἱερῷ
1303 4141 1702 4219 ΚσΑλιστράτῳ
1758 4143 1821 4199 τὸ
1871 4141 1960 4198 δε-

313 4235 628 4309 σμωτήριον
707 4234 1142 4311 κατακριθέντες,
1209 4236 1312 4303 τήν
1386 4232 1568 4305 ἀληθῆ
1630 4232 1956 4308 θεογνωσίαν

313 4324 402 4380 ὑπ’
449 4323 658 4380 ἐκείνου
703 4321 1129 4394 ἒξεπαιδεῦοντο,
1174 4324 1276 4385 Εἷς
1329 4323 1512 4396 μέντοι
1564 4322 1771 4377 τούτων
1817 4317 1961 4375 Δαλ-

316 4413 484 4487 μάτος
541 4411 736 4487 ὄνομα,
793 4411 844 4468 ἐν
908 4415 1095 4486 μέσοις
1153 4411 1337 4472 αὐτοῖς
1395 4411 1542 4473 στὰς.
1603 4408 1802 4484 Δεόμαί
1841 4429 1958 4478 σου,

315 4499 628 4570 διδάσκαλε,
659 4506 738 4574 τῷ
770 4503 910 4576 άγίῳ
958 4501 1114 4577 φησὶ,
1163 4500 1484 4578 τρανότερον
1534 4501 1684 4573 ἡμᾶς
1728 4499 1794 4553 τὰ
1842 4499 1959 4554 θεῖα

2059 595 2167 650 rati
2197 594 2357 661 estis,
2391 595 2448 645 et
2499 585 2902 659 egoreticiam
2936 598 3038 637 vos
3071 580 3134 636 ¹⁰.
3169 579 3428 634 Gaudete
3460 591 3598 646 ergo
3641 579 3702 630 et

2056 679 2664 750 exsultate,qnoniam
2725 688 2944 728 merces
2988 673 3180 724 vestra
3221 665 3457 738 copiosa
3501 669 3590 720 est
3637 664 3697 718 in

2056 773 2216 830 caelis
2249 772 2311 825 '1.
2351 794 2371 819 ι
2410 769 2538 823 Haec
2577 781 2705 820 cum
2755 763 3019 826 dixisset,
3052 762 3108 815 et
3143 771 3351 811 manus
3381 754 3450 807 ad
3485 752 3696 807 ccelum

2060 860 2395 917 sustulisset
2427 874 2439 913 :
2475 854 2732 921 Domine,
2767 850 2934 916 dixit,
2959 847 3057 919 qui
3082 847 3138 900 in
3173 843 3334 900 caelis
3364 840 3610 908 habitas,
3642 843 3700 894 et

2061 948 2307 1006 humilia
2364 946 2603 1014 respicis
2653 942 2716 1011 ",
2777 945 2834 995 et
2885 949 3194 1009 permanes
3251 931 3311 985 in
3369 929 3583 984 smcula
3634 926 3698 994 1³,

2061 1038 2255 1110 aspice
2286 1036 2356 1092 ad
2389 1035 2545 1090 hunc
2580 1045 2818 1104 parvum
2853 1032 3020 1080 tuum
3055 1036 3309 1094 gregem,
3342 1026 3396 1075 et
3425 1031 3702 1073 conserva

2063 1127 2133 1184 ab
2178 1125 2334 1181 omni
2375 1123 2608 1188 damno,
2660 1124 2775 1174 tam
2836 1115 3182 1176 bestiarum,
3231 1126 3360 1181 quae
3407 1107 3698 1170 videntur,

2063 1230 2237 1285 quam
2295 1229 2418 1283 quas
2473 1209 2582 1266 sub
2621 1210 2922 1276 aspectum
2972 1218 3085 1256 non
3131 1200 3366 1255 cadunt.
3414 1197 3698 1261 Quoniam

2065 1305 2227 1359 solus
2256 1317 2318 1357 es
2348 1298 2703 1371 gloriﬁcatus
2734 1295 2792 1349 in
2823 1291 3030 1348 saecula
3061 1288 3427 1344 saeculorum.
3466 1291 3664 1344 Amen.

2135 1390 2591 1458 VII.Postquam
2650 1385 2774 1438 haec
2807 1381 3044 1436 fuerunt
3083 1376 3314 1447 cognita
3363 1377 3496 1432 duci
3537 1392 3705 1432 exer-

2066 1480 2214 1535 citus
2271 1494 2283 1532 :
2339 1479 2445 1532 Per
2481 1472 2933 1536 lucidissimum,
2983 1466 3195 1538 inquit,
3241 1464 3444 1532 solem,
3479 1463 3572 1519 hic
3619 1467 3708 1518 est

2067 1566 2295 1639 magnis
2323 1563 2577 1636 repletus
2616 1558 2949 1632 praestigiis.
2979 1557 3123 1610 Nam
3154 1560 3211 1608 et
3240 1570 3402 1624 aquae
3435 1551 3706 1618 repressit

2069 1657 2376 1729 impetum,
2409 1667 2709 1719 emergens
2766 1647 2980 1703 illaesus
3039 1663 3071 1700 a
3122 1642 3289 1699 malis
3339 1657 3358 1696 .'
3386 1646 3444 1697 et
3483 1641 3609 1706 hos,
3645 1648 3706 1695 ut

2067 1727 2357 1818 praedixit,
2415 1741 2664 1806 attraxit,
2725 1753 2926 1793 eorum
2994 1733 3406 1804 praestringens
3480 1727 3702 1784 oculos.

2067 1835 2287 1890 Deinde
2317 1846 2628 1887 conversus
2660 1829 2729 1882 ad
2763 1829 3072 1895 martyrem
3108 1837 3120 1874 :
3159 1824 3271 1892 Ego
3303 1824 3454 1883 tuas,
3485 1817 3701 1888 inquit,

2059 1921 2318 1979 refellam
2390 1917 2730 1991 praestigias,
2787 1930 2820 1969 o
2877 1911 3220 1966 Callistrate.
3283 1909 3450 1962 Brevi
3507 1913 3699 1961 autem

2059 2011 2232 2075 scies,
2264 2009 2530 2080 quisnam
2564 2001 2895 2075 eitquidem
2919 1996 3320 2058 Persentinus,
3355 2008 3696 2065 magnorum

2057 2101 2294 2156 deorum
2339 2097 2530 2152 cultor
2568 2109 2582 2147 :
2616 2091 2747 2163 quis
2789 2093 2985 2144 autem
3033 2083 3368 2148 Cruciﬁxus,
3420 2097 3588 2153 quem
3640 2083 3698 2136 et

2057 2187 2184 2259 ipse
2213 2184 2378 2254 colis,
2410 2188 2466 2240 et
2496 2182 2552 2236 in
2585 2195 2696 2251 quo
2723 2173 3115 2235 exsecrandus
3145 2171 3397 2226 inaniter
3426 2167 3694 2225 confidis.

2059 2257 2202 2334 Cum
2230 2289 2363 2345 ergo
2399 2271 2651 2328 sedisset
2683 2283 2784 2340 pro
2833 2261 3130 2327 tribunali,
3165 2261 3323 2330 jubet
3360 2257 3535 2313 clavis
3567 2271 3695 2311 ver-

2059 2367 2249 2423 berari
2287 2344 2491 2420 omnes
2529 2359 2627 2432 qui
2659 2354 3044 2418 crediderant,
3078 2348 3292 2404 milites
3325 2361 3340 2403 :
3390 2346 3490 2417 qui
3521 2344 3694 2400 etiam

2058 2457 2197 2512 dum
2255 2451 2503 2525 graviter
2557 2446 3006 2504 verberarentur,
3057 2443 3116 2494 et
3174 2436 3434 2491 membra
3490 2448 3690 2488 eorum

2059 2520 2582 2612 confringerentur,
2612 2533 2791 2592 veluti
2832 2548 2948 2587 uno
2995 2542 3091 2584 ore
3131 2525 3401 2581 dicebant
3449 2539 3464 2579 :
3505 2520 3699 2578 Domi-

2059 2648 2132 2688 ne
2159 2609 2317 2704 lJesui
2337 2627 2584 2694 Christe,
2617 2622 2776 2680 adsis
2817 2620 3048 2690 adjutor
3087 2614 3204 2670 tuis
3246 2610 3503 2676 famulis,
3536 2614 3594 2665 et
3623 2609 3698 2664 da

2061 2699 2228 2777 nobis
2255 2720 2326 2775 ad
2354 2717 2530 2773 ﬁnem
2565 2725 2750 2784 usque
2773 2706 3134 2782 patientiam.
3170 2703 3404 2772 PrOpter
3433 2705 3490 2754 to
3518 2699 3714 2762 enim,

2061 2816 2116 2866 et
2146 2825 2270 2882 quae
2301 2811 2390 2864 est
2428 2806 2484 2860 in
2523 2807 2576 2859 te
2606 2803 2801 2868 fidem,
2829 2797 2912 2852 sic
2953 2793 3071 2867 pati
3105 2795 3300 2848 nostra
3339 2796 3539 2860 sponte
3579 2792 3702 2842 sta-

2064 2897 2306 2954 tuimus.
2337 2896 2383 2949 A
2412 2903 2463 2948 te
2520 2895 2712 2946 autem
2757 2890 3015 2943 servetur
3045 2885 3245 2937 noster
3291 2891 3523 2949 quoque
3566 2889 3707 2946 prte-

2064 2989 2262 3056 ceptor
2291 2986 2350 3038 et
2378 2984 2575 3052 pastor
2603 2976 2988 3038 Callistratus,
3013 2975 3078 3026 ut
3103 2985 3204 3039 per
3223 2981 3357 3022 eum
3393 2962 3706 3037 perfectius

2064 3052 2319 3128 instituti
2366 3070 2426 3124 in
2472 3069 2645 3124 verbo
2703 3060 2954 3136 pietatis,
2979 3057 3334 3130 accipiamus
3384 3052 3701 3108 ﬁrmiorem

2065 3166 2228 3217 tuam
2277 3157 2654 3229 agnitionem.
2688 3153 2855 3211 Nunc
2901 3149 3056 3206 enim
3087 3153 3366 3217 tanquam
3398 3156 3532 3197 oves
3573 3154 3704 3212 per-

2068 3249 2200 3308 ditas
2257 3246 2444 3303 simus
2504 3245 2563 3299 in
2603 3244 2915 3312 conspectu
2963 3243 3083 3305 tuo,
3106 3234 3369 3290 Domine.
3420 3232 3562 3286 Cum
3613 3227 3705 3282 vix

2069 3339 2307 3396 tandem
2352 3338 2546 3391 autem
2598 3329 2809 3386 furoris
2855 3341 2986 3382 eum
3027 3323 3277 3393 cepisset
3316 3318 3574 3384 satietas,
3606 3315 3707 3386 qui

2067 3431 2192 3485 erat
2247 3424 2456 3497 plenus
2485 3420 2642 3478 omni
2688 3418 2875 3473 furore
2919 3421 2974 3470 et
3003 3413 3106 3478 ira,
3139 3424 3237 3464 eos
3285 3406 3517 3478 quidem
3540 3404 3710 3475 jubet

2069 3495 2310 3576 relaxari
2356 3532 2389 3571 a
2432 3510 2692 3585 ﬂagellis,
2735 3504 2948 3563 abduci
3006 3506 3199 3559 autem
3248 3499 3306 3555 in
3356 3495 3707 3559 custodiam,

2067 3608 2187 3663 illic
2243 3604 2450 3660 tandiu
2500 3581 2933 3666 custodiendos,
2986 3591 3170 3648 donec
3227 3581 3700 3649 consideraverit,

2068 3695 2344 3767 quidnam
2377 3693 2446 3748 de
2503 3703 2706 3746 eorum
2751 3685 2969 3741 statuat
3021 3677 3278 3734 interitu.
3309 3674 3504 3744 Neque
3551 3672 3708 3726 enim

2067 3756 2202 3841 eum
2233 3781 2482 3852 angebat
2528 3772 2914 3837 mediocriter,
2945 3767 3100 3841 quod
3141 3761 3566 3837 quinquaginta
3597 3756 3708 3812 mi-

2066 3872 2268 3929 litibus
2301 3846 2567 3944 protinus
2615 3867 2771 3922 esset
2801 3857 3157 3918 minuendus
3187 3851 3495 3918 exercitus,
3531 3846 3708 3916 idque

2066 3963 2138 4020 ob
2169 3965 2459 4019 mutatam
2492 3955 2852 4028 religionem.

2135 4149 2288 4204 VIII.
2337 4143 2530 4201 Simul
2586 4153 2722 4211 ergo
2775 4149 2904 4192 cum
2972 4126 3344 4186 sacrosancto
3374 4119 3704 4178 Callistrato

2069 4233 2334 4293 damnati
2360 4231 2434 4287 ad
2456 4207 2765 4293 carcerem,
2797 4221 3125 4278 didicerunt
3156 4214 3228 4269 ab
3250 4211 3352 4266 illo
3379 4224 3573 4264 veram
3608 4207 3705 4263 Dei

2070 4322 2450 4397 agnitionem.
2483 4315 2645 4372 Unus
2677 4312 2834 4369 enim
2874 4323 2944 4363 ex
2973 4306 3067 4372 iis,
3099 4303 3405 4360 Dalmatas
3449 4296 3707 4362 nomine,

2071 4383 2236 4470 stans
2266 4410 2327 4466 in
2360 4406 2552 4465 medio
2597 4415 2799 4458 eorum
2835 4415 2848 4454 :
2890 4396 3048 4468 Rogo
3091 4396 3170 4460 te,
3203 4389 3540 4461 praeceptor,
3570 4383 3711 4439 dicit

2073 4505 2297 4568 sancto,
2323 4501 2388 4554 ut
2425 4511 2532 4553 nos
2562 4492 2759 4550 divina
2787 4486 3058 4558 dogmata
3086 4481 3396 4538 doceamur
3427 4471 3703 4544 apertius,

317 4587 567 4665 δόγματα
610 4567 983 4665 διδάχθῆνίιιί
1198 4567 1306 4646 τὸν
1356 4567 1478 4645 νοῦν
1533 4567 1694 4662 ἡμῶν
1742 4593 1811 4664 τῇ
1859 4591 1952 4645 τοῦ

2068 4607 2182 4666 quo
2213 4567 2376 4646 mens
2407 4588 2608 4641 nostra
2639 4580 2752 4636 fide
2780 4573 2997 4635 Christi
3027 4568 3381 4633 stabiliatur,
3413 4567 3470 4620 et
3494 4573 3712 4633 cogno-

317 4682 554 4752 Χριστοῦ
610 4680 790 4735 πίστει
847 4676 1224 4754 ἓδραιωθῆναι,
1283 4677 1480 4753 γνῶναί
1548 4697 1608 4735 τε
1655 4679 1805 4751 ἡμᾶς
1860 4677 1954 4740 τὰς

319 4766 544 4831 ἔλπίδας
572 4774 674 4838 τῆς
709 4765 1176 4844 προσδοκωμένης
1223 4773 1392 4839 ζωῆς,
1437 4765 1533 4823 ’ίνα
1594 4769 1814 4842 μηκέτι,
1865 4769 1958 4824 τὸν

318 4857 589 4933 λογισμὸν
637 4858 953 4934 ἀστήρικτοι
1005 4856 1176 4928 ὄντες,
1237 4856 1627 4929 εὓεξαπάτητοι
1675 4858 1958 4932 γενώμεθα

318 4952 435 5012 τοῖς
465 4945 796 5028 διαστρέφειν
831 4951 979 5019 ἡμᾶς
1030 4946 1410 5024 βουλομένοις.
1461 4947 1698 5002 Γενέσθω
1733 4945 1790 5002 δέ
1818 4949 1956 5020 ἡμῖν

317 5037 576 5112 γρώριμα
630 5039 721 5093 καὶ
776 5038 843 5092 τὰ
888 5044 988 5108 τῆς
1038 5035 1353 5110 οἰκονομίας
1405 5040 1700 5113 μυστήρια,
1748 5037 1813 5092 τὰ
1859 5039 1958 5101 τῆς

316 5126 656 5189 ἀναστάσεώς
721 5148 780 5182 τε
841 5127 934 5183 καὶ
1006 5134 1105 5196 τῆς
1172 5123 1601 5191 ἀνταποδόσεως·
1679 5125 1804 5182 οὐδὲ
1855 5126 1956 5202 γὰρ

315 5215 554 5290 ἕοθημεν
602 5212 724 5272 οὔτε
777 5216 923 5290 παρᾶ
975 5220 1085 5272 τῶν
1141 5215 1383 5289 πατέρων
1455 5217 1631 5290 ὑμῶν,
1692 5211 1813 5270 οὔτε
1847 5215 1954 5288 μὴν

319 5308 422 5362 ὑπό
476 5327 622 5370 τινος
681 5305 855 5362 ἃλλου
914 5303 1262 5381 διδαχθέντες
1309 5327 1361 5361 τι
1418 5307 1540 5382 περὶ
1597 5305 1834 5362 τούτων.
1892 5305 1954 5362 Ὁ

322 5398 586 5474 μακάριος
635 5397 1064 5472 Καλλίστρατος.
1113 5397 1375 5459 Ἕκαστος
1425 5395 1596 5470 ὑμῶν,
1651 5395 1782 5465 εἶπε,
1830 5393 1952 5468 περί

319 5488 382 5544 οὗ
415 5487 668 5564 βούλεται
700 5485 1059 5543 πυνθανέσθω.
1093 5509 1123 5538 ‹‹
1152 5486 1212 5543 Ὁ
1243 5481 1301 5540 δὲ
1348 5485 1476 5548 Θεὸς
1507 5484 1536 5540 6
1567 5480 1832 5540 διδάσκων
1865 5480 1956 5539 ἄν·

2066 4657 2303 4738 scamus
2343 4691 2508 4748 spem
2554 4671 2705 4739 vitae,
2740 4682 2868 4739 qua
2899 4664 3286 4734 exspectatur,
3323 4657 3389 4710 ut
3427 4667 3540 4707 non
3573 4663 3707 4704 am-

2067 4770 2222 4842 plius
2250 4738 2556 4823 instabiles
2589 4738 2962 4831 cogitatione,
2998 4748 3164 4805 facile
3193 4741 3382 4814 depici
3415 4738 3708 4812 possimus

2067 4833 2138 4916 ab
2186 4858 2285 4924 iis,
2317 4855 2416 4928 qui
2473 4868 2580 4908 nos
2631 4846 2835 4904 volunt
2890 4840 3244 4928 convertere.
3274 4833 3421 4886 Nota
3480 4839 3709 4898 quoque

2068 4946 2237 5005 nobis
2268 4921 2515 5003 evadant
2561 4929 3012 5009 dispensationis
3052 4921 3244 4982 carnis
3277 4926 3554 4987 susceptae
3583 4929 3708 4986 my-

2067 5039 2264 5107 steria,
2291 5027 2843 5097 resurrectionisque
2874 5029 2926 5078 et
2967 5009 3475 5076 remunerationis.
3508 5007 3708 5078 Neque

2067 5128 2223 5185 enim
2250 5096 2527 5182 anostris
2558 5096 2920 5190 parentibus,
2938 5123 3120 5178 neque
3145 5105 3217 5160 ab
3238 5099 3356 5157 ullo
3379 5097 3492 5190 alio
3523 5097 3593 5151 de
3621 5096 3712 5152 his

2068 5221 2238 5273 antea
2251 5211 2472 5285 aliquid
2489 5188 2825 5266 didicimus.
2845 5203 3056 5256 Beatus
3079 5198 3273 5251 autem
3297 5188 3701 5285 Callistratus:

2069 5277 2484 5377 Unusquisque
2511 5301 2792 5358 vestrum,
2814 5287 3023 5360 inquit,
3046 5285 3116 5340 de
3139 5297 3252 5356 quo
3282 5277 3436 5347 velit,
3465 5277 3709 5333 interro-

2067 5402 2202 5467 get;
2247 5365 2282 5444 ἰ(
2339 5365 2492 5448 Deus
2546 5391 2765 5450 autem,
2797 5379 2899 5451 qui
2955 5377 3119 5431 docet
3173 5369 3470 5427 hominem
3520 5365 3707 5422 scien-

2068 5463 2207 5542 tiam
2243 5481 2309 5550 ¹⁴,
2335 5501 2364 5532 ››
2397 5476 2568 5536 nobis
2599 5485 2834 5547 quoque
2864 5463 3141 5540 praebebit
3169 5471 3502 5520 sermonem
3533 5466 3714 5512 causa

399 5673 440 5710 ¹⁰
471 5671 666 5731 Matth.
699 5687 776 5740 x1,
807 5670 897 5729 28.
975 5671 1018 5707 ¹¹
1050 5668 1251 5727 Matth.
1285 5685 1338 5738 v,
1375 5669 1460 5724 t2.
1538 5665 1584 5704 "
1614 5664 1767 5723 Psal.
1799 5681 1935 5731 cm,

2067 5662 2104 5718 5.
2185 5661 2227 5697 ¹³
2259 5657 2406 5717 Psal.
2445 5671 2516 5727 ει,
2552 5653 2637 5710 13.
2714 5651 2760 5688 η
2788 5645 2940 5708 Psal.
2977 5658 3131 5716 xcm,
3162 5641 3249 5700 10.
