4124 6270
472 300 588 359 891

1772 288 2053 350 MENSIS
2100 282 2573 345 SEPTEMBER.

3775 274 3923 333 892

472 459 677 511 vestrae
712 453 1004 520 utilitatis,
1030 457 1087 508 et
1116 452 1280 508 vobis
1313 448 1620 520 inspirabit
1650 444 2111 517 intelligentiam,

2227 442 2444 514 θρωπον
2474 442 2696 512 γνῶσιν,
2723 460 2749 486 ››
2780 435 2870 487 καὶ
2901 435 3038 504 ἡμῖν
3073 430 3239 506 λόγον
3291 431 3499 520 δρέξει,
3536 437 3639 499 τῆς
3691 431 3923 520 υμετέ-

475 548 542 597 ut
600 542 839 614 pulchre
874 542 1203 612 agnoscatis
1242 537 1514 610 mysteria
1542 535 1798 606 pietatis.
1828 533 1972 588 Cum
2031 534 2115 588 sic

476 628 739 695 dixisset,
773 628 923 682 alius
964 643 1191 694 rursus,
1226 624 1461 680 nomine
1490 620 1875 676 Bibrachmus
1912 636 1924 672 :
1957 622 2115 689 Opus

476 721 583 783 est,
628 716 836 785 inquit,
870 714 1037 769 nobis
1087 714 1248 784 prius
1285 712 1449 776 scire,
1496 709 1789 782 quomodo
1830 707 2116 773 Christus,

477 821 609 859 cum
642 811 792 859 esset
821 803 994 871 Deus,
1019 803 1193 858 homo
1215 817 1443 872 quoque
1464 801 1644 856 voluit
1674 800 1794 854 ﬁeri
1827 797 2116 863 similiter,

470 891 863 964 ludibriaque,
900 897 960 947 et
1009 893 1189 963 proba
1227 891 1517 962 quomodo
1566 889 1937 953 sustinuerit,
1967 886 2117 942 cola-

477 986 757 1056 pbosque,
818 990 874 1039 et
922 983 1322 1049 contumelias,
1365 987 1421 1038 et
1468 982 1667 1053 ﬂagra,
1718 984 1775 1035 et
1831 983 2118 1050 postremo

482 1078 725 1129 mortem
758 1072 959 1129 crucis.

550 1253 648 1308 IX.
679 1256 925 1308 Sanctus
971 1257 1160 1306 autem
1198 1252 1268 1306 ab
1309 1249 1422 1307 alto
1466 1250 1771 1319 incipiens,
1805 1249 1995 1305 fusius
2034 1248 2119 1305 eis

477 1342 732 1397 narravit
762 1340 1097 1413 mysterium
1130 1341 1228 1397 Dei
1260 1340 1609 1411 cognitionis
1642 1356 1653 1394 :
1691 1340 1863 1407 Deus,
1897 1338 2117 1408 dicens,

478 1448 608 1486 cum
640 1447 708 1487 ex
731 1430 915 1486 nihilo
946 1429 1281 1485 universum
1331 1430 1748 1493 constituisset,
1783 1445 1957 1484 manu
1991 1446 2119 1499 pro-

479 1520 606 1591 pria
638 1518 806 1590 tingit
839 1519 1134 1574 hominem
1188 1520 1257 1573 ad
1292 1535 1459 1574 suam
1486 1517 1934 1574 similitudinem
1967 1518 2033 1587 ¹⁶,
2065 1524 2122 1575 et

480 1607 840 1676 paradisum,
874 1621 1045 1677 quem
1078 1605 1173 1661 ille
1196 1606 1424 1676 iecerat,
1449 1605 1530 1660 illi
1561 1606 1738 1661 donat
1767 1605 1841 1661 ad
1864 1605 2118 1673 delicias,

481 1694 628 1749 dans
677 1694 726 1749 ei
759 1694 1010 1749 liberum
1067 1694 1403 1759 arbitrium,
1433 1698 1491 1749 et
1549 1694 1759 1751 faciens
1816 1695 2118 1750 dominum

2226 549 2319 603 ρας
2386 526 2559 581 ἕνεκεν
2617 523 2903 599 ὠφελείας,
2958 520 3049 575 καὶ
3109 520 3236 593 ὑμῖν
3298 519 3589 592 ἐμπνεύσει
3651 519 3917 588 σύνεσιν,

2222 619 2362 672 ὥστε.
2392 614 2577 675 καλῶς
2609 612 2902 686 ἐπιγνῶναι
2946 611 3013 665 τά
3066 617 3165 678 τῆς
3221 603 3528 669 θεοσεϐείας
3587 609 3912 680 μυστήρια.

2223 705 2411 765 Οὕτως
2446 703 2716 768 εἰπόντος,
2746 699 2934 775 ἕτερος
2966 698 3130 754 πάλιν
3165 698 3401 770 ὀνόματι
3426 693 3738 772 Βίϐραχος,
3765 696 3914 751 Δεό-

2227 796 2362 868 μεθα
2417 795 2605 866 μαθεῖν
2659 790 2948 864 πρότερον,
2996 783 3121 864 ἔφη,
3180 791 3297 848 πῶς
3378 788 3479 863 ἄρα
3538 786 3668 847 Θεὸς
3730 783 3814 839 ὥν
3876 788 3910 839 ὁ

2223 882 2465 959 Χριστὸς
2513 879 2601 935 καὶ
2660 879 2967 954 ἀνθρώποις
3030 875 3146 938 ἴσος
3204 876 3403 949 ἠξίωσε
3458 874 3728 949 γενέσθαι,
3794 873 3901 945 έμ-

2223 976 2479 1046 παιγμῶν
2516 990 2573 1024 τε
2621 967 2711 1023 καὶ
2780 963 3105 1039 ὀνειδισμῶν
3165 969 3281 1025 πῶς
3339 963 3626 1039 ἠνέσχετο,
3687 960 3775 1017 ἔτι
3839 961 3905 1017 δὲ

2227 1061 2561 1136 ῥαπίσματα,
2620 1062 2710 1113 καὶ
2766 1053 2973 1131 ὕϐρεις,
3038 1057 3131 1110 καὶ
3199 1057 3481 1128 μάστιγας,
3549 1055 3639 1108 καὶ
3692 1053 3901 1107 τελευ-

2224 1156 2375 1205 ταῖον
2404 1150 2498 1205 τὸν
2530 1146 2619 1203 διὰ
2646 1151 2876 1222 σταυροῦ
2909 1145 3129 1210 θάνατον
3158 1150 3275 1206 πῶς
3306 1141 3645 1213 κατεδέξατο.

2298 1239 2371 1293 Θ’.
2429 1238 2525 1292 Σαὶ
2576 1236 2603 1291 δ
2662 1238 2840 1311 ἅγιος,
2900 1233 3102 1299 ἄνωθεν
3160 1232 3479 1306 ἀρξάμενος,
3536 1230 3901 1307 πλατύτερον

2226 1327 2414 1388 αὐτοῖς
2473 1323 2673 1398 διεξῄει
2728 1328 2791 1379 τὸ
2874 1330 2974 1393 τῆς
3045 1320 3376 1400 θεογνωσίας
3436 1322 3763 1395 μυστήριον·
3832 1321 3898 1375 Ὁ

2227 1422 2379 1485 Θεὸς,
2452 1416 2643 1489 εἰπὼν,
2683 1415 2743 1471 ἐκ
2785 1417 2862 1489 μὴ
2930 1414 3098 1471 ὅντων
3164 1416 3226 1469 τὸ
3291 1418 3394 1468 πᾶν
3452 1412 3897 1485 συστησάμενος,

2228 1508 2376 1585 χειρὶ
2442 1507 2533 1562 τὸν
2601 1507 2883 1581 ἄνθρωπον
2928 1502 3038 1575 ἰδίᾳ
3105 1509 3221 1559 κατ’
3287 1503 3468 1558 εἰκόνα
3531 1503 3629 1570 τὴν
3690 1502 3896 1555 ἑαυτοῦ

2224 1595 2475 1667 πλάττει,
2532 1594 2624 1650 καὶ
2681 1591 3009 1668 παράδεισον
3067 1594 3125 1648 ’ὀν
3184 1592 3388 1656 ἐκεῖνος
3459 1592 3734 1661 ἐποίησεν,
3814 1591 3898 1653 εἰς

2226 1688 2432 1763 τροφὴν
2497 1684 2643 1757 αύτῷ
2709 1683 2955 1753 δίδωσιν,
3022 1682 3365 1754 αὐτεξούσιον
3422 1678 3729 1753 ἀποδείξας,
3793 1680 3891 1734 καὶ

480 1783 673 1838 omnis
704 1782 783 1838 rei
825 1787 1050 1853 creatae,
1085 1799 1210 1854 quas
1242 1784 1469 1838 videtur
1498 1784 1560 1839 ¹⁶.
1601 1782 1873 1839 Diabolus
1903 1801 2037 1856 ergo
2067 1786 2111 1842 ei

2226 1778 2412 1847 κύριον
2480 1775 2660 1843 πάσης
2725 1781 2826 1843 τῆς
2896 1771 3179 1848 ὁρωμένης
3260 1770 3509 1832 κτίσεως.
3576 1772 3637 1826 Ὀ
3700 1769 3885 1823 τοίνυν

2234 1860 2257 1879 Ν
2301 1858 2353 1879 ID
2392 1861 2411 1879 κ
2606 1873 2623 1879 Α
2718 1864 2730 1879 Ι
2924 1862 2938 1879 ν
2988 1866 3015 1877 υ
3106 1869 3133 1879 ~
3222 1858 3246 1876 λ
3435 1867 3463 1878 ~
3620 1858 3633 1878 I
3870 1858 3884 1873 ‘

480 1869 746 1924 invidens
770 1869 877 1925 hoc
923 1869 1047 1924 vitae
1088 1885 1293 1940 genus,
1316 1874 1373 1925 et
1404 1871 1558 1926 hunc
1589 1871 1888 1936 honorem,
1922 1871 2120 1929 fraude

480 1972 608 2012 eum
649 1957 1007 2029 aggreditur,
1039 1963 1096 2012 et
1134 1958 1334 2029 efﬁcit,
1380 1962 1441 2013 ut
1470 1961 1725 2014 offendat
1772 1960 2119 2016 Creatorem.

482 2045 546 2099 In
582 2045 832 2115 primum
862 2060 998 2116 ergo
1033 2046 1327 2102 hominem
1351 2048 1680 2104 decernitur
1710 2065 1864 2104 mors
1895 2050 2122 2121 suppli-

481 2133 661 2199 cium,
688 2136 745 2187 et
791 2134 1121 2189 communis
1147 2134 1219 2188 ab
1246 2134 1345 2190 illo
1378 2136 1646 2206 paradiso
1674 2141 1730 2193 et
1755 2137 1977 2193 deliciis
2008 2138 2122 2208 (hei

480 2220 648 2290 mihi)
680 2219 941 2291 expulsio
962 2222 1201 2287 '7.Quod
1234 2239 1364 2278 cum
1386 2224 1599 2279 factum
1630 2230 1804 2291 esset,
1827 2224 1983 2282 valde
2003 2226 2120 2283 ela-

478 2316 600 2363 tum
625 2308 735 2363 fuit
757 2309 1129 2379 supercilium
1162 2311 1413 2379 diabolo,
1432 2313 1531 2383 qui
1555 2329 1688 2369 eum
1712 2314 2118 2385 supplantave-

476 2400 586 2464 rat,
618 2399 682 2450 ut
713 2396 813 2467 qui
844 2412 948 2466 per
993 2396 1143 2453 hanc
1192 2399 1456 2454 fraudem
1495 2399 1791 2457 hominem
1824 2402 1931 2458 sibi
1980 2403 2118 2459 sub-

470 2482 709 2553 jecerat.
742 2487 810 2539 Et
858 2486 997 2556 quid
1046 2502 1161 2542 non
1193 2487 1331 2543 mali
1362 2488 1597 2559 quidem
1642 2490 1931 2546 faciebat?
1980 2492 2115 2547 Cui-

475 2588 607 2626 nam
635 2577 828 2628 autem
853 2575 1057 2640 errori,
1076 2580 1133 2630 et
1154 2578 1642 2634 exsecrandorum
1667 2580 2114 2637 simulacrorum

468 2662 825 2729 vadorationi,
850 2666 1331 2737 serpentiumque
1363 2672 1419 2723 et
1450 2667 1792 2737 belluarum,
1826 2686 1938 2725 non
1971 2672 2114 2727 sub-

471 2749 729 2818 jiciebat,
761 2751 1187 2824 hominumque
1233 2756 1493 2812 caedibus
1534 2761 1598 2811 ut
1635 2758 1879 2814 docebat
1924 2761 1992 2815 ad
2025 2761 2119 2816 of-

472 2838 771 2893 ferendum
799 2840 1165 2897 damonibus
1191 2843 1543 2899 sacriﬁcium
1572 2861 1585 2899 :
1611 2849 1667 2901 et
1688 2851 1963 2917 praeterea
1980 2864 2115 2903 eum

469 2928 683 2983 misere
716 2928 974 2983 trahebat
994 2930 1066 2984 ad
1092 2930 1385 3001 passiones
1414 2932 1851 3005 ignominias“?
1874 2937 1966 2993 Sic
1983 2953 2114 3008 ergo

466 3015 675 3070 videns
694 3015 976 3072 Dominus
1010 3035 1180 3073 suum
1217 3019 1564 3091 figmentum
1587 3024 1846 3081 dominio
1875 3024 2058 3081 teneri
2082 3042 2116 3081 ει

466 3102 715 3174 diabolo,
748 3121 859 3161 non
894 3106 1178 3162 sustinuit
1200 3108 1255 3162 id
1281 3108 1608 3181 relinquere
1639 3114 1879 3169 omnino
1910 3131 2112 3187 expers

2230 1858 2512 1932 διάϐολος,
2560 1864 2832 1940 φθονήσας
2881 1862 3028 1934 αὐτῷ
3070 1869 3169 1930 τῆς
3220 1858 3497 1934 διαγωγῆς
3540 1858 3740 1928 ταύτης
3792 1858 3888 1913 καὶ

2227 1958 2328 2021 τῆς
2370 1958 2562 2024 τιμῆς,
2629 1949 2698 2006 δι’
2763 1951 2976 2021 ἀπάτης
3045 1951 3203 2005 αὐτὸν
3268 1950 3585 2023 ὑπέρχεται,
3651 1948 3742 2003 καὶ
3805 1953 3887 2018 τῷ

2229 2042 2557 2111 πεποιηκότι
2609 2045 2976 2117 προσκροῦσαι
3039 2041 3455 2115 παρασκευάζει.
3501 2037 3735 2108 Θάνατος
3790 2034 3885 2090 οὖν

2228 2132 2263 2199 ἡ
2297 2129 2539 2205 τιμωρία
2587 2134 2664 2201 τῷ
2712 2128 3154 2204 πρωτοπλάστῳ,
3203 2128 3357 2195 καὶὴ
3385 2133 3482 2182 τοῦ
3528 2123 3887 2200 παραδείσου,

2231 2216 2551 2291 οἷ’μοιικαὶ
2597 2225 2696 2288 τῆς
2758 2226 2968 2295 τροφῆς
3027 2216 3235 2288 ἐκείνης
3289 2217 3625 2276 ἀπόπτωσις.
3684 2216 3761 2272 Οὗ
3815 2212 3882 2283 δὴ

2228 2308 2519 2385 γενομένου
2586 2304 2774 2376 πολλή
2822 2311 2902 2379 τῷ
2957 2304 3297 2378 πτερνίσαντι
3356 2299 3601 2375 διαϐόλῳ
3632 2305 3666 2373 ἡ
3708 2302 3881 2381 ὀφρυς

2226 2396 2414 2472 ἤρετο,
2446 2397 2538 2451 ἅτε
2569 2393 2659 2450 διὰ
2702 2402 2803 2465 τῆς
2859 2394 3071 2465 ἀπάτης
3128 2394 3328 2463 ταύτης
3388 2391 3495 2447 ὕπὸ
3551 2396 3716 2467 χεῖρα
3774 2389 3881 2445 λα-

2226 2479 2379 2539 ϐόντι
2407 2484 2497 2539 τὸν
2532 2481 2843 2558 ἄνθρωπον,
2890 2483 2978 2538 καὶ
3024 2482 3077 2538 τί
3114 2482 3208 2555 μὲν
3257 2480 3319 2535 ού
3369 2483 3619 2535 ποιοῦντι
3666 2479 3875 2546 κακόν;

2226 2573 2362 2647 Ποίῃ
2393 2570 2451 2627 δὲ
2501 2572 2703 2646 πλάνῃ,
2762 2574 2853 2627 καὶ
2912 2569 3157 2627 εἰδώλων
3219 2574 3429 2645 μιαρῶν
3488 2572 3874 2645 προσκυνήσει.

2223 2662 2313 2717 καὶ
2345 2660 2533 2716 ἄλλων
2584 2662 2823 2736 ἑρπετῶν
2869 2659 2959 2715 καὶ
3005 2658 3295 2716 κνωδάλων
3343 2660 3456 2737 οὐχ
3504 2653 3873 2713 ὐποόάλλοντι

2224 2756 2453 2827 σφαγαῖς
2518 2771 2576 2805 τε
2635 2750 2951 2824 ἀνθρώπων,
3006 2747 3255 2822 δαίμοσιν
3316 2747 3394 2811 εἷς
3462 2747 3647 2812 θυσίαν
3714 2767 3874 2821 προσ-

2224 2839 2531 2914 αγομένων,
2566 2842 2806 2913 χρῆσθαι
2838 2836 3141 2894 διδάσκοντι
3194 2839 3282 2893 καὶ
3331 2837 3467 2910 πρὸς
3511 2839 3757 2905 τούτοις,
3802 2835 3875 2898 εἷς

2222 2930 2291 2983 τά
2318 2930 2464 2999 πάθη
2498 2935 2596 2998 τῆς
2627 2928 2845 3001 ἀτιμίας
2874 2926 3123 2990 ἐλεεινῶς
3166 2927 3325 2983 αὐτὸν
3378 2923 3598 2982 ἕλκοντι
3624 2945 3642 2998 ;
3690 2925 3869 2986 Οὕτως

2225 3016 2317 3073 οὖν
2398 3018 2502 3073 ὑπὸ
2568 3021 2665 3073 τοῦ
2740 3012 3005 3073 διαϐόλου
3080 3018 3490 3090 κεκυριευμένον
3549 3017 3611 3070 τὸ
3678 3015 3867 3070 οἰκεῖον

2222 3108 2451 3177 πλάσμα
2483 3107 2511 3159 ὁ
2557 3107 2833 3177 Δεσπότης
2881 3105 3047 3179 ὁρῶν,
3098 3104 3197 3161 οὐκ
3246 3102 3509 3179 ἠνέσχετο
3554 3103 3687 3178 πρὸς
3732 3099 3861 3156 ἅπαν

462 3191 704 3260 auxilii;
739 3194 839 3248 sed
898 3192 1085 3265 legem
1142 3211 1375 3269 quoque
1425 3179 1602 3267 dedit,
1636 3218 1761 3272 quas
1821 3179 2107 3260 malorum

2222 3193 2543 3250 καταλιπεῖν
2573 3191 2911 3267 ἀϐοήθητον,
2941 3194 3089 3251 ἀλλά
3118 3197 3207 3251 καὶ
3237 3195 3403 3269 νόμον
3435 3194 3599 3252 ἔδωκε
3629 3197 3716 3256 τὰς
3745 3199 3847 3249 τῶν

463 3280 815 3351 reprimebat
835 3281 1090 3354 impetus
1115 3302 1127 3351 ;
1157 3290 1214 3340 et
1244 3287 1403 3342 misit
1433 3289 1767 3361 praphetas,
1801 3293 1900 3363 qui
1934 3294 2104 3349 doce-

462 3367 625 3435 bant,
648 3384 957 3438 quemnam
981 3377 1245 3443 oporteat
1279 3376 1672 3447 adorare",et
1712 3381 1860 3434 viam
1886 3380 2109 3437 indica-

464 3453 606 3510 bant
645 3456 873 3513 salutis.
906 3461 1223 3531 Postquam
1255 3467 1450 3519 autem
1490 3465 1638 3521 vidit
1686 3483 1802 3523 non
1840 3469 2109 3526 sufﬁcere

466 3542 751 3599 auxilium
785 3545 1060 3603 adversus
1096 3553 1286 3607 tantas
1320 3552 1457 3607 mali
1483 3553 1653 3625 vires,
1684 3556 1872 3613 victus
1903 3574 1936 3613 a
1978 3576 2110 3630 pro-

463 3631 603 3702 priis
649 3632 994 3704 visceribus,
1029 3646 1262 3710 propter
1316 3641 1408 3695 sui
1458 3643 1721 3714 ﬁgmenti
1780 3646 2108 3717 interitum,

470 3720 568 3774 dat
596 3720 760 3776 illum
795 3722 985 3792 ipsum
1008 3740 1179 3780 suum
1215 3726 1421 3783 Filium
1457 3732 1823 3801 unigenitum
1859 3742 1950 3790 :et
1979 3739 2112 3793 effe-

471 3807 549 3861 cit
580 3812 641 3862 ut
671 3808 770 3863 ﬁat
800 3808 995 3877 homo,
1020 3811 1175 3867 sicut
1198 3828 1324 3878 nos,
1348 3832 1482 3870 cum
1507 3832 1611 3873 nec
1632 3819 1823 3890 ipsum
1845 3822 2108 3895 quidem,

471 3895 620 3963 quod
656 3896 808 3952 Deus
839 3902 1013 3967 esset,
1046 3900 1393 3969 perdidisset
1435 3920 1448 3957 :
1484 3912 1545 3959 ut
1575 3912 1849 3977 praetextu
1893 3912 2108 3982 carnis,

468 3991 524 4037 et
555 3982 814 4040 humana
845 3986 1020 4042 forma
1048 3986 1331 4044 inescaret
1360 4006 1512 4057 eum,
1533 3994 1632 4063 qui
1657 4011 1763 4051 nos
1785 3997 2108 4068 deceperat,

469 4074 533 4125 ut
566 4072 705 4127 dum
727 4080 956 4143 putaret
985 4091 1047 4131 ee
1078 4073 1376 4134 hominem
1400 4083 1730 4152 aggredi,in
1755 4088 1932 4141 Deum
1959 4087 2107 4144 inci-

467 4159 646 4215 deret.
681 4161 840 4223 Quod
901 4163 1078 4220 etiam
1111 4167 1319 4224 evenit.
1368 4167 1512 4225 Nam
1555 4188 1686 4227 cum
1737 4174 2107 4233 invadentem

464 4246 767 4304 inimicum
800 4249 852 4304 vi
902 4251 1157 4323 vicisset,
1192 4255 1359 4313 nobis
1410 4257 1562 4315 hanc
1621 4261 1780 4318 dedit
1812 4264 2106 4322 victoriam

464 4352 568 4405 per
586 4352 823 4393 carnem
844 4355 911 4395 ex
934 4342 1103 4398 nobis
1124 4350 1507 4416 assumptam.
1529 4350 1637 4405 Sed
1664 4368 1733 4407 ne
1764 4354 1848 4409 sic
1870 4356 2105 4425 quidem

464 4424 750 4479 abstinuit
771 4426 1135 4485 adversarius
1152 4434 1223 4487 ab
1242 4435 1429 4490 amica
1457 4438 1566 4492 sibi
1592 4424 1970 4511 malignitate.
1995 4445 2107 4499 Sed

2218 3283 2440 3361 φαύλων
2511 3284 2687 3357 ὁρμὰς
2760 3282 3150 3355 ἀνακόπτοντα,
3226 3285 3315 3340 καὶ
3405 3287 3677 3365 προφήτας
3748 3285 3852 3338 ἀπ-

2219 3370 2447 3445 έστειλε,
2491 3372 2615 3426 τίνα
2670 3370 2752 3428 δεῖ
2801 3379 3120 3448 προσκυνεῖν
3178 3371 3551 3444 διδάσκοντας,
3614 3375 3703 3429 καὶ
3764 3374 3859 3441 τῆν

2218 3467 2315 3529 τῆς
2349 3459 2621 3534 σωτηρίας
2664 3457 3083 3523 ὓποδεικνύντας
3123 3458 3269 3519 ὁδόν.
3327 3463 3477 3520 Ἐπεὶ
3533 3460 3590 3517 δὲ
3642 3463 3718 3535 μῆ
3771 3461 3863 3535 ἀρ-

2217 3552 2414 3604 κοῦσαν
2474 3544 2671 3603 ἔϐλεπε
2725 3551 2824 3618 τῆν
2878 3552 3134 3624 βοήθειαν
3181 3553 3317 3628 πρὸς
3372 3551 3643 3621 τοσαύτην
3689 3551 3859 3627 ῥύμην

2218 3643 2405 3697 κακοῦ.
2439 3639 2757 3711 ἡττώμενος
2811 3644 2919 3694 τῶν
2971 3641 3190 3697 οἰκείων
3242 3640 3575 3720 σπλάγχνων
3631 3640 3721 3695 διὰ
3765 3643 3857 3709 τῆν

2216 3731 2313 3781 τοῦ
2344 3724 2485 3780 ἰδίου
2515 3726 2839 3799 πλάσματος
2889 3729 2974 3784 ἐπὶ
3034 3729 3304 3786 πλεῖστων
3356 3728 3660 3799 ἀπώλειαν,
3708 3728 3859 3783 αὐτὸν

2218 3815 2419 3869 ἐκεῖνον
2449 3816 2539 3869 τὸν
2593 3816 2715 3870 Υἱὸν
2783 3816 2948 3872 αὐτοῦ
3016 3814 3206 3873 δίδωσι
3270 3819 3361 3873 τὸν
3419 3824 3706 3892 μονογενῆ·
3776 3816 3861 3870 καὶ

2217 3903 2334 3958 καθ’
2378 3904 2525 3974 ἡμᾶς
2583 3902 2744 3959 αὐτὸν
2806 3902 3084 3980 ἄνθρωπον
3147 3908 3388 3984 γενέσθαι
3448 3906 3860 3981 παρασκευάζει,

2222 3989 2354 4067 μηδ’
2383 3991 2518 4046 αὐτὸ
2563 3992 2627 4046 τὸ
2678 3993 2809 4049 εἶναι
2869 3996 2998 4060 Θεὸς
3046 3992 3449 4066 ἀποϐεληκότα·
3497 3993 3588 4049 ’ἶνα
3633 4001 3714 4068 τῷ
3770 4002 3861 4063 τῆς

2219 4084 2413 4161 σαργὸς
2470 4077 2829 4159 προϐλήματι
2888 4086 2977 4141 καὶ
3026 4091 3094 4160 τῇ
3152 4086 3465 4162 ἀνθρωπίνῃ
3528 4090 3715 4163 μορφῇ
3774 4088 3859 4141 τὸν

2218 4176 2369 4247 ἡμᾶς
2423 4177 2773 4248 ἀπατήσαντα
2825 4173 3078 4251 δελεάσῃ,
3137 4176 3227 4230 καὶ
3286 4175 3559 4249 ἀνθρώπῳ
3618 4173 3860 4248 οῗόμενος

2217 4263 2578 4338 προσϐαλεῖν.
2638 4269 2754 4337 Θεῷ
2802 4264 3087 4338 περιπέσῃ.
3129 4266 3197 4320 ⁸⁷0
3247 4262 3314 4333 δὴ
3354 4265 3445 4318 καὶ
3494 4263 3710 4338 γέγονε.
3762 4263 3855 4319 Καὶ

2214 4354 2306 4409 τὸν
2350 4354 2545 4431 ἐχθρὸν
2595 4350 2974 4430 προσϐαλόντα
3030 4353 3361 4427 κατακράτος
3410 4355 3712 4423 νενικηκὼς
3761 4357 3851 4421 τήν

2216 4449 2372 4519 νίκην
2399 4449 2599 4520 ταύτην
2633 4452 2768 4520 ἡμῖν
2818 4444 2907 4501 διὰ
2956 4449 3052 4515 τῆς
3106 4444 3553 4525 προσληφθείσης
3604 4448 3653 4518 ἐξ
3698 4450 3847 4521 ἡμῶν

463 4527 597 4566 cum
619 4513 846 4612 videret
868 4515 1082 4572 multos
1115 4520 1326 4575 attrahi
1349 4524 1417 4577 ad
1444 4526 1798 4595 agnitionem
1820 4531 2098 4601 veritatis,

2221 4513 2409 4610 σαρκὸς
2462 4513 2796 4611 ἐδωρήσατο.
2848 4513 3020 4590 Ἀλλ’.
3054 4513 3179 4590 οὐδέ
3230 4513 3407 4599 οὕτως
3454 4513 3711 4612 ἀπείχετο
3740 4513 3845 4606 ’τῆς

462 4604 582 4654 tam
616 4599 688 4655 iis
738 4616 866 4671 quas
899 4604 1160 4671 docebat,
1194 4624 1365 4678 quam
1402 4611 1495 4678 iis,
1527 4630 1655 4684 qum
1702 4617 1967 4688 faciebat,
2003 4599 2100 4678 mi-

460 4688 693 4782 raculis,
719 4705 902 4746 caecos
926 4690 1285 4768 illuminans,
1305 4702 1360 4753 et
1382 4706 1639 4758 mortuos
1665 4706 1974 4776 suscitans,
2002 4727 2102 4782 pa-

461 4774 731 4847 ralyticos
763 4777 1119 4836 confirmans
1150 4798 1215 4838 ac
1247 4786 1629 4845 corroborans
1657 4798 1708 4847 et
1743 4774 2101 4853 curansdaa-

460 4865 758 4921 moniacos
788 4866 854 4935 9°,
881 4872 1068 4924 movet
1099 4870 1323 4943 inﬁeum
1356 4890 1543 4947 genus
1572 4879 1925 4952 Judaaorum,
1958 4886 2099 4943 invi-

460 4950 559 5048 dia
585 4969 822 5048 movens
862 4956 1160 5048 improbas
1192 4960 1323 5018 illas
1362 4968 1604 5024 animas.
1639 4972 1707 5026 Et
1751 4950 2101 5048 crucifigunt

462 5040 717 5131 quidem,
772 5060 904 5100 cum
954 5046 1235 5103 volentem
1282 5057 1881 5131 comprehendissent,
1928 5040 2103 5121 subli-

464 5127 633 5213 miori
670 5134 1039 5198 permittente
1063 5139 1518 5211 providentia,et
1540 5154 1722 5205 morte
1742 5127 2009 5211 afficiunt
2031 5156 2098 5213 ²ί.

466 5212 588 5302 Hoc,
606 5217 761 5273 enim
781 5220 993 5277 factum
1017 5228 1105 5281 est
1128 5228 1323 5297 potius
1342 5232 1411 5286 ad
1436 5237 1760 5293 extremum
1786 5242 2100 5302 adversarii

460 5301 721 5370 exitium,
755 5310 814 5360 et
843 5309 915 5362 ad
948 5314 1257 5379 perfectam
1283 5323 1538 5378 nostram
1563 5326 1927 5385 erectionem.
1952 5332 2093 5389 Nam

987 5514 1090 5605 m3“
1115 5518 1255 5605 gen.
1290 5523 1351 5595 ir,
1388 5527 1517 5605 t5,_
1573 5530 1616 5566 ¹⁷
1644 5531 1784 5592 Gen.
1822 5554 1904 5605 In,
1936 5539 2025 5595 24.

462 5578 504 5612 ﬂ
783 5539 818 5574 ι,
852 5539 938 5568 ιυ.
1048 5539 1090 5553 --
1115 5539 1255 5575 uen.
1290 5539 1351 5595 ιι,
1388 5539 1472 5585 15.
1573 5539 1615 5566 ‘7
1644 5539 1784 5592 Gen.
1822 5554 1904 5605 In,
1936 5539 2025 5595 24.
2131 5539 2176 5579 “
2208 5540 2372 5601 Rom.
2406 5560 2448 5613 1,
2479 5545 2566 5601 26-

734 5620 746 5631 .
780 5598 954 5647 xxvn,
986 5584 1089 5655 35;
1121 5588 1296 5649 Marc.
1329 5612 1417 5669 xv,
1450 5600 1557 5671 25;
1592 5605 1723 5662 Luc.
1756 5624 1915 5678 χχιιι,
1947 5612 2054 5682 33;
2081 5612 2248 5675 Joan.
2289 5632 2405 5689 xxx,
2438 5618 2526 5676 23.

2207 4623 2375 4702 φίλης
2430 4627 2581 4697 αὐτῷ
2627 4625 2816 4688 κακίας
2863 4626 2891 4678 ὁ
2948 4623 3339 4697 ἀντικείμενος·
3382 4624 3510 4681 ἀλλ’
3561 4627 3675 4681 ἐπεὶ
3714 4629 3839 4697 ἑώρα

2205 4713 2453 4776 πολλοὺς
2502 4716 2637 4790 πρὸς
2668 4716 2767 4783 τῆν
2825 4720 2923 4783 τῆς
2982 4712 3240 4783 ἀληθείας
3288 4715 3580 4789 ἐπίγνωσιν
3626 4716 3829 4793 ἐφελκό-

2208 4822 2388 4874 μενον,
2420 4805 2508 4866 οἷς
2554 4823 2612 4857 τε
2671 4799 2935 4873 ἐδίδασκε,
2991 4802 3080 4856 καὶ
3140 4803 3224 4863 οἷς
3280 4800 3449 4858 ἐτέλει
3509 4802 3832 4880 παραδόξοις,

2202 4890 2442 4969 τυφλούς
2473 4912 2531 4947 τε
2561 4893 2837 4969 φωτίζων,
2888 4889 2978 4945 καὶ
3027 4889 3248 4964 νεκροὺς
3300 4892 3557 4964 ἀνιστῶν,
3609 4891 3842 4968 παραλύ-

2203 4999 2330 5039 τους
2399 4980 2678 5053 ῥωννύων,
2736 4979 2826 5033 καὶ
2885 4977 3251 5051 δαιμονῶντας
3312 4978 3568 5052 ἰώμενος,
3628 4982 3691 5035 τὸ
3746 4984 3845 5035 τῶν

2208 5065 2481 5122 Ἰουδαίων
2536 5067 2687 5142 γένος
2737 5072 2876 5122 κινέῖ
2921 5068 3036 5122 κατ’
3085 5066 3271 5135 αὐτοῦ,
3322 5068 3504 5142 φθόνῳ
3550 5069 3647 5130 τὰς
3688 5089 3852 5136 πονη-

2208 5156 2304 5229 ρὰς
2371 5155 2575 5218 ἐκεῖνος
2639 5157 2821 5235 ψυχὰς
2901 5151 3209 5231 βεϐληκώς·
3278 5156 3368 5211 καὶ
3436 5162 3726 5231 σταυροῦσι
3762 5157 3851 5229 μὲν

2208 5244 2398 5301 ἑκόντα
2427 5242 2707 5316 λαϐόντες,
2740 5244 2809 5300 δι’
2852 5246 3166 5319 οἰκονομίαν
3214 5245 3582 5323 ὑψηλοτέραν,
3624 5247 3715 5302 καὶ
3765 5258 3856 5311 θα-

2204 5338 2444 5394 νατοῦσι.
2477 5338 2651 5394 Τοῦτο
2698 5335 2801 5410 γὰρ
2835 5334 3051 5410 μᾶλλον
3099 5336 3173 5398 εἰς
3211 5336 3452 5406 παντελῆ
3509 5358 3568 5393 τε
3615 5342 3721 5393 τοῦ
3769 5336 3855 5391 ἆν-

2677 5545 2719 5585 ¹⁹
2757 5544 2933 5604 Exod.
2980 5560 3074 5616 xx,
3119 5545 3172 5601 5.
3275 5545 3321 5583 ²⁰
3369 5544 3574 5602 Matth.
3633 5562 3715 5619 Iv,
3766 5548 3850 5606 24.
