4124 6270
259 253 379 313 893

451 408 470 440 ι.

1389 257 1862 324 MARTYRIUM
1907 262 1968 324 S.
2016 265 2545 328 CALLISTRATI.

3543 269 3660 328 894

258 408 574 482 τικειμὲνου
626 407 842 483 γέγονεν
887 407 1134 485 ὄλεθρον,
1191 412 1281 469 καὶ
1344 415 1421 478 εἷς
1477 419 1637 491 ἡμῶν
1695 419 1906 477 τελείαν

2059 442 2154 480 um
2187 426 2259 481 ad
2293 426 2506 481 inferos
2534 425 2965 490 descendisset;
2999 423 3209 479 deinde
3244 423 3410 479 tertio
3443 424 3536 480 die
3567 442 3657 480 re-

265 497 586 572 ἆνόρθωσιν,
622 495 714 559 Εἷς
762 491 894 565 ᾅδου
941 499 1044 574 γὰρ
1092 499 1394 573 κατελθὼν,
1440 507 1558 562 εἷτα
1609 511 1908 582 τριήμεοος

266 586 519 652 ἀναστὰς,
574 591 760 660 νεκροῖ
811 587 905 658 μὶν
957 587 1101 661 οὕτῳ
1165 592 1255 645 τὸν
1307 597 1578 668 νεκρωτὴν
1629 575 1912 671 διάϐολον,

267 677 414 746 ἡμᾶς
447 671 504 727 δὲ
542 676 610 745 τῇ
661 672 828 727 αὐτοῦ
882 672 1088 751 ἐγέρσει
1135 685 1434 750 συνανιστᾷ,
1493 683 1581 737 καὶ
1623 684 1700 746 εἷς
1751 688 1914 758 οὐρα⁴

267 763 393 824 νοῦς
445 761 718 840 ἀναφέρει,
777 761 870 816 ἅτε
924 768 1004 835 τῷ
1061 766 1316 840 ἡμετέρῳ
1365 770 1701 827 συνανελθὼν
1745 794 1912 848 προσ-

269 849 546 923 λτςμματι.
584 849 694 921 Πρὸ
731 850 824 923 μὲν
859 851 948 906 οὖν
987 859 1088 922 τῆς
1141 855 1274 927 μετὰ
1321 859 1517 934 σαρκὸς
1564 859 1730 916 αὐτοῦ
1777 882 1918 937 παρ-

268 940 478 1011 ουσίας,
551 942 698 1019 τάχα
770 942 860 996 καὶ
958 947 1285 1019 συγγνώμης
1379 949 1528 1011 τινὸς
1619 950 1914 1027 ἐτύγχανον

269 1029 428 1099 ἄξιοι,
478 1027 569 1082 καὶ
621 1028 890 1104 ἀπολογία
940 1051 1022 1091 τις
1091 1031 1411 1089 ὑπελείπετο
1459 1041 1576 1100 τοῖς
1620 1042 1689 1112 τῇ
1738 1037 1915 1113 ἀπάτῃ

268 1121 376 1172 τῶν
419 1114 666 1171 εἷδώλων
692 1114 760 1171 δι’
788 1118 1006 1193 ἄγνοιαν
1029 1127 1130 1189 τῆς
1159 1119 1420 1190 ἀληθείας
1470 1128 1914 1197 προστετηκόσιν·

269 1207 359 1284 ἀφ’
391 1207 454 1262 οὗ
485 1204 542 1261 δὲ
571 1206 776 1268 ἐκεῖνος
802 1212 871 1280 τῇ
923 1213 995 1283 γῇ
1038 1207 1374 1283 ἐπεδήμησε,
1423 1213 1514 1268 καὶ
1563 1215 1626 1268 τὸ
1673 1220 1770 1270 τοῦ
1814 1219 1920 1272 [Ια-

267 1295 396 1371 τρὸς
424 1300 540 1356 τοῖς
580 1299 711 1350 πᾶσι
741 1297 968 1372 φανερὸν
1001 1297 1295 1369 κατέστησε
1347 1300 1635 1376 βούλημα,
1692 1301 1922 1377 οὐδεμία

271 1383 570 1460 συγγνώμη
629 1389 707 1456 τῷ
772 1385 836 1440 τὸ
901 1385 1099 1459 ψεῦδος
1163 1395 1449 1462 προτιμῶν
1501 1399 1604 1461 τῆς
1657 1391 1920 1462 ἀληθείας

277 1472 409 1547 μετά
456 1474 556 1542 τὴν
626 1472 943 1548 ἐπίγνωσιν,
1015 1476 1149 1548 μετά
1213 1481 1312 1532 τοῦ
1378 1480 1558 1556 φωτὸς
1616 1476 1918 1555 ἕλλαμψιν’

274 1562 329 1616 εὖ
370 1561 547 1616 τοίνυν
593 1562 682 1616 καὶ
735 1562 876 1634 ὑμᾶς
942 1567 1276 1635 πεποιήκατε
1327 1565 1744 1641 καταλιπόντες,
1790 1571 1922 1644 ὅπερ

274 1649 414 1705 ἐστὶν
463 1653 498 1719 ἡ
538 1655 645 1705 τῶν
696 1649 947 1706 εῗδώλων
1006 1653 1390 1727 προσκύνησις,
1437 1657 1522 1710 va?
1578 1658 1794 1732 Χριστῷ
1843 1663 1923 1730 τῷ

275 1738 526 1812 ἀληθινῷ
582 1739 722 1817 φωτὶ
777 1739 1192 1814 προσελθόντες,
1237 1739 1326 1798 ’ίνα
1372 1745 1460 1799 καὶ
1511 1750 1656 1814 ζωῆς
1699 1746 1922 1802 αἰωνίου

279 1823 366 1882 διὰ
395 1827 488 1881 τὸν
524 1827 655 1902 ὑπὲρ
684 1827 850 1882 αὐτοῦ
883 1828 1106 1892 θάνατον
1138 1832 1525 1902 καταξιωθῆτε.

350 1917 402 1974 Γ.
453 1916 610 1974 Οὒτω
668 1913 978 1988 διδάξαντος
1034 1924 1131 1975 τοῦ
1189 1921 1368 1996 ἁγίου,
1428 1917 1607 1996 ἔτερος
1653 1922 1819 1979 πάλιν
1873 1925 1918 1996 ᾧ

280 2010 454 2084 ὄνομα
483 2007 822 2085 Ἡλιόδωρος
856 2011 1101 2086 ἀναστὰς,
1137 2014 1268 2071 Εἷπέ
1302 2036 1420 2088 μοι,
1448 2013 1577 2094 ἔφη,
1609 2016 1760 2091 κύριὲ
1816 2039 1920 2090 μου

280 2098 677 2174 Καλλίστρατε,
735 2104 842 2155 ποῦ
899 2103 934 2170 ἡ
980 2100 1207 2158 ἑκάστου
1255 2104 1407 2178 ψυχή
1460 2105 1744 2181 πορεύεται
1805 2104 1924 2160 δια-

281 2191 569 2263 ζευχθεῖσα
597 2193 692 2242 τοῦ
725 2189 998 2262 σώματος,
1047 2193 1135 2246 καὶ
1185 2193 1313 2248 ποία
1363 2192 1518 2265 λῆξις
1562 2195 1727 2256 αὐτὰς
1781 2197 1924 2252 ὑπο-

284 2275 524 2352 δέχεται,
590 2277 679 2332 καὶ
747 2279 878 2333 ποία
942 2280 1110 2354 ταύτῃ
1175 2284 1493 2347 κατάστασις
1566 2281 1925 2359 διαδέχετάις

286 2366 428 2438 Πρὸς
492 2365 522 2420 ὅ
579 2367 606 2420 ὁ
669 2368 955 2441 μακάριος,
1025 2368 1128 2424 Δύο
1187 2375 1388 2444 χῶροι,
1449 2374 1630 2446 φησὶν.
1673 2374 1929 2445 ἀνεῖνται,

284 2461 403 2518 ταῖς
459 2460 556 2510 τοῦ
617 2458 870 2529 σώματος
931 2455 1338 2533 διαιρουμὲναις
1387 2465 1615 2536 ψυχαῖς,
1665 2465 1740 2517 ὧν
1771 2464 1800 2518 ὁ
1835 2465 1929 2536 μὲν

286 2546 362 2605 εἷς
404 2545 608 2619 ὡραῖός
653 2567 710 2602 τε
767 2549 899 2624 ἂγαν
937 2547 1028 2603 καί
1083 2549 1328 2626 χαρίτων
1391 2552 1584 2623 μεστὸς
1638 2552 1727 2606 καὶ
1791 2551 1932 2607 πολι

285 2633 388 2706 λήν
419 2657 536 2690 τινα
566 2634 742 2713 φέρων
773 2643 888 2699 ταῖς
919 2637 1222 2715 λαχοῦσαις
1252 2639 1410 2694 αὐτὸν
1451 2643 1655 2716 ψυχαῖς
1703 2638 1929 2710 ἡδονήν.

287 2725 475 2798 ἅτερος
510 2722 566 2779 δὲ
599 2724 763 2800 ζόφου
811 2746 870 2780 τε
915 2727 1224 2802 περίπλεώς
1275 2728 1405 2798 ἐστι,
1452 2730 1542 2784 καὶ
1589 2728 1716 2785 ἰδεῖν
1757 2727 1935 2799 ἀηδής

287 2813 379 2868 καὶ
411 2811 634 2880 πολλὴν
659 2812 906 2886 ἐμποιεῖν
941 2812 1236 2886 δυνάμενος
1276 2818 1375 2885 τὴν
1423 2820 1736 2886 κατήφειαν.
1777 2819 1936 2873 Ὅσαι

292 2904 420 2974 γοῦν
462 2900 657 2974 ἁγαθαὶ
687 2901 885 2973 ψυχαὶ,
915 2901 1005 2954 καὶ
1045 2900 1165 2954 ὅσαι
1197 2903 1419 2977 φαύλως
1469 2904 1647 2958 αὐτῶν
1691 2902 1939 2978 ἔχουσαι,

296 2987 542 3060 ἑκάτεραι
588 2987 680 3041 τὸν
732 2991 1085 3061 προσήκοντα
1135 2991 1478 3068 λαγχάνουσι
1537 2998 1737 3066 χῶρον·
1789 2990 1942 3047 οὔπω

294 3072 353 3129 δὲ
382 3077 417 3144 ἡ
468 3074 647 3130 τελεία
696 3080 806 3131 τῶν
853 3072 1102 3151 ἀμοιϐῶν
1159 3077 1429 3141 ἀντίδοσις
1478 3077 1605 3136 οὔτε
1645 3085 1761 3142 τοῖς
1813 3079 1946 3156 ἀγα-

2024 515 2382 583 surrexisset,
2419 514 2501 569 sic
2533 519 2717 570 morte
2739 513 2975 584 quidem
3000 513 3178 568 afﬁcit
3210 511 3532 578 diabolum,
3559 514 3658 584 qui

2024 607 2206 658 morte
2239 603 2537 668 affecerat;
2563 619 2666 657 nos
2690 605 2881 657 autem
2907 619 3014 656 sua
3037 602 3454 656 resurrectione
3485 601 3657 656 simul

2025 693 2163 747 facit
2193 708 2512 766 resurgere,
2563 697 2619 748 et
2657 692 2878 747 extollit
2923 692 2992 746 ad
3026 691 3220 757 caelos,
3256 695 3319 745 ut
3350 685 3448 760 qui
3483 689 3658 745 simul

2025 781 2348 836 ascenderit
2368 797 2502 836 cum
2522 783 2705 836 nostri
2728 779 3148 850 assumptione.
3168 780 3352 848 Atque
3380 781 3513 832 ante
3531 778 3656 846 ejus

2027 871 2262 940 quidem
2296 886 2427 926 cum
2459 886 2628 925 carne
2651 871 2980 937 adventum,
3007 869 3150 923 forte
3174 870 3339 923 erant
3367 866 3527 937 digni
3559 865 3662 921 ali-

2027 973 2144 1029 qua
2181 959 2369 1027 venia,
2411 964 2469 1015 et
2506 957 2702 1030 aliqua
2750 957 3186 1027 relinquebatur
3232 954 3524 1011 excusatio
3566 955 3659 1023 iis,

2027 1046 2124 1117 qui
2147 1053 2381 1120 propter
2401 1047 2790 1119 ignorantiam
2813 1044 3068 1100 veritatis
3088 1043 3453 1098 adhaerebant
3472 1042 3661 1098 fraudi

2029 1136 2474 1193 simulacrorum
2501 1151 2513 1190 :
2547 1152 2615 1192 ex
2647 1151 2761 1206 quo
2797 1139 2988 1189 autem
3022 1131 3119 1186 ille
3150 1131 3306 1186 venit
3334 1131 3392 1187 in
3423 1135 3659 1196 terram,

2029 1227 2086 1278 et
2107 1224 2296 1276 Patris
2318 1223 2677 1277 voluntatem
2700 1219 2951 1276 reddidit
2972 1218 3246 1274 omnibus
3270 1217 3662 1286 manifestam,

2030 1312 2193 1368 nulla
2222 1312 2524 1367 estdanda
2543 1311 2712 1367 venia
2735 1311 2827 1378 iis,
2856 1308 2953 1381 qui
2981 1305 3193 1363 falsum
3225 1306 3538 1377 praeferunt
3567 1320 3664 1360 ve-

2032 1401 2190 1457 ritati
2223 1404 2352 1472 post
2392 1400 2746 1473 agnitionem
2787 1398 3066 1464 veritatis,
3114 1400 3170 1450 et
3212 1395 3482 1449 tenebras
3524 1393 3664 1462 luci,

2033 1497 2340 1561 postquam
2373 1488 2472 1544 lux
2503 1487 2712 1543 illuxit.
2760 1491 2905 1558 Ergo
2944 1502 3046 1540 vos
3081 1499 3312 1554 quoque
3357 1483 3501 1538 bene
3533 1481 3664 1537 feci-

2032 1579 2157 1644 stis,
2190 1577 2290 1648 qui
2313 1577 2581 1632 tenebras
2605 1574 2940 1646 reliquistis,
2969 1572 3067 1643 qui
3095 1576 3184 1627 est
3206 1571 3392 1626 cultus
3415 1569 3664 1624 simula-

2031 1684 2286 1736 crorum,
2310 1670 2368 1722 et
2399 1667 2468 1722 ad
2486 1665 2780 1721 Christum
2805 1678 2998 1718 veram
3021 1661 3207 1716 lucem
3230 1657 3577 1722 accessistis,
3605 1662 3667 1713 ut

2029 1756 2207 1812 vitam
2238 1758 2512 1810 aeternam
2537 1769 2638 1825 per
2659 1755 2902 1807 mortem
2936 1749 3007 1806 ab
3029 1748 3152 1819 ipso
3183 1750 3514 1818 susceptam
3536 1760 3672 1801 con-

2027 1844 2382 1915 sequamini.

2099 1933 2164 1988 X.
2200 1933 2340 1988 Cum
2382 1932 2465 1989 sic
2513 1930 2809 1987 docuisset
2849 1935 3105 1996 sanctus,
3157 1940 3406 1996 surgens
3457 1938 3663 1978 rursus

2029 2023 2200 2093 alius,
2242 2023 2334 2077 cui
2368 2036 2576 2077 nomen
2608 2019 2982 2075 Heliodorus:
3009 2015 3110 2071 Dic
3141 2013 3306 2081 mihi,
3335 2011 3542 2082 inquit,
3571 2012 3668 2066 do-

2033 2112 2191 2168 mine
2213 2110 2292 2167 mi
2309 2110 2652 2176 Callistrate,
2674 2124 2785 2178 quo
2806 2106 2964 2162 vadit
2987 2103 3448 2172 uniuscujusque
3472 2101 3671 2155 anima

2034 2218 2069 2257 ει
2105 2217 2341 2271 corpore
2380 2205 2664 2271 separata,
2710 2199 2766 2252 et
2796 2210 3061 2266 quaenam
3094 2208 3216 2248 sors
3255 2206 3382 2246 eam
3414 2187 3676 2259 excipit?

2037 2292 2138 2348 Cui
2171 2292 2414 2348 beatus:
2453 2289 2598 2354 Duo,
2631 2287 2841 2358 inquit,
2881 2285 3008 2340 loca
3037 2287 3177 2338 sunt
3206 2283 3408 2352 parata
3438 2279 3667 2332 anima-

2038 2383 2171 2450 bus,
2204 2398 2332 2453 quaa
2355 2382 2703 2452 separantur
2731 2394 2763 2431 a
2785 2388 3060 2445 corpore:
3094 2385 3342 2442 quorum
3369 2383 3520 2423 unus
3552 2365 3676 2437 qui-

2040 2471 2170 2527 dem
2193 2473 2283 2525 est
2304 2467 2470 2524 valde
2496 2465 2756 2538 pulcher,
2775 2468 2830 2519 et
2851 2462 3057 2532 plenus
3079 2458 3299 2531 gratiis,
3325 2460 3381 2512 et
3403 2469 3679 2524 magnam

2041 2557 2286 2612 aiferens
2317 2555 2667 2626 voluptatem
2714 2552 2808 2619 iis,
2859 2566 2985 2621 quaa
3035 2548 3231 2619 ipsum
3271 2543 3488 2600 sortitae
3518 2545 3679 2611 sunt,

2042 2645 2392 2713 animabus;
2420 2644 2561 2699 alter
2599 2658 2730 2698 vero
2761 2639 2969 2711 plenus
3008 2640 3094 2692 est
3131 2634 3400 2705 caligine,
3443 2636 3498 2687 et
3535 2633 3683 2685 teter

2043 2736 2192 2804 visu,
2224 2738 2282 2790 ot
2310 2731 2409 2804 qui
2432 2735 2620 2804 potest
2644 2743 2914 2801 magnam
2945 2726 3148 2782 afferre
3177 2722 3497 2778 tristitiam.
3523 2721 3684 2785 Quaa-

2045 2838 2278 2894 cunque
2299 2837 2430 2892 ergo
2451 2825 2586 2876 sunt
2611 2819 2773 2874 bonae
2797 2816 3028 2879 animm,
3053 2817 3108 2869 et
3130 2827 3257 2883 quas
3278 2818 3478 2866 contra
3503 2822 3683 2874 secus

2047 2919 2178 2966 sunt
2209 2909 2444 2979 alfeolm,
2470 2913 2727 2978 utraeque
2757 2903 3082 2962 sortiuntur
3110 2901 3302 2955 locum
3335 2897 3445 2952 sibi
3481 2910 3685 2951 conve-

2053 3001 2325 3055 nientem.
2365 2997 2563 3070 Neque
2598 3012 2732 3052 vero
2769 2994 2831 3049 ﬁt
2863 2993 3117 3066 perfecta
3139 2986 3550 3051 remuneratio,
3585 3000 3685 3040 ne-

2055 3102 2167 3159 que
2195 3086 2388 3156 bonis,
2422 3101 2608 3155 neque
2636 3085 2731 3154 iis,
2765 3081 2865 3153 qui
2888 3088 3085 3136 contra
3116 3094 3178 3134 se
3201 3077 3431 3140 habent,
3456 3074 3638 3128 donec
3659 3087 3692 3126 e

293 3167 432 3232 θοῖς,
482 3161 607 3220 οὔτε
656 3171 774 3230 τοῖς
817 3166 1070 3230 ἐναντίως
1123 3162 1312 3243 ἔχουσι
1363 3169 1586 3245 γίνεται,
1638 3169 1834 3244 μέχρις
1859 3146 1939 3225 ’ἄν

2056 3174 2338 3245 sepulcris
2366 3173 2665 3244 surgentia
2694 3186 2954 3242 corpora,
2999 3168 3086 3222 bis
3136 3164 3445 3221 animabus
3485 3177 3690 3216 rursus

295 3254 355 3309 ἐκ
391 3256 576 3334 τάφων
636 3253 987 3313 διαναστάντα
1040 3263 1156 3320 ταῖς
1205 3261 1410 3334 ψυχαῖς
1460 3258 1678 3323 καύταις
1726 3261 1792 3315 τὰ
1842 3261 1946 3314 σώ-

301 3365 442 3416 ματα
482 3347 748 3420 συναφθῇ·
808 3347 931 3402 τότε
989 3347 1090 3424 γὰρ
1151 3346 1424 3403 ἐλεύσεται
1489 3349 1584 3422 μὲν
1643 3349 1798 3414 αὖθις
1857 3348 1944 3404 ἐπὶ

297 3440 402 3508 γῆς
449 3435 477 3488 ὁ
521 3434 774 3508 Χριστὸς,
832 3438 1272 3512 παραστήσονται
1320 3435 1376 3494 δὲ
1422 3439 1572 3511 αύτῷ
1615 3439 1810 3500 πάντες
1859 3436 1947 3493 ἅν-

303 3533 534 3597 θρωποι,
602 3523 692 3578 καὶ
759 3523 907 3595 ἀξίας
972 3531 1080 3581 τῶν
1151 3523 1503 3600 βεϐιωμένων
1566 3527 1787 3591 ’ὲκσστος
1855 3529 1951 3592 τάς

304 3605 543 3684 ἀμοιϐὰς
575 3609 940 3685 ἀπολήψεται.

382 3700 486 3757 ΙΑ’.
517 3700 842 3771 Δομετιανὸς
865 3699 952 3755 ἐπὶ
979 3701 1193 3766 τούτοις
1223 3701 1526 3773 ἐξαναστὰς,
1557 3705 1679 3778 Ἆρ’
1711 3703 1792 3773 ὅς,
1823 3698 1951 3782 ἔφη,

312 3787 363 3842 οἱ
403 3785 591 3842 πολλὰ
643 3789 779 3843 κατᾶ
832 3789 923 3844 τὸν
991 3792 1227 3865 παρόντα
1295 3793 1416 3866 βίον
1479 3791 1950 3869 ἐξαμαρτάνοντες,

313 3876 412 3931 οὐκ
441 3874 664 3941 ἐνταῦθα
692 3878 791 3946 τήν
833 3874 991 3950 δίκην
1041 3876 1306 3952 διδόασιν,
1351 3880 1478 3937 ἀλλ’
1523 3880 1630 3937 ἐκεῖ
1659 3882 1876 3945 τούτοις
1916 3884 1952 3951 ἡ

311 3969 418 4021 τῶν
487 3963 660 4040 ἔργων
717 3971 824 4021 τῶν
887 3974 1138 4043 πονηρῶν
1200 3964 1400 4034 ἕκτισις
1458 3972 1843 4044 τεταμίευταις
1892 3972 1955 4029 Ὁ

317 4055 582 4130 μακάριος
645 4053 1050 4130 Καλλίστρατος
1125 4059 1470 4135 ἀπεκρίνατο·
1547 4062 1694 4118 Ἐκεῖ
1760 4061 1854 4134 μὲν
1918 4062 1954 4130 ἡ

313 4142 536 4212 ἐντελής
573 4143 769 4218 κρίσις,
819 4145 908 4200 καὶ
965 4150 1073 4201 τῶν
1142 4146 1294 4204 ἰδίων
1359 4143 1527 4226 ἔργων
1587 4148 1776 4204 τολεία
1840 4152 1957 4209 τοῖς

313 4231 700 4309 ἐργαζομένοις
729 4235 1041 4310 ἀντιμισθία
1075 4240 1390 4311 τετήρηται·
1440 4237 1588 4306 πλὴν
1639 4237 1783 4292 ἂλλὰ
1826 4235 1963 4290 πολ-

315 4320 437 4385 λοῖς
467 4328 574 4377 τῶν
620 4329 873 4397 πονηρῶν
925 4326 1017 4379 καὶ
1077 4325 1296 4380 ἐνταῦθα
1350 4327 1386 4394 ἡ
1443 4329 1541 4380 τοῦ
1606 4327 1738 4379 Θεοῦ
1789 4319 1962 4378 ἔπεισι

319 4409 462 4481 δίκη·
518 4413 868 4485 μακρόθυμος
928 4413 1031 4486 γὰρ
1088 4410 1162 4465 ὢν
1209 4414 1236 4466 ὁ
1297 4413 1453 4484 Θεὸς,
1501 4413 1589 4467 καὶ
1652 4409 1824 4486 διψῶν
1864 4413 1963 4482 τὴν

2053 3266 2363 3336 conjuncta
2392 3263 2625 3318 fuerint.
2649 3261 2814 3316 Tunc
2835 3259 2990 3314 enim
3012 3255 3205 3311 veniet
3225 3253 3460 3324 quidem
3485 3265 3686 3305 rursus

2054 3354 2319 3410 Christus
2351 3351 2410 3407 in
2455 3355 2671 3406 terram
2717 3347 2798 3413 υς
2849 3360 3038 3402 coram
3069 3359 3134 3398 eo
3167 3345 3364 3398 autem
3405 3337 3691 3394 sistentur

2057 3458 2262 3499 omnes
2303 3439 2591 3506 homines,
2642 3444 2696 3493 et
2727 3434 2964 3507 recipiet
3006 3429 3412 3502 unusquisque
3451 3425 3689 3497 dignam

2057 3533 2194 3595 vita,
2227 3547 2402 3602 quam
2441 3527 2646 3602 egerit,
2679 3522 3202 3582 remunerationem
3235 3516 3300 3572 ³³.

2132 3715 2226 3770 XI.
2279 3710 2642 3770 Domitianus
2689 3711 2882 3764 autem
2930 3709 3057 3774 post
3103 3702 3209 3757 bos
3253 3713 3550 3770 surgens:
3590 3695 3701 3760 Qui

2063 3818 2220 3875 ergo,
2252 3799 2463 3873 inquit,
2495 3797 2743 3854 multum
2776 3795 2836 3850 in
2863 3793 2977 3848 vita
2999 3789 3262 3863 praesenti
3289 3793 3548 3858 peccant,
3580 3801 3696 3840 non

2063 3892 2160 3949 hic
2189 3893 2328 3949 dant
2359 3906 2557 3963 prunas
2584 3905 2600 3955 ;
2636 3886 2736 3943 sed
2766 3883 2836 3940 iis
2873 3882 2992 3938 illic
3022 3885 3111 3938 est
3141 3883 3514 3943 reservatum,
3538 3875 3693 3946 quod

2064 3983 2232 4039 luant
2251 3997 2355 4054 pro
2377 3977 2544 4035 factis
2569 3972 2864 4032 sceleratis
2881 3973 2910 4027 ?
2936 3968 3254 4042 Respondit
3274 3963 3696 4054 autemAbeatus

2066 4052 2468 4127 Callistratus:
2504 4065 2627 4122 [llic
2657 4062 2893 4134 quidem
2924 4063 3014 4114 est
3043 4057 3358 4129 perfectum
3384 4052 3698 4122 judicium,

2068 4163 2126 4213 et
2154 4158 2413 4228 perfecta
2442 4169 2683 4209 suorum
2705 4164 2949 4221 operum
2982 4161 3202 4202 merces
3233 4142 3305 4197 iis
3335 4141 3433 4212 qui
3466 4153 3706 4210 operan-

2072 4226 2188 4311 tur,
2220 4243 2340 4299 illic
2370 4239 2664 4297 reddenda
2693 4239 3059 4300 reservatur;
3093 4233 3192 4288 sed
3223 4236 3416 4285 tamen
3450 4226 3540 4282 hic
3569 4241 3708 4296 quo-

2072 4349 2186 4404 que
2233 4330 2448 4388 multos
2499 4326 2684 4384 malos
2722 4324 2822 4381 Dei
2874 4319 3247 4394 persequitur
3279 4314 3529 4388 justitia.
3561 4315 3707 4369 Nam

2073 4438 2206 4478 cum
2257 4421 2333 4477 sit
2379 4419 2533 4475 Deus
2574 4415 2723 4472 lenis
2769 4417 2828 4469 et
2865 4412 3114 4485 patiens,
3145 4416 3201 4464 et
3241 4404 3704 4473 uniuscujusque

320 4500 542 4554 ἑκάστου
580 4505 688 4554 τῶν
741 4500 1160 4573 ἁμαρτανόντων
1216 4498 1524 4576 διόρθωσιν,
1584 4497 1805 4556 στιλϐοῖ
1864 4502 1939 4574 μὲ·

2077 4509 2391 4584 peccatoris
2442 4506 2605 4562 sitiat
2657 4501 3097 4568 correctionem,
3153 4495 3412 4568 gladium
3468 4490 3705 4562 quidem

323 4590 421 4656 τὴν
459 4588 758 4666 μάχαιραν,
788 4593 878 4643 καὶ
908 4590 971 4644 τὸ
1010 4589 1162 4661 τόξον
1221 4589 1461 4660 ἐντείνει,
1506 4587 1688 4670 φοϐῶν
1740 4589 1828 4646 διὰ
1863 4598 1963 4660 τῆς

325 4680 669 4750 παρασκευῆς
715 4681 822 4733 τῶν
879 4677 1086 4749 ὅπλων,
1139 4681 1228 4734 καὶ
1276 4680 1412 4756 πρὸς
1473 4681 1757 4754 μετάνοιαν
1816 4678 1969 4735 ἐκκα-

330 4765 615 4840 λούμενος.
647 4766 896 4824 Ἐπειδὰν
947 4765 1004 4824 δὲ
1052 4767 1158 4824 ἴδοι
1212 4767 1379 4844 μηδὲν
1430 4769 1666 4826 ἐντεῦθεν
1711 4769 1968 4844 βελτιου-

332 4858 545 4930 μένους,
576 4854 724 4912 ἀλλά
751 4859 840 4913 καὶ
883 4857 1086 4934 ἑτέροις
1137 4859 1350 4933 μᾶλλον
1397 4858 1664 4936 ῥᾳθυμίας
1716 4859 1968 4924 ὑπόθεσις

327 4946 664 5022 γινομένους,
700 4948 853 5012 εὐθύς
896 4952 994 5020 τήν
1041 4953 1220 5024 τομὴν
1269 4949 1478 5026 ἐπάγει,
1526 4950 1616 5006 καὶ
1647 4952 1744 5021 τήν
1791 4972 1970 5024 τιμω-

328 5039 446 5113 ρίαν
513 5038 836 5114 εἰσπράττει·
898 5045 1014 5103 τοῖς
1058 5041 1154 5114 μὲν
1211 5040 1499 5117 ἀναλόγως
1556 5044 1636 5105 οἷς
1693 5041 1967 5117 ἥμαρτον,

322 5134 442 5191 τοῖς
474 5125 533 5182 δὲ
581 5127 672 5184 καὶ
712 5127 794 5183 ἐπ’
848 5123 1093 5200 ἔλαττον,
1143 5130 1216 5192 ὡς
1266 5130 1419 5185 κάκεῖ
1472 5130 1639 5187 πάλιν
1701 5131 1967 5204 μενούσης

324 5215 518 5280 αὐτοὺς
547 5215 845 5288 κολάσεως,
879 5219 995 5272 οἷον
1027 5215 1114 5273 ἒπὶ
1166 5218 1369 5294 Φαραὼ
1416 5219 1604 5295 γὲγονε
1645 5221 1736 5274 καὶ
1791 5217 1970 5274 Σοδό-

329 5327 468 5378 μων.
500 5307 567 5363 Ei’
619 5308 723 5382 γὰρ
771 5307 861 5362 καὶ
905 5308 1040 5362 κατὰ
1081 5303 1250 5370 πόδας
1305 5307 1509 5379 ἐπῆλθε
1558 5308 1771 5373 τούτοις
1803 5313 1838 5380 ἡ
1870 5309 1969 5365 κό-

329 5394 504 5467 λασις,
563 5395 689 5451 ἀλλ’
722 5397 872 5451 οῧπω
924 5397 984 5452 τὸ
1018 5402 1119 5453 πᾶν
1163 5403 1263 5468 τῆς
1315 5399 1587 5474 τιμωρίας
1634 5398 1962 5471 ἀνέπλησαν.

2079 4582 2248 4657 suum
2283 4597 2471 4654 vibrat
2508 4600 2566 4652 et
2609 4607 2807 4649 arcum
2856 4588 3039 4646 tendit
3067 4586 3137 4656 ⁸⁸,
3170 4588 3390 4640 terrens
3421 4582 3706 4651 apparatu

2079 4702 2393 4756 armorum,
2437 4688 2494 4740 et
2539 4697 2784 4740 evocans
2827 4679 2898 4735 ad
2943 4674 3359 4748 paenitentiam.
3393 4669 3707 4736 Postquam

2077 4783 2272 4833 autem
2316 4751 2520 4830 viderit
2563 4787 2664 4827 eos
2709 4766 2854 4824 nihil
2892 4764 3028 4820 hinc
3067 4761 3218 4818 efﬁci
3267 4756 3556 4822 meliores,
3609 4751 3711 4808 sed

2079 4865 2207 4922 aliis
2238 4862 2432 4936 potius
2465 4860 2718 4933 praebere
2741 4854 3096 4912 occasionem
3121 4847 3381 4919 ignaviae,
3405 4843 3604 4898 statim
3629 4841 3714 4896 in-

2079 4955 2190 5010 fert
2218 4931 2554 5019 sectionem,
2583 4951 2641 5003 et
2677 4945 2856 5002 sumit
2883 4938 3234 5013 supplicium
3263 4954 3276 5003 ;
3308 4933 3438 4990 aliis
3468 4931 3708 5002 quidem

2079 5039 2482 5100 convenienter
2511 5038 2873 5107 peccatorum
2906 5023 3312 5100 magnitudini,
3353 5019 3483 5076 aliis
3513 5023 3710 5075 autem

2079 5131 2294 5196 minus,
2326 5130 2526 5201 utpote
2557 5124 2710 5197 quod
2741 5138 2840 5178 eos
2870 5133 3070 5175 rursus
3094 5113 3213 5170 illic
3242 5114 3472 5169 maneat
3491 5107 3712 5201 suppli-

2078 5221 2272 5276 cium:
2305 5196 2594 5291 quomodo
2645 5208 2927 5268 Pharaoni
2975 5207 3192 5262 factum
3236 5205 3326 5258 est
3361 5201 3406 5236 ²⁶
3443 5203 3501 5291 et
3538 5196 3717 5253 Sodo-

2080 5310 2188 5367 mis
2208 5309 2274 5366 ³⁸.
2298 5287 2438 5364 riam
2457 5304 2564 5360 etsi
2585 5319 2683 5360 eos
2704 5296 2980 5369 evestigio
3002 5291 3354 5366 supplicium
3376 5292 3466 5346 est
3484 5287 3714 5342 insecu-

2079 5408 2221 5468 tum,
2256 5401 2313 5455 at
2345 5395 2601 5453 nondum
2632 5395 2813 5448 totam
2847 5386 3164 5460 implerunt
3197 5397 3447 5457 poenam.
3481 5379 3584 5434 Est
3613 5391 3716 5432 au-

406 5602 452 5636 ²²
486 5599 683 5657 Matth.
714 5618 843 5674 xxv,
877 5602 964 5660 3t.
998 5602 1039 5638 ”
1071 5600 1120 5658 Il
1149 5602 1275 5657 Cor.
1310 5617 1362 5671 ν,
1405 5600 1487 5657 10.
1521 5600 1568 5635 ²⁴
1599 5599 1748 5658 Psal.
1781 5616 1882 5672 v11,
1912 5606 1936 5656 1

2058 5599 2078 5635 ⁸
2108 5597 2280 5656 Exod.
2313 5610 2426 5664 xw,
2458 5593 2550 5667 24,
2580 5591 2670 5650 25.
2701 5588 2744 5627 ²⁶
2775 5587 2915 5647 Gen.
2946 5601 3058 5655 XIX,
3090 5581 3179 5640 24.
