4124 6270
387 317 502 377 895

388 484 512 532 tem
547 475 681 529 hinc
712 468 983 524 evidens:
1031 482 1050 509 ι
1086 451 1431 511 Tolerabiliu

396 566 511 623 mis
546 564 604 618 in
638 560 729 614 die
754 552 985 627 judicii,
1034 562 1209 619 quam
1262 539 1473 598 civitati
1514 534 1584 603 υ,
1616 555 1644 585 ››
1677 530 1886 603 inquit,
1916 524 2023 592 illi,

396 615 670 727 quae—non
714 615 925 715 accipit
968 615 1099 695 ﬁdei
1144 632 1356 690 Christi
1410 623 1895 700 pradicationem.
1938 615 2029 669 Sic

394 706 550 801 ξιῖίῖη
584 706 932 797 ostenditur,
959 744 1072 783 non
1107 723 1368 780 sufﬁcere
1394 713 1729 777 Sodomitis,
1755 707 1907 780 quod
1941 706 2031 758 est

390 832 484 888 hic
512 824 890 898 supplicium,
921 818 968 873 si
988 830 1215 880 eorum,
1240 827 1365 881 quas
1395 806 1793 879 peccaverunt,
1815 795 2029 851 habea-

394 925 489 975 tur
520 916 705 983 ratio;
739 911 839 967 sed
873 906 1060 965 adhuc
1089 903 1210 959 illic
1242 902 1557 955 reservatur
1590 895 1694 947 fex
1721 883 2033 953 calicisju-

398 1006 530 1064 dicii
563 975 878 1066 Dei.'Quod
913 996 959 1053 si
993 989 1292 1050 nonnullis
1313 998 1542 1058 quoque
1564 979 1745 1051 justis
1776 975 2033 1030 inferun-

401 1103 499 1153 tur
528 1092 733 1148 acerba
766 1086 1028 1159 quaedam
1061 1089 1113 1137 et
1136 1092 1340 1149 aspera
1370 1076 1429 1129 in
1462 1066 1731 1143 praesenti
1763 1063 1897 1128 vita,
1933 1058 2040 1113 mi-

401 1186 553 1241 nime
584 1186 673 1236 est
696 1174 1025 1233 mirandum
1052 1186 1064 1225 :
1100 1186 1164 1224 ea
1187 1166 1341 1221 enim
1362 1165 1501 1218 sunt
1525 1154 1782 1230 probatio
1802 1147 2038 1207 virtutis

406 1288 582 1345 quam
615 1267 986 1337 collegerunt,
1024 1263 1124 1314 aut
1163 1256 1334 1313 etiam
1387 1248 1725 1305 delictorum
1758 1252 2038 1311 quorum-

1309 1341 1321 1345 ‘
1673 1332 1688 1345 ο
1734 1331 1770 1345 ι’
1856 1322 2038 1345 μία-ΔΕ

403 1322 534 1416 dam
578 1322 824 1428 punitio,
868 1322 1143 1423 parquae
1192 1341 1427 1416 penitus
1476 1331 1795 1392 emundati,
1838 1322 2043 1382 mundi

407 1413 645 1505 omnino
677 1413 1156 1498 transmittuntur
1188 1413 1258 1486 ad
1282 1431 1482 1493 vitam,
1516 1438 1642 1495 qua
1675 1418 1792 1474 illic
1815 1419 1923 1471 est.
1945 1413 2046 1467 Est

411 1553 545 1609 ergo
576 1532 741 1589 vobis
772 1543 1004 1601 quoque
1038 1521 1386 1579 studendem
1420 1531 1492 1571 ne
1523 1510 1689 1568 stetis
1723 1525 1754 1563 a
1785 1504 2045 1577 partibus

411 1640 613 1683 eorum
645 1619 745 1692 qui
776 1598 1098 1691 puniuntur
1129 1615 1360 1683 prOpter
1382 1607 1655 1678 peccata;
1687 1598 1785 1653 sed
1820 1611 1887 1650 ex
1919 1607 2045 1662 par-

411 1715 572 1770 tibus
599 1724 823 1775 eorum,
855 1705 954 1777 qui
987 1703 1101 1758 Deo
1132 1700 1381 1772 placent,
1408 1702 1461 1749 et
1489 1698 1701 1747 aeterna
1730 1696 2046 1753 consequa-

417 1800 561 1857 mini
593 1796 852 1869 praemia.
902 1790 1101 1848 Ell‘ecti
1150 1786 1303 1842 enim
1356 1781 1495 1838 estis
1545 1794 1686 1834 vasa
1732 1769 2049 1836 electionis,

414 1905 546 1945 cum
584 1856 698 1942 fleo
738 1878 1141 1944 credideritis;
1188 1868 1520 1930 efﬁciemini
1551 1872 1745 1923 autem
1787 1856 2045 1932 perfecti,

411 1976 607 2033 divino
626 1974 910 2045 baptismo
933 1966 1244 2023 illuminati
1272 1956 1638 2028 ;efﬁciemini
1657 1952 1909 2022 denique
1928 1962 2052 2017 per-

413 2064 704 2128 fectiores,
738 2060 783 2115 si
818 2055 1078 2126 martyrii
1109 2066 1338 2109 cursum
1374 2046 1500 2104 forti
1549 2050 1605 2100 et
1648 2040 1819 2098 alacri
1858 2035 2049 2093 animo

418 2151 725 2225 peragatis.
769 2148 1004 2203 Stemus
1049 2160 1181 2213 ergo
1224 2155 1430 2209 magno
1473 2141 1532 2191 et
1575 2130 1799 2188 excelso
1831 2127 2048 2191 animo,

414 2217 645 2311 iideqvue
678 2234 888 2292 muniti
922 2232 1269 2289 resistamus
1302 2223 1553 2290 diabolo,
1577 2221 1831 2293 legitime
1862 2217 2052 2270 decer-

416 2334 631 2392 temus,
665 2325 1094 2392 fundamusque
1143 2327 1196 2375 et
1224 2322 1518 2373 vertamus
1550 2304 1929 2367 adversarios.
1961 2300 2053 2355 Sic

421 2417 573 2474 enim
612 2413 860 2470 maxima
890 2408 1128 2483 praemia
1150 2417 1577 2476 consequemur
1606 2416 1639 2456 a
1665 2396 1888 2452 Christo
1919 2406 2054 2462 ago-

419 2504 677 2560 notheta.

489 2593 618 2649 XII.
652 2593 781 2647 Haec
820 2597 872 2646 et
919 2588 1010 2645 bis
1041 2586 1207 2658 plura
1246 2582 1467 2641 monita
1507 2580 1605 2634 diu
1654 2578 1941 2643 noctuque
1973 2569 2058 2626 eis

421 2682 563 2737 dans
595 2681 827 2735 divinus
850 2676 1228 2737 Callistratus,
1253 2672 1577 2738 docensque
1612 2668 1892 2733 tanquam
1922 2672 2061 2729 prae-

423 2778 616 2839 ceptor
648 2781 981 2840 puerorum,
1034 2761 1273 2835 parabat
1316 2765 1373 2814 et
1401 2755 1662 2812 animum
1711 2748 1960 2805 addebat
1988 2743 2059 2799 ad

425 2865 714 2913 certamen
737 2853 1123 2926 propositum.
1148 2849 1250 2905 Die
1273 2855 1462 2904 autem
1486 2839 1751 2914 sequenti
1775 2836 1891 2893 dux
1907 2849 2061 2890 exer-

427 2946 599 3015 citus,
628 2960 763 3001 cum
795 2944 853 2997 in
886 2939 1104 3012 insigni
1138 2938 1390 3009 quodam
1422 2933 1547 2990 loco
1577 2928 1827 2987 civitatis
1858 2937 2063 2997 prase-

428 3033 628 3102 disset,
678 3033 808 3103 ejus
856 3044 1085 3101 quoque
1134 3026 1445 3082 assistente
1492 3018 1769 3083 exercitu,
1820 3010 2065 3070 accersit

427 3121 742 3194 gloriosum
774 3119 1048 3174 victorem
1099 3114 1519 3173 Callistratum,
1552 3114 1609 3164 et
1646 3122 1765 3172 eos,
1799 3102 1897 3175 qui
1928 3115 2063 3157 cum

425 3210 531 3266 illo
561 3212 746 3276 erant,
781 3210 1081 3274 martyres.
1116 3203 1221 3269 Qui
1255 3217 1385 3257 cum
1421 3194 1689 3272 producti
1719 3195 1942 3250 essent:
1972 3188 2058 3244 Dic

2183 3190 2476 3263 μάρτυρας.
2518 3184 2613 3236 Ὧν
2644 3176 2709 3247 δὴ
2741 3177 2829 3232 καὶ
2882 3172 3290 3249 παραστάντων,

431 3296 599 3364 mihi,
632 3295 847 3367 inquit,
894 3293 1242 3357 Callistrate,
1291 3294 1422 3345 tene
1465 3285 1659 3344 ethos
1691 3276 2068 3344 admonuisti,

430 3392 499 3441 ut
528 3385 640 3441 diis
672 3365 1028 3449 sacriﬁcetis,
1060 3385 1116 3437 et
1145 3381 1217 3436 ab
1258 3374 1636 3435 intolerandis
1675 3367 1975 3428 tormentis
2006 3365 2072 3420 li-

434 3473 766 3530 beremini?
794 3488 867 3529 an
899 3471 1088 3527 adhuc
1118 3469 1176 3525 in
1202 3466 1377 3541 priori
1403 3462 1711 3538 persistitis
1734 3456 2071 3515 inobedieno

432 3564 515 3619 tia
534 3564 567 3631 ’Β
583 3562 824 3633 Magnus
846 3565 1036 3617 autem
1062 3557 1452 3615 Callistratus:
1477 3554 1556 3611 De
1576 3551 1792 3623 meipso
1814 3546 2068 3619 quidem,

433 3652 600 3718 dixit,
652 3652 724 3707 do
772 3664 1143 3720 responsum,
1195 3646 1351 3719 quod
1384 3659 1572 3715 neque
1600 3656 1731 3697 sum
1762 3639 2070 3694 honestam

437 3740 804 3796 inficiaturus
826 3737 1267 3800 confessionem,
1291 3749 1481 3805 neque
1503 3730 1644 3786 mihi
1668 3726 1925 3800 persuasi
1952 3739 2072 3780 om-

438 3829 578 3885 nino
609 3828 852 3883 deﬁcere
884 3843 917 3881 a
947 3825 1213 3897 partibus
1251 3820 1735 3885 Christianorum,
1776 3830 1882 3872 nec
1926 3812 2070 3870 mihi

435 3932 695 3988 unquam
726 3914 937 3987 poterit
962 3911 1314 3986 persuaderi,
1336 3914 1403 3965 ut
1423 3925 1534 3964 non
1557 3911 1702 3963 stem
1726 3905 1912 3978 pactis
1934 3918 2069 3957 con-

434 4006 624 4062 ventis
647 4020 776 4059 cum
796 4002 1026 4058 Christo
1049 4000 1227 4057 initis.
1253 4003 1329 4055 De
1345 3997 1434 4053 his
1464 4004 1651 4052 autem
1674 3994 1798 4066 ipse
1830 3991 2073 4047 interro~

439 4108 533 4166 ga;
550 4092 654 4164 ipsi
669 4094 737 4148 de
754 4108 815 4148 se
830 4090 933 4147 tibi
953 4090 1359 4147 enuntiabant:
1380 4086 1526 4143 satis
1540 4084 1693 4141 enim
1714 4080 1968 4154 sapiunt.
1985 4079 2071 4135 Ad

442 4198 541 4238 eos
564 4181 759 4253 itaque
777 4178 1026 4236 intuitus
1044 4179 1153 4234 dux
1179 4176 1505 4235 exercitus:
1534 4174 1642 4230 Vos
1665 4175 1882 4240 autem,
1907 4168 2068 4237 dixit,

441 4272 581 4343 quid
615 4272 828 4336 dicitis,
861 4270 958 4342 qui
983 4268 1207 4326 seducti
1230 4268 1369 4324 estis
1388 4265 1611 4321 artibus
1636 4260 1916 4318 maleﬁcia
1935 4261 1963 4314 ?
1983 4257 2072 4313 Illi

440 4368 672 4417 autem:
720 4358 889 4424 Quid,
938 4356 1230 4424 dixerunt,
1278 4357 1497 4411 frustra
1538 4352 1791 4423 teipsum
1830 4347 2069 4419 decipis,

438 4453 647 4520 putans
678 4448 797 4504 fore
826 4451 890 4502 ut
922 4463 1027 4502 nos
1079 4444 1386 4515 decipies?
1431 4443 1574 4497 Nam
1623 4439 1673 4495 si
1723 4439 1792 4493 de
1822 4436 2071 4493 exercitu

438 4536 675 4608 quidem
706 4536 797 4591 vis
830 4550 938 4590 nos
961 4533 1313 4598 examinare,
1344 4530 1404 4585 in
1436 4546 1547 4600 quo
1570 4528 1674 4584 tibi
1707 4525 2071 4597 subjicimur,

438 4624 501 4680 in
537 4623 811 4680 omnibus
853 4620 961 4677 tibi
992 4620 1274 4690 cedimus,
1305 4623 1363 4674 et
1395 4616 1557 4673 nullo
1589 4616 1759 4672 modo
1788 4613 1896 4670 tibi
1928 4612 2072 4669 resi-

442 4715 673 4772 stimus.
709 4713 767 4767 Si
798 4714 993 4767 autem
1015 4710 1084 4765 de
1114 4707 1226 4765 fide
1257 4710 1313 4764 et
1344 4706 1639 4776 religione,
1672 4722 1704 4760 a
1735 4702 1901 4760 nobis
1932 4700 2077 4757 nihil

442 4799 605 4857 aliud
635 4800 857 4866 audies,
890 4799 1003 4854 nisi
1028 4797 1180 4870 quod
1209 4794 1513 4852 Christiani
1547 4809 1779 4861 sumus,
1809 4797 1862 4849 et
1894 4794 2075 4849 Deum

445 4906 628 4946 unum
679 4889 1073 4961 agnoscimus,
1124 4887 1452 4943 eﬂ'ectorem
1502 4883 1631 4940 cceli
1680 4888 1737 4940 et
1783 4886 1968 4951 terrae,
2017 4884 2076 4938 in

446 4995 615 5051 quem
649 4978 825 5034 etiam
866 4977 1179 5043 credimus,
1212 4979 1269 5032 et
1313 4974 1523 5031 Filium
1557 4974 1682 5043 ejus
1714 4972 2077 5045 unigenitum

445 5067 755 5121 Dominum
808 5072 1070 5123 nostrum
1119 5064 1319 5121 Jesum
1370 5062 1663 5117 Christum
1710 5066 1767 5118 et
1796 5062 2077 5133 Spiritum

446 5162 741 5223 sanctum,
776 5155 1071 5228 quomodo
1110 5170 1217 5210 nos
1248 5153 1443 5209 docuit
1485 5151 1575 5207 hic
1623 5150 1855 5222 sapiens
1888 5154 2082 5206 noster

446 5252 787 5315 praeceptor.

515 5331 676 5386 XIII.
707 5329 836 5386 Haec
866 5346 1000 5388 cum
1047 5330 1425 5399 quadraginta
1462 5332 1517 5386 et
1545 5344 1749 5386 novem
1799 5334 2080 5398 martyres

444 5425 721 5488 tanquam
742 5436 857 5476 uno
871 5437 970 5478 ore
992 5419 1448 5490 respondissent,
1471 5436 1568 5478 eos
1603 5416 1889 5476 verberari
1908 5416 2079 5488 jubet

518 5604 564 5639 ’7
598 5601 804 5661 Matth.
841 5624 898 5679 κ,
938 5602 1026 5660 15.

1678 268 1959 347 MENSIS
2006 265 2488 333 SEPTEMBER.

1440 467 1466 505 s
1514 446 1667 503 enim
1700 441 1809 497 erit
1837 437 2018 493 Sodo-
2050 491 2058 500 η

2178 424 2318 496 ἧλον
2352 420 2399 476 δ’
2430 419 2687 480 ἐντεῦθεν·
2724 436 2751 464 ‹‹
2785 404 3166 477 Ἀνεκτότερον
3197 397 3299 474 γὰρ
3331 394 3482 451 ἔσται
3516 388 3875 461 Σοδόμοις

2705 503 2711 505 -
2786 504 2793 505 ί
2895 494 2932 505 ··
3216 490 3228 504 ι
3316 491 3342 502 ~
3428 485 3441 501 ι
3512 475 3859 505 δμ----λ...

3701 228 3870 288 896

2136 475 2406 587 ῐνιημέρᾳ
2434 475 2662 582 κρίσεως
2683 503 2718 572 ἢ
2743 504 2812 573 τῇ
2838 494 3021 561 πόλει,
3048 475 3255 569 ››-φησῖ,
3278 491 3347 560 τῇ
3376 485 3483 557 μὴν
3509 479 3660 555 δεχο
3678 475 3775 550 μέ
3793 495 3869 548 an

2136 604 2199 659 τὸ
2282 602 2380 663 τοῖς
2478 594 2711 667 Χριστοῦ
2803 591 3039 644 πίστεως
3128 579 3412 651 κηρυγμα.
3509 571 3871 625 Δείκνυται

3387 662 3397 667 -
3609 661 3625 667 -
3764 650 3787 667 ,γ

2138 693 2241 768 γὰρ
2318 661 2650 747 οὕτως-’ὁτι
2728 679 2804 749 μὴ
2880 674 3119 747 ἀρκοῦσα
3191 662 3519 737 Σεδομίταις
3599 661 3643 726 ἡ

2139 750 2308 835 Quae:
2380 775 2606 833 κόλασις
2678 768 2815 842 πρὸς
2881 758 3180 834 ἀναλογίας
3244 755 3318 808 ὧν
3383 750 3872 824 ἡμαρτήκασιν,

2145 868 2273 926 ἀλλ’
2308 868 2335 921 6
2365 862 2593 941 τρυγίας
2624 855 2700 914 ἔτι
2732 860 2829 911 τοῦ
2861 848 3129 925 ποτηρίου
3158 853 3260 914 τῆς
3310 841 3407 898 τοῦ
3456 842 3597 895 Θεοῦ
3649 833 3865 901 δίκης

2146 960 2257 1016 ἐκεῖ
2287 958 2647 1027 συντηρεῖται.
2694 946 2755 1004 Εἰ
2805 942 2861 999 δὲ
2908 940 2997 997 καὶ
3048 935 3278 995 δικαίοις
3306 930 3445 987 τισὶν
3505 928 3872 1001 ἐπάγονται

2148 1048 2386 1122 δυσχερῆ
2433 1042 2569 1098 κατὰ
2613 1038 2704 1092 τὸν
2756 1027 2993 1108 παρόντα
3047 1028 3185 1104 βίον,
3240 1020 3533 1093 θαυμάζειν
3568 1013 3640 1071 οὗ
3690 1015 3864 1088 χρ-ιί.

3048 1118 3057 1122 -
3112 1116 3169 1122 τ’
3412 1111 3439 1122 ε·-
3631 1104 3693 1122 Is
3758 1105 3784 1122 ν

2251 1104 2287 1122 Α
2319 1104 2329 1121 Ι
2377 1104 2386 1114 ¹
2836 1104 2843 1108 .

2150 1137 2399 1207 δοκίμιον
2449 1130 2550 1207 γάρ
2601 1127 2709 1183 ἐστι
2758 1128 2926 1179 ταῦτα
2973 1118 3063 1174 καὶ
3109 1116 3360 1190 βάσανος,
3403 1111 3468 1177 ἧς
3520 1104 3867 1171 συνέλεξαν

3147 1196 3171 1207 -.
3414 1195 3479 1207 ,η
3538 1194 3566 1207 ν
3680 1190 3749 1207 ,ἡ

2158 1190 2223 1193 '77
2278 1190 2287 1207 Ι
2462 1190 2473 1207 Ι
2523 1190 2531 1203 |

2150 1227 2367 1301 ἀρετῆς,
2428 1221 2515 1275 καὶ
2568 1214 2897 1294 σφαλμάτων
2941 1210 3102 1265 τινῶν
3146 1196 3371 1266 ἔκτισις,
3412 1195 3479 1251 δι’
3529 1194 3608 1248 ὧν
3674 1190 3866 1252 δλως

3118 1294 3127 1301 .
3351 1293 3378 1301 ,
3445 1285 3458 1301 ,
3530 1287 3581 1301 ,η
3825 1300 3829 1301 ν

2188 1285 2197 1301 I
2306 1285 2316 1292 ν
2357 1285 2364 1292 -
2614 1285 2623 1294 .
2721 1285 2727 1287 _

2153 1310 2609 1390 ἀπορῥυφθέντος,
2663 1302 2885 1378 καθαροῖ
2961 1294 3266 1353 παντάπασι
3312 1293 3394 1360 τῷ
3442 1285 3652 1341 ἐκεῖθεν
3738 1300 3865 1334 πα-

2918 1386 2928 1390 ⁸
3322 1383 3348 1390 ⁸·
3583 1371 3611 1390 ᾗ
3767 1368 3782 1387 Ι

2915 1386 3044 1460 ὒμῖν
3091 1383 3383 1458 τοιγαροῦν
3435 1368 3861 1431 σπουδαστέον

3760 650 3874 708 ἒν-

2156 1403 2527 1481 ραπέμπονται
2587 1396 2707 1472 βίῳ·
2754 1391 2857 1449 Καὶ

2158 1459 2171 1481 1⁷
2297 1459 2306 1476 Ι
2588 1459 2597 1472 I
2660 1459 2671 1468 1

2158 1496 2233 1568 μὴ
2261 1497 2369 1548 τῶν
2402 1487 2491 1544 διὰ
2522 1483 2785 1561 ἁμαρτίας
2803 1476 3214 1549 κολαζομένων,
3244 1466 3390 1524 ἄλλᾶ
3416 1471 3515 1535 τῆς
3542 1467 3664 1517 τῶν
3707 1459 3864 1515 εὐα-

3000 1564 3009 1568 -
3054 1564 3068 1568 -
3325 1552 3371 1568 ns
3605 1551 3621 1568 ι
3776 1551 3809 1561 η
3852 1566 3857 1568 α

2158 1551 2168 1568 Ι
2224 1551 2233 1563 ⁸
2562 1551 2571 1561 1
2639 1551 2647 1560 ι

2158 1579 2488 1657 ρεστούντων
2562 1578 2641 1646 τῷ
2716 1570 2831 1641 Θεῷ
2895 1564 3136 1640 γενέσθαι
3215 1552 3463 1633 μερίδος,
3529 1551 3624 1606 καὶ
3724 1551 3860 1602 τῶν

3156 1651 3165 1657 ·
3305 1648 3319 1657 ι
3461 1644 3476 1657 \
3572 1640 3588 1657 9
3637 1638 3665 1657 \
3784 1644 3817 1655 ο

2157 1638 2391 1728 αἷωνίων
2435 1638 2723 1737 ἀξιωθηναι
2789 1638 2984 1734 γερῖον.
3035 1651 3210 1720 Σκεύη
3266 1648 3360 1719 μὲν
3417 1644 3520 1721 γὰρ
3570 1638 3857 1712 ἐκλογῆς

2159 1760 2443 1837 γεγόνατε,
2490 1752 2869 1810 πιστεύσαντες
2925 1744 3004 1813 τῷ
3063 1744 3199 1811 Θεὸξν
3252 1732 3431 1791 τέλεοι
3484 1730 3541 1787 δέ
3585 1730 3859 1805 γενήσε-

3118 1829 3172 1837 ..
3429 1824 3442 1837 .
3498 1818 3539 1837 εκ
3674 1817 3701 1837 κ
3786 1818 3801 1835 .

2174 1817 2184 1837 .
2239 1817 2249 1835 .
2430 1817 2441 1827 ,

2161 1861 2271 1917 σθε,
2302 1852 2382 1919 τῷ
2425 1843 2553 1916 θείῳ
2605 1838 2939 1916 βαπτίσματι
2970 1829 3358 1911 φωτιζόμενοι,
3400 1824 3445 1878 εἰ
3495 1818 3551 1876 δέ
3599 1817 3857 1875 τελεώ-

2157 1959 2307 2015 τεροι
2336 1932 2500 1991 πάλιν
2533 1924 3011 2002 ἀναδειχθήσεσθε,
3052 1921 3142 1976 τὸν
3190 1921 3287 1972 τοῦ
3335 1910 3637 1988 μαρτυρίου
3695 1904 3859 1980 δρό-

2165 2049 2266 2102 μον
2308 2025 2563 2102 εὐψὺχως
2594 2020 2681 2075 καὶ
2740 2012 3003 2089 ἀνδρικῶς
3051 2007 3376 2067 διανῦοντες.
3415 2005 3644 2073 Στῶμεν
3708 2016 3847 2050 τοι-

2160 2120 2362 2193 γαροῦν
2421 2110 2704 2188 γενναίως,
2771 2109 2839 2179 τῇ
2898 2101 3075 2157 πίστει
3140 2090 3599 2171 περιφραξάμενοι
3676 2087 3841 2142 ἀντιο

2163 2176 2375 2278 στίῦμεν
2404 2176 2485 2274 τῷ
2517 2176 2782 2268 διαϐόλῳ,
2817 2176 3085 2265 Ἵνομιμως
3138 2183 3484 2255 ἀθλήσωμεν,
3541 2177 3633 2233 καὶ
3690 2176 3844 2235 τοὺς

2163 2295 2430 2352 ἐναντίους
2464 2287 2835 2368 στρεφώμεθα·
2896 2281 3041 2335 οὕτω
3088 2278 3192 2353 γὰρ
3240 2275 3329 2329 καὶ
3376 2276 3485 2328 τῶν
3540 2266 3839 2343 μεγίστων

2166 2384 2348 2441 ἄθλων
2377 2383 2523 2457 παρὰ
2549 2383 2645 2434 τοῦ
2678 2371 3011 2450 ἀγωνοθέτου
3049 2367 3287 2441 Χριστοῦ
3316 2359 3633 2433 τευξόμεθα.

2240 2564 2340 2621 ΙΒ’.
2381 2564 2559 2618 Ταῦτα
2589 2552 2920 2611 καὶτούτων
2970 2547 3196 2605 πλείονα
3245 2540 3333 2597 διὰ
3379 2539 3560 2609 πάσης
3604 2535 3833 2608 ἡμέρας

2168 2676 2226 2711 τε
2271 2652 2360 2708 καὶ
2416 2653 2516 2715 τῆς
2561 2645 2751 2706 νυκτὸς
2801 2643 2829 2697 6
2888 2642 3035 2701 θεῖος
3085 2632 3494 2705 Καλλίστρατος
3553 2626 3831 2682 νουθετῶν

2170 2743 2366 2804 αὐτοὺς
2404 2738 2495 2795 καῖ
2527 2733 2819 2803 διδάσκων,
2852 2731 2940 2786 οἷά
2974 2749 3057 2791 τις
3102 2714 3492 2797 παιδοτρίϐης,
3542 2716 3679 2791 πρὸς
3733 2714 3823 2769 τὸν

2170 2832 2528 2907 προκείμενον
2588 2823 2814 2899 εἴληφεν
2865 2820 3067 2894 ἀγῶνα.
3128 2816 3213 2888 Τῇ
3264 2808 3321 2865 δὲ
3364 2809 3487 2882 ἓξης
3517 2808 3546 2862 6
3588 2824 3825 2879 στρατη·

2172 2922 2364 2990 λάτης,
2398 2914 2449 2973 ἔν
2483 2937 2590 2971 τινι
2619 2914 2772 2985 τόπῳ
2801 2910 3083 2983 περιφανεῖ
3102 2909 3199 2973 τῆς
3220 2897 3437 2962 πόλεως
3466 2894 3819 2971 προκαθίσας,

2171 3005 2582 3086 παρισταμένης
2628 3001 2776 3073 αὐτῷ
2823 2997 2913 3053 καὶ
2959 3002 3059 3065 τῆς
3107 2992 3381 3065 στρατιᾶς,
3423 2988 3515 3042 τὸν
3572 2981 3822 3039 καλλίνι-

2173 3120 2269 3157 κον
2306 3091 2703 3172 μεταϐάλλεται
2745 3085 3171 3162 Καλλίστρατον,
3220 3078 3311 3134 καὶ
3362 3077 3490 3137 τοὺς
3533 3075 3618 3128 σὺν
3661 3072 3809 3140 αὐτῷ

3400 3166 3410 3172 .
3677 3154 3701 3172 ,ρ

3344 3166 3485 3243 Λέγε
3532 3183 3636 3236 μοι,
3674 3154 3798 3236 ἔφη.

2178 3276 2575 3348 Καλλίστρατε,
2632 3268 3014 3337 νενουθέτηκας
3062 3262 3258 3319 σαυτόν
3323 3278 3381 3314 τε
3438 3256 3527 3310 καὶ
3572 3251 3807 3320 τοῦτους,

2180 3367 2318 3422 ὥστε
2383 3366 2538 3418 θῦσαι
2604 3364 2721 3420 τοῖς
2788 3360 2954 3426 θεοῖς,
3021 3352 3111 3409 καὶ
3178 3348 3426 3425 βασάνων
3491 3339 3814 3399 ἀνυποίστων

2180 3454 2587 3530 ἀπαλλαγῆναι,
2620 3449 2655 3521 ἤ
2687 3448 2764 3505 ἔτι
2810 3449 2907 3516 τῆς
2955 3442 3219 3519 προτέρας
3271 3436 3460 3514 ἔχεσθε
3509 3429 3817 3497 ἀπειθείας;

2181 3546 2281 3605 Καὶ
2314 3547 2342 3600 6
2378 3515 2548 3619 μέγας
2574 3515 2584 3521 Ι
2612 3515 3049 3612 Καλλίστρατος.
3090 3515 3220 3607 Περὶ
3274 3530 3366 3603 μὲν
3436 3543 3692 3599 εμαυτου,
3743 3515 3823 3573 εἴ-

2184 3657 2335 3714 ρηκε,
2364 3637 2463 3705 τὴν
2507 3632 2792 3706 ἀπόκρισιν
2823 3624 3050 3698 δίδωμι,
3082 3623 3156 3685 ὼς
3189 3619 3310 3676 οὔτε
3345 3618 3445 3685 τὴν
3488 3614 3658 3681 κακὴν
3687 3612 3823 3683 ὁμο-

2181 3726 2371 3801 λογίαν
2401 3722 2728 3797 έξήρνημαι,
2760 3714 2883 3773 οὕτε
2914 3713 3139 3770 πέπεικα
3187 3708 3416 3784 ἐμαυτὸν
3461 3705 3525 3760 τὸ
3573 3700 3818 3777 παράπαν

2177 3821 2276 3883 τῆς
2314 3810 2532 3889 μερίδος
2562 3810 2863 3873 ἀποστῆναι
2895 3806 3154 3878 Χριστοῦ,
3206 3796 3318 3862 οὗθ’
3367 3794 3516 3856 ὅλως
3569 3808 3821 3866 μεταπει·

2181 3908 2454 3977 σθήσομαι
2512 3901 2610 3964 τὰς
2661 3899 2797 3972 πρὸς
2855 3893 3011 3950 αὐτὸν
3071 3891 3329 3958 ἀθετῆσαι
3387 3885 3655 3954 συνθήκας
3705 3882 3821 3950 περὶ

2181 3996 2237 4053 δὲ
2303 3994 2510 4051 τούτων
2578 3991 2775 4051 αὐτοὺς
2841 3984 3034 4061 ἐρώτα·
3115 3980 3268 4038 αὐτοὶ
3324 3979 3389 4033 τὰ
3453 3976 3578 4050 περὶ
3652 3973 3817 4028 αὐτῶν

2181 4082 2605 4161 ἀπαγγελοῦσιν·
2668 4077 2783 4134 ἐπεὶ
2842 4073 2933 4131 καὶ
2979 4072 3293 4149 φρονήσεως
3344 4066 3668 4143 μετέχουσιν
3707 4062 3818 4115 ἱκα-

2180 4180 2310 4237 νῶς.
2344 4166 2696 4243 Ἀποόλέψας
2756 4167 2844 4221 οὗν
2892 4163 3027 4239 πρὸς
3077 4160 3295 4229 αὐτοὺς,
3347 4159 3374 4212 ὁ
3424 4150 3815 4229 στρατηλάτης·

2178 4267 2362 4338 Ὑμεῖς
2431 4258 2488 4316 δὲ
2553 4259 2606 4313 τί
2676 4276 2827 4335 φατε,
2896 4254 3062 4319 εἶπεν,
3139 4249 3190 4304 οἱ
3254 4250 3539 4325 γοητικαῖς
3613 4243 3815 4316 τέχναις

2181 4326 2720 4428 πάρακρουσθὲντεςξ
2754 4345 2823 4403 Ol.
2851 4340 2927 4413 δὲ,
2974 4340 3037 4398 Τί
3087 4339 3278 4412 μάτην,
3336 4332 3562 4414 ἔφησαν,
3610 4326 3811 4387 σεαυτὸν

2182 4413 2417 4512 ἀπατᾷς,
2447 4413 2741 4508 ἀπατήσειν
2792 4436 2939 4506 ἡμᾶς
2983 4428 3279 4503 οἶόμενοςτ,
3329 4413 3394 4483 Εἰ
3442 4423 3536 4496 μὶν
3576 4422 3675 4497 γάρ
3706 4413 3809 4489 περὶ

2182 4533 2282 4597 τῆς
2312 4503 2588 4600 στρατείας
2616 4503 2891 4590 έξετάζειν
2929 4511 3138 4592 βούλει,
3189 4510 3306 4574 καθ’
3336 4505 3402 4577 ἥν
3436 4507 3541 4581 ἄρα
3569 4506 3658 4560 καὶ
3698 4503 3807 4555 ὐπο-

2183 4614 2406 4690 κείμεθά
2451 4633 2557 4683 σοι,
2615 4609 2903 4680 ὑπείχομεν
2949 4602 3001 4659 ἒν
3047 4608 3202 4673 πᾶσι,
3251 4597 3340 4653 καὶ
3392 4592 3587 4653 οὐδένα
3630 4592 3799 4666 τρόπον

2186 4703 2623 4776 ἆντιταττόμεθα·
2684 4698 2729 4752 εἰ
2788 4692 2845 4751 δέ
2900 4693 3023 4769 περὶ
3088 4690 3318 4750 πίστεως
3371 4684 3461 4741 καὶ
3521 4677 3793 4757 θρησκείαςι

2188 4791 2340 4852 οὐδέν
2410 4790 2613 4864 ἀκούσῃ
2685 4786 2812 4860 παρ’
2868 4761 3027 4857 ἡμων
3083 4778 3266 4854 ἓτερον
3303 4776 3339 4845 ἤ
3396 4776 3482 4830 ’ὁτι
3521 4761 3805 4846 Χριστιανοί

2186 4882 2369 4955 ἐσμὲν,
2406 4879 2497 4934 καὶ
2550 4877 2678 4933 Θεὸν
2726 4872 2817 4929 ἕνα
2874 4870 3328 4946 ἐπιγινώσκομεν,
3390 4863 3627 4933 ποιητήν
3665 4857 3810 4929 οὖρα-

2186 4977 2280 5029 νοῦ
2312 4992 2368 5026 τε
2396 4969 2485 5024 καὶ
2518 4974 2641 5044 γῆς,
2685 4965 2760 5029 είς
2791 4960 2953 5037 ὅνπερ
2986 4957 3053 5027 δὴ
3084 4957 3173 5012 καὶ
3212 4952 3557 5025 πιστεύομεν,
3606 4949 3695 5004 καὶ
3736 4944 3813 4999 τὸν

2189 5065 2313 5120 Υίὸν
2343 5060 2511 5117 αὐτοῦ
2540 5061 2631 5115 τὸν
2683 5056 2967 5131 μονογενῆ,
3015 5051 3105 5105 τὸν
3160 5047 3357 5124 Κύριον
3408 5046 3568 5115 ἡμῶν
3620 5037 3816 5109 Ἰησοῦν

2191 5153 2447 5227 Χριστὸν,
2478 5150 2566 5204 καὶ
2599 5148 2659 5202 τὸ
2710 5142 2927 5215 Πνεῦμα
2963 5141 3025 5197 τὸ
3083 5140 3254 5212 ἅγιον,
3310 5134 3489 5198 καθὼς
3533 5132 3684 5204 ἡμᾶς
3733 5121 3820 5180 {32'-

2192 5224 2340 5314 δαξεν
2375 5242 2401 5294 6
2434 5239 2599 5315 σοφὸς
2630 5238 2789 5307 ἡμῶν
2823 5229 3006 5287 οὒτοσὶ
3039 5224 3383 5287 διδάσκαλος.

2262 5330 2359 5387 ΙΓ’.
2428 5331 2607 5381 Ταῦτα
2671 5329 2779 5377 τῶν
2866 5315 3412 5393 τεσσαρακονταεννέα
3485 5309 3821 5385 στρατιωτῶν

2191 5420 2266 5482 ὡς
2316 5416 2367 5489 ἕξ
2398 5414 2512 5477 ὲνός
2569 5413 2839 5489 στόματος
2884 5406 3348 5485 ἀποκριναμένων,
3403 5399 3697 5456 τύπτεσθαι
3742 5414 3823 5453 κε-
