4124 6270
283 370 400 431 897

1403 370 1880 435 MARTYRIUM
1927 369 1987 432 S.
2035 372 2567 436 GALLISTRATI.

3565 381 3684 445 898

280 525 432 586 λεύει
487 523 717 589 τούτους
755 525 783 582 6
826 521 1232 603 στρατηλάτης,
1279 529 1396 586 εἶτα
1452 527 1695 587 δεθέντας
1745 535 1934 608 χεῖρας

2047 533 2165 591 dux
2195 533 2518 604 exercitus;
2551 533 2761 592 deinde
2789 533 3012 593 vinctos
3042 537 3282 607 pedibus
3327 546 3382 598 et
3411 541 3683 602 manibus

281 618 373 675 καὶ
404 613 598 682 πόδας,
632 616 706 680 εἰς
734 616 834 686 τήν
866 614 1101 685 πλησίον
1139 617 1507 696 ἀποῤῥιφῆναι
1547 615 1936 695 κολυμϐήθραν

286 706 522 762 ὠκεανὸν
569 705 711 760 οὕτω
785 703 1143 778 καλούμενον.
1205 706 1356 764 Ἐπεὶ
1415 705 1506 763 οὖν
1576 705 1939 781 δεσμήσαντες

283 797 564 875 ἐπαφεῖναι
595 794 820 856 τούτους
848 799 929 867 τῷ
960 791 1114 850 ὕδατι
1161 791 1417 870 ἔμελλον,
1451 799 1479 853 6
1531 797 1935 874 Καλλίστρατος

283 885 628 962 προσηύξατο
687 882 890 961 λέγων·
944 886 1184 939 Δέσποτα
1240 885 1421 960 Κύριε,
1481 887 1508 942 6
1581 886 1632 942 ἐν
1704 886 1937 960 ὑψηλοῖς

281 979 577 1042 κατοικῶν,
617 974 707 1028 καὶ
779 975 847 1028 τά
899 975 1119 1028 ταπεινά
1199 972 1429 1052 ἐφορῶν,
1497 971 1791 1050 ἐπίϐλεψον
1847 975 1934 1033 ἐπὶ

284 1061 348 1115 τὸ
392 1058 572 1135 βραχὺ
620 1079 717 1113 σου
768 1058 920 1114 τουτί
968 1058 1246 1132 ποίμνιον,
1289 1062 1376 1115 καὶ
1427 1063 1755 1135 καταξίωσον
1804 1061 1934 1117 αὐτὸ

283 1149 336 1205 ἐν
379 1153 496 1211 τοῖς
536 1146 691 1204 ὕδασι
754 1149 969 1210 τούτοις
1023 1148 1316 1205 λούσασθαι
1378 1149 1605 1227 λουτρὸν
1670 1149 1934 1228 παλιγγε‹

285 1239 462 1301 νεσίας
519 1258 577 1295 τε
631 1237 720 1294 καὶ
776 1238 1044 1302 υἱοθεσίας
1093 1236 1182 1294 διὰ
1236 1242 1336 1305 τῆς
1394 1240 1790 1319 ἐπιφοιτήσεως
1838 1245 1935 1295 τοῦ

288 1329 451 1404 ἆγίου
501 1348 596 1382 σου
637 1329 975 1401 Πνεύματος,
1026 1329 1101 1391 ὡς
1151 1328 1233 1398 ἂν,
1272 1326 1342 1384 δι’
1372 1329 1531 1384 αὐτὸν
1563 1333 1733 1384 πᾶσαν
1766 1327 1937 1405 ἄπορ-

285 1418 582 1491 ῥυψάμενοι
628 1420 726 1472 τοῦ
793 1415 1032 1472 παλαιοῦ
1088 1417 1373 1494 ἀνθρώπου
1424 1419 1524 1488 τήν
1575 1419 1934 1490 ματαιότητα,

284 1506 540 1562 κοινωνοὶ
595 1504 855 1580 γένωνται
897 1509 994 1560 τοῦ
1049 1505 1261 1580 κλήρου
1305 1511 1414 1562 τῶν
1462 1508 1550 1562 ἀπ’
1612 1506 1809 1568 αἰῶνός
1851 1527 1933 1561 σοι

282 1593 777 1668 εύαρεστησάντων.
825 1595 982 1666 ’Ἅμα
1037 1591 1093 1648 δὲ
1149 1598 1227 1666 τῷ
1293 1596 1514 1673 ῥιφῆναι
1567 1593 1760 1656 αὐτοὺς
1818 1599 1935 1656 τοῖς

283 1681 459 1739 ὕδασι.
520 1688 742 1758 πρᾶγμα
790 1681 1053 1752 συνῆλθεν
1122 1684 1292 1752 ἀκοῆς
1365 1704 1424 1738 τε
1495 1683 1584 1737 καὶ
1661 1682 1936 1757 θαύματος

281 1769 451 1844 ἄξιον.
510 1770 739 1826 Λύονται
796 1770 900 1846 γάρ
959 1769 1142 1835 αὐτοῖς
1187 1773 1254 1826 τά
1301 1767 1495 1844 δεσμὰ,
1542 1770 1631 1826 καὶ
1683 1768 1934 1851 φαιδραῖς

279 1865 398 1922 ταῖς
451 1859 630 1934 ὄψεσι,
681 1857 934 1938 φαιδραῖς
972 1863 1093 1920 ταῖς
1131 1857 1352 1921 στολαῖς
1396 1863 1493 1915 τοῦ
1541 1855 1734 1922 ὓδατος
1777 1859 1932 1921 εὐθὺς

279 1945 618 2004 ἀναδύουσιν.
650 1949 714 2004 Ὁ
763 1945 819 2002 δὲ
862 1968 924 2024 γε
972 1948 1115 2010 θεῖος
1147 1946 1578 2024 Καλλίστρατος,
1610 1947 1700 2002 καὶ
1739 1950 1933 2025 στεφα-

279 2059 368 2094 νον
403 2037 490 2092 ἐπὶ
534 2044 634 2107 τῆς
662 2034 906 2114 κεφαλῆς
950 2036 1064 2091 οἷον
1111 2035 1532 2109 ἐκπρεπέστατον
1570 2036 1778 2111 ἑωράθη
1829 2057 1934 2114 φο-

284 2133 415 2204 ρῶν,
433 2126 522 2181 καὶ
555 2127 710 2203 φωνὴ
741 2126 880 2199 πρὸς
924 2124 1082 2180 αὐτὸν
1131 2125 1420 2199 ούραιόθεν
1445 2127 1674 2201 γίνεται,
1710 2126 1930 2201 Οάρσει,

284 2213 678 2289 Καλλίστρατε,
735 2211 992 2288 λέγουσα,
1051 2212 1142 2268 σὺν
1193 2218 1273 2286 τῷ
1339 2212 1584 2287 ποιμνίῳ
1628 2212 1808 2286 τούτῷ
1853 2218 1932 2286 τῷ

282 2307 381 2375 σῷ·
433 2302 524 2356 καὶ
570 2298 720 2356 δεῦτε
757 2298 866 2371 ἤδη
897 2305 1016 2362 ταῖς
1066 2299 1311 2362 αἰωνίαις
1361 2306 1584 2372 σκηναῖς
1624 2298 1930 2356 ἐπαναπαυ-

279 2393 518 2466 σόμενοι’
569 2395 716 2465 Ἀμα
763 2387 821 2446 δὲ
868 2395 936 2466 τῇ
986 2394 1164 2470 φωνῇ,
1205 2389 1294 2445 καί
1323 2390 1458 2464 μέγα
1487 2392 1515 2446 6
1547 2393 1675 2454 Θεὸς
1707 2389 1927 2461 ἔσεισεν,

275 2480 416 2537 ὥστε
469 2481 532 2536 τὸ
570 2478 807 2550 πλησίον
854 2499 960 2536 που
1030 2476 1251 2554 ἄγαλμα
1307 2485 1646 2546 καταπεσεῖν,
1708 2480 1797 2535 καὶ
1852 2479 1929 2544 εἰς

269 2570 422 2627 κόνιν
471 2567 815 2639 διαλυθῆναιο
874 2570 1046 2639 Ἂπερ
1105 2565 1311 2632 ἲδόντες
1358 2587 1417 2622 τε
1474 2568 1565 2622 καὶ
1610 2568 1929 2632 ἀκούσαντες

270 2655 447 2734 ’ἅτεροι
500 2663 607 2714 τῶν
654 2661 1000 2732 στρατιωτῶν
1041 2653 1230 2732 ἄνδρες
1283 2656 1437 2712 πέντε
1497 2659 1588 2712 καί
1643 2656 1928 2732 τριάκοντα

273 2749 408 2823 πρὸς
436 2752 553 2809 τοῖς
602 2745 812 2815 ἑκατὸν,
851 2745 1164 2801 πιστεύουσι
1210 2745 1304 2799 καὶ
1349 2744 1526 2804 αύτοί.
1556 2744 1633 2803 Οὐ
1673 2742 1928 2818 συλλαμ-

275 2833 530 2892 ϐάνονται
592 2832 648 2888 δὲ
705 2833 838 2906 μετὰ
893 2836 1002 2888 τῶν
1054 2835 1261 2886 λοιπῶν
1321 2831 1467 2887 ἐννέα
1521 2834 1611 2886 καὶ
1667 2833 1928 2908 τεσσαρά-

275 2942 457 2981 κοντα·
529 2919 653 2976 ἀλλ’
720 2919 918 2974 ἐκεῖνοι
980 2920 1157 2990 μόνοι,
1222 2919 1771 2993 τεσσαρακονταεννέα
1835 2941 1930 2994 φα-

282 3013 400 3085 μὲν,
444 3007 589 3064 οὕτω
636 3013 730 3064 τοῦ
776 3006 1152 3081 στρατηλάτου
1196 3007 1574 3078 κελεύσαντος,
1614 3012 1683 3082 τῇ
1723 3017 1932 3084 φρουρᾷ

280 3096 690 3174 παραδίδονται.
751 3098 907 3172 Αὲγει
966 3094 1146 3151 τοίνυν
1205 3097 1341 3170 πρὸς
1389 3096 1583 3159 αὐτοὺς
1639 3099 1666 3152 6
1725 3096 1932 3156 Καλλί-

283 3206 531 3264 στρατοςο
583 3184 744 3258 Ἰδοὺ,
789 3183 1041 3262 ἀδελφοὶ,
1082 3189 1152 3259 τῇ
1199 3190 1296 3240 τοῦ
1343 3185 1540 3262 Κυρίου
1590 3185 1800 3261 χάριτι,
1836 3190 1932 3242 τοῦ

1964 1909 2019 1976 Β

2047 621 2252 693 projici
2305 621 2364 678 in
2414 621 2799 694 propinquam
2848 623 3152 694 piscinam,
3184 643 3317 699 quas
3364 629 3682 687 vocabatur

2046 709 2330 767 Oceanus.
2375 711 2516 767 Cum
2565 727 2701 783 ergo
2743 729 2841 768 eos
2891 713 3231 782 vinxissent,
3281 721 3338 772 et
3379 727 3574 774 essent
3620 721 3680 777 in

2045 817 2256 872 aquam
2281 800 2626 869 immissari,
2653 807 2918 870 precatus
2941 809 3028 859 est
3048 804 3435 876 Callistratus,
3455 809 3680 865 dicens:

2044 888 2311 957 Domine,
2335 891 2432 962 qui
2465 891 2521 945 in
2554 889 2686 946 altis
2720 890 2968 958 habitas,
2993 898 3048 947 et
3079 891 3329 948 humilia
3351 897 3590 965 respicis
3612 897 3684 965 ³⁸,

2043 977 2114 1032 ad
2146 976 2300 1032 hunc
2327 977 2636 1033 minimum
2674 982 2836 1034 tuum
2880 995 3110 1051 gregem
3161 981 3360 1038 oculos
3393 984 3594 1054 dirige,
3629 994 3684 1042 et

2044 1069 2283 1140 dignare
2313 1069 2506 1140 ipsum
2540 1069 2597 1123 in
2632 1067 2721 1124 his
2769 1070 2937 1141 aquis
2969 1070 3146 1126 lavari
3179 1071 3405 1128 lavacro
3438 1090 3677 1145 regene-

2045 1157 2287 1212 rationis
2320 1162 2378 1213 et
2407 1156 2733 1226 adOptionis
2765 1173 2863 1228 per
2893 1158 3205 1214 adventum
3230 1163 3417 1218 sancti
3447 1163 3528 1218 tui
3555 1163 3682 1235 Spi-

2045 1245 2214 1308 ritns,
2249 1249 2312 1300 ut
2341 1261 2442 1316 per
2472 1244 2664 1314 ipsum
2693 1247 2993 1301 emnndati
3026 1248 3099 1301 ab
3139 1248 3301 1303 omni
3333 1252 3542 1307 veteris
3574 1251 3680 1308 ho-

2045 1331 2222 1388 minis
2251 1333 2524 1400 vanitate,
2556 1332 2698 1388 ﬁant
2743 1333 2880 1389 socii
2923 1333 3262 1391 haereditatis
3307 1352 3532 1407 eorum,
3578 1339 3678 1411 qui

2043 1421 2151 1476 tibi
2184 1420 2528 1494 placuerunt
2555 1437 2590 1476 a
2636 1421 2867 1478 seculo.
2900 1421 3087 1479 Simul
3118 1432 3313 1480 autem
3361 1432 3538 1498 atque
3567 1427 3682 1499 ipsi

2045 1513 2205 1569 fuere
2240 1511 2299 1566 in
2331 1527 2514 1584 aquas
2545 1510 2804 1584 projecti,
2837 1512 3026 1568 evenit
3056 1528 3146 1569 res
3177 1513 3358 1584 digna
3391 1517 3592 1572 auditu
3625 1521 3683 1574 et

2045 1598 2438 1658 admiratione.
2470 1599 2567 1656 Eis
2615 1599 2772 1654 enim
2821 1598 3130 1656 solvuntur
3176 1600 3429 1670 vincula,
3461 1609 3517 1659 et
3545 1603 3674 1660 laeto

2043 1695 2205 1746 vultu
2260 1696 2314 1744 et
2357 1687 2532 1744 alacri
2577 1688 2778 1744 habitu
2830 1688 3028 1745 statim
3061 1696 3368 1762 emergunt
3396 1707 3465 1746 ex
3503 1708 3676 1764 aqua.

2043 1777 2288 1836 Divinus
2320 1782 2513 1834 autem
2545 1776 2909 1833 Callistratus
2939 1777 3095 1834 visus
3143 1783 3231 1834 est
3259 1779 3319 1835 in
3361 1781 3548 1851 capite
3594 1782 3679 1837 fe-

2045 1883 2178 1923 rens
2209 1882 2479 1922 coronam
2515 1865 2684 1936 longe
2705 1865 3222 1936 speciosissimam,
3245 1869 3301 1923 et
3321 1884 3426 1923 vox
3447 1868 3517 1923 ad
3542 1884 3676 1925 eum

2043 1955 2262 2012 exstitit
2309 1971 2339 2009 e
2370 1952 2553 2017 cmlis,
2585 1954 2786 2008 dicens
2821 1969 2834 2008 :
2868 1953 3004 2008 Esto
3052 1951 3207 2008 bono
3255 1955 3473 2020 animo,
3503 1955 3677 2012 Calli-

2040 2049 2241 2111 strate,
2273 2059 2406 2099 cum
2437 2049 2536 2098 tuo
2559 2057 2750 2114 grege,
2778 2043 2970 2111 etjam
3001 2042 3208 2109 venite,
3234 2041 3291 2098 in
3325 2043 3555 2099 aeternis
3586 2059 3677 2100 re-

2038 2132 2291 2206 quieturi
2320 2130 2732 2188 tabernaculis.
2763 2129 2951 2186 Simul
2997 2135 3190 2187 autem
3227 2146 3359 2187 cum
3389 2148 3524 2188 voce
3551 2149 3674 2189 ma-

2037 2237 2218 2294 gnum
2249 2235 2478 2293 quoque
2501 2221 2651 2276 Deus
2672 2219 2937 2274 excitavit
2957 2223 3126 2274 terrae
3149 2224 3394 2288 motum,
3419 2221 3562 2276 adeo
3590 2231 3672 2291 ut,

2038 2326 2162 2384 qua!
2193 2308 2516 2380 propinqua
2545 2311 2685 2372 erat,
2717 2311 2912 2362 statua
2957 2306 3251 2374 ceciderit,
3283 2311 3340 2363 et
3368 2307 3428 2362 in
3469 2307 3670 2378 pulve-

2037 2414 2160 2455 rem
2191 2395 2270 2453 sit
2300 2397 2570 2453 resoluta.
2601 2397 2738 2460 Quas
2780 2411 2913 2451 cum
2944 2394 3228 2450 vidissent
3257 2399 3314 2452 et
3343 2395 3670 2451 audiissent

2035 2487 2135 2544 alii
2166 2485 2408 2552 milites,
2437 2485 2538 2558 qui
2585 2489 2751 2541 erant
2796 2500 3028 2541 numero
3076 2489 3308 2541 centum
3345 2489 3403 2540 et
3433 2484 3671 2556 triginta

2037 2577 2319 2650 quinque,
2368 2575 2483 2646 ipsi
2529 2590 2758 2646 quoque
2805 2575 3068 2630 credunt.
3114 2577 3242 2630 Non
3290 2575 3670 2646 comprehen-

2036 2664 2259 2720 duntur
2285 2669 2480 2719 autem
2507 2678 2638 2718 cum
2666 2665 2788 2732 jam
2813 2661 3020 2730 dictis;
3044 2663 3140 2718 sed
3174 2661 3258 2717 illi
3289 2662 3396 2718 soli
3417 2663 3675 2734 quadra-

2036 2754 2202 2827 ginta
2231 2765 2459 2819 novem,
2486 2766 2621 2806 cum
2655 2750 2742 2804 sic
2761 2749 3042 2820 jussisset
3071 2750 3185 2806 dux
3213 2752 3518 2818 exercitus,
3555 2755 3671 2805 tra-

2037 2843 2256 2897 duntur
2285 2841 2344 2895 in
2375 2840 2717 2896 custodiam.
2751 2838 2900 2895 Dicit
2929 2839 3014 2894 eis
3045 2839 3242 2910 itaque
3271 2837 3669 2894 Callistratus:

2038 2930 2207 2994 Ecce,
2241 2929 2472 2992 fratres,
2503 2926 2710 2982 Christi
2761 2925 2964 2997 gratia,
2996 2926 3219 2997 dignati
3257 2926 3400 2982 estis
3444 2925 3673 2983 lavacro

2041 3013 2492 3088 regenerationis
2518 3015 2582 3070 ’9.
2633 3017 2864 3085 Oportet
2920 3030 3078 3086 ergo,
3125 3029 3273 3084 quas
3320 3031 3421 3086 par
3465 3020 3574 3079 est,
3623 3013 3677 3070 ei

2040 3118 2206 3174 agere
2253 3104 2494 3174 gratias.
2536 3101 2739 3173 Itaque
2787 3117 3090 3174 surgamus
3130 3107 3188 3157 et
3229 3118 3483 3158 oremus.
3514 3103 3677 3158 Tunc

2045 3193 2320 3263 expansis
2347 3189 2406 3244 in
2431 3190 2638 3245 cmlum
2664 3190 2936 3245 manibus
2963 3206 2975 3245 :
3001 3190 3244 3246 Domine
3270 3191 3442 3257 Deus,
3466 3189 3680 3262 inquit,

282 3255 520 3352 λουτροῦ
548 3282 648 3344 τῆς
667 3255 1082 3352 παλιγγενεσίας
1109 3255 1505 3345 κατηξιώθητε.
1547 3255 1676 3349 Χξῆ
1715 3296 1934 3350 τοιγαρο

2049 3281 2147 3352 qui
2171 3279 2254 3335 vis
2273 3293 2470 3334 omnes
2493 3277 2759 3333 homines
2781 3277 2964 3332 salvos
2988 3278 3132 3344 ﬁeri,
3152 3282 3210 3334 et
3232 3278 3303 3333 ad
3325 3279 3681 3350 agnitionem

283 3371 375 3422 οὖν
419 3365 520 3434 τὴν
574 3365 953 3438 προτήκουσαν
1011 3363 1160 3436 αύτῷ
1214 3362 1374 3440 χάριν
1423 3366 1788 3439 ὁμολογῆσαι·
1839 3365 1927 3420 καὶ

283 3453 352 3524 δὴ
407 3453 727 3516 ἀναστάντες
777 3451 1214 3526 προσευξώμεθα.
1249 3452 1346 3515 Εἰς
1399 3453 1492 3508 τὸν
1539 3452 1763 3527 ούρανὸν
1800 3459 1930 3530 γοῦν

280 3547 377 3604 τὰς
425 3548 615 3619 χεῖρας
666 3539 1014 3611 διαπετάσας,
1066 3540 1227 3615 Κύριε
1269 3541 1297 3596 ὁ
1345 3542 1494 3608 Θεὸς,
1530 3542 1702 3611 εἶπεν,
1745 3543 1772 3597 6
1807 3541 1937 3596 πάν-

283 3653 378 3694 τας
408 3633 647 3700 σωθῆναι
676 3628 851 3686 θέλων
884 3630 975 3684 καὶ
1005 3629 1083 3691 εἷς
1124 3627 1415 3704 ἐπίγνωσιν
1445 3629 1704 3700 ἀληθείας
1734 3629 1938 3698 ἐλθεῖν,

283 3726 311 3779 ὁ
356 3722 446 3777 καὶ
501 3720 661 3776 τοῦτό
720 3741 815 3776 σου
862 3720 924 3774 τὸ
982 3718 1236 3792 ποίμνιον
1287 3724 1384 3774 τοῦ
1443 3724 1640 3791 νοητοῦ
1725 3719 1943 3784 λέοντος

2041 3368 2238 3425 venire
2286 3365 2582 3432 veritatis;
2617 3363 2716 3433 qui
2746 3364 2918 3420 etiam
2954 3369 3118 3420 tuum
3148 3381 3381 3436 gregem
3411 3366 3681 3438 eripuisti

2042 3475 2113 3515 ex
2141 3471 2238 3514 ore
2268 3455 2470 3526 leonis,
2502 3459 2560 3510 et
2602 3451 2817 3510 vocasti
2867 3453 2938 3508 ad
2980 3452 3228 3508 salutem
3259 3457 3559 3525 aeternam,
3591 3455 3681 3511 di-

2047 3562 2227 3619 gnare
2259 3547 2317 3602 in
2347 3549 2449 3601 tua
2481 3543 2593 3600 fide
2624 3558 2729 3598 nos
2759 3557 2964 3598 omnes
2993 3542 3412 3612 consummari,
3442 3547 3499 3598 et
3525 3544 3592 3598 ad
3628 3551 3681 3600 te

2047 3635 2360 3690 Dominum
2387 3632 2577 3688 venire
2597 3629 3002 3687 immaculatos
3025 3635 3080 3686 et
3104 3633 3346 3687 mundos
3367 3647 3380 3699 ;
3401 3631 3680 3703 quoniam

2049 3739 2112 3779 es
2140 3722 2478 3779 benedictus
2511 3721 2569 3775 in
2601 3719 2830 3776 saecula.

287 3811 626 3888 ἀφαρπάσας,
683 3811 773 3864 καὶ
829 3811 965 3883 πρὸς
1024 3807 1296 3884 σωτηρίαν
1362 3809 1592 3874 καλέσας
1653 3809 1894 3881 αἰώνιον,
1951 3811 2281 3881 καταξίωσον
2320 3808 2370 3864 ἐν
2416 3813 2483 3882 τῇ
2535 3811 2602 3881 σῇ
2642 3807 2820 3863 πίστει
2867 3807 3225 3878 τελειωθῆναι
3273 3809 3473 3872 πάντας
3503 3811 3672 3884 ἡμᾶς,

291 3901 381 3955 καὶ
411 3900 546 3976 πρὸς
571 3899 627 3954 σε
647 3900 737 3954 τὸν
771 3898 1044 3969 Δεσπότην
1077 3896 1345 3962 ἀσπίλους
1378 3906 1636 3976 φοιτῆσαι
1658 3901 1748 3955 καὶ
1777 3900 2062 3974 καθαρούς·
2095 3897 2180 3954 ὅτι
2213 3896 2516 3972 εὐλογητὸς
2550 3896 2816 3971 ὑπάρχεις
2837 3895 2913 3959 εἷς
2941 3895 3068 3958 τοὺς
3100 3897 3320 3961 αἰῶνας.

359 3991 457 4048 ῙΔ’.
511 3987 689 4044 Ἀλλά
727 3991 895 4043 ταῦτα
955 3988 1047 4061 μὲν
1107 3986 1159 4042 ἐν
1209 3992 1277 4062 τῇ
1335 3993 1544 4068 φρουρᾷ
1591 3993 1710 4054 τοῖς
1754 3987 1934 4064 ἁγίοις

288 4077 599 4153 ἐπράττετο.
661 4077 721 4136 Ὀ
779 4074 834 4132 δὶ
883 4075 1285 4152 στρατηλάτης,
1345 4073 1519 4139 δείσας
1577 4079 1792 4150 μήποτε
1849 4075 1937 4132 διὰ

287 4169 388 4235 τῆς
428 4165 633 4222 τούτων
685 4165 1121 4240 θαυματουργίας
1169 4161 1334 4221 αύτόῦ
1381 4185 1440 4220 τε
1485 4165 1763 4220 ἀποστῶσί
1794 4184 1937 4226 τινες

288 4256 377 4311 καὶ
426 4256 582 4330 ἒτέρα
625 4253 843 4331 γὲνηται
883 4257 962 4325 τῷ
1008 4254 1224 4327 Χριστῷ
1284 4253 1459 4329 μερὶς,
1535 4250 1938 4325 κοινολογησά-

291 4363 452 4417 μενος
498 4346 579 4414 τῷ
635 4340 1103 4418 συγκατακλείστῳ
1147 4339 1348 4394 τούτου
1375 4339 1532 4413 Ὑίρῳ
1580 4336 1937 4412 Δουκιναρίῳ,

287 4435 378 4486 καὶ
469 4435 665 4491 κοινῶς
737 4428 887 4501 αύτῷ
980 4425 1537 4500 συνδιασκεψάμενος,
1607 4426 1940 4501 στρατιώτας

287 4525 491 4593 πὲμπει
545 4518 760 4586 νυκτὸς,
819 4521 980 4572 τοῦτο
1037 4513 1510 4588 κεκελευσμένους,
1562 4518 1624 4571 τὸ
1695 4511 1934 4589 μεληδὸν

289 4610 416 4671 τοὺς
469 4607 650 4681 ἁγίους
688 4606 739 4662 ἐν
795 4606 867 4681 τῇ
913 4611 1120 4686 φρουρᾷ
1163 4605 1486 4664 κατακόψαι.
1517 4609 1587 4664 Ὃ
1636 4603 1704 4675 δή
1734 4604 1824 4661 καὶ
1853 4601 1937 4681 γέ-

291 4716 418 4772 γονε
467 4695 603 4750 κατά
650 4696 750 4765 τὴν
811 4691 1054 4770 ἑϐδόμην
1111 4695 1202 4751 καὶ
1249 4695 1498 4765 εἰκοστήν
1543 4699 1640 4752 τοῦ
1689 4701 1936 4767 Σεπτεμ-

293 4782 450 4856 ϐρίου
511 4785 704 4858 μηνός.
749 4785 818 4843 Οἱ
875 4782 932 4840 δὲ
989 4783 1362 4847 πιστεύσαντες
1422 4785 1582 4841 πὶντε
1627 4785 1720 4840 καὶ
1788 4784 1936 4854 τριά-

291 4894 456 4929 κοντα
538 4871 629 4928 καὶ
704 4874 892 4929 ἑκατὸν
965 4873 1288 4949 στρατίῶται
1367 4872 1799 4950 παραγενόμενοι
1873 4871 1941 4927 τά

289 4969 398 5020 τῶν
449 4961 618 5037 ἁγίων
679 4961 950 5018 ἀνείλοντο
1006 4964 1252 5034 σώματα,
1302 4960 1529 5036 ἐντίμως
1591 4983 1652 5020 τε
1706 4957 1938 5036 ἔθαψαν-

291 5053 382 5110 καὶ
437 5053 562 5108 ναὸν
627 5051 811 5114 αὐτοῖς
887 5050 948 5107 ού
1013 5050 1248 5112 πολλοῖς
1326 5051 1517 5124 ὅμοιον
1591 5055 1672 5124 τῷ
1744 5048 1940 5107 καλλει

293 5145 599 5220 ἀνήγειραψ
660 5141 749 5198 καὶ
821 5141 978 5204 οὗτος
1034 5140 1171 5197 κατά
1225 5139 1391 5215 μέσην
1455 5141 1650 5213 ’ἐστηκε
1694 5142 1942 5215 Ῥώμην,

290 5235 392 5303 την
443 5231 877 5308 βασιλικωτάτην
929 5233 1038 5287 τῶν
1095 5227 1333 5287 πόλεων.
1366 5229 1538 5305 Εὗρον
1584 5227 1643 5286 δὲ
1687 5231 1774 5286 καὶ
1807 5231 1944 5306 χάρ-

290 5344 392 5393 την
423 5322 476 5378 ὲν
505 5324 572 5396 τῇ
604 5325 832 5401 φρουρᾷ,
965 5317 1288 5376 διδασκαλία
1338 5341 1421 5384 τις
1479 5318 1574 5376 καὶ
1613 5315 1940 5382 διατύπωσις

295 5410 650 5486 ἑνεγὶγραπτο
720 5414 819 5466 τοῦ
911 5407 1327 5483 Καλλιστράτου
1419 5409 1708 5484 μάρτυρος.
1794 5407 1945 5465 Μετά

297 5499 356 5558 δὲ
401 5501 500 5570 τὴν
546 5499 764 5557 ἐκείνων
825 5496 1106 5555 τελείωσιν
1184 5501 1446 5573 μαρτυρεῖ
1522 5496 1614 5552 καὶ
1672 5499 1942 5573 Μαρῖνος,

371 5698 414 5734 ³⁸
448 5698 592 5758 Psal.
625 5714 756 5766 cxn,
787 5699 840 5755 5.
875 5697 921 5737 ²⁹
950 5698 1066 5758 Tit.
1100 5713 1185 5766 Ill,
1215 5698 1276 5755 5.

1962 4653 2021 4722 D

2112 3987 2253 4046 XIV.
2279 3987 2391 4044 Sed
2413 3990 2533 4045 haec
2553 3988 2785 4060 quidem
2803 3987 3017 4043 ﬁebant
3036 4006 3068 4042 a
3091 3989 3381 4046 sanctisin
3397 3989 3678 4048 custodia.

2043 4078 2282 4136 Timens
2331 4089 2522 4134 autem
2553 4077 2672 4134 dux
2703 4077 3010 4141 exercitus,
3044 4093 3117 4131 ne
3163 4094 3260 4148 per
3308 4093 3397 4142 ea,
3429 4094 3556 4150 qua
3605 4079 3679 4134 ab

2045 4167 2129 4222 eis
2161 4166 2400 4231 ﬁebant,
2423 4163 2722 4232 miracula,
2750 4163 2916 4219 multi
2947 4164 3021 4218 ab
3051 4179 3116 4218 eo
3138 4164 3468 4231 deﬁcerent,
3493 4170 3552 4222 et
3570 4165 3682 4223 alia

2045 4270 2180 4323 pars
2210 4253 2437 4308 Christo
2481 4254 2797 4320 accederet,
2827 4270 2888 4309 re
2935 4255 3368 4312 communicata
3411 4271 3541 4312 cum
3573 4272 3680 4312 suo

2047 4357 2344 4399 assessore
2363 4339 2514 4396 Vero
2540 4342 2876 4409 Ducenario,
2900 4359 3033 4398 cum
3057 4346 3443 4400 communiter
3463 4361 3592 4401 cum
3615 4361 3683 4401 eo

2046 4429 2461 4499 consultasset,
2495 4434 2671 4485 noctu
2718 4429 2895 4485 mittit
2927 4429 3156 4497 milites,
3189 4432 3403 4504 quibus
3431 4431 3540 4488 hoc
3569 4433 3686 4489 im-

2047 4525 2311 4593 peratum
2345 4519 2550 4586 fuerat,
2585 4521 2648 4574 ut
2679 4518 3050 4574 membratim
3082 4525 3316 4577 sanctos
3346 4522 3686 4579 conscinde-

2048 4618 2172 4667 rent
2208 4607 2270 4666 in
2319 4607 2598 4664 custodia.
2631 4607 2792 4672 Quod
2842 4607 3080 4680 quidem
3129 4610 3300 4665 etiam
3336 4610 3548 4666 factum
3594 4614 3684 4666 est

2044 4698 2324 4755 vicesimo
2355 4695 2608 4770 septimo
2639 4695 3017 4768 Septembris.
3047 4697 3154 4761 Qui
3195 4702 3389 4753 autem
3423 4698 3682 4755 credide-

2048 4792 2180 4846 rant
2227 4793 2455 4844 centum
2500 4789 2556 4842 et
2585 4785 2826 4857 triginta
2855 4784 3112 4858 quinque
3155 4785 3387 4856 milites,
3419 4803 3554 4842 cum
3585 4803 3682 4843 ac-

2047 4877 2384 4944 cessissent,
2413 4872 2781 4930 sustulerunt
2814 4879 3148 4929 sanctorum
3188 4890 3451 4946 corpora,
3483 4882 3537 4930 et
3575 4874 3682 4932 bo-

2050 4965 2288 5023 noriiice
2329 4961 2674 5034 sepelierunt
2707 4976 2723 5018 :
2756 4965 2814 5017 et
2840 4963 2926 5017 eis
2954 4963 3241 5033 templum
3285 4977 3485 5034 poswa
3524 4963 3682 5021 exci-

2051 5057 2330 5121 taverunt,
2363 5051 2459 5109 cui
2503 5049 2934 5126 pulchritudine
2980 5055 3120 5106 sunt
3168 5067 3350 5124 pauca
3409 5051 3626 5110 similia
3669 5069 3685 5110 :

2051 5145 2205 5218 quod
2228 5147 2342 5200 stat
2362 5143 2419 5200 in
2445 5143 2634 5201 media
2656 5142 2861 5210 Roma,
2884 5141 3183 5197 civitatum
3206 5142 3468 5200 omnium
3494 5143 3682 5200 maxi-

2052 5250 2144 5290 me
2191 5232 2368 5304 regia.
2403 5230 2576 5288 Porro
2624 5235 2816 5286 autem
2865 5228 3123 5285 chartam
3164 5246 3390 5303 quoque
3438 5231 3682 5288 invene-

2051 5324 2190 5378 runt
2216 5319 2274 5376 in
2305 5318 2592 5387 custodia,
2624 5317 2682 5373 in
2713 5333 2830 5389 qua
2867 5321 2990 5373 erat
3019 5318 3286 5391 quaedam
3325 5319 3589 5376 doctrina
3625 5324 3684 5378 et

2052 5407 2358 5479 descriptio
2389 5405 2622 5478 gloriosi
2651 5410 2710 5462 et
2738 5405 2978 5462 victoria
2997 5405 3245 5480 insignis
3268 5409 3538 5483 martyris
3558 5408 3684 5466 Cal-

2050 5497 2285 5556 listrati.
2345 5497 2475 5552 Post
2546 5493 2781 5552 illorum
2839 5500 3030 5554 autem
3098 5497 3680 5569 consummationem,
