4124 6270
413 360 538 420 899

1712 347 1998 408 MENSIS
2042 344 2531 407 SEPTEMBER.

3743 344 3895 408 900

418 520 763 590 martyrium
815 531 1046 590 quoque
1084 511 1330 583 suscipit
1361 508 1636 578 Marinus,
1666 508 1753 563 vir
1782 512 1840 565 et
1869 508 2050 579 gloria
2078 512 2109 579 λι

2198 506 2291 578 ιιῆρ
2351 500 2479 577 δόξῃ
2530 521 2588 555 τε
2635 500 3091 590 περιφανέστατος
3123 501 3213 555 καὶ
3279 500 3437 578 λόγῳ
3493 506 3897 583 σοφώτατος,

421 610 785 665 clarissimus
814 610 871 661 et
899 603 1162 660 doctrina
1182 600 1634 665 eruditissimus,
1659 598 1755 668 qui
1780 599 1851 652 ad
1876 596 2050 652 ﬁnem

425 713 611 768 usque
660 692 1053 751 fortitudinem
1111 688 1366 745 ostendit
1425 691 1483 741 et
1528 684 1937 751 constantiam,
1983 684 2053 739 ad

422 785 665 857 gloriam
720 780 944 837 Domini
988 776 1168 833 nostri
1211 778 1350 833 Jesu
1398 774 1629 842 Christi,
1678 790 1845 845 quem
1890 774 2055 829 decet

422 873 614 929 omnis
662 871 849 926 honor
898 878 956 923 et
1003 865 1264 922 adoratio
1312 864 1373 920 in
1425 863 1639 921 sarcula
1685 861 2053 919 saeculorum.

419 964 623 1017 Amen.

2159 591 2420 668 ἀνδρικὴν
2495 590 2594 659 τήν
2653 584 2889 643 ἔνστασιν
2956 588 3089 664 ἄχρι
3162 587 3360 653 τέλους
3423 591 3892 668 ἐπιδειξάμενος

2164 683 2238 743 εἷς
2278 679 2431 749 δόξαν
2470 684 2571 734 τοῦ
2626 678 2825 753 Κυρίου
2884 679 3045 749 ἡμῶν
3077 679 3257 748 Ἰησοῦ
3318 682 3583 756 Χριστοῦ,
3620 685 3676 755 ᾧ
3726 687 3890 759 πρέ-

2164 792 2251 825 πει
2309 766 2643 843 πᾶσαζδόξα,
2689 769 2825 839 τιμὴ
2869 767 2960 822 καὶ
3021 770 3413 842 προσκύνησις,
3462 777 3554 826 νῦν
3609 773 3715 828 καὶ
3782 775 3889 829 ἀεὶ

2163 858 2254 913 καὶ
2332 857 2406 919 εἷς
2482 858 2608 919 τοὺς
2666 854 3060 926 ἀτελευτήτους
3131 856 3330 919 αἰῶνας
3407 863 3515 914 τῶν
3594 862 3881 920 αἰώνων.

2165 940 2373 1023 Ἀμήν.

432 1156 3242 1188 ,___________._________._._.__________.__

1053 1320 1335 1416 ΒΙΟΣ
1419 1318 1632 1413 ΚΑΙ
1713 1310 2328 1413 ΙΙΟἯΤΕΙΑ
2407 1310 2621 1406 ΚΑΙ
2702 1309 3199 1407 ΑΓΩΝΕΣ

1326 1511 1463 1568 ΤΟΥ
1502 1510 1709 1567 ΟΣΙΟΥ
1750 1512 2023 1565 ΠΑΤΡΙΙΣ
2063 1507 2259 1562 ΗΜΩΝ
2301 1506 2425 1561 ΚΑΙ
2465 1505 2926 1560 ΟΜΟΛΟΓΗΤΟΥ

1585 1683 2657 1815 ΧΑΡΙΤΩΝΟΣ.

1002 2112 1265 2199 V’ITA
1344 2111 1486 2195 ET
1557 2104 2381 2195 CONVERSATIO
2455 2107 2596 2191 ET
2658 2104 3266 2194 CERTAMEN

1674 2288 1733 2343 S.
1775 2290 1838 2341 P.
1881 2288 1950 2341 N.
1992 2284 2082 2341 ET
2119 2284 2594 2340 CONFESSORIS

1640 2464 2645 2599 CHABITONIS

557 2704 765 2765 (Graece
799 2712 943 2749 nunc
979 2701 1210 2761 primum
1242 2695 1423 2760 prodit
1450 2710 1513 2746 ex
1544 2694 1662 2746 cod.
1707 2707 1809 2745 ms.
1845 2693 2012 2743 Paris.
2045 2706 2100 2743 ιι.
2138 2693 2292 2742 1523ε
2331 2694 2513 2744 Latine
2550 2694 2693 2757 apud
2738 2694 2952 2744 Surium
2991 2694 3054 2745 ad
3089 2694 3230 2744 diem
3257 2694 3321 2743 28
3348 2694 3729 2758 Septembris.)

519 3025 560 3079 Ι.
590 3021 771 3079 Multa
800 3023 940 3077 sunt
969 3018 1234 3091 exempla
1281 3017 1558 3074 doctrinis
1603 3030 1826 3083 eorum,
1857 3014 1958 3087 qui
1989 3013 2079 3070 vi-

2259 3014 2337 3069 Λ’.
2400 3012 2591 3070 Πολλὰ
2647 3021 2746 3084 τῆς
2794 3012 3147 3078 διδασκαλίας
3192 3020 3302 3070 τῶν
3370 3014 3429 3070 εὖ
3485 3014 3575 3070 καὶ
3610 3016 3681 3076 ὠς
3727 3022 3839 3087 Θεῷ

453 3121 569 3170 tam
614 3115 781 3181 bene,
808 3116 865 3169 et
910 3117 973 3166 ut
1015 3110 1131 3166 Deo
1180 3109 1384 3179 placet,
1435 3110 1723 3179 egerunt:
1765 3122 1834 3161 ex
1874 3104 2086 3176 quibus

452 3202 583 3258 licet
612 3202 684 3269 ei,
713 3200 809 3270 qui
840 3198 996 3267 velit,
1029 3214 1256 3254 servare
1287 3196 1525 3267 quidem
1558 3194 1770 3251 Christi
1804 3198 2087 3266 praecepta

451 3291 588 3347 totis
618 3288 856 3355 viribus,
891 3286 1144 3359 effugere
1172 3289 1365 3341 autem
1398 3283 1764 3351 oiIensiones,
1798 3298 1938 3354 quas
1971 3281 2083 3335 ini-

452 3380 640 3435 micus
685 3376 849 3449 ponit
877 3375 936 3430 in
978 3374 1090 3431 via.
1124 3374 1358 3444 Oportet
1401 3372 1555 3427 enim
1588 3370 1873 3427 revolvere
1905 3369 2087 3425 libros

452 3470 790 3523 sanctarum
825 3463 1282 3534 Scripturarum,
1315 3466 1374 3517 et
1403 3465 1681 3531 tanquam
1721 3474 1789 3514 ex
1819 3459 2086 3530 perenni-

459 3556 570 3611 bus
585 3552 930 3625 quibusdam
956 3550 1226 3619 fontibus,
1242 3549 1522 3607 virtutum
1537 3547 1787 3604 salutare
1802 3546 2086 3603 ﬂuentum

456 3642 615 3699 illinc
645 3641 901 3696 haurire.
935 3638 1258 3708 Utrumque
1292 3639 1446 3693 enim
1480 3641 1919 3702 testamentum,
1950 3636 2089 3691 doc-

456 3736 762 3798 torumque
792 3727 1071 3782 divinitus
1102 3725 1518 3795 inspiratorum
1551 3729 1609 3779 et
1648 3724 2088 3780 exercitatorum

452 3817 689 3888 scripta,
721 3814 1000 3879 oratione,
1041 3812 1221 3868 veluti
1270 3813 1519 3882 quadam
1571 3812 1789 3879 tabula,
1838 3811 2093 3867 ostendit

455 3906 551 3973 iis,
582 3904 678 3976 qui
719 3901 919 3958 volunt
957 3899 1180 3964 audire,
1213 3914 1303 3954 res
1348 3906 1496 3954 recte
1525 3902 1583 3953 et
1629 3915 1693 3954 ex
1742 3898 1952 3956 virtute
1991 3913 2090 3969 ge-

459 3999 581 4051 stas
612 3991 1080 4061 uniuscujusque
1109 3987 1313 4044 sancti.
1350 3987 1457 4043 Sed
1490 3987 1619 4043 licet
1649 3988 1740 4043 his
1770 3986 1943 4058 plena
1973 3987 2093 4043 sint

449 4099 538 4148 ea,
569 4096 696 4153 quae
745 4079 900 4135 dicta
948 4083 1102 4143 sunt,
1153 4076 1432 4147 quoniam
1476 4080 1669 4132 tamen
1717 4081 1857 4132 sunt
1896 4074 2092 4149 plures

450 4167 727 4226 imbecilli
778 4169 837 4222 et
894 4166 1152 4235 hebetes,
1212 4170 1270 4221 et
1329 4181 1477 4235 opus
1533 4164 1840 4233 habemus,
1892 4167 2091 4237 utpote

444 4258 599 4315 tardi
630 4257 885 4324 auribus,
915 4254 1138 4326 magnis
1168 4259 1225 4311 et
1269 4255 1561 4312 continuis
1602 4256 1760 4311 sonis
1790 4253 2090 4324 sermonis,

2190 3099 2348 3179 φίλον
2395 3099 2742 3178 βεϐιωκότων
2792 3105 2857 3159 τὰ
2898 3102 3296 3183 ὑποδείγματα,
3343 3105 3396 3176 ἐξ
3443 3104 3518 3160 ὧν
3554 3102 3708 3158 ’ἔνεστι
3753 3109 3829 3174 τῷ

2196 3190 2519 3265 βουλομένῳ
2574 3194 2669 3254 τὰς
2742 3195 2836 3266 μὲν
2888 3192 3112 3256 ἐντολάς
3169 3196 3313 3268 πάσῃ
3372 3191 3582 3265 δυνάμει
3643 3197 3818 3264 τηρεῖν

2190 3284 2286 3333 τοῦ
2332 3278 2586 3353 Χριστοῦ,
2634 3278 2937 3358 διαφεύγειν
2990 3281 3047 3338 δὲ
3108 3284 3239 3357 ἅπερ
3290 3284 3318 3339 ὁ
3375 3282 3568 3359 ἐχθρὸς
3605 3280 3834 3355 ἐχόμενα

2189 3364 2380 3442 τρίϐου
2446 3367 2721 3425 σκάνδαλα
2783 3371 2986 3441 τίθησι.
3053 3378 3144 3428 Δεῖ
3195 3373 3296 3448 γὰρ
3352 3373 3451 3434 τὰς
3525 3376 3627 3426 τῶν
3677 3372 3832 3444 ἰερῶν

2194 3462 2414 3535 Γραφῶν
2465 3457 2756 3515 ἂνελίττειν
2812 3456 3065 3535 βίϐλους,
3114 3461 3204 3516 καὶ
3250 3462 3369 3516 οἷον
3416 3458 3475 3516 ἔκ
3524 3480 3686 3514 τινων
3735 3479 3842 3528 πη-

2191 3551 2302 3621 γῶν
2358 3546 2589 3603 ἀεννάων
2638 3550 2908 3625 σωτήριον
2950 3548 3148 3605 ἐκεῖθεν
3196 3554 3301 3605 τῶν
3344 3550 3549 3623 ἀρετῶν
3597 3547 3839 3622 ἀρύεσθαι

2192 3640 2357 3709 νᾶμα.
2392 3637 2650 3713 Ἐκατέρα
2694 3659 2753 3694 τε
2799 3640 2899 3714 γὰρ
2950 3637 3208 3711 διαθήκη,
3238 3639 3328 3694 καὶ
3372 3635 3557 3711 μέντοι
3607 3636 3699 3691 καὶ
3737 3642 3839 3691 τῶν

2195 3724 2554 3787 θεοπνεύστων
2612 3723 2951 3783 διδασκάλων
3007 3747 3067 3782 τε
3121 3728 3210 3782 καί
3270 3727 3521 3797 ἀσκητῶν
3595 3726 3648 3779 αἱ
3715 3746 3837 3801 συγ·

2192 3812 2392 3892 γραφαὶ
2444 3816 2561 3868 οἷον
2610 3814 2794 3870 πίνακί
2848 3836 2954 3871 τινι
3010 3821 3087 3887 τῷ
3136 3813 3291 3891 λόγῳ
3337 3815 3404 3870 τὰ
3461 3815 3689 3869 ἑκάστου
3735 3817 3837 3867 τῶν

2193 3900 2359 3976 ἁγίων
2402 3907 2519 3964 τοῖς
2562 3901 2765 3958 ἐπαΐειν
2828 3904 3186 3979 βουλομένοις
3243 3901 3655 3960 ὑποδεικνύουσι
3714 3922 3833 3957 κατ-

2196 3990 2509 4064 ορθώματα.
2562 3990 2716 4047 Ἀλλ’
2747 3992 2797 4046 εἷ
2831 3992 2919 4047 καὶ
2949 3992 3154 4049 τούτων
3196 3991 3387 4067 πλήρη
3427 3991 3502 4060 ,τὰ
3549 3989 3829 4064 εἰρημένας

2197 4078 2371 4149 ὅμως,
2422 4078 2639 4155 ἐπείπερ
2692 4080 2931 4145 ἀσθενεῖς
2975 4082 3063 4139 καὶ
3110 4084 3299 4143 νωθεῖς
3343 4082 3397 4135 οἱ
3451 4079 3699 4149 πλείους,
3746 4079 3827 4133 καὶ

2197 4163 2427 4239 δεόμεθα
2481 4169 2721 4245 καθάπερ
2784 4170 2834 4224 οἱ
2894 4167 3111 4244 βραδεῖς
3159 4169 3226 4225 τὰ
3270 4168 3384 4224 ὦτα
3443 4166 3695 4243 μεγάλων
3746 4168 3826 4221 καὶ

2197 4261 2439 4335 συνεχῶν
2491 4262 2596 4313 τῶν
2633 4263 2729 4314 τοῦ
2778 4258 2948 4335 λόγου
2996 4260 3204 4339 ψόφων,
3249 4257 3323 4314 *ἶν’
3379 4257 3521 4313 οὕτω
3576 4258 3737 4331 μόλις
3770 4255 3824 4311 τὸ

449 4354 513 4402 ut
561 4347 643 4401 sic
689 4345 776 4401 vix
832 4345 1065 4401 tandem
1115 4344 1272 4400 auris
1323 4345 1571 4416 accipiat
1620 4345 1771 4415 quod
1832 4351 2083 4412 resonat,

2198 4342 2464 4419 ἐνηχηθὲν
2522 4348 2557 4416 ἡ
2614 4347 2751 4417 ἀκοὴ
2819 4346 3204 4422 παραδέξηται,
3275 4346 3386 4403 δεῖν
3452 4346 3705 4419 νενόμικα
3746 4346 3811 4416 μὴ

455 4440 719 4508 Oportere
767 4434 1089 4489 existimavi
1121 4450 1236 4488 non
1276 4433 1516 4487 omnino
1548 4434 1824 4488 mandare
1857 4433 2084 4489 silentio

448 4541 535 4592 ea,
585 4539 713 4595 quas
768 4526 906 4576 sunt
952 4521 1130 4592 digna
1177 4520 1477 4590 praedicari
1525 4536 1701 4591 super
1743 4521 1962 4589 domos,
2016 4522 2087 4577 de

448 4613 666 4682 divino,
713 4610 975 4681 inquam,
1020 4616 1073 4664 et
1128 4606 1299 4679 pleno
1340 4608 1529 4680 gratia
1586 4608 1913 4665 Charitone.
1942 4610 2083 4665 Nam

447 4702 555 4757 etsi
587 4717 691 4756 nos
722 4714 930 4755 sumus
952 4712 1155 4769 graves
1187 4698 1357 4753 corde
1389 4707 1623 4769 propter
1643 4697 1833 4754 cordis
1862 4700 1931 4754 ad
1974 4704 2085 4755 ter-

452 4807 593 4847 rena
621 4787 1081 4854 inclinationem,
1112 4787 1419 4857 diligentes
1464 4788 1798 4855 vanitatem,
1830 4796 1885 4843 et
1930 4804 2084 4859 qua:-

455 4884 645 4935 rentes
676 4876 1071 4943 mandacium,
1095 4879 1157 4930 ut
1188 4874 1585 4931 dicitdivinus
1616 4874 1791 4931 David
1819 4892 2086 4933 :verum-

451 4973 670 5034 tamen,
705 4966 852 5023 sicut
882 4964 1144 5037 quasdam
1190 4968 1375 5036 petra,
1406 4962 1647 5020 densam
1690 4969 1746 5020 et
1793 4967 2085 5022 assiduam

452 5054 778 5125 suscipiens
823 5053 976 5108 verbi
1028 5056 1280 5123 guttam,
1313 5052 1506 5107 anima
1555 5053 1807 5108 hominis
1839 5056 2089 5126 tangitur

452 5143 689 5200 omnino
720 5140 971 5212 quodam
1013 5140 1323 5206 desiderio,
1355 5144 1411 5196 et
1449 5141 1732 5197 excitatur
1761 5143 1831 5198 ad
1864 5144 2088 5200 excelso

454 5238 512 5290 et
559 5232 689 5288 forti
730 5231 924 5286 animo
957 5231 1256 5285 ferendum
1289 5246 1376 5297 ea,
1410 5247 1535 5301 quas
1579 5231 1764 5287 sancti
1796 5233 2090 5290 sustinue-

457 5324 595 5377 runt
622 5318 693 5373 ab
722 5317 1010 5384 hostibus,
1036 5322 1155 5373 tam
1187 5318 1289 5389 qui
1333 5319 1444 5374 sub
1476 5320 1817 5391 adspeetum
1849 5322 2085 5389 cadunt,

457 5421 631 5478 quam
664 5404 766 5475 qui
796 5420 911 5459 non
942 5405 1175 5459 cadunt.
1208 5405 1355 5462 Hinc
1385 5420 1519 5477 ergo
1550 5407 1849 5478 incipiam.

528 5494 599 5548 II.
630 5490 760 5545 Fuit
788 5492 1045 5561 quando,
1069 5490 1242 5546 veluti
1267 5495 1531 5564 quaedam
1554 5496 1771 5565 vertigo
1798 5499 1853 5551 et
1881 5497 2088 5571 caligo,

457 5584 726 5655 impietas
773 5581 976 5637 elfudit
1024 5580 1293 5640 tenebras
1323 5585 1597 5641 omnibus
1627 5588 1843 5644 sanctis
1871 5588 1974 5645 Dei
2003 5606 2092 5647 ec-

455 5668 672 5734 clesiis,
698 5670 753 5723 ct
778 5669 965 5725 instar
997 5666 1349 5737 gravissimae
1376 5673 1632 5741 procella
1656 5674 1943 5731 tumultus
1972 5693 2093 5747 per-

2195 4432 2451 4489 παντελεῖ
2513 4434 2843 4510 παραδοῦναι
2895 4440 3090 4509 ,σιωπῇ
3149 4458 3215 4491 τα
3266 4435 3353 4491 ἐπὶ
3412 4441 3519 4490 τῶν
3572 4432 3808 4505 δωμάτων

2194 4522 2545 4595 κήρῦττεσϐαι
2591 4524 2730 4594 ἄξια,
2788 4529 2883 4579 τοῦ
2932 4525 3074 4580 θείου
3142 4524 3285 4602 φημὶ
3344 4525 3433 4580 καὶ
3489 4526 3685 4595 μεστοῦ
3734 4541 3821 4598 χα-

2196 4609 2357 4684 ρίτων
2405 4612 2736 4684 Χαρίτωνος.
2778 4612 2843 4668 Ei’
2898 4614 3001 4688 γὰρ
3040 4614 3126 4667 καὶ
3174 4609 3506 4688 βαρυκάρδοι
3546 4614 3706 4684 ἡμεῖς
3745 4606 3825 4662 διὰ

2194 4700 2294 4768 τήν
2349 4700 2485 4775 πρὸς
2542 4700 2608 4755 τὰ
2665 4701 2827 4777 γήϊνα
2872 4709 2972 4771 τῆς
3022 4700 3242 4774 καρδίας
3296 4701 3470 4775 ῥοπὴν
3523 4699 3823 4774 ἀγαπῶντες

2199 4790 2555 4859 ματαιότητα,
2608 4791 2695 4844 καὶ
2730 4795 3019 4861 ζητοῦντες
3056 4788 3275 4865 ψεῦδος,
3316 4791 3390 4852 ὡς
3442 4790 3471 4843 ὁ
3511 4790 3651 4847 Θεῖος
3692 4784 3822 4859 λέγει

2197 4875 2357 4931 Annia
2447 4877 2573 4932 ἀλλ’
2628 4878 2687 4932 0*T
2924 4883 2932 4893 '
3286 4881 3304 4910 ι
3526 4878 3540 4896 ‘
3777 4876 3787 4888 '

2313 4918 2325 4931 υ
2366 4923 2378 4947 ,
2666 4900 2743 4947 δν,
2802 4891 3040 4955 καθαπερ
3096 4900 3177 4941 τις
3242 4900 3430 4954 πετρα,
3487 4898 3581 4933 τον
3638 4895 3822 4931 πυκνον

2196 4966 2285 5021 καὶ
2326 4965 2686 5023 ἁδιάπαυστον
2718 4973 2814 5023 τοῦ
2855 4967 3024 5043 λόγου
3068 4969 3382 5045 σταλαγμὸν
3429 4969 3464 5037 ἡ
3498 4971 3593 5022 τοῦ
3624 4964 3823 5038 ἀνθρώ·

2196 5077 2301 5112 που
2361 5055 2631 5132 δεχομένη
2682 5060 2834 5133 ψυχή
2886 5056 3185 5130 πλήττεται
3236 5058 3451 5120 πάντως
3501 5056 3658 5126 πόθῳ
3705 5052 3821 5122 τινὶ,

2197 5146 2286 5200 καὶ
2343 5149 2439 5200 τοῦ
2498 5145 2565 5200 τὰ
2625 5146 2761 5200 αὖτά
2811 5146 3071 5223 γενναίως
3121 5148 3427 5223 ὑπενεγκεῖν
3483 5142 3819 5209 διανίσταται,

2198 5236 2334 5307 ἅπερ
2389 5234 2442 5288 οἱ
2490 5232 2634 5308 ἅγιοι
2684 5235 2817 5308 πρὸς
2875 5239 2981 5290 τῶν
3041 5235 3285 5309 ἀοράτων
3353 5255 3412 5289 τε
3475 5233 3567 5287 καὶ
3630 5231 3820 5295 ὁρατῶν

2202 5323 2649 5396 ὓπομεμενήκασι
2703 5321 3006 5395 πολεμίων.
3057 5325 3329 5399 ’Ἃρξομαι
3396 5325 3526 5398 γοῦν
3580 5319 3822 5387 ἐντεῦθεν,

2272 5503 2347 5559 Β’.
2400 5504 2501 5555 Ἦν
2543 5498 2631 5555 ὅτε
2682 5502 2799 5555 οἶόν
2851 5521 2932 5563 τις
2984 5503 3315 5577 σκοτόμαινα
3366 5503 3394 5556 ὁ
3444 5507 3544 5571 τῆς
3601 5494 3824 5559 ἀσεϐείας

2203 5589 2363 5668 ζόφος
2448 5586 2679 5649 ἀπάσαις
2760 5594 2879 5651 ταῖς
2964 5594 3058 5644 τοῦ
3142 5594 3277 5645 Θεοῦ
3365 5588 3545 5663 ἁγίαις
3618 5584 3824 5642 ἐπεσκό-

2199 5698 2357 5748 τησεν
2406 5674 2743 5747 ἐκκλησίαις,
2785 5674 2876 5731 λαὶ
2927 5676 3164 5750 exi).an
3233 5675 3543 5747 τεινοτάτης
3613 5674 3759 5748 δίκην
3798 5676 3821 5729 ὁ
