4124 6270
269 389 384 452 901

1564 377 1743 440 VITA
1791 379 1855 440 S.
1902 377 2389 440 CHARITONIS.

3553 375 3672 438 902

267 561 381 611 τῶν
422 551 667 608 διωκτῶν
698 541 950 622 θόρυϐος.
991 543 1087 606 τάς
1129 543 1236 598 τῶν
1279 545 1487 597 πιστῶν
1532 538 1750 614 ἔτάραξε
1801 537 1917 594 δια-

2033 545 2378 608 secutorum,
2435 542 2658 598 mentes
2706 537 3075 596 conturbavit
3123 537 3407 605 ﬁdelium,
3450 541 3506 594 et
3553 553 3674 594 non

268 644 436 714 νοίας,
479 640 568 696 καὶ
624 637 861 710 καθάπερ
929 656 982 690 τι
1040 636 1186 706 κῦμα
1241 634 1276 700 ἡ
1343 631 1523 685 αὐτῶν
1565 629 1919 692 ἐπανάστασις

271 734 374 789 οὐκ
404 713 624 805 όλίγους
660 731 768 782 τῶν
803 725 1144 801 Χριστιανῶν
1186 724 1267 793 τῷ
1315 727 1416 789 τῆς
1474 713 1718 779 ἀσεϐείας
1771 718 1920 794 βυθῶ

272 817 647 876 γατεϐάπτισε.
698 820 808 885 Τῆς
866 815 970 891 γὰρ
1029 809 1318 883 Ῥωμαίων
1396 807 1673 884 βασιλείας
1739 808 1922 882 Αὐρη-

273 911 477 979 λιανὸς,
519 909 672 962 ὅτοῦ
728 905 939 959 Σατανᾶ
994 900 1239 973 θεράπων
1299 894 1504 971 κομιδῆ
1557 898 1803 973 γνήσιος,
1851 895 1918 951 τὰ

273 1006 522 1072 σκῆπτρα
551 993 994 1067 πεπιστευμένος,
1043 990 1110 1043 τὰ
1162 989 1256 1062 μὲν
1302 992 1514 1061 πρῶτα,
1575 986 1618 1041 εἰ
1677 984 1765 1040 καὶ
1806 989 1914 1040 τῶν

273 1088 519 1146 εἰδώλων
559 1086 766 1158 λάτρης
797 1082 1126 1158 θερμότατος
1157 1081 1246 1148 ἧν,
1280 1076 1406 1134 ἀλλ’
1446 1077 1538 1132 οῦν
1567 1096 1629 1153 γε
1658 1077 1914 1150 Χριστια-

271 1179 394 1240 νοὺς
424 1176 576 1232 οὐδὲν
608 1174 817 1230 ἐκώλυε
844 1172 935 1227 τὸν
987 1169 1169 1239 ἀληθῆ
1216 1166 1344 1222 Θεὸν
1389 1169 1728 1242 προσκυνεῖν·
1779 1167 1917 1235 εἶτα,

275 1267 378 1322 ὑπὸ
431 1270 538 1321 τῶν
597 1263 684 1318 ὑπ’
742 1261 908 1316 αὐτοῦ
964 1257 1404 1334 θεραπευομένων
1449 1252 1722 1327 δαιμόνων
1785 1255 1919 1309 ὑπο-

275 1351 524 1426 ϐληθεῖς,
555 1350 788 1412 ἅπαντας
845 1348 974 1413 τοὺς
1021 1347 1112 1402 τὸν
1171 1344 1412 1420 Χριστὸν
1469 1343 1600 1399 Θεόν
1650 1341 1919 1415 ἀνομολο·

269 1449 516 1522 γοῦντας,
548 1443 682 1516 μετά
725 1441 789 1496 τὸ
838 1437 1076 1499 πολλαῖς
1126 1437 1208 1491 ’ὁτι
1272 1432 1509 1506 μάλιστα
1557 1431 1647 1487 καὶ
1696 1436 1920 1506 πικραῖς

273 1519 475 1590 αἰκίσαι
524 1535 642 1592 ταῖς
674 1530 948 1605 βασάνοις,
999 1524 1262 1601 χαλεπῶς
1308 1524 1393 1577 γαὶ
1441 1525 1538 1577 τοῦ
1588 1525 1687 1594 ζῇν
1735 1519 1919 1591 ἀπήλ-

272 1624 479 1693 λαττεν,
532 1621 568 1690 ἤ
619 1621 759 1696 ξίφει
806 1619 1059 1692 ἀναιρῶν,
1121 1618 1155 1686 ἢ
1210 1611 1425 1687 θηρίοις
1484 1607 1836 1684 παραδιδοὺς,
1878 1607 1916 1680 ἥ

269 1714 423 1790 πυρὶ,
470 1709 506 1782 ἤ
547 1709 636 1765 καὶ
672 1706 1002 1785 βαρυτάτους
1041 1705 1230 1769 λίθους
1291 1701 1468 1757 αὐτῶν
1526 1699 1778 1774 ἐξαρτῶν,
1825 1699 1917 1754 καὶ

272 1805 417 1859 οὕτω
486 1800 762 1872 θαλασσίῳ
817 1795 1192 1871 παραπέμπων
1249 1793 1416 1868 βυθῷ.
1477 1792 1750 1849 Ἐντεῦθεν
1798 1792 1916 1846 καθ’

2029 648 2195 689 secus
2241 649 2308 689 ac
2357 632 2513 688 unda
2563 631 2854 703 quadam,
2887 643 3087 684 eorum
3135 628 3502 698 insurrectio,
3555 644 3671 683 non

2029 736 2241 793 paucos
2293 720 2652 777 Christianos
2727 718 2920 774 obruit
2979 718 3265 788 profundo
3331 716 3670 788 impietatis.

2026 811 2171 867 Cum
2203 809 2357 866 enim
2389 807 2758 872 Aurelianus,
2793 809 3007 861 satana:
3038 804 3202 860 valde
3231 819 3544 876 germanus
3571 804 3671 860 mi-

2027 899 2230 966 nister,
2273 898 2628 969 suscepisset
2678 899 2906 966 sceptra
2963 893 3189 963 imperii
3253 893 3672 959 Romanorum,

2027 989 2280 1062 primum
2321 987 2584 1060 quidem,
2624 985 2732 1040 etsi
2782 982 3222 1040 ardentissimus
3279 989 3432 1037 esset
3480 981 3672 1037 cultor

2027 1078 2500 1146 simulacrorum,
2531 1073 2894 1130 Christianos
2921 1077 3122 1128 tamen
3149 1070 3293 1125 nihil
3324 1071 3668 1143 prohibebat

2025 1183 2222 1223 verum
2255 1166 2436 1222 Deum
2467 1165 2727 1219 adorare.
2751 1161 2972 1217 Deinde
3001 1175 3134 1215 cum
3166 1159 3224 1214 id
3255 1159 3305 1215 ei
3336 1161 3669 1231 suggessis-

2028 1260 2177 1321 sent,
2211 1254 2311 1326 qui
2343 1254 2413 1308 ab
2454 1268 2520 1308 eo
2564 1250 2926 1314 colebantur,
2959 1249 3273 1316 daamones,
3305 1262 3532 1316 omnes,
3563 1248 3666 1318 qui

2027 1343 2315 1398 Christum
2335 1341 2516 1396 Deum
2536 1338 2976 1405 conﬁtebantur,
2994 1339 3304 1408 postquam
3324 1334 3590 1406 plurimis
3612 1343 3668 1392 et

2030 1428 2418 1487 acerbissimis
2442 1426 2713 1483 aﬂ'eccrat
2733 1422 3058 1495 suppliciis,
3081 1422 3330 1495 graviter
3350 1422 3524 1478 etiam
3550 1422 3666 1478 vita

2029 1519 2312 1590 privabat,
2344 1519 2445 1573 aut
2474 1530 2609 1570 ense
2638 1513 3005 1578 interimens,
3033 1515 3136 1567 aut
3171 1511 3408 1566 tradens
3439 1510 3665 1577 bestiis,

2027 1609 2128 1663 aut
2178 1605 2323 1678 igni,
2382 1611 2480 1660 aut
2525 1602 2701 1659 etiam
2757 1599 3132 1674 gravissimos
3189 1597 3273 1655 eis
3327 1600 3666 1672 appendens

2027 1695 2266 1766 lapides,
2295 1696 2353 1749 et
2380 1692 2440 1747 in
2483 1691 2662 1748 maris
2707 1689 2790 1745 sic
2839 1687 3188 1761 profundum
3235 1686 3663 1742 transmittens.

2027 1783 2244 1840 Deinde
2274 1782 2333 1837 in
2368 1794 2714 1852 unaquaque
2743 1776 2974 1834 civitate
3003 1779 3060 1832 et
3087 1775 3342 1846 regione,
3374 1790 3502 1846 qua:
3534 1775 3665 1844 ejus

271 1893 500 1962 ἑκάστην
528 1889 688 1946 πόλιν
719 1887 808 1943 καὶ
860 1887 1044 1962 χώραν
1086 1881 1330 1951 ὑποτελῆ
1377 1881 1556 1962 τούτῳ
1605 1877 1913 1959 τυγχάνουο

2033 1872 2270 1946 parebat
2296 1869 2560 1942 imperio,
2591 1867 2652 1923 in
2683 1867 2804 1923 foro
2833 1866 3082 1935 impium
3133 1878 3461 1934 proponens
3508 1862 3666 1918 edic-

274 2003 365 2037 σαν
439 1980 503 2036 τὸ
576 1973 762 2040 ἀσεϐὲς
838 1976 918 2031 ἐπ’
994 1974 1190 2048 ἀγορᾶς
1266 1970 1542 2046 προτιθεὶς
1619 1965 1910 2045 διάταγμα,

273 2069 483 2144 σπουδῇ
523 2067 753 2144 παρῄνει
807 2069 876 2120 τά
940 2057 1335 2136 κεκελευσμέναι
1397 2063 1597 2115 ποιεῖν.
1656 2059 1758 2114 Ἦν
1820 2055 1910 2113 οῦν

273 2157 404 2214 ἰδεῖν
459 2158 698 2231 καθάπερ
738 2154 921 2209 λύκων
977 2151 1169 2225 ἐσμοῦ,
1231 2147 1450 2224 μεγάλῳ
1507 2146 1913 2209 ἐπεισελθόντας

267 2247 531 2320 ποιμνίῳ,
589 2247 655 2300 τὰ
709 2249 806 2299 τοῦ
869 2242 1137 2313 ἀληθινοῦ
1197 2238 1460 2313 Ποιμένος
1513 2233 1646 2310 τῇδε
1701 2239 1916 2290 κακεῖσε

269 2333 686 2410 διασπειρόμενα
742 2332 1052 2407 θρέμματα.
1111 2331 1272 2386 Ὅσοι
1332 2328 1427 2401 μὲν
1482 2326 1589 2400 γὰρ
1640 2325 1704 2379 τὸ
1761 2320 1913 2380 ἄθεον

266 2423 440 2480 ἐκεῖνο
553 2419 795 2496 δημοσίᾳ
894 2416 1314 2494 προτεθειμένον
1418 2413 1913 2488 προανεγνώκεισαν

266 2514 624 2588 πρόγραμμα,
655 2511 707 2566 οἱ
755 2510 849 2582 μὶν
902 2504 1130 2583 δρασμῷ
1178 2504 1524 2580 χρησάμενοι
1572 2502 1813 2576 ᾤχοντο,
1863 2501 1916 2554 oi

270 2600 350 2671 δὲ,
419 2604 620 2679 μυχοῖς
687 2598 751 2654 τὸ
814 2596 1078 2673 πρότερον
1153 2592 1590 2679 ἐγκλεισάμενοι,
1659 2588 1762 2679 εἶθ’
1811 2588 1914 2643 ὑπὸ

270 2691 434 2746 νύκτα
475 2675 963 2762 διαδιδράσκουσιψ
1008 2685 1061 2739 o't
1111 2679 1190 2753 δὶ,
1246 2681 1458 2756 ἀθρόως
1509 2677 1559 2752 ἐξ
1612 2678 1780 2748 αὐτῆς
1829 2675 1915 2731 oi-

275 2780 394 2843 κίας
423 2777 860 2854 κατασχεθέντες,
892 2773 980 2829 ἐπὶ
1008 2774 1072 2828 τὸ
1106 2771 1484 2843 δεσμωτήριον
1529 2769 1749 2844 ἤγοντο·
1799 2763 1914 2820 ’ἐτε-

280 2891 361 2945 ροι
395 2866 476 2936 δὲ,
529 2853 670 2940 μηδὲ
719 2863 812 2925 τάς
880 2861 1102 2935 πρώτας
1170 2857 1546 2929 ὑπομείναντες
1603 2853 1914 2928 ἐρωτήσεις,

275 2940 372 3036 ipsa
413 2952 769 3028 ψυχοφθόρου
817 2947 1091 3008 ἀπωλείας
1143 2949 1156 3004 ι
1216 2945 1437 3006 ἑαυτοὺς
1494 2940 1792 3016 ἐνεγκόντες
1850 2944 1920 3014 τῇ

275 3029 456 3117 πλάνῃ
506 3038 1004 3104 κατεδουλώσαντο,
1062 3034 1154 3090 τὸν
1211 3036 1300 3087 νῦν
1360 3031 1732 3108 ἀγαπήσαντες
1788 3029 1924 3083 κατά

276 3133 366 3186 τὸν
397 3115 583 3201 Δήημᾶν
625 3126 817 3192 αἰῶνα,
847 3124 936 3181 καί
968 3123 1202 3199 Χριστὸν
1244 3119 1366 3176 ἄνευ
1428 3115 1693 3175 κινδύνων
1732 3117 1924 3190 ἐξομο-
1951 3149 2002 3216 C

277 3219 522 3294 σάμενοι·
561 3217 746 3284 ἃλλοι,
786 3219 866 3288 τῷ
921 3219 1021 3282 τῆς
1081 3205 1322 3271 ἀσεϐείας
1377 3207 1530 3280 ζήλῳ
1584 3206 1680 3268 τάς
1738 3206 1922 3280 ψυχὰς

276 3307 699 3383 ἐπιῤῥώσαντες,
765 3304 921 3359 ποσὶν
1004 3301 1332 3373 αὐτομάτοις
1395 3298 1782 3372 προσήρχοντο
1847 3296 1928 3365 τῷ

277 3397 572 3468 δικάζοντι,
600 3393 820 3468 ’ἕτοιμοι
851 3391 1100 3467 λέγοντες
1150 3390 1284 3445 εἶναι
1331 3387 1505 3449 πάσας
1555 3405 1614 3439 τε
1665 3383 1926 3460 βασάνους

279 3489 585 3561 ὑπενεγκεῖν
626 3485 714 3540 καὶ
758 3483 901 3539 οὕτω
955 3484 1054 3536 τοῦ
1114 3483 1208 3553 ζῇν
1268 3477 1460 3552 βιαίως
1521 3471 1846 3544 ὑπεξελθεῖν,
1887 3468 1924 3540 ἥ

275 3585 375 3648 τῆς
406 3577 479 3639 εἷς
515 3575 741 3650 Χριστὸν
773 3573 1006 3633 πίστεως
1035 3569 1296 3625 ἐκπεσεῖν.

349 3667 422 3724 Γ’,
469 3661 607 3721 Τότε
657 3660 723 3730 δὴ
776 3661 900 3715 τότε
949 3658 1042 3713 καὶ
1098 3656 1234 3710 κατά
1284 3653 1382 3721 τήν
1439 3648 1701 3705 Ἰκονιέων
1761 3645 1924 3702 πὸλῐν

279 3760 380 3822 τῆς
413 3751 700 3806 Λυκαόνων
751 3747 1020 3821 ἐπαρχίας
1082 3747 1180 3799 τοῦ
1233 3737 1451 3796 τοιοῦδε
1509 3735 1925 3814 διαγγελθέντος

283 3841 724 3917 προστάγματοςο
792 3836 915 3906 ἥτις
999 3833 1089 3888 καὶ
1155 3829 1348 3906 πατρὶς
1432 3827 1743 3902 Χαρίτωνος
1835 3827 1924 3896 ἦν,

283 3911 472 3998 ἐπειδή
511 3911 650 3990 ’ταῖς
688 3931 784 3982 τοῦ
845 3929 1107 3997 Σωτῆρος
1164 3917 1411 3980 ἐντολαῖς
1471 3918 1499 3970 ὁ
1559 3915 1727 3989 μέγας
1767 3911 1924 3973 οὗτος

283 4017 788 4093 περιλαμπόμενος,
847 4007 1175 4086 περιϐόητος
1234 4003 1425 4062 ἅπασιν
1486 4003 1768 4081 ἐτύγχανεν
1827 3999 1924 4072 ὢν,

283 4109 624 4182 ἀνάρπαστος
655 4103 811 4168 εὐθὺς
841 4101 930 4158 ἐπὶ
969 4101 1029 4156 τὸ
1068 4101 1164 4154 τοῦ
1202 4090 1428 4157 ἀσεϐοῦς
1484 4091 1753 4171 ἄρχοντος
1801 4089 1924 4164 ἄγε·

281 4181 579 4270 ταιβῆμα.
613 4192 786 4250 Ἀλλά
818 4191 1133 4262 ἀκούσωμεν
1170 4188 1261 4241 οἷα
1292 4183 1641 4270 ἐρωτώμενος
1692 4181 1720 4234 ὁ
1753 4181 1925 4270 ἅγιος,

283 4287 373 4341 οἷα
406 4264 549 4358 ’μετά
613 4279 917 4358 παρρησίας
969 4275 1282 4351 ἐφθέγγετο.
1331 4273 1400 4328 Τί
1455 4267 1547 4358 οῦν
1589 4264 1927 4358 ὁῇἡγεμώη

281 4392 546 4448 προτερον
608 4369 660 4425 τί
693 4352 893 4441 ’δνομα
949 4365 1097 4435 αύτῷ
1149 4360 1395 4433 διηρώτα
1441 4356 1532 4411 καὶ
1590 4352 1672 4415 τίς
1719 4355 1753 4422 ἠ
1803 4354 1931 4428 θρη-

2021 1966 2173 2029 tum,
2204 1957 2549 2016 hortabatur
2597 1955 2906 2027 diligenter
2943 1951 3180 2024 exsequi
3209 1967 3298 2020 ea,
3332 1967 3458 2023 quae
3499 1951 3665 2020 jussa

2021 2050 2270 2106 fuerant.
2304 2046 2540 2103 Licebat
2582 2059 2718 2116 ergo
2766 2044 2979 2111 videre,
3006 2040 3244 2113 perinde
3274 2054 3340 2096 ac
3369 2039 3421 2095 si
3449 2053 3664 2111 agmen

2022 2139 2296 2211 luporum
2325 2136 2385 2191 in
2418 2149 2695 2207 magnum
2727 2146 2961 2204 gregem
2993 2129 3282 2193 irruisset,
3316 2126 3433 2184 veri
3463 2131 3664 2200 pasto-

2023 2227 2105 2283 ris
2160 2240 2292 2282 oves
2333 2223 2448 2279 huc
2497 2229 2550 2278 et
2591 2219 2731 2276 illuc
2775 2217 3054 2290 dispergi.
3105 2216 3446 2287 Quicunque
3500 2215 3660 2271 enim

2023 2315 2168 2371 illud
2206 2313 2452 2384 impium
2500 2308 2730 2382 publice
2779 2306 3140 2379 propositum
3189 2303 3445 2360 edictum
3495 2304 3660 2375 prius

2023 2403 2304 2476 legerant,
2345 2399 2442 2457 alii
2493 2398 2727 2470 quidem
2777 2396 2914 2467 fuga
2957 2393 3070 2450 sibi
3107 2391 3530 2449 consulebant:
3561 2390 3661 2446 alii

2023 2500 2210 2549 autem
2241 2490 2404 2563 prius
2435 2485 2645 2546 inclusi
2677 2483 3095 2558 penetralibus,
3127 2481 3334 2540 deinde
3371 2482 3483 2539 sub
3520 2496 3666 2538 noc-

2028 2585 2140 2637 tem
2189 2577 2583 2651 effugiebant:
2617 2573 2714 2631 alii
2760 2589 2894 2630 vero
2942 2574 3178 2643 repente
3217 2570 3279 2627 in
3319 2571 3446 2643 ipsa
3491 2571 3665 2626 domo

2026 2665 2432 2739 comprehensi
2481 2663 2845 2719 ducebantur
2873 2660 2931 2715 in
2958 2675 3282 2716 carcerem:
3316 2658 3414 2715 alii
3447 2661 3665 2726 autem,

2029 2773 2164 2813 cum
2196 2770 2301 2811 nec
2330 2754 2555 2826 primas
2585 2750 2822 2823 quidem
2871 2747 3297 2804 sustinuissent
3343 2747 3670 2818 interroga-

2027 2844 2215 2900 tiones
2261 2844 2338 2915 (ο,
2389 2841 2486 2914 qui
2547 2839 2802 2896 animam
2864 2836 3072 2910 perdit,
3104 2835 3451 2908 interitum),
3492 2834 3671 2891 errori

2033 2933 2252 3001 seipsos
2280 2929 2721 3001 mancipabant,
2751 2927 2904 2999 quod
2936 2941 3092 2980 nunc
3121 2929 3230 2993 est,
3263 2925 3310 2979 si
3347 2927 3410 2979 ut
3441 2928 3672 2993 Demas,

2032 3019 2309 3076 saeculum
2367 3017 2696 3090 diligentes,
2745 3021 2803 3071 et
2863 3014 3158 3071 Christum
3217 3012 3343 3069 sine
3400 3012 3673 3085 periculis

2033 3108 2404 3179 abjurantes:
2440 3105 2538 3160 alii
2586 3121 2722 3160 cum
2763 3102 2879 3159 zelo
2909 3101 3143 3174 pietatis
3187 3100 3410 3156 animas
3458 3100 3675 3155 confir-

2039 3198 2321 3262 massent,
2336 3194 2403 3248 ad
2417 3192 2676 3263 judicem
2695 3207 2796 3246 sua
2813 3197 3016 3262 sponte
3037 3189 3410 3256 accedebant,
3424 3187 3676 3243 dicentes

2038 3300 2101 3340 se
2130 3297 2257 3339 esse
2289 3286 2519 3354 paratos
2551 3281 2622 3335 ad
2653 3279 2845 3334 omnia
2892 3277 3127 3333 ferenda
3171 3281 3475 3344 tormenta,
3508 3282 3559 3331 et
3591 3277 3675 3331 sio

2037 3389 2140 3447 per
2193 3371 2305 3427 vim
2354 3370 2472 3426 vita
2527 3368 2800 3426 excedere
2870 3364 3063 3438 potius
3119 3380 3296 3435 quam
3355 3380 3388 3419 a
3446 3364 3557 3420 ﬁde
3612 3364 3674 3420 in

2037 3461 2326 3520 Christum
2357 3459 2639 3517 excidere.

2109 3639 2206 3695 IlI.
2236 3640 2420 3706 Tunc,
2455 3642 2587 3691 tunc
2617 3635 2792 3691 etiam
2826 3634 2884 3689 in
2925 3633 3154 3690 civitate
3208 3634 3490 3691 tconiensi
3539 3652 3676 3708 pro—

2033 3727 2235 3785 vinciae
2266 3726 2553 3799 Lycaonia
2585 3725 2692 3780 hoc
2741 3723 3083 3780 annuntiato
3129 3724 3338 3793 edicto,
3370 3741 3494 3796 quae
3539 3727 3670 3797 qui-

2036 3821 2166 3875 dem
2223 3819 2346 3871 erat
2403 3813 2590 3886 patria
2639 3813 2984 3880 Charitonis,
3036 3811 3311 3883 quoniam
3382 3815 3672 3871 mandatis

2033 3901 2342 3959 Salvatoris
2374 3899 2468 3956 hic
2497 3899 2584 3955 vir
2614 3914 2864 3971 magnus
2911 3897 3298 3966 illuminatus,
3331 3899 3524 3956 clarus
3553 3907 3675 3956 erat

2035 3991 2188 4062 apud
2220 4003 2445 4056 omnes,
2483 3991 2751 4058 arreptus
2799 3986 2994 4042 statim
3046 3987 3274 4042 ducitur
3314 3988 3387 4043 ad
3415 3986 3674 4043 tribunal

2036 4078 2200 4150 impii
2233 4077 2520 4150 praesidis.
2553 4075 2668 4132 Sed
2694 4075 3015 4144 audiamus,
3049 4091 3179 4130 cum
3228 4080 3448 4146 quanta
3488 4076 3677 4131 inter-

2037 4181 2272 4242 rogatus
2321 4171 2564 4222 Sanctus
2633 4165 2980 4235 loquebatur
3042 4163 3274 4219 fiducia.
3337 4164 3481 4228 Quid
3539 4179 3676 4236 ergo

2039 4258 2300 4330 presse?
2333 4253 2494 4309 Prius
2543 4251 2941 4322 interrogavit,
2974 4251 3120 4322 quod
3175 4257 3324 4306 esset
3355 4252 3407 4307 ei
3437 4267 3674 4321 nomen,

2039 4350 2094 4403 et
2123 4361 2248 4417 qua)
2286 4342 2508 4415 religio.
2543 4345 2855 4411 Postquam
2888 4344 3081 4394 autem
3122 4355 3248 4394 esse
3279 4339 3674 4398 Christianum

282 4428 557 4521 σάείασιὼς
609 4457 666 4512 δὲ
706 4428 1030 4531 Χριστιανὸν
1078 4451 1239 4514 εἶναι,
1285 4445 1373 4501 καὶ
1411 4443 1479 4499 τὰ
1518 4447 1708 4515 πρῶτα
1754 4442 1921 4518 φέρειν

2041 4432 2348 4499 intellexit,
2381 4436 2438 4486 et
2480 4429 2700 4503 primas
2747 4428 3004 4484 obtinere
3055 4432 3248 4498 partes
3297 4428 3355 4483 in
3405 4428 3672 4485 civitate:

285 4557 385 4618 τῆς
417 4545 712 4622 εἰρημένης
742 4528 1004 4613 ἐμάνθανε
1046 4535 1282 4596 πόλεως.
1327 4533 1394 4589 Τί
1424 4528 1651 4602 δήποτε,
1686 4528 1730 4582 ὦ
1780 4529 1928 4598 οῦτο,

286 4632 412 4714 ἔφη,
452 4638 568 4695 ταῖς
615 4636 712 4686 τοῦ
777 4626 1061 4704 κρατίστου
1125 4619 1393 4699 βασιλέως
1442 4615 1930 4695 ἀναφθεγγόμενος

288 4705 512 4800 ψ’ήφοις,
557 4726 672 4783 τοῖς
706 4715 991 4778 ἀθανάτοις
1045 4715 1189 4768 θύειν
1240 4708 1438 4781 ἥκιστα
1497 4705 1686 4783 βούλει
1744 4707 1928 4774 θεοῖς;

288 4797 511 4880 Ἐπειδῆ
547 4809 606 4865 οὐ
640 4809 775 4878 θεοὶ,
808 4806 852 4860 ὦ
889 4803 1133 4870 ὑπατικὶ,
1165 4803 1218 4857 oi
1257 4799 1369 4855 θεοὶ
1425 4799 1600 4871 ὑμῶν,
1633 4797 1660 4850 ὁ
1690 4799 1930 4869 γενναῖος

294 4902 500 4977 μάρτυς
547 4902 644 4954 τοῦ
711 4899 942 4969 Χριστοῦ
1008 4891 1348 4966 ἀπεκρίνατο,
1407 4884 1659 4959 δαιμόνια
1717 4880 1774 4939 δὲ
1828 4903 1932 4938 πο-

285 4973 445 5062 νηρὰ,
478 4990 552 5049 ὡς
584 4987 674 5042 καὶ
723 4987 792 5040 τά
851 4985 969 5038 θεῖά
1025 5002 1157 5060 φησι
1220 4981 1403 5053 λόγια,
1459 4975 1541 5032 ὅτι
1602 4973 1802 5036 Πάντες
1878 4973 1930 5027 οἱ

285 5060 395 5136 θεοὶ
422 5083 530 5134 τῶν
565 5077 727 5132 ἐθνῶν
763 5071 1041 5145 δαιμόνια,
1088 5072 1116 5126 ὁ
1156 5068 1213 5124 δὲ
1256 5069 1457 5142 Κύριος
1501 5064 1628 5125 τοὺς
1673 5060 1930 5138 οὐρανοὺς

285 5169 528 5238 ἐποίησε.
561 5164 661 5219 Καὶ
693 5161 935 5236 ἑτέρωθι.
985 5157 1131 5226 Θεοὶ,
1181 5157 1235 5212 οἳ
1279 5157 1369 5212 τὸν
1418 5154 1648 5228 οὐρανόν
1692 5153 1782 5207 καὶ
1828 5153 1928 5220 τήν

284 5263 390 5337 γῆν
422 5255 524 5311 οὐκ
554 5254 838 5322 ἐποίησαν,
888 5247 1292 5304 ἀπολέσθωσαν.
1341 5242 1505 5302 Αὐτοὶ
1552 5241 1728 5297 τοίνυν
1768 5240 1928 5313 ὑμᾶς,

281 5328 409 5408 τοὺς
447 5345 523 5418 μὴ
572 5339 967 5414 δοκιμάζοντας
1024 5335 1116 5390 τὸν
1177 5333 1326 5404 Θεόν,
1476 5350 1637 5410 φησιν
1683 5329 1712 5383 ὁ
1759 5328 1927 5383 Ἀπό-

283 5435 502 5502 στολος,
554 5427 698 5508 ἔχειν
756 5428 807 5484 ἐν
859 5427 1163 5502 ἐπιγνώσει,
1211 5422 1452 5487 πείθουσι
1505 5418 1656 5484 θεοὺς
1702 5417 1929 5476 τούτους

282 5530 533 5604 ἡγεῖσθαι
595 5524 742 5580 δυοῖν
781 5522 963 5597 χάριν,
1008 5517 1082 5572 ’ἶν’
1134 5515 1283 5572 αύττὶ
1340 5515 1432 5588 μὲν
1473 5517 1542 5586 τῇ
1587 5510 1930 5584 προσηγορίᾳ

281 5598 454 5690 ταύτῃ
488 5613 814 5684 δοξάζοιντο·
867 5607 1092 5679 ἥδονται
1139 5607 1263 5682 γὰρ,
1308 5606 1397 5658 ἅτε
1447 5601 1680 5676 πλήρεις
1729 5598 1930 5666 ἀλαζο-

283 5705 422 5766 νείας
470 5699 638 5771 ὄντες,
690 5703 762 5762 ὡς
814 5700 924 5755 θεοὶ
972 5697 1295 5771 τιμώμενον
1354 5692 1493 5766 ὑμᾶς
1536 5687 1613 5759 δὲ,
1656 5687 1750 5750 οὓς
1783 5689 1927 5758 ἠπασ

2040 4526 2244 4590 Quare,
2293 4519 2504 4592 inquit,
2545 4535 2579 4575 o
2627 4522 2712 4585 tu,
2763 4516 3061 4573 sententiae
3114 4533 3178 4572 ac
3229 4517 3456 4573 decreto
3501 4532 3676 4589 repu-

2040 4631 2228 4688 gnans
2269 4611 2651 4684 imperatoris,
2685 4609 2928 4666 minime
2953 4609 3038 4665 vis
3068 4609 3392 4665 sacrificare
3421 4609 3534 4664 diis
3564 4608 3678 4664 im—

2039 4701 2424 4760 mortalibus?
2451 4698 2734 4763 Quoniam
2785 4712 2901 4752 non
2950 4700 3088 4751 sunt
3133 4696 3234 4765 dii,
3263 4713 3295 4750 o
3327 4695 3675 4763 consularis,

2039 4790 2212 4847 vestri
2243 4789 2345 4860 dii,
2378 4787 2674 4858 respondit
2705 4800 3020 4858 generosus
3060 4783 3266 4838 Christi
3298 4788 3538 4855 martyr,
3573 4784 3675 4838 sed

2039 4879 2190 4936 mala
2233 4878 2540 4944 daemonia,
2573 4875 2724 4930 sicut
2755 4873 2952 4930 dicunt
2999 4871 3194 4927 divina
3242 4870 3509 4941 eloquia:
3543 4871 3678 4926 Om-

2039 4984 2142 5026 nes
2173 4967 2252 5022 dii
2284 4965 2546 5038 gentium
2586 4961 2888 5030 daemonia,
2923 4961 3202 5016 Dominus
3255 4963 3450 5014 autem
3501 4958 3676 5016 caelos

2041 5057 2192 5114 fecit.
2226 5055 2296 5111 Et
2323 5053 2496 5110 alibi:
2530 5052 2640 5119 Dii,
2675 5049 2774 5123 qui
2806 5049 3017 5106 coelum
3049 5053 3106 5102 et
3135 5051 3344 5102 terram
3373 5063 3490 5103 non
3525 5048 3676 5102 fece-

2039 5147 2192 5215 runt,
2225 5146 2480 5216 pereant.
2515 5141 2633 5214 Ipsi
2689 5155 2820 5211 ergo
2876 5137 3061 5204 vobis,
3093 5136 3189 5208 qui
3247 5151 3361 5190 non
3419 5135 3674 5207 probatis

2038 5234 2243 5303 Deum,
2277 5236 2341 5287 ut
2368 5233 2449 5288 ait
2492 5229 2818 5302 Apostolus,
2849 5225 3063 5282 habere
3093 5224 3153 5280 in
3185 5224 3498 5296 agnitione,
3545 5241 3675 5296 per-

2038 5323 2288 5380 suadent
2333 5337 2431 5376 eos
2479 5322 2616 5374 deos
2663 5316 2991 5373 existimare
3048 5315 3276 5370 duabus
3332 5314 3402 5370 de
3455 5313 3670 5383 causis,

2041 5427 2247 5483 nempe
2279 5414 2340 5466 ut
2381 5408 2493 5480 ipsi
2537 5406 2769 5478 quidem
2819 5404 3216 5477 glorificentur
3255 5403 3366 5459 hac
3413 5402 3672 5476 appella-

2037 5499 2216 5567 tione,
2250 5497 2528 5570 (gaudent
2549 5493 2723 5562 enim,
2757 5497 2821 5549 ut
2854 5493 2954 5564 qui
2987 5491 3105 5548 sint
3135 5491 3284 5563 pleni
3315 5491 3667 5564 arrogantia,

2038 5607 2104 5646 se
2134 5595 2410 5660 tanquam
2443 5589 2581 5642 deos
2613 5585 2921 5658 honorari),
2948 5602 3048 5641 vos
3080 5591 3295 5652 autem,
3321 5599 3468 5655 quos
3499 5583 3666 5637 dece-

2042 5685 2269 5750 perunt,
2302 5676 2592 5733 atlrahant
2621 5675 2676 5731 in
2711 5675 2820 5732 sibi
2851 5675 3118 5730 daratum
3154 5674 3370 5745 ignem,
3402 5671 3499 5742 qui
3550 5683 3680 5724 non'
