4124 6270
466 368 582 433 903

470 528 883 602 exstinguitur.
908 525 1125 581 Prmees
1154 514 1331 574 dixit:
1356 514 1439 586 Op

470 591 734 693 ξηαπ-ἱ,ιᾷ
758 614 1026 689 protinus
1056 608 1161 665 tibi
1191 605 1460 661 ultimum
1492 598 1706 654 inferre
1724 591 2107 693 supplicium,

471 681 568 778 qui
613 681 724 763 diis
759 681 1262 771 omnipotentibus
1292 693 1368 747 ita
1400 686 1808 745 insultaveris:
1842 681 2109 778 sed-quo-

473 799 625 853 niam
657 795 698 849 ii
728 802 862 848 sunt
910 786 1139 859 placidi,
1170 789 1228 839 et
1256 783 1324 837 ad
1368 782 1506 835 iram
1542 793 1654 833 non
1689 784 1979 846 propenSI,
2010 781 2109 859 eos

472 901 576 956 ego
620 897 853 954 quoque
879 857 939 932 in
971 872 1276 948 praesentia
1318 870 1576 934 imitans,
1622 876 1890 933 suggero,
1922 863 1987 913 ut
2017 857 2107 956 fa.-

473 947 593 1027 cias
638 947 723 1036 id,
756 947 910 1039 quod
961 947 1069 1019 tibi
1117 959 1412 1018 conducit.
1452 954 1602 1013 Illud
1651 951 1992 1039 autemest,
2024 947 2110 1011 ut,

473 1060 663 1131 longis
694 1035 909 1112 relictis
940 1050 1325 1115 orationibus,
1356 1046 1470 1101 diis
1499 1044 1707 1100 oil‘eras
1738 1035 2108 1095 sacriﬁcium.

473 1128 749 1205 Sic—enim
778 1144 883 1201 tibi
914 1140 1102 1198 licebit
1130 1138 1365 1196 laudem
1414 1148 1614 1206 parare
1645 1147 1712 1187 ex
1741 1128 2109 1199 imperatore.

548 1404 643 1458 IV.
672 1398 777 1456 Sin
824 1396 865 1452 ii
921 1393 1158 1466 quidem
1208 1391 1351 1446 sunt
1395 1387 1517 1443 hinc
1564 1383 1743 1440 surda
1789 1382 1847 1436 et
1894 1374 2113 1439 inania,

478 1487 781 1559 respondit
835 1483 1049 1539 Christi
1108 1496 1330 1546 servus,
1369 1492 1485 1531 non
1534 1476 1683 1529 recte
1730 1470 1890 1535 facis,
1923 1483 1955 1522 ο
1986 1481 2118 1521 con-

478 1556 715 1645 sularis,
749 1574 945 1630 leviter
974 1572 1163 1627 ferens
1192 1583 1311 1633 eas,
1352 1564 1567 1636 quibus
1614 1558 1900 1615 aﬂicimus
1936 1556 2115 1626 ipsos,

481 1662 885 1723 contumelias.
920 1660 1021 1715 Sin
1054 1662 1250 1713 autem
1285 1670 1401 1710 non
1432 1654 1569 1707 sunt
1596 1649 1698 1713 dii,
1729 1647 1878 1702 sicut
1924 1657 2120 1698 revera

480 1769 597 1810 non
629 1761 781 1819 sunt,
814 1753 1030 1805 temere
1080 1743 1348 1807 minaris,
1379 1745 1434 1797 et
1465 1744 1519 1795 te
1567 1738 1861 1807 incassum
1918 1731 2119 1802 inique

1757 334 2042 398 MENSIS
2090 323 2572 392 SEPTEMBER.

3776 317 3925 377 904

1445 509 1656 567 orteret
1684 503 1921 578 quidem
1954 496 2107 555 indi-

2233 492 2463 562 τήκασιν,
2495 485 2571 546 εἰς
2600 484 2661 539 τὸ
2710 481 3117 556 ἡτοιμασμένον
3160 480 3348 545 αὒτοῖς
3394 476 3663 540 ἄσϐεστον
3716 480 3920 538 ὲ).κῦ-

2216 580 2502 649 σωσιπῦρ.
2552 575 2608 629 Ὀ
2639 571 2864 648 ἡγεμὼν
2917 566 3042 649 ἔφη·
3094 570 3426 649 ’Δσχαλλειν
3482 575 3577 645 μὲν
3630 567 3748 628 ἔδει
3803 572 3915 628 καί

2212 670 2311 738 τὴν
2375 665 2613 739 ἐσχάτην
2675 662 2827 724 εὐθὺς
2886 660 3102 735 ἐπάγειν
3152 683 3236 717 σοι
3287 662 3581 738 τιμωρίαν,
3625 661 3713 726 εἷς
3752 661 3915 724 τοὺς

2218 753 2653 827 παντοδυνάμους
2720 750 2893 812 οὕτως
2948 749 3443 826 έμπεπαρῳνήκότι
3490 751 3679 813 θοούς’
3730 751 3910 819 πλὴν

2216 846 2331 902 ἐπεὶ
2367 844 2638 919 μειλίχιοι
2686 841 2838 896 οὗτοι
2889 842 2979 895 καὶ
3030 841 3151 896 λίαν
3203 842 3485 918 ὰόργητοι,
3534 843 3786 903 τούτους
3848 841 3911 896 ἐν

2214 942 2295 1010 τῷ
2324 934 2549 1011 παρόντι
2596 931 2685 986 καὶ
2738 929 2896 991 αὐτὸς
2959 928 3364 1003 μιμησάμενος,
3422 932 3485 985 τὸ
3544 929 3908 986 λυσιτελοῦν

2219 1048 2303 1082 σοι
2333 1029 2508 1080 ποιεῖν
2561 1018 2882 1092 ὑποτίθημι.
2910 1019 2987 1075 Τὸ
3044 1016 3101 1073 δὲ
3145 1017 3279 1092 ἐστι,
3316 1019 3441 1081 τοὺς
3492 1021 3745 1094 ματροὺς
3804 1020 3913 1075 ἐέ-

2219 1135 2383 1171 σαντα
2414 1112 2638 1187 λόγους,
2686 1113 2805 1169 τοῖς
2859 1112 3001 1171 θεοῖς
3048 1107 3230 1163 θυσίαν
3277 1112 3682 1185 προσενεγκεῖν·
3739 1111 3908 1165 οὕτω

2216 1204 2317 1279 γὰρ
2351 1201 2552 1275 ἐξέσται
2606 1218 2690 1253 σοι
2736 1192 2995 1270 κερδῆσαι
3044 1197 3135 1251 καὶ
3191 1196 3253 1252 τὸ
3297 1201 3397 1253 τοῦ
3450 1197 3734 1273 βασιλέως
3804 1220 3911 1274 ιρι-

2220 1292 2480 1366 λότιμον.

2293 1388 2362 1438 Δ¹.
2407 1380 2469 1439 Εἰ
2503 1379 2597 1453 μέν
2630 1380 2746 1435 θεοὶ
2790 1380 2946 1435 ταυτὶ
2992 1378 3059 1434 τὰ
3116 1376 3275 1455 κωφά
3318 1397 3379 1432 τε
3433 1376 3525 1432 καὶ
3580 1376 3814 1454 ἄψυχα,
3874 1378 3903 1433 ὁ

2223 1472 2471 1545 θεραπων
2503 1469 2826 1544 ἀπεκρίνατο
2866 1472 2963 1523 τοῦ
2994 1468 3251 1540 Χριστοῦ,
3311 1466 3413 1521 οὐκ
3465 1466 3521 1522 εὗ
3567 1487 3631 1540 γε
3672 1473 3904 1536 ποιεῖς,

2224 1561 2470 1629 ὑπατικὶ,
2532 1561 2896 1633 μακροθυτίῶν
2945 1556 3025 1634 ἐφ’
3072 1559 3162 1619 αῖς
3212 1576 3312 1631 περ
3366 1555 3549 1618 αὐτοῖς
3599 1556 3901 1631 έπέγομεν

2223 1645 2461 1723 ὕϐρεσιν
2514 1648 2560 1703 εἰ
2611 1646 2668 1704 δὲ
2719 1650 2793 1721 μή
2845 1648 2980 1715 θεοὶ,
3035 1644 3216 1721 ὥσπερ
3276 1643 3403 1701 οὐδὲ
3456 1652 3556 1714 τῆς
3613 1645 3899 1716 ἀληθείας

2224 1738 2358 1809 θεοὶ,
2430 1739 2602 1810 μάτην
2673 1736 2915 1799 ἀπειλεῖς
2983 1735 3087 1809 ἄρα
3150 1736 3241 1790 καὶ
3310 1732 3559 1803 διακενῆς
3629 1736 3894 1808 ἀνομεῖς.

480 1840 651 1913 geris.
708 1839 797 1894 Me
854 1836 1011 1893 enim
1080 1850 1193 1890 non
1255 1831 1444 1885 vincet
1516 1826 1700 1884 ullum
1778 1820 2118 1895 periculum,

2233 1828 2359 1900 Ἐμὲ
2387 1826 2486 1902 γὰρ
2515 1825 2623 1901 οὐχ
2652 1828 2865 1900 αἱρήσει
2902 1823 3139 1887 κίνδυνος
3187 1821 3387 1894 οὐδεὶς,
3434 1822 3561 1881 οὐδὲ
3611 1823 3795 1880 πείσει
3836 1844 3893 1879 τι

481 1910 668 1997 neque
715 1924 1035 1995 quidquam
1082 1916 1454 1993 persuadebit
1491 1930 1560 1970 ex
1600 1910 1894 1976 omnibus,
1936 1912 2117 1962 Deum

483 2015 710 2085 quidem
762 2010 1087 2082 relinquere
1134 2008 1449 2073 viventem,
1495 2002 1766 2059 scelestos
1822 2002 2015 2053 autem
2064 1998 2121 2051 et

483 2103 713 2158 invidos
752 2098 1010 2155 venerari
1061 2099 1373 2152 daemones.
1406 2093 1551 2149 Nam
1576 2090 1700 2161 ipse
1727 2103 1959 2160 quoque
1989 2100 2120 2141 sum

486 2189 812 2261 discipulus
860 2187 1103 2255 Theclze,
1153 2202 1278 2256 quas
1328 2184 1510 2237 instar
1558 2177 1864 2234 luminaria
1912 2178 1968 2232 in
2019 2174 2123 2228 hac

484 2278 715 2337 civitate
747 2274 1133 2332 Icouiensium
1166 2270 1496 2344 resplendet
1534 2265 1941 2339 splendoribus
1972 2278 2125 2319 mar-

485 2369 651 2441 tyrii:
686 2371 743 2422 et
770 2364 929 2421 Pauli
962 2363 1155 2435 magni
1187 2358 1467 2433 praeconis
1497 2356 1773 2423 veritatis,
1805 2354 1904 2426 qui
1937 2352 2124 2424 ipsam

487 2472 715 2528 quoque
744 2452 1040 2519 instruxit,
1074 2457 1133 2507 et
1160 2449 1463 2507 adornavit
1493 2448 1561 2503 ad
1596 2444 1911 2502 cerlamina
1950 2458 2123 2512 prop-

485 2551 574 2601 ter
601 2544 897 2601 Christum
930 2540 1320 2612 suscipienda.
1345 2538 1414 2593 Et
1434 2537 1562 2592 ideo
1592 2551 1697 2606 ego
1728 2546 1962 2605 quoque
1991 2545 2125 2585 cum

492 2636 621 2704 ipso
672 2633 841 2687 hodie
900 2632 1066 2686 dico:
1101 2628 1237 2692 QuisI
1299 2643 1388 2681 me
1441 2622 1736 2696 separabit
1773 2638 1806 2676 a
1845 2618 2126 2675 charitate

492 2719 990 2785 Dei?tribulatio,
1041 2734 1113 2772 an
1177 2715 1473 2787 angustia,
1524 2729 1597 2767 an
1658 2708 2002 2781 persecutio,
2050 2722 2124 2761 an

494 2808 838 2882 periculum,
870 2825 941 2862 an
974 2804 1220 2879 gladius,
1253 2821 1325 2860 an
1376 2801 1595 2873 aliquid
1646 2798 1800 2855 aliud
1840 2813 1907 2852 ex
1939 2794 2123 2852 omni-

492 2899 649 2954 bus?
678 2898 827 2953 Dixit
857 2912 1105 2967 praeses:
1138 2894 1197 2950 Si
1230 2910 1342 2949 non
1385 2897 1523 2947 sunt
1552 2889 1655 2956 dii,
1689 2892 1751 2944 ut
1778 2886 1939 2952 dicis,
1982 2901 2129 2958 quos

496 2988 578 3060 pii
607 2988 853 3042 adorant
900 2986 1301 3056 imperatores,
1337 2981 1623 3054 quomodo
1672 2994 1795 3045 nos,
1829 2976 1927 3048 qui
1960 2976 2018 3031 in
2051 2976 2131 3045 ip-

496 3092 592 3131 sos
643 3076 958 3143 credimus,
1006 3072 1168 3128 illinc
1216 3072 1342 3126 vitae
1390 3070 1676 3125 habemus
1722 3066 2082 3125 occasionem
2105 3068 2131 3121 ⁵2

498 3165 741 3233 Erratis,
780 3180 812 3219 ο
860 3179 1091 3234 praeses,
1152 3161 1295 3216 dicit
1351 3176 1596 3228 magnus
1649 3157 1945 3222 Chariton,
1995 3158 2132 3211 deos

2225 1921 2331 1971 τῶν
2374 1915 2621 1971 ἁπάντων
2652 1921 2780 1971 ϐεον
2833 1916 2926 1987 μὲν
2979 1913 3355 1989 ἐγκαταλιπεῖν
3405 1918 3598 1983 ζῶντα,
3649 1910 3893 1985 δαίμοσι

2229 2003 2285 2061 δὲ
2328 2007 2619 2082 προσέχειν
2670 2004 2880 2081 ἐναγέσι
2935 2003 3024 2059 καὶ
3083 2004 3386 2076 φθονεροῖς.
3429 2004 3577 2061 Ἐπεὶ
3632 2006 3890 2076 patina}:

2230 2095 2344 2168 εἰμι
2383 2095 2471 2149 καὶ
2504 2094 2660 2156 αὐτὸς
2718 2092 2950 2162 Θέκλης,
3007 2091 3131 2161 ἥτις
3187 2099 3474 2170 φωστῆρος
3533 2089 3692 2163 δίκην
3753 2112 3895 2147 κατα

2228 2182 2393 2254 τήνδε
2455 2184 2554 2251 τὴν
2620 2184 2891 2239 Ἰκονιέων
2958 2187 3080 2245 ταῖς
3137 2186 3235 2237 τοῦ
3304 2180 3601 2256 μαρτυρίου
3672 2179 3892 2255 λάμπει

2236 2278 2640 2347 μαρμαρυγαῖς,
2676 2270 2895 2326 Παύλου
2925 2290 2984 2326 τε
3033 2268 3129 2326 τοῦ
3184 2268 3425 2346 μεγάλου
3470 2277 3571 2339 τῆς
3622 2268 3896 2340 ἀληθείας

2231 2369 2489 2436 κήρυκος,
2520 2362 2579 2422 ’ὀς
2609 2360 2696 2415 καὶ
2747 2360 2914 2427 αὐτὴν
2956 2360 3096 2433 πρὸς
3144 2358 3269 2419 τούς
3312 2357 3400 2415 διὰ
3447 2359 3681 2434 Χριστὸν
3731 2358 3893 2428 ἤλει-

2233 2454 2328 2524 ψεν
2357 2448 2591 2524 ἀγῶνας.
2653 2449 2752 2504 Καὶ
2813 2445 2901 2503 3ιὰ
2945 2451 3110 2504 τοῦτο
3148 2446 3301 2523 κάγώ
3350 2470 3497 2525 φημι
3549 2450 3663 2521 μετ’
3719 2451 3890 2504 αὐτοῦ

2236 2539 2491 2611 σήμερον·
2554 2538 2651 2599 Τίς
2684 2538 2831 2609 ἡμᾶς
2891 2536 3123 2615 χωρίσει
3187 2536 3295 2591 ἀπὸ
3350 2544 3450 2606 τῆς
3508 2537 3728 2610 ἀγάπης
3795 2541 3889 2593 τοῦ

2236 2630 2409 2697 Θεοῦ;
2450 2625 2660 2699 θλίψισ,
2712 2626 2746 2695 ἢ
2794 2627 3154 2701 στενοχωρία,
3186 2626 3219 2693 ἢ
3254 2623 3517 2699 διωγμὸς,
3548 2626 3584 2694 ἤ
3617 2623 3887 2696 κίνδυνος,

2236 2712 2272 2784 ἤ
2310 2713 2575 2791 μάχαιρα,
2690 2713 2832 2770 ἄλλο
2869 2735 2921 2769 τι
2959 2718 3067 2770 τῶν
3116 2714 3360 2769 ἁπάντων
3388 2735 3403 2786 ;
3431 2716 3491 2772 Ὀ
3539 2715 3731 2789 ἅρχων
3765 2714 3879 2791 ἔφη·

2238 2805 2345 2860 Καὶ
2378 2803 2421 2858 εἷ
2459 2807 2535 2877 μή
2569 2801 2739 2869 ὅντως
2775 2805 2908 2875 θεοὶ,
2943 2806 3017 2867 ὡς
3053 2805 3180 2881 φῂς,
3216 2806 3307 2867 οὓς
3341 2801 3687 2867 εὐσεϐοῦντες
3716 2826 3876 2878 προσο

2237 2898 2492 2949 κυνοῦσιν
2549 2895 2599 2948 οἱ
2634 2893 2904 2970 βασιλεῖς,
2952 2899 3070 2955 πῶς
3120 2896 3303 2966 ἡμεῖς,
3363 2893 3549 2955 αὐτοῖς
3605 2914 3875 2949 πεπιστευο

2240 2983 2416 3051 κότες,
2447 2984 2546 3047 τὰς
2597 2988 2694 3039 τοῦ
2746 2987 2840 3057 ζῇν
2886 2981 3087 3047 ἐκεῖθεν
3147 2979 3346 3057 ἔχομεν
3393 2983 3692 3061 ἀφορμάς;
3744 2984 3876 3039 Πλα-

2241 3075 2416 3138 νᾶσθε,
2477 3072 2697 3147 ἡγεμὼν
2744 3073 2796 3144 (6
2849 3071 3019 3146 μέγας
3064 3068 3163 3147 ἔφη
3214 3071 3515 3146 Χαρίτων),
3560 3074 3703 3136 θεοὺς
3738 3074 3868 3126 εἶναι

2245 3160 2497 3238 λέγοντες
2526 3163 2593 3216 τὰ
2627 3161 2938 3236 ὑπὸχειρῶν
2964 3162 3291 3241 ,ἀνθρώπων
3341 3158 3853 3234 δτδημιουργημένα,

495 3270 624 3310 esse
680 3253 934 3309 dicentes
972 3268 1060 3318 ea,
1106 3268 1232 3322 quae
1291 3249 1576 3305 fabricatas
1636 3247 1871 3302 fuerunt
1926 3260 2123 3301 manus

2243 3249 2334 3304 καὶ
2369 3248 2539 3325 λόγου
2596 3250 2787 3320 παντὸ,
2846 3239 3197 3325 καίγφρενῶν
3258 3248 3388 3304 ὄντα
3442 3251 3533 3304 καὶ
3592 3248 3862 3319 αἰσθήσεως

494 3342 821 3409 hominum,
854 3345 911 3396 et
963 3357 1089 3413 quis
1138 3344 1338 3396 carent
1392 3337 1553 3395 omni
1600 3336 1843 3405 ratione,
1872 3349 2044 3390 sensu
2076 3337 2132 3388 et

491 3430 795 3501 sapientia.
853 3435 928 3485 De
987 3430 1203 3500 quibus
1258 3427 1395 3483 dicit
1451 3426 1625 3483 etiam
1685 3425 1882 3479 divina
1933 3428 2133 3479 nostra

493 3520 827 3590 Scriptura:
859 3521 934 3574 Os
982 3517 1200 3573 habent
1256 3522 1311 3572 et
1366 3532 1481 3571 non
1542 3514 1887 3585 loquentur:
1930 3511 2129 3569 oculos

490 3607 730 3673 habent,
779 3612 836 3662 et
886 3623 997 3661 non
1047 3605 1363 3661 videbunt:
1408 3620 1579 3659 aures
1633 3603 1847 3659 habent
1902 3610 1955 3657 et
2015 3618 2129 3657 non

490 3696 775 3753 audient:
828 3710 1011 3765 neque
1066 3693 1222 3750 enim
1280 3696 1369 3748 est
1424 3693 1667 3762 spiritus
1714 3692 1772 3747 in
1819 3706 1917 3747 ore
1972 3691 2127 3762 ipso-

489 3800 643 3838 rum.
677 3782 911 3839 Similes
962 3782 1044 3836 eis
1094 3781 1259 3843 ﬁant,
1292 3781 1391 3850 qui
1445 3780 1663 3835 faciunt
1709 3795 1796 3847 ea,
1830 3785 1886 3834 et
1926 3795 2129 3834 omnes

490 3870 587 3942 qui
623 3870 925 3925 confidunt
967 3869 1025 3923 in
1068 3868 1172 3924 eis.
1202 3869 1411 3923 Annon
1462 3884 1595 3922 vera
1643 3866 1784 3922 dicit
1829 3866 1953 3922 htec
2000 3883 2129 3936 pro-

488 3960 679 4015 ferens
709 3958 999 4030 Scriptura
1022 3958 1050 4013 ’ἲ
1077 3957 1352 4024 Admove,
1380 3958 1433 4012 si
1481 3955 1640 4024 velis,
1682 3955 1876 4026 ignem
1925 3971 2126 4011 eorum

486 4047 787 4115 lateribus,
817 4050 920 4103 aut
960 4047 1100 4117 Jube
1147 4045 1337 4103 securi
1385 4043 1569 4115 frangi
1614 4060 1813 4100 eorum
1846 4044 2043 4112 tibias,
2074 4049 2131 4100 et

487 4138 638 4194 scies
668 4135 926 4203 omnino,
962 4135 1071 4192 nisi
1117 4136 1239 4209 ipse
1278 4151 1507 4208 quoque
1537 4134 1620 4189 sis
1651 4132 1922 4189 similiter
1957 4134 2131 4190 affec-

488 4234 599 4295 tus,
631 4242 699 4283 ea
727 4241 854 4282 esse
886 4224 1047 4282 nullo
1079 4241 1255 4281 sensu
1288 4224 1552 4298 prasdita,
1583 4227 1645 4281 et
1672 4239 1861 4296 neque
1889 4223 2128 4282 omnino

488 4332 659 4388 posse
692 4315 926 4383 moveri,
959 4319 1062 4371 aut
1093 4314 1267 4386 loqui.

560 4404 621 4461 V.
654 4404 758 4458 His
789 4404 860 4459 ad
894 4403 1038 4458 iram
1073 4409 1265 4458 motus
1314 4403 1549 4472 iniquus
1594 4402 1938 4467 consularis,
1962 4402 2130 4474 jubet

487 4494 754 4547 sanetum
784 4494 940 4544 veste
972 4489 1203 4555 nudari,
1235 4492 1291 4542 et
1315 4488 1377 4543 in
1408 4494 1659 4559 quatuor
1707 4495 1898 4558 partes
1928 4495 2126 4544 exten-

488 4595 643 4644 sum,
679 4577 869 4632 nervis
919 4576 1228 4631 crudeliter
1270 4575 1579 4631 verberari.
1606 4576 1823 4632 Deinde
1855 4592 1987 4631 cum
2019 4576 2128 4632 hoc

486 4666 869 4740 processisset
915 4664 983 4718 ad
1034 4663 1327 4727 allectum,
1361 4663 1500 4719 dicit
1551 4664 1602 4719 ei
1642 4666 1863 4735 judex:
1897 4666 2127 4721 Sacriﬁ-

487 4757 742 4822 cabisne,
774 4771 806 4811 o
838 4752 1135 4822 Cbariton,
1166 4752 1277 4809 diis
1305 4752 1758 4824 immortalibus,
1788 4771 1858 4810 an
1899 4754 1986 4810 vis
2028 4758 2125 4810 tuo

487 4845 712 4918 corpori
747 4845 942 4915 plures
974 4843 1174 4899 inferri
1208 4841 1460 4914 plagas?
1482 4842 1627 4912 Non,
1660 4844 1848 4915 inquit
1887 4853 2123 4917 martyr,

487 4935 570 4991 eis
624 4932 981 4991 sacrificabo.
1031 4930 1088 4987 Si
1137 4932 1292 4988 enim
1354 4932 1476 4987 ﬁeri
1536 4938 1752 5003 posset,
1805 4937 1869 4989 ut
1916 4933 2127 4989 millies

488 5040 743 5079 morerer
787 5039 888 5094 pro
941 5038 1069 5079 meo
1118 5020 1436 5087 Salvatore,
1476 5021 1721 5077 libenter
1769 5023 1823 5077 id
1874 5023 2129 5094 suscipe-

488 5130 611 5169 rem
656 5117 921 5185 prompto
963 5121 1015 5168 et
1058 5110 1234 5168 alacri
1284 5111 1504 5171 animo.
1539 5111 1729 5182 potius
1779 5128 1951 5184 quam
1999 5114 2126 5183 ejus

488 5216 763 5271 negarem
795 5200 1175 5263 divinitatem,
1200 5207 1257 5255 et
1283 5198 1620 5256 exitialibus
1649 5200 2011 5257 daemonibus
2040 5202 2125 5258 of-

489 5290 696 5345 ferrem
749 5290 1118 5345 sacrificium.
1150 5288 1373 5345 Tandiu
1421 5303 1552 5358 ergo
1595 5288 1775 5361 jussit
1822 5306 1951 5345 eum
2003 5307 2130 5347 rur-

490 5396 595 5439 sus
622 5380 907 5436 verberari
942 5381 1114 5437 boum
1148 5380 1358 5446 nervis,
1382 5388 1447 5436 ut
1477 5382 1573 5453 qui
1605 5397 1737 5438 eum
1766 5382 2125 5452 torquebant,

490 5468 713 5525 viscera
742 5468 1157 5539 propemodum
1186 5472 1507 5541 tangerent.
1540 5469 1686 5527 Cum
1734 5486 1867 5541 ergo
1916 5470 2129 5528 multas

490 5556 668 5613 horas
712 5559 911 5612 mutus
959 5554 1272 5611 mansisset
1311 5557 1579 5626 Sanctus,
1612 5559 1917 5617 lictoribus
1949 5560 2008 5616 in
2039 5560 2127 5616 in-

494 5641 764 5712 ﬂigendis
812 5640 1002 5714 plagis
1051 5640 1291 5698 minime
1338 5646 1700 5715 cedentibus,
1754 5664 1851 5705 eos
1900 5662 2127 5706 cessare

2238 3333 2265 3391 ἔ
2428 3356 2438 3367 ,
2613 3336 2626 3353 ς
2698 3336 2725 3355 ν
2868 3335 2880 3350 .
3086 3336 3096 3354 ,
3285 3341 3310 3353 -
3409 3332 3435 3357 ,ι
3719 3339 3731 3354 ,
3813 3337 3819 3348 .

2267 3357 2419 3410 ρημα
2501 3356 2629 3411 περι
2686 3357 2759 3389 ων
2792 3356 2881 3391 και
2937 3339 2971 3406 ἡ
3021 3340 3135 3391 θεια
3191 3340 3351 3409 ἡμων
3409 3359 3510 3418 εφη
3562 3344 3743 3406 Γραφτ,
3797 3340 3873 3391 δτι

2240 3449 2268 3477 ‹‹
2286 3427 2473 3499 Στόμα
2498 3422 2710 3504 ἔχουσι,
2733 3426 2822 3480 καὶ
2846 3427 2909 3482 οὗ
2940 3425 3299 3497 Λαλήσουσιν·
3329 3425 3650 3505 ὀφθαλμοὺς
3672 3426 3877 3502 ἔχουσι,

2238 3518 2327 3571 καὶ
2361 3516 2459 3571 οὐκ
2515 3515 2756 3590 ὄψονται·
2791 3513 2904 3571 ὦτα
2960 3513 3174 3595 ἔχουσι,
3213 3516 3303 3570 καὶ
3352 3518 3454 3572 οὐκ
3501 3515 3880 3587 ἐνωτισθήσον-

2236 3624 2346 3663 ται⁶
2390 3604 2514 3663 οὐδὲ
2559 3610 2661 3681 γὰρ
2717 3606 2828 3662 ἐστι
2884 3611 3097 3680 πνεῦμα
3154 3608 3205 3662 έν
3264 3612 3343 3680 τῷ
3400 3609 3633 3681 στόματι
3689 3607 3877 3665 αὐτῶν.

2239 3701 2464 3771 Ὅμοιοι
2496 3699 2683 3759 αὺτοῖς
2717 3698 2956 3774 γένοιντο
2990 3697 3038 3751 οἱ
3092 3701 3375 3760 ποιοῦντες
3425 3698 3582 3767 αὐτὰ,
3631 3698 3722 3753 καὶ
3752 3699 3879 3753 πάν-

2236 3804 2323 3847 τες
2356 3786 2406 3838 οἱ
2439 3785 2754 3845 πεποιθότες
2785 3784 2868 3839 ἐπ’
2898 3782 3104 3847 αὐτοῖς.
3141 3808 3169 3836 ››
3198 3786 3268 3840 ἺΙ
3297 3785 3397 3840 οὐκ
3434 3783 3693 3855 ἀληθεύει
3722 3786 3878 3840 ταῦτα

2239 3872 2381 3928 οὕτω
2414 3872 2645 3947 λέγουσα
2685 3876 2719 3944 ἡ
2769 3876 2995 3952 Γραφῆἲ
3048 3875 3286 3950 Πρόσθες
3314 3875 3418 3951 γὰρ
3464 3879 3570 3951 πῦρ
3618 3880 3739 3936 ταῖς
3787 3876 3876 3931 αὖ·

2235 3966 2365 4029 τῶν,
2400 3961 2445 4017 εἰ
2497 3962 2710 4037 βούηει,
2767 3961 3053 4038 πλευραῖς,
3085 3961 3121 4033 ἤ
3154 3963 3305 4037 ἀξίνῃ
3352 3964 3420 4018 τὰ
3472 3963 3653 4019 αὐτῶν
3700 3985 3875 4019 κατεα-

2237 4053 2399 4124 γῆναι
2430 4050 2723 4127 πρόσταξον
2758 4050 2950 4122 σκέλη,
2980 4053 3069 4108 καὶ
3113 4052 3229 4128 εἷ’σῃ
3280 4053 3518 4121 πάντως,
3566 4053 3613 4107 εἰ
3672 4055 3748 4125 μή
3790 4054 3872 4108 καὶ

2237 4138 2397 4200 αὐτὸς
2422 4137 2567 4214 ἔχεις
2604 4140 2830 4212 ὁμοίως,
2864 4141 2936 4204 ὡς
2984 4141 3287 4213 ἀναίσθητοί
3317 4141 3440 4211 εἰσι,
3487 4142 3576 4196 γαὶ
3631 4139 3755 4198 οὐδὲ
3790 4162 3871 4195 κι-

2236 4229 2436 4284 νεῖσθαι
2467 4228 2501 4299 ἢ
2536 4227 2850 4304 φθέγγεσθαι
2880 4229 2942 4285 τὸ
2972 4232 3220 4305 παράπαν
3251 4227 3533 4305 δυνάμενα·

2308 4408 2384 4465 Ε’.
2424 4408 2648 4470 Τούτοις
2706 4409 2735 4465 6
2790 4410 3106 4484 παράνομος
3151 4411 3410 4475 ὑπατικὸς
3460 4409 3537 4473 εἷς
3587 4410 3757 4485 ὀργὴν
3800 4431 3871 4465 κι-

2234 4497 2441 4567 νηθεὶς,
2492 4502 2829 4571 γυμνοῦσθαι
2895 4505 2995 4569 τῆς
3047 4498 3272 4569 ἐσθῆτος
3322 4499 3529 4555 κιλεύει
3566 4499 3657 4554 τὸν
3706 4500 3865 4574 ἅγιον,

2157 4586 2325 4670 Diui
2381 4588 2710 4661 τετραχόθεν
2766 4587 3088 4659 τεινόμενον,
3137 4588 3348 4662 νεύροις
3401 4584 3637 4664 ἀφειδῶς
3674 4588 3864 4642 τύπτε-

2240 4676 2380 4733 σθαι.
2414 4675 2564 4742 Εἶτα,
2614 4671 2760 4752 ἔργῳ
2806 4676 3003 4732 τούτου
3047 4672 3372 4751 προϐάντος,
3421 4677 3555 4756 φησὶ
3598 4678 3732 4750 πρὸς
3776 4674 3864 4729 αὗ-

2233 4764 2324 4818 τὸν
2377 4764 2405 4819 6
2445 4760 2701 4834 δικάζων’
2760 4763 2934 4831 Θύεις,
2998 4765 3026 4819 6
3084 4764 3353 4839 Χαρίτων,
3410 4770 3527 4828 τοῖς
3593 4763 3852 4828 ἀθανάτοις

2238 4858 2404 4921 θεοῖς,
2438 4853 2473 4922 ἦ
2507 4851 2761 4915 πλείονας
2786 4853 3136 4928 ἐπενεχθῆναι
3174 4853 3365 4929 βούλει
3393 4859 3471 4927 τῷ
3516 4854 3718 4928 σώματί
3760 4870 3842 4903 σου

2236 4942 2489 5017 πληγάς;
2524 4939 2621 5011 Οὖ,
2654 4940 2813 5019 φησίν
2848 4944 2875 4998 6
2911 4944 3136 5016 μάρτυς,
3178 4942 3243 4998 οὗ
3298 4941 3442 4998 θύσω
3499 4945 3710 5004 τούτοις
3733 4937 3849 5013 ἐγώ·

2237 5028 2282 5085 εἰ
2348 5030 2451 5104 γὰρ
2517 5032 2604 5085 καὶ
2648 5032 2899 5105 μυριάκις
2964 5029 3183 5087 δυνατὸν
3250 5033 3316 5102 ἦν
3385 5033 3519 5108 ὑπὶρ
3584 5037 3680 5087 τοῦ
3740 5029 3862 5102 ἐμοῦ

2238 5124 2498 5192 Σωτῆρος
2554 5118 2861 5188 ἀποθανεῖν,
2913 5118 3143 5194 εἱλόμην
3198 5121 3260 5177 ἄν
3314 5124 3634 5197 προθύμως,
3774 5120 3865 5185 τήν

2237 5206 2401 5262 αὐτοῦ
2435 5207 2666 5277 θεότητα
2714 5205 3118 5282 διαρνήσασθαι,
3179 5211 3269 5286 βαὶ
3314 5207 3564 5283 δαίμοσιν
3607 5207 3870 5284 ὀλεθρίοις

2239 5294 2425 5360 θυσίαν
2481 5302 2874 5371 προσενεγκεῖν.
2933 5299 3060 5355 Ἐπί
3104 5302 3364 5355 τοσοῦτον
3422 5299 3513 5356 οὖν
3574 5294 3737 5354 αὺτὸν
3788 5295 3873 5351 τύ-

2236 5386 2461 5441 πτεσθαι
2490 5384 2656 5442 πάλιν
2687 5389 2805 5450 νοῖς
2855 5385 3165 5462 βουνεύροις
3210 5386 3510 5459 ἐκέλευσεν,
3554 5388 3628 5450 ὡς
3681 5389 3871 5460 μικρόῦ

2236 5473 2326 5528 καὶ
2356 5476 2464 5528 τῶν
2497 5471 2828 5550 σπλάγχνων
2865 5476 3099 5549 ἅψασθαι
3129 5475 3259 5538 τοὺς
3306 5476 3636 5547 αἶκίζοντας.
3686 5476 3870 5550 Ἀφῶ-

2235 5575 2329 5624 νος
2357 5561 2537 5616 τοίνυν
2580 5561 2667 5617 ἐπὶ
2699 5560 2914 5625 πολλὰς
2947 5563 2974 5617 6
3012 5564 3161 5641 ἅγιος
3198 5565 3294 5626 τὰς
3332 5562 3475 5638 ὥρας
3529 5562 3865 5638 μεμενηκὼς,

2240 5649 2482 5704 καὶτῶν
2552 5647 2767 5724 δημίων
2838 5648 3128 5714 ἂνενδότως
3197 5650 3501 5727 ἐπαγόντων
3567 5652 3714 5723 αύτῷ
3776 5651 3861 5712 τὰς
