4124 6270
252 364 370 429 905

1579 369 1768 433 νΙΤΑ
1813 370 1877 431 S.
1924 371 2414 439 CHARITONIS.

3540 386 3657 451 906

251 528 499 603 πληγας.
569 523 875 583 παύσασθαι
939 524 1169 589 τούτους
1210 526 1239 582 ὁ
1297 529 1491 603 μιαρὸς
1557 528 1912 605 προσέταττεν

2035 531 2192 602 lubet
2232 536 2511 595 scelestus
2543 556 2775 611 praeses,
2809 557 2922 598 non
2976 544 3125 613 quod
3158 544 3208 601 ei
3232 550 3496 604 censeret
3525 564 3659 619 par-

259 615 475 693 ἄρχων,
518 618 580 673 οὗ
613 615 835 694 φειδοῦς
863 636 1016 677 τινος
1066 615 1229 671 αὑτὸν
1272 618 1453 687 ἀξιῶν,
1503 620 1704 691 (πόθεν)
1737 639 1752 687 ;
1784 618 1914 675 ἀλλ’

262 706 402 761 ὥστε
452 708 529 780 μή
581 709 771 761 θᾶττον
824 705 1164 760 ἀποθανόντα
1205 707 1301 768 τὰς
1363 708 1703 781 μακροτέρας
1748 706 1914 785 ἐκφυ-

260 801 376 870 γεῖν
406 798 697 869 τιμωρίας.
730 795 827 852 Καὶ
869 791 935 863 δὴ
985 798 1176 849 τοῦτον
1225 796 1277 849 οἱ
1328 796 1720 870 ὑπηρετοῦντες
1765 796 1911 851 ἐπω·

264 885 555 957 μισάμενοι
623 882 772 959 (οὐδὲ
828 883 930 958 γὰρ
990 883 1107 945 οἶός
1156 905 1213 939 τε
1268 886 1334 953 ἧν
1392 884 1615 947 οἰκείοις
1675 883 1913 961 βαδίζειν

258 974 435 1043 ποσὶ),
494 972 582 1027 καὶ
638 977 717 1044 τῷ
774 969 1138 1047 δεσμωτηρίῳ
1206 970 1606 1047 ἐναποθέμενοι,
1692 971 1914 1047 δευτέρᾳ

257 1062 611 1135 ταμιεύουσιν
688 1059 943 1131 ἐξετάσει,
1019 1061 1108 1113 καὶ
1197 1058 1288 1116 ’ίνα
1397 1062 1680 1136 συντόμως
1774 1062 1913 1119 εἴπω

262 1150 399 1225 (χρὴ
456 1150 559 1225 γὰρ
626 1148 904 1221 συνελεῖν).
974 1148 1141 1205 πάλιν
1216 1148 1351 1205 κατὰ
1423 1151 1485 1205 τὸ
1562 1147 1909 1225 δικαστήριον

265 1240 402 1314 μετᾶ
446 1239 545 1307 τήν
598 1242 709 1294 τῶν
763 1236 938 1294 ἑλκῶν
997 1235 1181 1313 ἄγεται
1240 1240 1545 1313 θεραπείαν,
1604 1238 1693 1295 καὶ
1751 1238 1914 1295 κολα-

260 1327 433 1391 κείαις
470 1325 758 1401 πρότερον,
813 1326 930 1381 εἶτα
975 1326 1067 1382 καὶ
1121 1332 1299 1399 τιμῶν
1361 1327 1716 1404 ὑποσχέσεσιν
1777 1326 1916 1383 ὥστε

263 1421 417 1483 θῦσαι
482 1421 601 1478 τοῖς
676 1413 955 1483 εἰδώλοις,
995 1416 1025 1471 ὁ
1066 1414 1377 1480 δεινότατος
1444 1420 1674 1495 ἡγεμὼν
1731 1419 1916 1493 ἐπείρα

258 1502 458 1559 τούτου
508 1502 571 1557 τὸ
629 1502 843 1558 εὕτονον
887 1501 1191 1559 ὑπεκλύειν.
1256 1503 1407 1561 Ἐπεὶ
1448 1501 1505 1558 δὲ
1545 1503 1760 1577 μᾶλλον
1818 1509 1915 1559 τοῦ

258 1594 504 1668 Χριστοῦ
560 1592 766 1665 μάρτυς
828 1591 1181 1666 ἰσχυρότερος
1239 1591 1329 1647 καὶ
1391 1590 1632 1667 βασάνων
1680 1594 1770 1648 καὶ
1814 1604 1916 1657 θω-

260 1684 429 1736 πειῶν
497 1679 863 1751 κατεφαίνετο,
937 1680 1027 1734 καὶ
1101 1680 1230 1742 τοὺς
1305 1680 1471 1736 αὐτοῦ
1559 1682 1910 1755 μυκτηρίζων

262 1769 487 1845 λόγους,
533 1769 798 1842 μειζόνων
856 1766 892 1837 ἢ
950 1769 1213 1843 πρότερον
1271 1769 1361 1824 καὶ
1420 1769 1576 1834 αὖθις
1631 1769 1909 1825 κολάσεων

263 1856 559 1932 πειραθεὶς,
617 1856 707 1911 καὶ
773 1858 841 1911 τὰ
898 1855 1083 1932 στέρνα
1136 1857 1258 1916 ταῖς
1329 1856 1579 1931 λαμπάσι
1644 1857 1913 1938 καταφλε-
1946 1900 2000 1967 Β

312 1946 388 1967 ιιὶ
480 1948 541 1967 κ·
586 1945 651 1967 εἳ,
704 1948 762 1967 7"
810 1942 883 1967 κδ
942 1942 1431 1967 ,Ιθκκκκκαγνδιδν

263 1946 444 2025 χθεὶς,
476 1948 545 2019 τῇ
579 1945 766 2022 εἱρκτῇ
798 1942 1151 2020 σιδηρόδετος
1177 1942 1558 2021 παραδίδοται.

337 2200 401 2264 ς’.
436 2198 513 2257 Οὐ
562 2196 707 2253 πολὺ
757 2197 819 2252 τὸ
862 2196 1049 2270 μέσον,
1100 2198 1189 2252 καὶ
1247 2196 1394 2271 ἀξίας
1452 2199 1526 2254 ὧν
1585 2198 1721 2255 κατᾶ
1785 2201 1918 2274 Χρι-

265 2292 490 2345 στιανῶν
524 2287 551 2342 ὁ
585 2287 866 2360 θεομάχος
896 2283 1179 2358 ἐτόλμησε
1212 2285 1467 2361 βασιλεὺς
1501 2285 1652 2351 δίκας
1698 2288 1919 2363 εἴσπρα-

267 2378 442 2452 χθεὶς,
486 2376 577 2430 τὸν
627 2374 963 2449 ἀνθρώπινον
996 2376 1024 2429 ὁ
1055 2374 1217 2434 κακὸς
1265 2380 1445 2437 κακῶς
1490 2378 1724 2446 ὑπέξεισι
1776 2377 1919 2451 βίον.

264 2466 329 2523 Τί
364 2463 455 2521 οὖν
497 2464 558 2518 τὸ
589 2460 870 2531 ἐντεῦθεν;
915 2463 978 2519 Ὀ
1025 2463 1091 2516 τὰ
1138 2468 1384 2537 σκῆπτρα
1430 2466 1528 2531 τῆς
1577 2464 1922 2538 Αὖρηλιανοῦ

265 2558 363 2611 τοῦ
396 2548 683 2614 δυσσεϐοῦς
724 2549 1106 2625 διαδεξάμενος
1156 2549 1456 2626 βασιλείας,
1515 2557 1594 2625 τῷ
1641 2556 1739 2608 τοῦ
1781 2574 1921 2628 προ-

270 2638 727 2702 ϐεϐασιλευκότος
784 2637 1139 2714 ὑποδείγματι
1218 2642 1632 2719 σωφρονίζεται,
1677 2643 1763 2696 καὶ
1822 2640 1924 2697 δεί-

271 2753 365 2795 σας
401 2734 641 2806 μήποτε,
700 2731 770 2785 τὰ
815 2728 953 2784 αὐτὰ
1014 2729 1150 2783 κατὰ
1206 2730 1538 2803 Χριστιανῶν
1608 2727 1767 2804 δρῶν,
1831 2731 1919 2785 καὶ

272 2827 400 2886 ταῖς
438 2822 627 2881 αὑταῖς
688 2815 945 2877 ὑπόδικος
1000 2820 1220 2892 γένηται
1285 2820 1601 2892 τιμωρίαις,
1647 2821 1737 2873 τὸν
1787 2822 1922 2875 κατὰ

275 2914 385 2966 τῶν
447 2910 784 2981 Χριστιανῶν
851 2906 1153 2967 παύσασθαι
1229 2902 1471 2978 διωγμὸν
1551 2908 1689 2960 κατᾶ
1753 2913 1921 2962 πᾶσαν

281 2996 556 3054 ἐκέλευσεν
591 2993 875 3069 ἐπαρχίαν.
911 2996 1024 3048 Ἰνα
1056 2989 1111 3046 δὶ
1164 2993 1241 3064 μή
1290 2991 1434 3046 τέλει
1488 2993 1785 3067 μαρτυρίου
1829 2999 1926 3050 τοῦ

283 3085 427 3142 θείου
457 3082 652 3140 τούτου
683 3077 1064 3146 τελειωθέντος
1101 3077 1292 3154 ἀνδρὸς
1344 3083 1666 3153 ζημιωθῶσι
1722 3081 1926 3138 πολλοὶ

279 3176 381 3245 τὴν
440 3173 700 3251 μεγίστην
766 3169 991 3244 ζημίαν,
1059 3166 1449 3244 διαμαρτόντες
1505 3172 1573 3239 ἧς
1630 3170 1923 3227 ἀπολαύειν

2025 624 2292 691 cendum,
2328 627 2825 698 (quomodoenim
2842 630 2892 701 ?)
2922 633 3022 687 sed
3056 648 3127 687 ne
3166 633 3341 690 citius
3373 651 3475 707 per
3503 652 3656 693 mor-

2024 711 2416 784 temlongiora
2438 717 3034 790 effugeretsupplicia.
3060 725 3251 793 Atque
3268 738 3400 779 eum
3423 725 3655 797 quidem

2022 814 2176 867 cum,
2232 805 2331 875 qui
2406 806 2837 875 ministrabant,
2914 810 3295 866 sustulissent
3394 813 3657 869 humeris

2022 890 2237 962 (neque
2292 894 2447 950 enim
2497 896 2622 951 ﬁeri
2680 901 2922 966 poterat,
2956 903 3020 953 ut
3076 900 3201 954 suis
3262 900 3660 969 ingrederetur

2022 979 2310 1052 pedibus),
2383 990 2437 1038 et
2530 983 2587 1038 in
2686 1001 2911 1041 carcere
3014 987 3443 1057 deposuissent,
3523 1006 3657 1046 eum

2022 1070 2294 1126 secundae
2351 1076 2651 1127 reservant
2708 1073 3118 1130 examinationi
3180 1091 3194 1129 :
3255 1080 3310 1132 et
3345 1082 3408 1132 ut
3454 1079 3658 1148 paucis

2024 1157 2215 1212 dicam
2275 1158 2523 1230 (Oportet
2570 1161 2727 1216 enim
2795 1177 2918 1217 rem
2979 1162 3038 1217 in
3097 1179 3281 1234 pauca
3350 1165 3656 1237 conferre),

2024 1260 2228 1299 rursus
2259 1247 2568 1302 deducitur
2597 1249 2669 1303 ad
2710 1250 2849 1305 deos
2880 1250 3151 1306 colendos
3187 1268 3348 1308 more
3376 1253 3658 1323 gentium.

2024 1336 2094 1388 Et
2119 1334 2281 1405 prius
2308 1334 2630 1404 blanditiis,
2663 1338 2870 1395 deinde
2898 1338 3071 1395 etiam
3104 1340 3390 1398 honorum
3422 1344 3664 1414 promis-

2024 1420 2128 1489 sis,
2160 1430 2221 1477 ut
2268 1423 2620 1480 sacriﬁcaret
2658 1426 3007 1496 simulacris,
3040 1429 3359 1486 conabatur
3405 1430 3662 1487 callidis-

2024 1511 2208 1567 simus
2258 1528 2467 1581 prazses
2520 1515 2648 1583 ejus
2679 1516 3069 1571 constantiam
3123 1518 3451 1575 dissolvere.
3492 1520 3663 1575 Post-

2023 1616 2202 1671 quam
2234 1606 2429 1657 autem
2453 1606 2509 1657 et
2530 1604 2836 1659 tormentis
2865 1608 2923 1659 et
2945 1603 3239 1662 blanditiis
3262 1607 3471 1662 Christi
3507 1624 3661 1662 mar-

2022 1695 2110 1758 tyr
2138 1687 2301 1745 visus
2339 1697 2426 1746 est
2473 1691 2755 1763 superior,
2790 1696 2846 1748 et
2874 1709 2941 1748 ea
2980 1710 3111 1765 quas
3150 1695 3201 1751 is
3242 1696 3490 1762 dicebat,
3523 1697 3663 1751 sub-

2023 1793 2292 1843 sannare,
2324 1795 2459 1834 cum
2484 1781 2807 1851 majoribus
2837 1798 3013 1853 quam
3046 1783 3211 1853 prius
3242 1783 3484 1839 allectus
3515 1784 3659 1839 fuis-

2023 1874 2105 1922 set
2135 1866 2462 1939 suppliciis,
2496 1872 2553 1924 et
2584 1870 2831 1925 fuissent
2858 1871 2989 1940 ejus
3030 1876 3261 1942 pectora
3294 1872 3661 1944 lampadibus

2027 1955 2302 2022 ustulata,
2332 1956 2483 2013 ferro
2538 1957 2767 2015 vinctus
2804 1958 3010 2016 iterum
3061 1960 3311 2016 traditur
3347 1959 3406 2015 in
3465 1965 3662 2018 custo-

2028 2044 2204 2101 diam.

2097 2205 2189 2262 VI.
2232 2206 2358 2263 Non
2388 2206 2644 2263 multum
2675 2208 2998 2264 intercessit
3026 2209 3305 2281 temporis
3337 2213 3393 2265 et
3425 2210 3661 2267 meritas

2028 2295 2195 2351 luens
2228 2312 2427 2366 pcenas
2466 2310 2687 2361 eorum,
2715 2313 2838 2366 quas
2872 2313 3047 2352 ausus
3080 2297 3267 2353 fuerat
3295 2297 3352 2352 in
3385 2297 3665 2353 Christia-

2030 2400 2159 2450 nos,
2192 2383 2508 2452 imperator
2538 2382 2725 2439 malus
2760 2400 2791 2439 e
2834 2384 2954 2439 vita
2983 2384 3227 2440 excessit
3275 2386 3554 2440 humana.
3588 2386 3666 2457 (1)

2031 2472 2179 2535 Quid
2236 2472 2448 2528 deinde
2511 2473 2934 2544 consequitur?
2990 2471 3095 2539 Qui
3149 2472 3314 2542 impii
3370 2472 3667 2529 Aureliani

2032 2566 2259 2630 sceptra
2332 2559 2593 2630 suscipit,
2653 2562 2779 2631 ejus
2841 2560 2939 2631 qui
3024 2562 3183 2631 prius
3268 2561 3665 2631 imperaverat,

2031 2646 2295 2718 exemplo
2326 2646 2650 2716 castigatur
2678 2661 2692 2703 :
2726 2652 2783 2702 et
2820 2646 3036 2703 timens
3067 2664 3139 2703 ne
3169 2649 3313 2704 forte
3343 2650 3548 2705 eadem
3581 2650 3663 2705 fa-

2030 2734 2189 2792 ciens
2238 2734 2518 2790 adversus
2562 2734 2943 2803 Christianos,
2979 2735 3140 2792 ﬁeret
3178 2736 3354 2792 etiam
3384 2737 3669 2793 obnoxius

2031 2824 2252 2880 eisdem
2302 2822 2632 2895 suppliciis,
2669 2823 2849 2893 jussit
2889 2825 3351 2896 persecutionem
3401 2827 3670 2882 adversus

2032 2910 2397 2967 Christianos
2426 2927 2656 2968 cessare
2687 2927 2787 2981 per
2824 2928 3031 2968 omnes
3061 2914 3413 2985 provincias.
3454 2914 3535 2970 Ne
3566 2932 3672 2971 au-

2036 3008 2141 3054 tem
2190 2998 2304 3053 fine
2358 3000 2619 3070 martyrii
2667 3000 2865 3057 divino
2921 3000 3027 3056 hoc
3076 3002 3196 3056 viro
3244 3008 3671 3070 consummato,

2037 3086 2206 3145 multi
2249 3087 2564 3144 maximum
2596 3089 2876 3144 damnum
2908 3095 3245 3160 acceperent
3276 3090 3483 3160 privati
3510 3092 3670 3147 utili-

2038 3181 2173 3245 tate,
2208 3192 2384 3248 quam
2432 3181 2602 3232 erant
2636 3178 3026 3245 consecuturi,
3068 3178 3184 3234 vita
3216 3180 3287 3235 ab
3320 3195 3385 3235 eo
3418 3180 3668 3247 formati,

276 3262 515 3338 ἔμελλον
568 3262 858 3340 ὡφελείας,
906 3260 998 3315 καὶ
1057 3261 1164 3333 βίῳ
1210 3260 1542 3333 τυπούμενοι
1582 3262 1708 3335 παρ’
1742 3262 1922 3331 αὐτοῦ¹

2041 3275 2095 3322 et
2140 3265 2329 3322 verbis
2369 3264 2592 3320 incitati
2627 3265 2696 3319 ad
2728 3267 3026 3334 virtutem,
3055 3284 3087 3321 a
3126 3268 3513 3336 Providentia,
3546 3285 3672 3340 quas

275 3355 365 3410 καὶ
408 3352 598 3430 λόγοις
649 3350 725 3414 εἷς
785 3350 981 3425 ἀρετήν
1036 3350 1494 3425 προτρεπόμενοι,
1547 3350 1926 3424 οἶκονομεῖταί

273 3464 329 3499 τι
354 3442 501 3516 παρὰ
528 3446 629 3510 τῆς
663 3437 850 3500 καλῶς
881 3438 1058 3493 πάντα
1106 3434 1443 3507 διοικούσης.
1493 3439 1762 3513 Προνοίας
1807 3461 1929 3497 χοι-

273 3529 695 3609 νωφελέστερον.
736 3528 831 3586 Καὶ
859 3531 967 3583 τῶν
1022 3528 1118 3601 μὶν
1159 3524 1372 3600 δεσμῶν
1418 3527 1509 3581 καὶ
1550 3534 1651 3597 τῆς
1693 3536 1931 3606 φρουρᾶς

281 3622 311 3677 ὁ
356 3619 558 3695 μάρτυς
615 3618 841 3688 ἀνεῖται,
911 3614 1199 3691 βασιλικοῦ
1252 3619 1411 3670 τοῦτο
1470 3619 1928 3692 συγχωρήσαντος

280 3708 667 3782 ἐπιτάγματοςο
726 3702 906 3776 ὥσπερ
952 3702 1009 3759 8t
1055 3701 1164 3774 ἤδη
1214 3705 1501 3778 νεκρωθεὶς
1554 3710 1633 3777 τῷ
1681 3705 1808 3779 βίῳ,
1839 3707 1931 3761 καὶ

284 3800 366 3868 τῷ
410 3797 627 3869 Χριστῷ
660 3795 755 3865 ζῇν
803 3790 1029 3862 ἐθέλων,
1089 3791 1135 3847 εί
1200 3793 1287 3847 καὶ
1348 3796 1447 3846 τοῦ
1506 3798 1681 3857 θανεῖν
1736 3794 1929 3871 ἄφείθη

287 3882 376 3940 διὰ
431 3882 691 3958 Χριστὸν,
744 3882 811 3938 τά
874 3879 1080 3936 ἐκείνου
1146 3883 1414 3955 στίγματα
1476 3879 1527 3936 ἐν
1576 3886 1656 3954 τῷ
1715 3883 1930 3956 σώματι

284 3978 365 4047 τῷ
397 3974 589 4029 ἑαυτοῦ
620 3969 944 4046 περιφέρων,
1000 3970 1100 4039 τήν
1143 3971 1279 4045 πρὸς
1326 3970 1424 4039 τὴν
1464 3969 1617 4045 ἁγίαν
1657 3969 1819 4027 πόλιν
1870 3972 1932 4026 ὁ·

285 4060 457 4119 δεύειν
497 4060 746 4137 ἄρχεται.
780 4061 879 4115 Καὶ
925 4065 1025 4129 τῆς
1061 4059 1155 4128 μὲν
1206 4066 1396 4135 στερῆς
1446 4059 1642 4125 εὐθέως
1693 4059 1934 4136 ἐπιλαμ-

285 4148 526 4219 ϐάνεται,
593 4152 920 4225 πειρασμοῖς
988 4144 1047 4202 δὲ
1100 4147 1439 4203 κατάσκοπον
1516 4144 1928 4223 περιϐάλλεταιο

283 4240 564 4316 τοιγάρτοι
594 4237 684 4292 καὶ
713 4236 954 4308 πλησίον
1013 4235 1179 4305 αὐτῆς
1236 4235 1542 4309 γενόμενος,
1593 4234 1793 4309 ἑτέροις
1845 4256 1934 4290 πε-

296 4328 537 4404 ριπίπτει
571 4323 848 4394 διώκταις,
892 4329 997 4379 τῶν
1048 4320 1436 4398 προλαϐόντων
1487 4324 1563 4382 εἷς
1610 4323 1798 4377 κακίαν
1847 4323 1933 4377 ἐνο

291 4417 473 4475 δέουσι
527 4412 807 4475 παντελῶς
877 4410 1053 4468 οὒδέν.
1110 4408 1335 4484 ’Ἄνδρες
1392 4409 1496 4486 γὰρ
1557 4412 1791 4480 πονηροὶ
1846 4410 1936 4466 καὶ

2038 3354 2235 3411 omnia
2274 3358 2424 3410 recte
2472 3353 2786 3424 dispensat,
2821 3355 3158 3425 providetur
3195 3355 3413 3426 aliquid
3448 3356 3669 3413 utilius.

2036 3448 2104 3499 Et
2134 3461 2169 3500 a
2205 3442 2451 3498 vinculis
2480 3442 2712 3513 quidem
2742 3445 2799 3497 et
2838 3442 3092 3498 custodia
3128 3453 3341 3516 martyr
3388 3444 3674 3501 relaxatur

2039 3534 2137 3605 (2),
2170 3532 2536 3605 imperatoris
2588 3530 2697 3587 hoc
2729 3532 2907 3603 jussu
2947 3533 3297 3588 concedente
3329 3549 3344 3588 :
3393 3538 3673 3604 tanquam

2041 3626 2235 3678 autem
2259 3622 2386 3692 jam
2417 3624 2600 3677 morte
2635 3619 2873 3676 affectus
2904 3630 3074 3687 esset,
3107 3628 3162 3677 et
3190 3622 3417 3677 Christo
3445 3626 3673 3677 tantum

2038 3710 2238 3766 volens
2319 3709 2525 3777 vivere,
2582 3708 2810 3764 etiamsi
2873 3726 2905 3763 a
2977 3713 3159 3764 morte
3213 3710 3517 3766 subeunda
3574 3726 3676 3782 pro

2039 3798 2266 3855 Christo
2296 3798 2371 3853 sit
2402 3797 2713 3864 relaxatus,
2735 3796 3012 3867 illiusque
3033 3797 3301 3868 stigmata
3330 3798 3389 3854 in
3421 3814 3525 3854 suo
3556 3815 3676 3855 cor-

2041 3903 2174 3958 pore
2216 3886 2650 3954 circumferens,
2683 3885 2887 3957 incipit
2917 3885 3027 3941 iter
3065 3885 3282 3957 ingredi
3313 3887 3384 3943 ad
3415 3892 3673 3943 sanctam

2039 3975 2353 4032 civitatem.
2386 3975 2453 4029 Et
2481 3978 2701 4030 arctam
2728 3973 2962 4046 quidem
2994 3973 3147 4030 viam
3180 3975 3442 4045 protinus
3481 3992 3679 4047 aggre-

2040 4063 2202 4119 ditur
2241 4080 2255 4119 :
2302 4063 2361 4117 in
2395 4063 2746 4118 tentationes
2780 4069 2997 4129 autem,
3032 4080 3159 4133 quae
3202 4080 3443 4135 scopum
3493 4064 3680 4134 impe-

2042 4150 2544 4217 diebant,incidit.
2577 4151 2722 4205 Cum
2752 4149 2908 4205 enim
2942 4165 3056 4204 non
3090 4150 3286 4219 procul
3320 4152 3392 4205 ab
3421 4167 3488 4206 ea
3519 4155 3680 4208 abes-

2045 4243 2154 4307 set,
2188 4240 2247 4292 in
2302 4237 2447 4291 alios
2491 4237 2698 4291 incidit
2754 4245 3172 4307 persecutores,
3230 4238 3331 4309 qui
3389 4240 3680 4309 prioribus

2045 4326 2191 4382 nihil
2225 4324 2461 4381 omnino
2493 4325 2778 4381 cedebant
2804 4325 3194 4395 improbitate.
3218 4326 3337 4381 Viri
3360 4328 3514 4383 enim
3540 4330 3679 4385 mali

2044 4425 2099 4473 et
2129 4416 2287 4482 saevi,
2320 4418 2376 4469 et
2406 4414 2505 4487 qui
2534 4414 2624 4469 vel
2652 4413 2858 4470 itinere
2887 4415 3217 4486 spoliabant
3245 4432 3364 4487 eos,
3398 4418 3496 4487 qui
3527 4434 3680 4474 acce-

293 4506 569 4560 ἀτίθασσοι
600 4502 689 4556 καὶ
734 4498 949 4556 παιδιᾶς
1016 4499 1178 4572 μέρος
1228 4498 1290 4553 τὸ
1350 4498 1660 4577 σφαγιάζειν
1718 4500 1922 4577 ἀνθρώ.

2046 4505 2283 4572 dabant,
2315 4504 2402 4559 vel
2428 4520 2532 4575 pro
2561 4502 2699 4559 ludo
2717 4502 3008 4559 ducebant
3042 4504 3304 4561 homines
3335 4506 3680 4572 interﬁcere,

292 4614 429 4655 πους
458 4591 749 4664 τιθέμενοι.
795 4590 884 4645 καὶ
915 4589 1103 4652 αὑταῖς
1134 4586 1284 4653 ὁδοῖς
1319 4588 1450 4651 τοὺς
1497 4590 1787 4664 παριόντας
1829 4589 1922 4647 λω·

2046 4609 2175 4651 cum
2205 4594 2488 4649 vidissent
2507 4596 2773 4648 sanctum
2803 4592 2993 4648 solum
3025 4609 3127 4666 per
3160 4594 3313 4651 viam
3344 4602 3600 4664 euntem,
3632 4595 3683 4650 si

293 4679 672 4745 ποδυτοῦντες,
706 4678 820 4735 ἐπεὶ
868 4680 957 4735 τὸν
1013 4681 1166 4755 ἅγιον
1228 4679 1394 4752 μόνον
1442 4678 1592 4735 ίόντα
1646 4682 1783 4736 κατά
1837 4681 1922 4749 τήι

2045 4682 2188 4756 quid
2218 4682 2451 4754 quidem
2482 4681 2756 4737 afferebat
2784 4682 2999 4749 viatici,
3032 4682 3087 4737 id
3119 4682 3233 4738 cito
3264 4684 3634 4739 abstulerunt
3664 4698 3678 4737 :

298 4769 423 4825 ὁδὸν
452 4767 760 4837 ἐθεάσαντο,
794 4766 842 4822 εἲ
868 4788 921 4823 τι
964 4768 1058 4842 μὲν
1089 4764 1318 4843 ἐφοδίων
1360 4768 1519 4842 χάριν
1572 4767 1827 4844 ἐπήγετο,
1875 4770 1922 4824 τί

2046 4789 2198 4846 pone
2231 4778 2422 4827 autem
2467 4771 2726 4827 vinctum
2775 4771 3061 4827 ambabus
3093 4772 3381 4839 manibus,
3415 4777 3471 4827 et
3502 4773 3683 4828 ferreo

293 4858 467 4933 τάχος
528 4852 837 4930 ἀφείλοντο·
896 4852 1060 4933 ἄμφω
1111 4851 1167 4910 δὲ
1222 4856 1299 4909 τὼ
1357 4860 1512 4933 χεῖρε
1568 4854 1643 4918 εἷς
1698 4857 1922 4913 τούπίσιι

2048 4858 2245 4916 collari
2276 4857 2423 4914 collo
2452 4859 2578 4929 ejus
2606 4859 2841 4930 injecto,
2872 4858 3046 4915 veluti
3078 4860 3395 4930 quamdam
3428 4859 3682 4930 praedam

299 4944 683 5020 δεσμήσαντες,
734 4943 824 5000 καί
872 4942 1046 5016 κλοιῷ
1122 4940 1333 5017 σιδηρῷ
1388 4944 1479 5000 τὸν
1538 4945 1745 5002 ἐκείνου
1789 4968 1922 5022 περι⁴

2048 4949 2182 5005 feras
2229 4947 2520 5003 immanes
2576 4947 2635 5001 in
2686 4963 2850 5002 suam
2903 4947 3241 5016 speluncam
3294 4948 3681 5003 abduxerunt.

296 5032 557 5100 ϐαλόντες
606 5034 915 5114 τράχηλον,
955 5032 1135 5110 ὥσπερ
1182 5055 1236 5089 τι
1284 5036 1503 5109 θήραμα
1555 5038 1716 5111 θῆρες
1764 5034 1919 5114 ἄγριο

2051 5041 2239 5108 Atque
2286 5033 2421 5092 olim
2450 5034 2682 5106 quidem
2727 5034 2838 5090 fuit
2874 5040 3180 5090 accusatus
3211 5034 3462 5106 populus
3506 5036 3688 5091 Judae-

298 5126 375 5187 εἷς
405 5126 465 5180 τὸ
497 5125 702 5180 ἑαυτῶν
752 5124 1028 5198 ἀπήγαγον
1078 5122 1291 5199 ἄντρον.
1342 5122 1516 5178 Πάλαι
1565 5126 1660 5197 μὶν
1704 5126 1796 5180 οὗν
1836 5130 1915 5181 τῶ

2053 5140 2242 5192 orum,
2283 5123 2438 5195 quod
2482 5139 2713 5179 sacrum
2759 5121 2901 5177 illud
2932 5121 3211 5194 templum
3269 5122 3503 5179 fecisset
3553 5139 3683 5195 spe-

298 5211 577 5273 ’Ῑουδαίων
617 5216 974 5288 κατηγορεῖτο
1016 5210 1252 5280 πληθὺς,
1304 5212 1378 5275 ὡς
1424 5212 1635 5288 λῃστῶν
1671 5214 1922 5286 σπήλαιοε

2053 5213 2284 5269 luncam
2312 5212 2601 5269 latronum
2641 5228 2654 5266 :
2703 5211 2764 5267 in
2794 5213 3104 5284 pressantis
3132 5217 3325 5267 autem
3367 5228 3456 5267 res
3485 5217 3689 5269 contra

297 5304 392 5360 τὸν
481 5304 627 5378 ἱερὸν
704 5302 905 5357 ἐκεῖνον
986 5305 1318 5371 πεποιηκυῖα
1378 5302 1526 5359 ναόν·
1604 5305 1665 5359 τὸ
1732 5301 1788 5360 δὶ
1852 5309 1922 5359 νῦε

2055 5319 2119 5360 se
2150 5301 2343 5358 habet.
2388 5300 2537 5357 Nam
2568 5299 2716 5356 hanc
2759 5298 3049 5356 latronum
3079 5299 3437 5373 speluncam,
3467 5301 3688 5358 videbis

2125 5522 2206 5592 (2)
2235 5522 2289 5576 S.
2340 5518 2617 5592 Chariton
2648 5516 3037 5592 dimittiturwe
3081 5520 3367 5591 custodia,
3399 5536 3468 5576 ex
3504 5516 3689 5573 Taciti

375 5530 607 5608 (t)__An.
649 5527 757 5608 278
786 5525 1138 5608 Aurelianus
1161 5525 1326 5608 _i_mp_.
1358 5524 1419 5581 in
1458 5525 1702 5608 Thracia
1727 5542 1777 5608 λι
1807 5525 1947 5608 suis
2235 5524 2292 5608 S._
2313 5524 2661 5608 Chariten:

2058 5590 2245 5651 edicto
2278 5598 2423 5648 teste
2455 5590 2700 5648 Baronio
2732 5606 2883 5646 anno
2907 5590 3031 5646 279.

306 5596 609 5667 occiditur,
642 5607 695 5655 et
752 5597 803 5654 ei
859 5597 1122 5654 succedit
1160 5596 1397 5653 Tacitus
1432 5613 1508 5653 vu
1554 5596 1681 5652 Kal.
1722 5597 1945 5663 Octob.,

311 5676 379 5728 ut
409 5672 585 5728 tradit
613 5669 919 5744 Vopiscus.
953 5668 1092 5726 Vide
1124 5670 1328 5725 Baron.
1362 5668 1470 5725 hoc
1492 5684 1664 5724 anno.

512 5819 519 5826 -
630 5791 891 5850 ΡΛτιιοι.
939 5795 1051 5848 (in.
1099 5788 1272 5849 CXV.

3299 5788 3371 5844 Ξῖ)
