4124 6270
487 392 601 451 907

1773 380 2049 461 MENSIS
2095 376 2585 440 SEPTEMBER.

3782 370 3937 431 908

483 550 558 606 ab
609 564 675 605 eo
717 546 892 602 fuisse
939 545 1150 599 tactam
1212 542 1311 598 Dei
1342 540 1645 596 ecclesiam
1684 557 1696 596 :
1730 538 2113 611 quemadmo-

2252 533 2457 606 μπαλιν
2524 528 2904 605 πεπραγμένον
2972 523 3109 582 ἐστί⁸
3184 528 3246 583 τὸ
3331 526 3438 604 γὰρ
3502 532 3612 584 τῶν
3671 527 3934 602 λῃστῶν

484 640 627 697 dum
656 640 874 702 autem,
902 634 1176 704 deinceps
1208 630 1597 687 ostendemus.

557 891 681 946 VII.
710 888 801 944 Illi
835 891 1027 943 autem
1062 885 1346 953 scelerati,
1379 900 1511 939 cum
1545 884 1815 937 sanctum
1845 877 2117 950 reliquis-

488 985 619 1036 sent
652 980 907 1033 vinctum
957 978 1014 1030 in
1064 975 1217 1031 dicta
1271 973 1564 1044 spelunca,
1599 970 1711 1025 huc
1767 975 1824 1025 et
1869 969 2028 1032 illuc,
2061 970 2123 1021 ut

488 1070 572 1125 eis
604 1083 730 1123 mos
760 1072 901 1133 erat,
934 1066 1056 1119 vias
1097 1064 1338 1119 obibant
1370 1060 1652 1131 publicas,
1685 1059 1734 1113 si
1765 1060 1910 1112 torto
1940 1056 2121 1110 viato-

490 1159 650 1213 ribus
694 1156 929 1211 solitum
962 1155 1165 1208 afferre
1199 1158 1435 1223 possent
1490 1150 1752 1204 exitium.
1790 1146 1891 1201 Ille
1927 1151 2122 1200 autem

489 1247 745 1317 primum
789 1243 1020 1316 quidem
1057 1242 1198 1295 fudit
1234 1255 1449 1310 preces,
1481 1242 1537 1292 et
1566 1238 1681 1292 Deo
1722 1237 1841 1307 egit
1882 1234 2121 1304 gratias,

490 1333 785 1390 molestias
830 1331 1097 1386 lubenter
1152 1328 1481 1398 suscipiens
1547 1329 1781 1396 propter
1820 1339 1966 1389 eam,
2000 1337 2125 1391 quae

489 1424 649 1480 illinc
703 1426 990 1492 speratur,
1040 1419 1564 1474 remunerationem
1620 1430 1633 1468 :
1692 1412 1901 1468 deinde
1951 1410 2123 1466 etiam

492 1512 817 1583 malignum
850 1512 1191 1571 daemonem,
1227 1506 1327 1578 qui
1358 1506 1477 1560 haec
1520 1504 1795 1558 adversus
1837 1516 1972 1556 eum
2003 1503 2128 1555 erat

492 1600 884 1663 machinatus,
917 1598 999 1653 sic
1040 1595 1355 1652 fortissime
1400 1591 1712 1663 alloquitur
1764 1606 1777 1646 :
1826 1591 2125 1658 Tanquam

494 1690 593 1760 qui
633 1689 837 1742 mortis
890 1683 1209 1756 periculum
1241 1681 1634 1746 formidarem,
1669 1679 1836 1734 hisne
1888 1692 1975 1732 me
2007 1681 2126 1731 tra-

494 1779 693 1834 didisti
715 1776 1033 1848 parricidis,
1068 1791 1099 1829 o
1140 1772 1386 1829 sceleste
1420 1787 1432 1825 :
1482 1788 1553 1825 an
1599 1768 2021 1838 prohibiturus,
2057 1782 2129 1821 ne

494 1868 568 1923 ad
614 1867 879 1921 eﬁ‘ectum
911 1879 1095 1919 meum
1127 1861 1318 1917 veniat
1349 1857 1758 1931 propositum?
1788 1857 1842 1912 Si
1869 1857 2127 1927 primum

495 1958 754 2029 quidem,
790 1960 852 2010 ut
881 1955 980 2026 qui
1010 1953 1112 2009 Dei
1144 1924 1388 2022 gratiam
1421 1924 1635 2005 bonam
1658 1924 1899 2003 habeam
1938 1951 2131 2001 custo-
2160 1924 2213 1988 Β

495 2048 644 2110 dem,
677 2049 923 2100 mortem
981 2043 1219 2097 omnino
1278 2040 1534 2108 despicio
1588 2054 1601 2092 :
1668 2039 1755 2092 sin
1814 2040 2030 2103 autem,
2074 2041 2135 2090 ut

498 2151 589 2189 me
621 2133 925 2204 prohibeas
958 2149 988 2186 a
1020 2147 1147 2185 meo
1199 2146 1265 2183 ex
1296 2128 1524 2183 Christo
1565 2126 1793 2181 vivendi
1826 2125 2131 2189 desiderio,

497 2222 641 2277 nihil
692 2220 927 2277 omnino
974 2220 1212 2286 efﬁcies,
1246 2218 1294 2271 si
1328 2219 1451 2288 ipse
1480 2215 1618 2272 velit
1652 2232 1665 2270 :
1699 2214 1817 2269 vult
1846 2231 1978 2269 vero
2009 2230 2136 2269 om-

500 2311 660 2376 nino,
691 2310 963 2381 quouiam
991 2311 1202 2379 gaudet
1232 2307 1355 2360 vita:
1377 2312 1433 2360 et
1454 2304 1660 2359 animae
1692 2302 1897 2358 videns
1930 2319 2133 2373 purga-

494 2400 729 2464 tionem,
763 2402 936 2469 utque
972 2396 1181 2451 haheat
1209 2394 1593 2460 occasionem,
1626 2408 1755 2446 cum
1807 2392 1884 2446 sit
1928 2392 2133 2457 bonus,

496 2490 650 2543 bona
696 2485 985 2556 praebendi
1018 2485 1109 2552 iis,
1145 2486 1243 2555 qui
1284 2487 1423 2537 sunt
1452 2480 1696 2537 studiosi
1745 2480 1996 2535 virtutis.
2028 2480 2136 2534 Sed

498 2593 629 2632 cum
662 2575 782 2630 haec
846 2574 1078 2645 quidem
1120 2573 1199 2627 sic
1243 2572 1314 2625 ab
1346 2588 1411 2627 eo
1452 2572 1801 2637 dicerentur,
1833 2569 2030 2639 vipera
2076 2567 2135 2621 in

498 2681 596 2719 vas
628 2663 922 2735 quoddam
973 2676 1342 2733 proserpens,
1379 2659 1530 2729 quod
1564 2664 1680 2713 erat
1709 2658 1843 2711 vino
1876 2656 2135 2728 plenum,

498 2752 740 2823 impleta
768 2756 857 2806 est
875 2766 1062 2821 usque
1093 2749 1161 2803 ad
1187 2747 1511 2803 satietatem
1544 2764 1556 2802 :
1582 2745 1788 2801 deinde
1808 2762 1921 2800 non
1946 2761 2136 2811 secus,

501 2847 675 2912 atque
698 2838 835 2894 mali
867 2839 1153 2905 homines,
1181 2854 1280 2907 pro
1313 2835 1590 2892 beneficio
1623 2836 1843 2891 malum
1867 2834 2137 2902 reddens,

502 2932 561 2983 et
618 2930 815 2996 potum
862 2940 1084 2981 veneno
1142 2940 1538 2989 remunerans,
1572 2922 1828 2978 recessit.
1863 2922 2139 2977 Latrones

500 3020 693 3070 autem
710 3030 840 3070 cum
866 3015 1100 3069 domum
1122 3013 1451 3078 rediissent,
1470 3017 1534 3066 ut
1555 3012 1648 3082 qui
1674 3010 1769 3066 siti
1788 3010 2141 3065 laborarent-

502 3120 730 3160 merum
757 3103 990 3174 quidem
1025 3103 1218 3157 statim
1253 3101 1548 3169 hauriunt,
1582 3104 1638 3156 et
1668 3098 1842 3155 simul
1876 3099 2136 3155 moriun-

500 3199 595 3249 tur
636 3210 649 3248 :
682 3198 739 3249 et
773 3196 855 3249 sic
887 3192 1023 3247 mali
1068 3209 1100 3247 a
1149 3192 1300 3246 malo
1334 3190 1676 3261 puniuntur,
1709 3194 1766 3245 et
1807 3205 1909 3260 pro
1941 3187 2141 3243 multis

2224 621 2374 678 τουτί
2413 617 2681 690 σπήλαιον
2710 617 3005 688 ἐκκλησίαν
3038 621 3173 673 Θεοῦ
3213 620 3341 693 παρ’
3374 618 3539 675 αὖτοῦ
3591 616 3927 695 γενόμενον

2227 709 2366 785 ὄψει’
2400 710 2549 770 ’ὁπως
2581 706 2637 763 δέ
2666 708 2755 763 καὶ
2784 708 2901 763 τίνα
2930 708 3023 762 τὸν
3056 708 3276 777 τοόπον,
3307 714 3373 763 τᾶ
3403 708 3527 782 egi;
3567 713 3669 764 τοῦ
3720 706 3926 781 λόγου

2229 799 2470 870 δηλώσει
2503 802 2705 875 σαφῶς.

2301 893 2368 948 Ζ’.
2400 894 2630 947 Ἐκεῖνοι
2667 890 2760 961 μὲν
2794 889 2908 957 οὗν,
2956 886 3140 964 ὥσπερ
3190 887 3421 968 ἔφημεν,
3466 889 3518 944 οἱ
3562 888 3921 963 ἀλάστορες,

2232 980 2450 1055 δέσμιον
2483 980 2533 1034 ἐν
2563 984 2643 1050 τῷ
2674 976 2976 1048 δηλωθέντι
3026 977 3135 1049 ἤδη
3189 978 3446 1051 σπηλαίῳ
3492 978 3922 1041 καταλιπόντες

2230 1072 2321 1124 τὸν
2358 1072 2532 1145 ἅγιον,
2563 1068 2653 1123 καὶ
2684 1064 2790 1122 ὧδε
2820 1067 2942 1151 περὶ
2974 1067 3069 1129 τὰς
3110 1066 3448 1144 λεωφόρους,
3483 1069 3557 1129 ὡς
3607 1064 3740 1130 ἔθος
3798 1070 3919 1124 αὖ-

2232 1164 2370 1226 τοῖς,
2403 1157 2714 1233 περιῄεσαν.
2751 1156 2804 1210 εἷ’
2823 1176 2927 1210 που
2958 1157 3047 1210 καὶ
3080 1155 3275 1219 ἄλλοις
3310 1161 3417 1211 τῶν
3468 1155 3799 1231 ὁδοιπόρων
3850 1159 3919 1211 τὸ

2234 1249 2451 1317 σύνηθες
2499 1244 2651 1299 αὐτοὶ
2696 1246 2856 1300 κακὸν
2903 1240 3132 1300 ἔσονται.
3184 1247 3243 1303 Ὀ
3295 1245 3352 1300 δέ
3398 1250 3589 1317 πρῶτα
3647 1248 3753 1319 μὲν
3829 1246 3919 1302 εὖ·

2233 1339 2339 1410 χάς
2401 1332 2658 1389 ἀπεδίδου
2723 1335 2813 1389 καὶ
2876 1333 3157 1409 ὡμολόγει
3214 1339 3330 1406 Θεῷ
3388 1335 3636 1408 χάριτας,
3714 1333 3919 1403 ἡδέως

2238 1424 2522 1497 ὑπομένων
2571 1424 2636 1477 τὰ
2681 1422 2924 1497 λυπηρὰ,
2981 1420 3069 1477 διὰ
3112 1425 3211 1493 τήν
3260 1422 3459 1487 ἐκεῖθεν
3512 1422 3917 1497 ἐλπιζομένην

2236 1512 2522 1569 ἀντίδοσιν·
2566 1507 2749 1567 ἔπειτα
2796 1513 2884 1566 καὶ
2933 1516 3012 1584 τῷ
3061 1517 3284 1567 τοιαῦτα
3330 1514 3729 1591 τεχνασαμένῳ
3782 1518 3916 1568 κατ’

2239 1604 2406 1659 aiith
2437 1607 2663 1677 πονηρῷ
2696 1601 2915 1675 δαίμονι
2948 1602 3148 1658 οὗτωσί
3192 1624 3307 1665 πως
3360 1600 3745 1679 ἀνδρικώτατα
3792 1602 3918 1659 διε-

2238 1692 2451 1767 λέγετο·
2503 1694 2591 1753 Ὠς
2660 1688 2923 1746 δειλῶντά
2982 1712 3048 1764 με
3095 1693 3193 1761 τήν
3253 1696 3349 1747 τοῦ
3408 1692 3637 1757 θανᾶταυ
3696 1699 3913 1767 πεῖραν

2235 1788 2350 1844 τοῖς
2428 1778 2781 1858 ἀνδροφόνοις
2875 1780 3090 1842 τούτοις
3186 1782 3360 1857 φέρων
3434 1778 3784 1856 παρὲδωγας,
3862 1785 3913 1837 ὦ

2242 1873 2421 1947 μιαρὲ,
2454 1873 2488 1940 ἤ
2523 1872 2597 1935 ὡς
2633 1872 2731 1940 τὴν
2772 1870 2909 1944 ἐμὴν
2951 1870 3213 1927 κωλύσων
3266 1871 3341 1935 εἷς
3391 1870 3549 1949 ἔργου
3600 1873 3911 1948 προελθεῖν

2239 1964 2492 2037 πρόθεσιν
2521 1982 2534 2031 ;
2567 1961 2635 2018 Ei
2666 1961 2758 2034 μὲν
2805 1960 2895 2016 οὖν
2944 1961 3005 2016 τὸ
3051 1967 3267 2032 πρῶτον
3322 1962 3458 2017 αὐτά
3505 1983 3561 2016 σε
3607 1962 3787 2027 πείθει
3838 1963 3911 2017 τὲ

2240 2053 2531 2128 πράγματα
2587 2052 2660 2113 ὡς
2726 2050 2829 2125 ἐγὼ
2894 2051 2993 2118 τήν
3051 2054 3147 2105 τοῦ
3213 2055 3346 2106 Θεοῦ
3409 2052 3627 2126 ξχάριν,
3686 2052 3909 2126 ἀγαθὴν

2242 2140 2385 2216 ἔχων
2417 2141 2674 2215 φρουρὸν,
2717 2140 2911 2201 παντὸς
2960 2140 3187 2194 θανάτου
3236 2146 3573 2218 καταφρονῶ·
3629 2141 3675 2195 εί
3728 2139 3791 2195 δὲ
3840 2142 3907 2196 τὸ

2240 2229 2482 2286 κωλῦσαί
2520 2249 2586 2302 με
2614 2236 2713 2297 τῆς
2760 2228 3047 2301 ἐπιθυμίας
3094 2233 3191 2283 τοῦ
3242 2236 3400 2299 ζῆσαι
3449 2230 3586 2284 κατὰ
3642 2231 3902 2304 Χριστὸν,

2244 2320 2454 2383 ἀνύσεις
2492 2320 2552 2373 τὸ
2610 2317 2859 2393 παράπαν
2910 2316 3062 2372 οὐδὲν
3121 2316 3289 2372 αὐτοῦ
3343 2315 3708 2392 βουλομένου*
3772 2319 3905 2394 βού-

2244 2408 2395 2464 λεται
2428 2408 2483 2464 δὲ
2515 2408 2746 2468 πάντως·
2798 2408 2913 2462 ἐπεὶ
2966 2408 3054 2461 καὶ
3107 2409 3312 2482 χαίρει,
3373 2407 3495 2479 βίου
3554 2408 3649 2461 καὶ
3706 2411 3898 2483 ψυχῆς

2246 2502 2385 2571 ὁρῶν
2419 2500 2696 2569 κάθαρσιν,
2734 2496 2809 2551 ’ἶν’
2848 2491 2970 2575 ἔχοι
3020 2499 3315 2575 πρόφασιν,
3371 2496 3570 2571 ἀγαθὸς
3601 2490 3679 2550 ὧν
3732 2498 3899 2572 ἀγαθά

2247 2590 2501 2662 παρέχειν
2552 2592 2668 2649 τοῖς
2720 2585 3054 2663 φιλαρέτοις.
3114 2586 3288 2644 Ἀλλά
3344 2586 3552 2642 τούτων
3614 2585 3723 2643 ὦδε
3774 2593 3894 2663 παρ’

2246 2675 2412 2730 αὐτοῦ
2443 2674 2778 2749 λεγομὲνων,
2819 2670 2963 2750 ἔχις,
3013 2680 3119 2730 τῶν
3170 2677 3373 2731 σκευῶν
3433 2698 3538 2731 τινι
3588 2678 3889 2752 προσερπύ-

2247 2786 2399 2833 σασα,
2435 2766 2565 2841 ὅπερ
2598 2762 2743 2819 ο’ίνου
2796 2767 2991 2839 μεστὸν
3043 2766 3131 2834 ἦν,
3179 2765 3269 2820 καὶ
3321 2766 3395 2827 εἰς
3444 2767 3611 2841 κόρον
3664 2766 3879 2839 ipsosq-

2248 2858 2414 2910 θεῖσα·
2477 2854 2590 2910 εἶτα
2655 2855 2791 2909 κατά
2844 2856 2969 2916 τοὺς
3029 2856 3310 2931 πονηροὺς
3391 2859 3496 2910 τῶν
3579 2856 3862 2929 ἀνθρώπων,

2245 2947 2399 3015 κακῷ
2430 2945 2532 3013 τὴν
2575 2940 2882 3018 εὐεργεσίαν
2933 2937 3297 3015 ἀμειϐομένη,
3340 2943 3432 2998 καί
3483 2943 3567 2998 ἰὸν
3616 2942 3872 2998 ἀντ-,δοῦσα

2244 3040 2343 3102 τῆς
2382 3033 2614 3103 πόσεως,
2648 3030 3051 3103 ἀπηλλάττετο.
3085 3033 3156 3089 Οἱ
3190 3030 3390 3106 λῃσταί
3444 3030 3498 3088 δὲ
3542 3031 3686 3087 οἴκοι
3732 3052 3884 3086 κατα-

2249 3116 2529 3190 λαϐόντες,
2564 3123 2655 3176 ἅτε
2687 3119 2830 3194 δίψει
2861 3119 3312 3193 κατειλημμένοι,
3349 3126 3523 3176 σπῶσι
3569 3122 3665 3195 μέν
3704 3119 3884 3181 εὐθέως

2245 3213 2343 3262 τοῦ
2398 3210 2652 3281 ἀκράτου,
2722 3210 3012 3277 θνήσκουσι
3083 3206 3139 3264 δὲ
3205 3210 3365 3281 ὁμοῦ·
3450 3210 3538 3263 καί
3606 3209 3786 3271 οὕτως
3849 3210 3894 3263 οἱ

502 3282 720 3352 injuria
752 3282 970 3337 affectis
1010 3280 1208 3336 divina
1230 3278 1463 3351 justitia
1493 3280 1564 3335 de
1592 3279 1662 3334 iis
1696 3279 1929 3333 meritas
1959 3277 2135 3331 sumit

2248 3296 2405 3351 κακοὶ
2445 3301 2522 3367 τῷ
2552 3300 2702 3367 κακῷ
2750 3295 3146 3372 τιμωροῦνται,
3206 3299 3295 3352 καὶ
3354 3297 3579 3353 πολλῶν
3627 3296 3897 3370 ἠδικημέ-

2810 3341 3146 3370 Γ-ῊΓυννυνιι,
3206 3341 3295 3352 συ-.
3361 3341 3577 3353 Ινυιὶιὶψν
3634 3341 3870 3370 Ι⁴σοη1⁴ῖρσ

502 3388 723 3444 poenas.
762 3370 976 3426 Dehinc
1030 3370 1515 3425 exsecrandorum
1567 3367 1799 3422 illorum
1848 3365 2140 3419 latronum

504 3460 926 3529 habitaculum,
960 3460 1112 3514 sicut
1164 3475 1293 3513 sum
1330 3458 1625 3528 pollicitus
1670 3457 1880 3519 dicere,
1916 3456 1979 3509 fit
2008 3471 2141 3510 san-

504 3554 661 3607 ctum
702 3550 798 3605 Dei
826 3547 1299 3620 templum,quod
1323 3562 1475 3601 none
1505 3553 1738 3601 vocatur
1767 3545 2018 3615 Antiqua
2047 3560 2141 3599 ec-

502 3640 699 3706 clesia,
732 3643 789 3694 et
839 3640 950 3694 sita
1007 3642 1091 3693 est
1145 3654 1320 3709 prope
1379 3636 1808 3691 sanctissimam
1868 3634 2139 3695 Lauram,

504 3745 631 3800 quea
662 3728 881 3783 Pharus
913 3727 1145 3792 dicitur,
1180 3725 1408 3779 condita
1456 3725 1527 3779 ab
1558 3724 1666 3779 hoc
1701 3740 1911 3795 magno
1942 3723 2142 3777 Chari-

504 3822 639 3872 tone
676 3832 690 3870 :
726 3816 853 3869 vide
898 3818 1088 3869 autem
1134 3813 1252 3867 hanc
1284 3828 1511 3883 quoque
1544 3828 1719 3881 quam
1754 3811 2055 3879 pulchram
2088 3815 2144 3865 et

505 3902 907 3960 admirabilem
985 3903 1331 3956 invenerunt
1397 3899 1912 3970 dispensationem.
1988 3899 2139 3962 Quid

505 3993 658 4049 enim
692 3993 776 4062 fit,
810 3996 866 4047 et
898 4007 1010 4065 quo
1041 4006 1133 4046 res
1150 3990 1275 4060 ejus
1300 3986 1665 4061 procedunt?

575 4190 724 4246 VIII.
751 4191 965 4261 Captus
996 4189 1391 4259 improborum
1442 4186 1735 4255 manibus,
1771 4190 1829 4241 ut
1852 4186 1978 4258 jam
2012 4193 2142 4242 ante

506 4280 888 4347 ostendimus,
920 4296 953 4333 a
984 4279 1092 4343 via,
1124 4294 1247 4349 quae
1281 4278 1551 4333 tondebat
1574 4276 1971 4348 Hierosolyma
1992 4276 2145 4331 utili-

511 4374 595 4426 ter
651 4374 876 4425 arcetur
907 4386 919 4424 :
954 4369 1137 4423 instar
1168 4368 1375 4438 captivi
1409 4368 1641 4421 ducitur
1670 4367 1729 4420 in
1778 4366 2137 4437 speluncam,

506 4460 781 4513 adversus
825 4456 1139 4528 parricidas
1182 4457 1352 4509 struit
1384 4455 1589 4518 aciem,
1623 4470 1736 4508 non
1771 4470 1993 4519 ensem,
2027 4471 2140 4509 non

508 4546 794 4619 clypeum,
856 4560 971 4598 non
1044 4543 1245 4607 telum,
1304 4558 1419 4595 non
1496 4541 1691 4612 aliqua
1785 4541 1898 4595 alia
1981 4558 2144 4595 arma

508 4636 781 4700 inferens,
827 4632 1040 4705 quibus
1090 4647 1147 4686 se
1197 4634 1390 4702 posset
1448 4629 1650 4685 ulcisci
1704 4648 1716 4684 :

507 4724 799 4796 precibus,
828 4722 977 4776 sicut
1028 4719 1163 4775 olim
1215 4720 1490 4774 adversus
1522 4718 1879 4773 Amalecitas
1929 4718 2137 4785 Moses,

510 4814 738 4869 etiarnsi
772 4826 886 4866 non
916 4808 1171 4865 extensis
1205 4808 1477 4863 manibus
1509 4808 1653 4879 (erat
1682 4808 1838 4863 enim
1869 4806 2141 4879 vinctus),

510 4902 606 4957 sed
642 4918 767 4972 quas
801 4900 1029 4954 easdem
1063 4898 1339 4952 haberent
1370 4896 1540 4963 vires,
1575 4901 1630 4951 et
1660 4913 1727 4951 ex
1756 4914 1921 4968 aequo
1952 4896 2142 4951 audiri

511 4995 769 5061 possent,
805 4987 979 5043 veluti
1015 4987 1365 5057 quibusdam
1399 4985 1531 5041 telis
1562 4985 1862 5041 sceleratos
1893 4986 2019 5040 ferit
2048 5001 2140 5040 ve-

511 5093 661 5132 neno
708 5077 936 5147 vipera.
974 5076 1186 5131 Deinde
1217 5073 1394 5146 quid?
1424 5074 1539 5128 Sua
1570 5080 1777 5144 sponte
1806 5073 2042 5128 solvitur
2072 5074 2141 5128 ab

511 5166 605 5231 iis,
639 5165 852 5236 quibus
895 5166 1216 5231 tenebatur,
1249 5162 1496 5217 vinculis
1530 5178 1541 5216 :
1580 5164 1643 5218 fit
1686 5168 1879 5217 autem
1914 5178 2141 5217 succes-

512 5272 611 5311 sor
649 5255 927 5327 pecuniae,
954 5272 1079 5325 quae
1149 5254 1299 5310 male
1356 5253 1596 5309 collecta
1643 5254 1846 5309 fuerat.
1880 5254 1959 5308 Ea
2010 5269 2141 5308 vero

514 5344 667 5397 recte
697 5342 1085 5409 distribuitur,
1123 5343 1305 5413 ﬁtque
1355 5343 1477 5414 ipse
1524 5340 1702 5397 divini
1735 5340 2005 5413 praecepti
2040 5340 2139 5394 ad-

516 5429 799 5497 minister,
834 5433 898 5483 ut
920 5430 1018 5499 qui
1052 5435 1269 5498 partem
1303 5432 1536 5502 quidem
1572 5430 1937 5502 pauperibus,
1971 5433 2027 5483 et
2050 5428 2138 5495 iis,

516 5516 617 5589 qui
674 5517 730 5571 in
773 5515 1082 5572 solitudine
1138 5518 1402 5586 agebant,
1447 5519 1714 5575 Patribus
1761 5516 2138 5573 distribuerit.

514 5608 689 5661 Erant
735 5610 927 5661 autem
984 5605 1123 5659 tunc
1173 5606 1285 5659 rari
1315 5613 1373 5662 et
1430 5624 1540 5663 non
1587 5608 1754 5663 valde
1797 5622 2001 5676 magno
2035 5621 2139 5660 nu-

517 5706 675 5749 mero
736 5710 749 5747 :
828 5690 930 5763 qui
990 5690 1101 5760 ipsi
1159 5707 1381 5762 quoque
1419 5700 1675 5766 tempore
1706 5694 2136 5766 persecutionis,

2250 3406 2355 3439 νων
2389 3382 2663 3453 ἐκδίκησιν
2706 3388 2739 3454 ἡ
2792 3386 2908 3449 θεία
2961 3382 3083 3457 δίκη
3141 3392 3309 3443 ποιεῖ,
3360 3389 3633 3442 Ἐντεῦθεν
3690 3388 3754 3443 τὸ
3801 3392 3899 3441 τῶν

2255 3478 2463 3548 μιαρῶν
2494 3472 2707 3529 ἐκείνων
2746 3472 2963 3549 λῃστῶν
3017 3476 3383 3550 καταγώγιον,
3443 3474 3576 3551 ὅπερ
3636 3474 3895 3552 ἐπηγγει-

2253 3562 2434 3635 λάμην
2468 3563 2659 3633 εἰπεῖν,
2690 3565 2815 3625 ναὸς
2866 3567 2998 3618 Θεοῦ
3048 3564 3202 3639 ἅγιος
3258 3565 3485 3639 γίνεται,
3535 3565 3595 3627 ὅς
3625 3567 3661 3634 ἠ
3696 3566 3898 3620 παλαια

2251 3657 2342 3707 νῦν
2392 3650 2693 3723 Ἐκκλησία
2740 3652 3191 3725 κατονομάζεται,
3244 3653 3339 3707 καὶ
3396 3655 3532 3728 πρὸς
3592 3658 3657 3728 τῇ
3721 3655 3897 3729 εὐαγε-

2253 3741 2419 3815 στάτῃ
2488 3741 2691 3816 Ααῦρᾳ,
2757 3746 2825 3817 τῇ
2894 3740 3161 3816 λεγομένῃ
3228 3742 3431 3814 Φάρος,
3508 3740 3796 3813 διάκειται,
3863 3746 3892 3812 ἧ

2254 3830 2354 3883 ὑπὸ
2411 3835 2507 3884 τοῦ
2558 3828 2797 3905 μεγάλου
2856 3830 3055 3885 τούτου
3112 3829 3426 3903 Χαρίτωνος
3480 3833 3581 3901 τήν
3650 3832 3892 3887 σύστασιν

2251 3917 2429 3993 ἔσχεν.
2472 3922 2607 3993 Ὅρα
2638 3918 2812 3974 δὲκαὶ
2856 3924 3037 3989 ταῦτα,
3070 3924 3186 3981 πῶς
3240 3922 3413 3990 καλὴν
3474 3922 3593 3996 εὗρε
3639 3923 3734 3977 καὶ
3775 3936 3892 3987 θαυ-

2256 4008 2461 4079 μαστὴν
2494 4009 2591 4076 τὴν
2640 4008 2975 4081 οἰκονομίαν.
3017 4008 3083 4066 Τί
3134 4008 3237 4085 γὰρ
3278 4009 3477 4085 γίνεται
3526 4013 3616 4065 καὶ
3667 4010 3793 4067 ὅποι
3836 4013 3892 4067 τά

2249 4100 2363 4149 κατ’
2393 4094 2552 4149 αὐτὸν
2586 4095 2827 4170 πρόεισιν
2863 4116 2877 4167 ;

2326 4189 2400 4239 II‘.
2434 4182 2593 4240 Ἲίλὼ
2622 4190 2742 4246 ταῖς
2777 4184 2998 4257 ἀνόμοις
3039 4189 3146 4241 τῶν
3196 4185 3512 4263 κακούργων
3565 4190 3775 4267 χερσίν,
3824 4191 3889 4251 ὡς

2251 4270 2356 4343 ἤδη
2393 4275 2674 4351 φθάσεντες
2725 4271 3099 4348 ἐδηλώσαμεν,
3152 4282 3250 4346 τῆς
3300 4275 3387 4332 ἐπὶ
3435 4277 3501 4331 τά
3543 4277 3890 4353 Ἱεροσόλυμα

2254 4362 2523 4437 φερούσης
2581 4362 2887 4426 λυσιτελῶς
2959 4364 3196 4441 ε’ἰργεται
3269 4365 3636 4441 αἰχμαλώτου
3726 4366 3888 4440 δίκην,

2254 4450 2339 4504 ἐπὶ
2380 4452 2442 4505 τὸ
2490 4454 2758 4521 σπήλαιον
2815 4455 3019 4527 ἄγεται,
3068 4456 3463 4530 παρατάσσεται
3510 4463 3627 4519 τοῖς
3680 4458 3887 4534 μιαιᾳόο

2254 4560 2389 4603 νοιςσ
2425 4541 2522 4595 οὐκ
2552 4541 2785 4616 αἶ’χμην,
2820 4542 2918 4597 οὐκ
2956 4542 3177 4614 ἀσπίδα,
3222 4544 3282 4599 οὐ
3340 4544 3524 4620 βέλος,
3571 4546 3678 4621 οὐχ
3725 4546 3887 4619 ἔτερόν

1779 4630 1878 4684 sed
1931 4630 2135 4684 sancﬁs

2259 4650 2309 4683 τι
2366 4634 2472 4684 τῶν
2528 4630 2876 4704 ἂμυντηρίων
2931 4632 3267 4706 ἐπαγόμενος
3324 4633 3534 4690 ὅπλων·
3599 4637 3787 4710 εὐχαῖς
3837 4634 3884 4689 δέ

2251 4717 2447 4791 ἁγίαις,
2506 4719 2743 4793 καθάπερ
2800 4721 2936 4774 κατὰ
2992 4725 3096 4776 τῶν
3172 4720 3559 4793 Ἀμαληκιτῶν
3641 4729 3875 4792 Μωυσῆς,

2254 4806 2415 4861 εἶκαὶ
2453 4809 2526 4879 μὴ
2580 4806 2786 4862 ἐκτάσει
2836 4813 3039 4887 χειρῶν
3089 4811 3245 4873 οὗτος
3305 4809 3537 4881 (ἐδέδετο
3587 4814 3732 4889 γὰρ),
3778 4813 3865 4865 ἶσοι

2254 4892 2506 4969 δυνάμοις
2537 4894 2591 4950 δέ
2632 4898 2723 4951 καὶ
2756 4898 2818 4952 τὸ
2868 4896 3094 4969 εὒηκοον
3145 4898 3334 4971 ἐπίσης
3394 4901 3653 4975 ἐχούσαις
3696 4899 3859 4975 βάλλει

2250 4984 2374 5045 τοὺς
2405 4984 2781 5057 παλαμναίους
2814 4988 2931 5040 οἷόν
2983 5008 3091 5042 τισι
3155 4987 3335 5063 βέλεσι
3393 4994 3471 5062 τῷ
3522 4998 3631 5060 τῆς
3671 4986 3867 5063 ἐχίδνης

2252 5073 2339 5144 ἰῷ.
2374 5074 2505 5129 Εἶτα
2535 5075 2584 5128 τί
2619 5092 2629 5139 ;
2671 5079 2787 5129 Τῶν
2841 5079 2922 5137 οἷς
2978 5078 3075 5151 μὲν
3124 5076 3399 5152 ἐκρατεῖτο
3452 5076 3692 5152 δεσμῶν,
3738 5077 3881 5133 αὖτο-

2255 5164 2435 5234 μεὶτως
2503 5162 2707 5217 λύεται*
2757 5161 3017 5243 διάδοχος
3066 5164 3123 5220 δέ
3168 5172 3275 5221 τῶν
3318 5172 3497 5230 κακῶς
3549 5167 3885 5242 σονειλεγμέ·

2249 5270 2351 5302 νων
2383 5250 2688 5326 χρημάτων
2742 5253 2968 5329 γίνεται.
3021 5253 3320 5327 Οἷκονομεῖ
3361 5259 3527 5310 ταῦτα
3577 5254 3763 5318 καλῶς
3807 5256 3891 5310 καὶ

2255 5336 2525 5413 ὑπουργὸς
2557 5341 2701 5402 θείας
2740 5339 2965 5411 ἐντολῆς
3004 5340 3291 5413 δείκνυται,
3342 5342 3451 5399 ἔνια
3505 5346 3601 5417 μὶν
3646 5364 3891 5419 πτωχοις

2248 5426 2338 5479 καὶ
2394 5432 2507 5489 τοῖς
2567 5427 2651 5483 ἐπ’
2716 5430 2951 5505 ἐρημίας
3016 5433 3192 5505 ἁγίοις
3264 5430 3560 5506 διανείμας.
3636 5436 3891 5508 Πατρασι.

2249 5514 2477 5571 Σπάνιοι
2508 5515 2565 5573 δὲ
2622 5521 2772 5575 οὗτοι
2810 5523 2899 5575 καὶ
2957 5522 3173 5595 ἀριθμῷ
3218 5524 3462 5599 βραχεῖς,
3496 5526 3587 5579 καὶ
3640 5525 3791 5581 αὐτοῖ
3836 5522 3895 5581 δέ

2248 5606 2382 5659 κατὰ
2411 5607 2505 5669 τὰς
2533 5613 2629 5664 τοῦ
2682 5607 2929 5685 διωγμοῦ
2961 5613 3168 5686 ἡμέρας
3212 5614 3311 5682 τήν
3361 5611 3565 5688 ἔρημον
3597 5621 3700 5685 τῆς
3746 5614 3893 5692 ἐνεγ-

2250 5696 2489 5766 καμένης
2558 5696 2735 5775 ξρειδοῖ
2792 5703 2897 5754 τῶν
2964 5696 3270 5757 διωκόντων
3334 5700 3613 5776 ἑλόμενοι,
3681 5702 3735 5758 οἵ
3798 5705 3889 5757 καὶ
