4124 6270
334 346 451 409 909

1628 351 1802 413 VITA
1849 353 1909 414 S.
1958 355 2455 416 CHARITONIS.

3615 371 3734 432 910

333 507 615 585 σποράδην
650 506 700 565 έν
742 513 859 573 τοῖς
910 513 1006 566 τοῦ
1045 507 1376 584 καλαμῶνος
1425 507 1693 587 διέτριϐον
1746 512 1971 585 σπηλαί-

2098 516 2294 586 patrias
2326 517 2707 589 preeferebant
2737 522 3129 592 solitudinem,
3162 531 3219 584 et
3251 530 3498 600 sparsim
3542 548 3735 591 versa-

331 621 435 668 οις,
484 599 649 677 ἐγγύς
691 622 796 656 που
847 607 947 670 τῆς
1011 605 1224 677 Νεκρᾶς
1290 600 1564 672 Θαλάσσης
1620 601 1984 678 διακειμένου.

328 695 456 754 Τοῖς
507 689 564 746 δὲ
619 712 678 766 γε
727 689 954 754 λοιποῖς
1010 695 1119 748 τῶν
1168 692 1472 767 χρημάτων
1528 695 1627 763 τήν
1685 692 1793 765 ἤδη
1849 717 1986 766 μνη.

333 786 680 856 μονευθεῖσαν
729 780 874 855 ἱερὰν
927 779 1140 856 Λαύραν
1191 778 1513 856 οἰκοδομεῖ·
1583 785 1726 857 πρὸς
1784 780 1841 839 δὲ
1896 784 1986 840 καὶ

328 872 426 946 τήν
470 869 777 946 ἀγιωτάτην
834 869 1009 940 αὐτῆς
1059 869 1374 943 ἐκκλησίαν,
1415 874 1475 941 ἣν
1537 874 1565 927 ὁ
1623 874 1767 935 θεῖος
1806 873 1982 950 ἔγκαι-

333 959 464 1030 νίζει
546 961 852 1034 Μακάριος,
910 965 1010 1028 τῆς
1074 959 1127 1014 ἐν
1200 958 1610 1035 Ἰεροσολύμοις
1667 961 1791 1017 τότε
1850 966 1984 1017 Θεοῦ

332 1047 671 1119 Ἐκκλησίας
727 1045 976 1112 διιθύνων
1049 1048 1176 1110 τοὺς
1231 1049 1437 1119 οἴακας,
1497 1049 1555 1110 ὅς
1613 1050 1703 1105 καὶ
1777 1056 1872 1106 τοῦ
1927 1049 1979 1106 ἐν

330 1137 533 1211 Νικαίᾳ
589 1133 944 1200 συνελθόντος
1009 1131 1258 1200 εὐσεϐοῦς
1317 1136 1580 1214 ἐτύγχανε
1649 1139 1982 1218 καταλόγου.

399 1319 473 1375 Θ’.
532 1321 620 1376 Ἐν
677 1316 819 1391 τῷδε
871 1323 1170 1395 τοιγαροῦν
1235 1324 1316 1393 τῷ
1381 1318 1636 1394 σπηλαίῳ
1688 1325 1982 1402 ἡσυχάζειν

327 1407 586 1482 ἑλόμενος
630 1408 658 1462 ὁ
705 1408 994 1484 μακάριος,
1039 1407 1211 1479 δῆλός
1247 1431 1306 1465 τε
1334 1415 1463 1465 πᾶσι
1515 1407 1603 1465 διὰ
1630 1414 1735 1466 τῶν
1770 1414 1980 1485 θαυμά-

323 1518 430 1553 των
487 1498 794 1571 γινόμενος,
843 1496 1058 1568 πλῆθος
1118 1498 1352 1572 ἀριθμοῦ
1432 1504 1697 1573 κρεῖττον,
1775 1501 1980 1572 Ἐλλή-

321 1607 429 1642 νων
472 1606 531 1642 τε
569 1585 658 1641 καὶ
710 1583 1008 1658 Ἰουδαίων,
1053 1587 1115 1642 τὸ
1165 1586 1437 1662 σωτήριον
1489 1584 1728 1659 δέξασθαι
1782 1589 1982 1664 βάπτι-

323 1697 436 1750 σμα
489 1681 658 1748 ποιεῖ,
689 1676 779 1732 καὶ
838 1679 901 1732 ού
956 1676 1122 1752 μέχρι
1171 1676 1371 1732 τούτου
1425 1684 1635 1748 στῆναι,
1685 1677 1835 1734 ἀλλά
1888 1682 1976 1735 καί

322 1766 418 1823 τὸν
463 1767 678 1840 μονήρη
732 1762 848 1840 βίον
890 1763 1104 1821 ἑλέσθαι
1149 1768 1561 1842 παρασκευάζει.
1605 1767 1682 1825 Οὐ
1741 1767 1975 1840 θαύμασι

2094 605 2311 662 bantur
2356 607 2416 663 in
2465 608 2760 679 speluncis
2809 614 3161 683 arundineti,
3214 620 3365 688 quod
3421 621 3598 677 situm
3645 629 3733 680 est

2097 711 2272 766 prOpe
2338 713 2496 752 mare
2539 704 2852 755 mortuum.
2905 703 3161 776 Reliquis
3219 712 3415 763 autem
3466 713 3728 780 pecuniis

2094 785 2338 840 aediﬁcat
2368 803 2593 843 sacram
2631 789 2899 856 Lauram,
2942 793 3106 862 cujus
3140 795 3296 863 prius
3327 798 3724 856 meminimus.

2093 874 2372 929 Praeterea
2401 881 2592 932 autem
2627 879 3057 936 sanctissimam
3104 898 3332 953 quoque
3362 886 3489 955 ejus
3538 889 3728 944 eccle-

2093 961 2266 1032 siam,
2298 979 2474 1034 quam
2507 965 2738 1022 divinus
2778 967 3003 1023 dedicat
3049 969 3352 1040 Macarius,
3385 973 3615 1029 clavum
3648 983 3726 1030 te-

2092 1067 2235 1107 nens
2283 1053 2384 1108 Dei
2439 1054 2719 1123 Ecclesiae,
2769 1073 2894 1127 quas
2947 1061 3082 1113 tunc
3123 1069 3243 1115 erat
3288 1063 3724 1135 Hierosolymis,

2096 1141 2197 1212 qui
2244 1142 2416 1197 etiam
2458 1142 2564 1198 fuit
2609 1159 2762 1199 unus
2809 1160 2878 1200 ex
2923 1146 3016 1217 pio
3066 1147 3349 1221 catalago,
3390 1150 3486 1220 qui
3520 1167 3726 1208 conve-

2095 1229 2182 1284 nit
2211 1229 2434 1286 Nicaeae.

2165 1317 2255 1373 IX.
2289 1319 2432 1374 Cum
2466 1319 2526 1375 in
2557 1321 2665 1376 hac
2685 1337 2821 1392 ergo
2850 1321 3126 1394 spelunca
3153 1325 3448 1382 silentium
3479 1332 3535 1384 et
3564 1330 3725 1400 quie-

2091 1409 2206 1462 tem
2239 1423 2405 1477 agere
2433 1409 2734 1465 statuisset
2762 1410 3052 1479 Chariten,
3086 1417 3142 1468 et
3172 1415 3442 1470 omnibus
3473 1432 3574 1486 per
3604 1418 3724 1472 mi-

2090 1494 2286 1551 racula
2313 1497 2592 1552 evasisset
2624 1498 2990 1567 manifestus,
3015 1502 3214 1570 efﬁcit,
3248 1508 3312 1558 ut
3333 1503 3724 1561 innumerabi-

2086 1585 2160 1642 lis
2191 1587 2497 1644 multitudo
2527 1589 2832 1661 gentilium
2864 1596 2920 1646 et
2945 1593 3285 1650 Judaeorum
3327 1605 3595 1652 sanctum
3625 1598 3723 1653 ba-

2085 1675 2367 1746 ptismum
2399 1677 2663 1748 accipiat,
2697 1683 2754 1734 et
2786 1696 2901 1736 non
2933 1680 3054 1736 illic
3085 1682 3383 1753 consistat,
3415 1685 3514 1740 sed
3545 1687 3719 1742 etiam

2084 1763 2258 1819 vitam
2276 1765 2452 1836 eligat
2468 1767 2861 1830 monasticam.
2878 1768 2998 1824 Non
3015 1769 3201 1825 solum
3218 1775 3411 1826 autem
3428 1773 3719 1830 miraculis

323 1852 382 1909 δὲ
437 1853 622 1929 μόνον,
681 1852 828 1910 ἀλλὰ
883 1855 973 1909 καὶ
1038 1859 1118 1928 τῷ
1188 1854 1293 1930 βίῳ
1357 1851 1605 1918 πολλοὺς
1675 1854 1971 1934 ἐφείλκετο.

2085 1853 2182 1908 sed
2214 1853 2389 1909 etiam
2421 1854 2534 1910 vita
2567 1855 2781 1912 multos
2803 1857 3145 1913 attrahebat.
3171 1859 3306 1914 Erat
3327 1859 3478 1915 enim
3506 1863 3719 1917 miran-

323 1947 515 2018 Θαῦμα
558 1943 658 2019 γὰρ
714 1943 780 2013 ἦν
831 1941 1036 1998 ἐκεῖνον
1083 1944 1210 2021 ὁρᾷν
1257 1943 1490 2019 τοσαύτῃ
1531 1945 1668 2020 πρὸς
1707 1947 1806 2014 τήν
1837 1946 1973 2000 κατὰ

321 2033 450 2088 Θεὸν
505 2031 780 2089 πολιτείαν
846 2033 1131 2107 χρώμενον
1184 2035 1254 2107 τῇ
1310 2031 1543 2108 σπουδῇ,
1620 2036 1708 2089 καὶ
1765 2035 1973 2112 τρυφήν

323 2125 419 2196 μὲν
464 2125 775 2197 ἡγούμενον
815 2125 916 2195 τήν
973 2122 1279 2199 ἐγκράτειαν
1307 2142 1320 2158 ⁸
1368 2123 1606 2179 πλοῦτον
1639 2122 1717 2194 δὲ,
1760 2126 1818 2180 τὸ
1862 2147 1974 2196 μη-

319 2211 404 2269 δὲν
475 2214 804 2282 κεκτῆσθαυ
858 2213 1155 2290 χαμευνίαν
1211 2211 1266 2268 δὲ
1332 2212 1420 2268 καὶ
1469 2213 1532 2268 τὸ
1599 2215 1873 2290 πάννυχον
1924 2213 1976 2268 έν

316 2306 435 2364 ταῖς
484 2297 840 2375 ψαλμῳδίαις
911 2299 1056 2358 οὕτω
1105 2299 1408 2376 στέρξαντα,
1459 2302 1534 2364 ὡς
1592 2299 1762 2376 μηδὲν
1809 2303 1976 2358 πλέον

314 2387 460 2466 ἔχειν
516 2390 767 2463 ἡγεῖσθαι
826 2389 954 2452 τοὺς
1004 2387 1314 2464 φιλοζώούς
1363 2389 1417 2444 οἳ
1464 2392 1590 2465 παρ’
1630 2390 1767 2461 ὅλην
1811 2392 1975 2446 νύκτα

312 2482 624 2553 στρωμναῖς
675 2476 934 2546 ἁπαλαῖς,
1011 2476 1103 2535 ἐπὶ
1179 2477 1383 2532 κλινῶν
1469 2476 1790 2542 καθεύδουσι
1865 2484 1972 2534 τῶν

310 2562 698 2642 ἐλεφαντίνων,
739 2571 819 2638 τῷ
858 2565 1102 2642 τρύχίνῳ
1147 2562 1207 2623 δε
1242 2563 1502 2638 ἐνδύματι
1529 2570 1609 2637 τῷ
1639 2565 1766 2629 τοὺς
1793 2567 1972 2640 ἱεροὺς

313 2656 479 2711 αὐτοῦ
526 2654 764 2726 πιέζοντι
818 2655 1099 2728 μώλωπας
1173 2653 1443 2730 ἡδόμενον
1519 2654 1757 2729 μᾶλλον,
1823 2655 1858 2725 ἢ
1920 2660 1973 2711 οἱ

309 2744 408 2806 τὰς
461 2743 705 2816 μαλακᾶς
763 2742 990 2814 ἐσθῆτας
1038 2741 1412 2817 ἐνδεδυμένοι·
1467 2747 1502 2812 ἡ
1562 2746 1663 2819 γὰρ
1704 2751 1804 2814 τῆς
1845 2746 1974 2800 αἰω-

309 2853 430 2888 νιου
486 2832 891 2906 μακαριότητος
933 2832 1115 2902 ἐλπὶς,
1157 2834 1361 2888 ἅπαντα
1406 2833 1570 2888 πόνον
1623 2834 1750 2906 ῥᾷον
1792 2832 1969 2910 φέρειν

309 2919 471 2974 αὐτὸν
529 2920 828 2984 ἀνέπειθεν.
882 2918 1172 2992 Ἐλεήμων
1235 2921 1327 2990 ἦν,
1387 2920 1698 2992 συμπαθὴς,
1756 2921 1975 2996 φιλόξε-

310 3029 426 3075 νος,
481 3006 935 3082 ⁴ιθδπιοςμίςσυχος,
987 3009 1310 3082 εὐπρόσιτος
1359 3011 1511 3078 πᾶσι,
1564 3003 1972 3078 διδασκαλικὸς,

314 3095 481 3174 λόγον
533 3095 681 3175 ἔχων
722 3096 922 3168 πολλῷ
963 3095 1130 3152 πλέον
1182 3089 1327 3150 οἷ’νου
1385 3096 1482 3158 τὰς
1539 3099 1646 3152 τῶν
1690 3097 1971 3172 ἀκροατῶν

310 3182 664 3262 εύφραίνοντα
729 3181 974 3259 καρδίας.
1040 3185 1201 3242 Ὅθεν
1286 3187 1538 3256 ποταμοῦ
1624 3181 1802 3254 δίκην,
1877 3187 1974 3238 τοῦ

2081 1943 2221 1998 dum
2240 1942 2451 2014 videre,
2471 1943 2634 1999 illum
2657 1948 2910 2012 tantum,
2936 1963 3148 2017 ponere
3167 1947 3428 2004 studium
3450 1949 3519 2004 ad
3542 1950 3718 2005 vitam

2085 2047 2153 2087 ex
2181 2030 2406 2087 Christo
2438 2033 2742 2102 agendam,
2776 2040 2833 2089 et
2863 2035 3100 2091 delicias
3134 2036 3367 2107 quidem
3391 2037 3722 2094 existimare

2084 2119 2546 2176 continentiam:
2613 2122 2843 2178 divitias
2906 2129 3124 2194 autem,
3175 2123 3322 2179 nihil
3375 2126 3715 2196 possidere:

2086 2208 2242 2264 humi
2275 2224 2409 2264 vero
2438 2209 2807 2265 cubationem
2842 2215 2896 2266 et
2937 2211 2995 2265 in
3039 2211 3382 2268 Psalmodiis
3418 2223 3719 2284 pernocta-

2083 2297 2301 2354 tionem
2325 2299 2466 2353 adeo
2499 2298 2760 2369 diligere,
2788 2305 2850 2354 ut
2871 2300 3054 2356 nihilo
3080 2301 3285 2356 melius
3308 2301 3398 2373 agi
3423 2302 3718 2358 existima-

2084 2390 2172 2442 ret
2201 2403 2334 2443 cum
2368 2388 2458 2454 iis,
2491 2388 2590 2458 qui
2622 2389 2749 2444 vitae
2775 2393 2913 2444 sunt
2941 2389 3158 2461 cupidi,
3185 2389 3234 2444 si
3263 2394 3382 2444 tota
3403 2394 3567 2445 nocte
3584 2392 3719 2446 dor-

2084 2475 2268 2531 miant
2298 2475 2355 2530 in
2391 2475 2663 2532 mollibus
2695 2476 2967 2549 stragulis
2992 2494 3166 2548 super
3194 2477 3370 2533 lectos
3391 2480 3676 2533 eburneos
3702 2495 3716 2534 :

2081 2563 2385 2635 cilicioque
2415 2582 2612 2621 sacros
2644 2567 2774 2636 ejus
2805 2572 3100 2638 premente
3127 2568 3366 2635 vibices,
3399 2568 3585 2639 magis
3615 2569 3719 2623 de-

2083 2652 2302 2719 lectari,
2335 2669 2510 2723 quam
2544 2654 2605 2720 ii,
2631 2654 2724 2724 qui
2759 2661 2895 2709 sunt
2920 2655 3193 2710 mollibus
3221 2655 3409 2710 induti
3435 2657 3716 2713 vestibus.

2078 2741 2222 2812 Spes
2267 2741 2424 2796 enim
2459 2746 2684 2798 aeternae
2715 2743 3096 2798 beatitudinis
3121 2745 3171 2799 ei
3206 2743 3373 2800 facile
3403 2746 3719 2815 persuade-

2037 2830 2178 2883 xbat
2221 2845 2452 2884 omnem
2501 2831 2647 2886 ferre
2694 2830 2972 2888 laborem.
3007 2832 3142 2886 Erat
3171 2831 3447 2901 clemens,
3480 2832 3718 2888 miseri-

2081 2933 2231 2982 cors,
2265 2917 2592 2988 hospitalis,
2627 2925 2983 2985 mansuetus,
3017 2920 3267 2990 quietus,
3291 2922 3363 2976 ad
3399 2937 3566 2991 quem
3600 2938 3720 2977 om-

2082 3004 2258 3059 nibus
2311 3003 2499 3060 facilis
2548 3008 2780 3076 patebat
2823 3008 3036 3077 aditus,
3089 3008 3313 3064 habens
3364 3026 3716 3077 sermonem,

2082 3091 2182 3163 qui
2203 3093 2390 3164 magis
2405 3091 2914 3151 laetiﬁcabatcorda
2929 3098 3283 3163 auditorum,
3299 3115 3475 3169 quam
3492 3099 3717 3155 vinum.

2081 3179 2469 3243 Quamobrem
2519 3181 2700 3237 instar
2747 3183 2905 3238 ﬂuvii
2957 3185 3228 3240 universo
3279 3187 3350 3241 ad
3400 3202 3534 3241 eum
3589 3203 3724 3242 con-

310 3271 448 3328 λαοῦ
505 3275 705 3335 παντὸς
765 3272 1059 3336 ὡςσύτὸν
1117 3267 1355 3346 ῥέοντος,
1412 3272 1500 3327 καὶ
1562 3269 1726 3326 πόλιν
1786 3270 1967 3346 ὣσπερ

2082 3270 2299 3326 ﬂuente
2330 3269 2564 3341 populo,
2597 3274 2655 3325 et
2683 3272 2864 3326 turbae
2897 3273 3270 3329 multitudine
3292 3275 3718 3344 quodammodo

309 3366 378 3437 τῇ
437 3361 763 3439 πολυοχλίῃ
822 3363 920 3431 τήν
973 3356 1178 3436 ἔρημον
1239 3358 1652 3434 έπιδεξαμένων,
1711 3360 1968 3434 ὶωρακὼς

310 3453 499 3508 ἑαυτὸν
555 3451 882 3526 ὁμακάριος
923 3449 984 3506 ἐκ
1037 3454 1135 3506 τοῦ
1193 3448 1433 3514 ἐντεῦθεν
1483 3449 1777 3525 γινομένου
1809 3449 1971 3525 θορύ-

311 3535 433 3611 ϐου,
479 3546 580 3610 τῆς
639 3539 810 3618 φίλης
865 3539 1203 3616 ἀπαγόμενοι
1245 3538 1505 3615 ἡσυχίας,
1556 3537 1746 3600 ἄλλως
1798 3559 1857 3594 τε
1916 3535 1973 3594 δὲ

311 3630 399 3685 καὶ
470 3629 570 3698 τὴν
631 3627 680 3698 ἐξ
749 3629 1045 3704 ἀνθρώπων
1116 3626 1271 3701 δόξαν
1330 3629 1540 3702 φεύγειν
1621 3624 1972 3690 ἐσπουδακὼς

315 3714 457 3790 (ᾔδει
509 3718 609 3792 γὰρ
659 3717 743 3773 ’ὁτι
789 3717 1010 3793 χαλεπὴ
1053 3715 1187 3786 αὕτη
1231 3719 1462 3794 συγχέαι
1510 3717 1718 3788 κόσμον
1769 3718 1972 3804 ψυχῆς)

316 3805 635 3874 ἐπισκήπτει
687 3805 781 3877 μὶν
849 3805 973 3879 περὶ
1029 3803 1244 3860 πάντων
1317 3809 1436 3866 τοῖς
1495 3808 1802 3882 φοιτηταῖς,
1875 3802 1972 3857 ὅσα

318 3890 384 3963 δὴ
442 3892 761 3948 καταστάσει
819 3895 1088 3966 προσηκεῖ
1139 3897 1440 3968 μοναχικῇ,
1497 3892 1682 3968 καιρόν
1737 3913 1796 3948 τε
1845 3913 1966 3967 τρο-

316 3987 422 4058 φῆς
495 3977 768 4054 διατάξας,
830 3981 996 4057 ὅσπερ
1054 3979 1166 4036 ἐστὶ
1230 3979 1517 4056 ληγούσης
1571 3981 1818 4056 ἡμέραςο
1876 3980 1966 4035 καὶ

312 4068 375 4124 τό
438 4069 514 4142 μὴ
571 4069 713 4145 πρὸς
768 4071 930 4145 κόρον
991 4069 1206 4141 ἐσθίειν,
1242 4068 1388 4126 ἀλλὰ
1445 4071 1720 4141 ζητούσης
1751 4067 1830 4126 ἔτι
1871 4090 1967 4147 γα-

315 4158 473 4234 στρὸς
532 4157 814 4227 παύεσθαι,
864 4161 993 4215 εἶναι
1049 4157 1106 4214 δὲ
1156 4161 1255 4230 τήν
1299 4161 1532 4234 τροφὴν,
1574 4157 1734 4232 ἄρτον
1783 4164 1966 4231 μόνον,

312 4247 403 4302 καὶ
462 4246 588 4310 τοὺς
650 4247 787 4311 ἅλας
844 4245 1161 4323 ἡδύσματος
1214 4247 1402 4322 χώραν
1475 4244 1965 4318 ἄποπληροῦντας·

310 4337 374 4391 τὸ
406 4334 465 4392 δὶ
515 4336 681 4391 ποτὸν
729 4334 899 4411 ὓδωρ,
930 4338 1021 4391 καὶ
1057 4337 1189 4391 αὐτὸ
1242 4335 1422 4408 μέτρῳ
1461 4333 1551 4388 καὶ
1600 4330 1780 4406 φειδοῖ
1826 4332 1968 4404 λαμ-

314 4420 636 4498 ϐανόμενον.
677 4425 818 4481 Εἶτα
871 4425 962 4479 καὶ
1018 4428 1142 4493 περί
1200 4419 1553 4497 ψαλμῳδίας,
1602 4423 1689 4476 καὶ
1740 4441 1968 4497 προσευ-

315 4519 427 4586 χῆς
485 4511 862 4586 ἒντειλᾶμενος
921 4513 1193 4585 ἡμερινῆς
1247 4509 1358 4583 ’ἁμα
1405 4509 1495 4564 καὶ
1551 4515 1650 4579 τῆς
1716 4508 1768 4564 έν
1815 4511 1966 4566 νυκτὶ

315 4601 614 4676 γινομένης
643 4619 658 4633 ο
720 4605 895 4672 μισεῖν
941 4621 999 4655 τε
1047 4599 1240 4675 ἀργίαν
1288 4600 1362 4661 ὡς
1410 4597 1636 4654 πολλῶν
1663 4599 1837 4654 αἰτίαν
1867 4597 1968 4654 καὲ

319 4693 428 4744 κῶν
457 4708 469 4720 ’
503 4685 663 4764 ἔργον
705 4685 762 4744 δὲ
799 4694 918 4752 ταῖς
974 4689 1131 4766 χερσὶ
1171 4685 1403 4758 διδόναι,
1442 4692 1557 4750 τοῖς
1610 4689 1777 4764 ἱεροῖς
1826 4686 1967 4763 ψαλ-

324 4781 455 4851 μοῖς
486 4773 873 4850 κατᾳδόμενον,
907 4777 953 4833 εί
985 4776 1043 4833 δέ
1083 4797 1164 4839 τις
1208 4776 1478 4854 λογισμὸς
1519 4774 1724 4854 φαῦλος
1755 4777 1869 4832 οῖόν
1914 4797 1966 4832 τι

328 4865 566 4936 ζιζάνιον
598 4865 745 4940 παρᾶ
775 4869 872 4920 τοῦ
925 4870 1110 4921 κοινοῦ
1148 4865 1362 4920 πάντων
1412 4863 1616 4943 ἐχθροῦ
1662 4864 1713 4920 έν
1761 4869 1828 4941 τῇ
1866 4873 1967 4935 τῆς

322 4949 550 5027 καρδίας
607 4952 841 5028 ἐνσπαρῇ
897 4958 990 5029 τῇ,
1045 4953 1267 5026 νηστείᾳ
1318 4957 1478 5008 τοῦτο
1520 4954 1611 5008 καὶ
1651 4962 1967 5030 προσευχῆς

323 5042 411 5098 ἰπὶ
469 5041 637 5114 μόνον
699 5041 837 5120 ξίφει
897 5041 1098 5113 ταύτης
1153 5041 1448 5115 ἐκτέμνειν*
1501 5041 1591 5096 ’ίνα
1651 5044 1726 5116 μὴ
1775 5045 1962 5120 χώραν

320 5135 489 5209 σχοίη
534 5130 628 5186 τὸν
689 5133 881 5206 πικρὸν
941 5133 1039 5200 τῆς
1097 5129 1423 5200 ἡδυπαθείας
1471 5139 1777 5208 γεωργῆσαι
1831 5154 1964 5208 καρ-

322 5222 448 5289 πόν,
484 5217 592 5275 ὧδε
638 5219 742 5297 γὰρ
801 5220 863 5275 ἅν
919 5219 1136 5293 μᾶλλον
1195 5219 1419 5294 ἁρμόσει
1470 5220 1533 5275 τὸ
1578 5225 1674 5276 τοῦ
1703 5224 1960 5297 Χριστοῦ.

322 5309 406 5365 δτι
437 5309 600 5367 Τουτὶ
656 5309 718 5365 τὸ
747 5309 902 5383 γένος
943 5306 1098 5364 ούδὶν
1138 5305 1317 5384 ἕτερον
1345 5308 1380 5378 ἢ
1411 5309 1631 5378 νηστεία
1661 5310 1844 5379 ἐξώσει
1875 5313 1963 5367 καὶ

322 5399 633 5473 προσευχή.
684 5399 826 5471 Πρὸς
878 5397 1093 5459 τούτοις
1143 5394 1405 5466 ἐδίδασκε,
1440 5399 1517 5471 μὴ
1568 5395 1675 5453 δεῖν
1699 5401 1794 5463 τὰς
1825 5421 1961 5477 προ-

325 5483 486 5548 ὁδους
532 5490 778 5561 συνεχεῖς
828 5489 1119 5557 ποιεῖσθαι,
1169 5485 1379 5564 ἡσυχίᾳ
1415 5483 1470 5540 δέ
1529 5487 1740 5565 χαίρειν
1781 5491 1854 5552 ὡς
1899 5490 1965 5546 τὰ

325 5571 516 5630 πολλὰ
580 5573 750 5650 μητρὶ
798 5575 906 5630 τῶν
965 5575 1170 5651 ἀρετῶν
1201 5572 1358 5649 οὔσῃ,
1411 5574 1498 5629 καὶ
1539 5574 1836 5652 ὀφθαλμῶν
1868 5583 1964 5652 ψυ-

331 5669 438 5738 χξς
502 5663 691 5738 λήμην
786 5661 1105 5737 ἐπιτηδείως
1183 5663 1449 5742 καθαίρειν
1525 5662 1750 5742 ἐχούσῃ,
1827 5665 1964 5726 Οὐδὲ

2083 3358 2373 3416 civitatem
2405 3357 2691 3414 efﬁciente
2721 3358 3121 3426 solitudinem,
3153 3377 3288 3418 cum
3319 3362 3559 3419 vidisset
3591 3365 3722 3420 bea-

2083 3453 2178 3504 tus
2209 3463 2269 3503 se
2310 3464 2378 3504 ex
2426 3464 2491 3504 eo
2539 3449 2637 3520 qui
2686 3449 2822 3505 hinc
2870 3451 3185 3518 oriebatur,
3221 3451 3493 3520 tumultu,
3527 3470 3559 3507 a
3605 3452 3719 3507 sibi

2082 3546 2241 3611 grata
2270 3537 2481 3593 abduci
2514 3537 2852 3606 solitudine,
2885 3543 2940 3594 et
2974 3539 3224 3594 maxime
3272 3555 3404 3594 cum
3456 3541 3718 3596 studeret

2082 3628 2281 3698 fugere
2307 3625 2548 3695 gloriam
2596 3626 2898 3682 hominum
2939 3627 3183 3699 (sciebat
3227 3629 3382 3684 enim
3431 3645 3556 3684 eam
3593 3645 3714 3682 ma-

2081 3730 2254 3788 gnam
2287 3715 2392 3770 vim
2424 3714 2628 3770 habere
2673 3716 2743 3771 ad
2794 3715 3265 3771 confundendum
3313 3718 3516 3771 animae
3549 3733 3717 3772 orna-

2081 3804 2250 3876 tum),
2285 3804 2353 3858 de
2383 3803 2653 3858 omnibus
2685 3804 2941 3875 quidem,
2967 3804 3090 3859 suis
3122 3805 3360 3860 mandat
3388 3805 3712 3876 discipulis,

2080 3908 2147 3949 ea
2177 3908 2306 3964 qua:
2343 3892 2521 3948 statui
2563 3893 2881 3948 monastico
2927 3893 3300 3962 conveniunt,
3335 3899 3568 3964 tempus
3599 3894 3713 3949 cibi

2080 3982 2349 4038 sumendi
2381 3987 2661 4048 statuens,
2694 3981 2842 4052 quod
2877 3983 3112 4052 quidem
3138 3984 3222 4038 esi
3253 3982 3346 4038 die
3375 3983 3672 4038 desinente
3698 3998 3712 4036 :

2075 4077 2132 4128 et
2163 4089 2276 4127 non
2309 4071 2462 4127 vesci
2517 4071 2591 4126 ad
2638 4072 2981 4140 satietatem,
3013 4072 3114 4125 sed
3162 4076 3360 4127 ventre
3389 4071 3580 4126 adhuc
3615 4087 3713 4141 po-

2079 4159 2332 4215 stulante
2353 4174 2579 4216 cessare
2606 4174 2620 4212 :
2643 4174 2769 4214 esse
2792 4163 2982 4213 autem
3015 4158 3357 4213 alimentum
3383 4175 3591 4229 panem
3617 4174 3714 4214 so-

2079 4246 2199 4300 lum
2231 4250 2287 4300 et
2316 4245 2520 4309 salem,
2553 4245 2651 4315 qui
2683 4244 2924 4315 impleat
2955 4245 3148 4300 locum
3180 4245 3532 4300 condimenti
3568 4263 3581 4300 ε
3617 4263 3715 4316 po-

2079 4337 2205 4389 tum
2224 4337 2414 4388 autem
2437 4348 2674 4404 aquam,
2695 4333 2955 4404 quaeipsa
2976 4349 3207 4404 quoque
3230 4333 3448 4388 modice
3469 4341 3521 4388 et
3543 4351 3712 4404 parce

2077 4427 2364 4478 sumatur.
2397 4421 2612 4477 Deinde
2636 4437 2767 4476 cum
2801 4422 2872 4476 de
2921 4421 3246 4493 psalmodia
3293 4423 3630 4477 mandasset
3657 4428 3714 4477 et

2076 4511 2357 4579 oratione,
2389 4515 2509 4566 tam
2540 4511 2768 4578 diurna,
2792 4526 2968 4582 quam
2992 4527 3117 4582 quae
3140 4519 3308 4566 noctu
3342 4511 3523 4577 ﬁeret,
3545 4511 3713 4580 jubet

2077 4617 2173 4658 eos
2203 4601 2333 4657 odio
2372 4600 2586 4656 habere
2627 4599 2834 4666 otium,
2871 4603 2933 4654 ut
2971 4615 3202 4655 causam
3237 4599 3549 4654 multorum
3585 4616 3712 4654 ma-

2079 4689 2268 4746 lorum
2307 4705 2320 4743 :
2351 4704 2495 4760 opus
2524 4697 2714 4744 autem
2754 4689 2979 4744 tradere
3020 4689 3312 4755 manibus,
3345 4689 3496 4758 quod
3530 4687 3711 4742 sacris

2075 4777 2328 4835 Psalmis
2359 4777 2653 4850 irrigetur.
2685 4777 2741 4832 Si
2776 4793 2892 4850 qua
2919 4792 3049 4832 vero
3082 4776 3234 4831 mala
3280 4775 3574 4846 cogitatio,
3608 4790 3711 4830 ve-

2075 4867 2184 4924 luti
2235 4867 2498 4938 quaedam
2549 4867 2789 4934 zizania,
2821 4884 2854 4921 a
2891 4865 3185 4921 communi
3233 4864 3396 4919 hoste
3443 4863 3705 4918 omnium

2075 4962 2199 5013 sata
2229 4955 2402 5011 fuerit
2429 4955 2489 5011 in
2520 4962 2672 5011 terra
2701 4955 2910 5020 cordis,
2936 4955 3164 5026 jejunio
3195 4956 3253 5008 et
3298 4953 3547 5009 assiduae
3575 4970 3708 5008 ora-

2074 5044 2250 5102 tionis
2279 5059 2419 5100 ense
2463 5059 2589 5099 eam
2620 5043 2972 5109 exscindere,
3007 5059 3078 5098 ne
3122 5043 3313 5098 locum
3366 5045 3607 5112 occupet
3635 5043 3710 5097 ad

2075 5134 2516 5209 producendum
2573 5133 2848 5189 acerbum
2908 5133 3158 5187 fructum
3221 5129 3554 5200 voluptatis.
3613 5130 3709 5186 Sic

2074 5225 2230 5283 enim
2261 5223 2563 5295 impletum
2595 5222 2665 5277 iri
2698 5221 2842 5278 illud
2874 5221 3082 5278 Christi
3107 5237 3121 5276 :
3145 5220 3262 5275 Hoc
3285 5234 3466 5290 genus
3491 5219 3709 5274 daemo-

2076 5315 2306 5372 niorum
2340 5311 2488 5368 nihil
2519 5310 2673 5367 aliud
2705 5309 2969 5382 expellet,
2994 5325 3166 5382 quam
3183 5308 3478 5380 jejunium
3500 5310 3556 5362 et
3585 5323 3712 5363 ora-

2071 5406 2173 5462 tio.
2206 5404 2422 5458 Praater
2449 5417 2517 5457 ea
2545 5404 2740 5455 autem
2765 5399 3004 5455 docebat
3035 5415 3149 5455 non
3180 5399 3444 5470 oportere
3473 5395 3709 5452 assidue

2071 5491 2377 5566 procedere
2411 5504 2426 5545 :
2459 5487 2693 5545 silentio
2717 5504 2850 5545 vero
2881 5493 2936 5544 et
2977 5488 3171 5561 quiete
3200 5486 3447 5555 gaudere
3477 5487 3540 5540 ut
3569 5483 3706 5554 plu-

2071 5583 2308 5647 rimum,
2342 5595 2468 5649 quae
2498 5581 2582 5634 est
2611 5585 2798 5634 mater
2816 5577 3119 5644 virtutum,
3150 5579 3207 5632 et
3229 5579 3360 5647 apte
3386 5587 3706 5642 expurgare

2072 5671 2283 5728 lernam
2327 5667 2626 5725 oculorum
2675 5667 2899 5724 animae.
2931 5669 3123 5740 Neque
3164 5679 3294 5723 vero
3337 5658 3704 5734 praetermisit
