4124 6270
518 346 629 407 911

519 508 895 580 benignitatis
941 508 1124 565 facere
1158 509 1510 565 mentionem
1536 526 1549 563 :
1576 508 1676 564 sed
1708 509 1779 564 de
1809 508 1909 565 illa
1936 514 1994 566 et
2017 526 2124 581 quo

2235 512 2395 579 metu;
2443 512 2565 586 περὶ
2618 508 3052 588 φιλανθρωπίαν,
3106 508 3308 589 λόγους
3376 514 3583 591 ἀφῆκεν
3662 517 3954 591 ἀμνημο-

521 616 633 673 que
664 599 855 655 studio
889 599 998 654 fuit
1044 598 1234 654 dicere
1266 615 1391 669 quae
1448 598 1890 654 conveniebant.
1923 599 2165 655 Dicebat

520 691 699 754 enim,
731 688 1047 751 neminem,
1074 688 1122 741 si
1154 687 1276 741 fieri
1299 692 1792 757 posset,oportere
1822 687 2020 741 vacuis
2046 702 2164 739 ma-

520 779 692 833 nibus
720 777 1011 830 dimittere
1043 792 1110 830 ex
1138 776 1229 843 iis,
1253 776 1347 846 qui
1384 776 1668 830 accedunt
1708 776 1777 830 ad
1820 775 2057 841 ostium,
2091 789 2161 828 ne

520 867 666 920 forte
712 864 1008 920 Christum
1041 865 1355 919 inscientes
1386 864 1731 935 despiciant,
1764 864 1865 935 qui
1916 864 2161 935 suscipit

520 969 828 1024 personam
862 968 1204 1023 pauperum.

591 1042 733 1096 Cum
764 1040 1128 1108 sicdixisset,
1160 1046 1215 1095 et
1243 1039 1516 1111 elegisset
1539 1056 1717 1095 unum
1735 1057 1804 1095 ex
1825 1040 2153 1111 discipulis,

519 1129 616 1200 qui
649 1132 705 1183 et
750 1128 864 1183 vita
908 1128 1219 1198 praestabat
1252 1126 1398 1197 aliis,
1430 1134 1485 1183 et
1532 1133 1705 1199 aptus
1753 1136 1892 1199 erat,
1926 1134 1991 1184 ut
2028 1131 2156 1199 ejus

518 1216 652 1273 ﬁdei
685 1217 930 1271 fratrum
958 1217 1289 1271 crederetur
1318 1216 1682 1287 praefectura,
1706 1218 1755 1271 ei
1778 1234 1845 1272 ex
1866 1218 2155 1273 sententia

515 1305 759 1360 aliorum
791 1304 968 1360 etiam
1004 1303 1427 1375 discipulorum
1468 1306 1782 1360 committit
1812 1307 2148 1361 rectionem.

515 1395 642 1466 Ipse
689 1399 882 1451 autem
914 1395 1207 1467 egreditur
1236 1411 1265 1450 e
1297 1396 1506 1462 Laura,
1542 1396 1757 1451 multas
1805 1397 2036 1467 quidem
2063 1396 2149 1452 la-

513 1500 743 1553 crymas
765 1500 833 1539 ex
863 1483 1045 1539 oculis
1076 1484 1474 1539 emittentibus
1507 1486 1832 1555 monachis,
1854 1492 1911 1542 et
1936 1497 1994 1542 ut
2024 1488 2151 1559 ipse

513 1577 772 1627 maneret
800 1573 1157 1643 rogantibus,
1190 1572 1318 1643 ipso
1367 1579 1561 1628 autem
1604 1574 1748 1629 nulli
1792 1576 2047 1642 cedente,
2083 1584 2145 1634 ut

511 1660 611 1730 qui
637 1660 923 1731 aspiceret
961 1662 1030 1715 ad
1060 1660 1114 1714 id
1150 1661 1363 1727 solum,
1398 1663 1549 1729 quod
1584 1668 1672 1717 est
1702 1664 1860 1718 utile.
1880 1666 1934 1718 Si
1965 1667 2143 1734 enim,

507 1747 715 1819 inquit,
738 1764 770 1803 ο
794 1748 1072 1814 filii,hinc
1100 1748 1439 1816 migravero,
1467 1751 1698 1806 nemine
1718 1752 1833 1807 huc
1857 1754 2141 1810 ventitan-

1802 344 2086 408 MENSIS
2133 346 2611 412 SEPTEMBEB.

3827 356 3959 418 912

2269 600 2526 661 νεύτους*
2595 598 2743 655 ἀλλά
2789 600 2878 655 καὶ
2936 602 3062 675 περὶ
3108 600 3275 671 αὐτῆς
3330 601 3594 676 ἐπιμελὲς
3648 603 3855 682 ἔσχεν,
3918 610 3953 662 ἆ

2266 696 2535 762 προσῆκεν
2595 690 2785 745 εἰπεῖν·
2818 692 2963 769 Ἔφη
3025 689 3150 763 γὰρ,
3200 692 3246 744 εἰ
3295 689 3522 748 δυνατὸν
3559 693 3783 767 μηδένα
3832 701 3945 750 τῶν

2266 781 2334 849 τῇ
2393 778 2526 852 θύρᾳ
2574 778 2907 851 προσιόντων
2967 784 3144 842 κεναῖς
3182 778 3525 853 ἀποπέμπειν
3575 784 3770 859 χερσὶ,
3834 787 3947 857 μή·

2264 887 2396 921 ποτε
2448 867 2538 920 καί
2589 866 2807 922 λάϐοιτε
2847 867 3078 940 Χριστὸν
3134 866 3475 943 παριδόντες,
3517 872 3635 934 ἒνὸς
3685 878 3810 927 τῶν
3854 873 3942 929 ἑν-

2266 951 2399 1010 δεῶν
2429 954 2555 1029 δψιν
2599 956 2975 1030 ὑποκριθέντα.

2335 1047 2392 1104 1’.
2448 1045 2638 1109 Οὕτως
2691 1046 2859 1102 εἰπὼν
2907 1047 2996 1101 καὶ
3035 1044 3125 1102 ἕνα
3171 1051 3278 1102 τῶν
3328 1052 3583 1122 μαθητῶν
3612 1048 3936 1126 ἐκλεξάμε-

2259 1155 2377 1202 τος,
2425 1135 2528 1209 βίῳ
2566 1156 2624 1190 τε
2659 1140 2767 1189 τῶν
2812 1133 2999 1191 ἄλλων
3034 1132 3392 1211 διενεγκόντα,
3424 1140 3513 1193 καὶ
3556 1140 3743 1195 ἱκανὸν
3794 1140 3934 1197 ὄντα

2259 1225 2587 1297 προστασίαν
2649 1222 2899 1299 ἀδελφῶν
2952 1232 3329 1295 πιστευθῆναι,
3380 1228 3560 1301 τούτῳ
3613 1232 3758 1301 μετά
3836 1233 3931 1285 καὶ

2258 1319 2358 1381 τῆς
2397 1316 2505 1367 τῶν
2536 1311 2722 1396 ἄλλων
2752 1334 3028 1391 φοιτητων
3059 1315 3316 1388 γνώμης,
3355 1317 3457 1385 τὴν
3506 1317 3690 1395 ἀρχὴν
3724 1320 3925 1396 ἐγχει-

2258 1399 2416 1472 ρίζει.
2477 1396 2651 1458 Αὐτὸς
2692 1395 2749 1452 δὲ
2798 1405 2900 1466 τῆς
2957 1400 3170 1475 Λαύρας
3217 1401 3387 1476 ἐξῄει,
3434 1404 3618 1461 πολλά
3668 1410 3771 1480 μὶν
3823 1395 3923 1465 δά-

2253 1506 2391 1558 κρυα
2440 1491 2547 1541 τῶν
2595 1484 2895 1559 ὀφθαλμῶν
2947 1488 3206 1565 ἀφιέντων
3269 1496 3377 1547 τῶν
3448 1501 3735 1571 μοναχῶν,
3827 1501 3920 1554 καί

2258 1573 2431 1647 μένειν
2486 1574 2645 1629 αὐτὸν
2712 1575 3001 1646 ἀξούντων,
3061 1579 3225 1634 αὐτοῦ
3276 1578 3335 1636 δὲ
3402 1580 3636 1647 εἴκοντος
3689 1584 3915 1642 οὐδενί-

2253 1661 2343 1719 ὂὶτε
2416 1665 2553 1737 πρὸς
2601 1664 2765 1736 μόνον
2820 1666 2881 1720 τὸ
2950 1666 3229 1731 λυσιτελὲς
3296 1669 3611 1745 βλέποντος.
3667 1676 3732 1732 Εἰ
3803 1679 3909 1751 γὰρ

2251 1750 2474 1821 ἐνθένδε,
2550 1753 2733 1832 φησὶν,
2793 1751 2837 1806 ὦ
2903 1753 3083 1827 τέκνα,
3163 1761 3592 1831 μεταναστεύσω,
3664 1763 3910 1837 μηδενὸς

508 1841 582 1905 te,
632 1842 687 1892 et
744 1836 991 1905 quietem
1053 1839 1451 1899 conturbante.
1497 1841 1639 1894 bene
1689 1840 1797 1895 erit
1856 1843 2124 1915 utrisque.

2248 1837 2469 1903 ἐνταῦθα
2516 1845 2815 1918 φοιτῶντος
2854 1843 2943 1895 καὶ
2990 1844 3091 1913 τήν
3142 1847 3380 1925 ἡσυχίαν
3422 1836 3907 1925 ἐπιταράττοντοςν

505 1924 753 1979 Facilius
790 1926 945 1980 enim
996 1929 1051 1979 et
1099 1942 1203 1996 ego
1255 1931 1441 1981 vester
1467 1932 1626 1997 pater
1658 1928 1888 1999 spiritu,
1929 1936 1984 1985 et
2012 1948 2136 1999 vos,

504 2030 651 2085 quos
699 2013 756 2067 in
801 2013 1028 2069 Christo
1076 2016 1246 2082 genui
1296 2031 1395 2085 per
1436 2017 1834 2088 Evangelium,
1866 2019 2041 2075 veluti
2081 2022 2139 2077 in

502 2102 856 2170 quibusdam
891 2101 1203 2157 alvearium
1238 2102 1399 2157 cellis
1439 2105 1753 2175 tranquille
1784 2106 2136 2170 habitantes,

502 2188 686 2244 instar
716 2206 893 2259 apum
929 2191 1040 2245 mel
1062 2191 1294 2247 virtutis
1323 2193 1732 2262 producamus.
1762 2195 1905 2251 Cum
1937 2213 2139 2255 omnes

499 2294 636 2348 ergo
666 2282 866 2333 sancto
898 2278 1269 2348 impertiisset
1298 2281 1522 2349 osculo,
1550 2282 2051 2356 benedixissetque
2082 2292 2138 2343 et

499 2366 725 2421 Christo
773 2370 1259 2434 commendasset,
1292 2370 1402 2425 iter
1432 2375 1517 2425 est
1548 2373 1869 2442 ingressus.
1904 2378 1969 2429 Et
2000 2392 2132 2431 cum

497 2458 813 2527 peregisset
844 2458 951 2511 iter
982 2457 1157 2512 unius
1188 2458 1323 2527 diei,
1346 2459 1567 2514 accedit
1597 2460 1668 2515 ad
1699 2460 1872 2517 aliam
1905 2465 2134 2533 spelun-

496 2559 649 2611 cam,
681 2560 804 2614 qum
832 2544 945 2599 sita
975 2545 1203 2614 quidem
1237 2555 1355 2600 erat
1404 2548 1473 2602 ad
1520 2554 1711 2618 partes
1743 2550 2130 2606 Hierichunti-

495 2649 635 2689 nas:
669 2640 791 2687 erat
840 2637 1031 2687 autem
1081 2634 1329 2701 deserta,
1362 2639 1418 2690 et
1462 2642 1582 2691 erat
1612 2638 1917 2708 aptissima
1948 2641 2018 2695 ad
2051 2641 2129 2695 si-

491 2720 739 2776 lentium
762 2720 1130 2791 praebendum
1147 2730 1200 2777 et
1221 2723 1493 2793 quietem.
1510 2726 1652 2780 Cum
1673 2724 1908 2798 longum
1932 2732 2125 2785 autem

492 2812 725 2878 tempus
774 2807 893 2862 illic
940 2813 1096 2864 esset
1124 2815 1407 2876 versatus,
1440 2820 1494 2866 et
1533 2829 1658 2882 quae
1690 2830 1748 2870 se
1788 2815 2124 2884 offerebant,

491 2894 688 2950 herbis
713 2900 969 2951 uteretur
1014 2898 1084 2951 ad
1117 2897 1488 2970 alimentum,
1526 2902 1634 2955 Deo
1661 2901 1791 2969 soli,
1825 2908 1890 2959 ut
1920 2911 2043 2959 erat
2074 2909 2127 2963 ei

490 2990 744 3053 gratum,
776 2984 1001 3039 vivebat
1046 2990 1343 3058 perpetuo.
1378 2988 1471 3042 Sic
1520 2994 1715 3045 autem
1747 3006 1877 3046 eum
1920 3010 2125 3052 rursus

489 3070 644 3126 Deus
676 3072 882 3142 aperit,
908 3076 964 3127 et
989 3074 1178 3127 denuo
1211 3075 1584 3132 manifestum
1619 3080 1807 3133 reddit
1835 3096 1991 3153 eum,
2024 3084 2121 3155 qui

488 3162 612 3214 erat
658 3161 999 3217 absconsus.
1045 3162 1411 3218 Manifestum
1456 3172 1646 3221 autem
1681 3169 1867 3223 reddit
1898 3187 2001 3241 per
2029 3189 2115 3239 ea,

488 3263 611 3315 qua
647 3248 907 3316 faciebat,
943 3250 1249 3309 miracula.
1272 3254 1449 3308 Morbi
1482 3257 1636 3311 enim
1671 3274 1771 3326 per
1802 3232 1993 3329 ipsum
2025 3232 2124 3317 ex;
2155 3232 2204 3300 Ο

486 3336 877 3406 pellebantur,
903 3355 1327 3412 corporumque
1347 3344 1520 3399 simul
1545 3346 1685 3402 vitia
1707 3350 2122 3406 etanimarum.

484 3422 700 3478 Harum
734 3430 929 3480 autem
965 3429 1171 3498 magis,
1199 3431 1471 3499 quoniam
1505 3449 1569 3486 ea
1603 3450 1753 3505 saepe
1775 3437 2027 3506 corporis
2050 3438 2124 3492 vi-

482 3512 564 3565 tia
594 3514 927 3569 conciliant.
962 3518 1103 3572 Cum
1151 3518 1318 3573 multi
1352 3536 1485 3591 ergo
1527 3523 1598 3577 ab
1648 3524 1773 3593 ipso
1826 3529 2124 3583 consecuti

481 3608 679 3655 essent
708 3603 1092 3670 curationem,
1126 3611 1183 3660 et
1226 3608 1562 3664 statuissent
1589 3612 1766 3667 vitam
1800 3615 1959 3670 illius
1990 3617 2122 3672 imi-

481 3688 613 3755 tari,
645 3689 739 3743 hic
771 3706 998 3759 quoque
1028 3694 1273 3747 ediﬁcat
1304 3695 1549 3751 alterum
1582 3700 1857 3756 virtutum
1891 3703 2119 3761 habita-

479 3775 702 3844 culum,
737 3778 892 3847 quod
925 3779 1181 3849 Elpidius
1214 3784 1452 3851 quidem
1490 3795 1687 3855 postea
1718 3790 2113 3860 amplificavit,

480 3865 565 3917 vir
597 3864 905 3932 preclarus
937 3873 1091 3921 recte
1123 3868 1289 3923 factis
1332 3869 1389 3924 in
1440 3875 1869 3934 exercitatione.
1902 3878 2116 3935 Ducem

479 3958 672 4008 autem
705 3970 834 4010 eum
880 3956 1274 4028 appellabant,
1308 3964 1460 4031 quod
1507 3967 1784 4035 tanquam
1837 3967 1957 4024 Dux
1989 3971 2115 4041 qui-

477 4044 603 4098 dum
637 4060 810 4100 sacrm
840 4045 921 4100 illi
955 4047 1148 4103 Laurea
1183 4056 1469 4121 praeesset,
1502 4058 1558 4108 et
1588 4064 1804 4110 arceret
1833 4056 2111 4130 impetus,

476 4132 575 4203 qui
609 4133 664 4188 in
725 4148 850 4189 eam
883 4135 1114 4203 fiebant,
1146 4155 1291 4208 quos
1350 4143 1585 4211 quidem
1642 4144 1861 4201 IIebrmi
1903 4148 2111 4206 infere-

474 4218 637 4287 bant,
671 4221 770 4291 qui
798 4221 1140 4279 habitabant
1160 4226 1385 4283 Noeron
1412 4231 1714 4301 praedium,
1740 4236 1891 4304 quod
1915 4235 1997 4291 sic
2021 4253 2109 4293 vo-

473 4308 737 4375 cabatur,
770 4325 1044 4381 magnum
1074 4313 1305 4370 invidiae
1337 4318 1535 4373 fastum
1566 4323 1970 4390 parturientes.

542 4395 633 4451 Xl.
676 4398 959 4462 Quoniam
991 4416 1121 4468 ergo
1154 4403 1247 4459 hic
1278 4421 1525 4477 quoque,
1561 4410 1759 4464 multis
1780 4414 2104 4470 accedenti-

471 4484 603 4552 bus,
635 4486 1169 4556 interrumpebatur
1215 4491 1265 4545 ei
1298 4494 1463 4562 quies
1512 4512 1578 4550 ac
1619 4496 1933 4567 silentium,
1967 4517 2101 4560 cum

2250 1926 2579 2002 ἀμφοτέροις
2626 1929 2732 1997 ’ἐξέι
2789 1927 2995 1993 καλῶς’
3055 1932 3181 2006 ῥᾷον
3233 1936 3337 2009 γὰρ
3378 1935 3486 2011 ἐγώ
3530 1958 3591 1993 τε
3632 1940 3661 1994 ὁ
3698 1942 3904 2013 ὑμέτε-

2253 2037 2343 2089 ρος
2400 2018 2532 2071 κατὰ
2587 2021 2795 2090 πνεῦμα
2842 2022 3048 2094 πατὴρ,
3097 2023 3185 2077 καὶ
3249 2024 3405 2096 ὑμεῖς
3454 2026 3545 2088 οὓς
3587 2028 3639 2082 ἰν
3674 2031 3903 2105 Χριστῷ

2250 2102 2339 2159 διά
2391 2109 2487 2160 τοῦ
2539 2106 2881 2183 Εὐαγγελίου
2930 2108 3209 2184 ἐγέννησα,
3260 2113 3378 2168 οἷόν
3432 2135 3540 2170 τισι
3602 2102 3899 2192 σιμϐλοιςν,

2246 2198 2365 2258 ταῖς
2437 2192 2661 2257 κέλλαις
2742 2196 3021 2270 γαΛηνίως
3087 2199 3526 2276 ἐναυλιζόμενοι,
3614 2204 3895 2279 μελιττῶν

2246 2280 2403 2353 δίκην
2442 2283 2503 2339 τὸ
2552 2292 2651 2355 τῆς
2702 2286 2898 2360 ἀρετῆς
2947 2288 3073 2360 μέλι
3118 2295 3643 2368 καρποφορήσομεν.
3693 2300 3896 2355 ’Ἀπανο

2244 2393 2337 2436 τας
2368 2374 2457 2427 οὗν
2497 2373 2556 2428 ἐκ
2602 2373 2875 2450 φιλήματι
2932 2377 3231 2450 περιελθὼν
3278 2382 3433 2458 ἁγίῳ,
3490 2383 3804 2460 εὐλογήσας
3844 2411 3897 2445 τε

2242 2464 2331 2516 καὶ
2361 2468 2440 2535 τῷ
2489 2465 2705 2537 Χριστῷ
2754 2467 3148 2542 παραθέμενος,
3202 2468 3331 2526 ὁδοῦ
3374 2471 3582 2548 εἴχετο,
3616 2479 3709 2531 καί
3776 2486 3896 2551 μῖᾶς

2243 2549 2495 2613 διανύσας
2538 2553 2748 2629 ἡμέρας
2806 2552 2954 2626 ὁδὸν,
2988 2557 3157 2633 ἑτέρῳ
3216 2556 3559 2633 προσϐάλλει
3618 2549 3889 2643 σπηλαίῳ,

2238 2640 2373 2694 κατά
2422 2642 2514 2713 μὲν
2570 2643 2638 2697 τὰ
2696 2644 3055 2719 Ἰεριχοῦντια
3115 2647 3252 2724 μέρη
3309 2647 3667 2727 διακειμένῳ,
3699 2640 3882 2731 ἐρήμην

2239 2726 2295 2783 δὲ
2325 2728 2441 2783 ὅντι
2473 2730 2561 2784 καὶ
2617 2732 2850 2811 ἡσυχίαν
2886 2735 2960 2797 ὡς
2996 2736 3237 2809 μάλιστα
3267 2740 3528 2816 παρέχειν
3580 2743 3865 2817 ἐπιτῃὸεέὶμ.

2244 2816 2453 2890 Χρόνον
2508 2818 2688 2874 τοίνυν
2746 2822 2915 2878 ἐκεῖσε
2974 2821 3259 2900 διατρίψας
3319 2831 3543 2905 συχνὸν,
3589 2835 3663 2886 καί
3716 2834 3857 2907 βοτα-

2246 2911 2350 2961 νῶν
2405 2914 2522 2969 ταῖς
2576 2908 2961 2984 ἐπιτυχούσαις
3020 2914 3094 2976 εἰς
3155 2919 3363 2993 τροφὴν
3413 2921 3723 2994 χρώμενος,
3760 2928 3862 2995 Θεῷ

2248 2997 2420 3069 μόνῳ,
2479 3000 2656 3062 καθὼς
2713 3004 2828 3072 Θεῷ
2886 3000 3069 3081 φίλον,
3121 3008 3224 3074 ζῶν
3276 3003 3527 3063 διετέλει.
3577 3010 3761 3086 Ταύτῃ
3800 3034 3875 3067 τοι

2236 3088 2325 3139 καὶ
2376 3087 2505 3148 Θεὸς
2565 3088 2721 3142 αὐτὸν
2778 3096 3021 3165 φανεροῖ,
3080 3092 3167 3148 καθ
3228 3091 3398 3159 δῆλον
3446 3098 3539 3152 τὸν
3570 3104 3875 3175 κεκρυμμέ-

2234 3194 2323 3227 νον
2374 3175 2526 3237 αὗθις
2574 3176 2879 3247 καθίστῆσι.
2931 3188 3153 3257 φανεροῖ
3201 3181 3257 3238 δὲ
3308 3183 3380 3239 δι’
3428 3188 3499 3241 ὧν
3546 3187 3727 3246 ἐτέλει
3757 3195 3875 3247 01-J-

2237 3263 2443 3333 μάτων’
2498 3264 2647 3319 νόσοι
2697 3268 2800 3341 γάρ
2850 3267 3227 3338 ἀπηλαύνοντο
3280 3271 3351 3329 δι’
3390 3274 3574 3347 αὐτοῦ,
3607 3281 3697 3334 καὶ
3740 3282 3877 3354 παθη

2231 3353 2502 3425 σωμάτων
2554 3353 2668 3429 ἅμα
2714 3357 2802 3411 καὶ
2846 3364 2955 3414 τῶν
3005 3364 3223 3437 ψυχῶν.
3259 3367 3363 3422 Καὶ
3399 3366 3608 3424 τούτων
3645 3370 3703 3427 δὲ
3741 3374 3880 3445 μᾶλ-

2228 3439 2345 3511 λον,
2379 3442 2489 3516 ὅσῳ
2518 3441 2584 3515 δὴ
2617 3448 2705 3501 καὶ
2738 3447 3014 3513 πολλάκις
3043 3456 3150 3506 τῶν
3206 3461 3532 3525 σωματικῶν
3568 3458 3707 3514 αὐτά
3759 3465 3880 3517 καθ·

2230 3532 2463 3589 ίστανται
2524 3537 2774 3610 πρόξενα,
2832 3540 3138 3614 Τοιγαροῦν
3214 3542 3445 3599 πολλῶν
3522 3551 3655 3620 παρ’
3710 3548 3879 3607 αὺτοῦ

2224 3625 2507 3697 θεραπείας
2563 3628 2917 3698 ἀξιωθέντων,
2974 3630 3064 3683 καὶ
3123 3632 3216 3686 τὸν
3266 3631 3469 3690 ἐκείνου
3532 3636 3648 3710 βίον
3700 3641 3875 3709 ζηλῶ-

2224 3732 2309 3765 σαι
2368 3714 2785 3787 προῃρημένων,
2842 3713 3025 3791 ἕτερον
3084 3718 3369 3794 οίκνδομεῖ
3442 3725 3531 3778 καὶ
3598 3722 3708 3782 ὧδε
3776 3733 3875 3782 τῶν

2225 3800 2427 3871 ἀρετῶν
2486 3803 2834 3879 οἰκητήριον,
2900 3805 3031 3881 ὅπερ
3094 3808 3377 3873 Ἐλπίδιος
3440 3814 3532 3885 μὲν
3580 3813 3871 3872 ἐπλάτυνεν

2221 3886 2459 3961 ὕστερον,
2517 3891 2647 3964 ἀνὴρ
2708 3900 2823 3955 τοῖς
2880 3894 3195 3966 ἀσκητικοῖς
3265 3900 3414 3971 μάλα
3479 3907 3868 3979 κατορθώμασι

2220 3971 2541 4050 διαπρέψας.
2592 3984 2767 4036 Δοῦκα
2813 3980 2869 4037 δὲ
2909 3985 3071 4039 αὐτὸν
3122 3990 3557 4065 προσηγόρευον,
3589 3971 3670 4064 τῷ
3701 3991 3865 4049 δοῖδκά

2215 4086 2336 4119 τινα
2381 4072 2480 4134 τῆς
2539 4068 2686 4141 ἱερᾶς
2741 4069 2905 4139 τῆσδε
2964 4074 3177 4147 Λαόρας
3223 4076 3601 4151 προΐστασθαι,
3634 4084 3726 4136 καὶ
3769 4085 3861 4146 τὰς

2216 4152 2474 4227 ἐπηρείας
2534 4154 2725 4232 εἷ’ργειν
2781 4160 2873 4220 τὰς
2928 4164 3043 4216 κατ’
3102 4164 3289 4234 αὐτῆς.
3342 4166 3402 4228 ἃς
3443 4163 3693 4242 Ἑϐραῖοι
3739 4172 3857 4228 τότε

2216 4242 2268 4295 οἱ
2297 4243 2358 4297 τὸ
2388 4245 2571 4320 νοερὸν
2601 4244 2743 4300 οὕτω
2772 4246 3109 4323 καλούμενον
3164 4252 3443 4316 οἲκοῦντες
3483 4257 3717 4332 χωρίον,
3761 4282 3855 4316 πο-

2216 4330 2312 4385 λὺν
2346 4330 2626 4397 ὼδίνοντες
2651 4336 2740 4390 τὸν
2774 4338 2987 4412 φθόνον,
3019 4339 3249 4416 ἐπῆγον.

2287 4423 2389 4478 IA'.
2424 4424 2577 4479 Ἐπεὶ
2630 4422 2720 4478 οὖν
2770 4426 3040 4490 κάνταῦθα
3089 4429 3315 4487 πολλῶν
3386 4437 3747 4510 προσιόντων,
3794 4440 3856 4494 τὰ

2207 4517 2306 4577 τῆς
2380 4512 2614 4587 ἡσυχίας
2695 4512 2841 4587 αὐτῷ
2924 4513 3257 4590 διεκόπτετο,
3325 4519 3713 4597 διαταξάμενος
3765 4531 3846 4583 καί

470 4573 600 4629 istis
631 4590 861 4646 quoque
913 4577 1213 4634 monachis
1255 4581 1506 4638 dedisset
1552 4587 2016 4657 constitutiones,
2049 4597 2104 4647 et

470 4662 834 4692 νηηηηηηξαηιιι
862 4667 1146 4692 -..ιη-..-μιη
1176 4673 1428 4692 Α..-..ι--ι
1454 4673 1597 4692 -ξ-,η
1877 4679 1889 4690 .

2262 4573 2271 4577 -
2403 4573 2412 4580 -
2491 4573 2528 4587 η
2603 4573 2610 4574 ί
2813 4573 2823 4587 ι
3155 4573 3257 4590 θαι
3332 4573 3712 4597 τ--τ-ττν-Γ-’νντ
3767 4573 3841 4583 ”“···

2235 4598 2418 4668 ιότοῖς,
2468 4602 2557 4655 καὶ
2607 4602 2770 4657 εἰπὼν
2824 4605 2898 4666 ὡς
2944 4610 3187 4679 προσῆκε
3234 4612 3330 4681 ζῆν
3361 4612 3488 4675 τοὺς
3516 4617 3705 4692 ψυχῆς
3737 4617 3841 4672 ἑπι-

468 4662 836 4733 praacepisset
860 4667 1148 4736 quomodo
1173 4673 1433 4739 oporteat
1454 4673 1634 4729 vivere
1654 4692 1774 4745 eos,
1792 4679 1890 4748 qui
1915 4696 2101 4736 curam

466 4756 676 4823 gerunt
706 4754 937 4821 anima,
971 4761 1026 4812 et
1055 4772 1185 4812 eum
1218 4757 1600 4830 designasset,
1635 4766 1731 4836 qui
1763 4773 1915 4823 esset
1948 4786 2098 4839 prae-

465 4839 718 4907 futurus,
750 4842 884 4899 hinc
930 4860 1133 4901 rursus
1180 4848 1414 4919 recedit,
1445 4857 1503 4906 et
1545 4854 1767 4910 accedit
1814 4858 1883 4912 ad
1924 4858 2096 4915 aliam

465 4932 682 4995 partem
706 4930 1061 5005 solitudinis,
1088 4951 1214 5005 quae
1240 4941 1680 5007 quatuordecim
1703 4945 1908 5001 stadiis
1928 4946 2096 5017 paulo

462 5014 594 5084 plus
640 5022 741 5071 aut
776 5022 970 5076 minus
1018 5023 1199 5079 distat
1238 5041 1272 5079 a
1304 5026 1537 5097 regione
1583 5014 1965 5090 'I‘hecoorutn.
2002 5038 2095 5093 Sic

460 5103 615 5157 enim
654 5106 915 5164 Salvator
964 5114 1164 5167 mundi
1198 5129 1331 5170 eum
1381 5122 1600 5173 mutare
1632 5120 1760 5176 fecit
1793 5122 2093 5183 habitatio-

461 5205 571 5255 res,
605 5194 743 5260 quid
777 5197 890 5251 sibi
922 5199 1140 5269 volens,
1166 5206 1220 5256 et
1244 5220 1357 5274 quo
1392 5212 1556 5262 utens
1590 5210 1829 5266 consilio
1861 5213 1887 5268 ?
1919 5214 2090 5273 Illum

457 5278 694 5346 quidem
729 5283 973 5339 reddens
1004 5291 1300 5359 cognitum
1330 5302 1382 5348 el
1414 5295 1631 5352 clarum
1654 5301 1963 5358 omnibus:
1994 5322 2090 5364 eos

454 5368 673 5457 autem,
707 5371 807 5439 qui
840 5370 912 5423 ad
944 5371 1134 5441 ipsum
1166 5382 1527 5440 ventitabant
1554 5387 1740 5457 (erant
1766 5406 1891 5446 vero
1922 5408 1990 5448 ex
2019 5395 2088 5451 iis

450 5448 777 5543 complures
802 5458 1092 5543 gentiles),
1118 5468 1325 5533 partim
1350 5448 1581 5543 quidem
1606 5478 1885 5536 inducens
1908 5482 1973 5536 ad
1997 5448 2088 5540 ea;

444 5540 781 5639 purgfmdas
822 5542 1112 5639 baptismo
1134 5540 1611 5631 animas,partim
1644 5572 1833 5622 autem
1866 5570 1935 5623 ad
1970 5587 2087 5628 mo-

2213 4683 2568 4757 μελομένους,
2635 4689 2898 4763 γνωρίσας
2957 4690 3014 4746 δὲ
3079 4695 3167 4748 καὶ
3231 4697 3321 4752 τὸν
3388 4683 3835 4775 προστησόμενον,

2206 4773 2431 4829 αὐτόθεν
2474 4774 2639 4831 πάλιν
2685 4778 2973 4853 ἀνεχώρει,
3005 4784 3093 4837 καὶ
3137 4784 3212 4848 εἷς
3248 4781 3426 4861 ἕτερον
3477 4795 3582 4859 τῆς
3638 4790 3823 4865 ἐρήμου

2210 4862 2371 4936 μέρος
2421 4861 2690 4942 ἐπιφοιτᾷ,
2746 4866 3023 4943 τέσσαρσιν
3081 4869 3164 4926 ἐπὶ
3223 4878 3338 4937 τοῖς
3396 4873 3524 4932 δέκα
3588 4878 3812 4943 σταδίοις,

2202 4952 2291 5003 καὶ
2340 4957 2517 5025 μικρῷ
2556 4952 2721 5009 πλέον
2839 4953 3063 5012 ἔλαττον
3119 4965 3215 5015 τοῦ
3245 4965 3470 5036 Θεκῷων
3515 4967 3657 5025 οὕτω
3683 4967 3822 5043 λεγο-

2205 5058 2366 5111 μενου
2427 5038 2722 5111 διεστηκὼς
2779 5048 3058 5120 κτήματος
3096 5067 3109 5079 ’
3144 5049 3287 5106 οὕτω
3353 5053 3456 5130 γὰρ
3523 5057 3686 5113 αὐτὸν
3749 5058 3836 5120 τὶς

2202 5126 2443 5197 οἰκήσεις
2503 5132 2530 5184 ὁ
2596 5135 2692 5186 τοῦ
2748 5133 2958 5207 κόσμου
3018 5141 3217 5213 Σωτὴρ
3266 5138 3508 5213 ἀμείϐειν
3559 5144 3760 5218 ἐποίει,
3790 5147 3841 5203 τί

2204 5215 2539 5291 βουλόμενος
2571 5220 2658 5273 καὶ
2696 5221 2749 5274 τί
2771 5220 2872 5295 ἄρα
2897 5224 3039 5278 θεῖον
3081 5225 3428 5302 οἷκονομῶν;
3472 5234 3714 5291 Ἐκεῖνον
3748 5240 3841 5309 μὲν

2196 5304 2468 5379 γνώριμόν
2516 5326 2573 5362 τε
2617 5308 2705 5362 καὶ
2763 5319 3043 5387 καταφανῆ
3084 5320 3216 5371 πᾶσι
3272 5323 3444 5374 ποιῶν
3471 5340 3483 5353 ·
3520 5324 3653 5384 τοὺς
3684 5322 3745 5380 δὲ
3788 5347 3848 5402 γε

2196 5394 2330 5467 πρὸς
2361 5395 2519 5450 αὐτὸν
2552 5403 2853 5475 φοιτῶντας
2884 5401 3173 5475 (Ἓλληνες
3214 5403 3270 5463 δὲ
3298 5410 3503 5465 τούτων
3530 5412 3583 5466 οἱ
3615 5394 3850 5480 πλείους

2196 5479 2765 5575 ἐτύγχανον),-τοῦτο
2826 5489 2921 5562 μὶν
2976 5491 3053 5556 εἰς
3124 5497 3312 5570 ψυχῆς
3383 5500 3642 5575 κάθαρσιν
3730 5479 3847 5559 ivi.

2193 5590 2324 5642 γων,
2356 5570 2601 5628 τοῦτοδὲ
2638 5576 2727 5629 καὶ
2770 5576 2982 5649 μᾶλλον
3023 5581 3158 5654 πρὸς
3195 5585 3295 5652 τήν
3332 5584 3408 5648 εἰς
3446 5570 3606 5643 αὐτὸν
3654 5592 3846 5647 πίστιν

2196 5655 2220 5671 κ

2193 5657 2260 5711 δι’
2310 5657 2509 5716 ἐκείνου
2559 5670 2936 5741 χειραγωγῶν.
2987 5667 3218 5726 Πολλῶν
3262 5669 3317 5728 δὶ
3366 5675 3452 5731 καὶ
3494 5677 3644 5740 αὖθις
3677 5678 3842 5737 ἀδελ-
