4124 6270
503 468 619 527 915

505 644 661 683 nare.
692 632 873 699 Atque
896 630 1146 698 primum
1170 631 1404 700 quidem
1429 630 1505 684 sit
1528 628 1686 683 vobis
1709 631 1866 683 recta
1887 631 1943 682 et
1966 628 2133 681 firma
2165 626 2219 691 Α
2245 619 2515 692 διαμένον.

508 718 672 781 ﬁdes,
708 715 865 771 nullo
896 715 1198 773 labascens
1221 717 1511 788 periculo:
1540 717 1748 773 deinde
1768 717 1884 771 vita
1907 731 2135 787 quoque

504 806 578 859 sit
610 822 775 875 pura,
823 810 922 859 aut
954 811 1319 876 expurgetur.
1355 807 1424 860 Et
1470 810 1604 862 ante
1646 804 1841 861 omnia
1870 805 2029 860 vobis
2060 805 2137 859 sit

503 911 652 949 curae
684 894 943 966 corporis
974 896 1379 963 sanctiﬁcatio,
1410 902 1475 952 ut
1507 898 1566 953 in
1589 897 1807 967 templa
1829 897 2136 968 impolluta

502 984 571 1036 ad
606 999 705 1037 vos
737 984 971 1038 accedat
1002 990 1057 1038 et
1087 985 1395 1051 inhabitet,
1430 988 1527 1057 qui
1561 994 1649 1041 est
1677 1003 1878 1058 purus,
1910 992 1966 1041 et
1996 1002 2132 1039 san-

502 1071 844 1127 ctilicatione
876 1089 982 1127 sua
1004 1078 1058 1127 et
1089 1074 1238 1129 bono
1262 1075 1435 1129 odore
1458 1075 1713 1130 animam
1743 1076 2000 1145 impleat.
2028 1074 2136 1128 Res

501 1161 654 1213 enim
687 1160 843 1215 mala
882 1166 969 1215 est
1001 1161 1106 1231 ira,
1141 1167 1199 1217 et
1229 1163 1277 1218 si
1328 1162 1469 1234 quid
1514 1163 1670 1219 aliud
1707 1164 1911 1219 laedere
1943 1166 2135 1235 potest

500 1245 739 1302 fratrum
769 1264 1046 1306 amorem.
1070 1254 1114 1305 A
1138 1251 1298 1306 vobis
1329 1259 1519 1306 autem
1552 1253 1790 1307 omnino
1822 1252 2136 1309 retineatur

499 1350 566 1389 ac
598 1336 855 1392 foveatur
886 1354 992 1407 pax
1036 1343 1092 1394 et
1123 1342 1522 1396 mansuetudo.
1569 1341 1729 1406 Quod
1771 1340 1818 1396 si
1853 1342 2004 1396 inter
2032 1357 2131 1395 vos

499 1424 812 1493 aliquando
835 1427 1143 1497 contigerit
1173 1428 1433 1496 oﬂ'ensio,
1467 1445 1536 1484 ne
1567 1430 1653 1484 sol
1694 1430 1919 1485 occidat
1948 1430 2130 1497 vobis,

498 1528 531 1566 a
562 1512 690 1569 luce
728 1516 870 1571 adeo
920 1520 1153 1573 remotis
1185 1536 1252 1573 ex
1282 1520 1549 1575 odio.Sed
1602 1521 1989 1576 revocandum
2022 1526 2129 1590 est,

498 1619 672 1672 quam
697 1605 1141 1676 diligentissime
1164 1609 1283 1663 fieri
1307 1610 1537 1680 poterit,
1561 1610 1780 1666 bonum
1804 1612 2127 1681 charitatis,

500 1697 695 1762 utpote
727 1697 873 1763 quod
921 1697 1046 1751 sine
1092 1714 1155 1752 eo
1190 1715 1300 1752 non
1347 1698 1513 1753 liceat
1556 1702 1745 1755 videre
1785 1701 1997 1769 Solem,
2029 1702 2130 1773 qui

496 1782 814 1850 percipitur
843 1784 1246 1856 intelligentia.
1277 1787 1515 1842 Si.mala
1543 1794 1733 1844 autem
1769 1791 2038 1861 cogitatio
2070 1794 2126 1846 in

494 1867 705 1923 vestris
737 1874 861 1924 sata
891 1872 968 1926 sit
998 1872 1234 1938 animis,
1262 1890 1410 1928 curae
1433 1875 1594 1930 vobis
1627 1877 1703 1930 sit
1731 1891 1856 1932 eam
1888 1879 2000 1933 cito
2031 1894 2126 1933 ex-

494 1954 726 2023 pellere.
778 1957 871 2013 Sic
912 1959 1065 2014 enim
1108 1961 1333 2017 facilius
1366 1979 1488 2018 eam
1520 1964 1782 2033 ejicietis.
1816 1968 1938 2032 Quo
1969 1966 2124 2021 enim
2156 1999 2211 2065 B

495 2046 679 2113 magis
709 2062 776 2101 ea
807 2048 1025 2103 sinitur
1055 2067 1412 2122 permanere,
1444 2069 1508 2109 eo
1541 2054 1670 2125 plus
1699 2055 1991 2112 exhibebit
2022 2072 2121 2111 ne-

492 2130 653 2198 gotii,
698 2139 753 2188 et
782 2135 888 2189 erit
918 2148 1249 2209 expugnatu
1284 2141 1580 2196 difﬁcilior
1609 2143 1679 2210 ei,
1715 2145 1814 2215 qui
1846 2148 2125 2201 adversus

491 2218 652 2275 illam
684 2221 928 2279 voluerit
958 2226 1265 2283 decertare.
1301 2228 1432 2284 Sint
1455 2235 1649 2286 autem
1672 2232 1831 2288 vobis
1859 2250 2022 2290 arma
2050 2234 2123 2289 ad

489 2307 732 2369 bellum,
760 2310 1072 2381 jejunium,
1107 2316 1309 2380 oratio,
1344 2316 1629 2390 lacrymm,
1654 2322 1932 2377 memoria
1966 2339 2123 2378 mor-

487 2396 566 2451 tis
596 2402 653 2451 et
682 2399 979 2470 gehennae,
1014 2406 1070 2457 et
1100 2405 1254 2474 quod
1285 2411 1369 2461 est
1400 2408 1661 2464 omnium
1694 2410 2121 2468 validissimum

488 2490 546 2538 et
575 2485 831 2543 inimicis
855 2491 1108 2546 maxime
1130 2494 1402 2565 terribile,
1427 2497 1592 2553 beata
1618 2499 1955 2556 humilitas:
1990 2518 2123 2557 cau-

486 2574 700 2643 tioque,
736 2592 806 2631 ne
838 2593 1091 2649 unquam
1131 2598 1231 2637 vos
1270 2601 1453 2654 pravas
1498 2593 1782 2658 occupent
1824 2591 2121 2659 cogitatio-

489 2678 625 2716 nes:
677 2681 741 2717 ac
784 2665 1107 2724 observatio
1138 2687 1435 2741 sensuum,
1468 2679 1522 2727 et
1555 2692 1670 2745 prae
1701 2680 1945 2748 caeteris,
1977 2695 2121 2735 ocu-

487 2750 675 2806 lorum
708 2757 763 2806 et
792 2756 1042 2811 aurium.
1084 2757 1230 2813 Hinc
1259 2761 1411 2816 enim
1447 2767 1531 2817 est
1559 2764 1675 2820 illis
1706 2768 1980 2824 adversus
2012 2787 2118 2825 nos

484 2840 802 2909 ingressus,
836 2851 889 2898 et
930 2861 1107 2913 mors,
1141 2864 1265 2918 quae
1305 2850 1377 2905 ad
1408 2868 1514 2907 nos
1555 2852 1881 2924 ingreditur
1910 2874 2009 2930 per
2040 2860 2117 2917 fe-

485 2932 732 2988 nestras.

553 3175 695 3235 XIV.
728 3181 1157 3241 Possessionem
1183 3189 1443 3247 omnium
1470 3196 1955 3265 pretiosissimam
1981 3205 2112 3261 novi

481 3268 563 3321 nil
596 3271 913 3341 possidere,
954 3279 1011 3329 et
1044 3275 1129 3330 hae
1176 3283 1315 3334 sunt
1352 3297 1499 3339 verm
1541 3286 1752 3343 divitiae
1794 3290 1867 3357 ei,
1899 3293 1997 3363 qui
2028 3303 2113 3349 est

1774 463 2058 527 MENSIS
2103 459 2593 524 SEPTEMBER.

3827 447 3969 505 916

2599 617 2790 689 Πρῶτά
2863 613 2955 685 μὲν
3022 610 3112 665 οὖν
3195 610 3321 683 ὑμῖν
3381 610 3448 664 τά
3500 610 3607 672 τῆς
3673 606 3961 663 πίστεως

2249 711 2417 787 ὑγιῶς
2466 706 2735 782 ἐχέτωσαν
2773 703 2863 757 καὶ
2926 696 3181 776 βεϐαίως,
3239 697 3477 771 κινδύνῳ
3544 694 3765 787 μηδεὶιί
3850 716 3961 787 σαέ

2246 783 2527 872 λευόμενα.
2592 797 2819 853 Ἔπειτα
2878 788 2936 846 δὶ
2992 790 3081 845 καὶ
3149 791 3177 844 6
3244 788 3366 864 βίος
3413 787 3655 857 καθαρὸς
3690 783 3863 841 ἔστω
3912 786 3949 851 ἦ

2243 883 2601 960 καθαιρέσθω.
2661 884 2765 939 Καὶ
2825 882 2931 955 πρὸ
2998 900 3061 954 γε
3118 886 3331 934 πάντων
3404 878 3432 931 6
3485 881 3585 932 τοῦ
3646 876 3949 979 σώματῗς

2244 977 2516 1053 ἁγιασμὸς
2564 969 2967 1041 σπουδαζέσθω,
3027 970 3164 1024 ὥστε
3219 972 3372 1031 ναοῖς
3427 964 3797 1071 ἆμολύντοιῖ
3842 964 3946 1018 οὗ-

2247 1088 2346 1132 σιν,
2398 1066 2747 1140 ἐπιφοιτῆσαι
2796 1060 2858 1114 τὸ
2916 1058 3146 1131 καθαρὸν
3200 1058 3327 1130 ὑμῖν
3375 1053 3586 1128 πνεῦμα
3618 1056 3713 1109 καὶ
3770 1053 3939 1107 ἐνοι-

2980 1152 3007 1159 -
3105 1146 3117 1159 .
3195 1144 3222 1155 .-
3329 1148 3341 1159 .
3429 1147 3456 1159 ..
3572 1144 3586 1159 .
3656 1141 3705 1159 ει,
3881 1145 3893 1157 .

2242 1162 2427 1224 κῆσαι,
2457 1152 2547 1207 καὶ
2596 1154 2692 1205 τοῦ
2740 1151 3011 1222 ἁγιασμοῦ
3060 1144 3225 1201 αὐτοῦ
3256 1148 3342 1201 καὶ
3393 1147 3491 1208 τῆς
3536 1143 3793 1206 εὐωδίας
3830 1145 3939 1211 τήν

2243 1245 2439 1317 ψμχήν
2492 1240 2805 1314 πληρῶσκι.
2871 1237 3153 1337 ΙΙονηρκὸνκ
3185 1233 3492 1337 ξργῆ,“²ξαὶ
3547 1234 3771 1337 θυμὺςἱ

2243 1332 2293 1387 εἷ’
2321 1354 2373 1386 τι
2401 1329 2540 1385 ἄλλο
2576 1328 2835 1404 βλάπτειν
2888 1326 2949 1380 τὸ
2989 1321 3325 1402 φιλάδελφον
3369 1321 3607 1378 δύναται·
3654 1323 3805 1394 ὑμῖν
3844 1321 3928 1393 δὲ,

2243 1420 2389 1476 ἄλλα
2437 1420 2596 1475 παντὶ
2653 1418 2840 1490 τρόπῳ
2870 1412 3256 1489 περιποιείσθω
3293 1414 3356 1469 τὸ
3401 1412 3676 1485 εἰρηνικόν
3713 1432 3786 1465 τε
3828 1414 3927 1465 καί

2240 1511 2462 1582 ἥμερον.
2500 1508 2561 1565 Εἰ
2608 1507 2664 1562 δὲ
2711 1508 2799 1561 καὶ
2862 1500 3102 1578 συμϐαίη
3165 1502 3296 1558 ποτὶ
3364 1500 3627 1573 ἀλλήλων
3699 1503 3925 1575 μεταξό

2242 1568 2564 1655 σκάνδαλον·
2624 1600 2698 1671 μὴ
2758 1594 3021 1650 ἐπιδυέτω
3073 1594 3199 1666 ὑμῖν
3248 1594 3275 1647 6
3306 1590 3488 1661 ἥλιος,
3521 1590 3700 1653 οὓτως
3734 1592 3919 1668 ἀφεγ-

2240 1693 2351 1763 γῶς
2405 1684 2621 1761 ἔχουσιν
2683 1683 2742 1738 ἐκ
2796 1687 2894 1737 τοῦ
2948 1682 3159 1755 μίσους,
3216 1677 3373 1738 Ἀλλ’
3422 1678 3766 1747 ἀνακλητέον
3836 1679 3919 1742 ὡς

2239 1778 2354 1832 οἶόν
2382 1797 2440 1831 τε
2483 1773 2789 1835 σπουδαίως
2822 1772 2883 1826 τὸ
2911 1778 3009 1841 τῆς
3065 1769 3282 1845 ἀγάπης
3322 1766 3509 1839 καλὸν,
3544 1769 3619 1830 ὡς
3658 1770 3739 1841 μή
3783 1767 3912 1838 ἐξὸν

2234 1870 2428 1921 τούτου
2461 1865 2658 1939 χωρὶς,
2684 1864 2775 1917 τὸν
2805 1860 2999 1931 νοητὸν
3028 1856 3157 1913 ἰδεῖν
3190 1855 3377 1929 ἥλιον,
3409 1852 3637 1911 Φαύλου
3692 1854 3752 1910 δὲ
3801 1856 3908 1911 λο-

2235 1957 2438 2030 γισμοῦ
2478 1957 2596 2014 ταῖς
2661 1952 2943 2025 ὑμετέραις
3000 1947 3350 2023 ἐνσπαρέντος
3409 1948 3635 2023 ψυχαῖς,
3696 1943 3907 2019 ἐπιμε-

2235 2044 2322 2117 λὲξ
2380 2044 2506 2115 ὑμῖν
2573 2038 2798 2114 γινέσθω
2838 2035 3031 2113 τάχιον
3083 2036 3243 2091 αὐτὸν
3297 2035 3528 2107 ἐξωθεῖν.
3567 2032 3733 2091 Οὕτω
3788 2035 3901 2109 γάρ

2498 2131 2505 2137 .
2737 2129 2748 2137 .
2893 2129 2905 2137 .
3011 2125 3025 2137 .
3073 2121 3101 2137 ο
3142 2124 3159 2137 ς
3190 2125 3204 2137 .
3408 2125 3417 2137 .
3521 2124 3543 2137 ,.
3714 2124 3727 2137 .
3842 2124 3855 2137 .

2231 2131 2596 2207 εὐχερεστέρῳ
2654 2129 2788 2204 πρὸς
2846 2129 2945 2196 τὴν
3008 2121 3247 2194 ἐκϐολὴν
3308 2124 3595 2198 χρήσεσθε,
3637 2124 3731 2229 καὶ
3790 2124 3898 2229 γὰρ

2231 2222 2447 2295 ὅσῳπερ
2504 2219 2567 2275 ἄν
2638 2217 2805 2273 πλέον
2879 2216 3206 2291 παραμένειν
3280 2213 3440 2285 ἐῷτο,
3496 2212 3751 2285 τοσούτῳ
3802 2214 3894 2267 καὶ

2228 2308 2487 2366 πλείοντα
2542 2307 2757 2383 παρέξει
2811 2305 2877 2359 τά
2941 2304 3237 2378 πράγματα
3282 2302 3373 2355 καὶ
3445 2298 3889 2376 δυσμαχώτερος

2229 2396 2374 2454 ἔσται
2422 2401 2502 2469 τῷ
2533 2394 2993 2470 καταγωνίσασθαι
3032 2392 3378 2467 βουλομένῳ,
3408 2388 3598 2447 ’Όπλα
3642 2386 3701 2443 δὲ
3759 2391 3886 2461 ὑμῖν

2227 2487 2364 2542 ἔστω
2418 2486 2553 2561 πρὸς
2584 2485 2675 2539 τὸν
2723 2482 2889 2538 αὑτοῦ
2947 2480 3223 2555 πόλεμον,
3272 2480 3515 2550 νηστεία,
3564 2482 3878 2555 προσευχὴ,

2228 2574 2455 2650 δάκρυα,
2489 2576 2678 2647 μνήμη
2721 2594 2778 2628 τε
2829 2572 3054 2627 Θανάτου
3094 2571 3183 2625 καὶ
3225 2570 3468 2646 γεέννης,
3501 2571 3591 2624 καὶ
3643 2570 3706 2625 τὸ
3758 2571 3878 2624 πάνυ

2222 2687 2331 2720 των
2364 2663 2722 2739 ἰσχυρότατόν
2771 2683 2829 2717 τε
2878 2660 2968 2716 καὶ
3017 2655 3404 2740 φοϐερώτατον
3448 2664 3565 2720 τοῖς
3630 2657 3866 2738 ἐχθροῖς,

2224 2756 2259 2823 ἡ
2305 2753 2538 2827 μακαρία
2595 2752 2945 2822 ταπείνωσις,
2992 2747 3259 2829 ἀσφάλεια
3303 2746 3359 2803 δὲ
3416 2748 3556 2823 πρὸς
3633 2751 3690 2803 τὸ
3752 2772 3857 2820 μη.

2226 2838 2403 2902 δόλως
2455 2845 2570 2903 τοῖς
2618 2839 2890 2899 τοιούτοις
2947 2835 3262 2892 ἁλίσκεσθαι
3315 2836 3623 2912 λογισμοῖς,
3665 2835 3841 2903 αἴσθῃ(-

2224 2951 2358 2985 σεων
2436 2929 2678 3009 φυλακὴ,
2727 2929 2818 2983 καὶ
2875 2926 2983 3001 πρὸ
3041 2947 3107 3002 γε
3149 2932 3259 2982 τῶν
3309 2923 3524 2998 ἄλλων,
3575 2925 3841 3000 ὀφθαλμῶν

2221 3022 2311 3077 καὶ
2359 3015 2532 3077 ὤτων.
2581 3022 2852 3084 Ἐντεῦθεν
2896 3018 3000 3094 γὰρ
3058 3016 3278 3078 ἐκείνοις
3311 3017 3344 3085 ἡ
3377 3019 3493 3090 καθι
3536 3018 3696 3087 ἡμῶν
3731 3013 3857 3069 εἷσο-

2224 3111 2335 3183 δος,
2370 3113 2459 3167 καὶ
2488 3114 2515 3167 6
2555 3110 2644 3166 διά
2673 3116 2778 3165 τῶν
2812 3106 3044 3184 θυρίδων
3077 3108 3261 3163 εἰσιὼν
3293 3110 3429 3181 ἡμῖν
3461 3105 3709 3171 θάνατος.

2290 3206 2389 3260 ΙΔ⁸.
2422 3206 2623 3275 Κτῆμα
2656 3202 2866 3256 πάντων
2916 3199 3253 3272 τιμιώτατον
3302 3195 3425 3253 οἶδα
3464 3198 3566 3266 τήν
3608 3196 3857 3267 ἆκτησίαν

2218 3294 2307 3345 καὶ
2362 3297 2522 3347 τοῦτο
2580 3290 2821 3352 πλοῦτος
2877 3294 2959 3361 τῷ
3016 3287 3219 3362 εὐγενεῖ
3264 3286 3432 3350 ὅντως
3489 3288 3579 3341 καί
3629 3282 3864 3362 ἀκριϐῶς

478 3372 608 3412 vere
639 3374 955 3429 generosus
984 3368 1041 3419 et
1089 3368 1261 3436 plane
1309 3369 1472 3441 liber,
1516 3376 1676 3430 nulla
1725 3395 1942 3449 eorum,
1986 3398 2108 3451 quae

2224 3379 2512 3454 ἐλευθέρῳ,
2542 3380 2604 3434 τὸ
2648 3376 2893 3452 μηδεμιᾳ
2950 3375 3191 3432 δεδέσθαι
3243 3382 3352 3431 τῶν
3414 3371 3701 3451 παρόντων
3759 3376 3865 3432 ἐπι·

478 3446 711 3513 adsunt,
743 3451 1001 3507 vinctum
1037 3470 1159 3509 esse
1192 3460 1525 3528 cupiditate.
1562 3466 1871 3522 Dimetitur
1911 3446 2104 3526 autem

478 3535 711 3591 divinus
740 3540 1051 3609 Apostolus
1086 3561 1255 3599 usum
1290 3553 1513 3621 corpori
1546 3558 1930 3613 necessarium
1958 3575 1971 3613 :
2004 3559 2110 3616 Ha-

478 3621 698 3688 bentes,
750 3626 969 3693 dicens,
1022 3630 1289 3687 alimenta
1321 3643 1375 3691 et
1423 3640 1636 3727 quibus
1682 3649 1970 3716 tegamur,
2020 3649 2110 3706 his

479 3713 733 3765 contenti
761 3715 963 3771 simus.
991 3718 1100 3773 Res
1136 3728 1223 3774 est
1259 3726 1471 3793 gravis,
1493 3713 1638 3783 elate
1679 3713 1831 3789 deise
1862 3738 2106 3793 sentire:

478 3813 667 3867 neque
715 3810 797 3854 est
846 3804 1025 3872 aliud,
1078 3810 1228 3876 quod
1286 3815 1462 3883 magis
1508 3824 1699 3885 posset
1739 3829 2006 3881 evertere.
2042 3829 2105 3881 Id

479 3979 746 4031 ctorum:
781 3986 832 4032 et
866 3984 1003 4035 tunc
1036 3984 1358 4042 timendum
1386 4000 1465 4047 est
1489 4008 1688 4051 earum
1714 4001 2104 4070 naufragium.

477 4064 588 4118 Sed
620 4071 734 4121 stat
765 4069 1051 4127 dexteram
1090 4076 1391 4149 porrigens
1429 4082 1597 4139 nobis
1629 4102 1833 4144 rursus
1873 4064 2106 4149 divinus

473 4155 803 4223 Apostolus,
838 4164 893 4214 et
919 4164 1087 4218 verbo
1112 4165 1204 4230 iis,
1237 4172 1330 4237 qui
1366 4169 1579 4229 habent
1610 4193 1800 4247 aures,
1833 4197 2105 4253 magnam

475 4244 735 4312 praebens
769 4251 1158 4310 securitatem.
1193 4256 1298 4319 Qui
1330 4262 1484 4317 enim
1518 4264 1745 4323 videtur
1795 4274 1965 4340 stare,
2017 4272 2107 4329 in-

474 4331 620 4401 quit,
654 4334 841 4390 videat
873 4356 941 4393 ne
977 4343 1162 4399 cadat.
1190 4350 1441 4405 Fratrem
1466 4352 1750 4426 judicare,
1785 4331 2104 4417 cavendum

478 4426 566 4474 est
594 4438 695 4492 pro
728 4424 967 4482 viribus.
1000 4431 1102 4485 Hic
1150 4439 1237 4488 est
1284 4440 1439 4493 enim
1488 4442 1656 4498 foetus
1688 4448 1917 4515 animae,
1952 4468 2107 4506 more

474 4507 803 4565 Pharisaico
835 4515 975 4571 alios
1006 4520 1402 4592 despicientia,
1446 4532 1501 4583 et
1532 4532 1675 4603 ejus,
1709 4535 1809 4605 qui
1840 4554 1942 4607 per
1972 4541 2107 4595 alio-

474 4613 606 4651 rum
640 4600 1179 4663 condemnationem
1208 4627 1270 4666 se
1292 4600 1767 4685 vultjustiﬁcare.
1803 4600 1911 4680 sed
1939 4631 2019 4695 tu,
2042 4646 2107 4685 eo

476 4685 740 4757 dimisso,
780 4690 829 4746 si
873 4692 1178 4761 judicandi
1230 4705 1476 4761 tenearis
1524 4709 1828 4781 desiderio,
1880 4732 2009 4771 cum
2052 4723 2108 4774 te

476 4776 731 4845 proxime
763 4779 998 4852 habeas,
1040 4804 1110 4843 ne
1142 4806 1335 4847 cesses
1378 4797 1433 4849 te
1464 4799 1722 4866 quotidie
1754 4802 2024 4873 judicare
2055 4818 2108 4863 et

477 4867 830 4938 examinare,
863 4877 917 4926 et
950 4890 1124 4944 quam
1157 4880 1373 4949 Optime
1399 4886 1699 4955 corrigere.
1733 4892 1814 4945 Ad
1852 4896 2109 4964 petulan-

476 4953 613 5007 tiam
649 4972 714 5010 ac
746 4964 1153 5021 contumeliam
1197 4986 1482 5039 prOpensa
1522 4992 1610 5031 res
1642 4984 1728 5033 est
1757 4995 1969 5051 venter,
2005 4988 2102 5057 qui

477 5047 731 5113 curatur,
767 5049 863 5115 qui
895 5062 1191 5111 curantem
1227 5062 1432 5117 misere
1465 5073 1886 5123 remuneratur.
1924 5072 2105 5129 Labo-

476 5129 637 5227 ribus
672 5145 861 5191 autem
906 5138 1174 5213 ﬂectitur,
1220 5154 1275 5202 et
1319 5151 1547 5220 jejunio
1580 5154 1871 5227 domatur,
1922 5167 1996 5226 et,
2044 5167 2105 5218 ut

474 5218 656 5272 audax
688 5237 893 5295 equus,
927 5232 997 5284 ab
1034 5234 1392 5294 immodestis
1422 5255 1649 5299 arcetur
1675 5247 2098 5307 saltationibus.

472 5304 595 5360 Non
629 5317 717 5363 est
753 5330 785 5365 a
833 5320 991 5371 vobis
1032 5324 1303 5381 oblivioni
1340 5334 1671 5388 mandanda
1714 5335 2095 5407 hospitalitas.

476 5398 726 5466 llospitio
757 5415 947 5460 autem
993 5416 1360 5487 excipientes,
1406 5426 1579 5492 pedes
1629 5442 1861 5497 quoque
1908 5429 2100 5486 humi-

470 5483 854 5590 liter‘lavale:
903 5496 1005 5551 hoc
1044 5483 1130 5555 est
1169 5483 1572 5568 enim'Christi
1618 5483 1998 5590 praeceptum:
2041 5527 2099 5579 et

471 5576 621 5669 quod
654 5577 779 5669 ipse
816 5586 1035 5650 primus
1072 5592 1219 5658 fecit,
1254 5614 1356 5651 nos
1381 5603 1562 5665 jussit
1596 5576 1778 5661 facere
1804 5576 2093 5669 similiter.

467 5661 577 5717 Per
606 5668 663 5721 id
695 5669 850 5726 enim
883 5689 994 5730 non
1027 5680 1217 5736 solum
1267 5686 1490 5757 geritur
1519 5707 1658 5747 cura
1695 5698 1961 5765 proximi,
1993 5699 2094 5755 sed

2221 3469 2408 3543 θυμία.
2478 3470 2794 3542 Ἐπιμετρεῖ
2852 3466 3036 3542 μέντοι
3090 3468 3189 3534 τὴν
3250 3466 3533 3540 ἀναγκαίαν
3604 3471 3687 3538 τῷ
3764 3469 3865 3521 σώ-

2227 3580 2352 3633 ματι
2398 3557 2587 3633 χρείαν
2621 3558 2648 3611 ὁ
2700 3559 2845 3620 θεῖος
2913 3552 3268 3617 Ἀπόστολος·
3320 3556 3602 3628 Ἔχοντες,
3665 3553 3860 3632 λέγων,

2222 3647 2516 3725 διατροφάς
2615 3646 2706 3701 καὶ
2812 3644 3162 3718 σκεπάσματα
3252 3643 3469 3707 τούτοις
3563 3644 3860 3720 ἆρκεσθησό

2224 3749 2359 3810 μεθα
2387 3756 2399 3770 ⁸
2449 3734 2617 3791 δεινὸν
2653 3735 3079 3813 ὑψηλοφροσύνη
3112 3734 3200 3788 καὶ
3237 3733 3314 3797 ὡς
3370 3732 3521 3789 οὐδὲν
3567 3731 3709 3789 ἄλλο
3739 3738 3860 3790 καθ-

2220 3832 2390 3900 αιρεῖν
2461 3823 2772 3898 δυνάμενον,
2830 3824 2865 3894 ἢ
2935 3823 3138 3901 πέφυκε
3212 3822 3305 3896 μὶν
3384 3822 3461 3885 ὡς
3536 3822 3605 3877 τά
3682 3822 3861 3879 πολλὰ

2217 3914 2443 3985 πλούτῳ
2500 3912 2938 3986 κατορθωμάτων
2992 3909 3232 3982 ἕπεσθαι,
3292 3911 3402 3966 εἶτα
3459 3910 3699 3987 γίνεσθαι
3740 3914 3858 3967 τού-

2216 4023 2312 4056 του
2360 3999 2601 4076 χαλεπὸν
2662 3999 2840 4072 ἐκεινη
2890 4001 3166 4077 ναυάγιον.
3230 4000 3390 4057 Ἀλλ’
3437 3998 3632 4072 ἕστηκε
3691 3998 3858 4071 δεξιὰν

2216 4095 2350 4165 ἡμῖν
2411 4090 2708 4146 ὑποτείνων
2754 4091 2781 4144 ὁ
2839 4092 2980 4151 θεῖος
3023 4090 3188 4145 πάλιν
3237 4088 3601 4160 Ἀπόστολος,
3652 4092 3741 4146 καί
3785 4097 3857 4165 τῷ

2217 4182 2423 4255 ῥήματι
2479 4177 2699 4250 πολλὴν
2745 4182 3003 4256 παρέχων
3052 4186 3167 4240 τοῖς
3200 4178 3313 4234 ὦτα
3345 4178 3530 4254 ἔχουσι
3563 4181 3663 4247 τήν
3696 4181 3854 4258 diaeti-

2218 4269 2386 4328 λειαν.
2445 4271 2500 4325 Ὀ
2557 4270 2662 4344 γὰρ
2722 4266 2895 4324 δοκῶν
2968 4269 3201 4336 ἑστάναι,
3260 4270 3417 4347 φησὶ,
3478 4267 3725 4345 βλεπέτω
3781 4274 3851 4343 μή

2216 4359 2371 4433 πέςῃ.
2406 4359 2478 4415 Τὸ
2543 4359 2736 4432 κρίνειν
2813 4358 2906 4414 τὸν
2961 4356 3216 4435 ἀδελφὸν,
3268 4352 3598 4429 εὐλαϐητέον
3686 4360 3847 4430 ὁπόση

2218 4446 2443 4522 δύναμις
2480 4467 2493 4481 ⁶
2556 4448 2799 4525 γέννημα
2854 4448 2957 4522 γὰρ
3014 4452 3177 4503 τοῦτο
3236 4451 3425 4525 ψυχῆς
3484 4448 3847 4523 ὃπεροπτιγῶς

2216 4536 2475 4611 ἐχούσης,
2534 4538 2622 4592 καὶ
2682 4540 3013 4616 φαρισαϊκῶς
3064 4535 3154 4589 καὶ
3208 4533 3447 4591 δικαιοῦν
3510 4537 3695 4593 ἑαυτὸν
3768 4536 3846 4593 διὰ

2215 4634 2314 4696 τῆς
2344 4633 2439 4683 τοῦ
2487 4626 2723 4698 πλησίον
2770 4627 3137 4701 κατακρίσεως
3190 4624 3554 4702 βουλομένου.
3589 4626 3762 4685 Ἀλλᾶ
3791 4630 3842 4682 σὺ

2136 4716 2410 4811 Βτούτου
2478 4718 2738 4788 ἀποστὰς,
2803 4716 2849 4770 εἳ
2910 4737 2993 4770 σοι
3053 4714 3211 4794 φίλον
3296 4714 3524 4788 κρίνειν,
3604 4713 3837 4793 ἒγγύτατα

2218 4811 2434 4864 σεαυτὸν
2459 4806 2623 4884 ἔχων,
2659 4810 2734 4881 μή
2767 4804 3042 4869 διαλίποις
3076 4806 3192 4862 ὅσαι
3224 4804 3426 4879 ἡμέραι
3456 4807 3657 4883 κρίνων
3682 4829 3733 4864 τε
3758 4808 3829 4863 καί

2216 4897 2540 4973 ἀνακρίνων,
2592 4900 2681 4952 καὶ
2743 4897 2817 4958 ὡς
2876 4895 3065 4972 ἄριστα
3113 4893 3493 4970 διορθύμενος,
3558 4898 3821 4981 Πρόχειρον

2217 4985 2295 5048 εἰς
2326 4981 2477 5061 ὕϐριν
2509 4988 2735 5059 γαστὴρ,
2767 4985 2856 5040 καὶ
2886 4986 2974 5039 τὸν
3008 4985 3336 5060 θεραπευτὴν
3367 4982 3574 5040 ἀθλίων
3629 4979 3823 5060 69.2160—

2217 5072 2372 5146 μένη’
2442 5076 2630 5137 πόνοις
2680 5072 2736 5129 δὲ
2791 5076 3096 5147 κάμπτεται
3172 5074 3262 5128 καὶ
3312 5074 3533 5146 νηστείᾳ
3619 5072 3834 5148 δαμάζε-

2210 5183 2316 5235 ται,
2376 5163 2465 5218 καὶ
2510 5164 2582 5225 ὡς
2633 5164 2825 5238 θρασὺς
2873 5160 3069 5233 ἵππος,
3136 5168 3243 5218 τῶν
3314 5161 3562 5218 ἀτάκτων
3621 5162 3837 5240 εἴργεται

2211 5254 2622 5328 ακιρτημάτων.
2675 5256 2791 5322 Τῆς
2850 5251 3153 5327 φιλοξενίας
3205 5253 3332 5325 ὑμῖν
3361 5252 3464 5307 οὐκ
3502 5251 3838 5325 ἐπιληστέον·

2208 5343 2499 5412 ξενίζοντες
2534 5340 2611 5414 δὲ,
2659 5343 2745 5396 καὶ
2797 5340 2922 5404 τοὺς
2969 5340 3138 5404 πόδας
3199 5343 3576 5415 μετριοπαθῶς
3614 5342 3838 5400 νίπτετε.

2206 5436 2365 5485 τοῦτο
2419 5432 2522 5507 γὰρ
2568 5429 2763 5499 ἐντολὴ
2819 5432 3077 5501 Χριστοῦ,
3129 5430 3218 5484 καὶ
3268 5434 3488 5506 πρῶτος
3527 5430 3692 5492 αὐτός
3722 5429 3839 5506 δρά-

2208 5542 2322 5586 σας,
2371 5524 2505 5593 ἠμῖν
2557 5515 2776 5598 ἔχεσθαι
2805 5523 2901 5574 τοῦ
2934 5519 3135 5593 ὁμοίου
3172 5517 3631 5593 παρεκελεύσατο.
3667 5521 3834 5578 Ἔστι.

2205 5611 2306 5688 γὰρ
2348 5610 2408 5664 οὐ
2467 5609 2844 5683 θεραπευτικὸν
2895 5612 2995 5663 τοῦ
3045 5608 3282 5679 πλησίον
3328 5608 3510 5681 μόνον,
3551 5606 3699 5665 ἀλλὰ
3751 5612 3835 5668 καὶ

2201 5701 2263 5755 τὸ
2313 5699 2555 5775 χαλεπὸν
2617 5698 2833 5772 νόσημα
2879 5704 2979 5768 τῆς
3027 5700 3214 5775 ψυχῆς
3258 5697 3357 5766 τήν
3402 5695 3605 5769 οἴησιν,
3638 5699 3715 5762 ὡς
3740 5701 3833 5756 οὐχ

2201 5785 2339 5843 ἄλλο
2370 5808 2421 5841 τι
2469 5786 2775 5863 θεραπεύειν
2811 5784 3119 5863 δυνάμενον.
3156 5781 3343 5842 Πολλὰ
3396 5783 3490 5859 μὶν
3550 5787 3637 5842 καέ
3696 5787 3827 5846 ἄλλα
