4124 6270
367 387 488 444 917

1653 395 1834 454 Vl'l‘A
1884 397 1948 458 S.
1998 398 2494 461 CHAltlTONlS.

3655 409 3771 466 918

366 545 468 597 τοῦ
528 542 700 618 ῥύπου
757 548 864 611 τῆς
919 542 1186 618 ἁμαρτίας
1244 546 1525 622 καθάρσια,
1566 551 1594 604 ὁ
1631 554 1873 622 Ποιητής
1923 553 2012 607 καὶ

2131 556 2310 612 nimia
2329 559 2400 614 de
2429 573 2492 614 se
2521 559 2841 631 persuasio.
2869 563 3055 632 Atque
3077 561 3296 618 multas
3328 563 3564 634 quidem
3588 564 3764 619 etiam

370 633 573 706 Σωτὴρ
617 636 727 687 τῶν
781 633 1066 709 ἡμετέρων
1109 633 1284 710 ἐξεῦρε
1339 639 1557 711 ψυχῶν,
1605 640 1744 708 οἷον,
1793 637 2015 714 δάκρυα,

368 719 736 794 στενάγματα,
794 717 1084 797 συντριὸἠν
1150 722 1394 797 καρδίας,
1460 725 1730 794 νηστείαν,
1794 746 2015 802 προσευ,

369 809 503 887 χῆν,
536 808 865 883 χαμευνίαν,
897 809 987 864 καὶ
1021 808 1149 866 εἷ’τι
1194 809 1336 866 ἄλλο
1386 811 1671 888 φάρμακον
1711 822 1810 885 τῆς
1851 816 2018 892 φιλα-

367 896 513 958 νείας
563 893 827 954 δέδεικται
881 899 1183 972 μετανοίας.
1244 899 1402 956 Ἀλλ’
1469 900 1699 958 ἐπίπονα
1763 904 1852 958 καὶ
1918 925 2018 960 κα-

374 987 595 1060 ματηρά
643 991 835 1055 ταῦτα,
879 985 976 1042 κᾶν
1018 986 1236 1057 πολλὴν
1278 990 1561 1065 παρέχωσι
1591 992 1692 1059 τήν
1726 991 2014 1069 ὠφέλειαν.

369 1077 468 1132 Ἕν
520 1071 576 1130 δὲ
625 1073 745 1131 οἶδα
792 1077 928 1133 πάνυ
982 1077 1076 1151 μὲν
1122 1076 1341 1147 ἄπονον,
1394 1081 1530 1133 πάνυ
1581 1078 1637 1135 δὲ
1666 1087 1896 1154 καθᾶραι
1921 1082 2014 1156 ῥύ-

371 1185 473 1219 πον
511 1167 694 1240 ψυχῆς
747 1165 1128 1241 ἰσχυρότατον.
1177 1168 1245 1223 Τί
1291 1166 1451 1221 τοῦτό
1502 1167 1610 1222 ἐστι
1640 1189 1653 1238 ;
1685 1169 1760 1224 Τὸ
1808 1170 2015 1246 ἀφιέναι

371 1260 489 1318 τοῖς
540 1256 796 1311 πταίσασι
843 1258 906 1311 τὸ
970 1257 1293 1330 ἁμάρτημα.
1343 1259 1516 1332 ’Ὀπερ
1548 1258 1609 1313 ού
1659 1264 1735 1330 τῷ
1776 1263 1891 1331 Θεῷ
1925 1261 2020 1332 μό-

369 1365 462 1398 νον
529 1343 689 1421 φίλον
745 1344 880 1415 ἐστὶ,
913 1346 1004 1400 καὶ
1064 1345 1218 1402 λύσιν
1274 1346 1364 1401 ἀπ’
1415 1345 1622 1402 ἐκείνου
1679 1353 1785 1403 τῶν
1819 1349 2016 1420 ἡμετέ-

368 1453 478 1508 ρων
525 1429 808 1510 πρεσϐεύει
853 1440 1052 1505 κακῶν,
1105 1433 1252 1491 ἀλλὰ
1299 1437 1387 1490 καὶ
1429 1436 1701 1511 τιμωρίας
1743 1436 2016 1499 πολλάκις

370 1521 732 1602 σφοδρότερον
785 1524 1006 1579 ἅπτεται
1057 1528 1152 1579 τοῦ
1202 1525 1616 1596 ἡμαρτηκότος,
1658 1525 1746 1579 καὶ
1819 1523 2018 1580 δοῦλον

367 1611 485 1667 ἀντ’
535 1609 822 1686 ἐλευθέρου
881 1617 960 1683 τῷ
1017 1613 1375 1689 συνεγνωκότι
1436 1619 1586 1668 ποιεῖ
1735 1610 1885 1668 δοκεῖ
1926 1614 2017 1667 καὶ

368 1703 487 1763 τοῖς
543 1699 790 1774 θύραθεν,
851 1703 1188 1778 Συγγνώμη,
1239 1700 1481 1778 λέγουσι,
1531 1701 1800 1776 τιμωρίας
1847 1703 2018 1776 κρείτ-

369 1809 498 1847 των.

439 1973 541 2029 IE'.
576 1973 761 2030 Ταῦτα
799 1972 887 2028 καὶ
934 1971 1120 2030 πολλᾶ
1149 1973 1293 2032 ἄλλα
1335 1980 1558 2032 τοιαῦτα
1586 1982 1701 2040 τοῖς
1728 1983 2014 2056 φοίτηταῖς

369 2059 626 2137 εἰρηκὼς,
692 2061 1050 2136 ἐπευξάμενός
1106 2084 1163 2119 τε
1218 2067 1404 2140 ψυχῆς
1461 2068 1754 2142 σωτηρίαν,
1801 2067 1892 2122 καὶ
1931 2067 2013 2123 εὐο

369 2147 609 2223 λογήσας
670 2151 890 2221 αὐτοὺς,
948 2149 1209 2226 οὐδεμίαν
1265 2154 1426 2209 νόσου
1485 2150 1669 2211 λαϐὼν
1738 2154 2010 2226 αἴσθησιν,

369 2236 497 2294 οὐδὲ
549 2237 798 2315 ἀλγήσας
846 2262 898 2296 τι
946 2245 1054 2296 τῶν
1100 2243 1307 2314 μορίων
1352 2247 1450 2299 τοῦ
1499 2245 1774 2318 σώματος,
1815 2246 2012 2300 ἀναπε-

369 2328 477 2382 σὼν
516 2323 569 2382 ἔν
620 2348 727 2383 τινι
767 2332 876 2384 τῶν
925 2328 1244 2402 σκιμπόδων
1293 2331 1459 2401 ἀνῆκε
1511 2333 1604 2406 μὲν
1647 2335 1774 2398 τοὺς
1815 2331 2008 2405 πόδας,

366 2417 539 2495 ἀφῆκε
587 2413 645 2471 δὲ
698 2417 799 2485 τήν
852 2417 1115 2492 μακαρίαν
1165 2421 1378 2494 ψυχήν,
1427 2421 1682 2495 χαίρουσι
1713 2423 2010 2497 χαίρουσαν

359 2503 478 2567 τοῖς
533 2503 758 2582 ἀγαθοῖς
828 2504 996 2576 αὐτὴν
1054 2505 1328 2582 παραδοὺς
1387 2507 1664 2584 ἀγγέλοις,
1728 2509 1887 2586 χερσί
1951 2531 2008 2566 τε

363 2591 566 2669 ἁγίαις,
624 2593 806 2671 ὥσπερ
866 2594 1007 2658 εἰκὸς
1065 2596 1154 2665 ἦν,
1213 2600 1292 2669 τῷ
1341 2598 1495 2672 τάφῳ
1569 2597 2006 2673 παραπεμφθεῖς,

363 2681 438 2743 εἰς
494 2683 594 2752 τὴν
678 2681 916 2754 ἄληκτον
993 2680 1298 2758 μεταϐαίνει
1373 2688 1541 2758 ζωήν,
1622 2685 1746 2752 ἔνθα
1805 2686 2009 2763 ἀπέδρα

363 2768 550 2841 ὀδύνη,
607 2771 756 2842 λύπη
810 2773 897 2828 καὶ
961 2773 1259 2848 στεναγμός
1291 2793 1306 2809 ο
1374 2773 1496 2831 ἔνθα
1536 2778 1828 2850 πρόσωπον
1871 2779 2008 2851 πρὸς

363 2859 680 2931 πρόσωπον,
727 2864 846 2922 τοῖς
893 2861 1150 2934 καθαροῖς
1203 2863 1304 2931 τήν
1355 2860 1598 2935 καρδίαν,
1638 2867 1673 2933 ἡ
1722 2872 1823 2933 τῆς
1869 2865 2010 2926 θείας

363 2943 596 3021 Τριάδος
652 2945 915 3024 ἰμφάνεια
990 2948 1211 3021 γίνεται·
1290 2947 1412 3013 ἔνθα
1496 2950 1836 3024 παράκλησις
1920 2954 2010 3007 καὶ

368 3037 649 3107 ἂνάπυσις,
699 3041 817 3098 τοῖς
868 3041 947 3110 τῷ
1003 3035 1159 3110 καλῷ
1225 3036 1658 3115 προσιδρώσασιν
1705 3040 2012 3113 ἀμπελῶνι,

366 3126 454 3181 καὶ
504 3126 604 3196 τήν
663 3123 916 3182 ἐπίπονον
963 3127 1052 3182 καὶ
1121 3133 1383 3206 τραχεῖαν
1438 3132 1539 3194 τῆς
1604 3128 1799 3204 ἀρετῆς
1866 3128 2016 3185 ὁδεύ-

367 3234 508 3270 σασι.
557 3213 711 3284 Πλὴν
757 3212 904 3270 ἀλλὰ
941 3219 1192 3272 τοιοῦτον
1245 3219 1338 3289 μὲν
1383 3215 1511 3293 ἔσχε
1539 3218 1792 3291 Χαρίτων
1822 3219 1883 3274 τὸ
1912 3221 2010 3288 τῆς

2127 645 2273 700 alias
2305 647 2517 716 peccati
2551 648 2798 704 sordium
2832 649 3190 721 expiationes
3220 651 3695 708 invenitCreator
3716 655 3773 707 et

2125 734 2382 789 Salvator
2431 740 2760 792 nostrarum
2793 738 3146 806 animarum,
3199 744 3396 810 utpote
3455 739 3762 811 lacrymas,

2126 824 2400 894 gemitus,
2433 825 2621 879 cordis
2670 827 3097 896 contritionem,
3121 827 3439 897 jejunium,
3489 829 3762 898 precatio-

2131 925 2286 979 nem,
2320 910 2485 967 humi
2518 911 2908 980 cubationem,
2940 915 3066 969 etsi
3100 915 3252 985 quod
3285 919 3372 970 est
3411 915 3566 969 aliud
3597 915 3770 970 medi-

2128 1004 2456 1055 camentum
2497 1000 2761 1072 benigna:
2795 1002 3166 1073 paenitentiae.
3191 1003 3301 1058 Sed
3332 1002 3594 1059 difﬁcilia
3631 1011 3768 1058 sunt

2127 1085 2249 1142 haec
2280 1096 2331 1142 et
2363 1087 2675 1157 laboriosa,
2706 1089 2935 1147 etiamsi
2959 1089 3210 1146 multam
3241 1091 3533 1161 praebcant
3563 1090 3771 1146 utilita-

2125 1178 2265 1230 tem.
2290 1175 2481 1231 Unum
2510 1183 2703 1232 autem
2735 1178 3056 1248 novi,quod
3080 1183 3171 1233 est
3189 1177 3509 1234 admodum
3535 1178 3770 1250 quidem

2127 1277 2331 1334 expers
2363 1263 2598 1331 laboris,
2625 1267 2695 1320 ad
2729 1266 3062 1337 purgandae
3093 1270 3282 1322 autem
3331 1267 3538 1322 animae
3571 1267 3770 1322 sordes

2127 1360 2212 1407 est
2232 1352 2676 1408 validissimum.
2713 1353 2858 1417 Quid
2899 1354 3002 1409 hoc
3027 1359 3112 1409 est
3132 1354 3158 1408 τ
3177 1355 3250 1410 lis
3273 1356 3372 1426 qui
3399 1354 3767 1425 delinquunt,

2127 1446 2363 1511 peccata
2385 1442 2698 1498 dimittere.
2723 1443 2882 1506 Quod
2919 1442 3150 1514 quidem
3186 1461 3296 1499 non
3319 1448 3404 1498 est
3433 1442 3620 1498 solum
3653 1443 3766 1499 Deo

2127 1535 2376 1601 gratum,
2400 1537 2457 1586 et
2487 1541 2819 1587 nostrorum
2853 1531 3139 1587 malorum
3174 1533 3245 1586 ab
3275 1548 3339 1587 eo
3371 1540 3564 1587 exorat
3595 1530 3763 1586 solu-

2127 1623 2368 1688 tionem,
2399 1624 2498 1678 sed
2541 1625 2710 1679 etiam
2744 1623 3030 1694 supplicio
3072 1640 3223 1692 smpe
3251 1623 3652 1679 vehementius
3681 1627 3765 1678 at-

2128 1709 2296 1780 tingit
2328 1725 2481 1777 eum,
2507 1709 2604 1780 qui
2629 1709 2902 1781 peccavit,
2937 1713 2993 1764 et
3017 1726 3116 1779 pro
3148 1708 3329 1764 libero
3361 1708 3496 1763 facit
3527 1724 3760 1764 servum

2126 1797 2199 1866 ei,
2233 1798 2332 1870 qui
2389 1798 2606 1867 ignovit
2637 1814 2648 1852 :
2685 1798 2971 1872 quomodo
3017 1797 3193 1852 etiam
3236 1797 3477 1863 videtur,
3512 1796 3764 1854 externis

2049 1917 2104 1983 Β
2129 1887 2455 1942 dicentibus
2490 1904 2503 1943 :
2541 1887 2639 1942 Est
2666 1887 2828 1943 venia
2859 1885 3140 1958 supplicio
3173 1887 3476 1956 potentior.

2198 1975 2321 2031 XV.
2355 1975 2497 2030 Cum
2541 1975 2659 2030 haec
2703 1983 2755 2029 et
2800 1973 2984 2029 multa
3014 1971 3130 2028 alia
3175 1971 3464 2040 ejusmodi
3523 1969 3764 2027 dixisset

2129 2065 2455 2136 discipulis,
2487 2071 2541 2120 et
2579 2072 2844 2134 precatus
2873 2065 3024 2118 esset
3060 2059 3309 2116 salutem
3334 2060 3562 2125 animae,
3595 2064 3651 2115 et
3679 2059 3762 2114 eis

2129 2153 2537 2221 benedixisset,
2577 2153 2803 2207 nullum
2837 2157 3027 2206 autem
3055 2148 3374 2220 accepisset
3403 2147 3591 2203 morbi
3622 2163 3762 2202 sen-

2129 2263 2280 2315 sum,
2303 2261 2492 2318 neque
2517 2245 2766 2317 partium
2801 2242 3057 2314 corporis
3089 2240 3272 2296 ullum
3306 2239 3583 2296 sensisset
3603 2238 3759 2294 dolo-

2129 2352 2272 2405 rem,
2299 2336 2358 2391 in
2391 2336 2636 2405 quodam
2686 2333 2832 2388 lecto
2863 2330 3232 2393 accumbens,
3259 2327 3485 2384 remisit
3521 2326 3757 2397 quidem

2127 2426 2325 2496 pedes,
2358 2423 2556 2480 emisit
2602 2428 2799 2478 autem
2833 2421 3056 2476 beatam
3087 2433 3316 2489 quoque
3355 2415 3633 2478 animam,
3667 2413 3760 2470 las-

2125 2513 2380 2568 tantibus
2408 2511 2599 2566 laetam
2630 2527 2756 2566 eam
2805 2509 3042 2565 tradens
3071 2505 3295 2579 angelis
3324 2521 3340 2574 ;
3372 2503 3758 2574 manibusque

2125 2601 2364 2666 sanctis,
2400 2605 2463 2655 ut
2511 2616 2612 2671 par
2657 2605 2798 2665 erat,
2837 2599 3147 2652 mandatus
3175 2592 3510 2666 sepulturae,
3549 2590 3758 2646 transit

2122 2689 2192 2745 ad
2223 2689 2424 2755 vitam,
2459 2705 2585 2760 quae
2610 2702 2911 2757 nunquam
2935 2683 3166 2740 desinit.
3192 2683 3314 2746 Quo
3345 2683 3404 2736 in
3435 2682 3558 2737 loco
3589 2681 3754 2736 aufu-

2122 2776 2207 2848 git
2236 2774 2420 2844 dolor,
2453 2773 2716 2831 molestia
2745 2779 2801 2829 et
2829 2772 3102 2842 gemitus.
3125 2770 3247 2834 Quo
3271 2769 3332 2824 in
3362 2767 3489 2824 loco
3512 2767 3655 2822 facie
3684 2766 3754 2821 ad

2124 2864 2326 2918 faciem
2357 2863 2451 2928 iis,
2485 2863 2584 2934 qui
2625 2867 2766 2919 sunt
2809 2863 3024 2916 mundo
3062 2861 3250 2926 corde,
3279 2857 3538 2913 cernitur
3568 2855 3760 2910 divina

2122 2951 2396 3006 Trinitas.
2420 2953 2541 3016 Quo
2563 2951 2622 3007 in
2655 2951 2779 3006 loco
2809 2954 2898 3005 est
2923 2948 3126 3004 laetitia
3147 2952 3202 3002 et
3218 2945 3525 3001 exsultatio
3555 2943 3756 2998 ineffa-

2122 3038 2280 3094 bilis.
2313 3040 2434 3104 Quo
2465 3042 2522 3095 in
2563 3039 2688 3096 loco
2718 3044 2805 3096 est
2835 3037 3150 3095 consolatio
3181 3040 3238 3090 et
3268 3033 3498 3105 requies
3528 3031 3621 3102 iis,
3655 3030 3758 3103 qui

2122 3125 2182 3180 in
2231 3126 2470 3197 pulchra
2516 3130 2870 3183 sudaverunt
2909 3126 3090 3191 vinea,
3115 3129 3171 3180 et
3201 3121 3447 3195 ingressi
3487 3125 3630 3176 sunt
3681 3119 3760 3174 la-

2124 3215 2416 3270 boriosum
2447 3224 2500 3271 et
2537 3232 2807 3287 asperum
2859 3215 2965 3271 iter
2989 3215 3236 3270 virtutis.
3268 3213 3379 3267 Sed
3422 3209 3590 3265 talem
3624 3208 3754 3279 qui-

369 3306 516 3373 ζωῆς
570 3301 752 3372 τέλος,
802 3300 900 3357 ούκ
948 3300 1154 3368 ἄδηλον
1203 3300 1280 3374 δὲ,
1325 3303 1453 3360 οὐδὲ
1493 3307 1599 3381 πρὸ
1650 3311 1746 3361 τοῦ
1785 3308 2012 3362 θανάτου

2128 3306 2255 3362 dem
2304 3306 2508 3362 habuit
2553 3282 2684 3362 vita
2727 3307 2938 3361 exitum
2997 3304 3290 3371 Chariten,
3323 3318 3439 3357 non
3489 3302 3588 3371 qui
3627 3307 3759 3354 ante

370 3388 535 3464 μηδὲν
568 3391 690 3466 περὶ
734 3390 930 3447 τούτου
977 3393 1246 3468 προγνούς
1288 3414 1347 3449 τε
1374 3392 1464 3449 καί
1511 3396 2007 3473 προφθεγξάμενος,

364 3479 544 3556 ὥσπερ
602 3479 710 3552 ἤδη
780 3482 869 3538 καὶ
930 3483 1224 3557 φθάσαντες
1285 3482 1674 3560 ἐγνωρίσαμενο
1726 3484 1871 3541 ἀλλὰ
1919 3487 2008 3541 καὶ

363 3570 486 3642 περὶ
534 3568 720 3638 αὐτοῦ,
769 3570 859 3625 καὶ
909 3574 1006 3625 τοῦ
1077 3569 1385 3644 μέλλοντος
1432 3570 1772 3648 ἕκταράττειν
1838 3573 2007 3629 σάλου

362 3658 459 3719 τὰς
489 3656 782 3727 ἐκκλησίας
811 3658 1153 3732 προμυηθεὶς
1185 3656 1565 3734 ἀκριϐἓστατα,

435 3746 523 3806 Ις’.
557 3747 695 3802 ’Ὀσα
740 3744 940 3814 τοίνυν,
990 3746 1286 3821 ἀγαπητοὶ,
1339 3752 1446 3803 τῶν
1497 3748 1703 3805 ἐκείνου
1768 3753 2008 3827 πράξεων

362 3833 452 3888 καὶ
511 3833 825 3908 θαυμάτων,
884 3836 1083 3911 χρόνον
1141 3857 1197 3892 τε
1248 3837 1336 3892 καὶ
1391 3836 1566 3910 λήθην
1625 3837 1867 3912 ἠδυνήθη
1914 3839 2009 3897 δια

362 3928 572 4003 φυγεῖν,
621 3927 788 3979 ταῦτα
846 3924 1172 4001 φιλοκάλοις
1235 3927 1386 3996 ὑμῶν
1450 3927 1642 3990 ἀκοαῖς
1701 3926 2008 4003 παραδεδώ-

359 4032 546 4086 καμεν.
603 4010 742 4070 Οὐδὲ
802 4012 907 4089 γὰρ
964 4013 1155 4092 ὀλίγον
1204 4013 1266 4068 τὸ
1323 4017 1515 4089 μεταξὺ
1572 4023 1672 4088 τῆς
1737 4017 2009 4092 Αὐρηλια-

358 4102 453 4160 νοῦ
514 4103 796 4182 βασιλείας
853 4105 943 4161 καὶ
1003 4105 1169 4182 μέχρι
1213 4109 1457 4183 τήμερον
1511 4113 1608 4164 τοῦ
1639 4109 1839 4185 χρόνου
1899 4110 2011 4164 διάο

358 4216 559 4269 στημα.
631 4196 781 4252 Ἐπεὶ
838 4195 927 4250 καὶ
988 4201 1113 4271 παρ’
1190 4195 1406 4260 οὐδενὸς
1482 4197 1635 4253 οὐδὲν
1724 4197 2010 4276 ἐγγράφως

358 4283 715 4362 καταλειφθὲν
774 4286 939 4358 ἡμεῖς
995 4279 1404 4358 παρελάϐομεν,
1463 4284 1522 4340 ἐκ
1576 4289 1676 4340 τοῦ
1740 4284 2012 4353 σπανίζειν

356 4374 450 4429 τὸτ
491 4375 616 4427 τότε
661 4374 888 4446 χρόνον,
921 4371 982 4426 οὐ
1039 4376 1300 4446 μοναχῶν
1356 4372 1543 4445 μόνον,
1576 4372 1719 4428 ἀλλὰ
1758 4375 1846 4428 καὶ
1885 4375 2011 4449 Χρι-

361 4464 589 4515 στιανῶν
665 4458 858 4522 ἁπλῶς
926 4461 1014 4514 καὶ
1088 4458 1168 4532 τῷ
1232 4461 1371 4539 φωτί
1441 4463 1852 4535 σημειωθέντων
1910 4469 2012 4533 τῆς

361 4546 726 4620 ἰπιγνώσεως,
781 4547 919 4610 πρὸς
983 4543 1040 4601 δὲ
1097 4547 1186 4601 καὶ
1237 4548 1413 4602 αὐτῶν
1459 4553 1566 4603 τῶν
1595 4545 1762 4605 ὄντων
1790 4548 2014 4605 κλονου-

2124 3399 2367 3451 mortem
2413 3395 2558 3450 nihil
2609 3394 3013 3466 prtescivisset,
3043 3397 3143 3448 aut
3190 3390 3577 3461 praedixisset,
3609 3387 3761 3442 sicut

2121 3485 2282 3556 prius
2337 3484 2594 3540 diximus
2630 3501 2642 3538 :
2676 3487 2776 3539 sed
2818 3484 2887 3538 de
2919 3499 3012 3549 ea,
3043 3489 3096 3536 et
3133 3481 3204 3536 de
3234 3481 3599 3550 tempestate,
3631 3491 3757 3545 quas

2123 3577 2248 3629 erat
2274 3577 2551 3629 vexatura
2570 3572 2882 3640 Ecclesias,
2896 3568 3331 3626 accuratissime
3348 3565 3756 3639 significasset.

2192 3755 2336 3814 XVI.
2371 3755 2743 3824 Quaecunque
2789 3766 2945 3823 ergo,
2978 3766 3011 3806 ο
3051 3747 3268 3817 dilecti,
3300 3763 3368 3803 ex
3399 3744 3560 3802 illius
3591 3744 3760 3801 factis

2122 3851 2178 3906 et
2209 3844 2526 3913 miraculis,
2559 3846 2790 3913 tempus
2823 3846 2879 3895 et
2907 3839 3255 3896 oblivionem
3291 3839 3607 3909 potuerunt
3626 3835 3763 3891 etfu-

2121 3952 2277 4009 gere,
2309 3950 2378 3990 ea
2407 3932 2684 3989 studiosis
2728 3929 2938 3986 vestris
2969 3927 3212 3983 auribus
3243 3923 3608 3982 tradidimus.
3640 3922 3759 3979 Ne-

2122 4041 2235 4098 que
2293 4023 2449 4081 enim
2490 4019 2855 4077 intervallum
2913 4018 3206 4073 modicum
3247 4015 3402 4070 inter
3457 4011 3756 4069 Aureliani

2123 4116 2433 4185 imperium
2479 4115 2535 4168 et
2583 4112 2688 4167 hoc
2722 4117 2952 4180 tempus
3000 4106 3324 4163 intercedit.
3364 4104 3481 4159 Nos
3519 4102 3672 4158 enim
3722 4117 3757 4157 a

2125 4201 2287 4257 nullo
2320 4199 2550 4270 scriptis
2594 4197 2909 4268 quidquam
2942 4195 3285 4250 mandatum
3324 4190 3657 4261 accepimus
3687 4203 3756 4244 ex

2129 4289 2253 4355 hoc,
2287 4288 2440 4359 quod
2474 4303 2539 4341 eo
2571 4292 2830 4356 tempore
2852 4289 3048 4338 essent
3079 4281 3242 4353 pauci
3270 4297 3384 4335 non
3409 4279 3593 4334 solum
3628 4294 3756 4333 mo-

2126 4377 2317 4442 nachi,
2351 4380 2448 4432 sed
2497 4375 2670 4431 etiam
2703 4372 2939 4428 omnino
2986 4370 3313 4432 Christiani.
3345 4373 3403 4424 et
3431 4368 3531 4439 qui
3561 4373 3757 4423 essent

2125 4467 2341 4540 signati
2381 4466 2510 4520 luce
2533 4462 2883 4534 cognitionis
2909 4478 2922 4516 :
2946 4461 2986 4516 ii
3034 4470 3248 4524 autem,
3272 4458 3372 4530 qui
3420 4460 3602 4522 erant,
3636 4454 3754 4526 agi-

2124 4557 2396 4613 tabantur
2455 4551 2809 4626 quotidianis
2865 4549 3386 4622 persecutionibus.
3423 4545 3529 4602 Illa
3559 4553 3752 4600 autem

366 4635 536 4708 μένων
587 4636 926 4706 καθεκᾶἱστην
981 4641 1100 4698 τοῖς
1161 4635 1446 4712 διωγμοῖς.
1499 4639 1711 4696 Ἐκεῖνα
1758 4637 1815 4694 δὲ
1863 4640 2012 4717 εἰσιν,

2128 4650 2285 4716 sunt,
2325 4659 2571 4716 quorum
2602 4641 2697 4698 hic
2730 4641 2973 4696 fecimus
3005 4639 3524 4709 mentionem,quaa
3546 4632 3653 4691 viri
3676 4631 3756 4704 pii

365 4725 437 4780 ὧν
512 4726 678 4798 ἡμεῖς
747 4723 972 4782 ἐνταῦθα
1040 4729 1141 4798 τὴν
1233 4730 1460 4803 μνήμην
1529 4728 1921 4806 ἐποιησάμεθα,
1981 4731 2015 4786 ἅ

363 4811 639 4886 θεοφιλεῖς
681 4812 869 4889 ἄνδρες
904 4815 991 4870 καὶ
1022 4815 1374 4895 φιλαλήθεις,
1425 4824 1551 4882 παῖς
1611 4820 1756 4896 παρᾶ
1809 4818 2012 4896 πατρὸς

363 4897 835 4977 παραλαμϐάνων,
881 4909 1274 4978 σωματικοῦτε,
1317 4905 1485 4985 φημὶ,
1525 4907 1613 4962 καὶ
1649 4913 2012 4984 πνευματικοῦ

368 4991 533 5066 μέχρι
594 4992 678 5047 καὶ
741 4993 901 5065 ἡμῶν
989 4991 1335 5051 διεσώσαντο⁶
1422 4996 1499 5060 εἷς
1570 4993 1723 5070 δόξαν
1804 4999 2012 5074 Πατρὸς

361 5080 452 5134 καὶ
483 5079 612 5135 Υίοῦ
641 5082 731 5135 καὶ
763 5080 924 5157 ἁγίου
965 5082 1298 5157 Πνεύματος,
1349 5091 1448 5155 τῆς
1500 5091 1627 5159 μιᾶς
1661 5089 1752 5142 καὶ
1804 5090 2016 5162 ὀμοου-

362 5168 483 5222 σίου
535 5167 830 5241 Θεότητος,
894 5172 932 5242 ᾗ
987 5172 1179 5245 πρέπει
1231 5175 1376 5230 πᾶσα
1443 5171 1591 5249 δόξα,
1637 5178 1774 5249 τιμή
1831 5197 1890 5232 τε
1923 5177 2014 5232 καὶ

359 5257 715 5333 προσκίνησις
759 5263 850 5315 νῦν
899 5259 990 5314 καὶ
1042 5259 1124 5314 ἀεὶ
1171 5261 1261 5317 καὶ
1312 5261 1388 5325 εἷς
1436 5262 1564 5327 τοὺς
1618 5263 2013 5338 ἀτελευτήτους

361 5348 567 5415 κίῶνας
597 5352 707 5405 τῶν
740 5346 979 5406 αἰώνων.
1015 5349 1218 5424 Ἀμήν.

2121 4745 2175 4794 et
2205 4734 2462 4793 veritatis
2493 4735 2804 4796 amatores,
2838 4729 2995 4784 filius
3026 4745 3059 4782 a
3090 4737 3251 4800 patre
3280 4726 3587 4798 accipiens,
3629 4739 3756 4779 cor-

2123 4824 2331 4900 porali,
2363 4823 2624 4894 inquam,
2648 4823 2704 4875 et
2733 4817 2995 4890 spiritali,
3021 4820 3436 4872 conservarunt
3453 4816 3522 4870 ad
3557 4820 3755 4874 nostra

2123 4929 2313 4987 usque
2343 4917 2607 4983 tempora
2640 4924 2652 4964 :
2690 4908 2758 4964 ad
2794 4906 3035 4979 gloriam
3067 4904 3275 4972 Patris,
3304 4907 3361 4960 et
3388 4903 3516 4959 Filii
3545 4907 3602 4959 et
3632 4904 3755 4976 Spi-

2123 5005 2270 5061 ritus
2298 5001 2502 5070 sancti,
2529 4999 2702 5055 unius
2733 5003 2790 5053 et
2819 4997 3076 5067 ejusdem
3096 4993 3362 5050 essenties
3383 4991 3750 5050 Divinitatis:

2124 5108 2295 5166 quam
2321 5092 2483 5147 decet
2509 5088 2700 5146 omnis
2732 5085 2936 5159 gloria,
2967 5083 3174 5153 honor,
3198 5086 3255 5138 et
3283 5081 3544 5139 adoratio
3575 5098 3752 5151 nunc,

2123 5189 2176 5242 et
2205 5182 2263 5238 in
2296 5178 2505 5239 saecula
2534 5176 2899 5234 saeculorum.
2932 5175 3134 5229 Amen.
