  <div class='ocr_page' id='page_1' title='image "/cluster/home/n/w/nwhite01/storage/ocr_20150623/115/mdp.39015028574336/472.png"; bbox 0 0 4124 6270; ppageno 0'>
   <div class='ocr_carea' id='block_1_1' title="bbox 308 418 431 479">
    <p class='ocr_par' dir='ltr' id='par_1_1' title="bbox 308 418 431 479">
     <span class='ocr_line' id='line_1_1' title="bbox 308 418 431 479; baseline 0.024 -4"><span class='ocrx_word' id='word_1_1' title='bbox 308 418 431 479; x_wconf 61' lang='grc' dir='ltr'>θοι</span> 
     </span>
    </p>
   </div>
   <div class='ocr_carea' id='block_1_2' title="bbox 1680 432 2374 501">
    <p class='ocr_par' dir='ltr' id='par_1_2' title="bbox 1680 432 2374 501">
     <span class='ocr_line' id='line_1_2' title="bbox 1680 432 2374 501; baseline 0.006 -9"><span class='ocrx_word' id='word_1_2' title='bbox 1680 432 1872 495; x_wconf 70' lang='grc' dir='ltr'>νιτΑ</span> <span class='ocrx_word' id='word_1_3' title='bbox 1916 436 1981 497; x_wconf 82' lang='grc'><strong>8.</strong></span> <span class='ocrx_word' id='word_1_4' title='bbox 2028 436 2374 501; x_wconf 81' lang='lat' dir='ltr'><strong>CYRIACI.</strong></span> 
     </span>
    </p>
   </div>
   <div class='ocr_carea' id='block_1_3' title="bbox 3610 442 3723 500">
    <p class='ocr_par' dir='ltr' id='par_1_3' title="bbox 3610 442 3723 500">
     <span class='ocr_line' id='line_1_3' title="bbox 3610 442 3723 500; baseline 0.035 -3"><span class='ocrx_word' id='word_1_5' title='bbox 3610 442 3723 500; x_wconf 77' lang='lat'><strong>922</strong></span> 
     </span>
    </p>
   </div>
   <div class='ocr_carea' id='block_1_4' title="bbox 306 577 1957 673">
    <p class='ocr_par' dir='ltr' id='par_1_4' title="bbox 306 577 1950 666">
     <span class='ocr_line' id='line_1_4' title="bbox 306 577 1950 666; baseline 0.01 -34"><span class='ocrx_word' id='word_1_6' title='bbox 306 577 450 641; x_wconf 80' lang='grc' dir='ltr'>τοὺς</span> <span class='ocrx_word' id='word_1_7' title='bbox 524 578 662 636; x_wconf 80' lang='grc' dir='ltr'><strong>κατά</strong></span> <span class='ocrx_word' id='word_1_8' title='bbox 734 579 916 656; x_wconf 81' lang='grc' dir='ltr'>γενεὰν</span> <span class='ocrx_word' id='word_1_9' title='bbox 990 580 1221 653; x_wconf 68' lang='grc' dir='ltr'>ἑκάστην</span> <span class='ocrx_word' id='word_1_10' title='bbox 1306 585 1738 661; x_wconf 77' lang='grc' dir='ltr'>εὖηρεστηκότας</span> <span class='ocrx_word' id='word_1_11' title='bbox 1803 592 1950 666; x_wconf 76' lang='grc' dir='ltr'><strong>αὐτῷ</strong></span> 
     </span>
    </p>
   </div>
   <div class='ocr_carea' id='block_1_5' title="bbox 2068 577 3725 673">
    <p class='ocr_par' dir='ltr' id='par_1_5' title="bbox 2084 597 3725 673">
     <span class='ocr_line' id='line_1_5' title="bbox 2084 597 3725 673; baseline 0.002 -21"><span class='ocrx_word' id='word_1_12' title='bbox 2084 597 2238 654; x_wconf 83' lang='lat' dir='ltr'><strong>tione</strong></span> <span class='ocrx_word' id='word_1_13' title='bbox 2268 598 2634 669; x_wconf 85' lang='lat' dir='ltr'><strong>placuerunt,</strong></span> <span class='ocrx_word' id='word_1_14' title='bbox 2652 603 2816 656; x_wconf 88' lang='lat' dir='ltr'><strong>tanto</strong></span> <span class='ocrx_word' id='word_1_15' title='bbox 2841 598 2915 655; x_wconf 89' lang='lat' dir='ltr'><strong>sit</strong></span> <span class='ocrx_word' id='word_1_16' title='bbox 2944 600 3158 656; x_wconf 86' lang='lat' dir='ltr'><strong>honore</strong></span> <span class='ocrx_word' id='word_1_17' title='bbox 3190 600 3484 673; x_wconf 86' lang='lat' dir='ltr'><strong>dignatus,</strong></span> <span class='ocrx_word' id='word_1_18' title='bbox 3510 617 3725 672; x_wconf 83' lang='lat' dir='ltr'><strong>eosque</strong></span> 
     </span>
    </p>
   </div>
   <div class='ocr_carea' id='block_1_6' title="bbox 309 666 1970 753">
    <p class='ocr_par' dir='ltr' id='par_1_6' title="bbox 309 666 1970 753">
     <span class='ocr_line' id='line_1_6' title="bbox 309 666 1970 753; baseline 0.01 -31"><span class='ocrx_word' id='word_1_19' title='bbox 309 666 663 739; x_wconf 76' lang='grc' dir='ltr'><strong>τηλικαύτης</strong></span> <span class='ocrx_word' id='word_1_20' title='bbox 710 669 911 740; x_wconf 79' lang='grc' dir='ltr'>ἠξίωσε</span> <span class='ocrx_word' id='word_1_21' title='bbox 952 678 1054 741; x_wconf 86' lang='grc' dir='ltr'><strong>τῆς</strong></span> <span class='ocrx_word' id='word_1_22' title='bbox 1102 680 1295 747; x_wconf 84' lang='grc' dir='ltr'>τιμῆς,</span> <span class='ocrx_word' id='word_1_23' title='bbox 1335 675 1423 730; x_wconf 87' lang='grc' dir='ltr'><strong>καὶ</strong></span> <span class='ocrx_word' id='word_1_24' title='bbox 1488 675 1777 753; x_wconf 70' lang='grc' dir='ltr'>λαμπροὺς</span> <span class='ocrx_word' id='word_1_25' title='bbox 1829 682 1970 738; x_wconf 80' lang='grc' dir='ltr'>οὕτω</span> 
     </span>
    </p>
   </div>
   <div class='ocr_carea' id='block_1_7' title="bbox 310 757 1972 839">
    <p class='ocr_par' dir='ltr' id='par_1_7' title="bbox 310 757 1972 839">
     <span class='ocr_line' id='line_1_7' title="bbox 310 757 1972 839; baseline 0.008 -25"><span class='ocrx_word' id='word_1_26' title='bbox 310 759 412 815; x_wconf 83' lang='grc' dir='ltr'><strong>καὶ</strong></span> <span class='ocrx_word' id='word_1_27' title='bbox 445 757 764 834; x_wconf 81' lang='grc' dir='ltr'>περιδόξους</span> <span class='ocrx_word' id='word_1_28' title='bbox 815 762 1086 835; x_wconf 86' lang='grc' dir='ltr'>πεποίηκε</span> <span class='ocrx_word' id='word_1_29' title='bbox 1131 766 1222 821; x_wconf 87' lang='grc' dir='ltr'>τὸν</span> <span class='ocrx_word' id='word_1_30' title='bbox 1277 768 1370 839; x_wconf 76' lang='grc' dir='ltr'>μὲν</span> <span class='ocrx_word' id='word_1_31' title='bbox 1415 764 1588 828; x_wconf 69' lang='grc' dir='ltr'>’Ἅϐελ</span> <span class='ocrx_word' id='word_1_32' title='bbox 1650 768 1738 826; x_wconf 72' lang='grc' dir='ltr'><strong>διὰ</strong></span> <span class='ocrx_word' id='word_1_33' title='bbox 1786 772 1972 835; x_wconf 79' lang='grc' dir='ltr'><strong>Θυσίας</strong></span> 
     </span>
    </p>
   </div>
   <div class='ocr_carea' id='block_1_8' title="bbox 316 845 1972 935">
    <p class='ocr_par' dir='ltr' id='par_1_8' title="bbox 316 845 1972 935">
     <span class='ocr_line' id='line_1_8' title="bbox 316 845 1972 935; baseline 0.009 -33"><span class='ocrx_word' id='word_1_34' title='bbox 316 845 574 923; x_wconf 78' lang='grc' dir='ltr'>δοξάσας,</span> <span class='ocrx_word' id='word_1_35' title='bbox 603 849 697 906; x_wconf 87' lang='grc' dir='ltr'>τὸν</span> <span class='ocrx_word' id='word_1_36' title='bbox 745 849 801 907; x_wconf 67' lang='grc' dir='ltr'>δὲ</span> <span class='ocrx_word' id='word_1_37' title='bbox 850 853 1036 928; x_wconf 85' lang='grc' dir='ltr'><strong>Ἑνὼχ</strong></span> <span class='ocrx_word' id='word_1_38' title='bbox 1083 850 1152 909; x_wconf 85' lang='grc' dir='ltr'><strong>δι’</strong></span> <span class='ocrx_word' id='word_1_39' title='bbox 1210 856 1634 933; x_wconf 75' lang='grc' dir='ltr'>εὖαρεστήσεως,</span> <span class='ocrx_word' id='word_1_40' title='bbox 1692 863 1760 935; x_wconf 83' lang='grc' dir='ltr'><strong>τῇ</strong></span> <span class='ocrx_word' id='word_1_41' title='bbox 1813 883 1972 935; x_wconf 74' lang='grc' dir='ltr'>μεταο</span> 
     </span>
    </p>
   </div>
   <div class='ocr_carea' id='block_1_9' title="bbox 316 936 1971 1027">
    <p class='ocr_par' dir='ltr' id='par_1_9' title="bbox 316 936 1971 1027">
     <span class='ocr_line' id='line_1_9' title="bbox 316 936 1971 1027; baseline 0.009 -36"><span class='ocrx_word' id='word_1_42' title='bbox 316 936 467 992; x_wconf 73' lang='grc' dir='ltr'>θέσει</span> <span class='ocrx_word' id='word_1_43' title='bbox 513 939 777 1013; x_wconf 73' lang='grc' dir='ltr'>τιμήσαςο</span> <span class='ocrx_word' id='word_1_44' title='bbox 829 937 916 996; x_wconf 74' lang='grc' dir='ltr'><strong>διὰ</strong></span> <span class='ocrx_word' id='word_1_45' title='bbox 965 938 1335 1016; x_wconf 68' lang='grc' dir='ltr'><strong>δικαιοσύνης,</strong></span> <span class='ocrx_word' id='word_1_46' title='bbox 1394 950 1663 1023; x_wconf 76' lang='grc' dir='ltr'>σπινθῆρα</span> <span class='ocrx_word' id='word_1_47' title='bbox 1723 953 1820 1005; x_wconf 81' lang='grc' dir='ltr'>τοῦ</span> <span class='ocrx_word' id='word_1_48' title='bbox 1878 951 1971 1027; x_wconf 80' lang='grc' dir='ltr'><strong>γέ-</strong></span> 
     </span>
    </p>
   </div>
   <div class='ocr_carea' id='block_1_10' title="bbox 315 1028 1970 1112">
    <p class='ocr_par' dir='ltr' id='par_1_10' title="bbox 315 1028 1970 1112">
     <span class='ocr_line' id='line_1_10' title="bbox 315 1028 1970 1112; baseline 0.01 -33"><span class='ocrx_word' id='word_1_49' title='bbox 315 1046 451 1089; x_wconf 89' lang='grc' dir='ltr'>νους</span> <span class='ocrx_word' id='word_1_50' title='bbox 489 1028 582 1082; x_wconf 88' lang='grc' dir='ltr'>τὸν</span> <span class='ocrx_word' id='word_1_51' title='bbox 638 1030 764 1085; x_wconf 82' lang='grc' dir='ltr'>Νῶε</span> <span class='ocrx_word' id='word_1_52' title='bbox 822 1032 1114 1107; x_wconf 79' lang='grc' dir='ltr'><strong>[σπινθῆρα</strong></span> <span class='ocrx_word' id='word_1_53' title='bbox 1178 1038 1257 1105; x_wconf 81' lang='grc' dir='ltr'><strong>τῷ</strong></span> <span class='ocrx_word' id='word_1_54' title='bbox 1321 1037 1445 1092; x_wconf 81' lang='grc' dir='ltr'>Νῶε</span> <span class='ocrx_word' id='word_1_55' title='bbox 1504 1039 1545 1110; x_wconf 83' lang='grc'><strong>¹]</strong></span> <span class='ocrx_word' id='word_1_56' title='bbox 1588 1036 1837 1112; x_wconf 80' lang='grc' dir='ltr'>φυλάξες·</span> <span class='ocrx_word' id='word_1_57' title='bbox 1879 1041 1970 1095; x_wconf 83' lang='grc' dir='ltr'>τὸν</span> 
     </span>
    </p>
   </div>
   <div class='ocr_carea' id='block_1_11' title="bbox 317 1112 1970 1199">
    <p class='ocr_par' dir='ltr' id='par_1_11' title="bbox 317 1112 1970 1199">
     <span class='ocr_line' id='line_1_11' title="bbox 317 1112 1970 1199; baseline 0.008 -27"><span class='ocrx_word' id='word_1_58' title='bbox 317 1112 601 1191; x_wconf 78' lang='grc' dir='ltr'>Ἀϐραὰμ,</span> <span class='ocrx_word' id='word_1_59' title='bbox 645 1116 733 1174; x_wconf 71' lang='grc' dir='ltr'><strong>διὰ</strong></span> <span class='ocrx_word' id='word_1_60' title='bbox 779 1120 1011 1184; x_wconf 89' lang='grc' dir='ltr'>πίστεως</span> <span class='ocrx_word' id='word_1_61' title='bbox 1066 1123 1269 1199; x_wconf 72' lang='grc' dir='ltr'>πατέρα</span> <span class='ocrx_word' id='word_1_62' title='bbox 1329 1124 1557 1182; x_wconf 81' lang='grc' dir='ltr'>πολλῶν</span> <span class='ocrx_word' id='word_1_63' title='bbox 1618 1126 1776 1193; x_wconf 67' lang='grc' dir='ltr'>ἐθνῶν</span> <span class='ocrx_word' id='word_1_64' title='bbox 1841 1127 1970 1185; x_wconf 83' lang='grc' dir='ltr'>ἀνα-</span> 
     </span>
    </p>
   </div>
   <div class='ocr_carea' id='block_1_12' title="bbox 319 1201 1966 1294">
    <p class='ocr_par' dir='ltr' id='par_1_12' title="bbox 319 1201 1966 1294">
     <span class='ocr_line' id='line_1_12' title="bbox 319 1201 1966 1294; baseline 0.009 -35"><span class='ocrx_word' id='word_1_65' title='bbox 319 1201 521 1294; x_wconf 29' lang='grc' dir='ltr'>δ-είξαςο</span> <span class='ocrx_word' id='word_1_66' title='bbox 595 1213 696 1278; x_wconf 79' lang='grc' dir='ltr'>τήν</span> <span class='ocrx_word' id='word_1_67' title='bbox 772 1205 965 1281; x_wconf 77' lang='grc' dir='ltr'>εὐσεϐῆ</span> <span class='ocrx_word' id='word_1_68' title='bbox 1049 1217 1151 1267; x_wconf 82' lang='grc' dir='ltr'><strong>τοῦ</strong></span> <span class='ocrx_word' id='word_1_69' title='bbox 1241 1213 1581 1294; x_wconf 59' lang='grc' dir='ltr'>Μελχισεδὲκ)</span> <span class='ocrx_word' id='word_1_70' title='bbox 1673 1219 1966 1291; x_wconf 72' lang='grc' dir='ltr'><strong>ἱερωσύνην</strong></span> 
     </span>
    </p>
   </div>
   <div class='ocr_carea' id='block_1_13' title="bbox 316 1291 1965 1385">
    <p class='ocr_par' dir='ltr' id='par_1_13' title="bbox 316 1291 1965 1385">
     <span class='ocr_line' id='line_1_13' title="bbox 316 1291 1965 1385; baseline 0.009 -37"><span class='ocrx_word' id='word_1_71' title='bbox 316 1291 741 1369; x_wconf 68' lang='grc' dir='ltr'>ἀποδεξάμενος·</span> <span class='ocrx_word' id='word_1_72' title='bbox 829 1300 1111 1374; x_wconf 81' lang='grc' dir='ltr'><strong>ὑπομονῆς</strong></span> <span class='ocrx_word' id='word_1_73' title='bbox 1176 1323 1235 1357; x_wconf 93' lang='grc' dir='ltr'><strong>τε</strong></span> <span class='ocrx_word' id='word_1_74' title='bbox 1294 1291 1404 1359; x_wconf 30' lang='grc' dir='ltr'>καὶ-</span> <span class='ocrx_word' id='word_1_75' title='bbox 1461 1306 1811 1385; x_wconf 70' lang='grc' dir='ltr'>σωφροσύνης</span> <span class='ocrx_word' id='word_1_76' title='bbox 1876 1309 1965 1363; x_wconf 87' lang='grc' dir='ltr'><strong>τὸν</strong></span> 
     </span>
    </p>
   </div>
   <div class='ocr_carea' id='block_1_14' title="bbox 316 1383 1964 1471">
    <p class='ocr_par' dir='ltr' id='par_1_14' title="bbox 316 1383 1964 1471">
     <span class='ocr_line' id='line_1_14' title="bbox 316 1383 1964 1471; baseline 0.008 -32"><span class='ocrx_word' id='word_1_77' title='bbox 316 1383 525 1463; x_wconf 79' lang='grc' dir='ltr'>Ἰωσήφ</span> <span class='ocrx_word' id='word_1_78' title='bbox 556 1384 734 1442; x_wconf 76' lang='grc' dir='ltr'>εἷ’κόνα</span> <span class='ocrx_word' id='word_1_79' title='bbox 780 1393 860 1461; x_wconf 82' lang='grc' dir='ltr'><strong>τῷ</strong></span> <span class='ocrx_word' id='word_1_80' title='bbox 910 1390 1032 1465; x_wconf 88' lang='grc' dir='ltr'>βίῳ,</span> <span class='ocrx_word' id='word_1_81' title='bbox 1086 1392 1178 1447; x_wconf 86' lang='grc' dir='ltr'><strong>καὶ</strong></span> <span class='ocrx_word' id='word_1_82' title='bbox 1217 1394 1308 1448; x_wconf 86' lang='grc' dir='ltr'><strong>τὸν</strong></span> <span class='ocrx_word' id='word_1_83' title='bbox 1360 1389 1485 1451; x_wconf 80' lang='grc' dir='ltr'><strong>Ἰὼϐ</strong></span> <span class='ocrx_word' id='word_1_84' title='bbox 1523 1383 1964 1471; x_wconf 86' lang='grc' dir='ltr'>παρασχόμενος·</span> 
     </span>
    </p>
   </div>
   <div class='ocr_carea' id='block_1_15' title="bbox 313 1473 1968 1557">
    <p class='ocr_par' dir='ltr' id='par_1_15' title="bbox 313 1473 1968 1557">
     <span class='ocr_line' id='line_1_15' title="bbox 313 1473 1968 1557; baseline 0.008 -30"><span class='ocrx_word' id='word_1_85' title='bbox 313 1473 412 1527; x_wconf 88' lang='grc' dir='ltr'>τὸν</span> <span class='ocrx_word' id='word_1_86' title='bbox 474 1473 673 1532; x_wconf 78' lang='grc' dir='ltr'>Μωσέα</span> <span class='ocrx_word' id='word_1_87' title='bbox 727 1477 1028 1551; x_wconf 75' lang='grc' dir='ltr'><strong>νομοθέτην</strong></span> <span class='ocrx_word' id='word_1_88' title='bbox 1085 1478 1382 1552; x_wconf 80' lang='grc' dir='ltr'>ἀναδείξας,</span> <span class='ocrx_word' id='word_1_89' title='bbox 1442 1482 1643 1557; x_wconf 77' lang='grc' dir='ltr'>σελήνῃ</span> <span class='ocrx_word' id='word_1_90' title='bbox 1693 1483 1785 1538; x_wconf 80' lang='grc' dir='ltr'>καί</span> <span class='ocrx_word' id='word_1_91' title='bbox 1822 1485 1968 1557; x_wconf 80' lang='grc' dir='ltr'>ἡλίῳ</span> 
     </span>
    </p>
   </div>
   <div class='ocr_carea' id='block_1_16' title="bbox 312 1560 1964 1650">
    <p class='ocr_par' dir='ltr' id='par_1_16' title="bbox 312 1560 1964 1650">
     <span class='ocr_line' id='line_1_16' title="bbox 312 1560 1964 1650; baseline 0.01 -35"><span class='ocrx_word' id='word_1_92' title='bbox 312 1560 553 1638; x_wconf 78' lang='grc' dir='ltr'>ἡνίοχον</span> <span class='ocrx_word' id='word_1_93' title='bbox 585 1565 793 1636; x_wconf 71' lang='grc' dir='ltr'>Ἰησοῦν</span> <span class='ocrx_word' id='word_1_94' title='bbox 835 1566 927 1623; x_wconf 85' lang='grc' dir='ltr'>τὸν</span> <span class='ocrx_word' id='word_1_95' title='bbox 976 1572 1073 1623; x_wconf 81' lang='grc' dir='ltr'><strong>τοῦ</strong></span> <span class='ocrx_word' id='word_1_96' title='bbox 1120 1570 1273 1639; x_wconf 87' lang='grc' dir='ltr'><strong>Ναυῆ</strong></span> <span class='ocrx_word' id='word_1_97' title='bbox 1325 1574 1687 1643; x_wconf 77' lang='grc' dir='ltr'>καταστήσας·</span> <span class='ocrx_word' id='word_1_98' title='bbox 1739 1575 1964 1650; x_wconf 75' lang='grc' dir='ltr'>προφή-</span> 
     </span>
    </p>
   </div>
   <div class='ocr_carea' id='block_1_17' title="bbox 309 1654 1962 1738">
    <p class='ocr_par' dir='ltr' id='par_1_17' title="bbox 309 1654 1962 1738">
     <span class='ocr_line' id='line_1_17' title="bbox 309 1654 1962 1738; baseline 0.007 -32"><span class='ocrx_word' id='word_1_99' title='bbox 309 1672 435 1725; x_wconf 87' lang='grc' dir='ltr'>την,</span> <span class='ocrx_word' id='word_1_100' title='bbox 474 1654 562 1709; x_wconf 81' lang='grc' dir='ltr'><strong>καὶ</strong></span> <span class='ocrx_word' id='word_1_101' title='bbox 622 1655 870 1730; x_wconf 76' lang='grc' dir='ltr'>βασιλέα,</span> <span class='ocrx_word' id='word_1_102' title='bbox 916 1659 1005 1713; x_wconf 87' lang='grc' dir='ltr'><strong>καὶ</strong></span> <span class='ocrx_word' id='word_1_103' title='bbox 1056 1663 1283 1738; x_wconf 82' lang='grc' dir='ltr'>φρικτοῦ</span> <span class='ocrx_word' id='word_1_104' title='bbox 1335 1661 1637 1735; x_wconf 79' lang='grc' dir='ltr'><strong>μυστηρίου</strong></span> <span class='ocrx_word' id='word_1_105' title='bbox 1693 1663 1962 1737; x_wconf 86' lang='grc' dir='ltr'>πρόγονον</span> 
     </span>
    </p>
   </div>
   <div class='ocr_carea' id='block_1_18' title="bbox 311 1742 1963 1825">
    <p class='ocr_par' dir='ltr' id='par_1_18' title="bbox 311 1742 1963 1825">
     <span class='ocr_line' id='line_1_18' title="bbox 311 1742 1963 1825; baseline 0.005 -28"><span class='ocrx_word' id='word_1_106' title='bbox 311 1742 407 1797; x_wconf 86' lang='grc' dir='ltr'>τὸν</span> <span class='ocrx_word' id='word_1_107' title='bbox 485 1742 650 1799; x_wconf 76' lang='grc' dir='ltr'>Δαυΐδ</span> <span class='ocrx_word' id='word_1_108' title='bbox 723 1743 1027 1817; x_wconf 78' lang='grc' dir='ltr'><strong>ἀποδείξας⁸</strong></span> <span class='ocrx_word' id='word_1_109' title='bbox 1104 1756 1205 1820; x_wconf 85' lang='grc' dir='ltr'><strong>τῆς</strong></span> <span class='ocrx_word' id='word_1_110' title='bbox 1291 1745 1645 1814; x_wconf 79' lang='grc' dir='ltr'>Βαϐυλωνίας</span> <span class='ocrx_word' id='word_1_111' title='bbox 1736 1751 1963 1825; x_wconf 81' lang='grc' dir='ltr'>καμίνου</span> 
     </span>
    </p>
   </div>
   <div class='ocr_carea' id='block_1_19' title="bbox 310 1827 1748 1912">
    <p class='ocr_par' dir='ltr' id='par_1_19' title="bbox 310 1827 1748 1912">
     <span class='ocr_line' id='line_1_19' title="bbox 310 1827 1748 1912; baseline 0.01 -27"><span class='ocrx_word' id='word_1_112' title='bbox 310 1832 415 1900; x_wconf 78' lang='grc' dir='ltr'>τὴν</span> <span class='ocrx_word' id='word_1_113' title='bbox 445 1827 622 1909; x_wconf 81' lang='grc' dir='ltr'>φλόγα</span> <span class='ocrx_word' id='word_1_114' title='bbox 656 1839 772 1897; x_wconf 92' lang='grc' dir='ltr'>τοῖς</span> <span class='ocrx_word' id='word_1_115' title='bbox 800 1836 983 1891; x_wconf 78' lang='grc' dir='ltr'>παισὶν</span> <span class='ocrx_word' id='word_1_116' title='bbox 1015 1838 1092 1899; x_wconf 83' lang='grc' dir='ltr'><strong>είς</strong></span> <span class='ocrx_word' id='word_1_117' title='bbox 1132 1835 1325 1911; x_wconf 84' lang='grc' dir='ltr'>δρόσον</span> <span class='ocrx_word' id='word_1_118' title='bbox 1360 1841 1748 1912; x_wconf 74' lang='grc' dir='ltr'>μεταποιήσας.</span> 
     </span>
    </p>
   </div>
   <div class='ocr_carea' id='block_1_20' title="bbox 2080 687 3723 762">
    <p class='ocr_par' dir='ltr' id='par_1_20' title="bbox 2080 687 3723 762">
     <span class='ocr_line' id='line_1_20' title="bbox 2080 687 3723 762; baseline 0.002 -20"><span class='ocrx_word' id='word_1_119' title='bbox 2080 687 2222 744; x_wconf 88' lang='lat' dir='ltr'><strong>adeo</strong></span> <span class='ocrx_word' id='word_1_120' title='bbox 2252 689 2437 745; x_wconf 91' lang='lat' dir='ltr'><strong>claros</strong></span> <span class='ocrx_word' id='word_1_121' title='bbox 2467 689 2715 745; x_wconf 77' lang='lat' dir='ltr'><strong>effecerit</strong></span> <span class='ocrx_word' id='word_1_122' title='bbox 2745 693 2801 746; x_wconf 90' lang='lat' dir='ltr'><strong>et</strong></span> <span class='ocrx_word' id='word_1_123' title='bbox 2830 690 3130 762; x_wconf 87' lang='lat' dir='ltr'><strong>gloriosos,</strong></span> <span class='ocrx_word' id='word_1_124' title='bbox 3177 695 3237 746; x_wconf 89' lang='lat' dir='ltr'><strong>ut</strong></span> <span class='ocrx_word' id='word_1_125' title='bbox 3267 691 3368 761; x_wconf 86' lang='lat' dir='ltr'><strong>qui</strong></span> <span class='ocrx_word' id='word_1_126' title='bbox 3406 690 3544 745; x_wconf 88' lang='lat' dir='ltr'><strong>Abel</strong></span> <span class='ocrx_word' id='word_1_127' title='bbox 3585 706 3723 761; x_wconf 86' lang='lat' dir='ltr'><strong>pro-</strong></span> 
     </span>
    </p>
   </div>
   <div class='ocr_carea' id='block_1_21' title="bbox 2082 777 3723 849">
    <p class='ocr_par' dir='ltr' id='par_1_21' title="bbox 2082 777 3723 849">
     <span class='ocr_line' id='line_1_21' title="bbox 2082 777 3723 849; baseline 0 -16"><span class='ocrx_word' id='word_1_128' title='bbox 2082 780 2210 848; x_wconf 85' lang='lat' dir='ltr'><strong>pter</strong></span> <span class='ocrx_word' id='word_1_129' title='bbox 2237 777 2586 833; x_wconf 86' lang='lat' dir='ltr'><strong>sacrificium</strong></span> <span class='ocrx_word' id='word_1_130' title='bbox 2635 777 2816 849; x_wconf 82' lang='lat' dir='ltr'><strong>gloria</strong></span> <span class='ocrx_word' id='word_1_131' title='bbox 2847 778 3134 846; x_wconf 79' lang='lat' dir='ltr'><strong>aﬂ&#39;ecerit;</strong></span> <span class='ocrx_word' id='word_1_132' title='bbox 3168 778 3363 834; x_wconf 86' lang='lat' dir='ltr'><strong>Enoch</strong></span> <span class='ocrx_word' id='word_1_133' title='bbox 3422 782 3723 849; x_wconf 79' lang='lat' dir='ltr'><strong>propterea</strong></span> 
     </span>
    </p>
   </div>
   <div class='ocr_carea' id='block_1_22' title="bbox 2080 866 3724 939">
    <p class='ocr_par' dir='ltr' id='par_1_22' title="bbox 2080 866 3724 939">
     <span class='ocr_line' id='line_1_22' title="bbox 2080 866 3724 939; baseline 0.001 -17"><span class='ocrx_word' id='word_1_134' title='bbox 2080 867 2231 938; x_wconf 92' lang='lat' dir='ltr'><strong>quod</strong></span> <span class='ocrx_word' id='word_1_135' title='bbox 2266 867 2316 922; x_wconf 90' lang='lat' dir='ltr'><strong>ei</strong></span> <span class='ocrx_word' id='word_1_136' title='bbox 2349 866 2653 939; x_wconf 80' lang='lat' dir='ltr'><strong>placuerit,</strong></span> <span class='ocrx_word' id='word_1_137' title='bbox 2691 867 3075 925; x_wconf 77' lang='lat' dir='ltr'><strong>translatione</strong></span> <span class='ocrx_word' id='word_1_138' title='bbox 3126 867 3460 925; x_wconf 88' lang='lat' dir='ltr'><strong>honorarit:</strong></span> <span class='ocrx_word' id='word_1_139' title='bbox 3492 870 3724 937; x_wconf 84' lang='lat' dir='ltr'><strong>propter</strong></span> 
     </span>
    </p>
   </div>
   <div class='ocr_carea' id='block_1_23' title="bbox 2071 954 3721 1028">
    <p class='ocr_par' dir='ltr' id='par_1_23' title="bbox 2071 954 3721 1028">
     <span class='ocr_line' id='line_1_23' title="bbox 2071 954 3721 1028; baseline 0.001 -18"><span class='ocrx_word' id='word_1_140' title='bbox 2071 954 2387 1026; x_wconf 81' lang='lat' dir='ltr'><strong>justitiam,</strong></span> <span class='ocrx_word' id='word_1_141' title='bbox 2423 956 2735 1013; x_wconf 82' lang='lat' dir='ltr'><strong>scintillam</strong></span> <span class='ocrx_word' id='word_1_142' title='bbox 2784 956 3012 1028; x_wconf 81' lang='lat' dir='ltr'><strong>generis</strong></span> <span class='ocrx_word' id='word_1_143' title='bbox 3059 955 3176 1012; x_wconf 90' lang='lat' dir='ltr'><strong>Noe</strong></span> <span class='ocrx_word' id='word_1_144' title='bbox 3224 956 3501 1012; x_wconf 90' lang='lat' dir='ltr'><strong>servarit:</strong></span> <span class='ocrx_word' id='word_1_145' title='bbox 3534 955 3721 1011; x_wconf 84' lang='lat' dir='ltr'><strong>Abra-</strong></span> 
     </span>
    </p>
   </div>
   <div class='ocr_carea' id='block_1_24' title="bbox 2081 1043 3714 1116">
    <p class='ocr_par' dir='ltr' id='par_1_24' title="bbox 2081 1043 3714 1116">
     <span class='ocr_line' id='line_1_24' title="bbox 2081 1043 3714 1116; baseline 0 -18"><span class='ocrx_word' id='word_1_146' title='bbox 2081 1043 2236 1113; x_wconf 86' lang='lat' dir='ltr'><strong>ham,</strong></span> <span class='ocrx_word' id='word_1_147' title='bbox 2278 1052 2513 1116; x_wconf 88' lang='lat' dir='ltr'><strong>propter</strong></span> <span class='ocrx_word' id='word_1_148' title='bbox 2551 1045 2747 1108; x_wconf 84' lang='lat' dir='ltr'><strong>fidem,</strong></span> <span class='ocrx_word' id='word_1_149' title='bbox 2802 1048 3023 1115; x_wconf 90' lang='lat' dir='ltr'><strong>patrem</strong></span> <span class='ocrx_word' id='word_1_150' title='bbox 3083 1045 3403 1099; x_wconf 82' lang='lat' dir='ltr'><strong>multarum</strong></span> <span class='ocrx_word' id='word_1_151' title='bbox 3454 1043 3714 1114; x_wconf 87' lang='lat' dir='ltr'><strong>gentium</strong></span> 
     </span>
    </p>
   </div>
   <div class='ocr_carea' id='block_1_25' title="bbox 2078 1131 3723 1204">
    <p class='ocr_par' dir='ltr' id='par_1_25' title="bbox 2078 1131 3723 1204">
     <span class='ocr_line' id='line_1_25' title="bbox 2078 1131 3723 1204; baseline 0.001 -18"><span class='ocrx_word' id='word_1_152' title='bbox 2078 1131 2364 1187; x_wconf 71' lang='lat' dir='ltr'><strong>effecerit:</strong></span> <span class='ocrx_word' id='word_1_153' title='bbox 2415 1132 2575 1204; x_wconf 89' lang='lat' dir='ltr'><strong>pium</strong></span> <span class='ocrx_word' id='word_1_154' title='bbox 2640 1132 3054 1189; x_wconf 87' lang='lat' dir='ltr'><strong>Melchisedech</strong></span> <span class='ocrx_word' id='word_1_155' title='bbox 3112 1132 3503 1188; x_wconf 83' lang='lat' dir='ltr'><strong>sacerdotium</strong></span> <span class='ocrx_word' id='word_1_156' title='bbox 3561 1148 3723 1188; x_wconf 84' lang='lat' dir='ltr'><strong>acce-</strong></span> 
     </span>
    </p>
   </div>
   <div class='ocr_carea' id='block_1_26' title="bbox 2080 1220 3713 1293">
    <p class='ocr_par' dir='ltr' id='par_1_26' title="bbox 2080 1220 3713 1293">
     <span class='ocr_line' id='line_1_26' title="bbox 2080 1220 3713 1293; baseline 0.001 -18"><span class='ocrx_word' id='word_1_157' title='bbox 2080 1224 2245 1293; x_wconf 91' lang='lat' dir='ltr'><strong>ptum</strong></span> <span class='ocrx_word' id='word_1_158' title='bbox 2305 1220 2627 1277; x_wconf 79' lang='lat' dir='ltr'><strong>habuerit:</strong></span> <span class='ocrx_word' id='word_1_159' title='bbox 2685 1222 2973 1292; x_wconf 71' lang='lat' dir='ltr'><strong>patientiae</strong></span> <span class='ocrx_word' id='word_1_160' title='bbox 3031 1229 3087 1277; x_wconf 85' lang='lat' dir='ltr'><strong>et</strong></span> <span class='ocrx_word' id='word_1_161' title='bbox 3138 1221 3447 1290; x_wconf 77' lang='lat' dir='ltr'><strong>castitatis,</strong></span> <span class='ocrx_word' id='word_1_162' title='bbox 3496 1221 3713 1293; x_wconf 86' lang='lat' dir='ltr'><strong>Joseph</strong></span> 
     </span>
    </p>
   </div>
   <div class='ocr_carea' id='block_1_27' title="bbox 2079 1308 3716 1380">
    <p class='ocr_par' dir='ltr' id='par_1_27' title="bbox 2079 1308 3716 1380">
     <span class='ocr_line' id='line_1_27' title="bbox 2079 1308 3716 1380; baseline 0.002 -17"><span class='ocrx_word' id='word_1_163' title='bbox 2079 1308 2389 1379; x_wconf 79' lang='lat' dir='ltr'><strong>imaginem</strong></span> <span class='ocrx_word' id='word_1_164' title='bbox 2438 1309 2675 1376; x_wconf 87' lang='lat' dir='ltr'><strong>mundo,</strong></span> <span class='ocrx_word' id='word_1_165' title='bbox 2722 1318 2774 1365; x_wconf 88' lang='lat' dir='ltr'><strong>et</strong></span> <span class='ocrx_word' id='word_1_166' title='bbox 2818 1309 2929 1364; x_wconf 87' lang='lat' dir='ltr'><strong>Job</strong></span> <span class='ocrx_word' id='word_1_167' title='bbox 2977 1309 3324 1380; x_wconf 68' lang='lat' dir='ltr'><strong>praebuerit:</strong></span> <span class='ocrx_word' id='word_1_168' title='bbox 3363 1309 3584 1365; x_wconf 88' lang='lat' dir='ltr'><strong>Mosem</strong></span> <span class='ocrx_word' id='word_1_169' title='bbox 3634 1309 3716 1366; x_wconf 87' lang='lat' dir='ltr'><strong>le-</strong></span> 
     </span>
    </p>
   </div>
   <div class='ocr_carea' id='block_1_28' title="bbox 2079 1396 3719 1469">
    <p class='ocr_par' dir='ltr' id='par_1_28' title="bbox 2079 1396 3719 1469">
     <span class='ocr_line' id='line_1_28' title="bbox 2079 1396 3719 1469; baseline 0.001 -18"><span class='ocrx_word' id='word_1_170' title='bbox 2079 1397 2414 1469; x_wconf 85' lang='lat' dir='ltr'><strong>gislaturem</strong></span> <span class='ocrx_word' id='word_1_171' title='bbox 2466 1398 2702 1454; x_wconf 83' lang='lat' dir='ltr'><strong>fecerit:</strong></span> <span class='ocrx_word' id='word_1_172' title='bbox 2757 1398 2905 1453; x_wconf 83' lang='lat' dir='ltr'><strong>lunae</strong></span> <span class='ocrx_word' id='word_1_173' title='bbox 2956 1403 3014 1453; x_wconf 87' lang='lat' dir='ltr'><strong>et</strong></span> <span class='ocrx_word' id='word_1_174' title='bbox 3051 1396 3158 1452; x_wconf 92' lang='lat' dir='ltr'><strong>soli</strong></span> <span class='ocrx_word' id='word_1_175' title='bbox 3208 1398 3468 1469; x_wconf 84' lang='lat' dir='ltr'><strong>aurigam</strong></span> <span class='ocrx_word' id='word_1_176' title='bbox 3522 1399 3719 1453; x_wconf 87' lang='lat' dir='ltr'><strong>Jesum</strong></span> 
     </span>
    </p>
   </div>
   <div class='ocr_carea' id='block_1_29' title="bbox 2077 1484 3717 1557">
    <p class='ocr_par' dir='ltr' id='par_1_29' title="bbox 2077 1484 3717 1557">
     <span class='ocr_line' id='line_1_29' title="bbox 2077 1484 3717 1557; baseline 0.001 -18"><span class='ocrx_word' id='word_1_177' title='bbox 2077 1484 2232 1541; x_wconf 87' lang='lat' dir='ltr'><strong>Nave</strong></span> <span class='ocrx_word' id='word_1_178' title='bbox 2280 1484 2515 1556; x_wconf 79' lang='lat' dir='ltr'><strong>(ﬁlium)</strong></span> <span class='ocrx_word' id='word_1_179' title='bbox 2568 1484 2974 1542; x_wconf 88' lang='lat' dir='ltr'><strong>constituerit:</strong></span> <span class='ocrx_word' id='word_1_180' title='bbox 3007 1484 3373 1557; x_wconf 86' lang='lat' dir='ltr'><strong>Prophetam,</strong></span> <span class='ocrx_word' id='word_1_181' title='bbox 3406 1493 3459 1541; x_wconf 90' lang='lat' dir='ltr'><strong>et</strong></span> <span class='ocrx_word' id='word_1_182' title='bbox 3500 1501 3717 1556; x_wconf 82' lang='lat' dir='ltr'><strong>regem,</strong></span> 
     </span>
    </p>
   </div>
   <div class='ocr_carea' id='block_1_30' title="bbox 2077 1572 3714 1645">
    <p class='ocr_par' dir='ltr' id='par_1_30' title="bbox 2077 1572 3714 1645">
     <span class='ocr_line' id='line_1_30' title="bbox 2077 1572 3714 1645; baseline 0.001 -16"><span class='ocrx_word' id='word_1_183' title='bbox 2077 1577 2134 1629; x_wconf 92' lang='lat' dir='ltr'><strong>et</strong></span> <span class='ocrx_word' id='word_1_184' title='bbox 2162 1572 2436 1645; x_wconf 86' lang='lat' dir='ltr'><strong>stupendi</strong></span> <span class='ocrx_word' id='word_1_185' title='bbox 2471 1574 2728 1645; x_wconf 82' lang='lat' dir='ltr'><strong>mysterii</strong></span> <span class='ocrx_word' id='word_1_186' title='bbox 2760 1572 3183 1645; x_wconf 87' lang='lat' dir='ltr'><strong>progenitorem</strong></span> <span class='ocrx_word' id='word_1_187' title='bbox 3224 1572 3399 1628; x_wconf 87' lang='lat' dir='ltr'><strong>David</strong></span> <span class='ocrx_word' id='word_1_188' title='bbox 3447 1572 3714 1630; x_wconf 88' lang='lat' dir='ltr'><strong>reddide-</strong></span> 
     </span>
    </p>
   </div>
   <div class='ocr_carea' id='block_1_31' title="bbox 2076 1661 3709 1734">
    <p class='ocr_par' dir='ltr' id='par_1_31' title="bbox 2076 1661 3709 1734">
     <span class='ocr_line' id='line_1_31' title="bbox 2076 1661 3709 1734; baseline 0 -16"><span class='ocrx_word' id='word_1_189' title='bbox 2076 1662 2186 1718; x_wconf 87' lang='lat' dir='ltr'><strong>rit:</strong></span> <span class='ocrx_word' id='word_1_190' title='bbox 2220 1661 2579 1732; x_wconf 65' lang='lat' dir='ltr'><strong>Babylonica;</strong></span> <span class='ocrx_word' id='word_1_191' title='bbox 2608 1663 2858 1719; x_wconf 82' lang='lat' dir='ltr'><strong>fornacis</strong></span> <span class='ocrx_word' id='word_1_192' title='bbox 2880 1661 3178 1717; x_wconf 85' lang='lat' dir='ltr'><strong>ﬂammam</strong></span> <span class='ocrx_word' id='word_1_193' title='bbox 3208 1661 3401 1734; x_wconf 85' lang='lat' dir='ltr'><strong>pueris</strong></span> <span class='ocrx_word' id='word_1_194' title='bbox 3430 1662 3489 1718; x_wconf 92' lang='lat' dir='ltr'><strong>in</strong></span> <span class='ocrx_word' id='word_1_195' title='bbox 3522 1677 3709 1719; x_wconf 90' lang='lat' dir='ltr'><strong>rorem</strong></span> 
     </span>
    </p>
   </div>
   <div class='ocr_carea' id='block_1_32' title="bbox 2075 1751 2506 1808">
    <p class='ocr_par' dir='ltr' id='par_1_32' title="bbox 2075 1751 2506 1808">
     <span class='ocr_line' id='line_1_32' title="bbox 2075 1751 2506 1808; baseline -0.002 0"><span class='ocrx_word' id='word_1_196' title='bbox 2075 1751 2506 1808; x_wconf 89' lang='lat' dir='ltr'><strong>transmutarit.</strong></span> 
     </span>
    </p>
   </div>
   <div class='ocr_carea' id='block_1_33' title="bbox 390 1920 1957 2028">
    <p class='ocr_par' dir='ltr' id='par_1_33' title="bbox 390 1920 1957 2028">
     <span class='ocr_line' id='line_1_33' title="bbox 390 1920 1957 2003; baseline 0.007 -29"><span class='ocrx_word' id='word_1_197' title='bbox 390 1920 533 1993; x_wconf 83' lang='grc' dir='ltr'>Πρὸς</span> <span class='ocrx_word' id='word_1_198' title='bbox 562 1921 798 1990; x_wconf 74' lang='grc' dir='ltr'>τούτοις,</span> <span class='ocrx_word' id='word_1_199' title='bbox 830 1925 1093 1998; x_wconf 85' lang='grc' dir='ltr'>ἠπορεῖτο</span> <span class='ocrx_word' id='word_1_200' title='bbox 1137 1925 1302 1982; x_wconf 71' lang='grc' dir='ltr'>πλέον</span> <span class='ocrx_word' id='word_1_201' title='bbox 1341 1926 1516 1983; x_wconf 71' lang='grc' dir='ltr'>ἐκεῖνα</span> <span class='ocrx_word' id='word_1_202' title='bbox 1555 1926 1957 2003; x_wconf 74' lang='grc' dir='ltr'>διανοούμενος,</span> 
     </span>
     <span class='ocr_line' id='line_1_34' title="bbox 487 2009 1799 2028; baseline 0 0"><span class='ocrx_word' id='word_1_203' title='bbox 487 2009 500 2028; x_wconf 78' lang='grc' dir='ltr'><strong>ι</strong></span> <span class='ocrx_word' id='word_1_204' title='bbox 670 2011 683 2028; x_wconf 88' lang='grc'><strong>.</strong></span> <span class='ocrx_word' id='word_1_205' title='bbox 760 2013 782 2028; x_wconf 85' lang='grc'><strong>..</strong></span> <span class='ocrx_word' id='word_1_206' title='bbox 1090 2015 1104 2028; x_wconf 86' lang='grc'><strong>.</strong></span> <span class='ocrx_word' id='word_1_207' title='bbox 1341 2016 1351 2028; x_wconf 93' lang='grc'><strong>.</strong></span> <span class='ocrx_word' id='word_1_208' title='bbox 1528 2016 1541 2028; x_wconf 90' lang='grc'><strong>.</strong></span> <span class='ocrx_word' id='word_1_209' title='bbox 1595 2019 1608 2028; x_wconf 89' lang='grc'><strong>.</strong></span> <span class='ocrx_word' id='word_1_210' title='bbox 1788 2018 1799 2028; x_wconf 91' lang='grc'><strong>.</strong></span> 
     </span>
    </p>
   </div>
   <div class='ocr_carea' id='block_1_34' title="bbox 2068 1920 3713 2028">
    <p class='ocr_par' dir='ltr' id='par_1_34' title="bbox 2146 1929 3713 2003">
     <span class='ocr_line' id='line_1_35' title="bbox 2146 1929 3713 2003; baseline 0.001 -17"><span class='ocrx_word' id='word_1_211' title='bbox 2146 1930 2423 1988; x_wconf 68' lang='grc' dir='ltr'>Ρτωιεεοε</span> <span class='ocrx_word' id='word_1_212' title='bbox 2467 1930 2528 1987; x_wconf 91' lang='lat' dir='ltr'><strong>in</strong></span> <span class='ocrx_word' id='word_1_213' title='bbox 2568 1930 2775 2003; x_wconf 89' lang='lat' dir='ltr'><strong>majori</strong></span> <span class='ocrx_word' id='word_1_214' title='bbox 2818 1931 3156 1987; x_wconf 89' lang='lat' dir='ltr'><strong>versabatur</strong></span> <span class='ocrx_word' id='word_1_215' title='bbox 3203 1929 3583 1999; x_wconf 82' lang='lat' dir='ltr'><strong>dubitatione,</strong></span> <span class='ocrx_word' id='word_1_216' title='bbox 3616 1929 3713 1988; x_wconf 87' lang='lat' dir='ltr'><strong>illa</strong></span> 
     </span>
    </p>
   </div>
   <div class='ocr_carea' id='block_1_35' title="bbox 314 2009 1957 2093">
    <p class='ocr_par' dir='ltr' id='par_1_35' title="bbox 314 2009 1957 2091">
     <span class='ocr_line' id='line_1_36' title="bbox 314 2009 1957 2091; baseline 0.006 -28"><span class='ocrx_word' id='word_1_217' title='bbox 314 2009 409 2063; x_wconf 89' lang='grc' dir='ltr'><strong>τὸν</strong></span> <span class='ocrx_word' id='word_1_218' title='bbox 439 2009 599 2065; x_wconf 83' lang='grc' dir='ltr'>τόκον</span> <span class='ocrx_word' id='word_1_219' title='bbox 629 2011 722 2066; x_wconf 88' lang='grc' dir='ltr'>τὸν</span> <span class='ocrx_word' id='word_1_220' title='bbox 755 2013 1014 2085; x_wconf 79' lang='grc' dir='ltr'>ἄσπορον.</span> <span class='ocrx_word' id='word_1_221' title='bbox 1045 2015 1145 2084; x_wconf 82' lang='grc' dir='ltr'>τήν</span> <span class='ocrx_word' id='word_1_222' title='bbox 1186 2016 1447 2089; x_wconf 83' lang='grc' dir='ltr'>παρθένον</span> <span class='ocrx_word' id='word_1_223' title='bbox 1483 2016 1666 2086; x_wconf 71' lang='grc' dir='ltr'>αὐτὴν,</span> <span class='ocrx_word' id='word_1_224' title='bbox 1712 2018 1804 2072; x_wconf 89' lang='grc' dir='ltr'><strong>καὶ</strong></span> <span class='ocrx_word' id='word_1_225' title='bbox 1854 2040 1957 2091; x_wconf 87' lang='grc' dir='ltr'>μη-</span> 
     </span>
    </p>
   </div>
   <div class='ocr_carea' id='block_1_36' title="bbox 2068 2009 3709 2093">
    <p class='ocr_par' dir='ltr' id='par_1_36' title="bbox 2075 2020 3709 2093">
     <span class='ocr_line' id='line_1_37' title="bbox 2075 2020 3709 2093; baseline 0.001 -17"><span class='ocrx_word' id='word_1_226' title='bbox 2075 2022 2356 2093; x_wconf 84' lang='lat' dir='ltr'><strong>cogitans,</strong></span> <span class='ocrx_word' id='word_1_227' title='bbox 2389 2026 2620 2092; x_wconf 88' lang='lat' dir='ltr'><strong>partum</strong></span> <span class='ocrx_word' id='word_1_228' title='bbox 2653 2022 2781 2078; x_wconf 88' lang='lat' dir='ltr'><strong>sine</strong></span> <span class='ocrx_word' id='word_1_229' title='bbox 2819 2020 3062 2090; x_wconf 88' lang='lat' dir='ltr'><strong>semine,</strong></span> <span class='ocrx_word' id='word_1_230' title='bbox 3094 2020 3395 2093; x_wconf 88' lang='lat' dir='ltr'><strong>Virginem</strong></span> <span class='ocrx_word' id='word_1_231' title='bbox 3443 2022 3709 2077; x_wconf 89' lang='lat' dir='ltr'><strong>eamdem</strong></span> 
     </span>
    </p>
   </div>
   <div class='ocr_carea' id='block_1_37' title="bbox 314 2096 1965 2182">
    <p class='ocr_par' dir='ltr' id='par_1_37' title="bbox 314 2096 1965 2182">
     <span class='ocr_line' id='line_1_38' title="bbox 314 2096 1965 2182; baseline 0.007 -32"><span class='ocrx_word' id='word_1_232' title='bbox 314 2096 466 2171; x_wconf 73' lang='lat' dir='ltr'><strong>‘tépa&#39;</strong></span> <span class='ocrx_word' id='word_1_233' title='bbox 500 2097 647 2162; x_wconf 83' lang='grc' dir='ltr'>ὅπως</span> <span class='ocrx_word' id='word_1_234' title='bbox 680 2121 739 2155; x_wconf 91' lang='grc' dir='ltr'><strong>τε</strong></span> <span class='ocrx_word' id='word_1_235' title='bbox 787 2102 915 2163; x_wconf 86' lang='grc' dir='ltr'>Θεὸς</span> <span class='ocrx_word' id='word_1_236' title='bbox 957 2104 1135 2179; x_wconf 87' lang='grc' dir='ltr'>Λόγος</span> <span class='ocrx_word' id='word_1_237' title='bbox 1194 2102 1291 2177; x_wconf 80' lang='grc' dir='ltr'>ὤν,</span> <span class='ocrx_word' id='word_1_238' title='bbox 1352 2103 1632 2182; x_wconf 72' lang='grc' dir='ltr'>ἅνθρωπος</span> <span class='ocrx_word' id='word_1_239' title='bbox 1688 2106 1965 2182; x_wconf 70' lang='grc' dir='ltr'>ἀτρέπτως</span> 
     </span>
    </p>
   </div>
   <div class='ocr_carea' id='block_1_38' title="bbox 316 2185 1963 2268">
    <p class='ocr_par' dir='ltr' id='par_1_38' title="bbox 316 2185 1963 2268">
     <span class='ocr_line' id='line_1_39' title="bbox 316 2185 1963 2268; baseline 0.008 -28"><span class='ocrx_word' id='word_1_240' title='bbox 316 2185 544 2263; x_wconf 70' lang='grc' dir='ltr'>ἐγένετο·</span> <span class='ocrx_word' id='word_1_241' title='bbox 586 2189 677 2245; x_wconf 84' lang='grc' dir='ltr'><strong>καὶ</strong></span> <span class='ocrx_word' id='word_1_242' title='bbox 727 2189 877 2255; x_wconf 80' lang='grc' dir='ltr'>ὅπως</span> <span class='ocrx_word' id='word_1_243' title='bbox 937 2189 1026 2248; x_wconf 70' lang='grc' dir='ltr'><strong>διὰ</strong></span> <span class='ocrx_word' id='word_1_244' title='bbox 1083 2199 1316 2268; x_wconf 75' lang='grc' dir='ltr'>σταυροῦ</span> <span class='ocrx_word' id='word_1_245' title='bbox 1379 2196 1470 2251; x_wconf 88' lang='grc' dir='ltr'>τὸν</span> <span class='ocrx_word' id='word_1_246' title='bbox 1530 2194 1665 2267; x_wconf 69' lang='grc' dir='ltr'>ᾅδην</span> <span class='ocrx_word' id='word_1_247' title='bbox 1732 2196 1963 2253; x_wconf 83' lang='grc' dir='ltr'>σκυλεύ-</span> 
     </span>
    </p>
   </div>
   <div class='ocr_carea' id='block_1_39' title="bbox 314 2277 1965 2364">
    <p class='ocr_par' dir='ltr' id='par_1_39' title="bbox 314 2277 1965 2364">
     <span class='ocr_line' id='line_1_40' title="bbox 314 2277 1965 2364; baseline 0.007 -33"><span class='ocrx_word' id='word_1_248' title='bbox 314 2296 423 2332; x_wconf 86' lang='grc' dir='ltr'>σειε</span> <span class='ocrx_word' id='word_1_249' title='bbox 461 2277 823 2348; x_wconf 79' lang='grc' dir='ltr'>[σκυλεύτειεν</span> <span class='ocrx_word' id='word_1_250' title='bbox 856 2282 924 2353; x_wconf 67' lang='grc' dir='ltr'><strong>η,</strong></span> <span class='ocrx_word' id='word_1_251' title='bbox 969 2282 1063 2337; x_wconf 87' lang='grc' dir='ltr'><strong>τὸν</strong></span> <span class='ocrx_word' id='word_1_252' title='bbox 1101 2282 1385 2339; x_wconf 73' lang='grc' dir='ltr'>ἀπατεῶνα</span> <span class='ocrx_word' id='word_1_253' title='bbox 1412 2306 1469 2340; x_wconf 90' lang='grc' dir='ltr'><strong>τε</strong></span> <span class='ocrx_word' id='word_1_254' title='bbox 1517 2281 1639 2364; x_wconf 77' lang='grc' dir='ltr'>ὅφιν</span> <span class='ocrx_word' id='word_1_255' title='bbox 1687 2290 1965 2362; x_wconf 76' lang='grc' dir='ltr'>κατήργη-</span> 
     </span>
    </p>
   </div>
   <div class='ocr_carea' id='block_1_40' title="bbox 313 2365 1963 2447">
    <p class='ocr_par' dir='ltr' id='par_1_40' title="bbox 313 2365 1963 2447">
     <span class='ocr_line' id='line_1_41' title="bbox 313 2365 1963 2447; baseline 0.006 -27"><span class='ocrx_word' id='word_1_256' title='bbox 313 2385 392 2436; x_wconf 76' lang='lat' dir='ltr'><strong>ac,</strong></span> <span class='ocrx_word' id='word_1_257' title='bbox 422 2365 511 2421; x_wconf 83' lang='grc' dir='ltr'><strong>καὶ</strong></span> <span class='ocrx_word' id='word_1_258' title='bbox 542 2368 632 2422; x_wconf 83' lang='grc' dir='ltr'>τὸν</span> <span class='ocrx_word' id='word_1_259' title='bbox 685 2366 865 2443; x_wconf 75' lang='grc' dir='ltr'>Ἀδάμ</span> <span class='ocrx_word' id='word_1_260' title='bbox 921 2371 995 2433; x_wconf 79' lang='grc' dir='ltr'>εἷς</span> <span class='ocrx_word' id='word_1_261' title='bbox 1034 2370 1125 2426; x_wconf 85' lang='grc' dir='ltr'><strong>τὸν</strong></span> <span class='ocrx_word' id='word_1_262' title='bbox 1176 2370 1504 2447; x_wconf 80' lang='grc' dir='ltr'>παράδεισον</span> <span class='ocrx_word' id='word_1_263' title='bbox 1553 2373 1706 2440; x_wconf 80' lang='grc' dir='ltr'>αὖθις</span> <span class='ocrx_word' id='word_1_264' title='bbox 1757 2374 1963 2446; x_wconf 70' lang='grc' dir='ltr'>ἐπανήα</span> 
     </span>
    </p>
   </div>
   <div class='ocr_carea' id='block_1_41' title="bbox 307 2475 468 2532">
    <p class='ocr_par' dir='ltr' id='par_1_41' title="bbox 307 2475 468 2532">
     <span class='ocr_line' id='line_1_42' title="bbox 307 2475 468 2532; baseline 0.019 -23"><span class='ocrx_word' id='word_1_265' title='bbox 307 2475 468 2532; x_wconf 85' lang='grc' dir='ltr'>γαγε.</span> 
     </span>
    </p>
   </div>
   <div class='ocr_carea' id='block_1_42' title="bbox 381 2546 1960 2627">
    <p class='ocr_par' dir='ltr' id='par_1_42' title="bbox 381 2546 1960 2627">
     <span class='ocr_line' id='line_1_43' title="bbox 381 2546 1960 2627; baseline 0.003 -26"><span class='ocrx_word' id='word_1_266' title='bbox 381 2546 563 2601; x_wconf 83' lang='grc' dir='ltr'>Ταῦτα</span> <span class='ocrx_word' id='word_1_267' title='bbox 621 2546 711 2601; x_wconf 84' lang='grc' dir='ltr'><strong>καὶ</strong></span> <span class='ocrx_word' id='word_1_268' title='bbox 767 2549 834 2603; x_wconf 83' lang='grc' dir='ltr'><strong>τὰ</strong></span> <span class='ocrx_word' id='word_1_269' title='bbox 890 2552 1113 2605; x_wconf 82' lang='grc' dir='ltr'>τοιαῦτα</span> <span class='ocrx_word' id='word_1_270' title='bbox 1179 2550 1255 2613; x_wconf 84' lang='grc' dir='ltr'>εἷς</span> <span class='ocrx_word' id='word_1_271' title='bbox 1321 2555 1446 2606; x_wconf 78' lang='grc' dir='ltr'>νοῦν</span> <span class='ocrx_word' id='word_1_272' title='bbox 1516 2550 1863 2627; x_wconf 87' lang='grc' dir='ltr'>βαλλόμενος</span> <span class='ocrx_word' id='word_1_273' title='bbox 1931 2554 1960 2605; x_wconf 85' lang='grc' dir='ltr'><strong>ὁ</strong></span> 
     </span>
    </p>
   </div>
   <div class='ocr_carea' id='block_1_43' title="bbox 306 2633 1959 2716">
    <p class='ocr_par' dir='ltr' id='par_1_43' title="bbox 306 2633 1959 2716">
     <span class='ocr_line' id='line_1_44' title="bbox 306 2633 1959 2716; baseline 0.002 -25"><span class='ocrx_word' id='word_1_274' title='bbox 306 2635 598 2709; x_wconf 83' lang='grc' dir='ltr'>Κυριακὸς,</span> <span class='ocrx_word' id='word_1_275' title='bbox 663 2633 1057 2711; x_wconf 80' lang='grc' dir='ltr'>διεθερμαίνετο</span> <span class='ocrx_word' id='word_1_276' title='bbox 1121 2642 1219 2710; x_wconf 79' lang='grc' dir='ltr'>τήν</span> <span class='ocrx_word' id='word_1_277' title='bbox 1300 2637 1523 2716; x_wconf 83' lang='grc' dir='ltr'>καρδίαν</span> <span class='ocrx_word' id='word_1_278' title='bbox 1591 2640 1720 2713; x_wconf 86' lang='grc' dir='ltr'>θείῳ</span> <span class='ocrx_word' id='word_1_279' title='bbox 1780 2639 1959 2713; x_wconf 71' lang='grc' dir='ltr'>ζήλῳ,</span> 
     </span>
    </p>
   </div>
   <div class='ocr_carea' id='block_1_44' title="bbox 305 2722 1959 2803">
    <p class='ocr_par' dir='ltr' id='par_1_44' title="bbox 305 2722 1959 2803">
     <span class='ocr_line' id='line_1_45' title="bbox 305 2722 1959 2803; baseline 0.001 -23"><span class='ocrx_word' id='word_1_280' title='bbox 305 2724 398 2780; x_wconf 83' lang='grc' dir='ltr'><strong>καί</strong></span> <span class='ocrx_word' id='word_1_281' title='bbox 436 2744 520 2786; x_wconf 89' lang='grc' dir='ltr'><strong>τις</strong></span> <span class='ocrx_word' id='word_1_282' title='bbox 568 2723 727 2781; x_wconf 80' lang='grc' dir='ltr'>αὐτὸν</span> <span class='ocrx_word' id='word_1_283' title='bbox 781 2722 959 2781; x_wconf 79' lang='grc' dir='ltr'>ἔννοια</span> <span class='ocrx_word' id='word_1_284' title='bbox 1016 2728 1208 2801; x_wconf 73' lang='grc' dir='ltr'>εἰσῄει,</span> <span class='ocrx_word' id='word_1_285' title='bbox 1272 2730 1376 2803; x_wconf 88' lang='grc' dir='ltr'><strong>βίῳ</strong></span> <span class='ocrx_word' id='word_1_286' title='bbox 1413 2730 1503 2785; x_wconf 83' lang='grc' dir='ltr'><strong>καὶ</strong></span> <span class='ocrx_word' id='word_1_287' title='bbox 1560 2736 1680 2793; x_wconf 91' lang='grc' dir='ltr'>τοῖς</span> <span class='ocrx_word' id='word_1_288' title='bbox 1742 2728 1793 2784; x_wconf 76' lang='grc' dir='ltr'><strong>ἐν</strong></span> <span class='ocrx_word' id='word_1_289' title='bbox 1852 2727 1959 2803; x_wconf 88' lang='grc' dir='ltr'><strong>βίῳ</strong></span> 
     </span>
    </p>
   </div>
   <div class='ocr_carea' id='block_1_45' title="bbox 312 2815 1958 2895">
    <p class='ocr_par' dir='ltr' id='par_1_45' title="bbox 312 2815 1958 2895">
     <span class='ocr_line' id='line_1_46' title="bbox 312 2815 1958 2895; baseline 0.001 -26"><span class='ocrx_word' id='word_1_290' title='bbox 312 2815 525 2893; x_wconf 78' lang='grc' dir='ltr'>χαίρειν</span> <span class='ocrx_word' id='word_1_291' title='bbox 585 2815 822 2883; x_wconf 66' lang='grc' dir='ltr'>εἰπόντα,</span> <span class='ocrx_word' id='word_1_292' title='bbox 880 2816 968 2872; x_wconf 82' lang='grc' dir='ltr'><strong>ἐπὶ</strong></span> <span class='ocrx_word' id='word_1_293' title='bbox 1024 2821 1125 2887; x_wconf 76' lang='grc' dir='ltr'><strong>τὴν</strong></span> <span class='ocrx_word' id='word_1_294' title='bbox 1196 2819 1347 2892; x_wconf 82' lang='grc' dir='ltr'>ἁγίαν</span> <span class='ocrx_word' id='word_1_295' title='bbox 1415 2819 1696 2895; x_wconf 64' lang='grc' dir='ltr'>ἀφικέσθαι</span> <span class='ocrx_word' id='word_1_296' title='bbox 1770 2817 1958 2888; x_wconf 88' lang='grc' dir='ltr'>πόλιν,</span> 
     </span>
    </p>
   </div>
   <div class='ocr_carea' id='block_1_46' title="bbox 313 2902 1961 2979">
    <p class='ocr_par' dir='ltr' id='par_1_46' title="bbox 313 2902 1961 2979">
     <span class='ocr_line' id='line_1_47' title="bbox 313 2902 1961 2979; baseline 0.002 -23"><span class='ocrx_word' id='word_1_297' title='bbox 313 2904 403 2956; x_wconf 85' lang='grc' dir='ltr'><strong>καὶ</strong></span> <span class='ocrx_word' id='word_1_298' title='bbox 438 2903 602 2978; x_wconf 87' lang='grc' dir='ltr'>ἁγίως</span> <span class='ocrx_word' id='word_1_299' title='bbox 632 2902 684 2958; x_wconf 71' lang='grc' dir='ltr'>ἐν</span> <span class='ocrx_word' id='word_1_300' title='bbox 726 2902 864 2977; x_wconf 80' lang='grc' dir='ltr'>ἁγίῳ</span> <span class='ocrx_word' id='word_1_301' title='bbox 920 2906 1118 2977; x_wconf 81' lang='grc' dir='ltr'>βιῶσαι</span> <span class='ocrx_word' id='word_1_302' title='bbox 1172 2906 1347 2977; x_wconf 84' lang='grc' dir='ltr'>τόπῳ,</span> <span class='ocrx_word' id='word_1_303' title='bbox 1403 2909 1473 2978; x_wconf 81' lang='grc' dir='ltr'><strong>τῇ</strong></span> <span class='ocrx_word' id='word_1_304' title='bbox 1530 2905 1736 2979; x_wconf 74' lang='grc' dir='ltr'>ἡσυχίᾳ</span> <span class='ocrx_word' id='word_1_305' title='bbox 1791 2925 1961 2978; x_wconf 86' lang='grc' dir='ltr'>προσ-</span> 
     </span>
    </p>
   </div>
   <div class='ocr_carea' id='block_1_47' title="bbox 317 2989 1962 3067">
    <p class='ocr_par' dir='ltr' id='par_1_47' title="bbox 317 2989 1962 3067">
     <span class='ocr_line' id='line_1_48' title="bbox 317 2989 1962 3067; baseline 0.001 -22"><span class='ocrx_word' id='word_1_306' title='bbox 317 2989 580 3065; x_wconf 79' lang='grc' dir='ltr'>κείμενον.</span> <span class='ocrx_word' id='word_1_307' title='bbox 612 2993 764 3047; x_wconf 84' lang='grc' dir='ltr'>Κατά</span> <span class='ocrx_word' id='word_1_308' title='bbox 800 2992 921 3047; x_wconf 84' lang='grc' dir='ltr'>τινά</span> <span class='ocrx_word' id='word_1_309' title='bbox 949 2994 1003 3067; x_wconf 85' lang='grc' dir='ltr'>γ’</span> <span class='ocrx_word' id='word_1_310' title='bbox 1033 2990 1126 3047; x_wconf 78' lang='grc' dir='ltr'>οὗν</span> <span class='ocrx_word' id='word_1_311' title='bbox 1166 3013 1297 3049; x_wconf 91' lang='grc' dir='ltr'>ποτε</span> <span class='ocrx_word' id='word_1_312' title='bbox 1324 2994 1621 3067; x_wconf 78' lang='grc' dir='ltr'>Κυριακήν,</span> <span class='ocrx_word' id='word_1_313' title='bbox 1670 2999 1774 3062; x_wconf 80' lang='grc' dir='ltr'>τῆς</span> <span class='ocrx_word' id='word_1_314' title='bbox 1820 2992 1962 3055; x_wconf 85' lang='grc' dir='ltr'>θείας</span> 
     </span>
    </p>
   </div>
   <div class='ocr_carea' id='block_1_48' title="bbox 317 3078 1963 3160">
    <p class='ocr_par' dir='ltr' id='par_1_48' title="bbox 317 3078 1963 3160">
     <span class='ocr_line' id='line_1_49' title="bbox 317 3078 1963 3160; baseline 0.001 -25"><span class='ocrx_word' id='word_1_315' title='bbox 317 3101 376 3135; x_wconf 92' lang='grc' dir='ltr'>σν</span> <span class='ocrx_word' id='word_1_316' title='bbox 401 3085 483 3153; x_wconf 79' lang='grc' dir='ltr'>τῷ</span> <span class='ocrx_word' id='word_1_317' title='bbox 512 3078 836 3157; x_wconf 83' lang='grc' dir='ltr'>Εὖαγγελίῳ</span> <span class='ocrx_word' id='word_1_318' title='bbox 875 3088 1063 3160; x_wconf 80' lang='grc' dir='ltr'>φωνῆς</span> <span class='ocrx_word' id='word_1_319' title='bbox 1112 3081 1366 3145; x_wconf 78' lang='grc' dir='ltr'>ἀκούσας’</span> <span class='ocrx_word' id='word_1_320' title='bbox 1417 3081 1490 3140; x_wconf 75' lang='grc' dir='ltr'><strong>Εἴ</strong></span> <span class='ocrx_word' id='word_1_321' title='bbox 1529 3103 1612 3144; x_wconf 89' lang='grc' dir='ltr'><strong>τις</strong></span> <span class='ocrx_word' id='word_1_322' title='bbox 1644 3081 1787 3147; x_wconf 84' lang='grc' dir='ltr'>θέλει</span> <span class='ocrx_word' id='word_1_323' title='bbox 1838 3081 1963 3136; x_wconf 81' lang='grc' dir='ltr'>ὀπί-</span> 
     </span>
    </p>
   </div>
   <div class='ocr_carea' id='block_1_49' title="bbox 318 3168 1962 3248">
    <p class='ocr_par' dir='ltr' id='par_1_49' title="bbox 318 3168 1962 3248">
     <span class='ocr_line' id='line_1_50' title="bbox 318 3168 1962 3248; baseline 0.002 -23"><span class='ocrx_word' id='word_1_324' title='bbox 318 3169 389 3225; x_wconf 73' lang='grc' dir='ltr'>ἒω</span> <span class='ocrx_word' id='word_1_325' title='bbox 449 3191 554 3244; x_wconf 89' lang='grc' dir='ltr'><strong>μου</strong></span> <span class='ocrx_word' id='word_1_326' title='bbox 612 3168 807 3239; x_wconf 74' lang='grc' dir='ltr'>ἐλθεῖν,</span> <span class='ocrx_word' id='word_1_327' title='bbox 874 3171 1273 3245; x_wconf 81' lang='grc' dir='ltr'>ἀπαρνησάσθω</span> <span class='ocrx_word' id='word_1_328' title='bbox 1340 3173 1552 3230; x_wconf 76' lang='grc' dir='ltr'>ἑαυτὸν.</span> <span class='ocrx_word' id='word_1_329' title='bbox 1620 3171 1711 3227; x_wconf 88' lang='grc' dir='ltr'><strong>καὶ</strong></span> <span class='ocrx_word' id='word_1_330' title='bbox 1777 3172 1962 3248; x_wconf 79' lang='grc' dir='ltr'>ἀράτω</span> 
     </span>
    </p>
   </div>
   <div class='ocr_carea' id='block_1_50' title="bbox 317 3257 1962 3335">
    <p class='ocr_par' dir='ltr' id='par_1_50' title="bbox 317 3257 1962 3335">
     <span class='ocr_line' id='line_1_51' title="bbox 317 3257 1962 3335; baseline 0.002 -21"><span class='ocrx_word' id='word_1_331' title='bbox 317 3258 409 3314; x_wconf 85' lang='grc' dir='ltr'><strong>τὸν</strong></span> <span class='ocrx_word' id='word_1_332' title='bbox 484 3263 714 3335; x_wconf 84' lang='grc' dir='ltr'>σταυρὸν</span> <span class='ocrx_word' id='word_1_333' title='bbox 791 3258 976 3318; x_wconf 80' lang='grc' dir='ltr'>αὐτοῦ.</span> <span class='ocrx_word' id='word_1_334' title='bbox 1053 3262 1143 3316; x_wconf 81' lang='grc' dir='ltr'><strong>καὶ</strong></span> <span class='ocrx_word' id='word_1_335' title='bbox 1218 3257 1590 3325; x_wconf 83' lang='grc' dir='ltr'>ἀκολουθείτω</span> <span class='ocrx_word' id='word_1_336' title='bbox 1668 3282 1783 3334; x_wconf 88' lang='grc' dir='ltr'>μοι.</span> <span class='ocrx_word' id='word_1_337' title='bbox 1865 3262 1962 3318; x_wconf 78' lang='grc' dir='ltr'>οὐκ</span> 
     </span>
    </p>
   </div>
   <div class='ocr_carea' id='block_1_51' title="bbox 2075 2111 3709 2183">
    <p class='ocr_par' dir='ltr' id='par_1_51' title="bbox 2075 2111 3709 2183">
     <span class='ocr_line' id='line_1_52' title="bbox 2075 2111 3709 2183; baseline 0 -16"><span class='ocrx_word' id='word_1_338' title='bbox 2075 2115 2132 2167; x_wconf 91' lang='lat' dir='ltr'><strong>et</strong></span> <span class='ocrx_word' id='word_1_339' title='bbox 2161 2116 2402 2169; x_wconf 88' lang='lat' dir='ltr'><strong>matrem</strong></span> <span class='ocrx_word' id='word_1_340' title='bbox 2428 2129 2441 2168; x_wconf 91' lang='lat'><strong>:</strong></span> <span class='ocrx_word' id='word_1_341' title='bbox 2476 2119 2530 2169; x_wconf 91' lang='lat' dir='ltr'><strong>et</strong></span> <span class='ocrx_word' id='word_1_342' title='bbox 2559 2114 2850 2183; x_wconf 92' lang='lat' dir='ltr'><strong>quomodo</strong></span> <span class='ocrx_word' id='word_1_343' title='bbox 2880 2111 3151 2181; x_wconf 86' lang='lat' dir='ltr'><strong>Verbum,</strong></span> <span class='ocrx_word' id='word_1_344' title='bbox 3185 2128 3317 2167; x_wconf 92' lang='lat' dir='ltr'><strong>cum</strong></span> <span class='ocrx_word' id='word_1_345' title='bbox 3350 2111 3505 2169; x_wconf 89' lang='lat' dir='ltr'><strong>Deus</strong></span> <span class='ocrx_word' id='word_1_346' title='bbox 3537 2119 3709 2181; x_wconf 87' lang='lat' dir='ltr'><strong>esset,</strong></span> 
     </span>
    </p>
   </div>
   <div class='ocr_carea' id='block_1_52' title="bbox 2072 2200 3710 2272">
    <p class='ocr_par' dir='ltr' id='par_1_52' title="bbox 2072 2200 3710 2272">
     <span class='ocr_line' id='line_1_53' title="bbox 2072 2200 3710 2272; baseline -0.001 -16"><span class='ocrx_word' id='word_1_347' title='bbox 2072 2200 2247 2257; x_wconf 92' lang='lat' dir='ltr'><strong>homo</strong></span> <span class='ocrx_word' id='word_1_348' title='bbox 2279 2202 2406 2257; x_wconf 87' lang='lat' dir='ltr'><strong>sine</strong></span> <span class='ocrx_word' id='word_1_349' title='bbox 2436 2201 2758 2257; x_wconf 88' lang='lat' dir='ltr'><strong>mutatione</strong></span> <span class='ocrx_word' id='word_1_350' title='bbox 2786 2200 3001 2256; x_wconf 87' lang='lat' dir='ltr'><strong>factum</strong></span> <span class='ocrx_word' id='word_1_351' title='bbox 3032 2200 3149 2256; x_wconf 87' lang='lat' dir='ltr'><strong>sit:</strong></span> <span class='ocrx_word' id='word_1_352' title='bbox 3181 2204 3241 2256; x_wconf 90' lang='lat' dir='ltr'><strong>et</strong></span> <span class='ocrx_word' id='word_1_353' title='bbox 3269 2216 3381 2271; x_wconf 91' lang='lat' dir='ltr'><strong>quo</strong></span> <span class='ocrx_word' id='word_1_354' title='bbox 3410 2204 3577 2272; x_wconf 88' lang='lat' dir='ltr'><strong>pacto</strong></span> <span class='ocrx_word' id='word_1_355' title='bbox 3608 2216 3710 2272; x_wconf 87' lang='lat' dir='ltr'><strong>per</strong></span> 
     </span>
    </p>
   </div>
   <div class='ocr_carea' id='block_1_53' title="bbox 2073 2287 3706 2362">
    <p class='ocr_par' dir='ltr' id='par_1_53' title="bbox 2073 2287 3706 2362">
     <span class='ocr_line' id='line_1_54' title="bbox 2073 2287 3706 2362; baseline -0.001 -16"><span class='ocrx_word' id='word_1_356' title='bbox 2073 2306 2299 2347; x_wconf 90' lang='lat' dir='ltr'><strong>crucem</strong></span> <span class='ocrx_word' id='word_1_357' title='bbox 2334 2290 2550 2346; x_wconf 90' lang='lat' dir='ltr'><strong>inferos</strong></span> <span class='ocrx_word' id='word_1_358' title='bbox 2581 2288 2937 2362; x_wconf 87' lang='lat' dir='ltr'><strong>spoliaverit,</strong></span> <span class='ocrx_word' id='word_1_359' title='bbox 2971 2287 3353 2360; x_wconf 80' lang='lat' dir='ltr'><strong>fallacemque</strong></span> <span class='ocrx_word' id='word_1_360' title='bbox 3382 2293 3706 2360; x_wconf 87' lang='lat' dir='ltr'><strong>serpentem</strong></span> 
     </span>
    </p>
   </div>
   <div class='ocr_carea' id='block_1_54' title="bbox 2073 2376 3708 2450">
    <p class='ocr_par' dir='ltr' id='par_1_54' title="bbox 2073 2376 3708 2450">
     <span class='ocr_line' id='line_1_55' title="bbox 2073 2376 3708 2450; baseline -0.002 -15"><span class='ocrx_word' id='word_1_361' title='bbox 2073 2379 2322 2450; x_wconf 83' lang='lat' dir='ltr'><strong>fregerit,</strong></span> <span class='ocrx_word' id='word_1_362' title='bbox 2380 2382 2438 2435; x_wconf 89' lang='lat' dir='ltr'><strong>et</strong></span> <span class='ocrx_word' id='word_1_363' title='bbox 2497 2379 2781 2435; x_wconf 80' lang='lat' dir='ltr'><strong>Adamum</strong></span> <span class='ocrx_word' id='word_1_364' title='bbox 2843 2394 3049 2434; x_wconf 85' lang='lat' dir='ltr'><strong>rursus</strong></span> <span class='ocrx_word' id='word_1_365' title='bbox 3101 2377 3159 2433; x_wconf 88' lang='lat' dir='ltr'><strong>in</strong></span> <span class='ocrx_word' id='word_1_366' title='bbox 3222 2376 3559 2449; x_wconf 91' lang='lat' dir='ltr'><strong>paradisum</strong></span> <span class='ocrx_word' id='word_1_367' title='bbox 3615 2393 3708 2433; x_wconf 88' lang='lat' dir='ltr'><strong>re-</strong></span> 
     </span>
    </p>
   </div>
   <div class='ocr_carea' id='block_1_55' title="bbox 2070 2466 3715 2622">
    <p class='ocr_par' dir='ltr' id='par_1_55' title="bbox 2070 2466 3715 2622">
     <span class='ocr_line' id='line_1_56' title="bbox 2070 2466 3715 2622; baseline -0.001 -14"><span class='ocrx_word' id='word_1_368' title='bbox 2070 2466 2363 2609; x_wconf 47' lang='grc' dir='ltr'><strong>ἀυὲῖεῗιὲι</strong></span> <span class='ocrx_word' id='word_1_369' title='bbox 2400 2552 2617 2609; x_wconf 90' lang='lat' dir='ltr'><strong>similia</strong></span> <span class='ocrx_word' id='word_1_370' title='bbox 2665 2556 2860 2608; x_wconf 91' lang='lat' dir='ltr'><strong>mente</strong></span> <span class='ocrx_word' id='word_1_371' title='bbox 2909 2552 3133 2622; x_wconf 84' lang='lat' dir='ltr'><strong>agitans</strong></span> <span class='ocrx_word' id='word_1_372' title='bbox 3177 2552 3474 2622; x_wconf 81' lang='lat' dir='ltr'><strong>Cyriacus,</strong></span> <span class='ocrx_word' id='word_1_373' title='bbox 3516 2551 3715 2607; x_wconf 90' lang='lat' dir='ltr'><strong>divino</strong></span> 
     </span>
    </p>
   </div>
   <div class='ocr_carea' id='block_1_56' title="bbox 2066 2638 3713 2710">
    <p class='ocr_par' dir='ltr' id='par_1_56' title="bbox 2066 2638 3713 2710">
     <span class='ocr_line' id='line_1_57' title="bbox 2066 2638 3713 2710; baseline -0.001 -15"><span class='ocrx_word' id='word_1_374' title='bbox 2066 2641 2188 2698; x_wconf 91' lang='lat' dir='ltr'><strong>zelo</strong></span> <span class='ocrx_word' id='word_1_375' title='bbox 2236 2641 2295 2696; x_wconf 91' lang='lat' dir='ltr'><strong>in</strong></span> <span class='ocrx_word' id='word_1_376' title='bbox 2356 2642 2525 2697; x_wconf 90' lang='lat' dir='ltr'><strong>corde</strong></span> <span class='ocrx_word' id='word_1_377' title='bbox 2580 2640 3070 2706; x_wconf 87' lang='lat' dir='ltr'><strong>inﬂammabatur,</strong></span> <span class='ocrx_word' id='word_1_378' title='bbox 3123 2640 3293 2710; x_wconf 87' lang='lat' dir='ltr'><strong>eique</strong></span> <span class='ocrx_word' id='word_1_379' title='bbox 3343 2639 3607 2695; x_wconf 88' lang='lat' dir='ltr'><strong>veniebat</strong></span> <span class='ocrx_word' id='word_1_380' title='bbox 3652 2638 3713 2694; x_wconf 89' lang='lat' dir='ltr'><strong>in</strong></span> 
     </span>
    </p>
   </div>
   <div class='ocr_carea' id='block_1_57' title="bbox 2068 2726 3713 2800">
    <p class='ocr_par' dir='ltr' id='par_1_57' title="bbox 2068 2726 3713 2800">
     <span class='ocr_line' id='line_1_58' title="bbox 2068 2726 3713 2800; baseline -0.002 -15"><span class='ocrx_word' id='word_1_381' title='bbox 2068 2733 2344 2798; x_wconf 90' lang='lat' dir='ltr'><strong>mentem,</strong></span> <span class='ocrx_word' id='word_1_382' title='bbox 2379 2729 2602 2785; x_wconf 89' lang='lat' dir='ltr'><strong>mundo</strong></span> <span class='ocrx_word' id='word_1_383' title='bbox 2634 2734 2693 2784; x_wconf 90' lang='lat' dir='ltr'><strong>et</strong></span> <span class='ocrx_word' id='word_1_384' title='bbox 2723 2729 2793 2785; x_wconf 89' lang='lat' dir='ltr'><strong>iis</strong></span> <span class='ocrx_word' id='word_1_385' title='bbox 2824 2744 2949 2800; x_wconf 70' lang='lat' dir='ltr'><strong>que</strong></span> <span class='ocrx_word' id='word_1_386' title='bbox 2976 2728 3035 2782; x_wconf 91' lang='lat' dir='ltr'><strong>in</strong></span> <span class='ocrx_word' id='word_1_387' title='bbox 3071 2729 3289 2783; x_wconf 92' lang='lat' dir='ltr'><strong>mundo</strong></span> <span class='ocrx_word' id='word_1_388' title='bbox 3339 2736 3477 2783; x_wconf 89' lang='lat' dir='ltr'><strong>sunt</strong></span> <span class='ocrx_word' id='word_1_389' title='bbox 3523 2726 3713 2783; x_wconf 87' lang='lat' dir='ltr'><strong>valere</strong></span> 
     </span>
    </p>
   </div>
   <div class='ocr_carea' id='block_1_58' title="bbox 2060 2817 3712 2889">
    <p class='ocr_par' dir='ltr' id='par_1_58' title="bbox 2060 2817 3712 2889">
     <span class='ocr_line' id='line_1_59' title="bbox 2060 2817 3712 2889; baseline -0.002 -15"><span class='ocrx_word' id='word_1_390' title='bbox 2060 2817 2264 2889; x_wconf 87' lang='lat' dir='ltr'><strong>jussis,</strong></span> <span class='ocrx_word' id='word_1_391' title='bbox 2297 2818 2355 2873; x_wconf 92' lang='lat' dir='ltr'><strong>in</strong></span> <span class='ocrx_word' id='word_1_392' title='bbox 2390 2823 2651 2874; x_wconf 86' lang='lat' dir='ltr'><strong>sanctam</strong></span> <span class='ocrx_word' id='word_1_393' title='bbox 2684 2833 2746 2874; x_wconf 90' lang='lat' dir='ltr'><strong>se</strong></span> <span class='ocrx_word' id='word_1_394' title='bbox 2772 2819 3034 2873; x_wconf 90' lang='lat' dir='ltr'><strong>conferre</strong></span> <span class='ocrx_word' id='word_1_395' title='bbox 3074 2817 3385 2885; x_wconf 90' lang='lat' dir='ltr'><strong>civitatem,</strong></span> <span class='ocrx_word' id='word_1_396' title='bbox 3418 2821 3475 2871; x_wconf 85' lang='lat' dir='ltr'><strong>et</strong></span> <span class='ocrx_word' id='word_1_397' title='bbox 3513 2819 3712 2872; x_wconf 85' lang='lat' dir='ltr'><strong>sancte</strong></span> 
     </span>
    </p>
   </div>
   <div class='ocr_carea' id='block_1_59' title="bbox 2067 2903 3710 2976">
    <p class='ocr_par' dir='ltr' id='par_1_59' title="bbox 2067 2903 3710 2976">
     <span class='ocr_line' id='line_1_60' title="bbox 2067 2903 3710 2976; baseline -0.001 -17"><span class='ocrx_word' id='word_1_398' title='bbox 2067 2906 2129 2960; x_wconf 90' lang='lat' dir='ltr'><strong>in</strong></span> <span class='ocrx_word' id='word_1_399' title='bbox 2162 2913 2359 2961; x_wconf 86' lang='lat' dir='ltr'><strong>sancto</strong></span> <span class='ocrx_word' id='word_1_400' title='bbox 2391 2905 2516 2962; x_wconf 92' lang='lat' dir='ltr'><strong>loco</strong></span> <span class='ocrx_word' id='word_1_401' title='bbox 2546 2914 2599 2961; x_wconf 88' lang='lat' dir='ltr'><strong>et</strong></span> <span class='ocrx_word' id='word_1_402' title='bbox 2620 2908 2676 2960; x_wconf 90' lang='lat' dir='ltr'><strong>in</strong></span> <span class='ocrx_word' id='word_1_403' title='bbox 2711 2921 2944 2976; x_wconf 63' lang='lat' dir='ltr'><strong>secessu</strong></span> <span class='ocrx_word' id='word_1_404' title='bbox 2981 2906 3208 2976; x_wconf 85' lang='lat' dir='ltr'><strong>degere.</strong></span> <span class='ocrx_word' id='word_1_405' title='bbox 3234 2905 3491 2967; x_wconf 90' lang='lat' dir='ltr'><strong>Quodam</strong></span> <span class='ocrx_word' id='word_1_406' title='bbox 3513 2903 3710 2974; x_wconf 89' lang='lat' dir='ltr'><strong>itaque</strong></span> 
     </span>
    </p>
   </div>
   <div class='ocr_carea' id='block_1_60' title="bbox 2070 2991 3702 3064">
    <p class='ocr_par' dir='ltr' id='par_1_60' title="bbox 2070 2991 3702 3064">
     <span class='ocr_line' id='line_1_61' title="bbox 2070 2991 3702 3064; baseline -0.001 -17"><span class='ocrx_word' id='word_1_407' title='bbox 2070 2994 2164 3048; x_wconf 92' lang='lat' dir='ltr'><strong>die</strong></span> <span class='ocrx_word' id='word_1_408' title='bbox 2213 2994 2529 3064; x_wconf 90' lang='lat' dir='ltr'><strong>Dominico,</strong></span> <span class='ocrx_word' id='word_1_409' title='bbox 2570 3009 2705 3050; x_wconf 89' lang='lat' dir='ltr'><strong>cum</strong></span> <span class='ocrx_word' id='word_1_410' title='bbox 2756 2994 3011 3049; x_wconf 88' lang='lat' dir='ltr'><strong>divinam</strong></span> <span class='ocrx_word' id='word_1_411' title='bbox 3050 2993 3109 3047; x_wconf 91' lang='lat' dir='ltr'><strong>in</strong></span> <span class='ocrx_word' id='word_1_412' title='bbox 3158 2991 3459 3062; x_wconf 84' lang='lat' dir='ltr'><strong>Evangelio</strong></span> <span class='ocrx_word' id='word_1_413' title='bbox 3506 3008 3702 3047; x_wconf 89' lang='lat' dir='ltr'><strong>vocem</strong></span> 
     </span>
    </p>
   </div>
   <div class='ocr_carea' id='block_1_61' title="bbox 2068 3082 3707 3155">
    <p class='ocr_par' dir='ltr' id='par_1_61' title="bbox 2068 3082 3707 3155">
     <span class='ocr_line' id='line_1_62' title="bbox 2068 3082 3707 3155; baseline 0 -19"><span class='ocrx_word' id='word_1_414' title='bbox 2068 3082 2394 3139; x_wconf 89' lang='lat' dir='ltr'><strong>audiisset:</strong></span> <span class='ocrx_word' id='word_1_415' title='bbox 2445 3083 2508 3139; x_wconf 79' lang='lat' dir='ltr'><strong>Si</strong></span> <span class='ocrx_word' id='word_1_416' title='bbox 2558 3085 2680 3155; x_wconf 78' lang='lat' dir='ltr'><strong>quis</strong></span> <span class='ocrx_word' id='word_1_417' title='bbox 2734 3083 2852 3139; x_wconf 82' lang='lat' dir='ltr'><strong>vult</strong></span> <span class='ocrx_word' id='word_1_418' title='bbox 2904 3091 3024 3155; x_wconf 78' lang='lat' dir='ltr'><strong>post</strong></span> <span class='ocrx_word' id='word_1_419' title='bbox 3070 3098 3156 3138; x_wconf 84' lang='lat' dir='ltr'><strong>me</strong></span> <span class='ocrx_word' id='word_1_420' title='bbox 3205 3083 3413 3151; x_wconf 81' lang='lat' dir='ltr'><strong>venire,</strong></span> <span class='ocrx_word' id='word_1_421' title='bbox 3463 3082 3707 3152; x_wconf 78' lang='lat' dir='ltr'><strong>(abneget</strong></span> 
     </span>
    </p>
   </div>
   <div class='ocr_carea' id='block_1_62' title="bbox 2068 3175 3713 3247">
    <p class='ocr_par' dir='ltr' id='par_1_62' title="bbox 2068 3175 3713 3247">
     <span class='ocr_line' id='line_1_63' title="bbox 2068 3175 3713 3247; baseline -0.001 -18"><span class='ocrx_word' id='word_1_422' title='bbox 2068 3175 2429 3246; x_wconf 76' lang='lat' dir='ltr'><strong>semetipsum,</strong></span> <span class='ocrx_word' id='word_1_423' title='bbox 2481 3176 2553 3247; x_wconf 76' lang='lat' dir='ltr'><strong>et)</strong></span> <span class='ocrx_word' id='word_1_424' title='bbox 2614 3177 2770 3231; x_wconf 80' lang='lat' dir='ltr'><strong>tollat</strong></span> <span class='ocrx_word' id='word_1_425' title='bbox 2834 3191 3050 3232; x_wconf 81' lang='lat' dir='ltr'><strong>crucem</strong></span> <span class='ocrx_word' id='word_1_426' title='bbox 3118 3192 3296 3240; x_wconf 75' lang='lat' dir='ltr'><strong>suam,</strong></span> <span class='ocrx_word' id='word_1_427' title='bbox 3352 3182 3403 3230; x_wconf 80' lang='lat' dir='ltr'><strong>et</strong></span> <span class='ocrx_word' id='word_1_428' title='bbox 3455 3182 3713 3246; x_wconf 74' lang='lat' dir='ltr'><strong>sequatur</strong></span> 
     </span>
    </p>
   </div>
   <div class='ocr_carea' id='block_1_63' title="bbox 2068 3262 3710 3333">
    <p class='ocr_par' dir='ltr' id='par_1_63' title="bbox 2068 3262 3710 3333">
     <span class='ocr_line' id='line_1_64' title="bbox 2068 3262 3710 3333; baseline 0 -16"><span class='ocrx_word' id='word_1_429' title='bbox 2068 3278 2192 3318; x_wconf 77' lang='lat' dir='ltr'><strong>me:</strong></span> <span class='ocrx_word' id='word_1_430' title='bbox 2241 3278 2362 3319; x_wconf 93' lang='lat' dir='ltr'><strong>rem</strong></span> <span class='ocrx_word' id='word_1_431' title='bbox 2423 3262 2667 3318; x_wconf 91' lang='lat' dir='ltr'><strong>minime</strong></span> <span class='ocrx_word' id='word_1_432' title='bbox 2724 3263 2969 3332; x_wconf 86' lang='lat' dir='ltr'><strong>distulit,</strong></span> <span class='ocrx_word' id='word_1_433' title='bbox 3024 3280 3089 3319; x_wconf 89' lang='lat' dir='ltr'><strong>ac</strong></span> <span class='ocrx_word' id='word_1_434' title='bbox 3138 3280 3210 3319; x_wconf 88' lang='lat' dir='ltr'><strong>ne</strong></span> <span class='ocrx_word' id='word_1_435' title='bbox 3258 3262 3415 3319; x_wconf 91' lang='lat' dir='ltr'><strong>brevi</strong></span> <span class='ocrx_word' id='word_1_436' title='bbox 3474 3263 3710 3333; x_wconf 90' lang='lat' dir='ltr'><strong>quidem</strong></span> 
     </span>
    </p>
   </div>
   <div class='ocr_carea' id='block_1_64' title="bbox 314 3329 1957 3427">
    <p class='ocr_par' dir='ltr' id='par_1_64' title="bbox 314 3329 1957 3427">
     <span class='ocr_line' id='line_1_65' title="bbox 314 3329 1957 3427; baseline 0.001 -22"><span class='ocrx_word' id='word_1_437' title='bbox 314 3346 482 3406; x_wconf 79' lang='grc' dir='ltr'>ἔδωκέ</span> <span class='ocrx_word' id='word_1_438' title='bbox 539 3329 758 3425; x_wconf 76' lang='grc' dir='ltr'>[ἔδωκεν</span> <span class='ocrx_word' id='word_1_439' title='bbox 804 3353 846 3425; x_wconf 73' lang='grc'><strong>³]</strong></span> <span class='ocrx_word' id='word_1_440' title='bbox 907 3372 1014 3407; x_wconf 88' lang='grc' dir='ltr'>τινι</span> <span class='ocrx_word' id='word_1_441' title='bbox 1070 3352 1133 3407; x_wconf 91' lang='grc' dir='ltr'>τὸ</span> <span class='ocrx_word' id='word_1_442' title='bbox 1188 3356 1416 3427; x_wconf 80' lang='grc' dir='ltr'>πρᾶγμα</span> <span class='ocrx_word' id='word_1_443' title='bbox 1472 3329 1764 3425; x_wconf 76' lang='grc' dir='ltr'>μελλήσει,</span> <span class='ocrx_word' id='word_1_444' title='bbox 1834 3349 1957 3407; x_wconf 79' lang='grc' dir='ltr'><strong>οὐδέ</strong></span> 
     </span>
    </p>
   </div>
   <div class='ocr_carea' id='block_1_65' title="bbox 2068 3329 3708 3427">
    <p class='ocr_par' dir='ltr' id='par_1_65' title="bbox 2068 3349 3708 3422">
     <span class='ocr_line' id='line_1_66' title="bbox 2068 3349 3708 3422; baseline 0 -16"><span class='ocrx_word' id='word_1_445' title='bbox 2068 3355 2325 3422; x_wconf 90' lang='lat' dir='ltr'><strong>tempore</strong></span> <span class='ocrx_word' id='word_1_446' title='bbox 2383 3355 2666 3416; x_wconf 89' lang='lat' dir='ltr'><strong>moratus,</strong></span> <span class='ocrx_word' id='word_1_447' title='bbox 2717 3357 2819 3407; x_wconf 92' lang='lat' dir='ltr'><strong>aut</strong></span> <span class='ocrx_word' id='word_1_448' title='bbox 2874 3351 3222 3418; x_wconf 90' lang='lat' dir='ltr'><strong>deliberans,</strong></span> <span class='ocrx_word' id='word_1_449' title='bbox 3276 3367 3449 3407; x_wconf 90' lang='lat' dir='ltr'><strong>suum</strong></span> <span class='ocrx_word' id='word_1_450' title='bbox 3511 3349 3708 3406; x_wconf 88' lang='lat' dir='ltr'><strong>statim</strong></span> 
     </span>
    </p>
   </div>
   <div class='ocr_carea' id='block_1_66' title="bbox 318 3436 1959 3519">
    <p class='ocr_par' dir='ltr' id='par_1_66' title="bbox 318 3436 1959 3519">
     <span class='ocr_line' id='line_1_67' title="bbox 318 3436 1959 3519; baseline -0.007 -21"><span class='ocrx_word' id='word_1_451' title='bbox 318 3439 525 3515; x_wconf 75' lang='grc' dir='ltr'>βραχὺν</span> <span class='ocrx_word' id='word_1_452' title='bbox 564 3438 764 3519; x_wconf 73' lang='grc' dir='ltr'>ἐπέσχε</span> <span class='ocrx_word' id='word_1_453' title='bbox 828 3442 1055 3516; x_wconf 91' lang='grc' dir='ltr'>χρόνον,</span> <span class='ocrx_word' id='word_1_454' title='bbox 1094 3441 1129 3509; x_wconf 67' lang='grc' dir='ltr'><strong>ἢ</strong></span> <span class='ocrx_word' id='word_1_455' title='bbox 1173 3439 1509 3516; x_wconf 66' lang='grc' dir='ltr'>διεσκὲψατοθ</span> <span class='ocrx_word' id='word_1_456' title='bbox 1553 3439 1679 3496; x_wconf 83' lang='grc' dir='ltr'>ἀλλ’</span> <span class='ocrx_word' id='word_1_457' title='bbox 1730 3440 1805 3501; x_wconf 86' lang='grc' dir='ltr'>εἷς</span> <span class='ocrx_word' id='word_1_458' title='bbox 1863 3436 1959 3514; x_wconf 74' lang='grc' dir='ltr'>ἔρ..</span> 
     </span>
    </p>
   </div>
   <div class='ocr_carea' id='block_1_67' title="bbox 312 3527 1960 3605">
    <p class='ocr_par' dir='ltr' id='par_1_67' title="bbox 312 3527 1960 3605">
     <span class='ocr_line' id='line_1_68' title="bbox 312 3527 1960 3605; baseline -0.001 -21"><span class='ocrx_word' id='word_1_459' title='bbox 312 3549 408 3602; x_wconf 84' lang='grc' dir='ltr'><strong>γον</strong></span> <span class='ocrx_word' id='word_1_460' title='bbox 441 3527 595 3593; x_wconf 76' lang='grc' dir='ltr'>εὐθὺς</span> <span class='ocrx_word' id='word_1_461' title='bbox 641 3531 742 3599; x_wconf 76' lang='grc' dir='ltr'>τὴν</span> <span class='ocrx_word' id='word_1_462' title='bbox 803 3531 1034 3605; x_wconf 84' lang='grc' dir='ltr'>γνώμην</span> <span class='ocrx_word' id='word_1_463' title='bbox 1089 3535 1317 3604; x_wconf 80' lang='grc' dir='ltr'>προῆγε·</span> <span class='ocrx_word' id='word_1_464' title='bbox 1361 3529 1451 3583; x_wconf 87' lang='grc' dir='ltr'><strong>καὶ</strong></span> <span class='ocrx_word' id='word_1_465' title='bbox 1505 3535 1606 3598; x_wconf 85' lang='grc' dir='ltr'><strong>τῆς</strong></span> <span class='ocrx_word' id='word_1_466' title='bbox 1666 3528 1960 3599; x_wconf 76' lang='grc' dir='ltr'>ἐκκλησίας</span> 
     </span>
    </p>
   </div>
   <div class='ocr_carea' id='block_1_68' title="bbox 316 3617 1958 3695">
    <p class='ocr_par' dir='ltr' id='par_1_68' title="bbox 316 3617 1958 3695">
     <span class='ocr_line' id='line_1_69' title="bbox 316 3617 1958 3695; baseline -0.001 -22"><span class='ocrx_word' id='word_1_467' title='bbox 316 3618 443 3693; x_wconf 83' lang='grc' dir='ltr'>σιγῇ</span> <span class='ocrx_word' id='word_1_468' title='bbox 470 3619 547 3683; x_wconf 82' lang='grc' dir='ltr'>ὡς</span> <span class='ocrx_word' id='word_1_469' title='bbox 587 3619 729 3693; x_wconf 75' lang='grc' dir='ltr'>εἶχεν</span> <span class='ocrx_word' id='word_1_470' title='bbox 781 3618 1110 3687; x_wconf 78' lang='grc' dir='ltr'>ὑπεξελθὼν,</span> <span class='ocrx_word' id='word_1_471' title='bbox 1167 3617 1242 3679; x_wconf 77' lang='grc' dir='ltr'><strong>εἰς</strong></span> <span class='ocrx_word' id='word_1_472' title='bbox 1301 3618 1577 3693; x_wconf 76' lang='grc' dir='ltr'>Κεγχρεάς</span> <span class='ocrx_word' id='word_1_473' title='bbox 1635 3618 1958 3695; x_wconf 69' lang='grc' dir='ltr'>ἀφικνεῖταυ</span> 
     </span>
    </p>
   </div>
   <div class='ocr_carea' id='block_1_69' title="bbox 315 3705 1963 3782">
    <p class='ocr_par' dir='ltr' id='par_1_69' title="bbox 315 3705 1963 3782">
     <span class='ocr_line' id='line_1_70' title="bbox 315 3705 1963 3782; baseline -0.001 -20"><span class='ocrx_word' id='word_1_474' title='bbox 315 3708 401 3762; x_wconf 80' lang='grc' dir='ltr'><strong>καὶ</strong></span> <span class='ocrx_word' id='word_1_475' title='bbox 433 3705 634 3763; x_wconf 86' lang='grc' dir='ltr'>πλοίου</span> <span class='ocrx_word' id='word_1_476' title='bbox 663 3706 884 3771; x_wconf 78' lang='grc' dir='ltr'>ἐνταῦθα</span> <span class='ocrx_word' id='word_1_477' title='bbox 914 3708 989 3769; x_wconf 80' lang='grc' dir='ltr'>εἷς</span> <span class='ocrx_word' id='word_1_478' title='bbox 1030 3706 1391 3778; x_wconf 84' lang='grc' dir='ltr'>Παλαιστίνην</span> <span class='ocrx_word' id='word_1_479' title='bbox 1440 3706 1795 3782; x_wconf 87' lang='grc' dir='ltr'>καταίροντος</span> <span class='ocrx_word' id='word_1_480' title='bbox 1841 3705 1963 3761; x_wconf 82' lang='grc' dir='ltr'>ἐπι-</span> 
     </span>
    </p>
   </div>
   <div class='ocr_carea' id='block_1_70' title="bbox 320 3792 1958 3872">
    <p class='ocr_par' dir='ltr' id='par_1_70' title="bbox 320 3792 1958 3872">
     <span class='ocr_line' id='line_1_71' title="bbox 320 3792 1958 3872; baseline 0.001 -24"><span class='ocrx_word' id='word_1_481' title='bbox 320 3792 436 3863; x_wconf 78' lang='grc' dir='ltr'>ϐὰς,</span> <span class='ocrx_word' id='word_1_482' title='bbox 476 3800 613 3870; x_wconf 88' lang='grc' dir='ltr'>πρὸς</span> <span class='ocrx_word' id='word_1_483' title='bbox 661 3795 1026 3871; x_wconf 86' lang='grc' dir='ltr'>Ἱεροσόλυμα</span> <span class='ocrx_word' id='word_1_484' title='bbox 1082 3793 1292 3870; x_wconf 78' lang='grc' dir='ltr'>σπουδῇ</span> <span class='ocrx_word' id='word_1_485' title='bbox 1349 3795 1725 3872; x_wconf 86' lang='grc' dir='ltr'>παραγίνεται,</span> <span class='ocrx_word' id='word_1_486' title='bbox 1788 3795 1958 3852; x_wconf 75' lang='grc' dir='ltr'>ὀκτωο</span> 
     </span>
    </p>
   </div>
   <div class='ocr_carea' id='block_1_71' title="bbox 320 3880 1957 3962">
    <p class='ocr_par' dir='ltr' id='par_1_71' title="bbox 320 3880 1957 3962">
     <span class='ocr_line' id='line_1_72' title="bbox 320 3880 1957 3962; baseline 0 -22"><span class='ocrx_word' id='word_1_487' title='bbox 320 3881 635 3941; x_wconf 79' lang='grc' dir='ltr'>καιδέκατον</span> <span class='ocrx_word' id='word_1_488' title='bbox 699 3882 808 3956; x_wconf 78' lang='grc' dir='ltr'>ἢδη</span> <span class='ocrx_word' id='word_1_489' title='bbox 864 3887 1102 3962; x_wconf 86' lang='grc' dir='ltr'>γεγονώς</span> <span class='ocrx_word' id='word_1_490' title='bbox 1161 3880 1297 3956; x_wconf 81' lang='grc' dir='ltr'>ἔτος,</span> <span class='ocrx_word' id='word_1_491' title='bbox 1356 3884 1523 3958; x_wconf 78' lang='grc' dir='ltr'>ἐνάτῳ</span> <span class='ocrx_word' id='word_1_492' title='bbox 1583 3886 1677 3959; x_wconf 79' lang='grc' dir='ltr'>μὲν</span> <span class='ocrx_word' id='word_1_493' title='bbox 1733 3882 1799 3955; x_wconf 78' lang='grc' dir='ltr'><strong>δὴ</strong></span> <span class='ocrx_word' id='word_1_494' title='bbox 1856 3891 1957 3954; x_wconf 83' lang='grc' dir='ltr'><strong>τῆς</strong></span> 
     </span>
    </p>
   </div>
   <div class='ocr_carea' id='block_1_72' title="bbox 325 3970 1958 4053">
    <p class='ocr_par' dir='ltr' id='par_1_72' title="bbox 325 3970 1958 4053">
     <span class='ocr_line' id='line_1_73' title="bbox 325 3970 1958 4053; baseline 0 -25"><span class='ocrx_word' id='word_1_495' title='bbox 325 3973 603 4049; x_wconf 88' lang='grc' dir='ltr'>βασιλείας</span> <span class='ocrx_word' id='word_1_496' title='bbox 654 3973 882 4038; x_wconf 86' lang='grc' dir='ltr'>Λέοντος</span> <span class='ocrx_word' id='word_1_497' title='bbox 926 3979 1023 4032; x_wconf 79' lang='grc' dir='ltr'><strong>τοῦ</strong></span> <span class='ocrx_word' id='word_1_498' title='bbox 1075 3974 1314 4053; x_wconf 84' lang='grc' dir='ltr'>μεγάλου</span> <span class='ocrx_word' id='word_1_499' title='bbox 1371 3971 1619 4048; x_wconf 73' lang='grc' dir='ltr'>ἐνιαυτῷ,</span> <span class='ocrx_word' id='word_1_500' title='bbox 1673 3970 1852 4048; x_wconf 79' lang='grc' dir='ltr'>ὀγδόῳ</span> <span class='ocrx_word' id='word_1_501' title='bbox 1901 3971 1958 4028; x_wconf 75' lang='grc' dir='ltr'>δὲ</span> 
     </span>
    </p>
   </div>
   <div class='ocr_carea' id='block_1_73' title="bbox 321 4062 1563 4141">
    <p class='ocr_par' dir='ltr' id='par_1_73' title="bbox 321 4062 1563 4141">
     <span class='ocr_line' id='line_1_74' title="bbox 321 4062 1563 4141; baseline -0.002 -20"><span class='ocrx_word' id='word_1_502' title='bbox 321 4062 670 4121; x_wconf 85' lang='grc' dir='ltr'>Ἀναστασίου</span> <span class='ocrx_word' id='word_1_503' title='bbox 696 4071 798 4134; x_wconf 75' lang='grc' dir='ltr'>τῆς</span> <span class='ocrx_word' id='word_1_504' title='bbox 828 4063 1225 4140; x_wconf 83' lang='grc' dir='ltr'>Ἱεροσολύμων</span> <span class='ocrx_word' id='word_1_505' title='bbox 1257 4064 1563 4141; x_wconf 74' lang='grc' dir='ltr'><strong>⁴ίεραρχίας.</strong></span> 
     </span>
    </p>
   </div>
   <div class='ocr_carea' id='block_1_74' title="bbox 389 4151 1959 4230">
    <p class='ocr_par' dir='ltr' id='par_1_74' title="bbox 389 4151 1959 4230">
     <span class='ocr_line' id='line_1_75' title="bbox 389 4151 1959 4230; baseline -0.003 -19"><span class='ocrx_word' id='word_1_506' title='bbox 389 4153 620 4211; x_wconf 79' lang='grc' dir='ltr'>Ἐκεῖθεν</span> <span class='ocrx_word' id='word_1_507' title='bbox 646 4154 825 4210; x_wconf 89' lang='grc' dir='ltr'>τοίνυν</span> <span class='ocrx_word' id='word_1_508' title='bbox 858 4153 937 4217; x_wconf 72' lang='grc' dir='ltr'><strong>εἷς</strong></span> <span class='ocrx_word' id='word_1_509' title='bbox 977 4155 1078 4225; x_wconf 82' lang='grc' dir='ltr'>τήν</span> <span class='ocrx_word' id='word_1_510' title='bbox 1127 4154 1285 4230; x_wconf 88' lang='grc' dir='ltr'>ἀγίαν</span> <span class='ocrx_word' id='word_1_511' title='bbox 1341 4152 1507 4209; x_wconf 88' lang='grc' dir='ltr'>πόλιν</span> <span class='ocrx_word' id='word_1_512' title='bbox 1566 4152 1762 4223; x_wconf 81' lang='grc' dir='ltr'>ἐλθὼν,</span> <span class='ocrx_word' id='word_1_513' title='bbox 1812 4151 1959 4227; x_wconf 81' lang='grc' dir='ltr'><strong>παρά</strong></span> 
     </span>
    </p>
   </div>
   <div class='ocr_carea' id='block_1_75' title="bbox 315 4238 1959 4320">
    <p class='ocr_par' dir='ltr' id='par_1_75' title="bbox 315 4238 1959 4320">
     <span class='ocr_line' id='line_1_76' title="bbox 315 4238 1959 4320; baseline -0.003 -23"><span class='ocrx_word' id='word_1_514' title='bbox 315 4246 393 4315; x_wconf 77' lang='grc' dir='ltr'><strong>τῷ</strong></span> <span class='ocrx_word' id='word_1_515' title='bbox 441 4242 690 4320; x_wconf 79' lang='grc' dir='ltr'>μεγάλῳ.</span> <span class='ocrx_word' id='word_1_516' title='bbox 731 4243 1048 4319; x_wconf 79' lang='grc' dir='ltr'>Εὗστοργίῳ</span> <span class='ocrx_word' id='word_1_517' title='bbox 1102 4244 1413 4318; x_wconf 78' lang='grc' dir='ltr'>κατάγεται,</span> <span class='ocrx_word' id='word_1_518' title='bbox 1472 4238 1648 4315; x_wconf 78' lang='grc' dir='ltr'>ἀνδρὶ,</span> <span class='ocrx_word' id='word_1_519' title='bbox 1706 4238 1855 4313; x_wconf 86' lang='grc' dir='ltr'>φίλῳ</span> <span class='ocrx_word' id='word_1_520' title='bbox 1901 4259 1959 4293; x_wconf 87' lang='grc' dir='ltr'><strong>τε</strong></span> 
     </span>
    </p>
   </div>
   <div class='ocr_carea' id='block_1_76' title="bbox 317 4328 1956 4408">
    <p class='ocr_par' dir='ltr' id='par_1_76' title="bbox 317 4328 1956 4408">
     <span class='ocr_line' id='line_1_77' title="bbox 317 4328 1956 4408; baseline -0.003 -20"><span class='ocrx_word' id='word_1_521' title='bbox 317 4333 511 4408; x_wconf 84' lang='grc' dir='ltr'>ἀρετῆς</span> <span class='ocrx_word' id='word_1_522' title='bbox 549 4333 763 4403; x_wconf 76' lang='grc' dir='ltr'>ἄλλως,</span> <span class='ocrx_word' id='word_1_523' title='bbox 820 4335 911 4389; x_wconf 87' lang='grc' dir='ltr'><strong>καὶ</strong></span> <span class='ocrx_word' id='word_1_524' title='bbox 966 4338 1084 4395; x_wconf 91' lang='grc' dir='ltr'>τοῖς</span> <span class='ocrx_word' id='word_1_525' title='bbox 1141 4337 1242 4387; x_wconf 81' lang='grc' dir='ltr'><strong>τοῦ</strong></span> <span class='ocrx_word' id='word_1_526' title='bbox 1299 4330 1611 4404; x_wconf 82' lang='grc' dir='ltr'>Πνεύματος</span> <span class='ocrx_word' id='word_1_527' title='bbox 1656 4328 1956 4404; x_wconf 86' lang='grc' dir='ltr'>χαρίσμασι</span> 
     </span>
    </p>
   </div>
   <div class='ocr_carea' id='block_1_77' title="bbox 318 4416 1953 4497">
    <p class='ocr_par' dir='ltr' id='par_1_77' title="bbox 318 4416 1953 4497">
     <span class='ocr_line' id='line_1_78' title="bbox 318 4416 1953 4497; baseline -0.001 -21"><span class='ocrx_word' id='word_1_528' title='bbox 318 4417 697 4495; x_wconf 77' lang='grc' dir='ltr'>διαλάμποντι’</span> <span class='ocrx_word' id='word_1_529' title='bbox 733 4423 761 4477; x_wconf 82' lang='grc' dir='ltr'>ὁ</span> <span class='ocrx_word' id='word_1_530' title='bbox 792 4419 850 4476; x_wconf 72' lang='grc' dir='ltr'>δὲ</span> <span class='ocrx_word' id='word_1_531' title='bbox 880 4422 974 4476; x_wconf 77' lang='grc' dir='ltr'>οἶα</span> <span class='ocrx_word' id='word_1_532' title='bbox 1003 4418 1367 4497; x_wconf 80' lang='grc' dir='ltr'>φιλόστοργος</span> <span class='ocrx_word' id='word_1_533' title='bbox 1395 4422 1475 4490; x_wconf 77' lang='grc' dir='ltr'>τῷ</span> <span class='ocrx_word' id='word_1_534' title='bbox 1504 4416 1619 4474; x_wconf 73' lang='grc' dir='ltr'>ὄντι</span> <span class='ocrx_word' id='word_1_535' title='bbox 1648 4419 1861 4493; x_wconf 81' lang='grc' dir='ltr'>[παπήρ</span> <span class='ocrx_word' id='word_1_536' title='bbox 1890 4420 1953 4488; x_wconf 71' lang='lat'><strong>8],</strong></span> 
     </span>
    </p>
   </div>
   <div class='ocr_carea' id='block_1_78' title="bbox 316 4505 1952 4586">
    <p class='ocr_par' dir='ltr' id='par_1_78' title="bbox 316 4505 1952 4586">
     <span class='ocr_line' id='line_1_79' title="bbox 316 4505 1952 4586; baseline -0.001 -22"><span class='ocrx_word' id='word_1_537' title='bbox 316 4509 495 4586; x_wconf 75' lang='grc' dir='ltr'>πολκῇ</span> <span class='ocrx_word' id='word_1_538' title='bbox 549 4516 743 4567; x_wconf 76' lang='grc' dir='ltr'>τοῦτον</span> <span class='ocrx_word' id='word_1_539' title='bbox 781 4509 961 4584; x_wconf 84' lang='grc' dir='ltr'>ὥσπερ</span> <span class='ocrx_word' id='word_1_540' title='bbox 1020 4508 1168 4574; x_wconf 77' lang='grc' dir='ltr'>εῗκὸς</span> <span class='ocrx_word' id='word_1_541' title='bbox 1232 4506 1496 4579; x_wconf 77' lang='grc' dir='ltr'>δεξιοῦται</span> <span class='ocrx_word' id='word_1_542' title='bbox 1561 4511 1631 4582; x_wconf 83' lang='grc' dir='ltr'><strong>τῇ</strong></span> <span class='ocrx_word' id='word_1_543' title='bbox 1698 4505 1952 4563; x_wconf 75' lang='grc' dir='ltr'>διαθέσειο</span> 
     </span>
    </p>
   </div>
   <div class='ocr_carea' id='block_1_79' title="bbox 317 4595 1955 4675">
    <p class='ocr_par' dir='ltr' id='par_1_79' title="bbox 317 4595 1955 4675">
     <span class='ocr_line' id='line_1_80' title="bbox 317 4595 1955 4675; baseline 0 -21"><span class='ocrx_word' id='word_1_544' title='bbox 317 4599 404 4654; x_wconf 82' lang='grc' dir='ltr'><strong>καὶ</strong></span> <span class='ocrx_word' id='word_1_545' title='bbox 440 4601 577 4675; x_wconf 86' lang='grc' dir='ltr'>πρὸς</span> <span class='ocrx_word' id='word_1_546' title='bbox 619 4604 700 4673; x_wconf 80' lang='grc' dir='ltr'><strong>τῷ</strong></span> <span class='ocrx_word' id='word_1_547' title='bbox 739 4600 826 4655; x_wconf 82' lang='grc' dir='ltr'><strong>ὑπ’</strong></span> <span class='ocrx_word' id='word_1_548' title='bbox 883 4599 1091 4655; x_wconf 81' lang='grc' dir='ltr'>ἐκείνου</span> <span class='ocrx_word' id='word_1_549' title='bbox 1142 4595 1250 4669; x_wconf 75' lang='grc' dir='ltr'>ἢδη</span> <span class='ocrx_word' id='word_1_550' title='bbox 1292 4598 1539 4652; x_wconf 85' lang='grc' dir='ltr'>συστάντι</span> <span class='ocrx_word' id='word_1_551' title='bbox 1578 4595 1814 4668; x_wconf 87' lang='grc' dir='ltr'>πλησίον</span> <span class='ocrx_word' id='word_1_552' title='bbox 1853 4604 1955 4666; x_wconf 83' lang='grc' dir='ltr'><strong>τῆς</strong></span> 
     </span>
    </p>
   </div>
   <div class='ocr_carea' id='block_1_80' title="bbox 2068 3439 3709 3512">
    <p class='ocr_par' dir='ltr' id='par_1_80' title="bbox 2068 3439 3709 3512">
     <span class='ocr_line' id='line_1_81' title="bbox 2068 3439 3709 3512; baseline 0 -18"><span class='ocrx_word' id='word_1_553' title='bbox 2068 3440 2430 3512; x_wconf 88' lang='lat' dir='ltr'><strong>propositum</strong></span> <span class='ocrx_word' id='word_1_554' title='bbox 2482 3440 2553 3496; x_wconf 91' lang='lat' dir='ltr'><strong>ad</strong></span> <span class='ocrx_word' id='word_1_555' title='bbox 2599 3441 2863 3496; x_wconf 80' lang='lat' dir='ltr'><strong>effectum</strong></span> <span class='ocrx_word' id='word_1_556' title='bbox 2912 3439 3203 3511; x_wconf 88' lang='lat' dir='ltr'><strong>perduxit.</strong></span> <span class='ocrx_word' id='word_1_557' title='bbox 3238 3439 3479 3510; x_wconf 82' lang='lat' dir='ltr'><strong>Ithaque</strong></span> <span class='ocrx_word' id='word_1_558' title='bbox 3515 3455 3584 3494; x_wconf 87' lang='lat' dir='ltr'><strong>ex</strong></span> <span class='ocrx_word' id='word_1_559' title='bbox 3612 3455 3709 3494; x_wconf 91' lang='lat' dir='ltr'><strong>ec-</strong></span> 
     </span>
    </p>
   </div>
   <div class='ocr_carea' id='block_1_81' title="bbox 2070 3525 3707 3599">
    <p class='ocr_par' dir='ltr' id='par_1_81' title="bbox 2070 3525 3707 3599">
     <span class='ocr_line' id='line_1_82' title="bbox 2070 3525 3707 3599; baseline -0.001 -18"><span class='ocrx_word' id='word_1_560' title='bbox 2070 3525 2244 3582; x_wconf 87' lang='lat' dir='ltr'><strong>clesia</strong></span> <span class='ocrx_word' id='word_1_561' title='bbox 2292 3530 2358 3583; x_wconf 84' lang='lat' dir='ltr'><strong>ut</strong></span> <span class='ocrx_word' id='word_1_562' title='bbox 2406 3528 2594 3599; x_wconf 87' lang='lat' dir='ltr'><strong>potuit</strong></span> <span class='ocrx_word' id='word_1_563' title='bbox 2648 3526 2800 3583; x_wconf 88' lang='lat' dir='ltr'><strong>clam</strong></span> <span class='ocrx_word' id='word_1_564' title='bbox 2850 3541 2908 3582; x_wconf 90' lang='lat' dir='ltr'><strong>se</strong></span> <span class='ocrx_word' id='word_1_565' title='bbox 2959 3526 3313 3592; x_wconf 88' lang='lat' dir='ltr'><strong>subducens,</strong></span> <span class='ocrx_word' id='word_1_566' title='bbox 3345 3525 3503 3581; x_wconf 89' lang='lat' dir='ltr'><strong>venit</strong></span> <span class='ocrx_word' id='word_1_567' title='bbox 3558 3525 3707 3580; x_wconf 89' lang='lat' dir='ltr'><strong>Cen-</strong></span> 
     </span>
    </p>
   </div>
   <div class='ocr_carea' id='block_1_82' title="bbox 2069 3612 3708 3685">
    <p class='ocr_par' dir='ltr' id='par_1_82' title="bbox 2069 3612 3708 3685">
     <span class='ocr_line' id='line_1_83' title="bbox 2069 3612 3708 3685; baseline -0.001 -16"><span class='ocrx_word' id='word_1_568' title='bbox 2069 3613 2273 3670; x_wconf 89' lang='lat' dir='ltr'><strong>chreas</strong></span> <span class='ocrx_word' id='word_1_569' title='bbox 2302 3631 2316 3670; x_wconf 88' lang='lat'><strong>:</strong></span> <span class='ocrx_word' id='word_1_570' title='bbox 2347 3622 2399 3671; x_wconf 92' lang='lat' dir='ltr'><strong>et</strong></span> <span class='ocrx_word' id='word_1_571' title='bbox 2448 3630 2765 3672; x_wconf 88' lang='lat' dir='ltr'><strong>conscensa</strong></span> <span class='ocrx_word' id='word_1_572' title='bbox 2793 3614 2874 3670; x_wconf 91' lang='lat' dir='ltr'><strong>ibi</strong></span> <span class='ocrx_word' id='word_1_573' title='bbox 2904 3630 3046 3670; x_wconf 81' lang='lat' dir='ltr'><strong>nave</strong></span> <span class='ocrx_word' id='word_1_574' title='bbox 3094 3629 3223 3685; x_wconf 70' lang='lat' dir='ltr'><strong>quae</strong></span> <span class='ocrx_word' id='word_1_575' title='bbox 3253 3614 3311 3669; x_wconf 90' lang='lat' dir='ltr'><strong>in</strong></span> <span class='ocrx_word' id='word_1_576' title='bbox 3343 3612 3708 3669; x_wconf 79' lang='lat' dir='ltr'><strong>Palaestinam</strong></span> 
     </span>
    </p>
   </div>
   <div class='ocr_carea' id='block_1_83' title="bbox 2070 3701 3707 3774">
    <p class='ocr_par' dir='ltr' id='par_1_83' title="bbox 2070 3701 3707 3774">
     <span class='ocr_line' id='line_1_84' title="bbox 2070 3701 3707 3774; baseline -0.002 -15"><span class='ocrx_word' id='word_1_577' title='bbox 2070 3703 2414 3773; x_wconf 84' lang='lat' dir='ltr'><strong>solvebatur,</strong></span> <span class='ocrx_word' id='word_1_578' title='bbox 2490 3704 2752 3761; x_wconf 89' lang='lat' dir='ltr'><strong>celeriter</strong></span> <span class='ocrx_word' id='word_1_579' title='bbox 2830 3702 3250 3774; x_wconf 85' lang='lat' dir='ltr'><strong>Jerosolymam</strong></span> <span class='ocrx_word' id='word_1_580' title='bbox 3332 3701 3511 3769; x_wconf 89' lang='lat' dir='ltr'><strong>venit,</strong></span> <span class='ocrx_word' id='word_1_581' title='bbox 3582 3703 3707 3773; x_wconf 88' lang='lat' dir='ltr'><strong>jam</strong></span> 
     </span>
    </p>
   </div>
   <div class='ocr_carea' id='block_1_84' title="bbox 2069 3791 3708 3863">
    <p class='ocr_par' dir='ltr' id='par_1_84' title="bbox 2069 3791 3708 3863">
     <span class='ocr_line' id='line_1_85' title="bbox 2069 3791 3708 3863; baseline -0.001 -16"><span class='ocrx_word' id='word_1_582' title='bbox 2069 3792 2267 3849; x_wconf 90' lang='lat' dir='ltr'><strong>decem</strong></span> <span class='ocrx_word' id='word_1_583' title='bbox 2298 3797 2356 3849; x_wconf 89' lang='lat' dir='ltr'><strong>et</strong></span> <span class='ocrx_word' id='word_1_584' title='bbox 2385 3796 2511 3849; x_wconf 86' lang='lat' dir='ltr'><strong>octo</strong></span> <span class='ocrx_word' id='word_1_585' title='bbox 2539 3808 2723 3849; x_wconf 84' lang='lat' dir='ltr'><strong>annos</strong></span> <span class='ocrx_word' id='word_1_586' title='bbox 2773 3799 2963 3863; x_wconf 87' lang='lat' dir='ltr'><strong>natus,</strong></span> <span class='ocrx_word' id='word_1_587' title='bbox 2999 3808 3152 3848; x_wconf 91' lang='lat' dir='ltr'><strong>nono</strong></span> <span class='ocrx_word' id='word_1_588' title='bbox 3199 3792 3437 3862; x_wconf 89' lang='lat' dir='ltr'><strong>quidem</strong></span> <span class='ocrx_word' id='word_1_589' title='bbox 3480 3791 3708 3861; x_wconf 87' lang='lat' dir='ltr'><strong>imperii</strong></span> 
     </span>
    </p>
   </div>
   <div class='ocr_carea' id='block_1_85' title="bbox 2069 3878 3709 3953">
    <p class='ocr_par' dir='ltr' id='par_1_85' title="bbox 2069 3878 3709 3953">
     <span class='ocr_line' id='line_1_86' title="bbox 2069 3878 3709 3953; baseline -0.002 -16"><span class='ocrx_word' id='word_1_590' title='bbox 2069 3882 2275 3937; x_wconf 91' lang='lat' dir='ltr'><strong>Leonis</strong></span> <span class='ocrx_word' id='word_1_591' title='bbox 2323 3880 2517 3953; x_wconf 82' lang='lat' dir='ltr'><strong>Magni</strong></span> <span class='ocrx_word' id='word_1_592' title='bbox 2565 3897 2739 3949; x_wconf 89' lang='lat' dir='ltr'><strong>anno,</strong></span> <span class='ocrx_word' id='word_1_593' title='bbox 2775 3881 3144 3953; x_wconf 83' lang='lat' dir='ltr'><strong>pontificatus</strong></span> <span class='ocrx_word' id='word_1_594' title='bbox 3182 3889 3373 3936; x_wconf 86' lang='lat' dir='ltr'><strong>autem</strong></span> <span class='ocrx_word' id='word_1_595' title='bbox 3419 3878 3709 3935; x_wconf 87' lang='lat' dir='ltr'><strong>Anastasii</strong></span> 
     </span>
    </p>
   </div>
   <div class='ocr_carea' id='block_1_86' title="bbox 2065 3966 3103 4040">
    <p class='ocr_par' dir='ltr' id='par_1_86' title="bbox 2065 3966 3103 4040">
     <span class='ocr_line' id='line_1_87' title="bbox 2065 3966 3103 4040; baseline -0.004 -16"><span class='ocrx_word' id='word_1_596' title='bbox 2065 3966 2560 4040; x_wconf 80' lang='lat' dir='ltr'><strong>Jerosolymorum</strong></span> <span class='ocrx_word' id='word_1_597' title='bbox 2592 3966 2851 4040; x_wconf 91' lang='lat' dir='ltr'><strong>episcopi</strong></span> <span class='ocrx_word' id='word_1_598' title='bbox 2882 3971 3103 4024; x_wconf 90' lang='lat' dir='ltr'><strong>octavo.</strong></span> 
     </span>
    </p>
   </div>
   <div class='ocr_carea' id='block_1_87' title="bbox 2137 4145 3704 4219">
    <p class='ocr_par' dir='ltr' id='par_1_87' title="bbox 2137 4145 3704 4219">
     <span class='ocr_line' id='line_1_88' title="bbox 2137 4145 3704 4219; baseline 0 -16"><span class='ocrx_word' id='word_1_599' title='bbox 2137 4149 2279 4203; x_wconf 86' lang='lat' dir='ltr'><strong>Cum</strong></span> <span class='ocrx_word' id='word_1_600' title='bbox 2319 4148 2484 4204; x_wconf 89' lang='lat' dir='ltr'><strong>illinc</strong></span> <span class='ocrx_word' id='word_1_601' title='bbox 2531 4163 2667 4219; x_wconf 87' lang='lat' dir='ltr'><strong>ergo</strong></span> <span class='ocrx_word' id='word_1_602' title='bbox 2698 4148 2758 4203; x_wconf 92' lang='lat' dir='ltr'><strong>in</strong></span> <span class='ocrx_word' id='word_1_603' title='bbox 2788 4151 3051 4203; x_wconf 87' lang='lat' dir='ltr'><strong>sanctam</strong></span> <span class='ocrx_word' id='word_1_604' title='bbox 3099 4145 3385 4202; x_wconf 82' lang='lat' dir='ltr'><strong>civitatem</strong></span> <span class='ocrx_word' id='word_1_605' title='bbox 3432 4148 3704 4217; x_wconf 88' lang='lat' dir='ltr'><strong>venisset,</strong></span> 
     </span>
    </p>
   </div>
   <div class='ocr_carea' id='block_1_88' title="bbox 2067 4234 3705 4306">
    <p class='ocr_par' dir='ltr' id='par_1_88' title="bbox 2067 4234 3705 4306">
     <span class='ocr_line' id='line_1_89' title="bbox 2067 4234 3705 4306; baseline 0.001 -17"><span class='ocrx_word' id='word_1_606' title='bbox 2067 4235 2221 4305; x_wconf 86' lang='lat' dir='ltr'><strong>apud</strong></span> <span class='ocrx_word' id='word_1_607' title='bbox 2252 4250 2527 4306; x_wconf 84' lang='lat' dir='ltr'><strong>magnum</strong></span> <span class='ocrx_word' id='word_1_608' title='bbox 2575 4234 2934 4305; x_wconf 83' lang='lat' dir='ltr'><strong>Eustorgium</strong></span> <span class='ocrx_word' id='word_1_609' title='bbox 2983 4234 3324 4301; x_wconf 90' lang='lat' dir='ltr'><strong>diversatur,</strong></span> <span class='ocrx_word' id='word_1_610' title='bbox 3356 4234 3567 4305; x_wconf 90' lang='lat' dir='ltr'><strong>virum,</strong></span> <span class='ocrx_word' id='word_1_611' title='bbox 3601 4236 3705 4306; x_wconf 92' lang='lat' dir='ltr'><strong>qui</strong></span> 
     </span>
    </p>
   </div>
   <div class='ocr_carea' id='block_1_89' title="bbox 2066 4322 3707 4394">
    <p class='ocr_par' dir='ltr' id='par_1_89' title="bbox 2066 4322 3707 4394">
     <span class='ocr_line' id='line_1_90' title="bbox 2066 4322 3707 4394; baseline 0 -15"><span class='ocrx_word' id='word_1_612' title='bbox 2066 4326 2122 4379; x_wconf 86' lang='lat' dir='ltr'><strong>et</strong></span> <span class='ocrx_word' id='word_1_613' title='bbox 2152 4322 2371 4394; x_wconf 90' lang='lat' dir='ltr'><strong>alioqui</strong></span> <span class='ocrx_word' id='word_1_614' title='bbox 2417 4326 2637 4378; x_wconf 86' lang='lat' dir='ltr'><strong>amator</strong></span> <span class='ocrx_word' id='word_1_615' title='bbox 2682 4322 2909 4378; x_wconf 89' lang='lat' dir='ltr'><strong>virtutis</strong></span> <span class='ocrx_word' id='word_1_616' title='bbox 2958 4325 3101 4391; x_wconf 90' lang='lat' dir='ltr'><strong>erat,</strong></span> <span class='ocrx_word' id='word_1_617' title='bbox 3138 4330 3192 4377; x_wconf 90' lang='lat' dir='ltr'><strong>el</strong></span> <span class='ocrx_word' id='word_1_618' title='bbox 3237 4322 3488 4393; x_wconf 85' lang='lat' dir='ltr'><strong>Spiritus</strong></span> <span class='ocrx_word' id='word_1_619' title='bbox 3536 4323 3707 4379; x_wconf 86' lang='lat' dir='ltr'><strong>donis</strong></span> 
     </span>
    </p>
   </div>
   <div class='ocr_carea' id='block_1_90' title="bbox 2065 4409 3705 4483">
    <p class='ocr_par' dir='ltr' id='par_1_90' title="bbox 2065 4409 3705 4483">
     <span class='ocr_line' id='line_1_91' title="bbox 2065 4409 3705 4483; baseline 0 -16"><span class='ocrx_word' id='word_1_620' title='bbox 2065 4410 2442 4483; x_wconf 86' lang='lat' dir='ltr'><strong>splendebat:</strong></span> <span class='ocrx_word' id='word_1_621' title='bbox 2476 4410 2574 4465; x_wconf 92' lang='lat' dir='ltr'><strong>ille</strong></span> <span class='ocrx_word' id='word_1_622' title='bbox 2622 4416 2815 4466; x_wconf 89' lang='lat' dir='ltr'><strong>autem</strong></span> <span class='ocrx_word' id='word_1_623' title='bbox 2868 4413 2932 4466; x_wconf 87' lang='lat' dir='ltr'><strong>ut</strong></span> <span class='ocrx_word' id='word_1_624' title='bbox 2980 4425 3172 4466; x_wconf 88' lang='lat' dir='ltr'><strong>revera</strong></span> <span class='ocrx_word' id='word_1_625' title='bbox 3202 4409 3593 4482; x_wconf 84' lang='lat' dir='ltr'><strong>philostorgus</strong></span> <span class='ocrx_word' id='word_1_626' title='bbox 3622 4412 3705 4482; x_wconf 89' lang='lat' dir='ltr'><strong>(id</strong></span> 
     </span>
    </p>
   </div>
   <div class='ocr_carea' id='block_1_91' title="bbox 2064 4499 3706 4573">
    <p class='ocr_par' dir='ltr' id='par_1_91' title="bbox 2064 4499 3706 4573">
     <span class='ocr_line' id='line_1_92' title="bbox 2064 4499 3706 4573; baseline -0.001 -16"><span class='ocrx_word' id='word_1_627' title='bbox 2064 4503 2172 4569; x_wconf 86' lang='lat' dir='ltr'><strong>est,</strong></span> <span class='ocrx_word' id='word_1_628' title='bbox 2205 4502 2430 4571; x_wconf 87' lang='lat' dir='ltr'><strong>amans)</strong></span> <span class='ocrx_word' id='word_1_629' title='bbox 2479 4499 2664 4570; x_wconf 86' lang='lat' dir='ltr'><strong>Pater,</strong></span> <span class='ocrx_word' id='word_1_630' title='bbox 2701 4515 2911 4573; x_wconf 83' lang='lat' dir='ltr'><strong>magno</strong></span> <span class='ocrx_word' id='word_1_631' title='bbox 2959 4514 3119 4568; x_wconf 91' lang='lat' dir='ltr'><strong>eum,</strong></span> <span class='ocrx_word' id='word_1_632' title='bbox 3169 4503 3235 4554; x_wconf 89' lang='lat' dir='ltr'><strong>ut</strong></span> <span class='ocrx_word' id='word_1_633' title='bbox 3283 4515 3388 4571; x_wconf 87' lang='lat' dir='ltr'><strong>par</strong></span> <span class='ocrx_word' id='word_1_634' title='bbox 3434 4504 3577 4569; x_wconf 90' lang='lat' dir='ltr'><strong>erat,</strong></span> <span class='ocrx_word' id='word_1_635' title='bbox 3610 4516 3706 4556; x_wconf 82' lang='lat' dir='ltr'><strong>ex-</strong></span> 
     </span>
    </p>
   </div>
   <div class='ocr_carea' id='block_1_92' title="bbox 2062 4586 3701 4661">
    <p class='ocr_par' dir='ltr' id='par_1_92' title="bbox 2062 4586 3701 4661">
     <span class='ocr_line' id='line_1_93' title="bbox 2062 4586 3701 4661; baseline -0.001 -16"><span class='ocrx_word' id='word_1_636' title='bbox 2062 4588 2200 4660; x_wconf 90' lang='lat' dir='ltr'><strong>cipit</strong></span> <span class='ocrx_word' id='word_1_637' title='bbox 2255 4588 2484 4645; x_wconf 75' lang='lat' dir='ltr'><strong>affectu.</strong></span> <span class='ocrx_word' id='word_1_638' title='bbox 2532 4588 2805 4661; x_wconf 82' lang='lat' dir='ltr'><strong>Cyriacus</strong></span> <span class='ocrx_word' id='word_1_639' title='bbox 2862 4603 3015 4655; x_wconf 78' lang='lat' dir='ltr'><strong>vero,</strong></span> <span class='ocrx_word' id='word_1_640' title='bbox 3072 4601 3207 4645; x_wconf 89' lang='lat' dir='ltr'><strong>cum</strong></span> <span class='ocrx_word' id='word_1_641' title='bbox 3262 4588 3417 4659; x_wconf 88' lang='lat' dir='ltr'><strong>apud</strong></span> <span class='ocrx_word' id='word_1_642' title='bbox 3471 4586 3701 4659; x_wconf 86' lang='lat' dir='ltr'><strong>insigne</strong></span> 
     </span>
    </p>
   </div>
   <div class='ocr_carea' id='block_1_93' title="bbox 386 4691 3699 4800">
    <p class='ocr_par' dir='ltr' id='par_1_93' title="bbox 386 4691 3699 4800">
     <span class='ocr_line' id='line_1_94' title="bbox 386 4691 3699 4800; baseline -0.003 -20"><span class='ocrx_word' id='word_1_643' title='bbox 386 4725 461 4797; x_wconf 85' lang='lat'><strong>(3)</strong></span> <span class='ocrx_word' id='word_1_644' title='bbox 507 4726 655 4800; x_wconf 81' lang='lat' dir='ltr'><strong>Hinc</strong></span> <span class='ocrx_word' id='word_1_645' title='bbox 712 4725 895 4800; x_wconf 87' lang='lat' dir='ltr'><strong>liquet</strong></span> <span class='ocrx_word' id='word_1_646' title='bbox 947 4727 1323 4785; x_wconf 81' lang='lat' dir='ltr'><strong>Anastasium</strong></span> <span class='ocrx_word' id='word_1_647' title='bbox 1379 4725 1950 4800; x_wconf 65' lang='lat' dir='ltr'><strong>ordinatumfuisse</strong></span> <span class='ocrx_word' id='word_1_648' title='bbox 1980 4691 2176 4800; x_wconf 77' lang='lat' dir='ltr'><strong>Dnon</strong></span> <span class='ocrx_word' id='word_1_649' title='bbox 2238 4719 2481 4777; x_wconf 86' lang='lat' dir='ltr'><strong>inveniri</strong></span> <span class='ocrx_word' id='word_1_650' title='bbox 2530 4718 2597 4800; x_wconf 42' lang='lat' dir='ltr'><strong>in.</strong></span> <span class='ocrx_word' id='word_1_651' title='bbox 2648 4716 2890 4800; x_wconf 67' lang='lat' dir='ltr'><strong>antiqua</strong></span> <span class='ocrx_word' id='word_1_652' title='bbox 2937 4716 3065 4800; x_wconf 58' lang='lat' dir='ltr'><strong>\fita</strong></span> <span class='ocrx_word' id='word_1_653' title='bbox 3114 4731 3217 4786; x_wconf 91' lang='lat' dir='ltr'><strong>per</strong></span> <span class='ocrx_word' id='word_1_654' title='bbox 3271 4714 3548 4785; x_wconf 82' lang='lat' dir='ltr'><strong>Cyrillum</strong></span> <span class='ocrx_word' id='word_1_655' title='bbox 3583 4715 3699 4800; x_wconf 32' lang='grc' dir='ltr'>,ἀε-</span> 
     </span>
    </p>
   </div>
   <div class='ocr_carea' id='block_1_94' title="bbox 315 4795 1951 4874">
    <p class='ocr_par' dir='ltr' id='par_1_94' title="bbox 315 4795 1951 4874">
     <span class='ocr_line' id='line_1_95' title="bbox 315 4795 1951 4874; baseline 0.001 -23"><span class='ocrx_word' id='word_1_656' title='bbox 315 4795 799 4874; x_wconf 69' lang='lat' dir='ltr'><strong>Jerosolymorum</strong></span> <span class='ocrx_word' id='word_1_657' title='bbox 872 4801 1230 4874; x_wconf 76' lang='lat' dir='ltr'><strong>episcopum,</strong></span> <span class='ocrx_word' id='word_1_658' title='bbox 1284 4814 1452 4874; x_wconf 4' lang='lat' dir='ltr'><strong>anno,</strong></span> <span class='ocrx_word' id='word_1_659' title='bbox 1491 4797 1779 4874; x_wconf 65' lang='lat' dir='ltr'><strong>_4_58._Id_</strong></span> <span class='ocrx_word' id='word_1_660' title='bbox 1819 4813 1951 4874; x_wconf 81' lang='lat' dir='ltr'><strong>vero</strong></span> 
     </span>
    </p>
   </div>
   <div class='ocr_carea' id='block_1_95' title="bbox 318 4868 1954 4943">
    <p class='ocr_par' dir='ltr' id='par_1_95' title="bbox 318 4868 1954 4943">
     <span class='ocr_line' id='line_1_96' title="bbox 318 4868 1954 4943; baseline 0.001 -19"><span class='ocrx_word' id='word_1_661' title='bbox 318 4868 629 4943; x_wconf 76' lang='lat' dir='ltr'><strong>contigisse</strong></span> <span class='ocrx_word' id='word_1_662' title='bbox 650 4872 818 4943; x_wconf 85' lang='lat' dir='ltr'><strong>initio</strong></span> <span class='ocrx_word' id='word_1_663' title='bbox 848 4868 1255 4939; x_wconf 53' lang='lat' dir='ltr'><strong>mensis&#39;lulii,</strong></span> <span class='ocrx_word' id='word_1_664' title='bbox 1288 4869 1464 4943; x_wconf 85' lang='lat' dir='ltr'><strong>habet</strong></span> <span class='ocrx_word' id='word_1_665' title='bbox 1491 4868 1620 4943; x_wconf 77' lang='lat' dir='ltr'><strong>Vita</strong></span> <span class='ocrx_word' id='word_1_666' title='bbox 1646 4869 1705 4924; x_wconf 91' lang='lat' dir='ltr'>S.</span> <span class='ocrx_word' id='word_1_667' title='bbox 1742 4868 1954 4943; x_wconf 81' lang='lat' dir='ltr'><strong>Euthy-</strong></span> 
     </span>
    </p>
   </div>
   <div class='ocr_carea' id='block_1_96' title="bbox 320 4939 1950 5029">
    <p class='ocr_par' dir='ltr' id='par_1_96' title="bbox 320 4939 1950 5029">
     <span class='ocr_line' id='line_1_97' title="bbox 320 4939 1950 5029; baseline 0 -33"><span class='ocrx_word' id='word_1_668' title='bbox 320 4941 417 5029; x_wconf 77' lang='lat' dir='ltr'><strong>mii</strong></span> <span class='ocrx_word' id='word_1_669' title='bbox 446 4939 1120 5029; x_wconf 50' lang='lat' dir='ltr'><strong>{Cyr-illonconscripta,</strong></span> <span class='ocrx_word' id='word_1_670' title='bbox 1157 4944 1214 4999; x_wconf 92' lang='lat' dir='ltr'><strong>in</strong></span> <span class='ocrx_word' id='word_1_671' title='bbox 1245 4958 1361 5029; x_wconf 76' lang='lat' dir='ltr'><strong>qua</strong></span> <span class='ocrx_word' id='word_1_672' title='bbox 1406 4942 1638 5029; x_wconf 79' lang='lat' dir='ltr'><strong>legitur,</strong></span> <span class='ocrx_word' id='word_1_673' title='bbox 1661 4939 1950 5029; x_wconf 15' lang='lat' dir='ltr'><strong>‘annoﬁrBiii,</strong></span> 
     </span>
    </p>
   </div>
   <div class='ocr_carea' id='block_1_97' title="bbox 316 5011 1951 5089">
    <p class='ocr_par' dir='ltr' id='par_1_97' title="bbox 316 5011 1951 5089">
     <span class='ocr_line' id='line_1_98' title="bbox 316 5011 1951 5089; baseline 0 -22"><span class='ocrx_word' id='word_1_674' title='bbox 316 5011 674 5089; x_wconf 31' lang='lat' dir='ltr'><strong>vite‘sajncti</strong></span> <span class='ocrx_word' id='word_1_675' title='bbox 724 5011 1044 5089; x_wconf 79' lang='lat' dir='ltr'><strong>Euthymii,</strong></span> <span class='ocrx_word' id='word_1_676' title='bbox 1071 5011 1410 5089; x_wconf 71' lang='lat' dir='ltr'><strong>Juvenalem</strong></span> <span class='ocrx_word' id='word_1_677' title='bbox 1450 5011 1951 5089; x_wconf 68' lang='lat' dir='ltr'><strong>Jerqsolymorum</strong></span> 
     </span>
    </p>
   </div>
   <div class='ocr_carea' id='block_1_98' title="bbox 316 5082 1949 5158">
    <p class='ocr_par' dir='ltr' id='par_1_98' title="bbox 316 5082 1949 5158">
     <span class='ocr_line' id='line_1_99' title="bbox 316 5082 1949 5158; baseline -0.001 -18"><span class='ocrx_word' id='word_1_678' title='bbox 316 5084 830 5158; x_wconf 72' lang='lat' dir='ltr'><strong>archiepiscOpum,</strong></span> <span class='ocrx_word' id='word_1_679' title='bbox 880 5082 1038 5158; x_wconf 24' lang='lat' dir='ltr'><strong>cum:</strong></span> <span class='ocrx_word' id='word_1_680' title='bbox 1072 5101 1292 5158; x_wconf 84' lang='lat' dir='ltr'><strong>annum</strong></span> <span class='ocrx_word' id='word_1_681' title='bbox 1332 5084 1397 5140; x_wconf 79' lang='grc'><strong>44</strong></span> <span class='ocrx_word' id='word_1_682' title='bbox 1448 5082 1949 5158; x_wconf 81' lang='lat' dir='ltr'><strong>in_Patriarcha_lu</strong></span> 
     </span>
    </p>
   </div>
   <div class='ocr_carea' id='block_1_99' title="bbox 315 5154 1947 5225">
    <p class='ocr_par' dir='ltr' id='par_1_99' title="bbox 315 5154 1947 5225">
     <span class='ocr_line' id='line_1_100' title="bbox 315 5154 1947 5225; baseline 0 -15"><span class='ocrx_word' id='word_1_683' title='bbox 315 5154 631 5225; x_wconf 74' lang='lat' dir='ltr'><strong>implesset,</strong></span> <span class='ocrx_word' id='word_1_684' title='bbox 671 5154 867 5215; x_wconf 48' lang='lat' dir='ltr'><strong>_vitam</strong></span> <span class='ocrx_word' id='word_1_685' title='bbox 926 5156 1219 5225; x_wconf 85' lang='lat' dir='ltr'><strong>ﬂnivisse;</strong></span> <span class='ocrx_word' id='word_1_686' title='bbox 1268 5154 1637 5211; x_wconf 84' lang='lat' dir='ltr'><strong>Anastasium</strong></span> <span class='ocrx_word' id='word_1_687' title='bbox 1695 5169 1828 5225; x_wconf 83' lang='lat' dir='ltr'><strong>vero</strong></span> <span class='ocrx_word' id='word_1_688' title='bbox 1864 5154 1947 5225; x_wconf 73' lang='lat' dir='ltr'><strong>in</strong></span> 
     </span>
    </p>
   </div>
   <div class='ocr_carea' id='block_1_100' title="bbox 314 5224 1945 5286">
    <p class='ocr_par' dir='ltr' id='par_1_100' title="bbox 314 5224 1945 5286">
     <span class='ocr_line' id='line_1_101' title="bbox 314 5224 1945 5286; baseline -0.002 -4"><span class='ocrx_word' id='word_1_689' title='bbox 314 5224 507 5285; x_wconf 82' lang='lat' dir='ltr'><strong>sedem</strong></span> <span class='ocrx_word' id='word_1_690' title='bbox 561 5230 756 5285; x_wconf 84' lang='lat' dir='ltr'><strong>Jacobi</strong></span> <span class='ocrx_word' id='word_1_691' title='bbox 803 5233 1064 5286; x_wconf 86' lang='lat' dir='ltr'><strong>evectum</strong></span> <span class='ocrx_word' id='word_1_692' title='bbox 1122 5224 1251 5283; x_wconf 87' lang='lat' dir='ltr'><strong>esse</strong></span> <span class='ocrx_word' id='word_1_693' title='bbox 1306 5226 1471 5282; x_wconf 89' lang='lat' dir='ltr'><strong>initio</strong></span> <span class='ocrx_word' id='word_1_694' title='bbox 1518 5225 1736 5281; x_wconf 85' lang='lat' dir='ltr'><strong>mensis</strong></span> <span class='ocrx_word' id='word_1_695' title='bbox 1781 5224 1945 5280; x_wconf 88' lang='lat' dir='ltr'><strong>Julii.</strong></span> 
     </span>
    </p>
   </div>
   <div class='ocr_carea' id='block_1_101' title="bbox 316 5297 1946 5371">
    <p class='ocr_par' dir='ltr' id='par_1_101' title="bbox 316 5297 1946 5371">
     <span class='ocr_line' id='line_1_102' title="bbox 316 5297 1946 5371; baseline -0.002 -17"><span class='ocrx_word' id='word_1_696' title='bbox 316 5297 420 5355; x_wconf 89' lang='lat' dir='ltr'><strong>Ubi</strong></span> <span class='ocrx_word' id='word_1_697' title='bbox 476 5317 580 5371; x_wconf 87' lang='lat' dir='ltr'><strong>pro</strong></span> <span class='ocrx_word' id='word_1_698' title='bbox 634 5302 707 5356; x_wconf 90' lang='lat'><strong>83</strong></span> <span class='ocrx_word' id='word_1_699' title='bbox 760 5300 1247 5371; x_wconf 19' lang='lat' dir='ltr'><strong>legendumiesse</strong></span> <span class='ocrx_word' id='word_1_700' title='bbox 1287 5297 1375 5371; x_wconf 91' lang='grc'><strong>81,</strong></span> <span class='ocrx_word' id='word_1_701' title='bbox 1425 5298 1825 5371; x_wconf 43' lang='grc' dir='ltr'>ευεᾴοιυιιηοχ</span> <span class='ocrx_word' id='word_1_702' title='bbox 1880 5312 1946 5351; x_wconf 92' lang='lat' dir='ltr'><strong>eo</strong></span> 
     </span>
    </p>
   </div>
   <div class='ocr_carea' id='block_1_102' title="bbox 316 5366 1946 5442">
    <p class='ocr_par' dir='ltr' id='par_1_102' title="bbox 316 5366 1946 5442">
     <span class='ocr_line' id='line_1_103' title="bbox 316 5366 1946 5442; baseline -0.002 -15"><span class='ocrx_word' id='word_1_703' title='bbox 316 5371 462 5442; x_wconf 90' lang='lat' dir='ltr'><strong>quod</strong></span> <span class='ocrx_word' id='word_1_704' title='bbox 476 5366 608 5427; x_wconf 62' lang='lat' dir='ltr'><strong>&#39;sive</strong></span> <span class='ocrx_word' id='word_1_705' title='bbox 637 5388 770 5430; x_wconf 90' lang='lat' dir='ltr'><strong>cum</strong></span> <span class='ocrx_word' id='word_1_706' title='bbox 804 5366 1053 5428; x_wconf 88' lang='lat' dir='ltr'><strong>Baronio</strong></span> <span class='ocrx_word' id='word_1_707' title='bbox 1073 5368 1412 5442; x_wconf 79' lang='lat' dir='ltr'><strong>Juvenalem</strong></span> <span class='ocrx_word' id='word_1_708' title='bbox 1436 5367 1647 5442; x_wconf 74' lang='lat' dir='ltr'><strong>obiisse</strong></span> <span class='ocrx_word' id='word_1_709' title='bbox 1677 5366 1946 5442; x_wconf 82' lang='lat' dir='ltr'><strong>dicamus</strong></span> 
     </span>
    </p>
   </div>
   <div class='ocr_carea' id='block_1_103' title="bbox 316 5439 1943 5514">
    <p class='ocr_par' dir='ltr' id='par_1_103' title="bbox 316 5439 1943 5514">
     <span class='ocr_line' id='line_1_104' title="bbox 316 5439 1943 5514; baseline -0.004 -15"><span class='ocrx_word' id='word_1_710' title='bbox 316 5439 464 5514; x_wconf 64' lang='lat' dir='ltr'><strong>anno</strong></span> <span class='ocrx_word' id='word_1_711' title='bbox 493 5444 619 5514; x_wconf 90' lang='grc'>457,</span> <span class='ocrx_word' id='word_1_712' title='bbox 652 5461 721 5501; x_wconf 82' lang='lat' dir='ltr'><strong>ex</strong></span> <span class='ocrx_word' id='word_1_713' title='bbox 742 5443 1000 5514; x_wconf 86' lang='lat' dir='ltr'><strong>quodam</strong></span> <span class='ocrx_word' id='word_1_714' title='bbox 1032 5442 1156 5499; x_wconf 92' lang='lat' dir='ltr'><strong>loco</strong></span> <span class='ocrx_word' id='word_1_715' title='bbox 1197 5440 1349 5514; x_wconf 80' lang='lat' dir='ltr'><strong>Vitaa_</strong></span> <span class='ocrx_word' id='word_1_716' title='bbox 1379 5440 1565 5514; x_wconf 79' lang='lat' dir='ltr'><strong>sancti</strong></span> <span class='ocrx_word' id='word_1_717' title='bbox 1596 5439 1780 5514; x_wconf 64' lang='lat' dir='ltr'><strong>Sabe,</strong></span> <span class='ocrx_word' id='word_1_718' title='bbox 1813 5453 1943 5509; x_wconf 71' lang='lat' dir='ltr'><strong>qum</strong></span> 
     </span>
    </p>
   </div>
   <div class='ocr_carea' id='block_1_104' title="bbox 314 5509 1940 5589">
    <p class='ocr_par' dir='ltr' id='par_1_104' title="bbox 314 5509 1940 5589">
     <span class='ocr_line' id='line_1_105' title="bbox 314 5509 1940 5589; baseline -0.004 -20"><span class='ocrx_word' id='word_1_719' title='bbox 314 5512 573 5589; x_wconf 73' lang='lat' dir='ltr'><strong>habetur</strong></span> <span class='ocrx_word' id='word_1_720' title='bbox 603 5509 1033 5589; x_wconf 54' lang='lat' dir='ltr'><strong>apud&#39;Surium</strong></span> <span class='ocrx_word' id='word_1_721' title='bbox 1066 5517 1261 5589; x_wconf 60' lang='lat' dir='ltr'><strong>{iper}.</strong></span> <span class='ocrx_word' id='word_1_722' title='bbox 1296 5511 1394 5566; x_wconf 87' lang='lat' dir='ltr'><strong>ubi</strong></span> <span class='ocrx_word' id='word_1_723' title='bbox 1429 5510 1666 5589; x_wconf 74' lang='lat' dir='ltr'><strong>dicitur</strong></span> <span class='ocrx_word' id='word_1_724' title='bbox 1692 5509 1940 5566; x_wconf 72' lang='lat' dir='ltr'><strong>Juvena-</strong></span> 
     </span>
    </p>
   </div>
   <div class='ocr_carea' id='block_1_105' title="bbox 314 5581 1941 5658">
    <p class='ocr_par' dir='ltr' id='par_1_105' title="bbox 314 5581 1941 5658">
     <span class='ocr_line' id='line_1_106' title="bbox 314 5581 1941 5658; baseline -0.004 -17"><span class='ocrx_word' id='word_1_725' title='bbox 314 5584 423 5641; x_wconf 88' lang='lat' dir='ltr'><strong>lem</strong></span> <span class='ocrx_word' id='word_1_726' title='bbox 472 5581 675 5644; x_wconf 79' lang='lat' dir='ltr'><strong>eodem</strong></span> <span class='ocrx_word' id='word_1_727' title='bbox 718 5602 895 5658; x_wconf 88' lang='lat' dir='ltr'><strong>anno,</strong></span> <span class='ocrx_word' id='word_1_728' title='bbox 924 5600 1041 5658; x_wconf 84' lang='lat' dir='ltr'><strong>quo</strong></span> <span class='ocrx_word' id='word_1_729' title='bbox 1067 5581 1763 5658; x_wconf 64' lang='lat' dir='ltr'><strong>Marcianuaimperator,</strong></span> <span class='ocrx_word' id='word_1_730' title='bbox 1794 5595 1941 5635; x_wconf 88' lang='lat' dir='ltr'><strong>mor-</strong></span> 
     </span>
    </p>
   </div>
   <div class='ocr_carea' id='block_1_106' title="bbox 311 5651 1940 5727">
    <p class='ocr_par' dir='ltr' id='par_1_106' title="bbox 311 5651 1940 5727">
     <span class='ocr_line' id='line_1_107' title="bbox 311 5651 1940 5727; baseline -0.004 -14"><span class='ocrx_word' id='word_1_731' title='bbox 311 5661 475 5714; x_wconf 89' lang='lat' dir='ltr'><strong>tuum</strong></span> <span class='ocrx_word' id='word_1_732' title='bbox 509 5672 660 5727; x_wconf 86' lang='lat' dir='ltr'><strong>esse,</strong></span> <span class='ocrx_word' id='word_1_733' title='bbox 685 5658 787 5727; x_wconf 87' lang='lat' dir='ltr'><strong>qui</strong></span> <span class='ocrx_word' id='word_1_734' title='bbox 837 5651 1160 5715; x_wconf 72' lang='lat' dir='ltr'><strong>Marcianus</strong></span> <span class='ocrx_word' id='word_1_735' title='bbox 1204 5669 1357 5711; x_wconf 86' lang='lat' dir='ltr'><strong>anno</strong></span> <span class='ocrx_word' id='word_1_736' title='bbox 1387 5651 1551 5727; x_wconf 61' lang='lat' dir='ltr'><strong>£5_7_&#39;e</strong></span> <span class='ocrx_word' id='word_1_737' title='bbox 1580 5651 1694 5727; x_wconf 67' lang='lat' dir='ltr'><strong>vita</strong></span> <span class='ocrx_word' id='word_1_738' title='bbox 1739 5664 1940 5727; x_wconf 52' lang='lat' dir='ltr'><strong>exeas:</strong></span> 
     </span>
    </p>
   </div>
   <div class='ocr_carea' id='block_1_107' title="bbox 2061 4789 3699 4865">
    <p class='ocr_par' dir='ltr' id='par_1_107' title="bbox 2061 4789 3699 4865">
     <span class='ocr_line' id='line_1_108' title="bbox 2061 4789 3699 4865; baseline -0.004 -17"><span class='ocrx_word' id='word_1_739' title='bbox 2061 4792 2312 4865; x_wconf 87' lang='lat' dir='ltr'><strong>scripta:</strong></span> <span class='ocrx_word' id='word_1_740' title='bbox 2344 4789 2656 4865; x_wconf 87' lang='lat' dir='ltr'><strong>utrumvis,</strong></span> <span class='ocrx_word' id='word_1_741' title='bbox 2680 4789 2950 4865; x_wconf 82' lang='lat' dir='ltr'><strong>i_nquam,_</strong></span> <span class='ocrx_word' id='word_1_742' title='bbox 2964 4792 3292 4865; x_wconf 73' lang='lat' dir='ltr'><strong>teneamus,</strong></span> <span class='ocrx_word' id='word_1_743' title='bbox 3315 4803 3451 4865; x_wconf 70' lang='lat' dir='ltr'><strong>cum</strong></span> <span class='ocrx_word' id='word_1_744' title='bbox 3480 4792 3699 4865; x_wconf 62' lang='lat' dir='ltr'><strong>certum</strong></span> 
     </span>
    </p>
   </div>
   <div class='ocr_carea' id='block_1_108' title="bbox 2062 4855 3694 4940">
    <p class='ocr_par' dir='ltr' id='par_1_108' title="bbox 2062 4855 3694 4940">
     <span class='ocr_line' id='line_1_109' title="bbox 2062 4855 3694 4940; baseline -0.005 -20"><span class='ocrx_word' id='word_1_745' title='bbox 2062 4864 2139 4920; x_wconf 90' lang='lat' dir='ltr'><strong>sit</strong></span> <span class='ocrx_word' id='word_1_746' title='bbox 2178 4855 2424 4940; x_wconf 37' lang='lat' dir='ltr'><strong>Taunum</strong></span> <span class='ocrx_word' id='word_1_747' title='bbox 2450 4862 2608 4940; x_wconf 64' lang='lat' dir='ltr'><strong>vita</strong></span> <span class='ocrx_word' id='word_1_748' title='bbox 2644 4855 2649 4857; x_wconf 73' lang='grc'><em>’</em></span> <span class='ocrx_word' id='word_1_749' title='bbox 2681 4855 3012 4940; x_wconf 49' lang='grc' dir='ltr'>ΕιίώγιηῇΛ</span> <span class='ocrx_word' id='word_1_750' title='bbox 3032 4858 3097 4911; x_wconf 90' lang='grc'><strong>81</strong></span> <span class='ocrx_word' id='word_1_751' title='bbox 3153 4855 3454 4940; x_wconf 68' lang='lat' dir='ltr'><strong>complecti</strong></span> <span class='ocrx_word' id='word_1_752' title='bbox 3527 4857 3694 4940; x_wconf 81' lang='lat' dir='ltr'><strong>ﬁdem</strong></span> 
     </span>
    </p>
   </div>
   <div class='ocr_carea' id='block_1_109' title="bbox 2060 4928 3697 4999">
    <p class='ocr_par' dir='ltr' id='par_1_109' title="bbox 2060 4928 3697 4999">
     <span class='ocr_line' id='line_1_110' title="bbox 2060 4928 3697 4999; baseline -0.004 -9"><span class='ocrx_word' id='word_1_753' title='bbox 2060 4935 2198 4990; x_wconf 91' lang='lat' dir='ltr'><strong>anni</strong></span> <span class='ocrx_word' id='word_1_754' title='bbox 2229 4936 2333 4991; x_wconf 92' lang='grc'><strong>457</strong></span> <span class='ocrx_word' id='word_1_755' title='bbox 2363 4937 2420 4989; x_wconf 90' lang='lat' dir='ltr'><strong>et</strong></span> <span class='ocrx_word' id='word_1_756' title='bbox 2447 4932 2678 4987; x_wconf 89' lang='lat' dir='ltr'><strong>initium</strong></span> <span class='ocrx_word' id='word_1_757' title='bbox 2722 4928 2859 4985; x_wconf 87' lang='lat' dir='ltr'><strong>anni</strong></span> <span class='ocrx_word' id='word_1_758' title='bbox 2910 4928 3013 4983; x_wconf 87' lang='grc'><strong>458</strong></span> <span class='ocrx_word' id='word_1_759' title='bbox 3058 4942 3236 4999; x_wconf 85' lang='lat' dir='ltr'><strong>usque</strong></span> <span class='ocrx_word' id='word_1_760' title='bbox 3266 4928 3337 4982; x_wconf 88' lang='lat' dir='ltr'><strong>ad</strong></span> <span class='ocrx_word' id='word_1_761' title='bbox 3368 4933 3697 4999; x_wconf 87' lang='lat' dir='ltr'><strong>Augustum</strong></span> 
     </span>
    </p>
   </div>
   <div class='ocr_carea' id='block_1_110' title="bbox 2064 4998 3695 5071">
    <p class='ocr_par' dir='ltr' id='par_1_110' title="bbox 2064 4998 3695 5071">
     <span class='ocr_line' id='line_1_111' title="bbox 2064 4998 3695 5071; baseline -0.004 -11"><span class='ocrx_word' id='word_1_762' title='bbox 2064 5021 2341 5071; x_wconf 88' lang='lat' dir='ltr'><strong>mensem,</strong></span> <span class='ocrx_word' id='word_1_763' title='bbox 2365 5003 2582 5059; x_wconf 87' lang='lat' dir='ltr'><strong>clarum</strong></span> <span class='ocrx_word' id='word_1_764' title='bbox 2604 5004 2694 5057; x_wconf 88' lang='lat' dir='ltr'><strong>est</strong></span> <span class='ocrx_word' id='word_1_765' title='bbox 2715 5001 2785 5056; x_wconf 85' lang='lat' dir='ltr'><strong>ab</strong></span> <span class='ocrx_word' id='word_1_766' title='bbox 2807 5000 3083 5056; x_wconf 90' lang='lat' dir='ltr'><strong>omnibus</strong></span> <span class='ocrx_word' id='word_1_767' title='bbox 3114 4998 3425 5071; x_wconf 82' lang='lat' dir='ltr'><strong>legendum</strong></span> <span class='ocrx_word' id='word_1_768' title='bbox 3459 4998 3593 5071; x_wconf 72' lang='lat' dir='ltr'><strong>esse</strong></span> <span class='ocrx_word' id='word_1_769' title='bbox 3605 5000 3695 5053; x_wconf 90' lang='grc'><strong>81.</strong></span> 
     </span>
    </p>
   </div>
   <div class='ocr_carea' id='block_1_111' title="bbox 2058 5068 3698 5158">
    <p class='ocr_par' dir='ltr' id='par_1_111' title="bbox 2058 5068 3698 5158">
     <span class='ocr_line' id='line_1_112' title="bbox 2058 5068 3698 5158; baseline -0.005 -26"><span class='ocrx_word' id='word_1_770' title='bbox 2058 5068 2372 5158; x_wconf 33' lang='lat' dir='ltr'><strong>_Sim_i_liter‘</strong></span> <span class='ocrx_word' id='word_1_771' title='bbox 2385 5091 2491 5158; x_wconf 83' lang='lat' dir='ltr'><strong>pro</strong></span> <span class='ocrx_word' id='word_1_772' title='bbox 2527 5074 2624 5158; x_wconf 58' lang='lat' dir='ltr'><strong>fit.</strong></span> <span class='ocrx_word' id='word_1_773' title='bbox 2664 5068 3519 5158; x_wconf 24' lang='lat' dir='ltr'><strong>legendp&#39;m‘esqsed’st).volunt</strong></span> <span class='ocrx_word' id='word_1_774' title='bbox 3566 5068 3698 5158; x_wconf 43' lang='lat'><strong>1.321-</strong></span> 
     </span>
    </p>
   </div>
   <div class='ocr_carea' id='block_1_112' title="bbox 2057 5140 3691 5211">
    <p class='ocr_par' dir='ltr' id='par_1_112' title="bbox 2057 5140 3691 5211">
     <span class='ocr_line' id='line_1_113' title="bbox 2057 5140 3691 5211; baseline -0.006 -8"><span class='ocrx_word' id='word_1_775' title='bbox 2057 5148 2214 5203; x_wconf 86' lang='lat' dir='ltr'><strong>landi</strong></span> <span class='ocrx_word' id='word_1_776' title='bbox 2247 5140 2674 5204; x_wconf 84' lang='lat' dir='ltr'><strong>continuatores</strong></span> <span class='ocrx_word' id='word_1_777' title='bbox 2705 5140 2847 5199; x_wconf 79' lang='lat' dir='ltr'><strong>tom.</strong></span> <span class='ocrx_word' id='word_1_778' title='bbox 2873 5143 2949 5197; x_wconf 91' lang='lat' dir='ltr'><strong>Ill</strong></span> <span class='ocrx_word' id='word_1_779' title='bbox 2980 5140 3113 5195; x_wconf 85' lang='lat' dir='ltr'><strong>Maii</strong></span> <span class='ocrx_word' id='word_1_780' title='bbox 3141 5156 3273 5211; x_wconf 88' lang='lat' dir='ltr'><strong>pag.</strong></span> <span class='ocrx_word' id='word_1_781' title='bbox 3296 5154 3553 5211; x_wconf 84' lang='lat' dir='ltr'><strong>xxm,n._</strong></span> <span class='ocrx_word' id='word_1_782' title='bbox 3570 5140 3691 5195; x_wconf 86' lang='grc'>102.</span> 
     </span>
    </p>
   </div>
   <div class='ocr_carea' id='block_1_113' title="bbox 2056 5209 3691 5283">
    <p class='ocr_par' dir='ltr' id='par_1_113' title="bbox 2056 5209 3691 5283">
     <span class='ocr_line' id='line_1_114' title="bbox 2056 5209 3691 5283; baseline -0.006 -8"><span class='ocrx_word' id='word_1_783' title='bbox 2056 5220 2220 5275; x_wconf 89' lang='lat' dir='ltr'><strong>Certe</strong></span> <span class='ocrx_word' id='word_1_784' title='bbox 2276 5234 2391 5273; x_wconf 91' lang='lat' dir='ltr'><strong>non</strong></span> <span class='ocrx_word' id='word_1_785' title='bbox 2444 5222 2578 5272; x_wconf 86' lang='lat' dir='ltr'><strong>ante</strong></span> <span class='ocrx_word' id='word_1_786' title='bbox 2629 5230 2892 5271; x_wconf 90' lang='lat' dir='ltr'><strong>mensem</strong></span> <span class='ocrx_word' id='word_1_787' title='bbox 2940 5209 3474 5283; x_wconf 32' lang='lat' dir='ltr'><strong>Septembremtvel</strong></span> <span class='ocrx_word' id='word_1_788' title='bbox 3523 5209 3691 5283; x_wconf 84' lang='lat' dir='ltr'><strong>Octo-</strong></span> 
     </span>
    </p>
   </div>
   <div class='ocr_carea' id='block_1_114' title="bbox 2057 5282 3685 5355">
    <p class='ocr_par' dir='ltr' id='par_1_114' title="bbox 2057 5282 3685 5355">
     <span class='ocr_line' id='line_1_115' title="bbox 2057 5282 3685 5355; baseline -0.005 -10"><span class='ocrx_word' id='word_1_789' title='bbox 2057 5291 2213 5345; x_wconf 88' lang='lat' dir='ltr'><strong>brem</strong></span> <span class='ocrx_word' id='word_1_790' title='bbox 2245 5293 2383 5344; x_wconf 81' lang='lat' dir='ltr'><strong>anni</strong></span> <span class='ocrx_word' id='word_1_791' title='bbox 2414 5288 2537 5355; x_wconf 83' lang='grc'>417,</span> <span class='ocrx_word' id='word_1_792' title='bbox 2568 5285 2836 5342; x_wconf 87' lang='lat' dir='ltr'><strong>collocari</strong></span> <span class='ocrx_word' id='word_1_793' title='bbox 2886 5282 3059 5355; x_wconf 69' lang='lat' dir='ltr'><strong>posse</strong></span> <span class='ocrx_word' id='word_1_794' title='bbox 3107 5282 3685 5355; x_wconf 85' lang='lat' dir='ltr'><strong>initium_Juvenaiis.</strong></span> 
     </span>
    </p>
   </div>
   <div class='ocr_carea' id='block_1_115' title="bbox 2054 5351 3691 5429">
    <p class='ocr_par' dir='ltr' id='par_1_115' title="bbox 2054 5351 3691 5429">
     <span class='ocr_line' id='line_1_116' title="bbox 2054 5351 3691 5429; baseline -0.005 -13"><span class='ocrx_word' id='word_1_795' title='bbox 2054 5356 2309 5416; x_wconf 41' lang='lat' dir='ltr'><strong>constat‘</strong></span> <span class='ocrx_word' id='word_1_796' title='bbox 2334 5376 2404 5415; x_wconf 81' lang='lat' dir='ltr'><strong>ex</strong></span> <span class='ocrx_word' id='word_1_797' title='bbox 2442 5351 2691 5429; x_wconf 86' lang='lat' dir='ltr'><strong>epistola</strong></span> <span class='ocrx_word' id='word_1_798' title='bbox 2733 5351 2940 5411; x_wconf 81' lang='lat' dir='ltr'><strong>Zosimi</strong></span> <span class='ocrx_word' id='word_1_799' title='bbox 2984 5353 3183 5429; x_wconf 54' lang='lat' dir='ltr'><strong>Papae,</strong></span> <span class='ocrx_word' id='word_1_800' title='bbox 3205 5353 3311 5429; x_wconf 82' lang='lat' dir='ltr'><strong>qui</strong></span> <span class='ocrx_word' id='word_1_801' title='bbox 3329 5351 3453 5429; x_wconf 73' lang='lat' dir='ltr'><strong>hoc</strong></span> <span class='ocrx_word' id='word_1_802' title='bbox 3486 5354 3691 5408; x_wconf 91' lang='lat' dir='ltr'><strong>eodem</strong></span> 
     </span>
    </p>
   </div>
   <div class='ocr_carea' id='block_1_116' title="bbox 2052 5425 3689 5498">
    <p class='ocr_par' dir='ltr' id='par_1_116' title="bbox 2052 5425 3689 5498">
     <span class='ocr_line' id='line_1_117' title="bbox 2052 5425 3689 5498; baseline -0.005 -10"><span class='ocrx_word' id='word_1_803' title='bbox 2052 5448 2205 5488; x_wconf 88' lang='lat' dir='ltr'><strong>anno</strong></span> <span class='ocrx_word' id='word_1_804' title='bbox 2254 5431 2359 5486; x_wconf 86' lang='grc'><strong>417</strong></span> <span class='ocrx_word' id='word_1_805' title='bbox 2404 5425 2495 5483; x_wconf 73' lang='grc' dir='ltr'><strong>19ξ</strong></span> <span class='ocrx_word' id='word_1_806' title='bbox 2538 5429 2806 5498; x_wconf 88' lang='lat' dir='ltr'><strong>Augusti,</strong></span> <span class='ocrx_word' id='word_1_807' title='bbox 2838 5442 3124 5498; x_wconf 73' lang='lat' dir='ltr'><strong>summus</strong></span> <span class='ocrx_word' id='word_1_808' title='bbox 3152 5425 3409 5498; x_wconf 56' lang='lat' dir='ltr'><strong>Pontifes</strong></span> <span class='ocrx_word' id='word_1_809' title='bbox 3455 5429 3689 5480; x_wconf 87' lang='lat' dir='ltr'><strong>creatus</strong></span> 
     </span>
    </p>
   </div>
   <div class='ocr_carea' id='block_1_117' title="bbox 2051 5495 3690 5573">
    <p class='ocr_par' dir='ltr' id='par_1_117' title="bbox 2051 5495 3690 5573">
     <span class='ocr_line' id='line_1_118' title="bbox 2051 5495 3690 5573; baseline -0.007 -14"><span class='ocrx_word' id='word_1_810' title='bbox 2051 5508 2155 5568; x_wconf 90' lang='lat' dir='ltr'><strong>est,</strong></span> <span class='ocrx_word' id='word_1_811' title='bbox 2197 5504 2257 5558; x_wconf 89' lang='lat' dir='ltr'><strong>in</strong></span> <span class='ocrx_word' id='word_1_812' title='bbox 2305 5517 2423 5573; x_wconf 85' lang='lat' dir='ltr'><strong>qua</strong></span> <span class='ocrx_word' id='word_1_813' title='bbox 2468 5495 2730 5573; x_wconf 73' lang='lat' dir='ltr'><strong>epistola,</strong></span> <span class='ocrx_word' id='word_1_814' title='bbox 2773 5495 2909 5573; x_wconf 80' lang='lat' dir='ltr'><strong>data</strong></span> <span class='ocrx_word' id='word_1_815' title='bbox 2936 5495 3150 5573; x_wconf 71' lang='lat' dir='ltr'><strong>erai.</strong></span> <span class='ocrx_word' id='word_1_816' title='bbox 3183 5495 3307 5573; x_wconf 83' lang='lat' dir='ltr'><strong>0ct.</strong></span> <span class='ocrx_word' id='word_1_817' title='bbox 3352 5495 3432 5573; x_wconf 77' lang='lat' dir='ltr'><strong>ait</strong></span> <span class='ocrx_word' id='word_1_818' title='bbox 3454 5511 3539 5573; x_wconf 39' lang='lat' dir='ltr'><strong>“se</strong></span> <span class='ocrx_word' id='word_1_819' title='bbox 3587 5510 3690 5573; x_wconf 67' lang='lat' dir='ltr'><strong>ac-</strong></span> 
     </span>
    </p>
   </div>
   <div class='ocr_carea' id='block_1_118' title="bbox 2050 5564 3685 5658">
    <p class='ocr_par' dir='ltr' id='par_1_118' title="bbox 2050 5564 3685 5658">
     <span class='ocr_line' id='line_1_119' title="bbox 2050 5564 3685 5658; baseline -0.001 1"><span class='ocrx_word' id='word_1_820' title='bbox 2050 5564 2273 5658; x_wconf 63' lang='lat' dir='ltr'><strong>ceéisse</strong></span> <span class='ocrx_word' id='word_1_821' title='bbox 2314 5564 3685 5658; x_wconf 44' lang='lat' dir='ltr'><strong>Epistolas,.1“080139?19003999921133}!E</strong></span> 
     </span>
    </p>
   </div>
   <div class='ocr_carea' id='block_1_119' title="bbox 2049 5638 3681 5716">
    <p class='ocr_par' dir='ltr' id='par_1_119' title="bbox 2049 5638 3681 5716">
     <span class='ocr_line' id='line_1_120' title="bbox 2049 5638 3681 5716; baseline -0.006 -15"><span class='ocrx_word' id='word_1_822' title='bbox 2049 5638 2151 5716; x_wconf 77' lang='lat' dir='ltr'><strong>qui</strong></span> <span class='ocrx_word' id='word_1_823' title='bbox 2193 5638 2375 5716; x_wconf 69' lang='lat' dir='ltr'><strong>ante</strong></span> <span class='ocrx_word' id='word_1_824' title='bbox 2444 5640 2782 5698; x_wconf 85' lang='lat' dir='ltr'><strong>Juvenalem</strong></span> <span class='ocrx_word' id='word_1_825' title='bbox 2858 5638 3055 5698; x_wconf 80' lang='lat' dir='ltr'><strong>sedem</strong></span> <span class='ocrx_word' id='word_1_826' title='bbox 3134 5638 3681 5708; x_wconf 79' lang='lat' dir='ltr'><strong>Jerosolymitanam</strong></span> 
     </span>
    </p>
   </div>
   <div class='ocr_carea' id='block_1_120' title="bbox 314 5714 2251 5810">
    <p class='ocr_par' dir='ltr' id='par_1_120' title="bbox 314 5714 2251 5810">
     <span class='ocr_line' id='line_1_121' title="bbox 314 5714 2251 5810; baseline -0.007 -26"><span class='ocrx_word' id='word_1_827' title='bbox 314 5714 950 5810; x_wconf 35' lang='lat' dir='ltr'><strong>git‘:_sive_:9ol_laudqm</strong></span> <span class='ocrx_word' id='word_1_828' title='bbox 995 5742 1335 5810; x_wconf 70' lang='lat' dir='ltr'><strong>sequamur,</strong></span> <span class='ocrx_word' id='word_1_829' title='bbox 1367 5724 1465 5810; x_wconf 77' lang='lat' dir='ltr'><strong>qui</strong></span> <span class='ocrx_word' id='word_1_830' title='bbox 1497 5724 1557 5780; x_wconf 89' lang='lat' dir='ltr'><strong>in</strong></span> <span class='ocrx_word' id='word_1_831' title='bbox 1582 5723 1723 5810; x_wconf 43' lang='lat' dir='ltr'><strong>yit‘a</strong></span> <span class='ocrx_word' id='word_1_832' title='bbox 1748 5720 1937 5810; x_wconf 59' lang='lat' dir='ltr'><strong>sancti</strong></span> <span class='ocrx_word' id='word_1_833' title='bbox 2046 5714 2251 5773; x_wconf 67' lang='lat' dir='ltr'><strong>tenuit.</strong></span> 
     </span>
    </p>
   </div>
   <div class='ocr_carea' id='block_1_121' title="bbox 311 5792 1938 5874">
    <p class='ocr_par' dir='ltr' id='par_1_121' title="bbox 311 5792 1938 5874">
     <span class='ocr_line' id='line_1_122' title="bbox 311 5792 1938 5874; baseline -0.006 -17"><span class='ocrx_word' id='word_1_834' title='bbox 311 5797 620 5874; x_wconf 72' lang='lat' dir='ltr'><strong>Euthymti,</strong></span> <span class='ocrx_word' id='word_1_835' title='bbox 646 5802 740 5861; x_wconf 81' lang='lat' dir='ltr'><strong>die</strong></span> <span class='ocrx_word' id='word_1_836' title='bbox 763 5802 834 5857; x_wconf 81' lang='lat' dir='ltr'><strong>2O</strong></span> <span class='ocrx_word' id='word_1_837' title='bbox 858 5792 1141 5867; x_wconf 75' lang='lat' dir='ltr'><strong>Januarii,</strong></span> <span class='ocrx_word' id='word_1_838' title='bbox 1165 5798 1284 5855; x_wconf 64' lang='lat' dir='ltr'><strong>hec</strong></span> <span class='ocrx_word' id='word_1_839' title='bbox 1313 5792 1486 5854; x_wconf 68' lang='lat' dir='ltr'><strong>verba</strong></span> <span class='ocrx_word' id='word_1_840' title='bbox 1515 5792 1721 5867; x_wconf 86' lang='lat' dir='ltr'><strong>rejicit,</strong></span> <span class='ocrx_word' id='word_1_841' title='bbox 1739 5792 1938 5864; x_wconf 85' lang='lat' dir='ltr'><strong>aitque</strong></span> 
     </span>
    </p>
   </div>
  </div>
