4124 6270
1529 372 1712 436 VITA
1756 370 1814 433 S.
1863 371 2198 433 CYRIACI.

97 389 268 450 933
1529 376 1712 436 VITA
1756 376 1814 433 S.
1863 376 2198 433 CYRIACI.
3449 376 3570 434 934

97 548 316 606 αὐτὸν
374 542 740 618 ἐκτενέστερον
795 540 894 594 τοῦ
924 534 1058 592 Θεοῦ
1107 531 1389 606 δεηθῆναι,
1422 529 1562 588 ὥστε
1607 532 1734 595 τόὺς
1763 531 1817 588 ὲν

1966 532 2195 591 ietatem
2243 531 2521 600 coierant,
2576 538 2634 589 et
2664 531 3356 592 adversusorthodoxam
3393 537 3569 594 ﬁdem

107 643 209 713 τῇ
291 635 397 708 νίᾳ
447 631 625 707 λαύρα
675 629 809 702 μετά
858 627 1068 683 Νόννου
1128 623 1327 698 [Νόνου
1359 626 1418 696 2]
1447 621 1538 677 καὶ
1573 620 1823 676 Λεοντίου

1963 621 2152 679 ,θιιαω
2184 625 2579 695 sumpserant,
2612 623 2998 690 vincerentur,
3034 627 3091 678 et
3130 623 3378 680 multam
3413 625 3572 682 illam

119 711 257 799 τῆν
321 724 388 781 ἐκ
440 726 546 778 τῶν
597 716 900 793 Ὠριγένους
941 712 1232 792 δογμάτων
1281 711 1600 786 συμμαχίαν
1652 730 1825 786 παρα-

1963 717 2284 784 leponerent
2312 711 2721 781 arrogantiam.

129 795 470 880 λαϐόντας,
524 809 614 866 καὶ
663 808 800 865 κατά
849 811 949 875 τῆς
1000 799 1291 880 όρθοδόξου
1362 799 1854 876 στρατευσαμένους
1909 800 2164 870 πίστεως,
2224 801 2547 871 ἡττηθῆναι,
2598 800 2684 854 καὶ
2744 799 2845 868 τήν
2904 795 3125 869 πολλὴν
3170 799 3380 871 ἐκείνην
3440 801 3573 857 ἀλα·

140 905 382 977 ζονείαν
417 894 742 958 ἀποϐαλεῖν.

225 997 300 1055 Ὀ
363 988 648 1067 Κύριλλος
683 987 776 1060 μὶν
823 982 913 1040 οῦν
946 982 1024 1046 εἷς
1070 983 1162 1038 τὸν
1213 984 1419 1036 Σουκᾶν
1473 977 1823 1057 ἀφικόμενος,

144 1086 254 1142 καὶ
312 1082 559 1154 Ζωσίμῳ
605 1078 694 1133 καὶ
754 1075 975 1148 Ἰωάννῃ
1029 1071 1272 1145 πρώτοις
1315 1068 1522 1125 ἐκείνου
1571 1071 1692 1130 τοῖς
1726 1088 1828 1140 μα-

151 1178 372 1247 θηταῖς
405 1169 671 1248 ἐντυχὼν,
730 1166 840 1222 εἶτα
885 1162 976 1218 καὶ
1035 1161 1108 1223 ὡς
1166 1159 1256 1216 τὸν
1307 1156 1470 1233 μέγαν
1504 1155 1596 1211 σὺν
1641 1157 1828 1218 αὐτοῖς

157 1244 453 1338 Κῦριακὸν
509 1244 739 1314 ἔπεισιν
799 1251 1104 1331 ἀγχειρίζει
1158 1269 1218 1304 τε
1265 1247 1416 1319 αύτῷ
1463 1247 1563 1315 τὴν
1603 1244 1830 1300 ἐπιστο-

161 1349 412 1422 λῆν,καί
443 1350 541 1404 ὅσα
584 1344 750 1402 πάλιν
801 1344 907 1399 ἀπὸ
957 1340 1214 1416 γλώττης
1264 1335 1412 1407 αύτῷ
1443 1332 1653 1408 ε’ίρητο,
1687 1331 1827 1403 διέξ-

163 1421 279 1498 εισι
342 1441 537 1495 πάντα.
596 1438 653 1492 '0
712 1431 768 1490 δὲ
826 1431 1024 1508 θερμόν
1081 1450 1134 1484 τι
1166 1427 1255 1483 καὶ
1301 1428 1420 1481 οἷον
1452 1423 1559 1478 ἀπὸ
1606 1421 1831 1498 καρδίας

160 1527 565 1603 ἰπιδακρύσας.
628 1523 781 1594 Εἰπὲ,
830 1521 986 1601 φησι,
1032 1522 1139 1573 τῶν
1189 1512 1569 1603 ἀποστείλαντί
1612 1531 1687 1566 σε·
1732 1512 1825 1603 Μὴ

165 1599 486 1693 ἀνιώμεθα,
535 1613 730 1688 ΙῙάτερο
793 1599 1040 1684 ὀψόμεθα
1090 1608 1192 1683 γὰρ
1251 1610 1445 1669 θᾶττον
1492 1599 1692 1693 Νόννον
1733 1600 1829 1673 μὲν

1963 1601 2146 1657 nisit:
2207 1600 2288 1658 Ne
2328 1618 2567 1658 maerore
2623 1601 2973 1674 afﬂigamur,
3035 1602 3220 1672 Pater,
3249 1603 3363 1658 cito
3422 1604 3580 1660 enim

163 1709 266 1764 καὶ
315 1688 592 1772 Λεόντιον,
631 1703 732 1772 τὴν
783 1701 929 1771 ζωὴν
984 1695 1296 1762 ἀθλιώτατα
1336 1692 1828 1766 καταστρέψαντας.

1963 1688 2264 1745 videbimus
2317 1691 2590 1746 Nounum
2659 1690 2896 1762 quidem
2937 1695 2994 1746 et
3057 1690 3362 1747 Leontium
3403 1692 3579 1750 vitam

163 1799 305 1861 τοὺς
335 1794 395 1853 δὲ
426 1792 893 1874 ἐπιχωριάσαντας
919 1791 988 1863 τῇ
1031 1785 1206 1862 λαύρα
1235 1782 1436 1846 λύκους
1466 1782 1540 1844 ὡς
1570 1778 1830 1891 αἶ’σχέστα

174 1887 188 1891 _
302 1889 312 1891 μ
462 1884 476 1891 -
557 1882 575 1891 -
781 1878 792 1891 .
1087 1877 1102 1891 .
1205 1874 1217 1891 κ
1306 1870 1328 1891 κ
1479 1871 1494 1890 κ
1640 1889 1651 1891 _
1670 1870 1687 1891 ι
1707 1889 1718 1891 4
1740 1889 1747 1891 ξ
1771 1888 1831 1891 _-_

1963 1778 2274 1835 niserrime
2331 1795 2464 1835 cum
2497 1783 2684 1836 morte
2740 1783 3096 1836 commutare
3128 1796 3143 1848 ;
3187 1779 3354 1850 lupos
3382 1785 3576 1836 autem

1968 1885 1997 1891 ..
2062 1869 2083 1891 I'
2109 1884 2240 1891 ---_-
2314 1871 2570 1891 _--.._-A__
2618 1885 2784 1891 _---__
2845 1868 3179 1891 L--__.'--:...-
3211 1868 3371 1891 :ll.'_-
3407 1869 3554 1891 _l_:_:

169 1887 383 1944 ἐκεῖθεν
452 1867 944 1954 ἀπελαυνομένους·
1017 1877 1106 1932 καὶ
1165 1874 1232 1928 τὰ
1306 1870 1503 1946 λογικά
1585 1867 1832 1944 πρόϐατα

1968 1885 2001 1923 n
2062 1869 2249 1924 Laure.
2314 1871 2572 1924 versatos
2613 1885 2790 1939 quam
2845 1868 3182 1940 turpissime
3211 1868 3374 1923 illinc
3405 1869 3580 1942 abigi,

170 1973 352 2031 πάλιν
423 1953 864 2036 ἀλύπως“αύτὴν
913 1968 1192 2021 πατοῦντα
1239 1961 1330 2016 καὶ
1386 1956 1582 2029 ἀδεῶς,
1640 1955 1729 2011 καὶ
1780 1953 1832 2010 ἐι

1963 1973 2196 2029 )vesque
2246 1958 2471 2014 ratione
2528 1957 2800 2030 praeditas
2836 1957 3022 2027 ipsam
3057 1973 3263 2012 rursus
3303 1957 3426 2014 sine
3457 1975 3582 2014 mo-

2005 979 2254 1052 Cyrillus
2314 980 2509 1052 itaque
2565 995 2698 1036 cum
2758 980 2817 1035 in
2879 981 3086 1037 Sucam
3133 982 3485 1054 devenisset,
3520 988 3579 1039 et

1934 1069 2161 1126 Zosimo
2212 1086 2279 1124 ac
2319 1069 2557 1138 Joanni,
2609 1069 2811 1140 primis
2855 1069 3008 1126 illius
3046 1069 3374 1142 discipulis,
3409 1071 3580 1127 collo-

1937 1163 2106 1213 cutus
2141 1158 2368 1226 fuisset,
2399 1158 2605 1213 deinde
2636 1158 2808 1214 etiam
2859 1174 2993 1214 cum
3023 1159 3168 1230 ipsis
3201 1160 3270 1214 ad
3302 1176 3576 1229 magnum

1940 1246 2326 1317 proficiscitur
2355 1247 2678 1315 Cyriacum,
2711 1248 2880 1319 eique
2902 1247 3205 1319 epistolam
3226 1249 3284 1302 in
3307 1249 3579 1304 manibus

1940 1336 2061 1400 dat,
2117 1338 2175 1390 et
2225 1351 2460 1390 rursum
2528 1337 2727 1391 omnia
2788 1351 3154 1407 quaecunque
3209 1337 3398 1392 verbis
3468 1338 3578 1408 ipsi

1942 1423 2215 1479 mandata
2263 1423 2510 1493 fuerant,
2543 1424 2833 1480 edisserit.
2883 1423 2987 1480 Ille
3027 1441 3160 1480 vero
3191 1426 3482 1493 ardenter,
3523 1431 3581 1482 et

1942 1510 2098 1567 velut
2140 1528 2206 1569 ex
2245 1513 2414 1568 corde
2445 1511 2820 1582 illacrymans
2855 1529 2868 1569 :
2904 1513 3022 1581 Dic,
3056 1513 3267 1585 inquit,
3308 1515 3360 1570 ei
3389 1515 3490 1586 qui
3525 1519 3580 1570 te

177 2065 324 2137 αὐτῇ
383 2057 659 2135 νεμόμενά
711 2077 770 2112 τε
841 2055 932 2110 καὶ
1008 2049 1390 2129 ἐκτρεφόμενα.
1454 2046 1595 2137 Πρὸς
1669 2045 1836 2100 ταῦτα

179 2134 410 2212 ἐκεῖνος⁶
472 2146 609 2207 Τίνα
666 2143 722 2202 δέ
779 2144 912 2212 ἐστι,
975 2143 1172 2214 Πάτερ,
1230 2139 1297 2193 τά
1335 2137 1424 2192 ὑπ’
1481 2134 1654 2190 αὐτῶν
1701 2153 1835 2207 πρε-

185 2235 516 2311 σϐευόμενα,
555 2234 740 2311 ἤρετοο
802 2225 1239 2288 διαϐεϐαιοῦνται
1296 2227 1422 2303 γὰρ,
1463 2219 1586 2301 ἔφη,
1618 2221 1685 2276 τὰ
1712 2221 1833 2293 περὶ

189 2328 590 2406 προῦπάρξεως
636 2325 726 2380 καὶ
765 2321 1252 2380 ἀποκαταστάσεως
1285 2315 1557 2390 δόγματα,
1601 2313 1736 2387 μέσα
1780 2332 1839 2368 τε

190 2420 333 2475 εἶναι
375 2417 467 2472 καὶ
517 2411 789 2470 ἀκίνδυνα.
837 2410 1014 2465 ἐκεῖνα
1059 2407 1198 2478 πρὸς
1225 2409 1388 2460 τοῦτο
1423 2406 1715 2476 μαρτυρεῖν
1744 2399 1838 2454 αύ-

185 2513 310 2571 τοῖς
361 2506 617 2580 λέγοντες
649 2504 784 2575 άπερ
826 2497 959 2578 φησί
991 2517 1096 2552 που
1135 2500 1241 2550 τῶν
1269 2493 1462 2548 ἑαυτοῦ
1490 2488 1836 2564 ἀπολογητι-

186 2601 301 2652 κῶν
362 2596 390 2650 ὁ
441 2577 610 2668 μέγας
662 2577 969 2665 Γρηγόριος
1001 2603 1017 2620 ·
1068 2608 1094 2640 α
1136 2581 1293 2656 Ἐμοί
1347 2578 1394 2635 δ’
1447 2577 1566 2668 οῦν,
1612 2583 1840 2668 πρᾶγμα

189 2667 449 2756 φαίνεται
485 2667 549 2738 ού
606 2684 715 2736 τῶν
771 2674 1150 2756 φαυλοτάτων,
1197 2668 1402 2727 διδόναι
1447 2667 1584 2724 κατά
1655 2667 1842 2738 καιρὸν

188 2748 400 2846 ἑκάστῳ
427 2775 526 2827 τοῦ
583 2748 842 2844 λόγουτὸ
891 2764 1264 2836 σιτομέτριον,
1293 2757 1383 2814 καί
1439 2757 1747 2829 οἰκονομεῖν
1786 2754 1839 2810 έν

192 2843 380 2939 κρίσει.
425 2862 526 2929 τὴν
586 2843 843 2925 ἀληθειαν
899 2857 1006 2906 τῶν
1058 2846 1337 2939 ἡμετέρων
1387 2843 1844 2939 δογμάτωνὶξὸσα

194 2929 322 3026 περὶ
377 2950 598 3022 κόσμων
644 2945 680 3014 ἢ
741 2945 952 3014 κόσμου
1001 2936 1464 3014 πεφιλοσόφηται,
1513 2933 1637 3005 περὶ
1683 2929 1846 3000 ὕλης,

198 3017 324 3114 περὶ
355 3017 560 3112 ψυχης,
591 3031 716 3107 περὶ
745 3036 863 3099 νοῦ,
914 3029 1005 3083 καὶ
1056 3030 1161 3080 τῶν
1193 3028 1395 3098 νοερῶν
1445 3021 1676 3097 φύσεων,
1722 3017 1849 3092 βελ-

200 3129 396 3186 τιόνων
453 3145 512 3180 τε
567 3123 656 3178 καὶ
715 3117 1002 3196 χειρόνων,
1051 3114 1174 3182 περὶ
1232 3119 1332 3181 τῆς
1391 3111 1456 3165 τὰ
1507 3107 1681 3162 πάντα
1725 3125 1851 3160 συν-

1944 2046 2114 2103 lestia
2153 2050 2209 2104 et
2255 2046 2378 2104 sine
2422 2051 2578 2102 metu
2610 2046 2855 2114 calcare,
2899 2062 2965 2102 ac
3003 2045 3064 2100 in
3097 2061 3163 2101 ea
3193 2045 3268 2101 ali
3300 2052 3357 2102 et
3396 2048 3579 2118 pasci.

1944 2135 2033 2191 Ad
2091 2136 2209 2191 haec
2238 2134 2334 2191 ille
2381 2135 2604 2207 rogavit
2645 2151 2659 2190 :
2694 2135 2965 2199 Quaenam
3025 2150 3158 2191 vero
3199 2138 3354 2200 sunt,
3395 2138 3583 2206 Pater,

1946 2241 2076 2297 quas
2105 2223 2188 2280 illi
2219 2240 2326 2280 sua
2352 2229 2592 2280 tuentur
2620 2223 2952 2280 sententia?
2984 2239 3237 2294 namque
3267 2223 3580 2292 afﬁrmant,

1945 2314 2156 2386 inquit,
2209 2315 2488 2386 dogmata
2528 2315 2600 2370 de
2656 2313 3076 2386 praeexistentia
3125 2318 3182 2370 et
3210 2313 3579 2370 restitutione

1947 2402 2008 2460 in
2077 2404 2388 2475 pristinum
2448 2409 2687 2469 statum,
2749 2403 3140 2459 indiﬂ'erentia
3196 2418 3345 2468 esse,
3396 2407 3454 2459 et
3509 2403 3582 2459 ab

1948 2493 2108 2549 omni
2149 2491 2405 2564 periculo
2437 2491 2666 2548 aliena:
2718 2491 2815 2548 illa
2871 2492 2943 2547 ad
2991 2491 3101 2547 hoc
3137 2490 3472 2548 testimonio
3501 2492 3586 2547 eis

1948 2595 2077 2636 esse
2133 2580 2390 2635 dicentes
2442 2595 2569 2651 quas
2625 2579 2840 2635 alicubi
2897 2579 2955 2634 in
3014 2578 3140 2635 suis
3200 2578 3587 2650 Apologeticis

1952 2683 2197 2739 magnus
2227 2668 2537 2740 Gregorius
2577 2668 2656 2723 ait
2688 2684 2703 2724 :
2754 2667 2893 2723 Mihi
2925 2668 3146 2724 videtur
3176 2683 3267 2723 res
3299 2684 3413 2724 non
3456 2666 3592 2724 vilis

1953 2773 2058 2814 nec
2083 2757 2532 2823 contemnenda,
2563 2756 2697 2812 dare
2742 2756 2803 2810 in
2856 2761 3114 2828 tempore
3147 2756 3457 2825 unicuique
3492 2755 3593 2810 de-

1954 2862 2222 2902 mensum
2253 2845 2562 2914 sermonis,
2604 2848 2660 2900 et
2698 2845 3040 2916 dispensare
3080 2845 3136 2898 in
3164 2842 3388 2914 judicio
3435 2843 3592 2898 veri-

1953 2936 2127 2987 tatem
2161 2937 2490 2988 nostrorum
2533 2932 2894 3004 dogmatum,
2927 2946 3292 3003 quaecunque
3321 2931 3392 2985 de
3425 2946 3592 2985 mun-

1957 3019 2049 3074 dis
2080 3023 2182 3074 aut
2201 3019 2272 3075 de
2309 3019 2530 3075 mundo
2562 3019 2962 3090 philosophice
2998 3019 3300 3090 disputata
3339 3021 3498 3084 sunt,
3526 3017 3598 3073 de

1959 3107 2221 3173 materia,
2252 3109 2324 3162 de
2371 3109 2586 3175 anima,
2627 3108 2699 3164 de
2738 3112 2952 3175 mente,
3005 3111 3062 3162 et
3117 3107 3337 3162 naturis
3378 3104 3594 3160 intelli-

212 3173 392 3186 """'"
464 3173 512 3180 ’ν
569 3173 655 3178 "vn
719 3173 819 3196 ἰο-ι
989 3173 1002 3184 1
1123 3173 1128 3182 .
1289 3173 1327 3181 ,γ

205 3215 433 3284 δεούσης
488 3211 754 3287 Προνοίας
786 3227 798 3240 ’
833 3205 932 3262 ὅσα
957 3224 1018 3260 τε
1044 3202 1180 3259 κατά
1219 3199 1388 3276 λόγον
1429 3197 1661 3265 ἀπαντᾷν
1701 3192 1847 3248 δοκεῖ

1963 3196 2254 3268 gentibus,
2287 3200 2406 3251 tam
2447 3173 2945 3266 praestantioribus
2975 3210 3148 3267 quam
3188 3193 3599 3260 deterioribus,

205 3307 294 3362 καὶ
349 3305 450 3362 ὅσα
497 3285 642 3377 παρᾶ
689 3297 856 3372 λόγον
886 3295 980 3351 τὸν
1024 3295 1172 3348 κάτω
1220 3291 1312 3346 καὶ
1347 3288 1440 3344 τὸν
1489 3285 1846 3360 ἀνθρώπινον.

207 3390 285 3452 ἔτι
320 3413 380 3450 τε
426 3393 525 3447 ὅσα
588 3388 712 3463 περὶ
759 3392 860 3455 τῆς
907 3384 1134 3459 πρώτης
1186 3382 1348 3453 ἡμῶν
1403 3375 1730 3441 συστάσεως,
1761 3372 1851 3428 τύ-

208 3505 322 3540 πων
381 3502 440 3538 τε
494 3479 586 3534 καὶ
643 3474 903 3547 ἀληθείας
959 3471 1052 3527 καὶ
1111 3467 1410 3538 διαθηκῶν,
1464 3465 1554 3519 καὶ
1612 3464 1850 3536 Χριστοῦ

209 3569 506 3648 παρουσίας
546 3567 774 3640 πρώτης
809 3583 870 3618 τε
923 3561 1014 3616 καὶ
1064 3556 1336 3630 δευτέρας.
1368 3555 1458 3609 Ἐν
1498 3551 1717 3648 τούτοις
1748 3549 1851 3648 γὰρ

211 3636 341 3738 φασι
369 3658 461 3714 καὶ
507 3658 572 3712 τὸ
610 3653 960 3728 ἐντυγχάνειν
989 3648 1089 3704 ούκ
1134 3648 1434 3723 ἄχρηστον,
1478 3641 1564 3695 καὶ
1611 3639 1674 3693 τὸ
1743 3636 1854 3692 δια-

220 3748 507 3825 μαρτάνειν
536 3741 844 3798 ἀκίνδυνον.

289 4028 466 4083 Ταῦτα
510 4027 606 4079 τοῦ
661 4017 961 4094 θαυμασίου
1017 4012 1300 4090 Κυρίλλου
1355 4010 1638 4087 ἐρομένου,
1672 4009 1700 4065 ὁ
1754 4028 1857 4082 μα-

222 4116 404 4191 κάριος
448 4111 734 4189 Κυριακὸς,
769 4107 848 4166 Ού
900 4107 993 4180 μὲν
1028 4104 1122 4160 οὖν
1168 4106 1280 4179 [γρ.
1305 4097 1593 4191 οῦμενουν]
1625 4097 1688 4152 ού
1725 4097 1860 4191 μέσα

222 4184 300 4260 τά.
349 4202 470 4276 περὶ
527 4184 921 4274 προῦπάρξεως
972 4193 1218 4269 δόγματα
1268 4188 1358 4246 καὶ
1405 4184 1682 4276 ἀκίνδυνα,
1710 4185 1856 4276 *ἔφη’

223 4270 526 4350 τούναντίον
560 4270 617 4347 δὲ
670 4270 906 4363 μᾶλλον,
939 4281 1259 4359 ἀκροσφαλῆ
1300 4299 1358 4333 τε
1407 4277 1497 4332 καὶ
1528 4270 1857 4363 ἐπικίνδυνα.

225 4385 405 4444 Ὅπως
434 4379 492 4437 δέ
542 4401 625 4435 σοι
673 4361 776 4432 -καὶ
806 4376 905 4442 τὴν
960 4366 1274 4443 πολυσχιδῆ
1335 4364 1507 4420 αὐτῶν
1567 4361 1620 4416 ἐν
1665 4362 1864 4435 βραχεῖ

228 4471 546 4545 παραστήσω
604 4461 867 4529 ἀσέϐειαν,
901 4459 1026 4538 φασὶ
1061 4460 1137 4531 μή
1193 4452 1285 4510 ἕνα
1337 4459 1441 4522 τῆς
1479 4446 1718 4525 Τριάδος
1768 4447 1860 4502 τὸν

1959 3286 2029 3340 de
2091 3283 2459 3340 Providentia
2523 3299 2651 3354 qua
2699 3283 2896 3338 omnia
2952 3283 3300 3338 connectit:
3359 3296 3599 3353 quinque

1962 3373 2286 3430 secundum
2319 3371 2598 3428 rationem
2636 3369 2864 3426 evenire
2901 3370 3194 3435 videntur,
3225 3374 3285 3424 et
3315 3384 3600 3440 quaecun-

1961 3479 2075 3537 que
2131 3470 2335 3534 praeter
2397 3459 2681 3516 rationem
2739 3457 3072 3514 inferiorem
3122 3462 3178 3514 et
3234 3457 3597 3514 humanam:

1964 3556 2240 3624 praeterea
2271 3566 2397 3622 quas
2427 3550 2495 3604 de
2529 3547 2718 3620 prima
2747 3553 2946 3603 nostra
2983 3545 3420 3612 constitutione,
3463 3545 3606 3616 figu-

1964 3641 2182 3712 risque,
2207 3644 2263 3694 et
2291 3637 2554 3701 veritate,
2587 3652 2653 3692 ac
2681 3635 3046 3692 testamentis
3082 3652 3094 3688 :
3125 3635 3336 3690 Christi
3373 3650 3607 3706 quoque

1966 3728 2155 3801 primo
2185 3743 2249 3784 ac
2275 3724 2532 3784 secundo
2563 3727 2830 3781 adventu.
2872 3723 2936 3780 In
2965 3723 3059 3779 his
3088 3723 3266 3792 enim,
3300 3721 3599 3794 inquiunt,

1965 3822 2023 3874 et
2052 3815 2282 3888 assequi
2339 3831 2454 3871 non
2485 3818 2574 3870 est
2626 3811 2854 3882 inutile,
2887 3816 2945 3868 et
2975 3827 3092 3869 non
3148 3809 3381 3883 assequi
3435 3813 3603 3868 vacat

1966 3905 2245 3979 periculo.

2038 3999 2166 4054 Haec
2203 4013 2340 4053 cum
2372 3994 2730 4052 admirabilis
2772 3992 3020 4066 Cyrillus
3049 3992 3290 4048 dixisset
3321 4007 3336 4046 :
3373 3990 3601 4061 Nequa~

1967 4104 2166 4158 quam,
2199 4087 2389 4159 inquit
2421 4087 2622 4142 beatus
2653 4085 2946 4158 Cyriacus,
2981 4097 3350 4153 nequaquam
3381 4080 3606 4138 inditie-

1968 4176 2152 4232 rentia
2209 4180 2369 4242 sunt,
2427 4189 2612 4244 neque
2664 4173 2915 4244 periculo
2970 4174 3174 4226 vacant
3222 4170 3491 4240 dogmata
3533 4171 3606 4225 de

1970 4262 2396 4333 prasexistentia
2429 4280 2442 4316 :
2476 4263 2594 4315 imo
2626 4265 2764 4315 sunt
2801 4259 3023 4314 lubrica
3063 4257 3257 4328 potius
3287 4262 3344 4313 et
3375 4257 3602 4330 pericu-

1971 4351 2117 4408 losa.
2149 4349 2221 4407 Ut
2250 4355 2441 4406 autem
2473 4347 2854 4418 multiplicem
2885 4362 3086 4403 eorum
3115 4346 3475 4416 impietatem
3499 4345 3602 4402 libi

1973 4439 2169 4511 paucis
2222 4454 2525 4510 exponam,
2575 4437 2741 4493 aiunt
2777 4434 3072 4490 Christum
3106 4449 3217 4489 non
3257 4449 3389 4490 esse
3420 4450 3603 4490 unum

230 4521 460 4634 Xprtatov.
510 4555 668 4611 εἶναι.
736 4521 994 4625 [Λέγούσι
1051 4521 1118 4600 τὰ
1186 4545 1236 4616 ἐξ
1311 4541 1644 4634 ἀναστάσεως
1700 4539 1847 4611 ἡμῶπ

1974 4544 2043 4585 ex
2071 4527 2371 4584 Trinitate.
2411 4525 2622 4582 Dicunt
2650 4540 2887 4595 corpora
2917 4539 3040 4594 quin
3083 4537 3152 4578 ex
3189 4521 3610 4579 resurrectione

1976 4618 1988 4634 I
2055 4617 2067 4634 I
2124 4617 2138 4634 I
2167 4616 2228 4634 ’κη
2270 4633 2313 4634 κέ
2372 4631 2483 4634 _,--
2525 4614 2745 4634 ___.:L--_
2778 4613 2843 4634 -.ι
2895 4611 3193 4634 ε..ι-..2ι--...
3243 4615 3478 4634 ---..ι.---
3552 4613 3603 4634 ,ι

235 4627 450 4718 σώματα
499 4645 576 4705 εἱς
614 4637 890 4696 ἀπώλειαν
939 4635 1079 4706 ἥξειν
1148 4629 1410 4701 παντελῆ,
1487 4627 1577 4683 καὶ
1627 4630 1864 4702 Χριστοῦ

236 4716 444 4811 πρώτου
493 4734 551 4806 2]
601 4728 851 4805 λέγουσιν
897 4725 983 4780 ὅσι
1032 4722 1131 4779 ούκ
1167 4723 1217 4811 ἦ*
1253 4717 1362 4796 [εἴη
1409 4719 1466 4811 2]
1515 4720 1612 4772 τοῦ
1654 4716 1864 4811 κόσμου

239 4805 564 4897 δημιουργὸς
617 4822 652 4888 ἡ
712 4815 908 4888 Τριάς·
957 4814 1041 4869 ὅτι
1087 4831 1146 4866 τε
1201 4809 1252 4864 ἐν
1311 4811 1379 4882 τῇ
1434 4805 1863 4861 ἀποκαταστάσει

241 4891 550 4983 δυνήσονται
603 4910 771 4963 πάντα
817 4905 885 4960 τα
939 4901 1137 4976 λογικά
1198 4898 1364 4973 μέχρι
1404 4896 1497 4951 καὶ
1569 4891 1864 4983 δαιμόνων,

243 4977 585 5075 δημιουργεῖν
641 4995 860 5058 αἰῶνας,
911 4995 999 5046 καὶ
1039 4990 1123 5044 ὅτι
1169 4982 1505 5075 αἰθέριαγκαὶ
1548 4977 1863 5075 σφαιροειδῆ

242 5069 523 5165 ἐγείρονται
579 5087 738 5158 ἡμῶν
795 5083 862 5137 τὰ
910 5078 1134 5152 σώματα
1165 5075 1217 5131 ἐν
1257 5079 1326 5147 τῇ
1375 5074 1679 5128 ἀναστάσειο
1724 5069 1865 5124 οὕτω

242 5154 352 5254 γάρΙ
395 5176 484 5230 καὶ
529 5175 592 5229 τὸ
627 5154 736 5228 ’τοῦ
798 5166 994 5244 Κυρίου
1043 5163 1200 5246 φασὶν
1261 5159 1548 5254 έγηγέρθαι
1579 5178 1593 5192 °
1643 5158 1733 5215 καὶ
1783 5154 1865 5213 ὅτι

243 5250 341 5322 iaci
367 5264 512 5320 αὐτῶ
543 5261 595 5318 ἐν
616 5264 686 5336 τῇ
717 5258 1145 5316 ἀποκαταστάσει
1173 5250 1452 5327 γινόμεθα.

307 5452 404 5508 Τοῦ
455 5442 728 5521 Κυρίλλου
784 5439 862 5512 δὲ,
892 5438 959 5497 Τί
1002 5435 1160 5508 δῆτα,
1206 5437 1401 5508 Πάτερ,
1447 5429 1862 5506 ἐπανερομένου,

249 5543 316 5618 μή
361 5541 482 5604 τοὺς
532 5537 821 5598 τοσούτους
878 5533 1010 5608 ὑπὲρ
1061 5530 1254 5606 ἀρετῆς
1297 5523 1592 5596 ἀνέτλησαν
1642 5521 1862 5585 πόνους.

307 5719 408 5790 (t0)
446 5716 570 5774 Vide
592 5709 984 5772 Tertullianum
1014 5705 1264 5763 adversus
1288 5697 1720 5759 Valentim’anos.

1976 4616 2492 4683 habebimus,esse
2524 4614 2748 4686 penitus
2775 4613 2847 4669 ad
2895 4611 3197 4668 interitum
3243 4615 3506 4678 ventura,
3548 4613 3606 4666 et

1973 4705 2181 4763 Christi
2213 4704 2407 4776 primi.
2439 4703 2652 4760 Dicunt
2670 4700 3008 4757 Trinitatem
3042 4715 3156 4754 non
3184 4699 3366 4754 fuisse
3409 4695 3613 4752 mundi

1975 4795 2238 4868 opificem
2268 4817 2284 4851 :
2315 4797 2372 4850 et
2419 4793 2574 4866 quod
2606 4791 2666 4847 in
2717 4787 3084 4847 restitutione
3132 4791 3406 4858 poterunt
3449 4800 3610 4856 quaa-

1975 4899 2196 4955 cunque
2226 4887 2368 4940 sunt
2397 4884 2620 4938 ratione
2653 4879 2913 4952 praedita,
2966 4876 3141 4930 etiam
3191 4875 3262 4930 ad
3311 4873 3610 4930 daemones

1976 4989 2180 5045 usque,
2213 4970 2482 5028 fabricari
2503 4985 2692 5027 mones
2723 4969 2850 5040 (19),
2884 4968 2941 5022 id
2973 4971 3078 5031 est,
3109 4963 3319 5021 saecula
3352 4979 3367 5018 :
3419 4964 3608 5037 quod-

1975 5078 2086 5133 que
2124 5061 2183 5116 in
2210 5060 2655 5127 resurrectione,
2677 5057 2924 5113 estherea
2945 5059 3281 5111 surrectura
3311 5057 3448 5108 sunt
3477 5069 3610 5108 cor-

1976 5167 2118 5224 pora
2145 5154 2365 5215 nostra,
2395 5153 2452 5204 et
2482 5147 2839 5219 sphaerarum
2860 5144 3110 5216 speciem
3141 5141 3448 5198 referentia
3483 5158 3496 5197 :
3526 5140 3611 5197 sie

1975 5239 2132 5296 enim
2171 5242 2228 5295 et
2274 5239 2469 5310 ipsum
2515 5235 2748 5294 Domini
2791 5249 2999 5306 corpus
3053 5231 3214 5287 aiunt
3243 5230 3610 5288 surrexisse:

1974 5345 2197 5401 nosque
2228 5329 2456 5385 futuros
2483 5326 2536 5382 ei
2574 5341 2744 5396 pares
2773 5323 2834 5381 in
2864 5321 3254 5380 restitutione.

2045 5417 2256 5493 Cyrillo
2311 5421 2506 5474 autem
2561 5429 2795 5472 rursum
2848 5411 3258 5484 interroganti,
3306 5409 3454 5478 Quid
3505 5409 3609 5481 ila,

1976 5509 2160 5576 Pater,
2199 5523 2314 5565 non
2349 5522 2452 5578 pro
2490 5503 2701 5562 virtute
2744 5507 2829 5562 tot
2875 5501 3184 5562 subierunt
3227 5499 3472 5572 labores,
3503 5499 3604 5559 sed
