4124 6270
195 314 342 375 937

1603 329 1788 391 VITA
1833 329 1893 393 S.
1941 332 2251 395 CYBIACI
3508 341 3623 401 938

300 471 607 581 Oﬁtw‘p‘s‘v
655 472 746 581 οῦν
796 479 825 533 6
874 480 1339 581 Gaioq‘Kuptazmc,
1368 485 1457 542 καὶ
1493 487 1689 562 ὁμιλίᾳ
1738 510 1858 545 τοι·

2043 491 2281 550 Divinus
2295 493 2488 565 itaque
2500 493 2795 565 Cyriacus,
2809 510 2941 552 cum
2957 496 3298 568 hujusmodi
3315 498 3613 572 colloquio

207 562 500 659 αὕτη-καὶ
559 562 895 659 διηγήμασιν
956 568 1178 659 ,ἡδονῆς
1251 577 1352 646 τήν
1424 577 1630 634 ἐκείνου
1683 584 1867 654 ψυχὴν

1998 585 2036 637 ιι
2064 562 2497 639 narrationibus
2526 562 2604 639 ita
2633 562 2791 639 illius
2832 562 3087 643 animam
3118 588 3415 659 voluptate
3445 562 3613 644 ccm-

212 647 563 721 διαπλήσας,
623 654 888 712 ἀπέλυσεν
947 658 999 715 ἑν
1048 661 1262 738 εἰρήνῃ.
1326 665 1550 736 Ἐπειδὴ
1618 647 1871 725 δὲ’ὅῄτε

1998 670 2212 739 ιΙοεεοῑ,
2261 670 2321 726 in
2370 687 2508 741 pace
2555 672 2797 728 dimisit.
2843 674 3080 737 Quando
3130 647 3341 740 autem,
3389 681 3448 730 et
3494 676 3621 746 ipse

212 748 337 799 τῶν
367 747 686 817 Ὢριγένους
731 748 915 819 νόμων
959 746 1191 819 ἀκριϐὴς
1241 752 1410 830 φύλαξ
1456 755 1722 832 αἰσχίστῳ
1781 758 1869 814 τέ-

1999 774 2167 829 egum
2217 758 2483 829 Origeuis
2531 758 2780 831 diligens
2834 771 3048 828 custos,
3098 762 3360 829 Nonnus,
3412 765 3623 834 turpis-

221 835 316 892 λει
365 839 463 906 τήν
513 839 699 917 ψυχὴν
755 836 1025 913 ἀπὲῥρήξε
1074 842 1298 911 Νόννος,
1331 844 1365 914 ἤ
1410 866 1467 900 τε
1498 846 1657 920 ἰσχὺς
1694 847 1867 903 αὐτῶν

1998 846 2126 902 timo
2175 847 2331 902 exitu
2379 848 2557 902 vitam
2596 849 2850 919 abrupit,
2890 849 3199 921 fractisque
3231 851 3466 906 fuerunt
3495 866 3621 905 om-

217 926 409 981 ἅπασα
435 924 657 997 διελύτη
694 946 707 959 ·
757 928 846 982 καὶ
878 929 906 983 6
938 929 1072 1003 πρὸς
1102 932 1227 992 τοὺς
1258 930 1578 1007 ὀρθοδόξους
1620 933 1873 1012 ἐλώφησε

1998 952 2081 991 188
2138 951 2339 991 eorum
2397 935 2585 1003 vires;
2646 940 2702 991 et
2771 939 3018 993 cessavit
3075 938 3293 993 bellum
3352 939 3625 995 adversus

216 1014 476 1089 πόλεμος
510 1036 522 1049 ⁸
574 1019 661 1072 καὶ
703 1022 820 1073 κατ’
852 1016 1117 1088 ἀλλήλων
1157 1021 1543 1095 [καταλλήλων
1589 1028 1646 1099 2]
1679 1025 1870 1081 ἐκεῖνοι

1998 1024 2367 1092 ›τιΙ]οάοχοε;
2418 1029 2475 1080 et
2524 1025 2606 1080 illi
2660 1026 2811 1082 inter
2875 1042 3003 1082 sese
3054 1027 3249 1098 praelia
3295 1028 3522 1084 cierunt
3568 1031 3625 1081 et

219 1105 330 1172 τήν
364 1102 550 1179 μάχην
590 1105 837 1167 καὶτοὺς
884 1104 1161 1170 κινδύνους
1199 1107 1448 1180 ἐκίνησαν
1483 1132 1494 1144 ·
1538 1112 1624 1167 καῖ
1666 1112 1871 1168 πολλοὶ

1998 1115 2275 1184 )ει’ἱουΙα;
2324 1115 2605 1187 multique
2647 1117 2704 1172 in
2757 1117 3085 1173 Charitonis
3132 1120 3406 1189 spelaeum
3440 1121 3619 1177 venti-

222 1190 283 1246 ἐν
340 1197 420 1265 τῷ
463 1198 565 1249 τοῦ
606 1195 922 1268 Χαρίτωνος
951 1203 1247 1270 φοιτῶντες
1294 1200 1573 1274 σπηλαίῳ,
1607 1200 1705 1257 οὐκ
1756 1200 1874 1257 ὁλί-

1998 1212 2199 1271 :antes,
2258 1220 2373 1259 non
2434 1221 2672 1275 parvam
2745 1206 2939 1260 divino
2996 1207 3231 1278 Cyriaco
3291 1208 3617 1265 molestiam

227 1302 341 1356 γην
380 1286 461 1355 τῷ
502 1282 631 1355 θείῳ
681 1288 930 1357 Κυριακῷ
977 1292 1247 1362 παρεῖχον
1298 1290 1396 1358 τὴν
1448 1288 1712 1368 ὄχλησιν,
1772 1294 1871 1361 τήν

1998 1291 2347 1358 exhibebant,
2398 1293 2525 1363 ejus
2575 1293 2872 1349 silentium
2922 1299 2979 1349 et
3043 1296 3299 1366 quietem
3348 1295 3625 1352 intertur-

227 1371 473 1446 ἡσυχίαν
550 1371 1015 1445 ἑπιταράττοντες,
1080 1374 1169 1431 ἐπὶ
1245 1378 1336 1432 τὸν
1409 1381 1694 1452 Σουσακίμ
1755 1381 1874 1456 [τοῦ

1998 1384 2229 1446 nantes;
2259 1380 2328 1434 ad
2370 1380 2634 1435 Susacim
2680 1397 2915 1436 rursum
2965 1383 3175 1437 recedit
3205 1382 3326 1455 (20)
3358 1400 3492 1440 cum
3526 1400 3626 1441 no-

232 1461 547 1532 Σουσακεὶμ
590 1468 613 1517 1
667 1464 762 1520 hic
793 1467 846 1521 et
891 1465 1069 1539 infra]
1125 1465 1404 1542 ἀναχωρεῖ
1448 1466 1636 1537 πάλιν,
1684 1465 1874 1524 ἔνατον

229 1546 345 1619 ἤδη
377 1549 468 1604 καὶ
504 1548 847 1621 ἐνενηκοστὸν
876 1549 995 1613 ἔτος
1024 1559 1123 1623 τῆς
1175 1555 1397 1625 ἡλικίας
1448 1556 1641 1617 ἀνύων.
1692 1557 1877 1614 Ἐκεί-

228 1659 330 1693 νου
382 1639 477 1711 μὶν
527 1636 593 1709 δὴ
646 1638 841 1717 ὄγδοον
892 1640 945 1697 ἒν
976 1642 1121 1712 αὐτῷ
1151 1641 1618 1718 διαμεμενηκότος
1647 1647 1873 1722 χρόνον,

231 1724 504 1800 λαμϐάνει
543 1730 624 1791 τίς
668 1751 801 1786 ποτε
848 1733 940 1786 τὸν
992 1730 1271 1808 Κύριλλον
1313 1734 1481 1797 πόθος
1508 1742 1611 1804 τῆς
1642 1740 1739 1792 τοῦ
1771 1740 1876 1793 Κυ-

1984 1484 2127 1525 num
2152 1468 2277 1538 jam
2311 1471 2368 1524 et
2405 1469 2847 1540 nonagesimum
2877 1472 3058 1527 :etatis
3087 1487 3308 1527 annum
3343 1472 3620 1543 expleret.

1984 1554 2129 1611 Cum
2161 1560 2355 1611 autem
2387 1556 2483 1611 ille
2514 1561 2642 1613 octo
2673 1557 2733 1612 in
2763 1573 2830 1613 eo
2863 1558 3174 1614 mansisset
3209 1576 3415 1627 annos,
3446 1560 3625 1631 Cyril-

1985 1644 2103 1700 lum
2169 1644 2482 1717 aliquando
2542 1646 2777 1702 incessit
2843 1646 3195 1703 desiderium
3247 1648 3626 1704 conveniendi

1985 1734 2222 1805 Cyriaci.
2258 1734 2320 1789 In
2363 1733 2585 1789 [auram
2620 1734 2816 1806 itaque
2844 1740 3003 1791 Suca
3035 1736 3298 1803 veniens,
3333 1753 3398 1791 ac
3448 1736 3627 1806 hujus

233 1820 428 1891 ριακοῦ
472 1817 716 1891 ὁμιλίας.
774 1822 877 1877 Καὶ
938 1820 1014 1883 εἷς
1070 1825 1170 1892 τήν
1248 1822 1451 1893 λαύραν
1528 1823 1704 1889 ἐλθὼν
1779 1829 1876 1880 τοῦ

1998 1821 2335 1892 iiscipulum
2392 1822 2678 1879 Joannem
2743 1840 3074 1891 assumens,
3133 1824 3306 1880 ambo
3367 1824 3627 1880 Susacim

234 1911 452 1968 Σουκᾶς
499 1907 589 1962 καὶ
634 1909 726 1962 τὸν
771 1908 970 1964 τούτου
1022 1914 1273 1984 μαθητὴν
1316 1912 1573 1983 Ἰωάννην
1622 1912 1874 1988 παραλα-

236 1992 378 2065 ϐὼν,
431 1996 521 2052 τὸν
581 2001 862 2071 Σουσακὶμ
916 1998 1083 2077 ἄμφω
1167 1998 1674 2075 καταλαμϐάνουσιν
1707 2023 1721 2036 θ
1781 2002 1879 2059 οὐκ

236 2080 494 2152 ἔλαττον,
537 2087 572 2156 ἢ
624 2087 945 2159 ἐνενήκοντα
1012 2088 1261 2154 σταδίους
1326 2099 1426 2162 τῆς
1489 2090 1692 2167 λαύρας
1775 2094 1878 2148 ἀπ·-

235 2175 457 2250 ἑχοντα.
490 2176 577 2238 Ὧς
621 2176 715 2232 οῦν
747 2177 986 2247 πλησίον
1038 2179 1291 2255 ἐγένοντο
1340 2179 1474 2252 ἤδη,
1515 2180 1655 2237 λέων
1695 2181 1879 2244 αὐτοῖς

240 2276 461 2338 μεγεθει
504 2266 755 2342 μέγιστος
794 2268 884 2321 καὶ
933 2262 1311 2343 φοϐερώτατος
1361 2268 1490 2326 ἰδεῖν
1551 2272 1879 2342 ὑπαντήσας,

236 2347 514 2426 διετάραξέ
561 2374 619 2408 τε
672 2354 764 2408 τὸν
830 2353 1127 2429 Κύριλλον,
1188 2355 1369 2432 ὥσπερ
1428 2356 1596 2426 εἶκὸς,
1655 2358 1746 2413 καὶ
1805 2358 1880 2421 εἰς

235 2438 362 2503 δέος
418 2437 686 2499 ἐνέϐαλεν.
738 2442 898 2500 Οὕτω
972 2444 1151 2499 τοίνυν
1220 2446 1248 2500 6
1316 2448 1567 2519 μαθητὴς
1624 2444 1879 2517 Ἰωάννης

232 2528 441 2608 ἔχοντα
469 2531 559 2585 τὸν
583 2529 749 2606 ἄνδρα
781 2528 933 2596 ἰδὼν,
966 2533 1058 2601 Μὴ
1102 2530 1292 2603 δέδιθι,
1322 2530 1448 2613 ἔφη.
1482 2534 1586 2592 Καὶ
1646 2536 1673 2591 6
1719 2533 1880 2604 λέων,

233 2618 313 2680 ὡς
352 2620 490 2694 πρὸς
532 2620 626 2675 τὸν
676 2614 828 2695 ἅγιον
861 2618 1060 2685 αὖτοὺς
1095 2620 1352 2684 ἀπιόντας
1402 2620 1565 2697 ἔγνω,
1597 2621 1777 2692 ὑπεῖξὲ
1821 2644 1881 2678 τε

233 2712 339 2775 τῆς
388 2706 515 2765 ὁδοῦ
565 2708 738 2779 εὐθὺς,
787 2710 878 2764 καὶ
928 2709 1082 2765 αὐτοὶ
1131 2712 1311 2766 κακῶν
1343 2711 1565 2775 ἀπαθεῖς
1616 2709 1870 2780 διῆλθον.

233 2798 480 2862 Τούτους
534 2800 570 2867 ἡ
627 2800 747 2872 ἱερά
795 2796 1006 2877 κεφαλὴ
1088 2797 1264 2869 ἐκείνη
1331 2801 1657 2871 θεασαμένη,
1717 2802 1881 2875 ὑπερ-

239 2888 384 2957 ήσθη
440 2906 499 2941 τε
546 2884 755 2955 αὐτίκα,
787 2886 878 2940 καὶ
934 2883 1038 2954 ἡδὺ
1092 2885 1287 2947 αὐτοὺς
1315 2887 1405 2941 καὶ
1437 2886 1638 2941 οἰκεῖον
1672 2884 1880 2958 ἰδοῦσα,

241 2971 618 3048 πρεσϐυτικῶς
681 2972 738 3029 εῦ
791 2973 939 3046 μάλα
996 2976 1083 3029 καὶ
1138 2974 1462 3052 χαριέντως,
1520 2973 1683 3044 Ἰδοὺ,
1726 2977 1881 3052 φησὶ,

241 3064 334 3118 καὶ
381 3064 408 3119 6
455 3056 923 3138 συγκοινοϐιώτης
973 3082 1068 3136 μοι
1119 3064 1248 3135 [μου
1300 3066 1353 3137 1]
1395 3062 1689 3137 Κύριλλος.
1750 3065 1882 3121 Εἶτα

241 3151 553 3226 παραμίξας
626 3173 678 3207 τι
755 3151 846 3206 καὶ
902 3149 1123 3215 παιδιᾶς
1205 3152 1233 3206 ὀ
1291 3154 1543 3225 μαθητὴς
1574 3152 1828 3222 Ἰωάννης
1864 3170 1877 3183 ·

1988 1911 2351 1985 perveniunt,
2383 1913 2482 1983 qui
2513 1912 2675 1969 locus
2706 1930 2821 1969 non
2851 1914 3045 1970 minus
3075 1930 3252 1985 quam
3309 1914 3628 1985 nonaginta

1987 2001 2179 2059 stadia
2209 2002 2410 2057 aberat
2454 2018 2486 2057 a
2529 2000 2711 2057 laura.
2746 2001 2890 2057 Cum
2940 2007 3134 2058 autem
3164 2003 3541 2058 adventarent
3570 2004 3628 2057 et

1990 2107 2164 2163 prope
2184 2093 2313 2160 jam
2344 2095 2558 2157 essent,
2585 2091 2671 2146 leo
2708 2090 2853 2163 ipsis
2893 2090 3285 2162 magnitudine
3311 2091 3627 2157 maximus,

1988 2180 2234 2251 visuque
2248 2178 2733 2246 terribilissimus,
2747 2195 3077 2246 occurrens,
3092 2178 3392 2251 Cyrillum,
3410 2187 3473 2233 ut
3493 2195 3628 2234 con-

1991 2272 2334 2323 sentaneum
2396 2272 2508 2333 est,
2557 2268 2941 2337 conturbavit,
2991 2272 3048 2323 et
3114 2268 3174 2323 in
3223 2274 3444 2324 metum
3498 2283 3631 2322 con-

1988 2356 2145 2427 iecit.
2176 2361 2314 2412 Cum
2347 2356 2523 2427 igitur
2564 2356 2889 2428 discipulus
2934 2359 3189 2412 Joannes
3222 2356 3300 2410 ita
3351 2355 3625 2410 allectum

1989 2446 2179 2501 virum
2230 2445 2511 2501 vidisset:
2570 2445 2651 2501 Ne
2700 2450 2912 2513 metue,
2972 2444 3182 2515 inquit.
3250 2444 3359 2499 Leo
3412 2448 3630 2508 autem,

1992 2541 2057 2590 ut
2085 2552 2184 2591 eos
2214 2535 2288 2591 ad
2314 2540 2580 2591 sanctum
2629 2540 2834 2591 euntes
2865 2536 3119 2605 agnovit,
3151 2533 3245 2588 via
3292 2534 3466 2589 cessit
3498 2550 3632 2605 pro-

1992 2624 2168 2689 tinus,
2210 2628 2267 2678 et
2315 2622 2425 2693 ipsi
2473 2624 2758 2679 malorum
2805 2623 3101 2677 immunes
3150 2622 3634 2693 pertransierunt.

1988 2711 2103 2767 Hos
2149 2727 2281 2766 cum
2327 2727 2559 2768 sacrum
2616 2710 2755 2766 illud
2802 2717 2974 2782 caput
3027 2713 3370 2779 aspexisset,
3426 2727 3630 2781 supra-

1988 2799 2229 2855 modum
2247 2800 2442 2856 statim
2465 2800 2676 2871 gaudio
2698 2800 3018 2855 oblectatus
3039 2805 3146 2865 est,
3172 2815 3389 2871 eosque
3415 2799 3631 2855 blande

1990 2904 2056 2942 ac
2084 2887 2358 2943 benevole
2405 2889 2658 2957 intuens,
2703 2887 2963 2943 seniliter
3005 2886 3150 2943 bene
3198 2887 3369 2957 plane
3419 2904 3484 2942 ac
3531 2902 3635 2941 ve-

1991 2980 2184 3040 nuste,
2217 2976 2377 3043 Ecce,
2427 2976 2634 3047 inquit,
2666 2975 3067 3032 concmnobita
3111 2991 3278 3031 meus
3309 2975 3419 3047 (21)
3455 2975 3639 3045 Cyril-

1990 3063 2099 3119 lus.
2135 3063 2351 3119 Deinde
2400 3064 2665 3120 nonnihil
2718 3082 2952 3138 quoque
2994 3064 3114 3135 joci
3168 3064 3502 3120 admiscens
3543 3064 3640 3118 di-

1991 3150 2252 3222 scipulus
2287 3152 2541 3208 Joannes
2575 3169 2587 3208 :
2623 3154 2731 3209 Sed
2760 3170 2915 3218 eum,
2952 3153 3161 3224 inquit,
3195 3153 3384 3217 Pater,
3422 3152 3637 3208 mirum

242 3214 421 3301 Ἀλλά
472 3214 688 3311 Ζτοῦτον,
745 3241 912 3315 εἶπεν,
962 3243 991 3297 6
1042 3242 1204 3311 λέων,
1265 3214 1461 3317 ήάτὲρ,
1500 3214 1698 3304 ’δεινῶς
1756 3214 1879 3319 ἐφό-

1998 3240 2049 3297 in
2095 3240 2335 3296 modum
2381 3240 2467 3296 leo
2515 3243 2745 3308 terruit,
2779 3241 3204 3312 manifestoque
3251 3256 3465 3311 pavore
3504 3255 3633 3311 per-

242 3330 394 3403 ϐησε,
453 3334 544 3390 καὶ
620 3331 799 3390 δειλὸν
875 3331 1117 3405 ἀπέδειξε
1173 3338 1436 3411 φανερῶς.
1464 3334 1529 3393 Ἦ
1588 3331 1645 3389 δὶ
1720 3331 1884 3409 ἱλαρά

240 3425 395 3500 ψυγὴ
429 3421 607 3493 ἒκείνη
644 3442 657 3457 °
696 3423 768 3477 Σὺ
802 3420 861 3477 δὲ
889 3420 1038 3478 ἀλλά
1078 3424 1154 3496 μή
1186 3418 1381 3502 φοϐοῦ,
1413 3423 1552 3495 εἶπε,
1582 3423 1769 3479 τέκνον
1804 3442 1817 3456 ’
1855 3423 1884 3478 6

242 3515 347 3591 γὰρ
426 3510 563 3569 λέων
636 3512 797 3575 οὗτος
866 3510 1095 3568 ἐνταῦθά
1167 3533 1261 3587 μοι
1349 3511 1648 3587 παραμένει
1710 3511 1884 3590 φύλαξ

244 3597 477 3676 ἀκριϐής
530 3607 638 3657 τῶν
696 3602 951 3677 λαχάνων
997 3621 1011 3635 ·
1050 3602 1142 3657 καὶ
1193 3601 1321 3657 οὕτε
1374 3602 1555 3673 θηρίῳ
1608 3601 1884 3680 εἶσφοιτᾷν

248 3696 524 3765 συγχωρεῖ
575 3687 774 3758 066svl,
815 3687 943 3745 οὐδὲ
995 3688 1191 3766 ἀγρίου
1239 3689 1394 3765 αἰγὸς
1450 3687 1667 3767 ἔφοδον,
1711 3688 1886 3762 οἶμαι,

248 3778 316 3834 τά
354 3777 575 3856 λάχανα
613 3774 808 3846 δέδιεν,
849 3774 1216 3853 ἑγρηγορότος
1248 3781 1344 3833 τοῦ
1384 3776 1647 3854 φύλακος.

325 3866 457 3924 Εἶτα
512 3862 700 3921 πολλά
754 3864 878 3939 περὶ
925 3868 1033 3921 τῶν
1076 3866 1211 3920 κατά
1248 3868 1348 3937 τήν
1387 3860 1593 3940 ἔρημον
1634 3865 1886 3941 Πατὲρων

256 3953 558 4029 διεξελθὼν,
597 3952 686 4008 καὶ
740 3952 907 4027 ταύτῃ
964 3950 1341 4027 διαναστήρας,
1379 3954 1469 4009 καὶ
1524 3955 1886 4025 κινητικώτα-

251 4064 368 4112 τον,
408 4044 519 4099 οἶον
570 4041 648 4105 εἷς
707 4042 925 4117 ἀρετὴν,
978 4043 1162 4105 αὐτοῖς
1218 4037 1393 4117 ἔρωτα
1444 4039 1720 4115 ἐμϐαλὼν,
1758 4046 1887 4120 τράο

253 4138 414 4204 πεζαν
477 4130 851 4209 παρατίθησιν.
895 4133 1155 4189 Ἐνταῦθα
1210 4133 1237 4187 6
1293 4130 1431 4188 λέων
1480 4131 1779 4207 ἐφίσταται.
1833 4135 1890 4187 ’0

255 4220 312 4279 δὲ
345 4227 425 4293 τῷ
462 4222 637 4297 θηρίῳ
678 4222 772 4293 μὶν
813 4217 973 4296 ἄρτον
1022 4241 1081 4275 τε
1118 4224 1189 4295 τῇ
1230 4220 1383 4299 χειρὶ
1421 4220 1617 4296 ὀρὲγεί,
1657 4220 1747 4275 καὶ
1804 4219 1882 4284 είς

255 4310 499 4390 φυλακὴν
540 4310 732 4387 ἀφίησι
768 4314 874 4365 τῶν
917 4309 1196 4384 λαχάνων.
1249 4309 1391 4382 Πρὸς
1433 4305 1491 4362 δὲ
1524 4308 1652 4368 τοὺς
1693 4328 1894 4382 συγκα-

253 4399 694 4471 τακεκλιμὲνους,
755 4396 981 4471 Ἀγαθόν
1046 4415 1131 4469 γε,
1210 4396 1254 4449 ὧ
1326 4396 1507 4464 τὲκνα,
1582 4394 1719 4466 εἷπε,
1794 4398 1891 4451 τοῦ

256 4488 426 4565 ἀγροῦ
464 4485 681 4564 φύλακα
717 4487 1008 4555 κέκτημαι.
1049 4479 1190 4541 Οὔτε
1225 4484 1326 4558 γάρ
1389 4484 1588 4549 ἄρκτος
1643 4483 1890 4556 ἐνταῦθα,

1992 3329 2150 3386 culit.
2183 3328 2395 3384 Hilaris
2422 3335 2612 3384 autem
2638 3328 2740 3383 illa
2769 3329 2967 3384 anima
2995 3344 3008 3383 :
3040 3331 3112 3384 At
3141 3333 3226 3397 tu,
3262 3327 3379 3384 noli
3411 3329 3636 3394 timere,

1990 3418 2206 3491 inquit,
2238 3415 2319 3472 fili
2346 3433 2360 3473 :
2387 3418 2476 3473 Ieo
2507 3416 2660 3473 enim
2692 3417 2800 3473 iste
2826 3416 2920 3472 hic
2954 3416 3095 3471 mihi
3131 3422 3349 3485 manet,
3380 3416 3630 3488 diligens

1993 3511 2192 3562 custos
2240 3506 2483 3573 olerum,
2535 3506 2632 3577 qui
2683 3504 2909 3561 nullam
2956 3505 3131 3561 feram
3182 3504 3406 3576 ingredi
3449 3504 3639 3562 sinit:

1994 3598 2348 3667 quaprOpter
2376 3610 2482 3651 nec
2502 3594 2745 3666 agrestis
2776 3609 2998 3664 caprea»
3028 3593 3355 3660 incursum,
3382 3597 3446 3647 ut
3477 3596 3639 3664 puto,

1993 3682 2297 3738 timuerint
2325 3682 2498 3749 olera,
2532 3683 2638 3739 hoc
2679 3681 2953 3755 vigilante
2985 3682 3248 3738 custode.

2068 3863 2281 3918 Deinde
2323 3877 2458 3917 cum
2512 3860 2696 3917 multa
2744 3862 2814 3917 de
2863 3860 3154 3925 Patribus.
3197 3861 3295 3933 qui
3343 3861 3403 3916 in
3452 3875 3640 3917 eremo

1994 3951 2300 4023 degebant,
2335 3955 2651 4016 narrasset,
2684 3967 2749 4006 ac
2790 3950 2874 4006 sic
2924 3950 3007 4006 eis
3054 3950 3283 4007 animos
3315 3949 3641 4019 excitasset,

1996 4040 2477 4110 acerrimumque,
2534 4056 2668 4109 erga
2717 4039 2995 4095 virtutem
3044 4038 3332 4103 videlicet,
3381 4054 3639 4094 amorem

1996 4128 2362 4194 incussisset,
2396 4143 2656 4183 mensam
2708 4128 2967 4197 apponit.
3002 4127 3107 4182 Hic
3152 4126 3243 4181 leo
3291 4127 3638 4197 supervenit.

1998 4216 2101 4272 Ille
2145 4219 2340 4269 autem
2389 4214 2586 4269 bestia:
2647 4230 2855 4283 panem
2903 4231 3081 4270 manu
3143 4214 3408 4286 porrigit,
3459 4218 3516 4268 et
3567 4214 3639 4269 ad

2003 4301 2228 4357 olerum
2274 4301 2592 4357 custodiam
2648 4301 2911 4356 remittit.
2953 4302 3037 4356 Ad
3078 4302 3493 4357 accumbentes
3534 4317 3642 4356 au-

1997 4394 2159 4446 tem:
2210 4389 2425 4458 Habeo,
2478 4388 2578 4455 ait,
2629 4405 2663 4444 o
2709 4388 2838 4455 filii,
2870 4389 3090 4445 bonum
3144 4390 3265 4459 agri
3314 4391 3639 4447 custodem.

1997 4477 2195 4551 Neque
2240 4477 2395 4533 enim
2428 4477 2522 4533 hic
2551 4493 2743 4544 ursus,
2777 4493 2966 4548 neque
3018 4477 3132 4533 alia
3176 4478 3465 4551 quaepiam
3500 4479 3639 4547 fera,

259 4573 383 4632 οὖδὶ
412 4572 602 4650 θηρίον
627 4572 768 4630 ἄλλο
796 4593 873 4644 τι,
913 4571 1041 4628 ἀλλ’
1069 4568 1198 4627 οὐδὲ
1244 4569 1475 4647 λῃστὴς,
1515 4570 1639 4629 οὐδὲ
1679 4568 1883 4649 βάρϐα-

1998 4568 2093 4624 sed
2130 4581 2313 4638 neque
2336 4567 2549 4637 prado,
2582 4582 2773 4639 neque
2828 4566 3107 4623 barbarus
3155 4583 3254 4623 eos
3305 4568 3401 4637 qui
3433 4582 3641 4639 agrum

260 4683 351 4739 ρος
403 4668 521 4725 τοῖς
586 4666 842 4737 παριοῦσι
898 4662 988 4717 τὸν
1044 4661 1209 4735 ἀγρὸν
1274 4661 1588 4717 ἐπιτίθεται.
1652 4662 1884 4731 Κολάζει

257 4752 355 4829 γὰρ
394 4751 483 4807 καί
526 4754 610 4826 [in
635 4752 820 4810 codice
853 4756 889 4808 2
916 4754 1165 4810 deletum
1203 4759 1281 4810 est
1317 4752 1431 4827 καί]
1471 4751 1666 4816 αὐτοὺς
1707 4749 1896 4814 δεινῶς

258 4841 343 4897 καὶ
384 4838 689 4898 ἀπόλλυσιν
730 4841 758 4897 6
799 4839 960 4898 λὲων.

327 4931 465 4993 Τοῖς
507 4929 603 5002 μὶν
644 4926 736 4983 οῦν
776 4928 914 4999 ὅλην
953 4928 1081 5001 παρ’
1119 4927 1266 5001 αὗτῷ
1302 4929 1513 5002 ἡμέραν
1553 4926 1891 5006 διαγαγοῦσι,

258 5018 344 5074 καὶ
391 5023 492 5086 τῆς
546 5014 903 5080 διδασκαλίας
959 5015 1170 5088 ἐκείνης
1221 5016 1313 5072 καὶ
1362 5024 1463 5087 τῆς
1518 5016 1892 5098 ἔκκεχυμὲνης

259 5105 310 5163 ἐν
366 5112 482 5169 τοῖς
535 5105 751 5183 χείλεσι
794 5104 959 5161 αὐτοῦ
1016 5106 1242 5181 χάριτος
1300 5104 1692 5177 ἀπολαύσασιν,
1734 5106 1890 5162 εὐλο-

257 5195 375 5273 γίας
414 5215 473 5251 τε
512 5193 587 5258 είς
625 5196 725 5264 τὴν
759 5192 884 5268 ἰξῆς
927 5190 1279 5267 μεταδίδωσι,
1319 5194 1410 5249 καὶ
1450 5192 1500 5249 ἐν
1534 5194 1723 5271 εἰρήνῃ
1764 5196 1893 5251 ἀπο-

258 5285 396 5341 λύει.
442 5284 541 5339 Καὶ
596 5285 626 5340 6
664 5282 804 5340 λᾶων
866 5282 1045 5357 ὑπεῖξε
1096 5302 1156 5339 τε
1197 5281 1381 5345 αὐτοῖς
1420 5281 1591 5353 αὖθις,
1636 5284 1728 5341 καὶ
1787 5285 1891 5341 ὑπ-

259 5375 437 5431 έπεσεν
468 5373 705 5443 ἥκοντας
745 5374 1000 5449 [ἥκοντας
1048 5374 1106 5443 2,
1145 5369 1352 5429 εἴκουσι
1394 5372 1469 5447 1],
1499 5376 1589 5431 καί
1643 5379 1743 5443 τῆς
1800 5373 1889 5430 ἐπὶ

256 5464 318 5521 τὰ
346 5464 520 5521 οἰκεῖα
547 5467 835 5543 χαίροντες
867 5463 1109 5540 εἴχοντο.

325 5636 439 5710 (20)
469 5640 724 5694 Exeunte
753 5601 858 5690 566
888 5633 974 5691 vel
1010 5635 1241 5691 ineunte
1271 5634 1394 5691 547.

570 5765 833 5825 Panos.
883 5763 990 5822 Gn.
1039 5764 1212 5824 CXV.

1995 4658 2408 4730 pertranseunt
2457 4655 2700 4710 invadit.
2748 4654 2889 4712 Illos
2937 4672 3191 4727 namque
3238 4655 3452 4713 acriter
3496 4654 3643 4710 ulci-

2003 4745 2182 4803 scitur
2211 4759 2277 4800 ac
2306 4742 2542 4816 perimit
2566 4742 2677 4801 leo.

2069 4926 2211 4983 Cum
2241 4924 2418 4996 igitur
2445 4928 2637 4983 totum
2668 4925 2823 4996 apud
2854 4942 2987 4982 eum
3019 4924 3174 4981 diem
3199 4924 3639 4995 transegissent,

2001 5031 2068 5071 ac
2114 5014 2375 5071 doctrina
2431 5014 2531 5070 illa
2582 5018 2640 5071 et
2697 5014 2908 5071 diﬂ'usa
2955 5014 3015 5069 in
3059 5014 3185 5083 ejus
3234 5012 3406 5069 labiis
3454 5016 3641 5087 gratia

2001 5102 2172 5159 fructi
2202 5107 2416 5170 essent,
2452 5103 2917 5159 benedictionem
2941 5102 3323 5173 imposterum
3356 5103 3636 5175 impertit,

2002 5206 2067 5247 ac
2112 5192 2173 5248 in
2222 5206 2361 5264 pace
2392 5191 2653 5248 dimittit.
2689 5192 2801 5248 Leo
2848 5198 3042 5247 autem
3080 5189 3163 5245 eis
3208 5206 3409 5247 rursus
3439 5192 3639 5258 cessit,

2000 5283 2057 5337 et
2086 5278 2379 5338 blanditus
2403 5285 2526 5349 est;
2559 5280 2760 5352 sicque
2788 5280 2857 5337 ad
2880 5279 3108 5351 propria
3137 5278 3253 5337 laeti
3282 5286 3636 5339 remearunt.

2070 5633 2183 5707 (21)
2211 5630 2455 5707 Cyrillus
2496 5630 2553 5688 in
2602 5632 2801 5689 eodem
2851 5645 2963 5705 quo
3011 5629 3287 5704 Cyriacus
3336 5631 3635 5688 manserat

3242 5754 3321 5813 30
