4124 6270
131 316 270 381 941
1551 313 1739 376 VITA
1784 312 1844 372 S.
1891 313 2224 379 CYltIACl.

3462 332 3581 391 9ῑὲ

132 480 290 549 τινὶ,
343 474 477 535 οὗδὶ
523 475 598 539 εἷς
647 473 846 552 λόγους
901 473 1091 542 ἦλθον.
1151 472 1308 530 Ἀλλ’
1366 471 1524 530 ἄπιτε
1586 478 1678 527 νῦν
1741 475 1830 528 καὶ

1945 474 2001 531 in
2034 475 2281 549 alicujus
2329 494 2710 550 congressum
2770 480 3246 558 colloquiumque
3284 488 3435 546 veni.
3470 490 3581 549 Vos

141 571 355 643 ὑμεῖς,
428 568 519 622 καὶ
580 564 993 642 ἆναστρὲφοντες
1076 561 1432 636 ἐπισκὲψασθὲ
1485 560 1824 639 [ἐπισκέψατὲ

1945 563 2117 635 igitur
2146 582 2305 624 nunc
2333 566 2587 637 abite,et
2606 575 2956 629 revertentes
2987 572 3218 632 invisite
3244 592 3358 633 me.

146 666 209 732 1]
252 679 353 732 με.

252 679 353 732 με.

183 662 471 808 ]Τοότων
520 744 725 802 ἐκεῖνου
775 742 1121 810 ἀκούσαντες,
1176 743 1554 818 ὑποχωροῦσι,
1612 742 1702 796 καὶ
1752 742 1826 804 ὡς

135 840 246 894 τὸν
332 835 600 910 μακάριον
670 831 924 895 ἐλθόντες
1018 833 1305 907 Κυριακὸν,
1391 829 1822 909 ἀπαγγέλλουσιν

136 928 310 999 αὖτῷ
346 924 542 981 πάντα.
574 925 637 980 Ὀ
687 919 745 977 δὶ
793 916 1065 995 ἐθαύμασέ
1103 941 1182 990 τε,
1233 920 1306 982 ὡς
1356 919 1524 991 εἰκός,
1563 920 1651 974 καὶ
1701 920 1827 975 ἐπι-

140 1015 472 1087 σκέψασθαι
518 1008 686 1065 πάλιν
743 1009 913 1077 αὐτὴν
970 1006 1302 1077 ἐπανήκουσι
1354 1012 1469 1069 τοῖς
1531 1012 1823 1080 μαθηταῖς,

136 1103 248 1160 καὶ
295 1102 465 1163 αὐτὸς
514 1100 856 1170 ἐπισκήπτει.
914 1098 991 1154 Τὸ
1059 1096 1333 1166 σπήλαιον
1397 1095 1576 1151 τοίνυν
1636 1095 1686 1150 ἐν
1759 1100 1823 1170 τῇ

144 1191 426 1266 ἐπανόδῳ
480 1186 898 1256 καταλαϐόντες,
963 1189 1053 1243 καὶ
1119 1190 1217 1259 τὴν
1288 1185 1496 1244 εἴσοδον
1563 1190 1699 1244 κατὰ
1761 1190 1825 1245 τὸ

144 1284 403 1354 σύνηθες
471 1282 754 1353 κόψαντες,
822 1276 936 1335 ἐπεὶ
1003 1272 1214 1334 ἔνδοθεν
1283 1272 1457 1352 [ἔνδον
1527 1280 1578 1353 1]
1640 1280 1823 1340 αὐτοῖς

142 1370 498 1447 ἀπεκρίνατο
539 1366 665 1424 οὐδὲ
712 1370 815 1435 εἷς,
864 1365 1228 1443 παρελθόντες
1286 1364 1434 1433 ε’ίσω,
1484 1368 1821 1441 εὑρίσκουσιν

144 1462 331 1531 αὐτὴν
373 1458 483 1530 ἤδη
532 1458 936 1526 τελειωθεῖσαν,
983 1455 1073 1511 καὶ
1119 1456 1181 1510 τὸ
1232 1461 1392 1529 σῶμα
1435 1457 1623 1529 νεκρὸν
1680 1457 1829 1531 παρὰ

145 1553 236 1624 τῷ
280 1547 547 1621 σπηλαίῳ
584 1548 856 1620 κείμενον.
915 1542 1263 1607 Ἀνελθόντες
1313 1544 1407 1599 οὗν
1456 1545 1532 1606 εἰς
1588 1546 1687 1614 τήν
1728 1549 1824 1600 τοῦ

156 1644 357 1697 Σουκᾶ
397 1636 626 1713 λαύραν,
665 1634 754 1691 καὶ
796 1636 933 1690 ὅσων
981 1633 1050 1703 ἦν
1097 1634 1283 1696 αὐτοῖς
1329 1634 1467 1709 πρὸς
1510 1636 1609 1701 τήν
1646 1635 1820 1710 ταφὴν

155 1728 333 1806 χρεία
374 1721 654 1795 λαϐόντες,
703 1718 958 1799 ἔρχονται
1013 1723 1150 1797 πρὸς
1210 1723 1273 1778 τὸ
1312 1720 1585 1793 σπήλαιον
1647 1723 1821 1787 υῦθις⁶

2009 745 2121 813 Illi,
2144 745 2237 802 his
2266 747 2503 818 auditis,
2543 752 2821 808 recedunt
2854 770 2868 808 :
2895 758 2951 809 et
2978 756 3051 812 ab
3100 757 3335 817 beatum
3365 761 3577 831 Cyria-

1936 850 2069 891 cum
2100 836 2394 892 venientes
2423 838 2619 893 omnia
2644 839 2757 910 ipsi
2789 844 3148 901 renuntiant.
3184 847 3306 917 Ille,
3341 854 3404 904 ut
3433 867 3576 908 con-

1935 928 2279 980 sentaneum
2356 930 2499 992 erat,
2562 929 2808 984 miratus
2874 936 2961 987 est
3025 947 3098 999 et,
3156 940 3577 997 revertentibus

1936 1013 2261 1085 discipulis,
2312 1019 2375 1068 ut
2422 1032 2551 1071 eam
2592 1034 2798 1075 rursus
2860 1021 3112 1077 invisant
3145 1028 3403 1083 mandat.
3438 1030 3577 1101 Spe-

1932 1099 2103 1158 lasum
2154 1104 2347 1174 itaque
2393 1106 2451 1160 in
2486 1106 2671 1162 reditu
2705 1112 2879 1178 nacti,
2922 1112 3267 1185 aditumque
3296 1116 3365 1172 de
3421 1099 3579 1175 more

1936 1189 2258 1263 pulsantes,
2290 1209 2420 1247 cum
2443 1193 2605 1249 intus
2633 1212 2799 1253 nemo
2832 1215 2983 1254 unus
3008 1202 3149 1272 ipsis
3182 1206 3576 1275 responderet,

1935 1278 2276 1351 introgressi
2331 1282 2635 1338 inveniunt
2684 1301 2799 1340 eam
2842 1288 2967 1356 jam
3026 1290 3142 1346 vita
3190 1292 3474 1363 functam,
3522 1299 3581 1351 et

1935 1383 2147 1437 corpus
2194 1369 2458 1425 exanime
2500 1371 2558 1425 in
2614 1373 2887 1442 spelunca
2910 1377 3137 1445 jacens.
3180 1383 3574 1440 Ascendentes

1936 1455 2117 1527 igitur
2155 1458 2214 1511 in
2264 1462 2429 1512 Sucaa
2467 1458 2717 1527 lauram,
2744 1468 2801 1517 et
2839 1466 3037 1522 omnia
3075 1468 3285 1536 quibus
3326 1470 3471 1540 ipsis
3502 1474 3575 1527 ad

1933 1545 2294 1615 sepulturam
2328 1562 2472 1603 usus
2519 1556 2640 1604 erat
2670 1558 3055 1623 assumentes,
3089 1571 3294 1611 rursus
3338 1558 3412 1614 ad
3442 1576 3573 1631 spe-

1934 1632 2101 1689 lmum
2133 1634 2373 1690 veniunt
2407 1651 2419 1689 :
2451 1643 2506 1692 et
2553 1652 2674 1708 quae
2708 1640 2778 1696 de
2823 1656 2981 1698 more
3014 1643 3154 1699 ﬁunt
3201 1661 3374 1715 super
3403 1647 3575 1703 beata

1934 1726 2299 1794 peragentes,
2323 1723 2562 1779 domum
2594 1726 2646 1781 ei
2671 1726 2889 1784 faciunt
2921 1730 3277 1802 sepulcrum,
3312 1733 3573 1807 reliquiis

86 1832 87 1847 ³
152 1819 253 1873 καὶ
284 1815 605 1877 τελὲσαντες
654 1812 742 1868 ἐπὶ
783 1816 852 1886 τῇ
905 1812 1143 1886 μακαρίᾳ
1186 1811 1254 1866 τὰ
1300 1810 1548 1881 εἰωθότα,
1743 1811 1823 1917 οἱ·

1945 1807 1996 1864 in
2028 1811 2307 1881 spelunca
2333 1809 2461 1882 ipsa
2490 1812 2791 1885 depositis.

155 1908 286 1962 κίαν
346 1904 487 1978 αὐτῇ
535 1905 703 1982 τάφον
740 1905 982 1969 ποιοῦσι,
1020 1901 1156 1976 πρὸς
1220 1899 1367 1973 αὐτῷ
1420 1904 1499 1973 τῷ
1566 1898 1824 1972 σπηλαίῳ

161 1996 228 2052 τὸ
262 1994 526 2069 λείψανον
556 1991 935 2065 καταθέμενοι.

234 2080 404 2140 Ἀλλ’
434 2082 659 2147 ἐνταῦθα
694 2083 789 2156 μὲν
843 2083 991 2155 ἡμᾶς
1042 2080 1105 2136 τὸ
1165 2083 1267 2134 τοῦ
1332 2076 1681 2154 διηγήματος
1747 2076 1827 2149 ἐξ·

2008 2076 2118 2135 Sed
2160 2077 2273 2135 huc
2301 2078 2533 2148 quidem
2568 2096 2672 2136 nos
2698 2082 2951 2137 narratio
2992 2083 3231 2140 deduxit
3262 2085 3575 2155 jucundis-

165 2174 420 2247 ήνεγκεν,
469 2168 691 2240 ἥδιστόν
741 2189 801 2224 τε
839 2169 981 2241 ὁμοῦ
1024 2168 1115 2223 καὶ
1162 2165 1468 2243 ὠφέλιμον.
1518 2168 1828 2222 Ἐπανιτέον

1945 2166 2271 2237 simajuxta
2298 2170 2477 2238 atque
2506 2167 2687 2224 utilis.
2722 2169 2940 2225 Rursus
2971 2173 3164 2227 autem
3212 2173 3577 2230 redeundum

166 2259 229 2316 δὶ
261 2259 433 2315 πάλιν
494 2258 612 2314 ὅθεν
663 2253 948 2327 ἐξέϐημεν.
1009 2253 1241 2331 ’Ὀγδοον
1300 2256 1484 2311 τοίνυν
1530 2254 1724 2310 τούτον
1777 2254 1827 2310 ἂν

1945 2265 2024 2314 est
2052 2258 2210 2314 unde
2239 2257 2723 2331 digressisumus.
2743 2261 2887 2317 Cum
2919 2262 3100 2333 igitur
3129 2268 3395 2320 octavum
3421 2265 3577 2321 hunc

168 2355 254 2423 τῷ
285 2350 574 2420 Σουσακίμ
605 2348 871 2415 ἐνιαυτὸν,
905 2346 1085 2416 ὥσπερ
1134 2342 1367 2422 ἔφημεν,
1423 2350 1517 2400 τοῦ
1565 2345 1830 2417 μακαρίου

1945 2347 1999 2403 in
2056 2348 2320 2405 Susacim
2379 2366 2622 2418 annum,
2673 2354 2737 2407 ut
2793 2352 3069 2423 diximus,
3121 2353 3323 2410 beatus
3382 2355 3578 2426 Cyria-

169 2442 451 2512 Κυριακοῦ
518 2435 862 2507 διηνυκότος,
932 2435 984 2489 οἱ
1036 2439 1136 2503 τῆς
1201 2438 1300 2488 τοῦ
1361 2438 1539 2489 Σουκᾶ
1604 2432 1829 2506 λαύρας,

178 2526 320 2602 μετὰ
386 2527 487 2596 τήν
554 2523 763 2581 τελείαν
829 2528 937 2579 τῶν
991 2523 1060 2578 τὰ
1124 2522 1425 2596 Ὠριγὲνους
1501 2518 1833 2591 δοξαζόντων

177 2613 530 2692 ἀπαλλαγὴν,
572 2612 743 2670 ἐκεῖσε
790 2612 879 2668 καὶ
918 2612 1073 2673 αὖθις
1121 2612 1424 2687 γενόμενοι,
1480 2608 1559 2673 sic
1615 2610 1678 2665 τὸ
1734 2613 1832 2664 τοῦ

177 2703 430 2782 μεγάλου
472 2702 789 2779 Χαρίτωνος
842 2700 1112 2771 σπήλαιον
1162 2699 1321 2754 αὐτὸν
1379 2698 1601 2775 ἤγαγον.
1646 2699 1723 2757 Οὗ
1764 2695 1830 2767 δὴ

183 2794 277 2850 καὶ
308 2796 338 2850 6
389 2793 688 2865 θαυμάσιος
738 2790 1014 2865 Κόριλλος
1069 2782 1383 2861 παρέϐαλλε
1429 2793 1697 2864 συνεχῶς,
1745 2790 1832 2842 καὶ

185 2881 410 2950 πολλὴν
440 2881 586 2952 παρὰ
614 2884 712 2934 τοῦ
759 2878 912 2953 ἁγίου
962 2874 1159 2931 τούτου
1189 2877 1287 2943 τήν
1326 2881 1427 2943 τῆς
1474 2873 1670 2947 ἀρετῆς
1718 2874 1835 2927 ἐπί-

189 2969 341 3027 δοσιν
381 2971 473 3025 καὶ
521 2971 619 3039 τὴν
679 2966 945 3045 ὠφέλειαν
1008 2965 1332 3041 ἐκαρποῦτο.
1378 2964 1539 3039 Ὑπὲρ
1590 2963 1657 3018 τὰ
1704 2965 1837 3018 ἑπτὰ

185 3058 243 3115 δὲ
271 3058 383 3130 ἤδη
438 3058 526 3115 καὶ
574 3060 641 3113 τὰ
689 3058 876 3113 ἑκατὸν
910 3056 940 3111 6
970 3054 1235 3129 Κυριακὸς
1283 3047 1376 3123 ἔτη
1418 3048 1571 3108 ἐϐίω·
1624 3052 1700 3114 ὡς
1746 3052 1837 3107 καὶ

184 3148 277 3206 ἄπ’
321 3150 500 3205 αὐτῶν
550 3146 728 3217 δήπου
784 3149 891 3201 τῶν
960 3143 1165 3201 ἐκείνου
1229 3140 1522 3217 περιόδων,
1578 3142 1668 3197 καὶ
1722 3145 1830 3196 τῶν

184 3232 478 3313 διατριϐῶν
526 3235 962 3311 μεμαρτύρηται.
1022 3231 1273 3310 Ἀφίκετο
1315 3231 1410 3303 μὲν
1448 3230 1548 3307 γὰρ
1597 3228 1672 3292 εἷς
1728 3231 1827 3297 τήν

184 3328 338 3403 ἁγίαν
397 3325 579 3397 πόλιν,
646 3323 787 3401 ἀμφὶ
851 3324 919 3378 τὰ
986 3318 1355 3377 ὀκτωκαίδεκά
1416 3341 1522 3375 που
1591 3318 1829 3393 μάλιστα

183 3414 301 3488 ἔτη·
334 3415 480 3471 ἐννέα
509 3412 566 3469 δὲ
602 3412 748 3488 παρὰ
788 3416 867 3483 τῷ
914 3409 966 3466 ἐν
1014 3410 1191 3486 ἁγίοις
1239 3409 1528 3483 Γερασίμῳ
1577 3406 1824 3479 διέμεινεο

186 3504 404 3562 δέκατόν
434 3524 493 3559 τε
520 3501 629 3574 ἤδη
664 3500 907 3576 [δέκατον
937 3496 1046 3570 ἤδη
1083 3503 1141 3572 1]
1164 3499 1301 3573 πρὸς
1330 3501 1399 3571 τῇ
1428 3502 1526 3554 τοῦ
1582 3497 1827 3573 μεγάλου

186 3594 461 3666 Εὐθυμίου
530 3595 676 3664 μονῇ
736 3587 1003 3645 διετέλεσε
1068 3588 1291 3663 χρόνον·
1358 3588 1447 3641 καὶ
1525 3584 1675 3640 ἐννέα
1739 3585 1828 3639 καὶ

190 3682 479 3756 τριάκοντα
544 3679 648 3734 ὑπὸ
713 3681 782 3749 τῇ
849 3681 946 3732 τεῦ
1010 3680 1193 3731 Σουκᾶ
1257 3674 1433 3749 λαύρα
1497 3672 1829 3744 διηκονεῖτο.

191 3769 440 3841 Πέμπτον
469 3782 526 3820 τε
570 3764 717 3836 αὐτῷ
763 3762 816 3818 ἐν
860 3768 929 3838 τῇ
986 3766 1085 3818 τοῦ
1127 3766 1380 3836 Νατουφᾶ
1425 3759 1620 3837 ἐρήμῳ
1676 3756 1831 3814 σκίλ-

193 3858 316 3921 λαις
346 3855 662 3931 τρεφομένῳ
690 3850 990 3925 περιῆλθον
1047 3848 1185 3914 ἔτος’
1244 3851 1335 3905 καὶ
1390 3853 1622 3905 τοσαῦτα
1668 3847 1832 3904 πάλιν

86 4008 87 4015 η
196 3946 249 4003 ἐν
275 3949 352 4017 τῷ
384 3948 475 4001 τοῦ
502 3937 701 3999 Ῥουϐᾶ
728 3938 908 4017 ἕτερα.
959 3941 1089 4015 Περὶ
1141 3940 1234 4013 μὶν
1281 3938 1376 3994 οὖν
1420 3943 1501 4012 τῷ
1551 3936 1834 4009 Σουσακῖμ

86 5648 95 5679 l

192 4029 422 4106 ἕϐδομον
470 4030 710 4087 ἐνιαυτὸν
765 4033 943 4103 μεῖναι
990 4028 1295 4103 ἱστόρηται·
1336 4026 1459 4104 περὶ
1506 4024 1563 4082 δὶ
1607 4030 1687 4098 τῷ
1730 4030 1831 4080 τοῦ

199 4122 249 4179 ἰν
306 4122 474 4199 ἁγίοις
533 4119 843 4196 Χαρίτωνος
911 4116 1193 4190 σπηλαίῳ,
1278 4119 1547 4191 πέμπτον
1611 4115 1702 4169 καὶ
1767 4113 1831 4167 αὗ

202 4217 283 4290 [in
318 4212 497 4271 codice
538 4214 576 4267 2
621 4210 870 4268 deletum
915 4214 994 4266 est
1040 4209 1130 4281 αὖ]
1177 4203 1343 4261 πάλιν
1394 4205 1446 4260 ἰν
1503 4209 1582 4275 τῷ
1637 4205 1756 4277 [τοῦ
1780 4202 1835 4273 1]

202 4301 474 4375 Τουσακὶμ.
515 4296 735 4375 ὄγδοον.
790 4292 983 4365 Ἀνέϐη
1048 4295 1231 4368 μέντοι
1279 4296 1385 4368 πρὸ
1439 4291 1535 4349 δύο
1583 4291 1735 4368 [δύον
1785 4295 1839 4367 1]

204 4391 298 4460 τῆς
325 4389 579 4454 τελευτῆς
613 4386 853 4459 χρόνων,
891 4382 982 4437 καὶ
1025 4382 1177 4445 αὗθις
1216 4382 1363 4456 παρᾶ
1405 4382 1468 4435 τὸ
1514 4383 1614 4456 [τῷ
1645 4382 1697 4457 1]
1743 4388 1839 4439 τοῦ

206 4475 514 4549 Χαρίτωνος
600 4468 871 4540 σπήλαιον
940 4467 1220 4541 [σπηλαίῳ
1271 4470 1344 4542 1].
1427 4468 1517 4530 Εἲς
1571 4474 1735 4525 τοῦτο
1784 4468 1841 4525 δὶ

1938 2450 2041 2490 cus
2099 2436 2588 2509 confecisset,qui
2638 2442 2805 2495 erant
2834 2439 3009 2495 laurea
3066 2441 3250 2507 Sucee,
3287 2450 3410 2513 post
3451 2459 3577 2514 per-

1939 2523 2142 2578 fectam
2177 2524 2580 2581 liberationem
2611 2527 2682 2581 ab
2714 2528 2787 2582 iis
2819 2529 2915 2599 qui
2938 2529 3204 2601 Origenis
3227 2532 3575 2587 sententiam

1939 2609 2241 2677 tenebant,
2274 2627 2406 2666 cum
2443 2612 2582 2667 illuc
2626 2629 2834 2669 rursus
2865 2617 3268 2685 accessissent,
3302 2618 3490 2689 ipsum
3513 2619 3579 2676 in

1941 2698 2133 2768 magni
2190 2698 2523 2755 Cbaritonis
2567 2700 2839 2770 spelaeum
2885 2704 3253 2761 deduxerunt
3292 2706 3422 2776 (22).
3455 2709 3578 2772 Quo

1941 2787 2120 2842 etiam
2180 2788 2514 2859 frequenter
2559 2791 2866 2847 accedebat
2913 2793 3273 2850 admirabilis
3305 2795 3579 2866 Cyrillus,

1942 2878 1999 2928 et
2021 2890 2291 2945 magnum
2320 2878 2391 2932 ab
2424 2878 2532 2933 hoc
2562 2884 2762 2936 sancto
2802 2883 3037 2936 virtutis
3059 2882 3485 2939 incrementum
3518 2891 3578 2941 et

1943 2962 2399 3022 emolumentum
2442 2968 2813 3038 percipiebat.
2845 2970 2972 3026 Jam
3006 2977 3200 3027 autem
3234 2990 3411 3045 super
3440 2991 3577 3030 cen-

1944 3052 2069 3106 tum
2122 3057 2175 3106 et
2222 3060 2441 3123 septem
2472 3072 2656 3112 annos
2708 3058 2925 3115 vixerat
2979 3061 3254 3128 Cyriacus
3297 3079 3310 3117 :
3352 3063 3442 3117 cui
3496 3064 3580 3119 rei

1944 3137 2279 3194 testimonio
2335 3144 2473 3195 sunt
2520 3140 2631 3197 illa:
2679 3144 2818 3212 ipsae
2872 3148 2998 3216 ejus
3049 3148 3292 3205 diversis
3326 3149 3385 3205 in
3436 3150 3578 3207 locis

1942 3225 2278 3282 mansiones
2327 3230 2383 3285 et
2430 3228 2588 3284 obita
2642 3230 2870 3287 itinera.
2920 3236 3159 3289 Devenit
3209 3253 3462 3308 namque
3518 3239 3578 3295 in

1938 3316 2202 3367 sanctam
2252 3313 2563 3383 civitatem,
2596 3314 2826 3373 circiter
2874 3321 3073 3377 decem
3113 3330 3168 3377 et
3215 3328 3342 3379 octo
3390 3341 3575 3383 annos

1938 3405 2158 3456 natus:
2200 3417 2407 3458 novem
2456 3408 2653 3459 autem
2697 3407 2850 3476 apud
2883 3413 3151 3464 sanctum
3205 3411 3569 3471 Gerasimum

1938 3490 2260 3560 permansit
2290 3506 2304 3545 :
2338 3491 2745 3565 decimumque
2780 3495 2902 3565 jam
2943 3498 3095 3567 apud
3124 3500 3314 3570 Magni
3346 3501 3573 3571 Euthy-

1940 3577 2040 3632 mii
2076 3578 2495 3635 monasterium
2535 3582 2781 3638 confecit
2803 3600 3047 3654 annum,
3078 3590 3135 3641 et
3166 3587 3573 3659 undequadra-

1938 3666 2103 3738 ginta
2159 3667 2219 3722 in
2280 3667 2438 3723 Suom
2492 3667 2655 3725 laura
2699 3671 3075 3728 ministravit.
3110 3675 3377 3747 Quinque
3435 3679 3575 3734 anni

1938 3756 2364 3829 praeterierunt,
2396 3758 2532 3813 dum
2589 3759 2649 3814 in
2696 3760 2975 3833 Natuphaa
3020 3763 3336 3821 solitudine
3393 3769 3580 3823 scillis

1939 3844 2212 3913 aleretur,
2271 3847 2624 3919 totidemque
2696 3865 2901 3906 rursus
2957 3850 3055 3907 alii
3112 3852 3173 3908 in
3249 3854 3444 3912 Ruba.
3510 3856 3579 3912 In

1940 3933 2207 3990 Susacim
2240 3938 2436 3989 autem
2493 3935 2807 4006 septimum
2856 3939 3142 3995 mansisse
3191 3958 3411 3998 annum
3452 3944 3579 4013 jam

1941 4024 2191 4082 relatum
2238 4027 2369 4079 est:
2414 4023 2473 4079 in
2506 4026 2689 4080 sancti
2731 4030 2925 4082 autem
2973 4028 3300 4084 Cbaritonis
3346 4032 3579 4102 spelaea,

1940 4114 2238 4184 quintum;
2289 4117 2346 4167 et
2375 4128 2573 4169 rursus
2604 4114 2663 4169 in
2704 4115 2991 4185 Susacim,
3024 4124 3313 4175 octavum.
3342 4119 3583 4179 Duobus

1945 4205 2097 4257 certe
2150 4207 2281 4255 ante
2337 4199 2554 4256 exitum
2621 4202 2810 4269 annis,
2869 4220 3070 4260 rursus
3124 4207 3194 4261 ad
3254 4208 3586 4266 Cbaritonis

1946 4289 2221 4360 spelaeum
2279 4288 2560 4345 ascendit.
2613 4290 2881 4354 Quamvis
2924 4298 3114 4350 autem
3171 4296 3242 4351 ad
3290 4296 3349 4353 in
3398 4300 3584 4355 astatis

1946 4376 2325 4451 pervenisset,
2356 4382 2414 4433 et
2433 4394 2729 4435 summam
2760 4380 2842 4436 ita
2871 4383 3115 4454 adeptus
3143 4395 3295 4440 esset
3324 4393 3589 4444 senectu~

1946 4474 2086 4531 tem,
2122 4463 2501 4521 nihilominus
2547 4471 2765 4535 tamen,
2800 4485 2871 4524 nc
2913 4470 3201 4528 tantillum
3244 4473 3480 4544 quidem
3512 4476 3585 4533 de

209 4562 353 4635 ὅμως
388 4559 609 4630 ἡλικίας
650 4557 849 4627 ἐλθὼν,
905 4557 995 4612 καὶ
1047 4558 1320 4631 βαθύτατα
1367 4557 1511 4614 οὓτω
1561 4560 1826 4635 γηράσας,

1945 4554 2191 4612 statione
2222 4555 2292 4610 ad
2342 4554 2569 4611 divinos
2610 4555 2875 4629 hymnos,
2924 4562 2981 4614 et
3022 4559 3345 4617 ministerio
3376 4579 3578 4619 eorum

214 4647 331 4706 οὖδὶ
362 4647 536 4725 βραχὺ
584 4654 684 4716 τῆς
732 4646 856 4721 περὶ
896 4646 1025 4708 τοὺς
1083 4646 1259 4710 θείους
1326 4645 1530 4719 ὓμνους
1580 4646 1841 4720 στάσεως,

213 4738 297 4795 καὶ
332 4744 426 4807 τῆς
485 4734 753 4799 διακονίας
804 4739 911 4790 τῶν
966 4734 1114 4806 αὐτῷ
1168 4729 1636 4809 παραϐαλλόντων
1691 4737 1841 4813 ὑφεῖ-

213 4848 291 4886 το.
339 4823 495 4885 ’Δλλ’
555 4824 668 4898 ὅσῳ
707 4826 978 4900 κατεγήρα
1021 4826 1090 4898 τῇ
1137 4822 1355 4897 ἡλικίᾳ,
1404 4822 1650 4898 τοσούτῳ
1705 4822 1841 4898 μᾶλ-

214 4919 306 4974 λον
368 4913 591 4993 ἐσφρίγα
654 4914 744 4969 καὶ
840 4914 1189 4988 ὑπερήκμαζε
1252 4916 1321 4985 τῇ
1386 4912 1684 4988 προθυμίᾳ,
1751 4912 1840 4969 καί

217 5003 526 5082 θερμότερον
588 5008 696 5059 τῶν
761 5001 918 5058 θείων
985 5001 1213 5078 ἀγώνων
1299 5003 1387 5057 καὶ
1470 5003 1838 5080 γενναιότερον

216 5096 423 5165 ἥπτετο.

283 5184 373 5242 Ἠν
404 5179 461 5239 δὶ
507 5180 785 5258 μειλίχιος
840 5181 935 5255 μὶν
994 5180 1022 5236 ὁ
1078 5180 1214 5256 ἁνήρ
1256 5180 1346 5235 καὶ
1393 5178 1583 5255 ἱλαρὸς
1620 5180 1710 5236 καὶ
1760 5181 1840 5237 εὖ-

220 5270 481 5345 πρόσιτος,
531 5268 779 5342 εὐμήκης
832 5266 890 5323 δὲ
935 5264 1070 5323 ὶδεῖν
1115 5266 1204 5322 καὶ
1254 5267 1579 5336 ἆνεστηκώς⁶
1636 5265 1727 5323 τόν
1779 5287 1840 5323 τε

223 5358 409 5435 αὐχένα
444 5358 594 5435 όρθό,
625 5351 705 5413 ἔτι
745 5356 836 5413 καὶ
883 5355 1215 5425 ὑπονεάζων,
1263 5353 1353 5409 καὶ
1403 5352 1527 5410 οὐδὲ
1554 5356 1617 5410 τὸ
1662 5356 1838 5431 παρά-

221 5468 315 5503 παν
349 5450 441 5503 τοῦ
499 5447 685 5522 γήρως
737 5445 1072 5519 ἡττώμενος,
1132 5440 1512 5506 διδασκαλικὸς
1568 5444 1660 5500 τὸν
1715 5445 1835 5501 τοό-

293 5614 393 5687 (22)
414 5614 730 5692 Anno;555.

1950 4644 2053 4717 qui
2105 4644 2174 4698 ad
2216 4643 2410 4714 ipsum
2441 4644 2811 4714 accedebant,
2845 4647 3194 4705 remittebat.
3225 4652 3331 4704 Sed
3365 4655 3583 4720 quanto

1948 4735 2072 4789 erat
2101 4734 2266 4788 astate
2295 4732 2637 4805 provectior,
2668 4737 2831 4790 tanto
2880 4736 3062 4805 magis
3102 4735 3297 4791 animo
3329 4737 3580 4807 valebat,

1948 4824 2005 4877 et
2052 4818 2278 4891 vigebat
2305 4820 2484 4875 animi
2540 4820 2857 4890 alacritate,
2882 4823 3193 4897 acriusque
3249 4840 3314 4880 ac
3379 4825 3586 4884 fortius

1951 4908 2146 4966 divina
2173 4908 2359 4966 inibat
2387 4908 2728 4967 certamina.

2018 5096 2156 5150 Erat
2186 5101 2379 5149 autem
2400 5094 2486 5151 vir
2515 5093 2674 5152 mitis
2699 5098 2756 5151 et
2787 5094 3011 5163 hilaris,
3043 5100 3101 5151 et
3132 5094 3319 5152 facilis
3348 5096 3421 5152 ad
3452 5112 3587 5154 eum

1946 5183 2179 5256 patebat
2219 5182 2411 5240 aditus
2443 5200 2458 5239 :
2507 5188 2731 5240 statura
2758 5199 3026 5255 procerus
3054 5189 3111 5239 et
3146 5189 3373 5242 erectus
3406 5202 3419 5240 :
3451 5184 3575 5242 col-

1945 5270 2119 5345 loque
2147 5270 2336 5327 adhuc
2382 5276 2560 5341 recto,
2600 5272 2966 5342 juventutem
2997 5273 3429 5344 quodammodo
3462 5290 3578 5346 pra

1944 5376 2003 5416 se
2051 5361 2264 5424 ferens,
2296 5364 2353 5416 et
2391 5360 2541 5415 nihil
2587 5359 2825 5416 omnino
2865 5366 3161 5418 senectute
3205 5363 3425 5422 fractus
3472 5378 3580 5428 aut

1944 5448 2281 5507 debilitatus
2307 5464 2322 5506 :
2352 5450 2613 5508 moribus
2642 5450 2713 5507 ad
2733 5451 3056 5511 docendum
3070 5460 3568 5531 accommodatus;
