4124 6270
496 339 613 399 943
1780 338 2057 399 MENSIS
2100 339 2124 399 ε

2356 338 2587 398 MBER.
3852 330 3976 390 944

494 497 776 570 religione
850 497 1099 553 maxime
1172 497 1549 554 orlhodoxus.
1601 497 1742 553 Cum
1818 496 2011 567 itaque
2070 497 2122 553 in

2360 496 2462 562 ,τὸ
2514 489 2672 557 σέϐας
2722 491 3173 567 ὀρθοδοξότατος.
3227 479 3540 561 Ἀσθενε(ᾳ⁶
3575 487 3803 544 τοίνυν
3858 490 3988 543 σώ-

498 588 753 653 corporis
793 586 1189 641 inﬁrmitatem
1234 586 1559 651 incidisset,
1603 593 1824 639 natura
1864 585 2126 641 debitum

2360 604 2417 646 ος
2483 584 2815 655 περιπεσὼν,
2884 582 2974 637 καὶ
3067 583 3130 637 τὸ
3195 590 3298 651 τῆς
3364 582 3593 656 φύσεως
3677 577 3988 639 ἀποτίσας

494 675 817 740 exsolvens,
850 676 1123 744 spiritum
1166 674 1274 743 ipsi
1342 676 1479 729 .Iesu
1544 690 1713 741 quem
1765 674 2122 729 desiderabat

2360 693 2436 743 ος,
2502 675 2564 727 τὸ
2630 676 2846 743 πνεῦμα
2902 676 2983 743 τῷ
3022 670 3351 743 ποθουμὲνῳ
3421 672 3618 739 Ἰησοῦ
3705 669 3988 743 παρατί-

499 763 793 818 commisit
848 762 983 833 (£3).
1019 763 1085 816 Et
1140 778 1296 816 nunc
1344 768 1432 816 est
1462 763 1517 815 in
1579 763 1768 831 quiete
1808 762 2127 831 justorum,

2356 783 2409 818 ιι.
2454 762 2549 819 Καὶ
2604 766 2692 815 νῦν
2737 760 2879 815 ἐστιν
2919 761 2970 815 ἐν
3016 762 3085 826 τῆ
3132 758 3428 815 ἀναπαύσει
3484 763 3607 815 τῶν
3690 754 3984 811 δικαίων-

500 854 558 906 in
609 852 913 923 splendore
965 855 1323 920 angelorum,
1356 868 1423 906 ea
1481 852 1679 905 videns
1718 868 1848 922 quae
1905 867 2128 921 semper

2359 855 2394 923 ᾗ
2436 850 2788 924 λαμπρότητι
2827 854 2935 904 τῶν
2976 848 3248 926 ἀγγέλων,
3284 850 3417 922 ἅπερ
3458 847 3543 910 εἷς
3596 846 3702 901 ἀεὶ
3765 846 3982 900 ἐπόθεε

498 940 884 1006 desiderabat,
918 946 973 994 et
1005 947 1191 995 totum
1236 946 1453 994 sanctae
1490 940 1791 995 Trinitatis
1850 940 2126 1012 fulgorem

2350 960 2405 1001 ιν,
2450 939 2537 992 καὶ
2589 937 2725 1008 ὅλην
2778 945 2878 1007 τῆς
2937 938 3117 1015 ἁγίας.
3177 935 3413 1010 Τριάδος
3467 938 3576 1004 τήν
3642 930 3978 1007 ἔλλαμψετ

497 1032 555 1085 in
596 1047 653 1084 se
713 1030 997 1099 recipiens
1035 1046 1048 1084 :
1099 1031 1159 1083 in
1192 1030 1316 1097 ipso
1365 1028 1597 1083 Christo
1633 1029 1875 1084 Domino
1918 1033 2125 1096 nostro,

2350 1028 2652 1104 Ξεχόμενος⁸
2724 1025 2773 1080 ἐν
2848 1027 2997 1099 αὖτῷ
3053 1029 3273 1100 Χριστῷ
3328 1029 3406 1096 τῷ
3475 1024 3684 1099 Κυρίῳ
3764 1026 3978 1095 ἡμῶν,

496 1131 628 1170 cum
662 1130 774 1185 quo
820 1114 973 1169 Patri
1005 1114 1274 1185 principii
1308 1114 1546 1183 experti,
1582 1122 1637 1167 et
1665 1115 1965 1169 sanctiﬁco
1992 1115 2124 1168 vivi-

2348 1117 2463 1170 δὀὔ
2513 1120 2593 1186 τῷ
2640 1114 2867 1190 ἂνάρχῳ
2928 1114 3123 1189 Πατρὶ,
3192 1112 3283 1167 καὶ
3352 1117 3432 1185 τῷ
3500 1111 3793 1185 παναγίῳ
3866 1113 3976 1163 ιιιέ

498 1202 720 1273 ﬁcoque
785 1201 1024 1273 Spiritui
1068 1200 1271 1273 gloria,
1305 1201 1636 1271 imperium,
1672 1201 1860 1257 honor
1899 1206 1958 1257 et
1996 1203 2126 1258 ado-

2354 1208 2508 1274 ιποιῷ
2566 1204 2835 1275 Πνεύματι
2910 1201 3055 1273 δόξα,
3121 1201 3341 1276 γράτος,
3404 1202 3549 1273 τιμὴ
3594 1200 3704 1254 καὶ
3774 1220 3982 1272 προσ-

499 1291 646 1347 ratio
712 1306 869 1347 nunc
926 1297 984 1347 et
1014 1304 1245 1361 semper
1299 1293 1355 1346 et
1410 1290 1470 1346 in
1518 1290 1724 1346 saecula
1771 1290 2127 1347 seculorum.

2353 1315 2474 1366 ησις
2504 1300 2593 1349 νῦν
2628 1296 2715 1349 καὶ
2760 1295 2864 1365 ἀεὶ,
2909 1295 2999 1350 καὶ
3043 1295 3120 1359 εἷς
3171 1295 3298 1356 τοὺς
3358 1292 3566 1355 αἰῶνας
3626 1296 3760 1348 τῶν
3815 1291 3974 1345 αἰώ-

498 1382 708 1435 Amen.
2250 1407 2377 1440 νων·
2413 1387 2469 1443 ’Δ
2482 1388 2613 1459 μήν.

571 1546 684 1619 (23)
715 1546 881 1603 Anno
913 1547 1037 1602 557.

496 1726 3953 1767 Ἦ

1300 1900 1709 2030 ΒΙΟΣ
1817 1898 2124 2029 ΚΑΙ
2239 1899 3106 2031 ΗΟΛΙΤΕΙΑ

1924 2131 2044 2189 ΚΑΙ
2083 2132 2479 2189 ΜΔΡΤΥΡΙΟΝ

822 2305 1296 2479 ΤΟΥ
1409 2306 2123 2480 ΑΓΙΟΥ
2238 2308 3581 2483 ΓΡΗΓΟΡΙΟΥ

1351 2604 1591 2698 ΤΗΣ
1678 2603 2263 2700 ΜΕΓΑΛΗΣ
2347 2603 3030 2704 ΑΡΜΕΝΙΑΣ.

955 2953 1237 3069 VITA
1315 2952 1461 3067 ET
1537 2952 2371 3072 CONVERSATIO
2450 2956 2597 3069 ET
2676 2955 3411 3072 MARTYRIUM

709 3185 1423 3354 SANCTI
1538 3188 2565 3353 MARTYRIS
2688 3189 3681 3358 GREGORII

1674 3466 2102 3556 MAGN/E
2157 3469 2702 3557 ABMENIZE.

483 3646 702 3709 (Textus
718 3641 935 3693 Grecus
971 3654 1114 3691 nune
1144 3642 1375 3704 primum
1409 3638 1587 3704 prodit
1616 3652 1679 3688 ex
1724 3638 2236 3709 duobus_co_diciby_s
2258 3654 2391 3709 pass.
2432 3641 2677 3709 Pari_e._n.
2714 3641 2834 3692 1489
2869 3645 2920 3692 et
2954 3642 3074 3693 1492
3103 3643 3336 3703 notatis;
3386 3642 3566 3693 Latine
3597 3642 3775 3694 edidit
3808 3644 3905 3693 Sn-

1749 3702 1859 3750 rius
1891 3701 1957 3749 ad
1989 3703 2129 3752 diem
2164 3701 2227 3751 3O
2255 3702 2626 3766 Septembris.)

564 4006 609 4063 Ι.
632 4007 771 4059 Cum
797 4002 1101 4057 Persarum
1126 3997 1437 4069 imperium
1462 3995 1730 4052 rediisset
1758 3997 1828 4052 ad
1861 3994 2129 4063 Parthos,
2163 3998 2192 4065 Ι

2308 3997 2387 4054 Α’.
2430 3999 2545 4067 Τῆς
2585 4002 2693 4053 τῶν
2746 4002 2961 4073 Περσῶν
3022 3998 3203 4074 ἀρχῆς
3251 3999 3326 4061 εἷς
3385 3999 3633 4072 Πάρθους
3702 3999 3892 4057 διαλυ-

487 4100 545 4151 et
576 4093 919 4150 Parthorum
953 4088 1273 4145 dominatio
1307 4086 1379 4142 ad
1409 4092 1627 4142 tantam
1647 4088 1898 4141 venisset
1927 4092 2115 4159 poten-

2257 4084 2449 4156 δείσῃς,
2490 4088 2715 4153 καὶτῆς
2766 4092 2871 4143 τῶν
2926 4089 3151 4163 Πάρθων
3202 4086 3543 4163 ἐπικρατείας
3597 4089 3682 4153 εἷς
3734 4096 3885 4146 τοῦτο

486 4188 643 4252 tiam,
673 4190 737 4239 ut
788 4199 901 4239 non
935 4183 1123 4237 solum
1174 4179 1523 4251 imperarent
1564 4179 1774 4246 Persis,
1806 4179 1906 4234 sed
1957 4181 2114 4236 etiam

2255 4171 2519 4246 ἲυναμεως
2547 4174 2893 4251 ίάφιγμὲνης,
2940 4177 3014 4240 ὡς
3060 4176 3137 4249 μή
3190 4177 3353 4249 μόνον
3394 4179 3614 4250 Περσῶν
3682 4180 3883 4255 ἄρχειν.

484 4274 775 4331 Armeniis
806 4276 863 4327 et
894 4272 1052 4326 indis
1085 4270 1185 4341 qui
1216 4269 1274 4324 in
1302 4269 1533 4325 Oriente
1563 4274 1700 4323 sunt
1733 4270 1931 4324 Persis
1958 4268 2112 4326 ﬁniti

2248 4261 2384 4319 ἰλλὰ
2441 4264 2530 4318 καὶ
2588 4264 2884 4339 Ἀρμενίων
2953 4265 3042 4319 καὶ
3110 4262 3294 4324 Ἰνδῶν
3380 4266 3703 4340 προσοίκων
3778 4273 3876 4325 τοῖς

486 4364 587 4429 mi,
621 4367 897 4431 praeterea
955 4363 1151 4413 autem
1185 4357 1539 4427 Massagetas
1581 4372 1822 4431 quoque
1867 4357 1925 4411 in
1959 4373 2114 4411 suam

2246 4350 2319 4406 ἔπ’
2349 4351 2651 4422 Ἀνατολῆς
2684 4353 2931 4428 Πέρσαις·
2968 4351 3047 4408 ἔτι
3080 4352 3137 4409 δὲ
3178 4352 3267 4409 καὶ
3318 4354 3677 4429 Μασσαγέτας
3732 4357 3874 4429 μέρος

484 4450 848 4519 redegissent
871 4449 1238 4517 potestatem,
1261 4459 1326 4497 eu
1339 4460 1507 4513 mque
1528 4448 1817 4498 tantarum
1850 4460 2112 4500 curarum

2236 4446 2508 4505 ποιεῖσθαι
2537 4449 2637 4511 τῆς
2672 4441 2931 4515 ἔξουσίας,
2964 4440 3081 4497 ἐπεῖ
3133 4442 3195 4499 τὸ
3249 4444 3412 4519 βάρος
3452 4447 3560 4498 τῶν
3606 4446 3864 4500 τοσούτων

484 4540 714 4612 pondus
745 4551 898 4590 unus
931 4550 1045 4587 nou
1078 4534 1273 4601 posset
1292 4531 1599 4596 sustinere,
1620 4534 1870 4602 quatuor
1901 4532 2112 4588 fratres.

2235 4527 2536 4607 φροντίδων
2605 4533 2682 4592 εἷς
2738 4528 2948 4606 ἆνέχειν
3018 4532 3127 4606 οὐχ
3193 4534 3311 4593 οἷός
3365 4551 3422 4587 τε
3484 4534 3572 4601 ἦν,
3630 4532 3860 4607 τέσσαρες

480 4627 678 4685 Parthi
702 4624 939 4697 quidem
964 4636 1193 4694 genere,
1218 4619 1502 4675 Arsacidae
1534 4624 1725 4674 autem
1758 4620 2101 4690 cognomine

2232 4616 2460 4692 ἀδελφοὶ
2515 4620 2717 4693 Πάρθοι
2772 4618 2865 4692 μὲν
2926 4618 2985 4673 τὸ
3042 4620 3217 4693 γένος.
3278 4616 3596 4693 Ἀρσακίδαι
3668 4620 3725 4676 δὲ
3782 4621 3854 4684 τήν

481 4717 849 4772 dominatum
881 4718 1129 4783 quatuor
1151 4708 1409 4777 gentium
1440 4708 1509 4763 ad
1543 4722 1604 4761 se
1637 4708 2017 4763 transferunt.
2051 4712 2109 4763 Et

2231 4704 2560 4780 ἐπωνυμίαν,
2642 4706 3065 4783 συμμερίζονται
3157 4709 3255 4771 τὰς
3348 4708 3691 4783 ἐπικρατείας
3766 4714 3846 4761 τῶν

480 4805 708 4877 primus
735 4803 972 4873 quidem
1004 4815 1071 4853 ex
1124 4795 1418 4863 fratribus,
1454 4811 1824 4851 communem
1869 4796 2108 4867 appella-

2228 4798 2500 4868 τεσσάρων
2549 4795 2713 4851 ἐθνῶν
2764 4796 2839 4858 εἷς
2888 4795 3130 4859 ἑαυτούς.
3164 4798 3261 4853 Καὶ
3297 4798 3324 4852 ὁ
3369 4798 3462 4871 μὶν
3511 4804 3724 4873 πρῶτος
3760 4800 3832 4847 τῶν

481 4893 698 4949 tionem
736 4894 795 4946 in
843 4888 1140 4961 proprium
1186 4901 1395 4941 nomen
1427 4885 1537 4941 sibi
1570 4884 1893 4951 vindicans,
1924 4884 2109 4957 appel-

2230 4881 2475 4959 ἀδελφῶν
2524 4885 2622 4952 τήν
2672 4885 2859 4951 κοινὴν
2917 4883 3113 4945 κλῆσιν
3173 4882 3248 4946 εἷς
3301 4880 3473 4956 ὄνομα
3529 4882 3818 4957 ἐξιδιωσάμε-

478 4982 710 5037 labatur
737 4980 1065 5043 Arsacides,
1092 4984 1145 5031 et
1167 4974 1511 5030 Parthorum
1535 4973 1761 5029 tenebat
1787 4973 2106 5044 imperium,

2225 4992 2339 5040 νος,
2387 4969 2715 5046 Ἀρσακίδης
2760 4993 2817 5027 τε
2863 4970 3136 5040 ἐκαλεῖτο,
3183 4974 3271 5027 καὶ
3332 4979 3428 5040 τῆς
3489 4978 3597 5028 τῶν
3638 4972 3822 5041 Πάρθων

477 5071 632 5126 sicut
660 5073 939 5138 tempore,
975 5067 1050 5120 ila
1084 5066 1257 5119 etiam
1292 5062 1524 5117 dotibus
1544 5066 1600 5116 et
1630 5062 1952 5117 commodis
1983 5061 2105 5118 aliis

2222 5060 2403 5138 ἀρχῆς
2438 5064 2555 5135 εἶχε
2584 5060 2645 5115 τὸ
2678 5061 2896 5136 κράτος,
2929 5059 3111 5135 ὥσπερ
3140 5066 3219 5135 τῷ
3272 5061 3460 5136 χρόνῳ
3509 5067 3611 5118 τῶν
3652 5056 3839 5123 me»,

481 5155 851 5214 antecellens.
886 5154 992 5219 Qui
1060 5160 1253 5209 autem
1288 5151 1452 5207 illum
1486 5158 1573 5205 est
1602 5154 1969 5217 consecutus,
2005 5150 2109 5206 fuit

2222 5148 2365 5203 οὕτω
2400 5147 2463 5219 δὴ
2518 5149 2611 5204 κάν
2654 5156 2770 5210 τοῖς
2829 5148 3014 5211 ἃλλως
3073 5153 3324 5225 προέχων
3379 5148 3846 5222 πλεονεκτήμασιν.

479 5258 576 5298 rex
600 5248 928 5295 Persarum.
944 5240 1170 5295 Tertius
1192 5242 1385 5294 autem
1406 5237 1815 5308 praedictorum
1840 5235 2107 5292 Indorum

2223 5240 2279 5296 '0
2313 5235 2368 5293 δὲ
2418 5239 2532 5311 μετ’
2578 5236 2781 5293 ἐκεῖνον
2841 5244 3060 5313 Περσῶν
3120 5234 3486 5296 ἔϐατίὶευσεν.
3546 5241 3610 5297 Ὀ
3660 5237 3720 5294 δὲ
3760 5234 3851 5309 τρὶ·

477 5330 713 5385 sortilus
752 5332 842 5382 est
884 5329 1213 5396 imperium.
1248 5329 1445 5393 Quarti
1478 5332 1672 5382 autem
1708 5325 1977 5396 potestati
2010 5343 2105 5397 pav

2226 5347 2311 5389 τος
2377 5330 2484 5382 τῶν
2553 5326 2965 5402 προειρημένων
3036 5324 3245 5402 ἀνδρῶν
3324 5330 3422 5397 τήν
3504 5331 3619 5383 τῶν
3701 5323 3854 5386 Ἰνδῶν

477 5420 677 5475 rebant
720 5416 1079 5484 Massagetae.
1115 5418 1236 5474 Non
1283 5418 1391 5473 fuit
1431 5424 1623 5473 autem
1666 5415 1821 5471 brevi
1852 5419 2105 5486 tempore

2221 5416 2397 5490 ἀρχὴν
2432 5413 2753 5491 ἐκληροῦτο.
2805 5418 2899 5487 Τῷ
2948 5414 3006 5470 δὶ
3052 5436 3294 5493 τεταρτῳ
3338 5417 3695 5492 Μασσαγέται
3739 5418 3848 5483 ἦσαν

473 5508 739 5563 dimensa
772 5501 1015 5556 felicitas
1046 5507 1363 5562 Arsacidis.
1396 5506 1599 5562 Postea
1629 5522 1757 5562 vero
1784 5522 1913 5561 eum
1948 5510 2101 5561 Arta-

2224 5506 2277 5559 τὸ
2313 5505 2655 5580 ὑποχείριον.
2700 5504 2800 5560 Καὶ
2834 5505 3029 5580 χρόνος
3079 5503 3139 5560 οὗ
3196 5502 3404 5580 βραχὺς
3453 5505 3553 5572 τὴν
3607 5502 3852 5575 εὖδαιμο·

473 5597 649 5650 banes
682 5594 840 5648 ﬁlius
890 5589 1130 5663 νάιοι-εἰ,
1165 5595 1262 5667 qui
1298 5599 1421 5650 erat
1448 5600 1503 5650 et
1534 5596 1654 5664 ipse
1685 5612 1750 5650 ex
1790 5596 2101 5662 Arsacidis,

2219 5592 2327 5647 νΐαν
2380 5598 2496 5654 τοῖς
2555 5590 2898 5667 Ἀρσακίδαις
2953 5592 3187 5667 ἰμέτρει·
3249 5587 3592 5661 Ἀρταϐάνης
3642 5590 3706 5648 Si
3742 5594 3847 5647 παῖς

470 5686 525 5735 et
558 5680 613 5735 in
646 5683 853 5739 Persas
885 5676 1177 5755 obtinebat
1208 5684 1539 5753 imperium,
1568 5688 1794 5737 vacaret
1818 5683 2098 5738 Chaldaeo-

2218 5680 2556 5757 Οὐαλάίρσσν,
2626 5678 2949 5757 Ἀρσακίδης
3015 5701 3071 5736 τι
3137 5677 3207 5734 ὥν
3270 5682 3355 5735 καὶ
3420 5681 3648 5754 Πάρθῶν
3723 5676 3846 5759 ἔχων
