4124 6270
325 286 457 343 945

1352 291 1535 350 ΥΙΤΑ
1583 296 1647 351 S.
1696 293 2066 354 GREGURII
2113 295 2727 357 lLLUMlNATOHIS

3619 296 3734 354 946

319 447 436 514 τήν
469 443 734 531 ἐξουσίαν,
775 447 896 521 περὶ
952 449 1050 517 τὴν
1083 449 1485 523 ἀστροθεάμονα
1531 458 1640 508 τῶν
1690 452 1961 511 Χαλδαίωε

2073 473 2227 521 ,τυω
2274 459 2594 530 sapientius,
2650 475 2774 531 quae
2832 465 3099 515 versatur
3145 459 3206 514 in
3251 461 3733 531 contemplandis

319 530 609 611 ’ἐσχόλαζε
666 534 883 612 σοφίαν,
939 535 1027 590 καί
1094 558 1146 592 τι
1204 537 1433 594 συνιδὼν
1490 539 1706 609 ἐκεῖθεν,
1771 549 1840 617 τῇ
1885 565 1979 616 γυ·

318 623 471 677 ναικὶ
531 623 668 678 κατᾶ
714 625 814 693 τὴν
861 627 1062 695 σκηνὴν
1119 627 1498 704 συγκαθεύδων
1541 630 1600 685 ἄν
1657 632 1827 699 εἶπεν,
1880 633 1979 700 ὡς,

320 712 418 784 Ἐξ
452 708 526 765 ὧν
560 712 628 783 με
658 708 1001 769 διδάσκουσιν
1035 715 1087 769 οἱ
1118 720 1228 771 τῶν
1278 717 1514 792 ἄστέρων
1549 716 1769 795 δρόμοι,
1803 719 1855 775 εἷ’
1893 742 1975 783 τις

319 800 685 855 ἐπανάστασιν
728 804 864 857 κατὰ
912 807 1008 857 τοῦ
1057 802 1263 861 οἰκείου
1314 803 1579 863 δεσπότου
1628 808 1681 863 ἐν
1718 814 1798 881 τῷ
1845 831 1985 885 παρ-

316 887 444 944 όντι
500 893 675 963 καιρῷ
743 889 1112 963 μελετήσειεν,
1170 892 1290 967 οὐκ,
1345 896 1457 972 ’ἐγω
1512 917 1572 973 γε
1630 900 1809 971 οἶμαι,
1873 902 1971 953 τοῦ

316 981 534 1033 σκοποῦ
565 975 763 1042 ἐκεῖνος
794 979 883 1035 καὶ
913 988 1013 1049 τῆς
1042 981 1219 1055 ὁρμῆς
1250 986 1620 1057 ψευσθήσεται.

399 1067 474 1123 Β’.
509 1066 609 1121 Καὶ
649 1072 818 1124 ταῦτα
875 1068 1064 1137 εἰπὼν,
1123 1070 1198 1133 είς
1254 1071 1414 1128 ὕπνον
1473 1072 1701 1148 ἐτράπη.
1761 1076 1866 1132 Μία
1923 1074 1980 1131 δὲ

315 1157 435 1240 τῶν
497 1155 955 1230 ὑπηρετουμένων
1008 1162 1076 1232 τῇ
1138 1158 1406 1233 βασιλίδι,
1463 1167 1569 1217 τῶν
1637 1165 1773 1219 κατὰ
1826 1166 1978 1240 γένος

314 1239 596 1321 ἐπιφανῶν
646 1244 782 1315 αὕτη
841 1246 1082 1321 θυγάτηρ
1128 1248 1282 1319 οὖσα,
1333 1252 1571 1320 συνήθης
1622 1252 1688 1320 ἦν
1739 1239 1977 1308 ἐπὶγσω-

318 1332 507 1405 μάτων
550 1329 745 1404 ὁμιλίᾳ
774 1334 878 1387 τινὶ
919 1339 1028 1389 τῶν
1078 1337 1173 1398 τὰς
1218 1340 1438 1410 πρώτας
1487 1338 1662 1414 ἀρχάς
1711 1337 1975 1395 διοικούν-

308 1441 448 1491 των,
496 1420 546 1491 ἐξ
594 1422 901 1491 Ἀσσυρίων
952 1424 1050 1495 μὲν
1112 1425 1489 1501 καταγομένῳ,
1548 1428 1873 1501 καλουμένῳ
1918 1427 1974 1484 δὲ

317 1509 696 1584 Ἀρτασείρας.
776 1510 872 1572 Ὂς
940 1510 1213 1574 πολλάκις
1291 1515 1385 1586 μὲν
1452 1521 1545 1569 καῖ
1600 1519 1717 1580 καθ’
1783 1518 1968 1571 ἑαυτὸν

307 1596 576 1654 ἀνείλιττε
629 1599 730 1667 τήν
759 1597 1068 1674 τυραννίδα,
1129 1605 1217 1657 καὶ
1280 1608 1400 1668 τοῖς
1464 1604 1809 1666 πιστοτάτοις
1856 1611 1966 1660 τῶν

309 1686 489 1764 φίλων
555 1689 958 1762 μυπικώτερον
1028 1688 1330 1759 ἐκοινοῦτο,
1386 1692 1606 1769 ἀγαγεῖν
1664 1692 1721 1749 δὲ
1765 1694 1966 1765 ταύτην

2095 548 2293 615 astris,
2312 553 2367 602 et
2387 565 2456 603 ex
2477 548 2594 604 illis
2616 549 2839 620 aliquid
2861 549 3384 616 animadvertisset,
3408 566 3541 605 cum
3559 566 3729 604 uxore

2096 637 2392 693 dormiens
2421 638 2481 691 in
2515 638 2907 704 tabernaculo,
2942 638 2990 694 ei
3031 639 3211 693 dixit:
3245 639 3324 692 Ex
3353 638 3446 704 iis,
3480 654 3607 710 quae
3641 654 3730 693 me

2095 727 2300 783 docent
2332 744 2540 783 cursus
2585 734 2899 794 astrorum,
2932 730 2982 782 si
3014 730 3140 799 quis
3190 730 3247 783 in
3281 730 3547 799 praesenti
3580 736 3726 784 tem-

2095 832 2232 887 pore
2263 817 2576 873 meditetur
2606 816 3084 872 insurrectionem
3108 817 3383 873 adversus
3414 833 3589 873 suum
3620 816 3727 871 do-

2093 905 2341 971 minum,
2374 905 2468 960 ille
2499 905 2754 977 quidem,
2798 909 2863 960 ut
2891 905 3159 975 arbitror,
3202 922 3314 961 non
3350 906 3727 961 frustrahitur

2089 1008 2193 1049 suo
2224 1008 2399 1066 scopo
2429 1002 2483 1049 et
2512 992 2818 1049 desiderio.

2163 1084 2231 1137 ll.
2265 1083 2394 1138 Haec
2416 1098 2546 1139 cum
2566 1081 2826 1152 dixisset,
2860 1097 3174 1137 conversus
3205 1090 3290 1138 est
3324 1081 3398 1138 ad
3428 1097 3720 1138 somnum.

2088 1173 2210 1229 Una
2253 1176 2445 1227 autem
2496 1187 2563 1227 ex
2607 1170 2681 1226 iis
2710 1187 2837 1241 quis
2886 1170 3212 1226 serviebant
3260 1171 3497 1243 regium,
3542 1187 3611 1225 ex
3650 1170 3722 1226 iis

2085 1267 2219 1317 nata
2246 1262 2341 1331 qui
2377 1263 2539 1314 erant
2583 1258 2793 1314 illustri
2833 1274 3063 1329 genere,
3098 1273 3432 1331 corpoream
3466 1258 3718 1312 habebat

2083 1350 2564 1407 consuetudinem
2598 1364 2729 1403 cum
2762 1349 3015 1418 quodam
3042 1364 3110 1403 ex
3139 1348 3210 1402 iis
3243 1350 3342 1418 qui
3374 1347 3592 1418 primos
3624 1363 3718 1416 ge-

2082 1439 2285 1494 rebant
2328 1440 2716 1508 magistratus,
2764 1436 2860 1507 qui
2891 1438 3173 1508 originem
3206 1437 3434 1507 quidem
3469 1437 3716 1489 ducebat

2080 1545 2147 1584 ex
2176 1526 2445 1598 Assyriis,
2487 1527 2799 1581 vocabatur
2845 1534 3037 1580 autem
3068 1525 3376 1580 Artasiras.
3425 1523 3527 1579 Hic
3562 1539 3712 1593 saepe

2077 1617 2310 1686 quidem
2344 1615 2495 1685 apud
2519 1631 2580 1668 se
2611 1615 2801 1668 animo
2835 1614 3220 1668 meditabatur
3249 1614 3635 1685 tyrannidem,
3658 1619 3713 1667 et

2074 1719 2208 1759 cum
2242 1703 2315 1757 iis
2346 1704 2445 1774 qui
2476 1718 2542 1758 ex
2583 1703 2790 1757 amicis
2821 1706 2985 1757 erant
3015 1701 3340 1756 fidelissimi
3374 1701 3515 1754 illud
3546 1716 3706 1755 arca-

309 1777 388 1838 εἰς
442 1774 600 1851 ἔργον
643 1771 977 1834 ἀνεϐάλλετο
1026 1774 1181 1856 φόϐῳ
1232 1785 1310 1852 τῷ
1349 1788 1448 1851 τῆς
1499 1782 1822 1858 ἂποτυχίας·
1863 1789 1961 1852 τῆς

2073 1808 2215 1847 num
2266 1790 2775 1846 communicabat:
2818 1791 2871 1844 id
2906 1794 3096 1845 autem
3129 1792 3196 1843 ad
3230 1789 3489 1844 allectum
3522 1787 3707 1842 dedu-

312 1872 523 1936 σκηνῆς
552 1866 648 1921 οὗν
694 1866 833 1938 αὕτη
884 1866 1160 1943 λαθραίως
1195 1869 1582 1941 ὑπεξελθοῦσα,
1636 1871 1825 1945 μηνύει
1872 1874 1964 1928 τὸν

313 1952 573 2027 χρησμὸν
633 1954 808 2010 πάντα
854 1960 933 2029 τῷ
992 1957 1335 2033 Ἀρτασείρᾳ,
1377 1960 1657 2034 παροξύνει
1714 1982 1771 2016 τε
1826 1960 1961 2033 πρὸς

312 2041 377 2097 τὸ
417 2037 578 2118 ἔργον
638 2043 728 2098 καὶ
778 2042 980 2122 λόγους
1037 2045 1275 2117 ἀπαιτεῖ,
1324 2048 1398 2110 ὡς
1457 2050 1538 2120 ἄν,
1595 2048 1639 2103 εἰ
1698 2049 1962 2123 ἐγκρατὴς

311 2128 532 2206 γένηται
590 2138 691 2201 τῆς
743 2135 969 2207 Πάρθων
1028 2135 1233 2210 ἀρχῆς,
1291 2136 1553 2192 κοινωνόν
1608 2138 1781 2206 αὐτὴν
1836 2134 1962 2214 ἓχοι

317 2218 441 2293 βίου
471 2220 690 2289 καίτὴν
743 2220 1019 2287 βασιλείαν
1071 2224 1207 2298 αὐτῇ
1279 2225 1506 2300 ὀνόματί
1564 2246 1623 2282 τε
1677 2227 1767 2281 καὶ
1824 2226 1962 2300 πρά-

311 2330 482 2384 γματι
522 2311 939 2383 συμμερίζοιτο.
979 2317 1038 2370 '0
1082 2310 1138 2368 δὲ
1189 2315 1488 2388 προθύμως
1530 2314 1683 2389 ὤμνυ
1734 2336 1792 2370 τε
1836 2314 1963 2378 τοὺς

312 2399 601 2472 πατρῴους
634 2399 811 2467 θεοὺς,
861 2400 951 2455 καὶ
1007 2402 1177 2474 πέρας
1225 2400 1604 2480 ἐπηγγέλλετο
1663 2399 1849 2460 λαϐεῖν
1898 2405 1966 2457 τὰ

308 2484 706 2561 ὄμωμοσμένα,
755 2490 918 2559 Ικατὰ
964 2491 1064 2559 τήν
1123 2491 1302 2565 ἀρχὴν
1349 2489 1538 2546 αὒτίκα
1586 2499 1685 2560 τῆς
1730 2491 1964 2566 ἀναρῥή·

308 2594 464 2636 σεως.
500 2575 605 2633 Καὶ
650 2580 820 2632 ταῦτα
864 2576 1200 2652 αἰτησαμένη
1240 2578 1331 2634 καὶ
1372 2581 1440 2635 τὰ
1485 2580 1650 2635 πιστὰ
1698 2576 1961 2649 λαϐοῦσα,

313 2663 445 2738 μετὰ
486 2662 727 2731 σπουδῆς
760 2663 912 2731 αὖθις
968 2667 1067 2736 τὴν
1127 2668 1418 2743 βασιλικὴν
1461 2670 1685 2740 σκηνὴν,
1735 2666 1960 2736 πολλὴν

306 2752 406 2805 τοῦ
437 2748 620 2814 λαθεῖν
654 2751 956 2825 ποιουμένη
1006 2754 1266 2828 πρόνοιαν
1311 2755 1627 2831 ἀποτρέχειο
1682 2752 1857 2829 ὄνομα
1905 2753 1964 2811 δὶ

313 2842 393 2910 τῷ
458 2839 663 2913 γυναίῳ
728 2840 1113 2916 Ἀρταδοῦκτα.
1179 2846 1242 2901 Ὀ
1310 2846 1402 2900 οὗν
1464 2846 1815 2920 Ἀρτασείρας
1886 2846 1961 2907 εἰς

317 2931 439 2981 νοῦν
471 2934 571 2997 τῆς
622 2930 877 3003 γυναικὸς
932 2931 1032 2998 τήν
1078 2930 1336 3007 ἀγγελίαν
1394 2930 1727 3006 βαλόμενος,
1777 2930 1965 2995 δεινῶς

312 3019 391 3087 τῷ
419 3022 519 3084 τῆς
561 3016 743 3091 ἀρχῆς
786 3016 1048 3086 ἡλίσκετο
1096 3015 1282 3094 ἔρωτι,
1335 3019 1425 3075 καὶ
1469 3021 1782 3095 συναγαγών
1840 3020 1965 3082 τοὺς

314 3101 367 3159 ἐν
393 3102 538 3160 τέλει
570 3108 791 3179 Περσῶν
836 3126 895 3161 τε
940 3108 1031 3162 καὶ
1081 3108 1402 3184 Ἀσσυρίων,
1454 3109 1543 3171 οἷς
1602 3106 1837 3182 μάλιστα
1890 3109 1966 3172 ὡς

2071 1896 2198 1935 cere
2227 1880 2548 1947 differebat,
2581 1878 2733 1949 quod
2769 1879 2996 1933 timeret
3022 1893 3092 1932 ne
3121 1893 3211 1932 res
3245 1878 3596 1932 succederet.
3630 1880 3707 1930 Ea

2073 1984 2230 2040 ergo,
2253 1968 2403 2023 clam
2427 1983 2658 2036 egressa
2680 1982 2710 2021 e
2727 1965 3312 2029 tabernaculo,totam
3338 1981 3457 2019 rem
3482 1962 3705 2018 indicat

2071 2057 2362 2121 Artasiraa,
2414 2060 2470 2110 et
2512 2055 2583 2110 ad
2635 2070 2780 2125 opus
2826 2053 3055 2119 excitat,
3109 2052 3464 2123 promissum
3514 2052 3585 2106 ab
3635 2066 3701 2105 eo

2072 2145 2329 2216 exigens,
2364 2153 2446 2210 ut,
2477 2143 2529 2199 si
2559 2143 2898 2199 Parthorum
2924 2142 3178 2213 potiatur
3206 2141 3466 2209 imperio,
3497 2155 3621 2195 eam
3646 2142 3703 2193 et

2071 2235 2205 2290 vitae
2236 2234 2446 2289 haheat
2476 2233 2718 2299 sociam,
2754 2236 2810 2287 et
2839 2247 2968 2287 cum
3003 2247 3067 2287 ea
3097 2245 3342 2301 regnum
3380 2233 3437 2283 et
3466 2227 3701 2283 nomine

2070 2328 2128 2379 et
2158 2339 2218 2379 re
2248 2322 2489 2378 dividat.
2525 2322 2625 2377 llle
2656 2326 2848 2376 autem
2894 2325 3155 2389 prompto
3203 2322 3259 2374 et
3288 2316 3466 2373 alacri
3504 2316 3701 2370 animo

2065 2412 2285 2482 juravit
2313 2412 2452 2467 deos
2492 2410 2742 2481 patrios:
2791 2415 2847 2464 et
2877 2426 3004 2479 qum
3049 2407 3266 2478 juravit
3294 2405 3588 2478 pollicitus
3617 2409 3705 2459 est

2072 2502 2247 2557 linem
2282 2508 2606 2571 acceptura,
2638 2514 2773 2553 cum
2806 2498 3057 2567 primum
3091 2512 3189 2551 rex
3216 2495 3384 2551 fuerit
3414 2494 3705 2550 renuntia-

2073 2595 2182 2643 tus.
2219 2588 2362 2642 Cum
2395 2588 2514 2642 haec
2550 2586 2832 2657 petiisset,
2864 2590 2922 2640 et
2962 2586 3134 2639 ﬁdem
3168 2584 3239 2639 ab
3269 2599 3337 2638 eo
3367 2582 3704 2652 accepisset,

2070 2692 2313 2748 propere
2344 2676 2590 2731 recurrit
2620 2676 2679 2729 in
2719 2674 2943 2745 regium
2976 2672 3438 2737 tabernaculum,
3472 2676 3535 2725 ut
3566 2672 3706 2725 late-

2070 2770 2176 2831 ret,
2202 2764 2509 2835 diligenter
2533 2762 2859 2832 providens.
2884 2760 3111 2815 Mulieri
3133 2766 3325 2815 autem
3350 2774 3560 2814 nomen
3586 2764 3708 2813 erat

2070 2851 2411 2907 Artaducta.
2438 2851 2727 2906 Artasiras
2750 2864 2911 2921 ergo,
2934 2849 3194 2904 mulieris
3212 2849 3479 2903 nuntium
3505 2846 3702 2902 animo

2072 2940 2324 3010 agitans,
2356 2945 2559 3009 captus
2590 2948 2709 2994 erat
2731 2937 3056 2992 vehementi
3081 2936 3361 3007 regnandi
3385 2935 3700 2990 desiderio:

2071 3033 2126 3081 et
2167 3042 2297 3081 cum
2348 3027 2674 3098 collegisset
2718 3042 2788 3081 ex
2834 3025 3019 3081 Persis
3061 3028 3118 3079 et
3164 3023 3413 3095 Assyriis
3458 3038 3556 3077 eos
3603 3021 3704 3093 qui

2073 3114 2348 3185 gerebant
2389 3114 2788 3185 magistratus,
2827 3113 3059 3183 quibus,
3092 3115 3287 3182 utpote
3317 3109 3701 3175 fidelissimis,

312 3194 657 3249 πιστοτάτοις
715 3194 946 3269 έθάρῥει,
1007 3197 1096 3251 καὶ
1174 3201 1426 3253 κατεῖπεν
1485 3195 1539 3251 ἐν
1599 3203 1715 3260 τοῖς
1776 3196 1961 3273 λόγοις

2075 3181 2404 3257 confidebat
2436 3181 2705 3266 maxime,
2756 3181 2901 3255 etin
2942 3216 3050 3254 sua
3096 3181 3170 3254 ad
3209 3214 3305 3255 eos
3353 3197 3613 3253 oratione
3643 3195 3702 3250 in

309 3291 405 3355 τῆς
454 3284 685 3361 Πάρθων
736 3284 1073 3361 ἀλαζονείας,
1133 3289 1200 3342 τά
1259 3289 1426 3361 ὅμοια
1484 3283 1958 3362 συμϐουλεύοντας

309 3373 396 3429 καὶ
425 3372 620 3436 αὐτοὺς
668 3374 923 3449 εὑρίσκει·
963 3376 1055 3431 καί
1102 3376 1206 3453 γὰρ
1256 3376 1501 3457 ηὔχοντο
1548 3376 1812 3447 κάκεῖνοι,
1860 3385 1961 3448 τῆς

314 3462 404 3535 μὲν
439 3463 717 3538 Παρθικῆς
775 3461 1156 3539 ἀπαλλαγῆναι
1207 3463 1554 3539 τυραννίδος,
1610 3464 1660 3536 ἐξ
1722 3464 1957 3539 α’ίματος

312 3548 368 3605 δὲ
419 3550 629 3605 οἰκείου
683 3552 785 3618 τήν
844 3555 1062 3625 Περσῶν
1120 3549 1251 3607 ἰδεῖν
1311 3552 1552 3622 ἐξουσίαν
1610 3552 1957 3625 ἶθυνομὲνην.

311 3638 653 3715 Ψηφίζονται
682 3642 813 3712 γοῦν
864 3637 1047 3713 ὥσπερ
1091 3645 1192 3709 τῆς
1244 3638 1453 3713 βουλῆς
1502 3641 1770 3715 ἡγεμόνα,
1817 3639 1959 3695 οὕτω

311 3725 395 3781 καὶ
424 3729 532 3781 τῶν
592 3727 836 3798 πράξεων
897 3726 1080 3788 αὐτοῖς
1138 3729 1376 3803 γενέσθαι
1435 3729 1525 3784 τὸν
1584 3730 1957 3805 Ἀρτασείραν.

312 3816 396 3871 καὶ
444 3814 752 3889 πέμπουσιν
802 3814 1064 3894 ἀγγέλους
1114 3818 1251 3892 πρὸς
1302 3813 1655 3889 Ἀρταϐάνην,
1703 3819 1959 3889 ἐκστῆναι

312 3910 695 3980 παραινοῦντες
759 3912 860 3976 τῆς
931 3906 1209 3983 βασιλείας
1275 3908 1451 3983 χωρὶς
1545 3905 1802 3963 κινδύνων
1866 3910 1957 3962 καὶ

314 4000 416 4051 τῶν
444 3993 635 4051 ἄλλων
666 3996 725 4052 ἐκ
754 4000 851 4051 τοῦ
893 3995 1146 4070 πολέμοῦ
1196 3992 1600 4071 συμϐαινόντων
1646 4003 1845 4057 κακῶν.
1894 3999 1957 4056 Ὁ

315 4081 367 4138 δὶ
396 4084 532 4159 πρὸς
562 4084 625 4139 τὸ
684 4083 884 4140 οἰκεῖον
936 4086 1226 4162 ἀνενεγκὼν
1274 4088 1570 4160 μάντευμα,
1612 4087 1701 4142 καὶ
1752 4086 1954 4166 χρόνον

310 4174 403 4243 τὴν
462 4172 708 4253 κεφαλὴν
767 4172 1069 4244 ἐπικλίνας,
1136 4173 1445 4248 ἀπράκτους
1506 4176 1600 4249 μὲν
1665 4174 1794 4235 τοὺς
1851 4176 1956 4227 ἀπ-

312 4260 671 4336 εσταλμένους
727 4259 1013 4335 ἐκπέμπει,
1080 4262 1367 4318 ξπαπειλεῖ
1421 4261 1496 4333 δὲ,
1555 4264 1629 4324 ὡς
1688 4261 1733 4316 εί
1792 4260 1955 4316 πάλιν

312 4350 555 4405 τοιοῦτόν
614 4371 666 4405 τι
731 4350 1163 4427 ἀπαγγελοῦντες
1218 4348 1553 4418 ἐλεύσονται,
1633 4348 1724 4405 ἀπ’
1782 4347 1955 4404 αὐτῶν

316 4438 544 4512 πρώτων
588 4439 685 4500 τὰς
721 4444 823 4507 τῆς
885 4434 1093 4511 ὕϐρεως
1150 4438 1384 4511 λήψεται
1443 4434 1615 4500 δίκας.
1664 4438 1841 4508 Ζήκας
1892 4439 1958 4506 ἦν

313 4527 398 4581 καὶ
434 4527 663 4602 Καρίνας
692 4526 875 4588 αὐτοῖς
905 4526 972 4582 τὰ
1002 4526 1261 4601 ὀνόματά.

380 4617 451 4674 Γ’.
512 4616 611 4671 Καὶ
662 4616 1092 4692 ὑποστρέψαντες
1144 4616 1585 4693 ἀπαγγέλλουσιν
1638 4618 1955 4695 Ἀρτασείρᾳ

315 4704 402 4759 καὶ
439 4710 559 4768 τοῖς
600 4704 843 4779 λοιποῖς,
896 4707 995 4762 ὅσα
1025 4708 1053 4762 ὁ
1087 4706 1344 4783 βασιλεὺς
1391 4708 1509 4763 εἶπέ
1555 4727 1613 4763 τε
1654 4708 1741 4764 καὶ
1791 4709 1953 4779 ἠπει-

319 4794 541 4864 Λήσατο.
600 4795 731 4851 Εἶτα
788 4800 1162 4870 συγκροτεῖται
1200 4795 1288 4851 καὶ
1339 4796 1466 4871 παρ’
1534 4796 1808 4871 ἑκατέροις
1852 4795 1955 4852 πό·

318 4881 502 4959 λεμος.
562 4884 694 4960 Πρὶν
747 4885 785 4957 ἤ
843 4883 902 4943 δὶ
958 4885 1286 4963 συρραγῆναι
1343 4891 1533 4943 τοῦτον
1611 4887 1953 4963 Ἀρτασείρας

316 4970 550 5048 πέμψας.
609 4971 727 5052 ἄγει
780 4977 880 5045 τὴν
939 4973 1334 5051 ’Λρταδούκτάν
1400 4977 1537 5053 πρὸς
1594 4977 1804 5049 ἑαυτὸν,
1860 4979 1947 5033 καὶ

315 5062 506 5135 ταύτην
539 5062 592 5119 ἂν
630 5063 993 5141 ΐσχυρωτάτῳ
1031 5065 1275 5143 φρουρίῳ
1335 5066 1466 5140 μετὰ
1495 5073 1595 5135 τῆς
1632 5065 1814 5129 ούσίας
1856 5066 1952 5123 αύ-

316 5173 407 5208 του
461 5152 639 5224 πάσης
695 5153 1032 5226 καθίστησιν.
1092 5155 1181 5217 Ὡς
1240 5151 1297 5209 δὲ
1354 5155 1430 5217 εἰς
1496 5160 1688 5230 χεῖρας
1739 5160 1846 5210 τῶν
1892 5174 1951 5210 τε

318 5245 533 5317 Περσῶν
569 5242 658 5297 καὶ
688 5247 796 5297 τῶν
831 5246 1057 5318 Πάρθων
1106 5244 1161 5298 αἱ
1211 5240 1466 5316 δυνάμεις
1524 5245 1809 5315 συνῆθὸον,
1856 5244 1949 5298 πί-

322 5351 509 5386 πτουσι
545 5331 640 5404 μὲν
687 5332 1020 5408 ἑκατέρωθεν
1070 5329 1341 5387 πλεῖστοι·
1392 5328 1664 5405 ἀπέϐλεψε
1711 5329 1768 5387 δὲ
1814 5333 1949 5407 πρὸς

318 5420 401 5474 τὸν
430 5420 774 5496 Ἀρτασείραν
816 5425 851 5491 ἡ
883 5421 1026 5491 νίκη.
1058 5419 1316 5494 Δευτέρας
1363 5417 1420 5474 δὶ
1470 5416 1754 5495 συμϐολῆς
1793 5438 1948 5497 γενο-

323 5507 496 5580 μένης,
560 5508 624 5563 τὸ
682 5509 776 5581 μὶν
837 5508 1103 5582 Παρθικὸν
1156 5511 1234 5580 τῷ
1299 5506 1555 5583 πολεμίῳ
1618 5511 1947 5584 κατακράτος

318 5596 626 5669 ἀνηλίσκετο
655 5597 815 5677 ξίφει,
846 5599 922 5663 εἰς
954 5600 1137 5677 φυχήν
1178 5595 1235 5655 δὲ
1282 5597 1370 5655 καὶ
1402 5598 1561 5662 αὐτὸς
1606 5594 1940 5674 Ἀρταϐάνης

1979 4542 2038 4610 D

2066 3290 2325 3345 medium
2346 3288 2683 3343 adduxisset
2700 3286 3036 3342 Parthorum
3058 3285 3467 3353 arrogantiam,
3485 3282 3704 3339 invenit

2063 3395 2161 3435 eos
2191 3393 2423 3451 quoque
2453 3376 2670 3433 similia
2687 3374 3073 3430 consulentes.
3098 3372 3325 3428 Etenim
3358 3372 3443 3427 illi
3473 3389 3701 3442 quoque

2063 3471 2349 3541 optabant
2381 3483 2415 3522 a
2452 3465 2721 3520 Parthica
2759 3463 2995 3535 quidem
3028 3461 3256 3517 liberari
3289 3462 3631 3533 tyrannide:
3667 3478 3699 3515 a

2064 3576 2165 3615 suo
2184 3564 2373 3613 autem
2395 3556 2679 3627 sanguine
2694 3555 2882 3609 videre
2900 3554 3020 3623 regi
3040 3553 3342 3607 Persarum
3362 3551 3695 3623 imperium.

2064 3649 2393 3703 Decernunt
2431 3647 2644 3716 itaque,
2678 3652 2739 3699 ut
2778 3642 3069 3714 quomodo
3116 3641 3365 3707 consilii,
3407 3641 3488 3695 ita
3518 3641 3695 3695 etiam

2065 3751 2258 3790 rerum
2290 3734 2548 3805 ipsarum
2594 3732 2977 3803 gerendarum
3011 3737 3157 3784 esset
3190 3729 3307 3782 dux
3344 3732 3397 3782 et
3432 3727 3698 3797 princeps

2062 3823 2387 3881 Artasiras:
2437 3832 2489 3877 et
2533 3821 2777 3875 mittunt
2816 3819 3051 3873 nuntios
3092 3818 3163 3871 ad
3196 3817 3571 3883 Artabanem,
3605 3832 3700 3871 ro-

2062 3923 2265 3987 gantes
2296 3916 2362 3966 ut
2389 3928 2419 3966 e
2466 3926 2642 3981 regno
2673 3910 2972 3963 excederet
3010 3908 3133 3962 sine
3165 3906 3441 3976 periculo,
3476 3910 3533 3960 et
3570 3905 3700 3958 aliis

2062 4002 2253 4069 malis,
2287 4017 2414 4072 quae
2444 4016 2475 4054 e
2524 3998 2673 4054 bello
2718 3997 3013 4052 eveniunt.
3067 3995 3167 4050 Ille
3215 3999 3409 4049 autem
3460 4009 3592 4047 cum
3626 3993 3693 4046 ad

2062 4108 2230 4147 suam
2253 4088 2663 4143 divinationem
2696 4092 2750 4140 et
2771 4091 3003 4154 tempus
3025 4091 3195 4152 caput
3219 4082 3570 4148 inclinasset,
3601 4096 3698 4135 eos

2063 4179 2296 4249 quidem
2329 4175 2429 4244 qui
2461 4175 2625 4227 missi
2659 4174 2882 4228 fuerant
2912 4170 3155 4225 dimittit
3186 4186 3245 4223 re
3275 4170 3522 4223 infecta:
3557 4186 3693 4238 pra:-

2061 4270 2216 4320 terea
2239 4272 2431 4318 autem
2466 4262 2743 4325 minatur,
2768 4261 2944 4329 quod,
2978 4260 3025 4312 si
3058 4257 3171 4311 tale
3192 4257 3329 4327 quid
3360 4257 3621 4311 venerint
3640 4257 3692 4313 ei

2064 4369 2267 4409 rursus
2300 4348 2644 4416 nuntiaturi,
2673 4355 2859 4403 sumet
2884 4349 3138 4417 primum
3173 4362 3371 4416 poenas
3391 4347 3460 4400 de
3490 4361 3690 4401 eorum

2062 4440 2433 4501 contumelia.
2466 4444 2639 4495 Zecas
2668 4442 2724 4494 et
2750 4438 2999 4493 Carenas
3029 4439 3193 4491 erant
3213 4435 3297 4492 eis
3328 4434 3586 4491 nomina.

2135 4623 2230 4680 IIl.
2264 4620 2497 4679 Reversi
2532 4624 2727 4677 autem
2772 4618 3109 4677 renuntiant
3156 4615 3415 4674 Artasire
3464 4618 3519 4671 et
3559 4613 3693 4670 reli-

2059 4711 2191 4786 quis
2221 4728 2289 4768 ca
2319 4727 2442 4784 quis
2475 4726 2573 4766 rex
2602 4710 2823 4766 dixerat
2849 4713 2909 4766 et
2939 4708 3196 4764 minatus
3228 4708 3436 4762 fuerat.
3475 4702 3692 4759 Deinde

2058 4800 2277 4858 bellum
2329 4802 2401 4857 ab
2448 4799 2567 4856 illis
2613 4802 3003 4870 comparatur.
3049 4795 3401 4866 Priusquam
3450 4807 3582 4848 vero
3629 4791 3687 4846 id

2057 4894 2404 4962 erumperet,
2437 4888 2595 4943 misit
2617 4887 2925 4950 Artasiras,
2957 4884 3058 4956 qui
3082 4882 3156 4939 ad
3174 4899 3238 4938 se
3260 4883 3496 4937 duceret
3524 4884 3691 4936 Arta-

2063 4978 2339 5034 ductam:
2380 4981 2437 5033 et
2475 4991 2600 5032 eam
2646 4976 2703 5029 in
2747 4973 3105 5028 validissimo
3144 4969 3383 5026 collocat
3423 4968 3690 5039 praesidio

2064 5082 2195 5122 cum
2232 5066 2503 5122 omnibus
2535 5064 2656 5120 suis
2688 5062 3081 5118 facultatibus.
3115 5059 3256 5114 Cum
3280 5065 3470 5113 autern
3496 5059 3694 5112 Persa-

2060 5171 2179 5211 rum
2229 5164 2282 5211 et
2340 5154 2683 5209 Parthorum
2735 5153 2913 5222 copias
2972 5165 3183 5203 manus
3235 5148 3688 5210 conseruissent,

2059 5245 2335 5317 utrinque
2383 5244 2621 5314 quidem
2671 5244 2886 5295 cadunt
2927 5236 3198 5307 plurimi:
3249 5236 3319 5291 ad
3368 5234 3686 5290 Artasiram

2057 5338 2252 5390 autem
2284 5334 2507 5403 aspexit
2548 5329 2806 5385 victoria.
2839 5327 3104 5383 Secundo
3135 5333 3325 5381 autem
3373 5325 3690 5379 commisso

2063 5424 2279 5495 praelio,
2305 5420 2497 5476 Parthi
2529 5420 2755 5489 quidem
2783 5433 2883 5488 per
2903 5418 3018 5470 vim
3043 5416 3115 5471 ab
3138 5416 3332 5470 hostili
3362 5430 3501 5470 ense
3533 5414 3692 5468 fuere

2058 5510 2409 5582 consumpti,
2445 5511 2502 5563 in
2535 5508 2728 5579 fugam
2762 5516 2952 5563 autem
2989 5522 3187 5561 versus
3226 5506 3335 5560 fuit
3365 5504 3491 5574 ipse
3521 5509 3687 5558 Arta-

2061 5601 2263 5659 banes.
2296 5599 2436 5656 Cum
2468 5614 2529 5657 se
2559 5601 2750 5654 autem
2782 5612 2980 5653 rursus
3011 5594 3355 5667 collegisset,
3386 5596 3442 5650 et
3469 5591 3539 5649 ad
3571 5589 3690 5646 bal.
