4124 6270
524 244 638 305 947
1808 240 2090 302 MENSIS
2138 236 2617 299 SEPTEMBER.
3900 240 3965 297 9h

516 405 636 460 lum
666 404 979 475 gerendum
1014 418 1217 457 rursus
1239 400 1520 472 coegisset
1540 399 1759 470 cupias,
1783 399 1980 454 animo
2011 414 2145 453 con-

2283 397 2477 475 χώρει.
2509 387 2823 449 Ἀναλαὸὼν
2872 390 2930 448 δὲ
2978 393 3140 450 πάλιν
3194 396 3484 469 ἓαυτρν,
3549 391 3655 447 καὶ
3714 404 3969 471 rava-{171.

517 494 665 549 ﬁdit.
713 493 991 548 Caeterum
1040 494 1228 546 totum
1278 505 1499 545 annum
1554 487 1864 560 aliquando
1913 487 2151 557 quidem

2282 485 2487 557 Ξύναμιν
2557 482 2633 543 εἰς
2713 483 2775 539 τὸ
2840 481 3124 556 πολεμεῖν,
3226 482 3655 557 ἀνεθάρσησε
3745 485 3833 537 καὶ
3887 487 3967 539 6m

517 584 709 640 Persis
767 589 970 639 contra
1010 582 1273 649 Parthos,
1325 579 1638 650 aliquando
1685 584 1876 633 autem
1924 577 2155 632 Parthis

2282 573 2519 640 ivuutov,
2572 574 2640 645 τῇ
2712 573 2806 645 μὲν
2876 574 3120 645 Ηερσῶν,
3182 576 3287 646 πῇ
3374 569 3451 626 δὲ
3526 572 3785 645 Πάρθων
3843 574 3965 629 πο).κέ

518 673 797 728 adversus
829 677 1030 727 Persas
1061 670 1502 725 ostendentibus
1526 672 1708 723 multa
1732 668 1982 723 audaciae
2016 667 2155 720 taci-

2282 662 2381 715 ιατ’
2412 660 2679 731 ἀλΛήλων
2711 655 2836 735 ἔργι
2885 660 3106 733 τόλμης
3151 683 3209 717 τε
3274 664 3394 716 καί
3460 658 3787 734 ἐμπειρίας
3826 661 3964 718 ἐπιξε-

520 778 663 817 nora
691 765 747 816 et
778 758 909 815 belli
942 758 1333 830 experientiae,
1364 774 1495 813 cum
1532 762 1828 829 postremo
1858 759 2159 824 utriusque

2282 747 2565 822 ινυμένων,
2597 746 2782 816 ἐπειδὴ
2815 748 2879 803 τὸ
2921 746 3242 805 τελευταῖον
3304 748 3380 803 αἱ
3442 748 3814 822 παρατάξεις
3857 748 3961 825 try..-

2269 838 2524 912 ἐκατέρου
2586 836 2783 911 μέρους
2841 834 3111 913 ἐγένοντο,
3168 838 3364 915 φασὶν
3441 838 3833 912 Ἀρτασείραν
3875 848 3957 913 πρὶς

2271 922 2606 1002 Ἀρταϐάνην
2657 926 2828 982 εἰπεῖν
2877 928 2969 981 τὸν
3033 927 3306 1002 βασιλὲα,
3390 928 3489 996 μὴ
3562 929 3762 1000 μᾶτην
3818 936 3953 988 πονεῖς

520 849 703 921 partis
735 848 887 904 acies
920 861 1095 918 prope
1127 854 1343 910 essent,
1387 846 1555 901 aiunt
1595 847 1912 901 Artasiram
1945 845 2160 898 dixisse

518 937 800 995 Artabani
822 936 964 1007 regi,
1000 950 1068 989 ne
1098 939 1311 990 temere
1342 934 1571 1005 faceret,
1605 940 1660 990 et
1690 935 1953 1006 perderet
1982 947 2160 1005 gene-

526 1044 590 1083 ra
632 1028 934 1082 Persarum
968 1028 1025 1080 et
1071 1022 1460 1078 Parthorum:
1514 1038 1761 1095 regnum
1804 1022 1960 1078 enim
2009 1020 2161 1077 nolle

524 1116 797 1185 deinceps
829 1128 1065 1169 manere
1096 1112 1249 1181 apud
1274 1111 1647 1181 Artabanem,
1681 1111 1783 1167 sed
1814 1110 2059 1166 transire
2088 1110 2160 1165 ad

522 1204 861 1259 Artasiram.
896 1201 979 1257 Tu
1012 1210 1228 1268 autem,
1280 1200 1490 1270 inquit,
1533 1201 1580 1254 si
1611 1216 1705 1255 me
1743 1200 1972 1267 audias,
2002 1199 2162 1254 vives

522 1292 675 1347 citra
708 1290 889 1347 ullam
926 1290 1273 1345 molestiam.
1325 1289 1484 1346 Dabo
1515 1291 1671 1345 enim
1706 1288 1811 1343 tibi
1844 1288 2161 1359 regionem,

526 1397 655 1451 quae
686 1380 907 1436 affatim
939 1378 1333 1450 suppeditabit
1363 1381 1560 1433 omnia
1589 1394 1715 1449 quas
1742 1378 1811 1432 ad
1841 1393 2011 1432 usum
2045 1392 2166 1447 per-

527 1470 737 1525 tinent.
770 1469 1006 1539 Oportet
1053 1473 1247 1523 autem
1297 1484 1413 1524 non
1461 1467 1574 1523 alio
1622 1483 1799 1538 quam
1846 1465 2032 1537 teipso
2081 1466 2161 1519 uti

531 1557 812 1628 magistro
843 1556 968 1626 ejus
1000 1557 1155 1626 quod
1186 1560 1275 1610 est
1296 1554 1452 1624 utile,
1485 1561 1541 1610 et
1574 1554 1915 1610 meminisse
1938 1569 2167 1624 respon-

528 1646 580 1702 si
620 1646 772 1718 quod
810 1644 1124 1717 aliquando
1168 1645 1384 1715 reginas
1421 1645 1619 1699 dixisti
1662 1643 1721 1699 in
1766 1642 2163 1699 tabernaculo.

532 1735 644 1790 Sed
681 1735 799 1790 haec
830 1734 1064 1805 quidem
1094 1734 1407 1789 Artasiras.

603 1822 697 1877 IV.
727 1823 1048 1877 Artabanes
1070 1827 1263 1877 autem
1299 1822 1461 1893 prius
1485 1821 1770 1893 aspiciens
1792 1822 1860 1877 ad
1886 1820 2169 1893 quosdam

531 1927 669 1967 suos
703 1910 1048 1967 familiares:
1086 1911 1269 1977 Quam
1294 1910 1483 1979 gravis
1506 1927 1598 1966 res
1628 1921 1734 1980 est,
1768 1910 1976 1982 inquit,
2001 1910 2167 1965 femi-

532 2017 625 2055 na.
648 2003 824 2057 Amor
845 2000 1098 2072 conjugii
1122 2000 1311 2070 potius
1337 2000 1565 2062 laeserit,
1590 2017 1763 2073 quam
1778 2000 2014 2071 juverit.
2040 2000 2169 2054 Haec

531 2104 659 2144 cum
678 2089 931 2156 dixisset,
942 2090 1110 2158 jubet
1125 2089 1370 2145 transire
1383 2091 1694 2160 quemdam
1714 2105 1781 2146 ex
1797 2088 2167 2156 satellitibus,

530 2182 587 2233 et
615 2178 943 2234 interﬁcere
974 2178 1259 2249 reginam.
1296 2178 1675 2234 Existimabat
1704 2180 1859 2234 enim
1881 2195 2012 2235 eam
2042 2194 2171 2250 pro-

528 2265 750 2323 didisse
782 2270 1089 2323 secretum.
1132 2267 1457 2322 Conversus
1496 2272 1686 2323 autem
1723 2268 1794 2323 ad
1828 2267 2167 2334 Artasiram,

530 2355 833 2431 respondit
861 2372 991 2412 esse
1023 2356 1134 2412 sibi
1156 2356 1327 2427 longe
1348 2355 1663 2427 optabilius
1688 2357 1855 2423 mori,
1879 2372 2052 2427 quam
2076 2358 2171 2411 Ar-

532 2447 748 2515 tasiraa,
781 2445 884 2516 qui
929 2448 1051 2499 erat
1099 2460 1321 2511 servus,
1356 2460 1531 2516 regno
1561 2446 1785 2500 cedere.
1828 2444 1962 2507 Qua
1994 2444 2167 2500 simul

534 2540 707 2604 atque
738 2534 1001 2599 dixisset,
1032 2531 1239 2587 insane
1268 2540 1320 2586 et
1352 2531 1689 2588 bacchantis
1722 2549 1875 2589 more
1906 2532 2080 2587 irruit
2110 2533 2165 2586 in

533 2624 761 2689 Persas,
801 2626 857 2676 et
886 2637 953 2676 ex
1001 2619 1085 2675 eis
1130 2620 1366 2690 quidem
1417 2620 1630 2676 multos
1677 2622 1920 2689 sauciat,
1972 2620 2169 2692 plures

535 2715 729 2765 autem
760 2708 1004 2763 occidit:
1038 2708 1237 2778 dirigit
1262 2723 1396 2763 vero
1427 2709 1599 2764 etiam
1630 2708 1857 2764 hastam
1891 2710 2170 2765 adversus

531 2797 866 2854 Artasiram.
902 2795 1004 2851 Ille
1035 2799 1224 2851 autem
1258 2796 1532 2866 (habebat
1560 2797 1714 2852 enim
1750 2813 1961 2852 manus
1987 2799 2169 2869 sagit-

532 2885 694 2940 tandi
729 2885 966 2956 peritas,
997 2889 1054 2939 et
1084 2901 1214 2954 quae
1236 2884 1343 2939 hac
1371 2885 1428 2940 in
1461 2901 1521 2941 re
1542 2901 1773 2956 semper
1803 2902 2014 2958 magna
2034 2902 2167 2942 cum

529 2974 703 3029 laude
749 2972 1151 3042 versabantur)
1202 2973 1398 3043 fugam
1434 2975 1671 3044 quidem
1715 2975 1972 3031 simulat.
2023 2974 2166 3030 Dum

530 3078 663 3117 eum
684 3066 875 3117 autem
898 3061 1285 3133 persequitur,
1308 3063 1625 3117 Artabanes
1641 3062 2091 3119 immittittelum
2107 3064 2166 3119 in

531 3156 734 3224 pectus
756 3154 986 3221 propter
1004 3150 1388 3206 mammillam
1418 3154 1547 3222 ejus
1569 3152 1668 3222 qui
1692 3155 2169 3224 persequebatur.

532 3241 694 3307 Quod
727 3256 883 3307 cum,
910 3240 983 3294 ob
1006 3239 1156 3296 vires
1179 3242 1305 3311 ejus
1333 3241 1429 3311 qui
1456 3243 1645 3297 fuerat
1668 3243 1979 3313 jaculatus,
2007 3244 2179 3299 susti-

535 3330 657 3383 neri
691 3345 805 3383 non
838 3329 1141 3398 potuisset,
1184 3330 1401 3400 rumpit
1433 3332 1705 3385 Artabani
1742 3332 2081 3386 thoracem:
2122 3339 2178 3387 et

534 3417 780 3486 trajectu
811 3423 1060 3488 pectore,
1103 3418 1313 3473 excidit
1344 3434 1372 3473 e
1402 3419 1597 3487 dorso,
1647 3424 1702 3475 et
1750 3426 1932 3476 morte
1979 3420 2174 3476 statim

540 3506 721 3562 afﬁcit
741 3506 1117 3563 Artabanem.
1143 3507 1269 3561 Mox
1297 3511 1488 3563 autem
1513 3508 1922 3565 convenientes
1944 3509 2095 3565 inter
2116 3526 2179 3566 se

538 3594 733 3649 Parthi
765 3599 821 3649 et
852 3592 1055 3661 Perse,
1089 3610 1283 3666 regem
1334 3597 1673 3653 renuntiant
1709 3599 2048 3664 Artasiram,
2080 3600 2177 3670 qui

546 3682 893 3737 ostendebat
939 3698 1001 3738 se
1039 3698 1311 3753 magnam
1363 3700 1561 3740 eorum
1607 3702 1805 3757 gerere
1852 3704 2072 3755 curam,
2125 3694 2181 3744 et

545 3787 661 3824 non
696 3785 926 3840 parvam
956 3786 1081 3825 esse
1101 3786 1269 3826 suam
1298 3770 1355 3824 in
1387 3788 1486 3828 eos
1512 3773 1959 3831 humanitatem.
1995 3776 2064 3831 Et
2084 3776 2179 3832 ille

544 3858 785 3928 quidem
809 3873 944 3913 cum
968 3858 1050 3913 sic
1081 3874 1141 3915 se
1168 3858 1427 3927 haberet,
1454 3862 1827 3917 Artaductam
1853 3861 2015 3918 ducit
2048 3881 2180 3920 uxo-

543 3963 689 4012 rem,
723 3962 895 4017 quam
925 3946 1557 4018 datumjujusrandum
1586 3949 1637 4005 ei
1668 3950 1829 4022 prius
1858 3952 2183 4023 desponde-

543 4039 672 4089 rat:
706 4040 762 4089 et
794 4050 920 4090 eam
944 4034 1108 4105 eligit
1139 4036 1416 4105 reginam.

615 4124 682 4179 V.
716 4128 936 4180 Cusaro
968 4130 1161 4180 autem
1206 4127 1512 4184 Artabanis
1554 4129 1749 4198 frater,
1793 4129 1895 4202 qui
1934 4146 2179 4204 regnum

543 4228 769 4284 magna;
800 4213 1436 4284 obtinebatArmenite,
1482 4234 1616 4274 cum
1668 4219 2043 4277 intellexisset
2089 4238 2177 4291 ea,

2268 1014 2359 1070 καὶ
2401 1014 2635 1094 φθείρειν
2683 1016 2750 1069 τὰ
2799 1019 3016 1088 Περσῶν
3058 1034 3117 1071 τε
3166 1017 3265 1071 καί
3349 1021 3629 1090 Παρθων
3704 1016 3852 1090 γένη·
3899 1026 3935 1083 τάχ

2269 1106 2369 1178 γὰρ
2405 1102 2683 1179 βασιλείαν
2730 1103 2830 1159 οὐκ
2874 1101 3184 1178 ’Λρταϐάνη
3240 1105 3494 1161 λοιπὸν
3567 1103 3786 1160 ἐθέλειν
3837 1127 3949 1181 παρι-

2276 1195 2478 1265 μὲνειν,
2540 1191 2669 1248 ἀλλ’
2738 1193 2815 1255 εἷς
2885 1194 3235 1268 Ἀρτασείραν
3334 1188 3763 1267 μεταϐαίνειν.
3817 1198 3877 1251 Σὺ
3918 1199 3945 1251 EE.

2277 1283 2497 1358 βιώσεις
2525 1282 2771 1353 ἀλύπως,
2810 1283 2876 1352 ἢν
2907 1281 3030 1355 ἐμοὶ
3062 1285 3249 1354 πείθη,
3296 1282 3501 1339 δώσω
3537 1283 3654 1359 γάρ
3691 1286 3943 1361 σοιγώρσι,

2274 1368 2524 1445 δαψιλῶς
2587 1372 2655 1426 τὰ
2719 1372 2855 1445 πρὸς
2906 1374 3007 1442 τήν
3073 1373 3268 1447 χρείαν
3345 1374 3563 1429 πάντα
3636 1374 3935 1450 παρέχουσαν·

2276 1457 2444 1514 δεῖδὲ
2485 1461 2562 1531 μὴ
2596 1456 2921 1515 διδασκαλον
2951 1459 3145 1531 ἄλλον,
3190 1459 3365 1518 ἀλλὰ
3426 1462 3678 1517 σεαυτὸν
3719 1466 3811 1517 τοῦ
3851 1484 3937 1535 σομ-

2275 1547 2533 1626 φὲροντος
2563 1550 2853 1618 ποιεῖσθαι,
2884 1549 2975 1605 καὶ
3007 1554 3104 1606 τοῦ
3149 1554 3454 1629 χρησμοῦ
3518 1553 3867 1625 μνημονεύειν
3900 1555 3927 1605 ξπ

2276 1657 2408 1692 ποτε
2450 1638 2585 1692 κατὰ
2632 1639 2733 1707 τὴν
2783 1641 2988 1710 σκηνήν
3042 1639 3254 1702 ἀνεῖπες
3326 1644 3413 1714 τῇ
3483 1638 3768 1714 βασιλίδι.
3812 1640 3929 1695 ’Δλὶὲ

2276 1730 2445 1781 ταῦτα
2478 1727 2572 1799 μὲν
2607 1728 2665 1783 Ἀ
2675 1728 2856 1801 ρτασεί
2863 1748 2982 1803 ρας.

2352 1818 2424 1873 A'.
2466 1813 2803 1891 ’Δρταϐάνης
2863 1816 2921 1873 δὲ
2968 1819 3105 1894 πρός
3161 1840 3322 1883 τινας
3391 1826 3522 1876 τῶν
3593 1820 3802 1875 οῗκείων
3833 1824 3922 1893 πρὸ.

2278 1926 2438 1981 τερον
2462 1902 2794 1980 ἆποϐλίψας.
2829 1910 2919 1970 Ὠς
2952 1907 3221 1982 γαλεπὸν,
3255 1908 3409 1989 ἔφη,
3448 1910 3623 1985 γυνὴ,
3658 1911 3741 1965 καί
3766 1911 3817 1964 τὸ
3852 1913 3910 1976 τῆς

2281 1994 2538 2069 συζυγίας
2604 1993 2831 2071 φίλτρον
2899 1995 3127 2072 βλάψειε
3219 1998 3473 2071 μᾶλλον
3549 1998 3589 2067 ἢ
3658 1993 3963 2076 maehum}

2280 2086 2457 2140 Ταῦτα
2503 2083 2694 2152 είπὼν,
2735 2082 2786 2139 ἓν
2829 2085 2964 2160 ὀργῇ
3022 2085 3143 2141 τινὰ
3178 2092 3292 2142 τῶν
3373 2084 3712 2165 δορυφόρων
3755 2084 3901 2142 amisii:
3956 2104 3957 2109 ‘

3958 1956 3965 2043 lt

2282 2167 2540 2228 διαϐάντα
2605 2172 2816 2229 ἀνελεῖν
2867 2177 2965 2245 τὴν
3035 2173 3324 2249 βασιλίδαο
3396 2177 3620 2247 ταύτην
3674 2177 3763 2251 γὰρ
3808 2176 3897 2245 ᾣετι
3960 2234 3961 2243 γ

2281 2258 2539 2335 προδότιν
2598 2266 2696 2317 τοῦ
2745 2267 3008 2338 χρησμοῦ
3047 2266 3421 2340 γεγενῆσθαι.
3483 2264 3825 2342 Ἐπιστραρεὶς
3856 2261 3889 2316 δὲ
3956 2256 3959 2277 ³

2281 2350 2416 2423 πρὸς
2474 2351 2845 2425 Ἀρτασείραν,
2894 2353 3070 2408 θανεῖν
3120 2353 3476 2428 ἀπεκρίνατο
3530 2352 3671 2409 πολῦ
3713 2351 3759 2407 ἄν
3793 2350 3884 2419 αὐτῷ

2285 2436 2497 2509 μᾶλλον
2538 2439 2894 2515 αἱρετώτερον
2926 2440 3036 2512 εἴη,
3067 2443 3103 2510 ἤ
3137 2441 3333 2517 δούλῳ
3367 2463 3440 2520 γε
3484 2440 3604 2498 ὄντι
3641 2447 3707 2514 τῷ
3749 2443 3873 2515 Ἄρεα·

2282 2525 2431 2596 σείρᾳ
2485 2533 2583 2596 τῆς
2643 2527 2925 2602 βασιλείας
2982 2538 3433 2606 παραχωρῆσαι.
3512 2532 3615 2590 Καὶ
3672 2526 3754 2603 ἅμα
3792 2532 3867 2586 τςῖς

2284 2612 2475 2690 λόγοις
2540 2617 2675 2671 κατὰ
2727 2622 2940 2692 Περσῶν
3009 2618 3221 2697 ἐφορμᾷ
3302 2616 3678 2696 παράϐακχόν
3720 2639 3753 2672 τί
3790 2614 3857 2667 κατ’

2286 2703 2532 2776 μανικόν.
2576 2707 2673 2760 Καὶ
2728 2704 2975 2770 πολλοὺς
3046 2710 3141 2781 μὶν
3208 2710 3408 2766 αὐτῶν
3494 2710 3735 2785 τιτρώτκει,
3776 2724 3833 2755 η·

2281 2788 2546 2849 ταὸάλλει
2582 2791 2639 2849 δὲ
2669 2793 2915 2865 πλείους,
2951 2796 3117 2861 ἰθύνει
3154 2795 3211 2853 δὲ
3253 2800 3356 2854 καὶ
3413 2801 3562 2874 πρὸς
3614 2798 3685 2853 τὸν
3719 2798 3837 2864 ’ληίτι-

2283 2882 2459 2959 σείραν
2491 2885 2554 2940 τὸ
2587 2882 2739 2960 δόρυ.
2770 2888 2831 2943 '0
2865 2884 2921 2941 δὲ
2952 2891 3167 2963 (χεῖρας
3208 2888 3321 2964 γὰρ
3378 2890 3511 2967 εἶχε
3557 2885 3743 2957 τοξεύειν
3765 2882 3843 2953 5'11-

2284 2973 2400 3043 θὰς,
2438 2974 2529 3028 καὶ
2583 2976 2704 3051 περὶ
2763 2978 2925 3031 τοῦτο
2983 2976 3041 3031 εὗ
3097 2976 3246 3050 μάλα
3306 2978 3634 3056 φιλοτίμως
3690 2972 3747 3027 ἀεὶ
3790 2987 3852 3056 που

2281 3062 2569 3135 νουμὲνας)
2630 3063 2976 3140 ὑποκρίνεται
3039 3066 3132 3138 μὶν
3200 3052 3333 3135 τὴν-
3373 3069 3574 3147 φυγὴν,
3628 3062 3781 3135 πέμπει
3815 3052 3846 3109 35a

2283 3149 2618 3225 διωκόμενος
2642 3154 2703 3208 τὸ
2738 3152 2899 3229 βέλος
2926 3155 3063 3211 κατᾶ
3090 3156 3157 3211 τὰ
3195 3156 3401 3231 στέρνα
3440 3156 3589 3232 παρᾶ
3631 3154 3707 3207 τὸν
3746 3147 3853 3222 μαζὸν

2282 3244 2378 3295 τού
2420 3237 2738 3312 διώκοντος,
2791 3242 2881 3297 καὶ
2936 3248 3006 3318 τῇ
3048 3244 3208 3321 ῥώμῃ
3258 3251 3367 3302 τοῦ
3423 3244 3671 3322 βαλόντος
3716 3234 3852 3294 dvexi-

2286 3349 2475 3383 στατον
2515 3331 2753 3405 γεγονὸς,
2806 3332 2899 3387 τόν
2949 3354 3009 3389 τε
3058 3332 3277 3410 θώρακα
3326 3336 3564 3411 ῥήγνυσι
3600 3330 3684 3387 τού
3724 3329 3857 3400 Ἀρεῖ·

2286 3412 2478 3487 ϐάνου,
2519 3418 2608 3473 καὶ
2658 3416 2911 3476 διελάσαν
2956 3422 3023 3477 τὰ
3060 3422 3275 3497 στέρνα,
3324 3410 3447 3481 τῶν
3495 3423 3665 3479 νώτων
3714 3410 3854 3470 διεκπί-

2285 3526 2427 3578 me"
2487 3507 2577 3562 καὶ
2634 3509 2822 3585 νεκρὸν
2883 3511 3077 3567 αὐτίκα
3133 3509 3369 3570 δεικνύει
3431 3514 3524 3569 τὸν
3580 3499 3854 3584 ’Δρταϐάνηι

2286 3594 2381 3658 Εἷς
2414 3593 2719 3673 ὁμολογίαν
2778 3595 2834 3654 δὲ
2872 3601 2934 3653 τὸ
2992 3602 3263 3676 Παρθικὸν
3318 3602 3486 3669 εὐθὺς
3532 3598 3614 3655 καί
3663 3589 3846 3667 Περσικὸν

2288 3682 2663 3754 συνελθόντες,
2759 3687 3102 3763 Ἀρτασείραν
3206 3690 3593 3768 ἀναγορεύουσι
3676 3677 3849 3768 βασιλέα)

2286 3770 2431 3827 πολὺ
2471 3775 2533 3829 τὸ
2554 3776 2696 3848 πρὸς
2727 3777 2893 3832 αὐτοὺ
2937 3775 3214 3834 δεικνύντα
3255 3777 3612 3854 κηδεμονικὸν
3654 3771 3725 3827 καί
3761 3763 3845 3840 φίλ’
3940 3798 3941 3817 ι

2290 3862 2596 3934 ἀνθρωπον·
2633 3866 2730 3919 Καὶ
2763 3866 2790 3919 ὃ
2835 3867 2928 3939 μὲν
2973 3867 3146 3931 οὕτως
3193 3868 3340 3949 ἔχων
3396 3872 3497 3940 τήν
3546 3856 3845 3940 ’Δρταδούκταν

2289 3947 2477 4027 ἄγεται
2535 3959 2779 4028 γυναῖκα,
2839 3954 2907 4026 ἤν
2959 3957 3107 4031 αὐτῷ
3170 3944 3261 4014 κάξ
3327 3961 3589 4036 πρότερον
3648 3951 3691 4006 οἱ
3740 3944 3839 4018 δρκσι

2286 4044 2756 4118 κατηγγυήσαντο,
2786 4045 2877 4100 καὶ
2913 4045 3164 4123 βασιλίδα
3194 4048 3404 4121 ταύτην
3437 4042 3724 4124 γειροτονεῖ.

2362 4133 2435 4189 Ε’.
2480 4134 2738 4207 Κουσαρὼ
2766 4132 2823 4190 δὲ
2872 4136 2900 4190 ὁ
2949 4134 3186 4214 ἀδελφὸς
3242 4134 3572 4214 Ἀρταϐάνου
3613 4132 3693 4198 τήν
3735 4124 3835 4214 βασι·

2291 4220 2438 4276 λείαν
2470 4217 2617 4297 ἔχων
2653 4229 2754 4292 τῆς
2798 4223 3047 4299 μεγάλης
3076 4210 3400 4301 ’Ἀρμενίας,
3440 4228 3503 4283 τὰ
3550 4210 3834 4301 συνενεχθέῗτίί

543 4306 1033 4391 quaaevenerant,
1077 4309 1133 4359 et
1167 4306 1315 4374 quod
1348 4307 1419 4361 ad
1450 4307 1654 4364 Persas
1686 4310 1793 4365 fuit
1831 4311 2171 4368 translatum

2292 4310 2495 4383 μαθὼν,
2545 4312 2635 4366 καὶ
2675 4312 2749 4374 ὡς
2795 4315 2829 4383 ἡ
2862 4316 3089 4389 Πάρθων
3133 4300 3283 4391 ἀρχὴ
3342 4317 3616 4390 μετέπεσεν
3651 4306 3711 4368 εἷς
3739 4300 3829 4391 Hi?‘

542 4388 891 4444 Parthorum
925 4390 1258 4460 imperium,
1303 4409 1513 4463 magno
1544 4395 1739 4451 dolore
1781 4402 1871 4452 est
1903 4399 2178 4455 affectus:

2292 4419 2407 4467 σας,
2433 4398 2484 4454 ἐν
2517 4400 2731 4475 μεγάλῃ
2779 4386 2953 4477 λύπῃγ
2987 4404 3135 4460 ταῦτ’
3170 4386 3458 4462 -έποιεζίτοο
3513 4402 3595 4459 καὶ
3641 4386 3826 4477 πρατείῖν

542 4480 598 4532 et
625 4476 811 4530 valido
843 4482 1042 4531 coactu
1092 4478 1348 4533 exercitu
1398 4496 1466 4533 ex
1515 4481 1757 4537 Albanis
1790 4489 1848 4539 et
1894 4486 2091 4556 lberis,
2125 4494 2171 4543 el

2291 4486 2338 4556 ἐξ
2372 4474 2652 4544 Ἀλϐανῶν
2681 4474 2738 4544 τε
2767 4492 2857 4545 καὶ
2882 4474 3137 4568 ’ίϐήρωη
3188 4496 3324 4570 πρὸς
3373 4492 3453 4552 ἔτι
3502 4490 3555 4548 δὲ
3594 4485 3666 4544 καῖ
3700 4474 3821 4570 alii.”

544 4568 823 4635 preterea
858 4579 926 4617 ex
957 4562 1203 4629 lIunnis,
1235 4571 1355 4621 toto
1386 4585 1539 4623 anno
1570 4572 1928 4642 comparavit
1956 4590 2025 4629 ea
2055 4591 2183 4646 qum

542 4654 610 4706 ad
650 4651 867 4706 bellum
900 4652 1289 4721 pertinebant.
1315 4654 1584 4726 Magnam
1610 4667 1797 4713 autem
1834 4676 2068 4716 manum
2091 4678 2180 4718 se-

542 4755 675 4794 cum
710 4742 956 4807 ducens,
995 4743 1418 4811 expeditionem
1450 4744 1696 4816 suscipit
1727 4752 1927 4804 contra
1958 4748 2179 4819 Persas,

542 4837 594 4881 et
620 4828 808 4898 ipsum
838 4832 1179 4885 Artasiram.
1204 4830 1522 4894 Quiautem
1547 4833 1845 4890 Persarum
1870 4836 2179 4909 imperium

543 4933 725 4986 nuper
754 4919 863 4972 sibi
897 4928 1210 4990 usurparet
1229 4922 1538 4989 Artasiras,
1563 4922 1649 4979 vel
1672 4925 1892 4980 invitus
1922 4928 2091 4983 struit
2123 4934 2183 4984 et

541 5003 733 5060 educit
764 5008 944 5061 aciem
980 5009 1261 5063 adversus
1294 5026 1486 5080 regem
1516 5012 1825 5068 Armeniae.
1868 5014 1956 5069 Fit
1987 5024 2178 5073 autem

541 5092 600 5146 in
636 5093 829 5161 przelio
856 5113 1065 5166 magna
1095 5100 1279 5153 cedes
1302 5100 1636 5157 Persarum.
1669 5103 1834 5172 Fugit
1855 5108 2047 5159 autem
2072 5111 2177 5162 Ar-

544 5180 772 5245 tasiras,
805 5193 859 5238 et
885 5185 1079 5240 hostes
1105 5188 1481 5259 insequentes
1510 5190 1774 5246 irruunt:
1799 5198 1855 5247 et
1893 5195 2179 5252 Persidem

540 5274 750 5336 tegunt
776 5275 1119 5342 corporibus
1159 5292 1360 5333 eorum
1404 5280 1507 5349 qui
1549 5279 2082 5337 interﬁciebantur:
2119 5289 2178 5340 et

534 5369 674 5411 cum
707 5357 923 5415 multos
953 5360 1243 5430 cepissent
1286 5367 1565 5438 captivos,
1608 5384 1743 5426 cum
1785 5384 1915 5442 rege
1945 5386 2051 5428 suo
2082 5387 2173 5429 re-

537 5444 720 5499 deunt
748 5444 808 5501 in
837 5447 1193 5517 Armeniam,
1216 5453 1469 5511 dexteris
1498 5458 1726 5514 onustis
1756 5459 1986 5532 opibus.
2007 5463 2173 5518 Anno

538 5535 732 5588 autem
763 5535 1029 5609 sequenti
1060 5551 1264 5596 rursus
1289 5542 1693 5603 Armeniorum
1721 5548 1841 5620 regi
1860 5550 1919 5606 in
1940 5550 2168 5622 Syriam

2293 4594 2400 4648 ρων
2434 4575 2644 4633 Οὕννων
2707 4577 2934 4654 ἰσχυρὰν
2988 4561 3325 4659 συναγείρας,
3378 4584 3461 4640 ἐπ’
3508 4573 3708 4636 ὶνιαυτὸν

2290 4664 2354 4755 τὰ
2382 4669 2480 4718 τοῦ
2510 4648 3221 4755 πολέμου-συνεσκευάζετῶ
3261 4648 3480 4742 πολλὴν
3514 4667 3565 4725 δδ
3590 4667 3713 4755 χεῖρα

2288 4751 2480 4808 ἑαυτοῦ
2537 4753 2708 4829 ἄγων,
2766 4755 3103 4833 ἑκστρατεύει
3160 4762 3295 4816 κατὰ
3349 4764 3560 4836 Ηερσῶν
3608 4750 3677 4808 καὶ
3710 4750 3797 4797 πον

2288 4842 2628 4915 Ἀρτασείραο
2679 4845 2781 4900 Καὶ
2808 4846 2836 4899 δ
2866 4848 2966 4915 τήν
3017 4848 3237 4922 Περσῶν
3291 4848 3562 4925 βασιλείαν
3604 4842 3794 4925 ﬁeri?“

2287 4925 2629 5003 ϐεϐλημένος
2658 4936 3034 5010 Ἀρτασείρας,
3085 4916 3588 5015 ἀντιπαρατάσσεται
3630 4916 3793 5015 καίᾴων

2282 5018 2363 5089 τῷ
2394 5016 2609 5092 βασιλεῖ
2637 5009 2948 5098 Ἀρμενίας.
2998 5025 3104 5081 Καὶ
3152 5009 3358 5102 γίνεται
3406 5025 3533 5083 κατᾶ
3575 5022 3659 5089 τὴν
3694 5009 3803 5084 μων

2285 5105 2461 5169 πολὺς
2501 5113 2599 5164 τοῦ
2652 5116 2916 5187 Περσικοῦ
2974 5113 3159 5191 φόνος.
3219 5120 3413 5195 Φεύγει
3469 5112 3522 5169 δί
3570 5108 3657 5195 καί
3688 5102 3810 5195 ’λίψ

2284 5196 2486 5270 σείρας,
2515 5200 2607 5253 καὶ
2638 5184 3018 5258 ἐπελαύνουσιν
3069 5204 3122 5258 οἱ
3168 5184 3452 5280 πολέμιοι,
3493 5201 3573 5258 καὶ
3612 5194 3692 5261 τήν
3726 5184 3814 5253 θ’θ’

2283 5282 2407 5372 σίδα
2460 5294 2564 5363 γῆν
2614 5294 2732 5355 τοῖς
2786 5292 3004 5364 σώμασι
3040 5296 3149 5348 τῶν
3215 5289 3601 5372 ἀναιρουμένων
3644 5285 3813 5372 καλτωξ

2286 5370 2572 5448 λύπτουσι,
2621 5378 2713 5434 καὶ
2764 5378 3015 5444 πολλοὺς
3079 5368 3457 5456 δορυαλώτους
3510 5368 3719 5435 λαδάΨτες
3754 5370 3813 5456 ’ξι

2280 5459 2429 5518 λείαν
2458 5463 2677 5535 πολλὴν
2704 5467 3011 5543 ἰλάσαντες,
3061 5468 3136 5533 είς
3182 5472 3282 5541 τὴν
3329 5466 3588 5547 ’Δρμενίαν
3629 5457 3713 5547 ἇμξι
3750 5462 3801 5513 τῳ

2282 5550 2499 5624 βασίλεῖ
2545 5556 2625 5630 τῷ
2678 5553 2801 5633 ἰδίῳ
2846 5541 3071 5626 πλούτῳ
3130 5541 3442 5636 βριθούσαίξ
3490 5554 3652 5627 δεξιαῖς
3692 5541 3803 5596 ἐπαν-
