4124 6270
284 293 448 354 949

1331 292 1517 353 ἮΤΑ
1563 296 1626 353 S.
1673 293 2037 356 GBEGOBII
2085 298 2733 360 ILLUMINATORIS.

3610 298 3729 355 950

290 454 551 522 ἥκουσι.
589 452 701 507 Τοῦ
742 445 800 503 Si
846 446 1237 523 ἐπιγινομένου
1268 448 1513 506 ἐνιαυτοῦ
1560 452 1648 507 καὶ
1692 451 1841 515 αὖθις
1890 458 1971 525 τῷ

2093 458 2316 514 facienti
2369 457 2746 525 incursiones,
2792 473 2935 529 gens
3001 459 3425 515 Saracenorum
3466 458 3622 515 venit
3668 460 3726 514 in

296 538 617 615 Ἀρμενίας
652 537 870 612 βασιλεῖ
908 534 1295 612 κατατρεχοντι
1334 540 1433 607 τήν
1486 542 1705 614 Συρίαν,
1745 542 1806 595 τὸ
1858 547 1973 596 Σα-

302 632 580 703 ρακηνῶν
656 624 806 689 ἔθνος
882 625 958 687 εἰς
1044 626 1364 702 συμμαχίαν
1442 629 1836 701 προστίθενται,
1885 631 1974 685 καὶ

304 716 667 789 ληϊσάμενος
712 718 812 783 τήν
852 718 1070 788 Περσῶν
1118 735 1177 770 τε
1225 717 1316 769 καὶ
1355 717 1652 792 Ἀσσυρίων
1683 725 1785 790 γῆν
1830 738 1840 749 ·
1884 720 1971 773 καὶ

297 807 393 861 τὰ
444 803 496 860 έν
537 803 675 876 αὐτῇ
724 804 896 857 πάντα
936 803 1255 873 σκυλεύσας,
1301 804 1435 876 μετὰ
1490 811 1589 873 τῆς
1637 804 1761 875 ἴσης
1820 806 1974 876 νίκης

306 894 405 956 εἷς
470 895 570 963 τήν
618 890 757 947 ἰδίαν
810 891 992 966 ἀρχὴν
1047 892 1301 963 ἐπανήκει
1369 894 1561 961 πάλιν,
1610 896 1699 949 καὶ
1757 894 1973 955 τούτοις

308 989 445 1045 τοὶς
504 982 891 1056 κατορθώμασι
953 981 1043 1036 καὶ
1098 987 1217 1043 ταῖς
1270 980 1652 1057 ἀνδραγαθίαις
1700 985 1976 1056 θαυμαζό-

320 1094 492 1149 μενος
537 1074 631 1147 μὶν
670 1073 773 1128 ὑπὸ
810 1076 919 1127 τῶν
963 1071 1299 1147 συμμάχων,
1337 1072 1736 1143 καταπλήττων
1763 1071 1819 1128 δὲ
1847 1073 1974 1136 τοὺς

313 1163 660 1236 πολεμίους,
717 1159 807 1216 ἰπὶ
857 1158 984 1216 δέκα
1023 1158 1322 1217 διετέλεσεν
1368 1157 1485 1231 ἔτη.
1519 1164 1611 1218 Διὸ
1649 1163 1739 1218 καὶ
1783 1163 1811 1217 ὁ
1864 1167 1972 1217 τῶν

321 1253 552 1325 Περσῶν
596 1246 872 1323 βασιλεὺς,
918 1248 1063 1321 λύπῃ
1110 1249 1205 1321 μὲν
1254 1248 1630 1322 ἆπαρακλήτῳ
1688 1248 1974 1323 ἐχόμενος,

317 1338 537 1413 ἀπορίᾳ
584 1334 641 1392 δὲ
694 1341 791 1391 τοῦ
862 1340 916 1391 τί
982 1334 1043 1391 ἂν
1098 1338 1315 1410 πράξειε
1362 1340 1462 1407 τήν
1539 1338 1717 1408 λύπην
1779 1334 1976 1408 αὔξων,

315 1429 459 1491 τοὺς
501 1428 606 1483 ὑπὸ
636 1431 801 1503 χεῖρα
831 1425 1167 1502 συναγαγὼν,
1210 1424 1602 1501 συμϐουλεύειν
1644 1425 1816 1483 ἐδεῖτο
1860 1432 1979 1490 πῶς

322 1518 391 1573 ἂν
426 1513 804 1573 ἀποδύσωνται
845 1516 939 1589 μὲν
985 1516 1085 1584 τὴν
1134 1513 1376 1588 ἀδοξίαν,
1417 1515 1732 1571 ἀπολίπωσι
1777 1515 1833 1570 δὲ
1880 1515 1977 1570 αύ-

319 1606 461 1671 τοὺς
506 1607 562 1661 αἱ
614 1605 788 1661 κοιναὶ
834 1605 923 1661 καὶ
982 1603 1327 1679 πολύτροποι
1380 1606 1675 1681 συμφοραί.
1738 1605 1839 1661 Καὶ
1897 1608 1977 1675 τῷ

320 1696 560 1772 γνώμην
622 1694 978 1768 εἱσενεγκόντι
1040 1694 1300 1764 τοιαύτην
1372 1695 1471 1762 τὴν
1534 1692 1783 1767 δευτέραν
1844 1693 1979 1765 μετὰ

328 1781 566 1861 βασιλέα
592 1783 760 1856 τιμὴν
791 1781 1005 1853 τίθησιν
1053 1782 1242 1846 ἆθλον.
1276 1783 1443 1841 ’Δνάκ
1493 1780 1551 1838 δέ
1595 1804 1680 1846 τις
1720 1783 1977 1854 Κουσαρὼ

322 1874 470 1929 κατὰ
528 1871 685 1948 γένος
751 1876 832 1943 τῷ
888 1878 987 1940 τῆς
1038 1870 1326 1945 Ἀρμενίας
1398 1872 1616 1947 βασιλεῖ
1661 1873 1977 1946 προσήκων,

329 1962 570 2024 ἀναστὰς
646 1959 707 2016 έκ
797 1959 899 2015 τοῦ
972 1958 1269 2037 συλλόγου,
1325 1962 1570 2037 γενναῖόν
1644 1982 1697 2016 τι
1764 1958 1979 2035 δράσειν

333 2053 631 2128 ὑπέσχετο,
665 2049 734 2107 δι’
776 2051 840 2107 οὗ
885 2053 953 2107 τὰ
1003 2051 1299 2127 πράγματά
1354 2073 1413 2107 τε
1452 2053 1589 2128 πρὸς
1640 2053 1702 2107 τὸ
1761 2050 1981 2125 ἄμεινον

328 2144 747 2217 ἀνενεχθήσεται
808 2142 1065 2216 Πέρσαις,
1124 2141 1212 2196 καὶ
1272 2139 1423 2205 δίκας
1494 2140 1622 2205 τοὺς
1706 2142 1982 2204 ἐναντίους

331 2232 735 2307 εἰσπράξονται.

404 2322 472 2385 ς’.
526 2320 629 2378 Καὶ
713 2315 1016 2376 ὑπολαϐὼν
1084 2321 1461 2395 Ἀρτασείρας,
1519 2326 1589 2376 Ἠ
1670 2322 1747 2392 μὴ
1815 2324 1982 2375 ταῦτα

324 2407 795 2484 καταπραξαμένῳ
844 2408 935 2462 καὶ
975 2405 1222 2482 διάδημα
1266 2414 1336 2483 τῇ
1378 2408 1591 2486 κεφαλῇ
1639 2412 1982 2483 παραχρῆμα

327 2498 615 2572 περιθήσω
671 2517 780 2568 σοι⁹
811 2494 940 2572 ἔφη,
998 2498 1087 2551 καὶ
1151 2494 1399 2572 δεύτερον
1469 2497 1562 2570 μὶν
1617 2503 1717 2565 τῆς
1766 2500 1982 2569 Περσῶν

326 2583 677 2659 ἀποδείξαιμι
724 2582 1029 2660 βασιλείας,
1080 2582 1355 2660 βασιλείαν
1413 2605 1473 2658 γε
1520 2586 1630 2657 μὴν
1686 2585 1784 2652 τήν
1835 2588 1983 2656 Παρ-

329 2673 493 2741 θικὴν
534 2668 835 2751 ἔγχειρίσω
867 2692 975 2727 σοι.
1007 2672 1071 2730 '0
1124 2669 1183 2726 δὲ
1236 2671 1304 2727 τὰ
1364 2672 1483 2726 καθ’
1531 2670 1719 2726 ἑαυτὸν
1774 2670 1869 2743 μὲν
1926 2667 1978 2724 ἐν

328 2758 529 2832 ἀδήλῳ
558 2765 768 2825 κεῖσθαι
828 2765 909 2830 τῷ
963 2759 1154 2834 πέρατι
1202 2758 1305 2838 ἔφη
1341 2778 1355 2794 ·
1395 2758 1533 2821 τέως
1571 2779 1635 2833 γε
1677 2760 1785 2831 μὴν
1833 2756 1886 2812 εἷ’
1927 2778 1978 2812 τι

334 2847 403 2917 δὴ
453 2848 545 2903 καὶ
590 2853 702 2902 τῶν
741 2845 1028 2918 ἀδοκήτων
1087 2847 1235 2918 αὗτῷ
1284 2843 1696 2918 συμϐαίη,τοῖς
1755 2845 1982 2900 ὑπολει-

341 2936 714 3012 φθησομένοις
749 2939 847 2990 τοῦ
878 2935 1063 3011 γένους
1108 2936 1183 3006 μή
1226 2932 1523 3011 ἀχάριστον
1579 2932 1818 3007 γενέσθαι
1888 2933 1979 2987 τὸν

339 3023 684 3098 Ἀρτασείραν
720 3022 901 3095 ἠξίου,
934 3021 1081 3077 ἀλλὰ
1147 3019 1623 3095 διαμνημονεύσας
1685 3021 1779 3092 μὶν
1839 3020 1985 3091 αὐτῷ

336 3118 438 3181 τῆς
483 3112 616 3187 ὑπὲρ
648 3112 810 3167 αὐτοῦ
839 3109 1165 3185 προθυμίας,
1200 3111 1427 3185 χάριτας
1483 3108 1540 3165 δὲ
1575 3110 1793 3173 τούτοις
1852 3109 1983 3183 ὑπὲρ

2086 547 2367 602 auxilium
2391 564 2405 603 :
2431 548 2762 619 praediaque
2784 547 2931 604 actis
2948 549 3016 603 de
3042 548 3278 605 Perside
3307 553 3363 604 et
3393 549 3651 621 Assyria,
3674 554 3732 604 et

2084 637 2310 691 cunctis
2342 654 2469 707 quas
2510 641 2674 692 erant
2706 637 2765 691 in
2823 636 2906 693 eis
2945 637 3231 708 spoliatis,
3264 654 3362 692 rex
3421 637 3545 706 ipse
3594 653 3727 691 cum

2086 725 2206 795 pari
2242 724 2475 781 victoria
2505 727 2573 781 ad
2600 742 2770 781 suum
2797 742 3042 797 regnum
3068 727 3377 782 revertitur.
3403 726 3501 781 His
3533 731 3728 781 autem

2086 813 2261 868 rebus
2293 815 2521 869 fortiter
2550 824 2604 869 et
2647 814 2915 884 praeclare
2955 815 3151 886 gestis,
3186 814 3562 869 admirationi
3593 815 3734 885 qui-

2083 904 2213 958 dem
2237 903 2435 971 sociis,
2464 905 2663 958 lerrori
2689 910 2883 958 autem
2909 904 3172 958 hostibus
3196 903 3305 957 fuit
3325 903 3524 958 decem
3544 919 3728 957 annos

2084 993 2412 1060 perpetuos.
2446 991 2833 1055 Quamobrem
2867 1006 2960 1045 rex
2994 1006 3225 1061 quoque
3258 989 3559 1044 Persarum
3593 1005 3725 1044 cum

2084 1077 2490 1133 inconsolabili
2522 1077 2721 1133 dolore
2741 1084 3071 1149 angeretur,
3093 1082 3375 1133 cresceret
3406 1081 3597 1132 autem
3629 1077 3722 1131 do-

2085 1164 2190 1230 lor,
2223 1167 2377 1237 quod
2420 1167 2673 1222 nesciret
2702 1167 2842 1237 quid
2892 1175 3102 1235 ageret,
3134 1166 3205 1221 iis
3235 1167 3594 1237 congregatis
3625 1164 3727 1235 qui

2085 1260 2252 1309 erant
2308 1255 2369 1309 in
2425 1256 2552 1323 ejus
2610 1260 2917 1324 potestate,
2950 1255 3171 1326 rogavit
3229 1264 3289 1309 ut
3336 1253 3727 1321 consulerent,

2085 1342 2359 1413 quoniam
2393 1344 2631 1413 quidem
2681 1344 2853 1399 modo
2886 1350 3117 1414 possent
3174 1348 3509 1415 susceptam
3543 1342 3731 1398 delere

2087 1430 2495 1501 ignominiam,
2527 1436 2823 1487 cessarent
2851 1437 3044 1487 autem
3081 1447 3419 1487 communes
3448 1437 3502 1486 et
3531 1429 3727 1484 multi-

2088 1520 2268 1590 plices
2313 1520 2693 1576 calamitates.
2754 1520 2815 1574 Ei
2866 1525 3058 1575 autem
3092 1522 3192 1591 qui
3253 1520 3425 1575 talem
3485 1520 3733 1575 dixisset

2087 1607 2466 1675 sententiam,
2504 1609 2828 1664 secundum
2863 1614 2993 1679 post
3028 1624 3223 1679 regem
3262 1610 3565 1675 honorem,
3598 1623 3730 1679 pro-

2089 1698 2252 1769 ponit
2274 1699 2335 1753 in
2368 1699 2699 1769 praemium.
2733 1701 2891 1754 Anac
2914 1704 3106 1753 autem
3126 1698 3383 1769 quidem,
3408 1698 3505 1768 qui
3524 1711 3736 1768 genere

2093 1788 2379 1843 attinebat
2410 1789 2481 1843 ad
2516 1788 2759 1843 Cursaro
2792 1804 2987 1858 regem
3020 1788 3321 1854 Armenias,
3356 1803 3387 1842 e
3416 1790 3565 1841 coetu
3603 1801 3735 1840 sur-

2089 1893 2254 1947 gens,
2298 1878 2593 1948 pollicitus
2625 1885 2710 1932 est
2740 1894 2803 1932 se
2846 1875 3181 1947 praeclarum
3214 1874 3511 1946 quidpiam
3547 1874 3732 1927 tactu-

2089 1982 2242 2035 rum,
2277 1982 2377 2037 per
2402 1967 2556 2038 quod
2600 1970 2657 2021 et
2713 1981 2802 2021 res
2833 1966 3026 2021 Persis
3056 1964 3284 2020 felicius
3331 1961 3728 2032 succederent,

2089 2062 2143 2110 et
2173 2071 2376 2126 pmnas
2407 2060 2707 2111 sumerent
2735 2055 2807 2110 de
2837 2053 3123 2109 hostibus.

2160 2326 2255 2381 VI.
2313 2326 2624 2397 Excipiens
2656 2329 2850 2382 autem
2880 2325 3169 2383 Artasiras
3202 2341 3215 2381 :
3249 2330 3489 2394 Revera,
3513 2324 3724 2396 inquit,

2090 2416 2140 2471 si
2173 2416 2294 2471 hac
2325 2415 2550 2482 feceris,
2583 2414 2851 2486 protinus
2882 2415 3182 2487 imponam
3215 2419 3317 2471 tuo
3338 2415 3514 2486 capiti
3538 2415 3730 2471 diade-

2091 2520 2206 2569 ma,
2240 2508 2299 2558 et
2324 2508 2381 2558 te
2420 2502 2669 2558 efticiam
2702 2503 2939 2574 quidem
2976 2504 3301 2558 secundum
3344 2503 3507 2573 regni
3538 2507 3732 2558 Persa-

2089 2607 2244 2658 rum,
2275 2591 2497 2645 tradam
2554 2596 2747 2645 autem
2789 2591 2895 2645 tibi
2936 2606 3172 2661 regnum
3227 2590 3582 2645 Parthicum.
3630 2590 3731 2644 Ille

2090 2687 2306 2745 autem,
2338 2679 2492 2749 quod
2526 2680 2594 2733 ad
2656 2694 2719 2734 se
2758 2680 2992 2749 quidem
3023 2678 3249 2747 attinet,
3279 2678 3418 2734 dicit
3448 2678 3735 2733 incertum

2089 2782 2219 2822 esse
2250 2766 2418 2821 finem
2453 2781 2467 2820 :
2503 2765 2549 2820 si
2582 2766 2722 2837 quid
2746 2781 2880 2822 vero
2913 2765 3148 2821 interim
3166 2766 3216 2821 ei
3250 2765 3506 2821 evenerit
3536 2773 3738 2836 printer

2091 2855 2451 2926 opinionem,
2483 2857 2704 2925 rogavit
2721 2856 3063 2921 Artasiram,
3096 2870 3167 2911 ne
3196 2859 3352 2910 esset
3380 2854 3643 2924 ingratus
3663 2854 3735 2909 iis

2093 2944 2195 3014 qui
2228 2944 2618 2999 remanserint
2675 2960 2743 2999 ex
2790 2959 3000 3016 genere
3034 2960 3047 3000 :
3083 2944 3180 2998 sed
3239 2958 3465 2998 memor
3502 2942 3732 3014 quidem

2093 3035 2251 3085 esset
2279 3033 2409 3101 ejus
2449 3048 2549 3101 pro
2583 3033 2711 3103 ipso
2757 3032 3007 3103 prompti
3040 3035 3099 3087 et
3127 3031 3337 3087 alacris
3368 3031 3550 3085 animi
3581 3046 3595 3085 :
3628 3047 3731 3101 pro

2092 3135 2158 3175 eo
2207 3125 2428 3187 autem,
2477 3121 2560 3175 eis
2601 3122 2838 3176 referret
2868 3121 3107 3193 gratias.
3140 3119 3267 3175 Haec
3297 3136 3429 3175 cum
3462 3120 3728 3187 dixisset,

336 3199 510 3269 αὐτῆς
566 3181 893 3256 άποδοῦναιξ
946 3181 1128 3256 Ταῦτα
1202 3181 1397 3265 Etim,
1456 3200 1546 3253 τὸν
1624 3195 1859 3272 ἀδελφόν
1923 3181 1980 3252 τε

2093 3211 2327 3265 fratrem
2366 3181 2614 3264 assumit
2660 3181 3020 3281 adjutorem:
3067 3216 3124 3266 et
3152 3210 3342 3281 specie
3390 3181 3727 3281 transfugis,

338 3291 586 3366 συνεργὸν
644 3284 1089 3365 παραλαμϐύνει,
1127 3289 1216 3345 καὶ
1273 3289 1328 3344 ἰν
1384 3287 1698 3361 αὐτομόλου
1730 3290 1979 3362 σχήματι

337 3378 577 3457 γυναιξὶν
638 3380 751 3453 ἅμα
817 3378 908 3434 καὶ
962 3376 1204 3442 παιδίοις
1244 3380 1330 3433 καὶ
1383 3376 1503 3450 ὅλῳ
1546 3375 1684 3450 οἷ’κῳ
1726 3376 1816 3432 καὶ
1866 3382 1984 3439 τοῖς

338 3468 562 3531 οἰκείοις
594 3472 723 3524 πᾶσι
774 3472 852 3540 τῷ
889 3474 989 3537 τῆς
1034 3466 1325 3542 Ἀρμενίας
1371 3472 1695 3544 προσχωρεῖ
1746 3463 1983 3541 βασιλεῖ,

337 3558 426 3614 καὶ
456 3559 515 3621 ὃς
563 3562 634 3632 τῇ
667 3578 726 3613 τε
766 3554 913 3631 ἄλλῃ
946 3557 1143 3618 αὐτοὺς
1184 3553 1511 3634 ὑποδέχεται
1551 3554 1862 3633 φιλοτιμίᾳ,
1892 3554 1984 3608 καὶ

340 3646 533 3719 δεξιῶς
580 3649 647 3703 τὰ
707 3648 945 3721 μάλιστα
1009 3650 1426 3717 κατασπάζεται.
1469 3648 1536 3705 Οἱ
1588 3644 1645 3701 δὲ
1702 3645 1981 3717 θωπείαις,

341 3738 499 3793 αὐτὸν
566 3735 888 3798 ὑπελθόντες
935 3732 1065 3792 ὅλον
1117 3736 1464 3804 οἶκειοῦνται,
1504 3734 1593 3791 καὶ
1648 3733 1801 3791 οὐδὲν
1856 3734 1985 3790 ὕπο-

341 3846 472 3882 πτον
527 3824 612 3881 ἐπ’
651 3825 821 3893 αὐτῆς
882 3827 1034 3899 ’ἐχειν
1095 3825 1583 3897 παρασκευάζουσι,
1632 3824 1722 3878 καὶ
1766 3822 1986 3897 μάλισθ’

341 3914 421 3971 ὅτι
483 3914 725 3989 γυναιξὶν
781 3915 894 3988 ἅμα
962 3914 1218 3975 καὶτοῖς
1303 3912 1590 3989 φιλτάτοις
1654 3912 1791 3981 ἦσαν
1855 3914 1983 3985 παρ’

343 4005 540 4062 ἐκεῖνον
573 4004 1053 4078 αὐτομολήσαντες
1087 4022 1102 4039 ⁸
1164 4002 1359 4077 ἀμέλει
1401 4002 1489 4058 καὶ
1542 4004 1710 4076 τιμὴν
1758 4003 1785 4057 ὁ
1814 4001 1984 4058 Ἀνᾶκ

344 4094 587 4169 δευτέραν
636 4096 741 4165 τήν
814 4093 948 4167 μετὰ
1012 4093 1241 4168 βασιλέα
1300 4087 1592 4167 λαμϐάνει.
1645 4093 1702 4145 Ὀ
1746 4092 1839 4164 μὲν
1889 4090 1979 4146 οὖν

343 4186 554 4265 χειμὼν
585 4182 639 4240 ἒν
680 4182 869 4258 πολλῇ
910 4181 1037 4246 τοὺς
1084 4182 1405 4258 Ἀρμενίους
1447 4178 1732 4237 διανέπαυε
1769 4184 1836 4253 τῇ
1879 4181 1981 4252 ῥᾳ-

345 4277 542 4349 στώνῃ.
580 4276 672 4329 καὶ
702 4273 766 4329 τὸ
797 4266 890 4346 ἔαρ
926 4273 1117 4336 αὐτοῖς
1154 4271 1575 4346 παραπλησίους
1614 4269 1667 4323 ἐν
1716 4272 1785 4340 τῇ
1837 4266 1987 4337 οἲκίᾳ

343 4366 433 4425 τὰς
462 4362 661 4432 ἡδονὰς
707 4362 1019 4437 ἐχαρίζετο,
1058 4365 1154 4415 τοῦ
1204 4358 1262 4415 δὶ
1299 4356 1489 4432 θέρους
1528 4360 1557 4413 ὁ
1606 4356 1761 4417 νότος
1809 4356 1986 4409 πνέων

348 4452 564 4527 θερμὸς,
599 4454 869 4523 μετοικεῖν
901 4448 995 4504 τὸν
1033 4445 1263 4523 βασιλέα
1310 4445 1398 4500 ἐπὶ
1445 4446 1514 4500 τὰ
1553 4442 1786 4520 Ἀραρὰτ
1832 4443 1989 4516 ἀνάγ-

2090 3315 2225 3354 cum
2257 3297 2604 3352 mulieribus
2636 3298 2813 3352 simul
2836 3303 2892 3353 et
2920 3299 3266 3364 infantibus,
3298 3302 3355 3353 et
3381 3302 3502 3352 tota
3531 3299 3727 3365 domo,

2090 3387 2478 3456 omnibusque
2499 3385 2856 3453 domesticis,
2879 3385 3096 3440 accedit
3118 3386 3187 3439 ad
3211 3400 3402 3455 regem
3424 3385 3728 3441 Armeniae.

2092 3474 2194 3531 Ille
2219 3480 2415 3529 autem
2455 3478 2512 3529 et
2550 3473 2665 3529 alio
2704 3488 2804 3528 eos
2853 3474 3069 3528 honore
3098 3474 3329 3544 accipit,
3370 3477 3426 3527 et
3481 3473 3731 3544 benigne

2091 3564 2407 3619 admodum
2436 3578 2535 3618 eos
2564 3562 2798 3617 salutat.
2833 3562 2918 3617 Illi
2954 3566 3173 3630 autem,
3206 3578 3269 3617 se
3302 3560 3597 3617 blanditiis
3619 3562 3732 3630 ipsi

2090 3652 2471 3717 insinuantes,
2503 3668 2637 3708 eum
2674 3652 2925 3707 reddunt
2953 3652 3192 3707 omnino
3221 3650 3332 3705 sibi
3362 3649 3729 3715 familiarem,

2091 3745 2149 3796 et
2177 3740 2459 3807 efﬁciunt,
2489 3744 2553 3794 ut
2592 3756 2689 3795 eos
2723 3739 2867 3794 nihil
2900 3739 3138 3794 haberet
3166 3744 3487 3808 suspectos,
3520 3742 3577 3792 et
3608 3754 3729 3792 ma-

2088 3830 2243 3884 xime
2275 3829 2425 3899 quod
2485 3829 2662 3883 simul
2711 3845 2840 3883 cum
2892 3828 3193 3895 uxoribus,
3227 3832 3285 3882 et
3327 3826 3399 3881 iis
3434 3843 3561 3898 quae
3593 3831 3733 3880 sunt

2088 3918 2455 3985 charissima,
2496 3921 2562 3971 ad
2598 3917 2763 3971 illum
2818 3916 3290 3987 transfugissenl.
3346 3916 3547 3985 Itaque
3576 3917 3731 3969 Anac

2089 4008 2409 4063 secundum
2432 4006 2705 4061 honorem
2732 4017 2852 4075 post
2873 4021 3062 4076 regem
3081 4006 3309 4073 accipit.
3334 4009 3520 4072 Atque
3539 4004 3729 4057 hieme

2089 4097 2327 4167 quidem
2376 4094 2631 4149 Armenii
2678 4094 2739 4148 in
2770 4109 3000 4148 summo
3032 4094 3371 4162 quieverunt
3416 4093 3533 4148 otio
3569 4110 3582 4146 :
3630 4106 3728 4145 ver

2091 4199 2324 4253 quoque
2343 4181 2426 4236 eis
2449 4181 2661 4235 multas
2684 4180 3007 4250 voluptates
3030 4180 3088 4234 in
3112 4197 3219 4235 sua
3240 4180 3425 4250 patria
3446 4179 3733 4252 largieba-

2094 4278 2184 4325 tur
2210 4285 2225 4324 :
2258 4273 2451 4323 aestate
2473 4274 2661 4323 autem
2693 4273 2910 4333 auster,
2942 4266 3127 4323 calido
3150 4272 3283 4324 flatu
3317 4268 3570 4340 spirans,
3596 4283 3727 4324 coe-

2092 4359 2177 4430 git
2204 4372 2397 4429 regem
2430 4357 2674 4428 migrare
2694 4358 2749 4412 in
2782 4358 2984 4411 Ararat
3013 4356 3188 4412 simul
3221 4372 3350 4411 cum
3386 4355 3733 4427 magistrati-

2094 4448 2205 4502 bus
2238 4446 2337 4502 ubi
2368 4446 2654 4517 degebant
2680 4448 2959 4516 tanquam
2987 4446 3047 4499 in
3078 4460 3252 4501 verna
3282 4445 3578 4515 temperie.
3614 4444 3732 4499 Rex

346 4545 469 4609 καζε
520 4539 655 4611 μετὰ
711 4542 819 4593 τῶν
890 4536 946 4593 ἰν
1023 4534 1193 4604 τέλει,
1254 4536 1392 4590 ὅπου
1466 4534 1558 4590 καὶ
1623 4532 1759 4589 κατὰ
1832 4534 1980 4607 θέρος

2097 4537 2189 4593 hic
2221 4551 2462 4593 versans
2494 4534 2829 4591 movebatur
2868 4550 3074 4590 rursus
3106 4534 3386 4590 adversus
3410 4533 3731 4589 Persidem.

350 4623 525 4701 ὥσπερ
554 4624 606 4681 ἐν
654 4625 854 4701 ἰαρινῷ
896 4623 1093 4681 θάλπει
1135 4624 1225 4680 καὶ
1273 4624 1441 4700 ψύχει
1487 4620 1699 4697 διῆγον.
1734 4623 1980 4685 Ἐνταῦθα

2096 4629 2253 4683 Anao
2283 4628 2478 4680 autem
2509 4624 2843 4679 recordatus
2865 4623 3277 4695 jurisjurandi,
3310 4622 3463 4693 quod
3496 4623 3733 4678 dederat

352 4707 636 4790 διατρίϐων
674 4715 703 4769 ὁ
766 4712 1022 4788 βασιλεὺς
1086 4713 1224 4769 κατὰ
1281 4719 1383 4782 τῆς
1439 4708 1705 4787 Ηερσῖδος
1761 4710 1987 4766 έκινεῖτο

351 4800 533 4857 πάλιν.
574 4803 636 4860 Ὀ
680 4799 739 4857 δὲ
780 4800 945 4859 ’Λνᾶκ
999 4807 1106 4857 τῶν
1169 4823 1229 4857 τε
1283 4805 1380 4856 τοῦ
1428 4799 1750 4873 Ἀρτασείρα
1810 4800 1984 4869 ὅρκων

353 4891 424 4953 είς
493 4893 715 4965 μνήμην
765 4890 938 4955 ἐλθὼν
978 4890 1067 4946 καὶ
1131 4895 1211 4963 τῷ
1265 4895 1373 4945 τῶν
1403 4886 1621 4965 δωρεῶν
1666 4887 1986 4965 ἆναφλεγείς

350 4975 529 5056 ἔρωτι,
564 4976 999 5053 ῗδιολογίσασθαι
1029 4984 1109 5052 τῷ
1170 4978 1395 5055 βασιλαῖ
1423 4977 1709 5055 Ἀρμενίας
1766 4978 1877 5049 ἅμα
1905 4980 1984 5049 τῷ

350 5066 564 5146 ἀδελφῷ
610 5068 1100 5145 προφασισάμενοι,
1146 5069 1444 5143 ἀναγκαίων
1512 5072 1674 5123 τινῶν
1727 5066 1983 5142 πραγμά-

348 5178 447 5215 των
508 5155 657 5233 πέρι,
688 5156 779 5212 καὶ
834 5158 992 5229 μόνοι
1057 5157 1193 5232 πρὸς
1262 5156 1426 5230 μόνον
1485 5154 1836 5224 εἰσελθόντες,
1880 5176 1985 5228 μα-

2099 4715 2392 4783 Artasirae,
2414 4718 2472 4770 et
2492 4713 2776 4769 donorum
2800 4728 3078 4767 accensus
3094 4711 3433 4783 cupiditate,
3460 4727 3519 4766 se
3540 4725 3733 4780 regem

2093 4805 2382 4859 Armeniae
2438 4818 2703 4858 seorsum
2735 4801 2881 4857 velle
2918 4800 3136 4871 alioqui
3172 4799 3347 4854 simul
3379 4814 3503 4853 cum
3557 4798 3732 4853 fratre

2093 4898 2408 4964 praetexens
2430 4893 2500 4945 de
2524 4891 2701 4945 rebus
2731 4889 3094 4956 necessariis,
3127 4905 3260 4943 cum
3293 4887 3400 4942 soli
3433 4887 3503 4941 ad
3537 4887 3731 4941 solum

2093 4986 2285 5037 essent
2341 4980 2616 5051 ingressi,
2648 4979 2837 5048 ipsum
2886 4976 3096 5031 tollunt
3127 4978 3197 5030 de
3230 4976 3454 5029 medio:
3490 4979 3548 5029 et
3577 4975 3732 5029 fama

2094 5069 2374 5125 exercitui
2418 5069 2631 5123 caedem
2682 5065 3090 5129 annuntiante,
3133 5064 3229 5119 isti
3278 5067 3731 5118 conscendentes

2091 5174 2295 5229 equos,
2324 5161 2462 5212 totis
2485 5156 2705 5210 viribus
2740 5155 2985 5225 fugiunt.

348 5245 564 5321 γαίραις
593 5245 755 5302 αὐτὸν
788 5246 1091 5320 ἀνᾶιροῦσι,
1140 5248 1228 5301 καὶ
1277 5252 1377 5316 τῆς
1410 5250 1601 5324 φήμης
1638 5250 1717 5301 τῶ
1765 5242 2113 5320 στρατοπέδῳ
2164 5245 2479 5319 μηνυούσης
2525 5243 2615 5298 τὸν
2662 5241 2844 5309 φόνον,
2873 5246 2990 5302 τοῖς
3028 5238 3221 5301 ἵπποις
3265 5233 3542 5301 ἐπιϐάντες
3585 5237 3735 5292 οὗτοι

355 5334 635 5410 φεύγουσιν
665 5334 988 5410 ἀνακράτος.

420 5424 490 5480 Z'.
531 5423 599 5480 Οἱ
657 5428 789 5500 γοῦν
845 5427 1116 5500 σατράπαι
1160 5428 1261 5491 τῆς
1305 5424 1589 5499 Ἀρμενίας
1647 5422 1847 5500 λόχοις
1901 5423 1993 5479 καὶ

360 5510 622 5588 λοχαγοῖς
687 5518 797 5570 τῶν
853 5511 1106 5586 διεξόδων
1178 5516 1276 5577 τὰς
1337 5513 1563 5577 πλείους
1630 5511 1992 5594 διειληφότες,

2174 5426 2295 5484 VII.
2328 5428 2583 5497 Satrapm
2620 5430 2813 5479 autem
2856 5420 3142 5478 Armenias
3174 5436 3306 5478 cum
3342 5418 3655 5489 manipulis
3686 5425 3745 5474 et

2107 5516 2365 5573 militum
2389 5512 2729 5571 ductoribus
2743 5511 3029 5585 plurimos
3045 5506 3737 5583 occupassenttransitus,

364 5597 793 5679 προκαταλαϐεῖν
840 5603 1017 5662 αὐτῶν
1075 5606 1175 5676 τὴν
1222 5606 1398 5681 φυγὴν
1453 5603 1512 5659 έκ
1558 5604 1753 5664 παντὸς
1792 5604 1980 5679 τρόποι

2106 5605 2165 5661 in
2198 5605 2392 5661 animo
2423 5603 2713 5660 habebant
2760 5600 3034 5659 omnibus
3073 5599 3262 5657 modis
3310 5599 3506 5669 fugam
3537 5610 3738 5651 eorum
