4124 6270
466 284 576 346 951

1748 277 2031 340 MENSIS
2078 274 2565 338 SEPTEMBER.

3806 264 3904 325 952

472 444 798 509 prasvenire.
827 441 1107 506 Quocirca
1139 458 1240 496 nec
1267 441 1351 496 eis
1375 441 1589 495 frustra
1618 439 1792 494 cessit
1822 438 2097 494 studium.

2230 435 2514 489 Ξιενοοῦντο
2548 453 2561 466 ο
2596 432 2712 487 ὅθεν
2746 428 2879 486 οὐδὲ
2914 428 2991 494 είς
3042 429 3214 502 μάτην
3274 428 3462 490 αὐτοῖς
3532 425 3850 499 ἐχώρησεν
3882 427 3905 493 ξ,

468 536 612 592 Cum
644 550 743 590 eos
774 532 929 587 enim
963 532 1246 597 fugientes
1278 530 1335 585 in
1384 530 1574 585 medio
1627 528 1879 599 quodam
1939 530 2113 597 ponte

471 622 934 691 intercepissent,
968 620 1027 674 in
1054 619 1226 675 ﬂuvio
1257 620 1715 675 submerserunt.
1760 616 1981 672 Etcum
2013 630 2110 670 re-

475 712 624 765 versi
655 713 851 764 essent
880 713 1297 778 persecutores,
1331 708 1516 779 ipsius
1541 709 1691 761 Anac
1714 710 1771 760 et
1801 704 1994 759 fratris
2024 704 2112 757 in-

474 799 751 855 terﬁcitur
783 796 974 852 omnis
1003 796 1319 867 generatio,
1345 812 1476 850 cum
1509 812 1681 865 agens
1711 794 1983 866 spiritum
2018 809 2115 847 rex

474 885 880 941 Armeniorum
914 884 1022 941 hoc
1072 891 1394 940 extremum
1443 886 1796 948 mandasset,
1831 887 1895 937 ut
1924 897 2110 953 genus

476 989 677 1028 eorum
710 974 811 1044 qui
842 973 1037 1043 ipsum
1085 973 1501 1028 interemerant
1540 972 1805 1028 funditus
1831 970 2111 1025 interiret.

478 1063 548 1117 Et
576 1061 657 1117 sic
699 1061 931 1132 quidem
971 1062 1263 1131 perierunt
1291 1076 1516 1126 omnes,
1548 1066 1757 1132 praeter
1786 1060 1933 1115 duos
1963 1056 2116 1112 filios

478 1153 636 1205 Anac
667 1164 883 1220 eosque
917 1148 1081 1204 valde
1104 1150 1372 1217 infantes,
1403 1153 1461 1204 et
1489 1149 1585 1219 qui
1617 1152 1783 1203 erant
1807 1147 1998 1201 adhuc
2030 1146 2117 1199 in-

478 1238 660 1295 voluti
700 1239 915 1306 fasciis,
948 1243 1005 1294 et
1043 1238 1354 1295 iactabant.
1407 1240 1560 1304 Quos
1606 1254 1736 1294 cum
1790 1237 2120 1293 seduxisset

480 1330 721 1400 quidam
747 1332 907 1386 exiis
930 1330 1032 1401 qui
1053 1332 1123 1385 ad
1148 1346 1279 1387 eum
1303 1330 1845 1399 attinebant,unum
1879 1329 2116 1400 quidem

481 1419 753 1490 deposuit
781 1419 842 1473 in
868 1418 1129 1488 partibus
1148 1418 1421 1487 Persidis,
1445 1421 1692 1474 alterum
1716 1422 1911 1473 autem
1935 1417 1991 1471 in
2014 1416 2120 1471 Ro-

482 1522 654 1562 mana
684 1508 923 1562 ditione.
960 1509 1013 1562 ls
1036 1509 1139 1562 fuit
1172 1507 1499 1577 Gregorius,
1523 1508 1692 1577 cujus
1724 1507 1996 1577 prazclara
2019 1522 2122 1577 pro

484 1596 691 1665 pietate
722 1595 1039 1651 certamina
1068 1611 1302 1666 agressa
1332 1602 1421 1651 est
1459 1596 1530 1651 ab
1562 1596 1728 1651 initio
1774 1595 1963 1651 dicere
1993 1611 2121 1649 ora-

483 1684 585 1739 tio.
621 1683 773 1754 Rege
795 1694 984 1739 autem
1009 1685 1412 1739 Armeniorum
1444 1699 1510 1739 eo
1543 1686 1712 1739 modo
1732 1701 1848 1754 quo
1869 1684 2122 1738 diximus

2221 522 2455 592 σπουδὴ,
2487 521 2637 577 ἀλλά
2672 522 2967 599 φεύγοντας
2998 518 3226 583 τούτους
3262 518 3404 575 κατά
3453 515 3754 594 γέφυράν
3813 535 3911 568 τινα

2222 613 2391 681 μέσην
2421 598 2807 671 ἀπολαϐόντες.
2843 603 3219 687 ὑποϐρυχίους
3267 613 3348 680 τῷ
3388 608 3681 677 ποταμῷ
3714 598 3909 658 ἔδοσαν.

2221 699 2325 756 Κὶα
2398 704 2504 754 τῶν
2583 696 2890 753 διωκόντων
2974 698 3428 772 ὑποστρεψάντων
3508 693 3763 769 γίνεται

2220 796 2404 867 γενεᾶς
2462 789 2621 866 φόνος
2667 788 2902 859 ἁπάσης,
2942 788 3111 843 αὑτοῦ
3165 808 3225 843 τε
3279 786 3616 845 τοῦ’Λνάκ
3674 782 3781 837 καὶ
3836 789 3911 836 τοῦ

2222 878 2480 957 ἀδελφοῦ,
2533 878 2843 935 τελευταῖον
2892 882 3056 933 τοῦτο
3104 875 3235 941 ἔπος
3269 881 3368 932 τοῦ
3410 873 3775 965 Ἀρμενίων
3837 874 3910 947 βα-

2224 969 2420 1029 σιλέως
2467 969 2519 1022 έν
2562 966 2819 1042 ἐσχάταις
2869 972 3060 1027 πνοαῖς
3119 964 3570 1038 ἐπισκήψαντος,
3629 962 3751 1029 τήν
3794 982 3910 1014 παν.

2223 1058 2358 1126 τελῆ
2384 1061 2482 1112 τοῦ
2511 1058 2703 1131 γένους
2729 1060 2837 1111 τῶν
2872 1053 3174 1112 ἀνελόντων
3224 1052 3540 1109 ἀπώλειαν.
3593 1050 3718 1107 Καὶ
3785 1051 3907 1105 οὗτε»

2230 1148 2323 1219 μὲν
2372 1143 2660 1200 ἀπώλοντο
2709 1147 2925 1215 πάντες,
2983 1142 3133 1212 πλὴν
3196 1141 3292 1199 δύο
3330 1149 3497 1198 τινῶν
3554 1144 3679 1196 τοῦ
3758 1140 3909 1194 Ἀνὲι

2225 1232 2459 1302 παίδων,
2487 1234 2578 1289 καὶ
2629 1235 2837 1289 τούτων
2883 1231 3089 1306 κομιδῇ
3135 1232 3346 1301 νηπίων
3399 1232 3494 1286 καὶ
3550 1228 3622 1285 ἒν
3670 1234 3906 1304 σπαργα-

2224 1344 2335 1385 νοις
2384 1319 2461 1377 ἔτι
2508 1321 2598 1377 καὶ
2654 1322 2874 1397 γάλαξιν
2932 1318 3118 1390 ὄντων,
3168 1320 3261 1383 οὖς
3316 1325 3425 1375 τῶν
3481 1319 3906 1394 προσηκόντως

2224 1433 2307 1475 τις
2356 1410 2715 1488 ὑφελόμενος,
2749 1412 2840 1465 τὸν
2888 1412 2980 1482 μὲν
3024 1412 3076 1465 έν
3131 1416 3249 1472 τοῖς
3301 1417 3403 1479 τῆς
3456 1406 3776 1478 Περσίδος

2229 1523 2367 1576 ρεσι,
2401 1503 2492 1557 τὸν
2540 1499 2598 1556 δὲ
2649 1501 2701 1557 έν
2748 1505 2818 1574 τῇ
2868 1502 3153 1574 Ῥωμαϊκῇ
3204 1500 3485 1570 ὑπεξέθετο
3546 1498 3901 1572 ἐπικρατείᾳ.

2229 1591 2533 1667 Γρηγόριος
2565 1592 2594 1646 6
2625 1592 2769 1652 θεῖος
2812 1591 2969 1651 οὗτος
2996 1591 3085 1658 ἦν,
3116 1590 3179 1644 οὗ
3220 1591 3347 1652 τοὺς
3396 1586 3736 1663 λαμπροὺς
3788 1587 3899 1661 ὑπὲρ

2230 1674 2500 1742 εὐσεϐείας
2538 1680 2755 1755 ἀγῶνας
2788 1680 2815 1734 6
2866 1678 3029 1754 λόγος
3078 1679 3335 1757 ἀπαρχῆς
3377 1678 3562 1733 εἷπεῖν
3619 1675 3898 1749 ὥρμηται.

488 1772 810 1840 interfecto,
846 1772 997 1828 felici
1029 1774 1106 1828 rei
1155 1790 1426 1829 successu
1468 1782 1658 1829 motus
1699 1774 1892 1841 Persa,
1935 1776 2120 1828 movet

2232 1770 2339 1824 Τοῦ
2371 1767 2429 1823 δὲ
2458 1767 2758 1841 Ἀρμενίων
2792 1766 3064 1843 βασιλέως
3112 1769 3170 1822 ’ὀν
3221 1768 3434 1842 εἴρηται
3478 1766 3728 1840 τρόπον
3782 1766 3897 1840 ἀνῃ-

487 1862 800 1915 exercitum
833 1862 1109 1918 adversus
1148 1864 1518 1918 conturbatos
1549 1866 1834 1919 Armenes
1868 1880 1882 1919 :
1916 1868 1974 1919 et
2005 1879 2123 1917 ma-

486 1965 598 2017 gna
628 1954 755 2004 acta
798 1951 1007 2019 praada,
1051 1956 1108 2005 et
1144 1951 1344 2006 multis
1375 1952 1639 2007 abductis
1683 1952 1947 2023 captivis,
1980 1967 2124 2022 pris-

490 2034 645 2091 clare
702 2054 905 2093 rursus
964 2039 1021 2093 in
1060 2056 1247 2094 .suam
1294 2040 1598 2095 revertitur
1637 2041 1948 2111 regionem.
1981 2044 2125 2095 Cum

490 2131 681 2180 autem
716 2126 1030 2182 inveniseet
1051 2126 1199 2183 inter
1228 2130 1484 2200 captivos
1517 2146 1700 2185 unum
1731 2146 1799 2185 ex
1830 2128 1964 2184 ﬁliis
1984 2130 2126 2184 Cur-

488 2228 643 2278 saro,
678 2216 911 2270 nomine
941 2216 1287 2286 Teridatem,
1322 2234 1454 2274 eum
1489 2218 1724 2291 quidem
1759 2236 1873 2276 non
1905 2220 2124 2276 interﬁ-

485 2302 567 2359 cit
596 2308 829 2375 propter
846 2310 1101 2362 teneram
1132 2308 1320 2363 adhuc
1347 2314 1571 2364 (etatem
1598 2324 1612 2363 :
1649 2308 1823 2364 mittit
1853 2314 2047 2365 autem
2066 2310 2125 2367 in

486 2387 750 2443 exsilium
784 2389 843 2444 in
876 2389 1267 2448 Romanorum
1300 2394 1612 2465 regionem.
1645 2396 1743 2451 Hic
1770 2400 1857 2452 est
1895 2396 2125 2453 Terida-

487 2478 593 2543 tes,
628 2477 728 2547 qui
782 2494 1027 2549 regnum
1077 2482 1484 2538 Armeniorum
1525 2484 1831 2556 posteriori
1869 2489 2126 2557 tempore

491 2563 752 2620 Romano
785 2568 1001 2623 auxilio
1051 2570 1357 2639 acquisivit
1386 2576 1445 2627 et
1482 2573 1722 2645 accepit,
1754 2579 1810 2628 et
1849 2589 2123 2645 magnum

485 2654 830 2723 Gregorium
865 2656 1171 2711 tormentis
1202 2658 1452 2729 subjecit
1480 2660 2000 2718 innumerabilibus
2034 2668 2129 2718 :et

487 2740 587 2810 qui
609 2757 723 2796 non
745 2741 932 2797 solum
954 2759 1087 2798 eum
1112 2745 1347 2800 abduxit
1372 2764 1405 2803 a
1422 2747 1650 2817 pietate,
1667 2751 1765 2805 sed
1786 2750 1909 2820 ipse
1932 2752 2124 2821 potius

490 2829 615 2897 ejus
637 2830 964 2885 admirabili
986 2835 1314 2889 constantia
1343 2839 1400 2890 et
1427 2836 1593 2909 plaga
1616 2839 1864 2911 desuper
1894 2841 2124 2895 immis-

488 2932 555 2971 sa
575 2933 609 2971 a
639 2917 831 2973 divina
863 2919 1247 2989 Providentia,
1270 2923 1341 2977 ad
1370 2923 1525 2979 illius
1556 2926 1723 2982 ﬁdem
1748 2927 1857 2983 fuit
1885 2944 2124 2984 conver-

490 3020 614 3059 sus.
640 3005 748 3061 Sed
782 3006 902 3062 biec
933 3009 1168 3077 quidem
1201 3011 1539 3084 singulatim
1588 3016 1907 3086 procedens
1937 3018 2124 3074 decla-

486 3093 637 3148 rabit
667 3095 872 3154 oratio.

556 3269 700 3327 VIII.
721 3274 1013 3331 Artasiras
1031 3276 1227 3348 igitur,
1252 3278 1352 3350 qui
1373 3284 1512 3337 tunc
1533 3286 1657 3339 erat
1674 3300 1770 3340 rex
1793 3285 2121 3355 Persarum,

485 3368 705 3428 partem
741 3361 832 3416 sui
868 3362 1093 3433 imperii
1125 3366 1315 3437 ipsam
1355 3386 1583 3441 quoque
1615 3373 1743 3428 fecit
1770 3376 2120 3431 Armeniam.

486 3446 796 3518 Gregorius
828 3466 1022 3507 autem
1058 3455 1213 3511 filius
1244 3461 1419 3527 Anac,
1451 3466 1515 3515 ut
1544 3461 1818 3527 diximus,
1851 3467 1947 3534 qui
1978 3464 2122 3519 Cur-

488 3551 621 3626 saro
660 3537 1039 3609 ieterfecerat,
1084 3546 1302 3615 degens
1334 3547 1392 3602 in
1426 3549 1651 3606 civitate
1682 3552 1949 3608 Caesareae
1979 3554 2123 3626 Cap-

491 3625 765 3694 padociae,
806 3633 861 3681 et
896 3629 1070 3685 aliam
1117 3634 1323 3690 didicit
1360 3635 1707 3707 doctrinam,
1739 3647 1795 3696 et
1840 3643 1898 3696 in
1950 3644 2125 3700 rebus

488 3710 832 3769 Christianis
893 3715 1196 3789 diligenter
1254 3723 1362 3777 fuit
1416 3728 1781 3783 exercitatus.
1829 3730 2124 3789 Teridates

488 3799 754 3869 proinde,
786 3803 887 3871 qui
918 3811 1041 3860 erat
1061 3822 1127 3861 ex
1156 3810 1440 3879 sanguine
1471 3812 1650 3883 regio,
1684 3817 2038 3875 referebatur
2065 3821 2125 3876 in

481 3903 557 3941 nu
572 3902 792 3944 merum
811 3889 1200 3949 Romanorum
1224 3897 1697 3968 magistratuum.
1713 3902 1836 3959 Non
1852 3906 2127 3977 ignorans

480 3978 687 4066 autem;
721 3975 1039 4066 Gregorius
1067 3988 1123 4037 et
1162 4000 1285 4053 qum
1327 3986 1456 4042 fecit
1500 3990 1628 4060 ejus
1672 3997 1830 4062 pater
1859 3975 2042 4066 Anac,
2071 4001 2128 4052 et

482 4079 607 4133 quae
642 4064 713 4120 ab
746 4065 874 4136 ipso
905 4084 1115 4138 passus
1145 4077 1234 4129 est
1276 4080 1440 4145 pater
1477 4079 1782 4150 'l‘eridatis,
1815 4100 1882 4139 ea
1927 4064 2123 4141 tamen

480 4157 704 4240 secreta
726 4157 879 4227 apud
908 4174 970 4214 se
1000 4163 1226 4229 tenens,
1251 4166 1470 4223 accedit
1498 4169 1569 4223 ad
1590 4170 1935 4240 Teridatem,
1968 4192 2030 4231 se
2052 4176 2123 4231 ad

477 4239 871 4301 voluntarium
893 4247 1269 4317 ejustradens
1292 4254 1926 4329 ministerium,etcilra
1945 4264 2122 4322 ullam

486 4334 909 4388 excusationem
961 4338 1207 4395 Teridati
1258 4342 1315 4397 in
1356 4348 1631 4402 omnibus
1680 4350 1909 4406 fidelem
1954 4369 2122 4410 suam

484 4419 773 4509 praebebat
792 4438 1049 4491 operam.
1071 4427 1212 4482 Cum
1237 4438 1428 4486 autem
1452 4437 1763 4503 accepisset
1785 4438 2121 4509 Gregorium

2154 3167 2204 3235 Ο

2233 1858 2493 1933 ρημένου,
2545 1863 2623 1930 τῷ
2660 1859 3000 1934 εὐτυχήματι
3064 1857 3314 1934 ἐπαρθεὶς
3364 1859 3391 1912 6
3439 1857 3712 1931 Πέρσης,
3756 1877 3893 1912 τετα-

2236 1947 2527 2022 ραγμένοις
2566 1947 2935 2021 ἐπιστρατεύει
2984 1954 3101 2010 τοῖς
3141 1947 3471 2022 Ἀρμενίοις,
3513 1949 3624 2002 καὶ
3684 1944 3889 2015 πολλὴν

2234 2032 2669 2110 περιϐαλόμενος
2711 2038 2860 2093 λείαν
2888 2037 2979 2092 καὶ
3019 2035 3400 2112 δορυαλώτους
3448 2036 3542 2091 ὅτι
3604 2036 3888 2096 πλείστους

2236 2120 2443 2195 λαϐὼν,
2497 2127 2572 2189 εἰς
2646 2130 2746 2195 τήν
2812 2126 3011 2182 οἰκείαν
3066 2126 3337 2200 λαμπρῶς
3387 2126 3679 2196 ἐπανῆκεν
3730 2123 3881 2190 αὖθις.

2234 2214 2422 2289 Εὐρὼν
2462 2212 2520 2271 δὲ
2566 2214 2619 2271 έν
2668 2222 2786 2279 τοῖς
2827 2214 3209 2291 αἰχμαλώνοις
3250 2212 3343 2271 ἕνα
3385 2220 3492 2272 τῶν
3556 2217 3707 2270 υἱῶν
3756 2219 3879 2273 Κου-

2235 2305 2383 2380 σαρὼ
2424 2302 2732 2378 Τηριδάτην
2772 2303 2969 2379 ὄνομα,
3020 2306 3123 2360 οὐκ
3158 2306 3370 2380 ἀναιρεῖ
3418 2306 3515 2379 μὶν
3580 2304 3749 2362 αὑτὸν
3803 2302 3873 2358 διὶ

2231 2395 2293 2449 τὸ
2323 2395 2614 2466 Ῥωμαίων
2662 2395 2769 2465 ἤθη
2821 2392 3132 2471 φυγαδεὺει.
3168 2395 3343 2452 Οὗτός
3397 2394 3508 2450 έστι
3568 2393 3864 2470 Τηριδάτης

2234 2486 2263 2539 6
2287 2485 2377 2539 καὶ
2408 2488 2505 2553 τὴν
2537 2484 2836 2558 Ἀρμενίων
2876 2486 3054 2561 ἀρχὴν
3092 2485 3280 2563 χρόνῳ
3333 2485 3564 2561 ὕττερον
3602 2488 3855 2559 Ῥωμαῖέιῇ

2233 2574 2524 2649 συμμαχίᾳ
2553 2575 2642 2629 καὶ
2691 2577 2859 2655 ψήφῳ
2895 2575 3368 2648 κατακτησάμενος
3416 2578 3506 2631 καὶ
3568 2572 3844 2646 ὑπολαῶν,

2234 2663 2323 2716 καὶ
2363 2662 2455 2717 τὸν
2507 2663 2671 2737 μέγαν
2724 2665 3029 2739 Γρηγόριον
3081 2667 3333 2739 βασάνοις
3379 2665 3689 2739 ἀμυθήτοις
3724 2668 3834 2720 ὀττο-

2235 2746 2443 2821 λαϐὼν,
2475 2752 2667 2825 καὶμὴ
2705 2752 2871 2826 μόνον
2926 2756 3001 2826 μὴ
3052 2754 3364 2825 ἀποστήσας
3403 2760 3603 2810 τοῦτον
3636 2762 3712 2822 τῆς
3746 2753 3815 2806 εὖ·

2234 2837 2464 2911 σεὸείας,
2517 2839 2661 2897 αλλὰ
2720 2844 2810 2897 καὶ
2870 2843 3029 2906 αὐτὸς
3088 2842 3266 2914 δήπου
3321 2847 3390 2919 τῇ
3436 2865 3496 2900 τε
3550 2849 3651 2901 τοῖν
3680 2840 3818 2913 ᾰνὶξῆς

2235 2931 2500 3007 ὑπερφυεῖ
2548 2934 2825 3006 καρτερίᾳ,
2856 2932 2947 2987 καὶ
2997 2936 3065 3007 τῇ
3113 2932 3321 2995 έκθείας
3367 2935 3640 3009 προνοίας
3683 2932 3831 2995 ἄνωθεν

2237 3019 2484 3092 μάστιγι,
2517 3021 2653 3093 πρὸς
2692 3021 2791 3088 τήν
2825 3019 3025 3075 ἐκείνου
3074 3020 3255 3075 πίστιν
3309 3018 3669 3094 μεταϐαλών.
3704 3018 3843 3077 Ἀλλὶ

2232 3097 2399 3153 ταῦτα
2430 3099 2525 3172 μὶν
2552 3099 2690 3154 κατά
2721 3101 2885 3175 μέρος
2914 3100 3125 3175 προϊὼν
3158 3103 3187 3156 6
3218 3100 3387 3177 λόγος
3430 3099 3703 3174 δηλώσει.

2304 3284 2381 3338 H'.
2434 3283 2778 3355 Ἀρτασείρας
2827 3280 2874 3338 δ’
2930 3282 3020 3339 οὖν
3069 3285 3191 3339 τότε
3239 3284 3267 3338 6
3314 3288 3419 3340 τῶν
3452 3286 3685 3360 Περσῶν
3724 3286 3846 3359 βασιο

2233 3368 2359 3433 λεὺς
2410 3371 2571 3444 μέρος
2617 3378 2717 3442 τῆς
2766 3369 2904 3435 ίδίας
2950 3375 3128 3451 ἀρχῆς
3174 3374 3266 3429 καὶ
3300 3377 3398 3445 τήν
3435 3376 3731 3451 ’Λρμενίαν
3775 3374 3851 3428 αὖ·

2230 3461 2329 3528 τὴν
2361 3457 2679 3531 ἐποιήσατο.
2711 3463 2769 3519 Ὀ
2817 3459 2875 3517 δὶ
2918 3467 3021 3518 τοῦ
3050 3462 3209 3521 ’Δνὰκ
3255 3469 3382 3527 παῖς
3442 3468 3540 3520 τοῦ
3595 3466 3696 3521 τὸν
3742 3466 3851 3520 Κου-

2234 3550 2382 3623 σαρὼ
2410 3548 2691 3613 ἀνελόντος
2723 3552 2835 3624 ἅμα
2857 3554 2956 3625 1τῷ
3003 3550 3223 3632 ἀδελφῷ
3272 3554 3565 3629 Γρηγορίῳ
3614 3552 3671 3609 ἐν
3715 3551 3849 3608 πόλει

2234 3639 2557 3715 Καισαρείας
2618 3647 2717 3710 τῆς
2780 3639 3171 3706 Καππαδοκίας
3230 3640 3453 3718 διάγων,
3509 3639 3758 3699 παιδείαν
3809 3661 3853 3696 τε

2231 3730 2331 3797 τὴν
2365 3727 2544 3799 ἄλλην
2593 3727 2870 3803 ἐμάνθανε,
2899 3731 2989 3786 καὶ
3045 3732 3111 3787 τὰ
3157 3732 3493 3806 Χριστιανῶν
3554 3730 3853 3810 φιλοπόνως

2233 3819 2475 3885 ἠσκεῖτο.
2510 3817 2825 3893 Τηριδάτης
2853 3820 3031 3875 τοίνυν
3060 3823 3149 3876 οἷα
3179 3819 3245 3891 δὴ
3302 3822 3590 3897 βασιλικοῦ
3645 3821 3856 3895 αἵματος

2234 3904 2309 3959 ὢν
2381 3912 2495 3968 τοῖς
2570 3906 2622 3962 ἐν
2696 3908 2840 3964 τέλει
2916 3917 3305 3985 συνηριθμεῖτο
3376 3912 3690 3986 Ῥωμαίων.
3761 3909 3855 3969 Οὐκ

2235 3995 2439 4075 ἀγνοῶν
2470 3996 2559 4050 οὗν
2593 3997 2621 4050 6
2654 4000 2955 4075 Γρηγόριος
3005 4002 3039 4054 ἅ
3079 4020 3139 4055 τε
3188 4002 3217 4057 6
3256 4001 3451 4057 τούτου
3500 4003 3687 4072 πατὴρ
3718 3999 3855 4056 ’Λνὼι

2236 4072 2552 4150 διεπράξατο
2600 4080 2687 4133 καὶ
2740 4072 3175 4153 ἀὸνΤηριδάτου
3214 4084 3341 4156 παρ’
3384 4083 3551 4138 αὑτοῦ
3602 4084 3843 4139 πέπονθεν

2234 4165 2501 4243 ἀνέκφορα
2549 4167 2605 4223 ὁὶ
2659 4168 2813 4241 ὅμως
2869 4172 2996 4243 παρ’
3054 4172 3229 4244 ἑαυτῷ
3290 4174 3560 4248 κατέχων,
3630 4172 3853 4247 πρόσεισι

2233 4260 2312 4328 τῷ
2368 4254 2646 4331 Τηριδάτῃ
2701 4258 2778 4322 είς
2825 4257 3070 4315 ἑκούσιον
3126 4261 3316 4317 ἑαυτὸν
3365 4262 3661 4335 ὑπηρεσίαν
3694 4261 3848 4336 ἐγχει-

2235 4344 2419 4419 ρίζων,
2451 4348 2540 4401 καὶ
2589 4349 2654 4416 ἦν
2714 4349 3113 4426 ἀπροφάσιστον
3171 4350 3222 4405 έν
3276 4355 3406 4407 πᾶσι
3454 4357 3534 4423 τῷ
3588 4348 3845 4426 Τηριδέτῃ

2233 4432 2322 4487 καί
2368 4436 2567 4505 πιστὴν
2622 4434 2918 4499 ἀποδιδοὺς
2970 4438 3288 4513 ὑπηρεσίαν.
3322 4441 3525 4497 Μαθὼν
3574 4438 3632 4496 δέ
3675 4441 3754 4497 ὅτι
3797 4438 3848 4493 τὰ

483 4503 863 4562 Christianam
892 4515 1085 4567 tenere
1130 4515 1487 4585 religionem,
1523 4539 1669 4591 aegre
1718 4503 1934 4582 ferebat
1965 4529 2120 4585 Teri-

2232 4503 2562 4595 Χριστιανῶν
2643 4526 2891 4595 Θησκεὺει
2975 4503 3302 4605 Γρηγόριος,
3381 4527 3731 4609 ἐδυσχέραινέ
3806 4546 3848 4581 τε

483 4592 669 4658 dates,
727 4596 851 4664 qui,
892 4598 997 4652 etsi
1055 4602 1378 4671 proficeret,
1433 4624 1549 4665 non
1606 4613 1874 4669 cessabat
1924 4620 2120 4674 tamen

484 4693 617 4734 eum
642 4679 959 4753 increpare.
986 4686 1178 4743 Gottbi
1203 4706 1333 4748 vero
1364 4693 1462 4750 illo
1495 4704 1745 4767 tempore
1769 4702 2115 4771 papulaban-

484 4774 576 4822 tur
612 4773 999 4866 et_vastabant
1032 4794 1199 4847 agros
1234 4780 1499 4839 Romanis
1539 4788 1809 4859 regionis.
1834 4789 1996 4848 Unde
2017 4796 2117 4866 qui

487 4863 623 4913 tunc
674 4859 1001 4921 Romanum
1032 4868 1331 4926 obtinebat
1358 4873 1668 4946 imperium
1718 4885 1964 4938 surrexit
1993 4859 2118 4955 ipse

483 4960 710 5042 quoque
740 4953 874 5042 totis
931 4955 1150 5013 viribus
1184 4973 1197 5014 :
1230 4965 1287 5016 et
1342 4978 1469 5034 qua
1518 4967 1586 5021 ad
1621 4966 1833 5024 bellum
1865 4953 2118 5042 pertine-

484 5033 624 5130 bant
656 5040 915 5110 parabat,
965 5060 1181 5117 eosque
1232 5047 1479 5107 advocat
1531 5054 1627 5125 qui
1669 5058 1795 5125 ejus
1843 5033 2120 5130 parebant

486 5123 729 5193 ditione,
761 5144 826 5183 ac
857 5147 918 5186 se
975 5136 1211 5192 omnino
1262 5123 1582 5199 instruebat
1638 5147 1708 5200 ad
1752 5147 2118 5209 ulciscendas

484 5211 746 5269 Gotthos.
806 5218 944 5273 Cum
1006 5222 1199 5292 itaque
1271 5226 1418 5283 alter
1472 5246 1536 5285 ex
1597 5235 1837 5291 adverso
1883 5238 2118 5297 alterius

485 5304 879 5357 castrametati
939 5320 1151 5375 essent,
1215 5322 1269 5369 et
1306 5318 1485 5373 aciem
1534 5323 1765 5394 utrique
1812 5326 2117 5386 instruxis-

486 5392 637 5454 sent,
669 5393 724 5443 et
753 5407 962 5447 manus
998 5414 1127 5454 mox
1156 5412 1347 5460 essent
1367 5392 1710 5481 conserturi,
1740 5415 1855 5470 dux
1884 5417 2119 5476 Gottho-

485 5491 619 5579 rum
660 5482 989 5579 provocavit
1046 5501 1238 5557 regem
1277 5495 1666 5555 Romanorum
1699 5502 1769 5559 ad
1822 5505 2118 5579 singulare

484 5567 797 5620 certamen.
822 5565 924 5622 Ille
955 5574 1149 5629 autem
1180 5580 1389 5651 (neque
1418 5585 1570 5641 enim
1593 5594 1814 5659 poterat
1843 5565 1967 5651 suis
2000 5613 2115 5653 ma-

2231 4610 2389 4673 οὗτος
2433 4613 2461 4666 ὁ
2506 4610 2819 4688 Τηριδάτης
2871 4614 2962 4669 καὶ
3013 4616 3057 4670 εἰ
3111 4615 3280 4691 μηδὲν
3336 4617 3519 4693 ἤνυεν,
3551 4621 3710 4692 ὅμως
3759 4619 3844 4672 ἐπι·

2227 4706 2403 4773 τιμῶν
2463 4702 2562 4757 οὐκ
2619 4703 2773 4759 ἀνίει.
2812 4704 3003 4769 Γότθοι
3063 4703 3120 4762 δὲ
3175 4709 3293 4762 κατ’
3340 4706 3517 4763 έκεῖνο
3563 4712 3753 4785 καιροῦ
3792 4705 3839 4760 τᾶ

2226 4780 2515 4861 Ῥωμαίων
2558 4792 2738 4871 χωρία
2768 4789 2961 4867 ἐδῄουν
3000 4816 3058 4850 τε
3105 4798 3194 4851 καὶ
3242 4780 3729 4871 ἠνδράποδίζοντο.
3756 4793 3830 4853 Κπῖ

2229 4878 2258 4932 6
2313 4878 2610 4953 Ῥωμαίαις
2660 4879 2717 4937 δέ
2763 4884 2887 4939 τότε
2942 4886 3041 4954 τήν
3100 4885 3378 4959 βασιλείαν
3448 4885 3672 4959 διέπων,
3721 4886 3821 4942 διαν-

2233 4969 2413 5022 ίστατο
2458 4969 2548 5024 καὶ
2598 4969 2758 5035 αὐτὸς
2817 4974 2973 5029 παντί
3015 4973 3206 5043 σθένει,
3236 4975 3328 5031 καὶ
3375 4977 3442 5031 τὰ
3500 4977 3579 5041 εἷς
3634 4980 3720 5035 τὸν
3754 4974 3818 5030 τό·

2229 5053 2398 5131 λεμον
2445 5059 2577 5131 μετὰ
2622 5064 2731 5115 τῶν
2781 5061 2883 5117 ὑπὸ
2933 5068 3094 5139 χεῖρα
3154 5063 3542 5141 ηὐτρεπίζετο,
3590 5068 3687 5124 καὶ
3726 5068 3824 5137 ἆμα-

2227 5151 2433 5210 νεῖσθαι
2465 5149 2694 5209 Γότθους
2727 5154 3161 5221 συσεσκευάζετο.
3191 5155 3381 5221 Ἔνθεν
3407 5176 3494 5212 τοι
3542 5156 3659 5213 ἀντὶ
3707 5173 3837 5230 crpu-

2227 5233 2701 5313 τοπεδευσαμένων
2756 5240 2815 5295 ἐκ
2867 5244 2963 5296 τοῦ
3020 5240 3259 5299 ἐναντίου
3298 5244 3596 5317 ἀλλήλοις,
3639 5247 3731 5303 καὶ
3763 5245 3843 5312 τὴν

2227 5328 2474 5400 στρατιὰν
2558 5327 2807 5403 ἑκατέραν
2884 5328 3267 5405 διαταξάντων,
3341 5333 3433 5390 καὶ
3516 5335 3592 5397 εἷς
3676 5341 3844 5410 χεῖρας

2226 5415 2351 5471 ὅσον
2411 5414 2623 5473 οὐδέπω
2682 5417 2899 5490 ἰόντων,
2960 5420 2988 5476 6
3044 5427 3152 5476 τῶν
3209 5422 3416 5479 Γότθων
3474 5425 3726 5499 ἀρχηγὸς
3781 5421 3844 5482 εἷς

2230 5505 2579 5580 μονομαχίαν
2616 5506 2975 5582 προεκαλεῖτο
3026 5508 3117 5566 τὰν
3171 5510 3400 5586 βασιλέα
3442 5512 3759 5586 Ῥωμαίων.
3793 5508 3844 5567 ’0

2226 5591 2281 5649 δέ
2330 5594 2415 5668 (οὑ
2465 5597 2562 5669 γὰρ
2612 5596 2726 5659 οἷός
2778 5619 2834 5654 τε
2890 5597 2956 5667 ἧν
3012 5601 3199 5674 χερσὶν
3250 5599 3471 5661 οἰκείαις
3536 5596 3844 5659 καταϐαλεῖν
