4124 6270
192 308 324 371 953

1203 305 1385 368 νιΤΑ
1434 306 1496 369 S.
1547 303 1909 367 GREGORII
1957 293 2594 363 ILLUMINATORIS.

3486 277 3601 338 954

192 473 296 528 τὸν
350 469 693 544 ἀντίπαλον),
725 469 806 531 τίς
856 470 915 524 ἂν
956 468 1159 524 ἐκεῖνον
1201 467 1515 544 υποκριθεὶς
1563 471 1640 540 τῷ
1670 466 1887 539 Γότθῳη

1998 464 2143 521 libus
2165 465 2527 535 prosternere
2548 450 2968 517 adversarium)
2992 444 3304 519 quaerebat,
3328 441 3602 513 quisnam

194 556 560 638 προσϐάλλοι
591 558 652 615 ἐκ
687 563 794 614 τῶν
823 560 949 634 παρ’
966 559 1142 630 ἑαυτῷ
1167 557 1442 628 ἐπεζήτει.

282 744 363 802 0'.
431 741 765 804 Λικιννιανὸς
823 738 882 796 δὲ
934 762 1018 803 τις
1071 740 1207 817 ἀνὴρ
1253 744 1360 796 τῶν
1400 741 1457 795 ἐν
1505 737 1859 815 στρατηγίαις

202 833 612 905 ἐξεταζομένων
659 832 721 886 τὸ
785 834 1081 901 τηνικαῦτα
1133 828 1345 906 Θαῤῥεῖν
1407 828 1715 885 ὑποτίθεται
1780 831 1860 898 τῷ

205 919 471 996 βασιλεῖ·
525 920 659 975 εἶναι
712 920 818 994 γὰρ
871 917 1043 975 πάλαι
1083 918 1189 973 τῶν
1232 919 1358 991 παρ’
1387 918 1533 990 αὐτῷ
1574 936 1858 992 στρατευο·

208 1010 391 1085 μενων
440 1010 581 1081 τινὰ,
641 1005 952 1083 Τηριδάτην
1012 1008 1215 1063 ἐκεῖνον
1259 1007 1350 1062 τὸν
1411 1006 1486 1069 είς
1533 1008 1594 1062 τὸ
1642 1003 1860 1081 βασιλι-

201 1100 307 1154 κὸν
362 1105 463 1168 τῆς
498 1097 782 1172 Ἀρμενίας
840 1096 1170 1175 ἀναφέροντα
1218 1097 1377 1170 αἷμα,
1418 1092 1585 1170 ἄνδρα
1639 1092 1860 1167 δυνάμει

205 1188 305 1241 καὶ
349 1186 535 1262 χερσὶν
564 1184 809 1260 ἄμαχον,
849 1186 937 1240 καὶ
976 1183 1196 1255 πολλὴν
1225 1183 1276 1239 ἐν
1323 1182 1559 1245 πολλοῖς
1590 1180 1865 1237 δεδωκότα

206 1280 408 1352 πεῖραν
441 1282 541 1345 τῆς
593 1274 757 1330 αὐτοῦ
805 1274 1207 1350 γενναιότητος.
1242 1273 1417 1335 Οὗτος
1458 1273 1544 1328 καὶ
1596 1276 1688 1327 νῦν
1720 1273 1866 1345 παρᾶ

208 1369 298 1437 τῷ
346 1363 599 1437 παλατίῳ
648 1358 913 1438 διαορίϐει
953 1363 1133 1442 φησίν.
1174 1363 1401 1439 Ἀγεται
1455 1363 1582 1438 γοῦν
1629 1356 1866 1433 Τηριδά-

207 1473 317 1525 της
363 1453 439 1514 εἷς
483 1453 669 1526 μέσον,
698 1452 786 1507 καὶ
834 1454 937 1523 τὴν
991 1450 1282 1527 βασιλικὴν
1333 1450 1480 1522 αύτῷ
1528 1450 1863 1528 περιτίθησιν

210 1543 241 1597 6
290 1540 547 1618 βασιλεὺς
577 1539 901 1618 ἁλουργίδα,
940 1540 1031 1595 καὶ
1091 1542 1156 1595 τὰ
1202 1544 1301 1614 τῇς
1335 1541 1513 1615 ἀρχῆς
1567 1540 1867 1613 παράσημα

211 1633 412 1701 πάντα,
443 1632 517 1693 ὡς
566 1631 625 1686 ἂν
670 1628 859 1702 δοκοίη
895 1630 987 1685 καὶ
1024 1628 1277 1705 βασιλεὺς
1324 1631 1478 1699 εἶναι,
1508 1630 1535 1683 ὁ
1566 1631 1664 1698 τήν
1701 1648 1864 1701 μονο-

218 1722 432 1797 μαχίαν
503 1721 640 1795 πρὸς
707 1720 799 1775 τὸν
883 1714 1155 1795 βάρϐαρον
1219 1717 1628 1793 ἀναιρούμενος.
1693 1724 1865 1771 Κατα-

219 1810 449 1873 στάντες
488 1807 579 1863 οὖν
631 1808 707 1870 εἰς
770 1808 958 1898 μάχην
990 1806 1019 1861 6'
1071 1827 1129 1862 τε
1155 1806 1267 1898 *τὸν
1310 1804 1534 1881 βασιλέα
1579 1804 1863 1878 Ῥωμαίων
1900 1832 1952 1898 Β

219 1898 655 1973 ὀποκρινόμενος
712 1894 1171 1968 Τηριδάτης,καὶ
1214 1895 1372 1957 αὐτὸς
1428 1895 1455 1949 6
1494 1899 1601 1949 τῶν
1652 1894 1868 1948 Γὸτθων

222 1987 502 2063 ἀρχηγὸς,
560 1986 706 2060 παρὰ
752 1990 1010 2042 τοσοῦτον
1078 1982 1389 2058 Τηριδάτης
1452 1984 1716 2059 ἐκράτησε
1773 1986 1871 2036 τοῦ

225 2070 530 2151 βαρϐάρου,
581 2074 657 2137 ὡς
736 2071 873 2147 μηδὲ
944 2074 1094 2151 ξίφος
1166 2072 1249 2128 ἐπ’
1329 2071 1487 2127 αὐτὸν
1573 2072 1872 2127 σπείσασθαι

221 2161 369 2239 μηδὲ
425 2160 555 2237 δόρυ
621 2170 862 2233 κινῆσαι,
903 2161 1033 2219 ἀλλ’
1094 2163 1327 2237 ἁρπάσαι
1386 2182 1445 2217 τε
1507 2156 1698 2215 τοῦτον
1755 2164 1874 2220 ταῖς

218 2250 384 2328 χερσὶ
443 2250 589 2328 ῥᾷον,
638 2252 731 2307 καὶ
787 2252 938 2324 αύτῷ
1001 2252 1219 2328 βασιλεῖ
1283 2256 1626 2323 παραστῆσαι
1678 2253 1875 2318 ζῶντα.

216 2341 409 2398 ’Ένθεν
456 2360 539 2395 τοι
599 2336 729 2395 οὐδὲ
794 2339 1020 2411 ἀναξίων
1088 2340 1214 2415 παρ’
1244 2338 1412 2394 αὐτοῦ
1470 2337 1724 2413 τυγχάνει
1770 2341 1878 2392 τῶν

219 2427 431 2493 ἄθλων.
463 2430 721 2503 Χρήμασι
741 2448 801 2484 τε
830 2430 933 2503 γὰρ
965 2427 1125 2483 αὐτὸν
1156 2426 1567 2504 φιλοφρονεῖται
1615 2423 1875 2495 πολλοῖς,

218 2518 315 2574 καὶ
372 2516 683 2593 πορφυρίδα
740 2512 1087 2591 περιϐάλλει,
1146 2516 1234 2570 καὶ
1300 2512 1570 2589 βασιλικῷ
1625 2515 1724 2583 τήν
1784 2533 1874 2568 κε-

222 2605 408 2686 φαλὴν
458 2605 749 2680 ἐπικοσμεῖ
808 2602 1129 2678 διαδήματι,
1176 2603 1269 2658 καὶ
1329 2602 1405 2665 είς
1462 2605 1562 2672 τήν
1618 2603 1874 2677 πατρῴαν

225 2695 410 2772 ἀρχὴν
440 2693 839 2765 ἀποκαθίστησι
882 2695 975 2749 τὸν
1011 2689 1343 2767 Τηριδάτην.
1378 2693 1457 2748 Τὸ
1520 2692 1703 2764 μὲντνι
1747 2696 1880 2745 Γοτ-

228 2787 404 2854 θικὸν,
441 2784 769 2861 Ιπαραλόγου
810 2791 910 2852 τῆς
968 2784 1145 2857 τύχης
1204 2783 1348 2837 οὕτω
1394 2778 1761 2854 πειραθέντες,
1790 2779 1879 2834 καὶ

231 2873 615 2949 ωλληφθέντα
661 2873 754 2927 τὸν
803 2872 1052 2947 ἀρχηγὸν
1094 2870 1154 2925 ἐκ
1198 2874 1297 2924 τοῦ
1346 2866 1615 2947 αἰφνιδίου
1657 2866 1881 2938 ἰδόντες,

233 2958 578 3016 διεσκεδασιό
632 2980 692 3016 τε
750 2962 888 3014 ἅπαν
946 2958 1035 3012 καὶ
1088 2955 1275 3032 ὀλίγοι
1332 2956 1470 3030 πρὸς
1522 2958 1623 3025 τήν
1682 2953 1882 3009 οἰκείαν

235 3049 523 3121 ἐπανῆκον,
568 3056 668 3118 τῆς
722 3050 1004 3123 συμφορᾶς
1055 3045 1304 3122 ἄγγελοι.
1355 3047 1424 3101 "0
1470 3064 1531 3120 γε
1585 3045 1692 3117 μὴν
1751 3044 1886 3096 Ῥω-

239 3139 418 3212 μαίων
472 3138 724 3214 βασιλεὺς
774 3137 909 3210 μετὰ
965 3134 1237 3210 λαμπρῶν
1297 3130 1574 3209 τροπαίων
1634 3128 1888 3205 εὐδιαμο-

236 3224 462 3279 νὲστατα
490 3222 783 3298 ἂνεξεύγνυ.

311 3312 367 3373 Ι’.
399 3310 714 3388 Τηριδάτης
753 3309 812 3366 δὲ
847 3311 909 3366 τὸ
954 3311 1080 3379 ἑξῆς
1127 3307 1417 3383 Ἀρμενίας
1461 3305 1763 3383 βασιλεύων
1792 3313 1891 3376 τῆς

238 3402 495 3479 πατρῴας
557 3400 772 3475 μᾶλλον
821 3398 1000 3476 εἴχετε
1056 3396 1513 3472 δεισιδαιμονίας,
1582 3395 1779 3458 ἄλλοις
1834 3416 1893 3450 τε

243 3492 385 3558 θύειν
444 3489 701 3553 ἑῗδώλοις
750 3490 842 3546 καὶ
895 3488 962 3559 δὴ
994 3489 1084 3544 καὶ
1143 3484 1451 3566 Ἀφτὲμιδι,
1512 3486 1578 3556 ἢν
1637 3485 1796 3559 ἐτίμα
1836 3505 1895 3539 τε

243 3579 609 3660 διαφερόντως
665 3582 755 3636 καὶ
816 3578 983 3657 φίλην
1043 3581 1229 3655 ἠγεῖτο
1280 3572 1422 3633 θεόν.
1455 3571 1752 3632 Ἐϐούλετο
1799 3576 1893 3647 μὲν

245 3671 337 3726 οὗν
382 3677 481 3740 τῆς
532 3669 714 3734 θυσίας
763 3672 1043 3723 κοινωνεῖν
1093 3668 1244 3739 αὐτῷ
1274 3666 1485 3721 καὶτὸν
1517 3665 1662 3740 ἱερὸν
1693 3663 1901 3739 Γρηγό-

249 3779 382 3833 ριον.
442 3754 584 3832 Τῇδε
640 3758 745 3832 γάρ
800 3761 880 3829 τῷ
929 3754 1207 3830 Τηριδάτῃ
1257 3756 1347 3809 καὶ
1405 3754 1566 3818 αὐτὸς
1601 3751 1801 3808 ε’ίπετο.
1836 3753 1897 3810 Ὀ

250 3842 307 3902 δὶ
345 3847 452 3902 οὐκ
488 3846 765 3921 ἠνείχετο.
798 3843 1110 3919 Τηριδάτης
1141 3843 1321 3899 τοίνυν
1365 3840 1587 3911 πολλὴν
1621 3840 1765 3913 αὐτῷ
1796 3846 1898 3909 τῆς

250 3953 308 3989 τε
353 3932 535 4004 ἄλλης
570 3932 886 4007 ὑπηρεσίας,
915 3931 1005 3988 καὶ
1037 3930 1104 4001 δὴ
1159 3931 1249 3986 καὶ
1294 3937 1396 4000 τῆς
1426 3933 1532 3985 τῶν
1583 3926 1728 3983 ὅλων
1786 3946 1901 3982 κοι-

250 4023 448 4086 νωνίας
495 4022 659 4098 χὰριν
711 4021 1024 4097 ὁμολογῶν.
1074 4022 1137 4079 ⁸0
1187 4020 1367 4094 μέντοι
1399 4020 1541 4081 Θεῖος
1572 4016 1897 4093 Γρηγόριος·

250 4113 345 4176 τὰς
401 4110 495 4185 μὲν
562 4112 896 4185 σωματικάς,
955 4110 1110 4188 φησί,
1190 4108 1552 4183 λειτουργίας,
1622 4105 1743 4161 ὅσαι
1822 4106 1898 4177 μή

254 4202 439 4280 ψυχὴν
492 4198 910 4279 διαφθείρουσιν,
978 4198 1159 4269 εὐνοίᾳ
1213 4199 1304 4253 καὶ
1356 4195 1516 4275 φιλίᾳ
1554 4199 1663 4249 τῶν
1706 4191 1904 4247 δεσπο-

252 4278 367 4347 τῶν-
409 4292 437 4346 6
467 4278 653 4351 κοινὸς
691 4290 841 4362 ἡμὰς
890 4286 1163 4356 δεσπότης
1216 4286 1599 4359 ὑπηρετεῖσθαι
1641 4278 1902 4349 διδάσκει,

257 4382 344 4446 καὶ
401 4381 539 4456 πρὸς
590 4384 787 4443 ταῦτας
843 4378 905 4433 ού
966 4378 1243 4446 Δεσπότης
1302 4395 1386 4429 σοι
1452 4374 1577 4429 οὒτε
1630 4369 1909 4447 ἀσχολίαν

260 4469 755 4547 προεφασισάμεθα,
801 4464 926 4521 οὕτε
991 4464 1251 4541 ῥᾳθύμως
1311 4462 1749 4538 ὑπηρετησαμεν,
1810 4460 1909 4514 ὅσα

1966 569 2035 609 ex
2090 531 2217 608 suis
2255 565 2317 606 se
2365 547 2529 603 illum
2577 558 2705 600 esse
2735 537 3019 598 simulans
3050 550 3185 591 cum
3217 531 3424 589 Gottho
3453 543 3598 584 con-

1969 644 2331 717 grederetur.

2040 732 2131 788 IX.
2165 730 2495 787 Licinianus
2544 728 2739 782 autem
2786 722 2872 777 vir
2919 716 3155 791 quidam
3188 728 3256 769 ex
3293 711 3385 778 iis,
3417 707 3515 778 qui
3544 707 3604 762 in

1970 820 2251 877 ducendis
2296 816 2644 874 exercitibus
2690 817 2831 868 tunc
2880 810 3044 865 erant
3088 801 3329 876 pulchre
3374 794 3605 861 versati,

1964 910 2131 982 jubet
2177 909 2587 979 imperatorem
2639 903 2789 957 bono
2838 912 2961 954 esse
3010 894 3241 949 animo:
3285 902 3413 944 esse
3451 884 3607 939 enim

1971 1015 2153 1055 unum
2186 973 2280 1053 οι-
2305 996 2378 1051 iis
2410 995 2508 1065 qui
2541 992 2695 1063 apud
2728 990 2921 1061 ipsum
2972 982 3244 1043 militant,
3275 973 3605 1032 Teridatem

1970 1087 2192 1144 scilicet
2212 1085 2398 1155 illum,
2413 1060 2509 1153 qui
2533 1060 2707 1136 refert
2722 1060 2906 1149 genus
2925 1072 2994 1128 ad
3022 1069 3243 1141 regium
3258 1060 3603 1134 sanguinem

1971 1174 2277 1243 Armeniae,
2308 1173 2520 1237 virum,
2555 1168 2653 1240 qui
2695 1165 2918 1222 viribus
2947 1165 3003 1218 et
3032 1157 3209 1214 armis
3237 1159 3322 1210 est
3358 1152 3603 1219 inexpu-

1973 1263 2245 1336 gnabilis,
2266 1239 2332 1317 et
2378 1259 2476 1330 qui
2508 1239 2805 1312 inimultis
2836 1267 2953 1306 sua:
2983 1245 3219 1303 virtutis
3250 1239 3408 1297 dedit
3436 1251 3610 1306 expe-

1976 1352 2260 1408 rientiam.
2331 1351 2385 1404 Is
2453 1362 2606 1401 nunc
2660 1355 2910 1412 quoque,
2970 1337 3181 1406 inquit,
3240 1331 3502 1385 versatur
3550 1324 3610 1377 in

1975 1439 2244 1498 exercitu.
2297 1439 2358 1493 In
2409 1435 2665 1491 medium
2707 1430 2902 1499 itaque
2940 1425 3175 1481 ducitur
3205 1417 3526 1480 Teridates,
3558 1414 3615 1467 et

1975 1546 2106 1587 eum
2146 1526 2521 1598 imperatoria
2552 1519 2737 1577 induit
2767 1519 3081 1588 imperator
3096 1524 3371 1583 purpura,
3404 1509 3461 1559 et
3485 1517 3609 1557 om-

1977 1618 2153 1673 nibus
2205 1595 2538 1686 insignibus
2587 1606 2839 1679 imperii,
2873 1607 2935 1659 ut
2978 1600 3268 1656 videretur
3312 1595 3438 1664 ipse
3485 1604 3613 1645 esse

1974 1678 2473 1777 imperatorfqui
2529 1678 2810 1754 adversus
2876 1691 3190 1747 barbarum
3257 1678 3614 1751 suscipiebat

1974 1794 2274 1867 singulare
2301 1796 2612 1847 certamen.
2646 1786 2789 1840 Cum
2816 1782 2888 1838 ad
2922 1792 3178 1852 pugnam
3209 1789 3341 1843 ergo
3383 1782 3609 1839 proces-

1978 1862 2211 1952 sissent,
2261 1884 2318 1937 et
2364 1880 2462 1951 qui
2505 1877 2901 1932 Romanorum
2943 1868 3147 1938 agebat
3203 1862 3610 1932 imperatorem

1975 1946 2266 2029 Teridates
2297 1972 2357 2024 et
2381 1946 2522 2039 ipse
2569 1966 2686 2019 dux
2715 1959 3082 2019 Gotthorum,
3116 1966 3301 2021 usque
3338 1946 3479 2002 adeo
3511 1958 3614 1999 su-

1981 2060 2201 2135 peravit
2229 2033 2524 2115 Teridates
2554 2053 2893 2117 barbarum,
2919 2049 2984 2101 ut
3013 2058 3121 2099 nec
3149 2053 3349 2096 ensem
3381 2033 3617 2107 quidem

1982 2153 2044 2208 in
2091 2152 2287 2223 ipsum
2337 2142 2657 2208 strinxerit,
2689 2152 2877 2210 neque
2923 2135 3153 2190 hastam
3194 2124 3469 2183 vibrarit:
3516 2120 3619 2175 sed

1985 2204 2141 2296 eum:
2161 2251 2335 2293 manu
2382 2231 2550 2289 facile
2594 2204 2874 2300 rapuerit,
2906 2225 2963 2277 et
3008 2219 3204 2275 vivum
3262 2207 3492 2268 duxerit
3547 2204 3620 2261 ad

1986 2294 2182 2401 ipsum
2214 2294 2799 2396 imperatorem-Quo
2832 2313 3002 2374 facto,
3036 2321 3149 2362 non
3179 2301 3419 2372 indigna
3447 2294 3519 2351 ab
3551 2306 3620 2348 eo

1988 2384 2368 2486 consequitur
2415 2407 2674 2483 praemia.
2719 2402 2863 2458 Nam
2903 2403 2961 2455 et
3009 2393 3260 2463 benigne
3288 2388 3339 2443 ei
3371 2384 3618 2441 multum

1988 2472 2231 2576 largitur
2270 2472 2527 2573 pecuniae
2557 2499 2614 2551 et
2658 2489 2849 2547 induit
2877 2500 3010 2542 eum
3053 2493 3332 2554 purpura,
3362 2478 3419 2529 et
3447 2472 3626 2568 caput

1989 2558 2117 2665 ο]υέ
2166 2558 2324 2662 regio
2370 2594 2535 2643 ornat
2568 2581 2918 2641 diademate,
2951 2578 3009 2629 et
3038 2586 3153 2626 non
3187 2567 3370 2622 multo
3404 2565 3536 2633 post
3566 2558 3627 2612 in

1990 2645 2301 2757 ῥἐιίὲτοίιῖιι
2358 2672 2676 2744 imperium
2734 2663 2992 2722 restituit
3041 2655 3381 2713 Teridatem.
3434 2645 3630 2704 Gottbi

1990 2736 2085 2757 τήν
2447 2736 2463 2744 -

1990 2776 2183 2827 autem
2232 2782 2364 2822 cum
2396 2762 2479 2819 sic
2510 2764 2715 2832 praeter
2742 2753 3042 2828 ,rationem
3074 2746 3377 2802 adversam
3409 2736 3631 2793 sensis-

1993 2825 2127 2915 sent
2173 2825 2575 2921 fortunam,et
2620 2825 2828 2903 ducem
2862 2853 3037 2897 suum
3084 2835 3319 2903 repente
3348 2825 3635 2882 vidissent

1994 2944 2501 3018 comprehensum,
2536 2935 2787 3006 dispersi
2816 2934 2956 2989 sunt
2984 2940 3208 2993 omnes,
3240 2925 3297 2977 et
3345 2914 3515 2990 pauci
3542 2929 3631 2968 re-

1995 3003 2225 3091 dierunt
2262 3033 2321 3087 in
2361 3003 2598 3086 domum
2628 3003 2794 3081 suam
2827 3015 3019 3075 nuntii
3057 3006 3407 3071 calamitatis
3440 3003 3632 3072 Impe-

1998 3126 2158 3180 rator
2196 3125 2389 3177 autem
2448 3118 2835 3172 Romanorum
2884 3119 3018 3162 cum
3067 3094 3361 3173 praeclaris
3403 3088 3635 3162 tropaeis

1923 3193 1973 3260 Ο
2004 3209 2178 3267 rediit
2204 3205 2562 3264 felicissime.

2168 3295 2467 3353 Teridates
2488 3294 2699 3355 autem,
2728 3285 2999 3353 deinceps
3019 3290 3261 3348 regnum
3284 3272 3341 3326 in
3365 3264 3641 3324 Armenia

2004 3389 2298 3455 obtinens,
2332 3382 2531 3455 patria:
2576 3380 2702 3435 erat
2730 3372 2965 3431 deditus
2998 3366 3153 3421 falsae
3185 3358 3469 3455 religioni,
3504 3369 3638 3410 cum

2004 3478 2136 3535 aliis
2175 3473 2514 3532 sacriﬁcans
2564 3459 2913 3526 simulacris,
2939 3462 3065 3513 tum
3116 3450 3370 3509 maxime
3417 3446 3631 3506 Dianae,

2006 3582 2185 3640 quam
2216 3572 2269 3621 et
2298 3575 2530 3619 summo
2550 3558 2770 3613 honore
2800 3547 3104 3611 atﬁciebat,
3123 3546 3179 3598 et
3205 3540 3446 3595 amicam
3471 3534 3638 3587 deam

3226 3626 3276 3640 ..
3418 3620 3638 3640 #_,AL_,

2005 3620 2391 3713 ejxﬁiistimabat.
2433 3652 2624 3717 Atque
2661 3639 3099 3698 sacrosanctum
3140 3626 3378 3717 quidem
3418 3620 3643 3678 volebat

2007 3742 2348 3814 Gregorium
2371 3752 2497 3795 esse
2518 3715 2738 3789 socium
2764 3721 3034 3783 sacrificii
3059 3737 3075 3790 ;
3107 3733 3242 3773 nam
3265 3715 3389 3786 ipse
3410 3720 3643 3782 quoque

2009 3799 2337 3891 'ileridatem
2366 3842 2431 3884 co
2470 3826 2596 3881 erat
2634 3822 2887 3877 secutus.
2935 3811 3034 3867 Ille
3080 3812 3274 3864 autem
3314 3802 3369 3891 id
3404 3799 3645 3891 minime

1966 3946 1967 3949 η
2010 3884 2348 3992 patiebatur.
2381 3913 2672 3970 Teridates
2699 3921 2858 3977 ergo,
2890 3900 2991 3973 qui
3021 3901 3078 3954 et
3117 3910 3218 3967 pro
3252 3890 3364 3945 alio
3392 3884 3649 3981 ministe-

2012 3970 2347 3992 ιπ--η---ητ
2766 3970 2797 3977 _
2844 3970 2851 3972 ,
2908 3970 2927 3973 _

2010 4013 2117 4079 rio,
2178 4015 2237 4066 et
2288 4023 2392 4078 pro
2442 4001 2848 4060 universorum
2917 3982 3446 4045 communicatione
3501 3988 3564 4029 se
3593 3970 3645 4026 ei

2285 4058 2491 4151 debere
2512 4087 2821 4148 fatebatur,
2831 4076 3075 4151 jubebat
3095 4087 3169 4128 ne
3191 4070 3250 4123 in
3274 4065 3556 4155 religione
3574 4058 3645 4115 ab

2013 4153 2477 4252 eodiscreparet.
2526 4174 2764 4231 Divinus
2811 4172 3005 4224 autem
3055 4156 3410 4230 Gregorius:
3443 4153 3649 4220 Corpo-

2018 4366 2165 4437 punt
2192 4325 2479 4421 dnimum,
2512 4346 2786 4408 benevole
2815 4347 2873 4400 et
2903 4339 3107 4405 amice,
3137 4331 3389 4391 dominis
3418 4344 3452 4383 a
3481 4325 3649 4382 nobis

2018 4426 2278 4512 exhiberi
2309 4448 2473 4502 docet
2501 4457 2607 4498 nos
2638 4431 2967 4494 communis
2997 4426 3290 4490 Dominus,
3326 4432 3513 4490 neque
3534 4429 3650 4487 quo

267 4510 755 4547 “t‘”“{*""*r-"'s
802 4510 926 4521 *ν’*
991 4510 1250 4541 I'TV't'"'V
1312 4510 1749 4538 ""ar"'a"'r"r
1817 4510 1887 4514 ὐ

266 4555 321 4613 δε
372 4558 510 4648 πρὸς
566 4558 737 4625 αὐτὴν
798 4557 949 4634 φὲρει
1004 4555 1099 4610 τὸν
1153 4549 1397 4608 κίνδυνον
1437 4552 1538 4621 τήν
1572 4551 1777 4626 ψυχήν,
1818 4569 1885 4604 κα

1998 4543 2221 4621 minus
2267 4554 2335 4594 ea
2360 4542 2827 4604 exsequeremur,
2874 4521 2980 4576 tibi
3021 4529 3277 4590 unquam
3309 4510 3472 4566 illum
3507 4520 3651 4578 pre-

2028 4637 2038 4648 ‘
2165 4631 2236 4648 ἠ
2251 4644 2316 4648 μ’
2341 4622 2636 4648 -Α--ιε--ννι
2669 4628 2854 4648 nonam
2877 4608 3238 4648 nnolianntnr
3257 4594 3651 4648 inSBI‘ViimUS.

266 4650 359 4702 τοῦ
415 4644 756 4721 δημιουργοῦ
811 4643 1002 4721 πόρῥῳ
1057 4648 1225 4715 ποιεῖ,
1255 4642 1469 4697 τούτων
1516 4641 1620 4696 οὐκ
1661 4640 1724 4694 ’ἀν
1756 4639 1785 4693 6
1815 4657 1912 4692 πε-

268 4732 623 4808 παιδευμένος
676 4732 843 4811 ἑτέρῳ
899 4739 1230 4802 κοινωνῆσαι
1290 4732 1608 4805 ἀνάσχοιτο,
1666 4729 1762 4783 κᾶν
1833 4723 1912 4781 δε-

270 4824 471 4895 σπότης
527 4824 555 4878 6
612 4821 704 4879 ἰπὶ
759 4826 929 4879 ταῦτα
977 4818 1313 4898 παρακαλῶν
1352 4818 1462 4890 εἴη,
1493 4819 1590 4873 κᾶν
1632 4814 1910 4893 βασιλεὺς,

268 4915 363 4970 κᾶν
411 4911 456 4968 εί
513 4913 604 4968 καὶ
668 4919 770 4983 τῆς
810 4917 955 4983 ζωῆς
1009 4910 1179 4981 αὐτῆς
1217 4908 1427 4985 κύριος.
1486 4909 1668 4965 Ταῦτα
1724 4900 1912 4971 ἐπειδὴ

276 5002 477 5077 μακρὸν
534 5001 778 5057 ἀπέτεινε
835 4998 1002 5077 λόγον
1062 5001 1091 5055 ὁ
1147 4999 1295 5075 ἱερὸς
1363 4995 1690 5072 Γρηγόριος,
1739 4994 1916 5067 θυμοῦ

275 5112 350 5163 τε,
409 5089 877 5168 ὗπερερίμπλατο.
929 5087 1269 5164 Τηριδάτης,
1352 5084 1445 5142 καὶ
1522 5084 1748 5155 ὀξύτατα
1801 5081 1918 5137 κατ’

279 5180 441 5238 αὐτοῦ
523 5180 777 5249 ἰκινεῖτο,
862 5178 953 5233 καὶ
1023 5174 1227 5233 δέδεται
1318 5176 1412 5249 μὶν
1506 5172 1658 5238 εύθὸς
1716 5172 1745 5225 6
1798 5189 1923 5246 γεν-

277 5269 433 5334 νάδας
487 5271 540 5341 ιε
606 5270 789 5325 αὐτῶν
847 5266 1132 5343 ἀγκώνωνο
1200 5264 1376 5319 ὀπίσω
1425 5264 1506 5319 τὼ
1559 5266 1733 5336 χεῖρε.
1792 5258 1924 5315 Εἶτα

284 5360 440 5434 ξύλον
503 5364 586 5434 τῷ
642 5360 872 5433 στόματι
927 5356 1123 5412 τούτου
1168 5348 1524 5428 ἐμϐαλόντες,
1582 5351 1698 5406 κατ’
1758 5346 1923 5423 ἄκραν

2021 4631 2320 4689 texuimus
2341 4622 2636 4696 negotium
2669 4628 2854 4686 neque
2877 4608 3238 4680 negligenter
3257 4594 3652 4655 inserviimus.

2024 4723 2388 4789 Quaecunque
2407 4679 2596 4768 :utem
2617 4706 2806 4778 ipsam
2827 4679 3083 4756 animam
3103 4691 3403 4748 adducunt
3424 4684 3481 4738 in
3509 4679 3654 4753 peri-

2026 4766 2563 4875 ;upl'umte‘t—procul
2602 4766 2900 4849 abducunt
2935 4785 3006 4841 ab
3056 4779 3262 4852 opiﬁce
3294 4786 3506 4875 eorum
3555 4766 3654 4875 q‘ui

2026 4903 2113 4955 est
2139 4855 2423 4960 erdditurs,
2454 4894 2826 4957 nequaquam
2855 4868 3200 4931 sustinuerit
3226 4863 3374 4920 inire
3394 4874 3524 4915 cum
3547 4855 3660 4912 alio

2028 4982 2520 5046 communionem,
2578 4967 2810 5029 etiamsi
2872 4962 3208 5032 imperator,
3261 4947 3491 5007 etiamsi
3559 4944 3661 5016 qui

2029 5037 2427 5132 vitain—habet
2462 5037 2523 5121 in
2567 5060 2868 5135 potestate,
2893 5051 3117 5123 jubeat.
3171 5044 3316 5099 Cum
3364 5039 3486 5094 haec
3534 5037 3663 5135 iuse

2033 5163 2438 5222 sacrosanctus
2467 5152 2706 5209 dixisset
2734 5140 3061 5213 Gregorius,
3092 5135 3180 5191 ira
3217 5145 3396 5201 supra
3426 5125 3661 5181 modum

2476 5241 2794 5305 Teridates,
2824 5211 2882 5289 et
2930 5226 3209 5325 acerrime
3260 5219 3323 5321 in
3370 5230 3504 5315 eum
3557 5211 3667 5269 fuit

2037 5305 2364 5398 agninam
2387 5350 2401 5389 :
2427 5341 2483 5389 et
2509 5330 2740 5386 vinctus
2771 5320 3008 5394 quidem
3043 5313 3148 5369 fuit
3176 5309 3371 5367 statim
3401 5305 3489 5359 vir
3519 5316 3666 5374 prae-

286 5392 439 5434 ςυΛυν
503 5392 586 5434 "sq:
642 5392 872 5433 υνιυμυιιι
928 5392 1123 5412 ᾞυυιυυ
1168 5392 1524 5428 ςυμνυιικυνηη
1584 5392 1680 5406 η...-
1758 5392 1887 5423 ..ενι-υ

286 5451 572 5509 ἀπόστασιν
624 5452 727 5521 τὴν
784 5447 892 5505 ἄνω
938 5451 1039 5514 τῆς
1093 5447 1243 5503 κάτω
1298 5444 1482 5522 γένυος
1534 5443 1803 5506 διιστῶσι,
1833 5458 1887 5493 κε

2040 5434 2255 5490 clarus.
2287 5422 2503 5482 Deinde
2533 5432 2666 5475 cum
2708 5392 2936 5485 lignum
2982 5405 3071 5463 ori
3107 5402 3230 5473 ejus
3259 5392 3668 5455 immisissent,

2386 5511 2397 5522 ⁶
2653 5505 2780 5522 "‘*‘
2815 5495 3002 5522 ---ι²ἰ
3061 5490 3415 5522 M-nn-immm
3450 5488 3666 5522 nni-lem

293 5540 505 5616 βώλους
549 5539 637 5596 ἰπὶ
680 5542 788 5595 τῶν
821 5533 989 5613 ὤμων
1032 5534 1181 5609 αύτῷ
1208 5538 1308 5591 τοῦ
1364 5532 1511 5609 παρὰ
1563 5536 1680 5593 τοῖς
1728 5528 1930 5602 Ἀρμε.

1704 5571 1931 5673 ex“
2043 5571 2389 5679 disiungunt
2435 5598 2508 5654 ab
2538 5571 2828 5658 inferiori,
2862 5590 2919 5645 et
2964 5584 3089 5655 ejus
3116 5580 3395 5637 humeros
3433 5571 3673 5628 onerant

288 5629 418 5693 νίοις
511 5631 740 5704 όρυκτοῦ
858 5626 1294 5705 ἐπιφορτίζουςιν
1384 5620 1606 5680 ἃλατος.

2042 5532 2219 5594 quam
2250 5511 2498 5571 maximo
2536 5505 2785 5579 possunt
2814 5495 3025 5570 spatio,
3061 5490 3417 5564 superiorem
3450 5488 3668 5555 partem

2627 5593 2632 5594 ,
2699 5590 2712 5594 ,
2791 5590 2802 5594 _
2900 5590 2908 5594 _
3002 5584 3013 5594 ,
3116 5580 3131 5594 ,
3315 5591 3391 5594 η
3437 5571 3668 5594 nn“.
