4142 6248
180 328 327 388 957

44 456 73 468 ς

42 550 85 650 ,ξ
112 563 159 603 ἐξ
183 570 561 651 περιλαϐὼν,
594 550 735 630 ἐἶτά
787 572 992 649 σχοίνῳ
1021 575 1215 638 ταύτας
1273 550 1871 651 ἰσχυρῶς”διασφίγξας

42 662 143 743 “ξ,³“⁷’
190 665 399 729 οδτως
449 662 705 734 ἐκπιέζει,
764 664 840 727 ὡς
897 664 988 719 καὶ
1039 663 1214 720 αὐτῶν
1272 662 1339 735 δὴ
1397 686 1502 720 που
1532 669 1639 720 τῶν
1697 660 1874 736 ἄκρων

194 758 316 810 τοῦ
376 749 545 814 ποδὸς
611 750 896 808 δακτύλων
949 748 1210 827 σταγὸνας
1259 751 1490 827 αἷματος
1549 750 1871 821 anonigm'

44 830 147 911 ίνέέ
201 842 359 915 Ὀψὶ
443 841 621 896 τοίνυν
706 848 807 910 τῆς
886 841 1175 903 κακώσεως
1242 840 1450 910 ἐκείνης
1513 840 1641 903 τοὺς
1701 836 1872 900 πόδας

106 930 143 965 ⁸³
197 929 520 1006 ἐξαγαγὼν,
578 926 837 1003 σιδηροῦς
894 930 1030 985 κατά
1056 933 1164 985 τῶν
1208 927 1503 1003 πελματων
1536 928 1873 1002 ἐμπήγνυσιν

44 1016 93 1093 ἶ²ἠ
120 1032 123 1035 ’
199 1017 400 1090 ἥλους
453 1020 542 1074 καὶ
598 1020 816 1098 τρέχειν
843 1020 934 1075 τὸν
977 1017 1224 1090 ἀθλητὴν
1253 1019 1552 1094 ἀναγκάζει,
1584 1015 1785 1089 πολλῷ
1811 1016 1873 1072 τὸ

63 1108 127 1143 ίςε
206 1107 581 1181 ὑποκείμενον
615 1104 809 1186 ἔδαφος
839 1109 1030 1181 αἱματι
1080 1107 1353 1183 ῥαίνοντα,
1384 1109 1502 1184 Ἐφ’
1532 1108 1578 1178 ᾧ
1626 1107 1716 1161 καὶ
1774 1104 1875 1159 ἀλ-

46 1198 145 1281 ξίθῖ
204 1202 521 1275 γυνόμενος
578 1198 785 1277 σφόδρα
837 1200 936 1268 τὴν
983 1200 1207 1276 καρδίαν
1268 1200 1295 1254 6
1357 1200 1560 1273 μάρτυς
1613 1198 1720 1269 (καὶ
1759 1201 1876 1258 πῶς

42 1289 73 1320 τί
106 1295 137 1331 ‘1
208 1290 330 1366 γὰρ
362 1289 422 1346 ἂν
458 1292 534 1363 μή
595 1289 898 1365 ἀλγοῦντος
954 1291 982 1344 ὁ
1037 1290 1206 1353 πόθος
1253 1291 1281 1344 6
1313 1290 1446 1364 πρὸς
1482 1288 1707 1363 Χριστὸν
1741 1284 1875 1342 ἐδεξ-

64 1383 125 1459 ῖῖὲ
207 1381 459 1453 κνυτος).
494 1404 522 1431 ι(
573 1379 941 1453 Πορευόμενοι
989 1378 1332 1455 ἐπορεύοντο,
1359 1374 1512 1451 ἔλεγε
1540 1376 1631 1433 καὶ
1661 1374 1879 1431 ἔκλαιον

66 1474 133 1507 ²⁵’
213 1466 531 1545 βάλλοντες
587 1472 654 1525 τά
712 1471 996 1545 σπέρματα
1053 1470 1250 1526 αὐτῶν*
1285 1468 1579 1544 ἐρχόμενοι
1630 1464 1687 1522 δέ
1715 1468 1881 1536 ἥξου-

42 1566 61 1595 ³
104 1574 131 1605 I‘.
213 1578 306 1614 σιν
368 1558 421 1614 ἐν
474 1550 794 1636 ἀγαλλιάσει
845 1557 1089 1634 αἴροντες
1146 1561 1213 1614 τὰ
1269 1556 1551 1635 δράγματα
1605 1557 1804 1616 αὐτῶν.
1849 1579 1878 1607 υ

43 1644 129 1693 τίξ,
213 1650 412 1705 Ταῦτα
470 1648 498 1703 δ
560 1648 655 1722 μὶν
712 1645 890 1718 ἡδέως
951 1647 1283 1722 ὗπέψαλλεν.
1340 1649 1403 1705 '0
1452 1645 1509 1702 δὲ
1565 1643 1877 1721 Τηριδάτης

42 1750 114 1785 1-”:
215 1735 510 1813 ὠμότερον
569 1735 723 1792 αὐτὸν
790 1742 907 1799 τοῖς
962 1740 1316 1811 περιεστῶσιν
1376 1735 1591 1791 ἐκὲλευε
1648 1733 1826 1789 παίειν
1860 1749 1876 1766 ⁶

1230 327 1415 391 νΙΤΑ
1464 328 1528 389 S.
1575 320 1941 386 GREGORII
1987 323 2624 393 ILLUMINATORIS.

3507 336 3620 393 959

52 480 89 564 ῖς
184 486 485 548 λιπούσας
540 485 831 558 ὠμότητος
867 503 879 516 ⁸
905 485 995 541 καὶ
1026 487 1291 543 σανίσιτά
1323 488 1643 560 ἀντικνήμια
1671 482 1866 540 τούτου

1997 501 2106 542 3858
2136 486 2356 561 aliquid
2407 491 2733 549 crudelius:
2770 499 2985 550 etcum
3039 492 3255 549 tabulis
3308 492 3623 548 anteriores

1983 577 2141 632 tibia:
2178 583 2372 650 partes
2423 581 2970 653 comprehendisset,
3002 586 3059 637 et
3087 581 3297 637 deinde
3343 597 3441 637 eas
3488 580 3623 636 fune

1983 666 2447 736 constrinxissel,
2470 670 2554 725 sic
2584 671 2872 742 exprimit,
2897 678 2955 725 ut
2984 687 3051 725 ex
3081 671 3221 741 ipsis
3253 669 3429 725 etiam
3462 685 3624 724 sum-

1986 754 2096 809 mis
2119 756 2330 827 pedum
2350 757 2550 829 digitis
2572 764 2749 830 gutta
2767 758 3073 830 sanguinis
3093 757 3462 813 distillarent.
3480 758 3623 814 Cum

1984 860 2121 916 ergo
2148 845 2241 901 vix
2271 848 2502 903 tandem
2536 849 2712 919 pedes
2744 849 3042 904 eduxisset
3071 864 3140 903 ex
3162 847 3263 902 illa
3288 846 3623 914 afﬂictione,

1984 932 2045 988 in
2104 933 2320 1005 plantis
2378 938 2542 1007 pedis
2600 939 2814 993 ferreos
2871 937 3061 1007 inligit
3108 936 3324 1002 clavos,
3370 945 3423 989 et
3471 934 3625 1003 cogit

1984 1022 2262 1079 athletam
2289 1040 2541 1092 currere,
2568 1024 2751 1081 multo
2773 1027 3057 1097 sanguine
3079 1024 3269 1081 solum
3293 1024 3620 1094 subiectum

1984 1119 2403 1186 aspergentem.
2430 1114 2816 1180 Quamobrem
2850 1131 3128 1186 magnum
3161 1115 3333 1170 corde
3363 1113 3625 1167 dolorem

1985 1204 2245 1258 sentiens
2304 1206 2525 1274 martyr
2580 1204 2894 1274 (quomodo
2960 1204 3139 1269 enim,
3199 1201 3313 1258 nisi
3368 1200 3623 1257 dolorem

1988 1290 2246 1357 sentiret,
2292 1293 2689 1347 ostenderetur
2742 1294 2868 1362 ejus
2928 1292 2984 1346 in
3043 1291 3334 1347 Christum
3391 1288 3623 1344 deside-

1990 1379 2141 1434 rium
2163 1380 2211 1452 ?)
2236 1397 2249 1434 :
2277 1401 2305 1430 «
2328 1380 2540 1437 Euntes
2570 1380 2753 1449 ibant,
2778 1380 3023 1448 dicebat,
3047 1386 3104 1436 et
3133 1380 3371 1446 ﬂebant,
3396 1379 3626 1433 mitten-

1988 1474 2075 1524 tes
2121 1467 2343 1524 semina
2388 1484 2532 1525 sua:
2562 1469 2857 1525 venientes
2896 1475 3092 1525 autem
3140 1468 3369 1524 venient
3416 1467 3476 1522 in
3523 1482 3628 1522 ex-

1990 1557 2319 1627 sultatione,
2336 1558 2598 1615 tollentes
2621 1558 2948 1629 manipulos
2968 1575 3104 1614 suos
3118 1555 3160 1612 ².
3187 1579 3215 1609 n
3241 1558 3369 1612 Hec
3385 1560 3627 1611 sanctus

1990 1647 2221 1718 quidem
2248 1647 2534 1718 psallebat
2554 1649 2825 1705 suaviter.
2851 1648 3151 1705 Teridates
3171 1653 3364 1703 autem
3392 1646 3630 1717 jubebat

1990 1737 2508 1794 circumstantibus
2566 1739 2735 1795 ferire
2792 1737 3119 1795 crudelius:
3152 1736 3246 1804 Ut,
3297 1738 3512 1808 inquit,
3570 1734 3629 1789 in

61 1824 123 1877 vi":
209 1825 336 1896 Ἵνα,
370 1828 558 1906 φησὶν,
589 1826 641 1882 ἐν
686 1823 852 1902 ὀδύνῃ
886 1825 1094 1882 πλείονι
1126 1830 1217 1881 καὶ
1255 1826 1525 1900 κλαυθμῷ
1566 1828 1602 1895 ἡ
1643 1822 1881 1899 προσδο-

1997 1826 2198 1896 majori
2228 1826 2425 1882 dolore
2455 1830 2511 1881 et
2540 1827 2676 1883 ﬂetu
2710 1827 2781 1881 ad
2811 1843 2944 1882 eum
2979 1826 3291 1898 perveniat,
3314 1841 3441 1897 quae
3463 1824 3533 1879 ab
3564 1838 3631 1877 eo

42 1934 119 1983 f4:
214 1915 453 1990 κωμένη
510 1915 703 1972 τούτον
761 1913 935 1986 ἡδονή
993 1911 1319 1972 καταλάϐοι·
1351 1913 1487 1973 Ἀλλ
1540 1915 1631 1969 καὶ
1660 1917 1887 1968 τοιαῦτα

1997 1918 2376 1987 exspectatur,
2408 1914 2697 1987 voluptas.
2722 1916 2831 1972 Sed
2864 1917 2997 1971 licet
3027 1919 3109 1970 tot
3138 1919 3195 1970 et
3223 1920 3384 1969 tanta
3416 1917 3635 1984 patere-

218 2005 461 2080 πάσχων
512 2006 587 2068 ὼς
658 2005 751 2061 καὶ
817 2004 1116 2080 κορεννύειν
1180 2010 1299 2067 τοῖς
1376 2005 1562 2059 πάθεσι
1633 2002 1725 2058 καὶ
1798 2024 1891 2076 μι-

1997 2008 2112 2072 tur,
2139 2008 2201 2059 ut
2219 2003 2342 2059 suis
2374 2004 2847 2075 perpessionibus
2876 2020 3073 2060 eorum
3103 2002 3295 2071 etiam,
3317 2002 3418 2073 qui
3438 2001 3633 2072 ipsum

222 2093 468 2150 σούντων
527 2095 711 2171 ψυχὰς
761 2094 914 2169 ὅμως
978 2091 1332 2168 ἀνδρειότατα
1381 2090 1470 2148 διὰ
1501 2093 1735 2168 Χριστὸς
1768 2089 1891 2167 ἔφε-

1997 2092 2131 2149 odio
2156 2092 2464 2161 habebant,
2489 2093 2715 2149 animos
2735 2092 2988 2163 satiaret,
3013 2092 3331 2148 fortissime
3351 2095 3547 2147 tamen
3569 2104 3637 2143 ea

228 2207 345 2263 ρεν.
2002 2182 2224 2238 ferebat
2252 2186 2486 2254 propter
2512 2181 2829 2238 Christum.

305 2276 405 2334 IB'.
478 2274 603 2332 Ἐπὶ
659 2273 879 2338 τούτοις
940 2276 1205 2331 ἁπλοῦσιν
1259 2275 1422 2331 αὐτὸν
1500 2272 1689 2330 ὕπτιον
1761 2272 1891 2327 κατὰ

2072 2268 2199 2325 XII.
2233 2268 2369 2325 Post
2409 2268 2530 2325 haec
2574 2285 2707 2326 eum
2756 2268 2910 2325 humi
2967 2269 3237 2341 supinum
3296 2265 3637 2332 extendunt,

223 2368 331 2421 τοῦ
386 2361 644 2442 ἐδάφους,
707 2368 870 2420 τοῦτο
926 2362 1283 2427 κελεύσαντος
1340 2368 1435 2419 τοῦ
1491 2364 1773 2437 τυράννου·
1805 2361 1891 2415 καὶ

2004 2375 2138 2415 cum
2170 2358 2277 2415 hoc
2301 2358 2581 2429 iussisset
2607 2363 2926 2431 tyrannus:
2951 2364 3007 2415 et
3035 2374 3168 2414 cum
3197 2360 3374 2427 caput
3403 2352 3639 2426 quidem

224 2454 333 2524 τὴν
401 2453 498 2526 μὶν
567 2452 811 2529 κεφαλὴν
885 2458 1182 2526 τεκτονικῷ
1264 2474 1372 2508 τινι
1466 2446 1901 2514 ἐναπολαὸόντες

64 2574 103 2605 ελ
230 2542 480 2617 ὀργάνῳ,
530 2540 865 2617 ἰσχυρότατα
910 2541 1238 2611 ἐκπιέζουσι,
1270 2545 1339 2615 τῇ
1392 2538 1494 2616 ῥινὶ
1540 2537 1600 2594 δὲ
1642 2537 1900 2594 αύλὲσκον

234 2628 700 2705 ἐναρμοσάμενοι,
762 2631 945 2702 νίτρον
994 2630 1085 2685 καὶ
1145 2627 1284 2690 ἅλας
1350 2623 1457 2700 ὄξει
1507 2624 1895 2700 κεκραμένους,

50 2710 95 2788 ,η
238 2719 362 2774 κατ’
420 2716 615 2781 αὐτοὺς
674 2718 860 2792 ἠρέμα
918 2718 1194 2794 ἐγχέουσι,
1252 2717 1344 2772 καὶ
1430 2718 1531 2786 τῆν
1591 2712 1899 2791 δριμύτητα

237 2806 379 2881 πρός
409 2827 469 2862 τε
524 2808 592 2862 τὰ
631 2814 733 2877 τῆς
772 2807 1017 2883 κεφαλῆς
1056 2806 1399 2879 κοιλώματαΊ
1440 2805 1533 2859 καὶ
1572 2805 1700 2877 παρ’
1740 2804 1900 2857 αὐτὸν

244 2893 607 2967 εἰσπέμπουσι
665 2895 757 2949 τὸν
818 2893 1139 2971 ἐγκέφαλον.
1174 2895 1449 2956 Ἐντεῦθεν
1508 2888 1689 2964 ἕτερον
1755 2889 1902 2962 αὐτῷ

239 2981 534 3044 κακώσεως
582 2982 785 3057 τρόπον
838 2980 1138 3051 ἐπινοοῦσι,
1189 2981 1281 3035 καὶ
1337 2982 1437 3050 τὴν
1490 2978 1706 3033 ἐκείνων
1753 2977 1902 3049 ὠμό-

254 3072 539 3141 τητα,καὶ
588 3072 688 3141 τὴν
725 3074 822 3127 τοῦ
876 3071 1144 3145 μάρτυρος
1210 3067 1428 3145 ἀνδρίαν
1486 3067 1675 3138 ἐπίσης
1732 3066 1896 3143 ἄμφω

70 2758 95 2788 ‘3‘

42 2848 102 2880 32:2!

42 2940 79 2971 τι

2006 2446 2199 2504 fabrili
2231 2448 2485 2519 quodam
2528 2448 2967 2519 intercepissent
3013 2447 3424 2510 instrumento,
3454 2441 3640 2512 expri-

2007 2540 2179 2591 munt
2205 2536 2584 2592 validissime.
2607 2537 2749 2591 Cum
2783 2552 2924 2591 naso
2953 2540 3146 2591 autem
3181 2534 3438 2589 fistulam
3466 2529 3643 2602 appli-

2005 2628 2256 2694 cessent,
2280 2624 2499 2679 nitrum
2530 2629 2587 2679 et
2616 2624 2797 2680 salem
2831 2624 3075 2679 mistum
3106 2627 3289 2689 aceto,
3313 2620 3373 2676 in
3395 2637 3521 2676 eam
3552 2619 3645 2673 in-

2006 2712 2283 2780 fundunt,
2335 2717 2394 2768 et
2452 2728 2679 2767 acorem
2736 2710 2813 2767 ad
2870 2712 3157 2783 profunda
3211 2710 3420 2782 capitis
3468 2714 3525 2765 et
3571 2707 3643 2763 ad

2006 2802 2202 2872 ipsum
2226 2800 2637 2857 transmittunt
2657 2801 2982 2857 cerebrum.
3013 2799 3227 2855 Deinde
3257 2800 3378 2868 ejus
3399 2796 3644 2852 vexandi

2008 2888 2189 2945 alium
2236 2905 2468 2961 quoque
2522 2890 2758 2945 modum
2808 2889 3156 2960 excogitant,
3187 2887 3285 2958 qui
3318 2891 3376 2942 et
3414 2884 3646 2941 illorum

2008 2976 2411 3033 crudelitatem
2469 2983 2528 3033 et
2578 2978 2848 3050 martyris
2896 2978 3079 3034 animi
3128 2976 3525 3031 fortitudinem
3580 2988 3648 3027 ex

2016 3081 2180 3136 aequo
2233 3067 2585 3123 ostendebat.
2618 3067 2760 3123 Nam
2790 3084 2919 3124 cum
2958 3066 3249 3123 calathum
3297 3062 3647 3129 attulissent,

254 3154 571 3216 δεικνύοντα
616 3158 862 3215 Θύλακον
911 3159 1014 3237 γὰρ
1063 3159 1365 3235 ἐνεγκόντες
1412 3157 1699 3232 καμιναίας
1748 3154 1891 3225 πλη-

2014 3154 2231 3210 camini
2251 3170 2384 3209 eum
2405 3155 2648 3225 implent
2670 3156 2933 3228 fuligine,
2956 3161 3013 3212 et
3031 3155 3090 3210 in
3112 3170 3245 3211 eum
3269 3151 3647 3222 martyricum

2009 3242 2147 3263 :II--.‘
2191 3247 2354 3263 ,Α---Α
2389 3243 2709 3263 2.-..Αξιιμηι
2774 3249 2819 3263 ,ι
2852 3243 2986 3263 ,ρηκιξ
3026 3242 3158 3263 ᾼ-11-
3200 3241 3482 3263 _-I_.L--__
3522 3238 3614 3263 -II:

241 3252 425 3321 ροῦσιν
484 3249 743 3322 αίθάλης,
773 3249 862 3305 καὶ
920 3249 1082 3305 τοῦτο
1138 3251 1238 3319 τὴν
1302 3249 1641 3324 μαρτυρικήν
1686 3246 1891 3316 ἐκείνην

2009 3242 2150 3297 illud
2184 3247 2360 3313 caput
2389 3243 2732 3303 immittunt,
2766 3249 2823 3299 et
2844 3243 2990 3314 justi
3019 3242 3165 3299 collo
3196 3241 3488 3297 calathum
3520 3238 3647 3294 elli-

241 3332 589 3411 ἐμϐάλλουσι
638 3336 904 3416 κεφαλὴν,
936 3339 1027 3394 καὶ
1083 3343 1163 3412 τῷ
1214 3344 1312 3394 τοῦ
1365 3336 1578 3394 δικαίου
1622 3335 1898 3413 τραχήλῳ

238 3426 335 3483 τὸν
366 3427 601 3492 θύλακον
654 3425 967 3498 ἀποδέουσι,
998 3428 1085 3484 καὶ
1138 3428 1215 3490 εἰς
1252 3423 1413 3498 ἕκτην
1467 3428 1630 3483 αὐτὸν
1680 3422 1894 3500 ἡμέραν

238 3519 307 3590 τῇ
367 3516 589 3592 χαλεπῇ
635 3517 806 3592 ταύτῃ
868 3516 1084 3592 βασάνῳ
1147 3517 1424 3586 πιέζεσθαι
1484 3513 1893 3574 καταλείπουσι.

241 3606 325 3679 Τῇ
357 3600 569 3679 ἐϐδόμῃ
601 3605 781 3661 τοίνυν
832 3606 1323 3679 μεταπεμψάμενος
1363 3604 1522 3661 αὐτὸν
1572 3604 1892 3680 Τηριδάτης

246 3694 380 3767 μετὰ
410 3698 509 3751 τοῦ
540 3697 809 3766 συνήθους
844 3702 1124 3770 μυκτῆρος
1153 3694 1244 3750 καὶ
1274 3701 1376 3765 τῆς
1426 3694 1593 3772 φίλης
1655 3694 1886 3767 μωκίαςο

242 3781 409 3838 Πόθεν
437 3785 599 3855 ⁴ἡμῖν,
631 3782 676 3837 ὦ
707 3783 888 3855 οὗτος,
917 3787 1008 3839 νῦν
1052 3784 1337 3855 ἐπανῆκες,
1369 3781 1496 3861 ἔφη,
1529 3785 1631 3856 ἇρᾶ
1676 3804 1737 3860 γε
1786 3784 1891 3839 ἀπὸ

243 3875 344 3939 τῆς
383 3868 661 3944 βασιλείας
708 3870 800 3926 καὶ
848 3875 956 3926 τῶν
1009 3871 1219 3948 ἀγαθῶν
1274 3870 1513 3939 ἐκείνων,
1546 3870 1579 3924 ἃ
1626 3870 1891 3947 πρότερον

245 3957 345 4014 ὑπὸ
401 3957 602 4014 πλατεῖ
656 3963 735 4032 τῷ
784 3959 1012 4034 στόματι
1075 3957 1329 4033 διεξῄεις,
1361 3960 1452 4016 καὶ
1510 3961 1583 4015 ὧν
1643 3959 1888 4015 ἀπολαύ-

243 4058 421 4113 σεσθαι
468 4045 828 4124 προσεδόκας.
862 4049 961 4104 Καὶ
1021 4049 1049 4103 6
1096 4053 1334 4123 γενναῖος
1361 4046 1844 4123 ίάπαρῥησιάστως
1871 4068 1884 4082 ·

243 4133 424 4205 Οὔπω,
456 4135 622 4216 φησὶν
648 4138 714 4207 ,ὦ
776 4134 1021 4211 βασιλεῦ,
1055 4138 1195 4211 πρὸς
1234 4138 1336 4206 τήν
1382 4136 1619 4212 ἅῤῥητον
1680 4136 1889 4206 ἐκείνην

247 4222 588 4300 εὐδαιμονίαν
636 4223 1058 4302 ἀποδεδήμηκα,
1093 4228 1211 4284 Ἔτι
1263 4225 1366 4303 γὰρ
1425 4227 1487 4280 τὸ
1550 4227 1684 4301 βαρὺ
1723 4229 1888 4279 τοῦτο

239 4314 550 4390 περίκειμαι
580 4319 678 4371 τοῦ
708 4316 963 4389 σώματος
992 4317 1237 4393 φορτίον.
1270 4313 1426 4372 Ἀλλ’
1459 4312 1574 4369 ἐπεὶ
1621 4312 1885 4369 τοιούτων

241 4402 369 4478 ὺπέρ
421 4402 520 4460 τοῦ
579 4404 715 4478 ἐμοῦ
773 4403 1049 4459 Λεσπότου
1103 4404 1373 4476 ἠξίωμαι,
1429 4402 1544 4474 ἥξω
1597 4401 1735 4475 μετά
1788 4408 1892 4470 τῆς

240 4491 439 4549 ἐκείνου
479 4490 646 4563 δόξης
708 4494 901 4568 μικρὸν
959 4491 1202 4566 ὕστερον,
1262 4492 1353 4546 ὅτε
1405 4491 1584 4566 γυμνὰ
1650 4491 1745 4563 μὶν
1797 4493 1888 4547 καὶ

240 4578 718 4655 τετραχηλισμένα
769 4584 849 4652 τῷ
903 4578 1114 4635 ἐκείνου
1192 4581 1402 4656 βήματι
1478 4582 1885 4655 παραστήσεται

244 4667 430 4739 πάντα,
474 4670 743 4725 καθιεῖται
796 4666 856 4723 δὲ
913 4667 1077 4732 αὐτὸς
1125 4670 1154 4724 6
1210 4672 1309 4725 τοῦ
1359 4672 1496 4726 Θεοῦ
1547 4669 1723 4745 Λόγος
1764 4688 1889 4744 κρι-

46 4762 63 4837 ὲ
247 4755 391 4820 τικὸς
446 4754 795 4829 ἐνθυμήσεων
853 4758 941 4813 καὶ
1002 4756 1223 4814 ἐννοιῶν
1282 4757 1528 4833 καρδίας,
1569 4755 1887 4832 διικνούμε-

42 4848 61 4883 ⁶
246 4863 330 4904 νος
374 4843 508 4921 ἄχρι
560 4851 830 4921 μερισμοῦ
859 4849 1043 4922 ψυχῆς
1097 4848 1189 4903 καὶ
1249 4847 1451 4903 ὀστέων
1491 4847 1584 4902 καὶ
1641 4846 1887 4921 μυελῶν,

42 4944 57 4965 "
244 4934 328 4989 καὶ
356 4933 530 5009 νέμων
563 4936 773 5009 ἐκάστῳ
818 4936 885 4991 τὰ
926 4936 1047 4993 κατ’
1075 4937 1244 5007 ἀξίαν,
1275 4936 1457 5009 ἡνίκα,
1489 4939 1617 5015 φεῦί
1660 4936 1776 5000 οἷός
1826 4958 1885 4992 σε

42 5028 57 5062 ί
245 5028 617 5099 περιστήσεται
638 5023 907 5095 κίνδυνος,
938 5022 1091 5096 οἵαν,
1118 5024 1296 5097 ἄθλιε,
1323 5028 1423 5096 τήν
1472 5027 1749 5102 τιμωρίαν
1785 5047 1883 5081 κα-

50 5118 58 5147 ί
244 5114 560 5189 τακριθησῃ.
591 5116 768 5171 Ταῦτα
814 5112 904 5169 ἐπὶ
959 5112 1127 5169 πλέον
1183 5112 1423 5187 ἐκμαίνει
1477 5115 1569 5170 τὸν
1633 5113 1883 5189 βασιλέα,

246 5201 327 5256 καὶ
358 5201 547 5258 αὐτίκα
586 5200 755 5265 δεθείς
782 5201 910 5265 τοὺς
941 5198 1113 5264 πόδας
1164 5203 1194 5255 6
1256 5202 1484 5276 μάρτυς,
1534 5203 1673 5259 κατᾶ
1726 5224 1887 5281 κεφα-

248 5286 349 5359 λῆς
382 5290 700 5367 baptism,
726 5292 818 5348 καὶ
861 5288 1008 5366 ὕδωρ
1038 5288 1183 5345 πολὺ
1215 5286 1305 5346 διὰ
1349 5298 1451 5362 τῆς
1482 5290 1687 5347 ἐκείνου
1719 5290 1885 5367 ἵδρας

244 5378 432 5440 ἐνιᾶσιν
489 5381 567 5446 εἰς
620 5383 721 5453 τὴν
776 5382 1032 5461 γαστέρα,
1083 5380 1312 5438 κόλασιν
1393 5382 1512 5457 ἅμα
1568 5386 1734 5439 τοῦτο
1791 5384 1883 5438 καὶ

314 5624 336 5663 ⁸
361 5625 513 5684 Pal.
541 5636 706 5699 cxxv,
734 5627 789 5683 5.

2009 3337 2171 3404 gent,
2203 3337 2261 3389 et
2289 3349 2388 3388 sex
2418 3332 2542 3388 dies
2572 3350 2705 3389 eum
2750 3332 3088 3404 relinquunt
3137 3331 3321 3402 premi
3352 3330 3461 3385 hoc
3490 3326 3649 3399 gravi

2009 3429 2315 3478 tormento.
2348 3421 2603 3494 Septimo
2634 3427 2827 3477 autem
2859 3422 2951 3476 die
2983 3436 3113 3477 cum
3146 3435 3276 3475 eum
3310 3415 3651 3474 accersivis—

2007 3519 2092 3566 set
2122 3509 2445 3578 Teridates,
2477 3526 2612 3565 cum
2662 3515 2946 3566 consueta
2992 3508 3468 3573 subsannatione,
3501 3510 3560 3561 et
3595 3506 3650 3560 ei

2007 3603 2172 3671 grata
2218 3599 2521 3655 irrisione:
2573 3598 2898 3665 Undenam,
2951 3598 3163 3670 inquit,
3213 3612 3368 3651 nunc
3418 3597 3488 3651 ad
3538 3610 3645 3649 nos

2005 3688 2158 3745 redis
2178 3688 2207 3743 ?
2234 3688 2327 3744 An
2359 3705 2394 3744 a
2424 3704 2602 3760 regno
2632 3692 2688 3744 et
2717 3706 2750 3744 a
2776 3688 2944 3745 bonis
2974 3687 3112 3755 illis,
3145 3703 3272 3757 qua:
3305 3685 3467 3757 prius
3511 3700 3647 3756 pro-

2004 3777 2116 3833 lixe
2172 3778 2638 3849 persequebaris,
2687 3782 2747 3833 et
2806 3793 2930 3849 qua
2980 3776 3354 3846 exspectabas
3409 3778 3467 3829 te
3522 3788 3647 3828 esse

2000 3867 2464 3938 percepturum?
2520 3866 2845 3922 Generosus
2911 3869 3109 3920 autem
3169 3863 3268 3919 ille
3342 3861 3522 3917 libere
3587 3871 3646 3923 et

1999 3970 2215 4027 magna
2261 3972 2397 4012 cum
2454 3954 2704 4011 fiducia:
2735 3953 3032 4018 Nondum,
3080 3952 3292 4024 inquit,
3321 3968 3353 4007 ο
3396 3967 3516 4018 rex,
3569 3949 3641 4004 ad

1998 4042 2161 4100 illam
2203 4043 2560 4101 ineffabilem
2608 4044 2851 4114 migravi
2901 4041 3253 4097 felicitatem.
3304 4041 3438 4095 Sum
3487 4039 3643 4094 enim

2000 4132 2193 4188 adhuc
2239 4132 2571 4203 implicatus
2619 4132 2777 4203 gravi
2827 4132 2937 4186 hoc
2984 4144 3155 4185 onere
3205 4129 3484 4201 corporis.
3531 4128 3643 4182 Sed

1999 4220 2277 4291 quoniam
2296 4219 2387 4273 his
2409 4235 2534 4274 sum
2559 4235 2661 4289 pro
2684 4219 2929 4273 Domino
2949 4234 3077 4274 meo
3094 4217 3392 4289 dignatus,
3415 4216 3643 4271 veniam

2000 4308 2173 4384 paulo
2204 4316 2333 4381 post
2363 4322 2495 4362 cum
2528 4305 2685 4361 illius
2709 4306 2911 4376 gloria,
2946 4307 3177 4377 quando
3218 4306 3374 4361 nuda
3404 4304 3642 4376 quidem

2000 4406 2058 4456 et
2089 4401 2290 4471 aperta
2319 4395 2605 4451 sistentur
2650 4393 2848 4450 omnia
2878 4399 3012 4451 ante
3041 4394 3202 4450 illius
3241 4392 3516 4450 tribunal.
3545 4396 3642 4449 Be-

2003 4488 2165 4546 debit
2192 4491 2390 4544 autem
2417 4484 2608 4557 ipsum
2641 4484 2741 4540 Dei
2771 4482 3028 4541 Verbum
3053 4484 3236 4555 judex
3268 4499 3384 4540 non
3414 4486 3643 4539 tantum

2001 4580 2311 4644 factorum,
2337 4574 2436 4631 sed
2471 4578 2527 4630 et
2556 4572 2733 4628 animi
2765 4572 3230 4645 conceptionem,
3255 4575 3311 4629 et
3338 4572 3643 4644 cogitatio-

2002 4683 2145 4724 num
2179 4664 2365 4722 cordis
2396 4666 2705 4735 penetrans
2736 4677 2924 4733 usque
2946 4662 3017 4717 ad
3044 4661 3387 4717 divisionem
3410 4661 3641 4729 animae,

1999 4764 2057 4814 et
2103 4754 2352 4819 ossium,
2385 4756 2443 4807 et
2486 4749 2894 4815 medullarum,
2922 4754 2980 4805 et
3018 4751 3334 4821 unicuique
3378 4749 3641 4805 tribuens

2002 4862 2104 4919 pro
2135 4844 2381 4900 meritis.
2415 4842 2537 4907 Quo
2567 4846 2850 4910 tempore,
2884 4839 2976 4895 hei
3022 4838 3202 4894 mihi!
3238 4838 3410 4909 quale
3439 4842 3495 4892 te
3524 4839 3639 4892 cir-

1999 4934 2304 4991 cumsistet
2358 4927 2722 5002 periculum!
2774 4927 2956 4998 quali,
3000 4943 3034 4982 ο
3078 4927 3297 4992 infelix,
3352 4927 3641 4998 supplicio

1999 5018 2412 5082 damnaberisl
2466 5019 2595 5074 Haec
2642 5030 2835 5089 regem
2887 5016 3043 5071 cient
3089 5015 3292 5083 majori
3335 5015 3549 5083 furore,
3587 5020 3646 5071 et

1997 5114 2190 5173 statim
2222 5109 2465 5183 pedibus
2494 5107 2727 5162 vinctus
2771 5108 3010 5174 martyr,
3045 5119 3294 5175 praeceps
3341 5103 3646 5175 suspendi-

1997 5208 2114 5271 tur,
2140 5206 2196 5256 et
2216 5215 2318 5271 per
2339 5196 2684 5269 posteriores
2716 5198 2915 5265 partes
2947 5192 3196 5247 multum
3229 5208 3390 5263 aqua:
3422 5193 3643 5247 immit-

1998 5297 2133 5347 tunt
2156 5290 2218 5343 in
2238 5290 2525 5353 ventrem,
2553 5284 2658 5339 hoc
2678 5279 2858 5337 simul
2882 5297 2983 5353 pro
3005 5279 3292 5353 supplicio
3312 5286 3369 5337 et
3389 5279 3643 5337 ludibrio

1997 5381 2280 5438 habentes
2333 5371 2622 5433 scelerati.
2669 5368 2892 5427 Nullus
2943 5370 3101 5428 enim
3164 5371 3354 5443 pudor
3424 5370 3646 5428 talibus
