4142 6248
564 231 681 291 959

1848 227 2135 288 MENSIS
2181 225 2669 287 SEPTEMBER.

3936 222 4031 261 σε.

3942 263 3955 273 ι

3994 264 4019 271 .r
4034 264 4037 271 ς

564 394 764 460 oculis,
800 409 1046 466 quorum
1093 391 1303 448 animas
1345 400 1509 447 erant
1536 390 1717 463 plenas
1748 390 1990 447 libidine
2019 395 2071 446 et
2101 406 2198 446 ne-

2317 386 2521 463 γελωτα
2576 389 2858 447 ποιοῦντες
2915 387 2966 440 οἱ
3017 385 3335 459 ἀλιτήριοι.
3405 378 3691 453 Οὐδεμία
3766 381 3889 453 γὰρ
3968 382 4035 429 κῖ-

2314 475 2487 549 σχὺνη
2538 475 2810 538 τοιούτοις
2840 471 3081 547 ὄμμασιν
3122 476 3197 529 ὧν
3229 475 3285 530 οἱ
3317 472 3523 550 ψυχαὶ
3576 468 3835 541 πλήρεις
3906 469 4029 521 «ἶπι

568 482 773 554 quitia.

637 661 792 719 XIII.
827 662 969 717 Cum
1000 664 1193 716 autem
1227 659 1384 717 illinc
1415 660 1619 717 fuisset
1649 661 1962 728 demissus,
1986 674 2082 715 rex
2115 673 2208 714 co-

567 751 814 807 nabatur
845 767 1049 806 rursus
1081 751 1464 820 persuadere:
1500 754 1576 819 et,
1611 750 1749 806 Pare
1779 750 1945 815 mihi,
1978 748 2207 804 dicebat

566 839 643 907 ci,
673 842 731 894 et
777 838 889 894 diis
939 838 1209 894 maximis
1264 838 1549 894 sacriﬁca.
1603 837 1749 895 Nam
1798 837 2016 907 alioqui
2057 834 2207 891 male

570 928 801 1000 peribis,
828 928 970 982 mihi
1002 928 1233 983 cbaram
1260 928 1395 997 juro
1426 943 1625 983 eorum
1660 927 1998 997 potentiam.
2024 924 2205 980 Sacri-

571 1017 774 1083 ficabo,
791 1017 890 1072 sed
914 1016 1195 1073 Salvatori
1216 1032 1344 1072 meo
1358 1017 1596 1072 omnino
1618 1015 1969 1072 sacrificium
1993 1014 2206 1080 laudis,

571 1122 820 1177 magnus
850 1106 989 1161 dixit
1014 1106 1347 1178 Gregorius.
1367 1106 1499 1170 Quae
1521 1110 1713 1160 autem
1737 1121 1914 1161 sensu
1936 1108 1993 1160 et
2016 1106 2207 1159 mente

571 1200 789 1267 carent,
839 1200 896 1251 et
943 1204 1077 1252 sunt
1127 1195 1365 1251 omnino
1418 1194 1679 1250 inanima
1708 1199 1766 1250 et
1805 1195 2002 1262 surda,
2033 1196 2205 1262 absit,

570 1285 797 1342 Christe
829 1287 943 1341 Rex
990 1301 1177 1352 meus,
1211 1293 1272 1341 ut
1326 1285 1543 1341 honore
1591 1283 1711 1340 ullo
1759 1288 1860 1340 aut
1907 1286 2078 1340 verbo
2127 1285 2210 1339 di-

570 1390 733 1446 gner,
777 1374 1007 1429 etiamsi
1058 1373 1225 1444 plura
1282 1372 1423 1428 mihi
1472 1378 1525 1429 et
1572 1372 1836 1443 graviora
1884 1373 2211 1428 inierantur

571 1460 875 1531 supplicia.
912 1460 1008 1516 llis
1040 1462 1511 1532 disrumpebatur
1534 1461 1849 1530 Teridates,
1880 1467 1936 1516 et
1968 1461 2210 1516 suli‘oca-

570 1550 762 1605 batur.
794 1551 993 1620 Itaque
1020 1566 1152 1604 cum
1202 1554 1472 1604 sanctum
1520 1567 1727 1605 rursus
1775 1550 2206 1620 suspendisset,

572 1637 807 1709 ungulis
853 1637 1090 1708 quidem
1142 1637 1337 1692 ferreis
1380 1636 1632 1693 laniabat
1681 1639 1807 1708 ejus
1854 1637 2056 1705 latera,
2107 1636 2208 1709 qui

571 1734 688 1781 erat
720 1726 868 1781 ferro
899 1727 1100 1797 quovis
1131 1726 1348 1793 durior,
1384 1727 1526 1781 adeo
1559 1732 1622 1781 ut
1643 1727 1769 1796 ipsa
1801 1742 2026 1797 quoque
2057 1731 2210 1801 terra

572 1814 979 1885 inquinaretur
1009 1814 1264 1870 fontibus
1295 1815 1621 1884 sanguinis.
1644 1817 1789 1871 Cum
1815 1820 2008 1871 autem
2036 1816 2210 1871 disse-

575 1907 785 1972 casset,
816 1908 872 1959 et
905 1904 1221 1974 profundos
1253 1904 1447 1959 sulcus
1482 1903 1539 1958 in
1572 1903 1657 1959 eis
1689 1903 2010 1970 incidisset,
2037 1904 2216 1959 muri-

575 2006 671 2046 ces
729 1991 941 2048 ferreos
1000 1992 1161 2047 humi
1213 1992 1438 2047 sternit.
1474 1991 1693 2048 Deinde
1751 1994 1943 2048 nudus
2001 1993 2071 2057 is,
2113 1992 2213 2063 qui

578 2084 765 2135 totum
798 2080 1097 2137 Christum
1148 2081 1434 2149 induerat,
1464 2098 1641 2154 super
1670 2082 1827 2154 ipsos
1852 2083 2210 2138 trahebatur.

579 2168 805 2225 Interim
832 2177 1020 2225 autem
1053 2171 1189 2225 dum
1222 2169 1493 2226 lictorum
1529 2188 1738 2227 manus
1768 2188 1901 2227 eum
1934 2171 2063 2243 pilis
2094 2174 2212 2227 tra-

576 2258 795 2313 hebant
824 2259 1224 2329 acerbissime,
1259 2259 1357 2315 ille
1385 2261 1621 2331 quidem
1673 2260 1907 2333 proprio
1937 2260 2215 2333 irrigatus

576 2348 882 2417 sanguine,
915 2349 1101 2419 magis
1132 2349 1377 2405 ﬂorebat
1405 2355 1461 2404 et
1489 2350 1871 2420 germinabat,
1905 2367 2018 2406 non
2045 2365 2215 2406 secus

575 2440 749 2506 atque
780 2451 1072 2507 generosas
1122 2437 1351 2509 plantae,
1385 2443 1441 2493 et
1472 2440 1661 2494 fructu
1692 2439 1823 2495 ﬁdei
1855 2439 2212 2495 abundabat.

577 2524 680 2581 Ille
709 2529 927 2589 autem,
958 2524 1067 2581 Ubi
1096 2532 1206 2595 est,
1249 2527 1462 2597 inquit,
1492 2527 1647 2583 Deus
1676 2530 1836 2593 tuus,
1865 2528 2120 2596 Gregori,
2154 2531 2215 2584 in

576 2631 750 2687 quem
800 2618 1097 2687 sperasti?
1124 2617 1328 2674 Veniat
1376 2635 1532 2673 nunc
1579 2623 1637 2674 et
1667 2634 1698 2673 e
1727 2619 1873 2674 meis
1903 2622 1959 2674 te
2007 2618 2217 2688 eripiat

576 2702 868 2759 manibus.
898 2707 1085 2776 Atque
1114 2705 1210 2761 ille
1241 2706 1475 2778 quidem
1508 2722 1640 2762 cum
1673 2707 1755 2762 sic
1784 2706 1984 2762 omnia
2016 2722 2214 2777 perva-

572 2790 750 2847 sisset
796 2792 1081 2865 supplicia
1108 2799 1165 2850 et
1194 2794 1559 2862 afﬂictiones,
1590 2799 1647 2851 et
1675 2811 1772 2852 eas
1798 2795 2027 2852 tulisset
2075 2797 2215 2853 faci-

569 2878 706 2946 lius,
738 2896 914 2952 quam
966 2882 1063 2938 alii
1120 2883 1468 2956 voluptates,
1513 2888 1571 2941 et
1613 2883 1884 2941 omnibus
1940 2884 2218 2942 evasisset

570 2969 872 3039 superior:
905 2987 1109 3027 rursus
1139 2972 1197 3028 in
1228 2987 1516 3029 carcerem
1550 2973 1879 3043 conjicitur.

639 3147 784 3205 XIV.
817 3149 1094 3223 Sequenti
1141 3160 1333 3210 autem
1364 3154 1457 3211 die
1496 3171 1631 3213 cum
1674 3172 1809 3213 sum
1860 3173 2066 3214 rursus
2116 3174 2207 3213 ac-

574 3238 847 3295 cersisset
889 3239 1205 3310 Teridates,
1245 3247 1303 3299 et
1349 3244 1587 3301 vidisset
1642 3262 1775 3303 eum
1833 3251 2021 3302 astare
2077 3263 2209 3303 cum

576 3331 848 3399 prompto
879 3333 935 3384 et
963 3328 1140 3385 alacri
1196 3331 1409 3402 animo,
1461 3342 1515 3389 et
1562 3350 1695 3390 cum
1755 3351 1894 3391 sano
1951 3350 2211 3401 corpore.

570 3412 746 3484 idque
776 3432 907 3472 cum
939 3434 1070 3475 caro
1101 3418 1305 3475 fuisset
1333 3425 1505 3477 antea
1533 3432 1883 3496 consumpta
1905 3424 2211 3480 tormentis

571 3503 725 3573 apud
756 3520 818 3559 se
847 3504 1078 3575 quidem
1109 3509 1449 3579 mirabatur,
1482 3516 1539 3568 et
1568 3512 1890 3582 dubitabat,
1923 3513 2063 3585 quin
2096 3530 2211 3569 non

571 3589 749 3645 simul
802 3607 931 3649 cum
988 3595 1262 3653 carnibus
1319 3614 1450 3655 eum
1509 3600 1811 3658 deiecisset
1884 3602 2208 3673 respiratio.

571 3678 780 3749 Vipera
808 3687 999 3738 autem
1035 3700 1150 3739 non
1181 3688 1499 3755 expellebat
1527 3705 1830 3758 venenum,
1866 3708 2051 3763 neque
2083 3711 2214 3765 par-

570 3771 684 3824 dus
714 3769 955 3825 exuebat
982 3772 1323 3829 varietates:
1357 3778 1455 3831 sed
1498 3777 1691 3835 adhuc
1738 3779 1889 3835 idem
1940 3783 2214 3837 manebat

575 3856 891 3923 Teridates,
934 3866 988 3913 et
1035 3858 1095 3913 in
1145 3865 1456 3933 martyrem
1518 3866 1780 3921 eamdem
1838 3869 2214 3924 conservabat

572 3944 850 4001 saevitiam
900 3950 957 4001 et
998 3946 1511 4011 inbumanitatem.
1551 3953 1695 4010 Cum
1752 3970 1889 4027 ergo
1944 3972 2079 4012 eum
2127 3956 2211 4014 sic

569 4033 808 4090 vidisset
855 4035 1147 4105 affectum,
1180 4054 1252 4095 ne
1283 4040 1366 4095 sic
1408 4042 1644 4113 quidam
1694 4044 2039 4117 desperabat
2084 4048 2210 4119 ejus

567 4123 945 4181 mutationem
974 4141 988 4179 :
1022 4126 1123 4183 sed
1153 4130 1541 4188 contendebat
1569 4133 1788 4190 stultus
1818 4135 2047 4193 vincere
2079 4138 2208 4194 ani-

569 4227 721 4266 mam
755 4212 1227 4287 insuperabilem.
1249 4218 1411 4277 Unde
1441 4224 1612 4279 etiam
1645 4241 1777 4280 cum
1811 4225 2012 4282 ferreis
2043 4227 2209 4283 tibia-

568 4298 722 4356 libus
756 4301 921 4359 beata
942 4304 1068 4375 ejus
1098 4306 1383 4364 induisset
1410 4327 1619 4380 genua,
1642 4322 1697 4368 et
1718 4314 1944 4382 cuneis,
1969 4316 2072 4387 qui
2096 4316 2207 4388 ipsi

568 4403 798 4459 quoque
824 4398 992 4447 erant
1024 4395 1213 4462 ferrei,
1237 4413 1304 4451 ea
1326 4401 1776 4470 lransadegisset
1798 4420 1863 4459 ac
1886 4404 2206 4473 fibulasset,

2237 1771 2293 1837 B

2314 562 2603 618 ἀκολασίας
2634 582 2692 617 τε
2721 565 2808 617 καὶ
2842 563 3208 641 φαυλότητος.

2387 652 2477 708 Η¹’·
2512 649 2731 721 Ἐπειδὴ
2803 650 2859 706 δὲ
2918 651 3116 716 ἐκεῖθεν
3175 649 3555 727 κατενεχθεὶς
3616 649 3722 720 ἧν,
3766 645 3959 702 πάλη
4008 670 4021 697 —.

2318 740 2575 818 βασιλεὺς
2622 742 2873 817 ἐπειρᾶτο
2923 743 3148 814 πείθειν,
3199 746 3311 810 καὶ,
3364 740 3660 807 ﬂamen-ri
3714 760 3851 812 μοι,

2315 834 2499 904 αὐτὸν,
2550 827 2727 907 ἔλεγε,
2758 833 2845 887 καὶ
2896 838 3011 891 τοῖς
3063 832 3339 905 μεγίστοις
3393 832 3576 896 θῦσον
3642 833 3837 891 θεοῖς.
3892 829 4005 884 Ἐξ

2316 926 2494 982 κακῶς
2552 918 2758 995 ἀπολῇ,
2816 923 2915 990 τὴν
2972 918 3138 998 φίλην
3196 920 3371 975 αὐτῶν
3433 917 3682 992 ὄμνυμι
3766 914 3967 987 δύναμ

2317 1010 2494 1076 Θῦσω,
2527 1008 2673 1064 ἀλλὰ
2720 1013 2800 1081 τῷ
2850 1010 2957 1080 θεῷ
2997 1029 3100 1081 μου
3145 1010 3363 1071 πάντως
3395 1008 3612 1063 θυσίαν
3692 1004 3980 1061 αἰνέσεως
4028 1052 4039 1107 ᾧ

3821 1115 3949 1134 φιλετ-

2321 1100 2487 1175 μὲγας
2544 1097 2645 1168 ἔφη
2708 1098 3030 1173 Γρηγόριος.
3088 1098 3404 1168 Αίσθήσεως
3465 1094 3533 1151 δὲ
3620 1096 3731 1150 καὶ
3821 1104 3991 1172 ’,τρε-ετξ

2316 1182 2497 1260 ἔρημα
2552 1187 2643 1242 καὶ
2691 1188 2753 1242 τὸ
2802 1186 2930 1242 ὅλον
2976 1186 3161 1262 ἄψυχα
3216 1187 3307 1242 καὶ
3360 1188 3558 1262 κωφὰ,
3620 1187 3716 1259 μή
3782 1185 3993 1259 γένοιτ

2316 1277 2511 1351 Χριστέ
2544 1278 2571 1331 6
2604 1275 2733 1349 ἐμὸς
2772 1275 3044 1351 βασιλεὺς,
3081 1274 3216 1350 μηδὲ
3242 1283 3412 1350 τιμῆς
3472 1296 3644 1338 τινος
3719 1271 3895 1349 μῃδὲ

4026 1108 4041 1309 1

2319 1386 2487 1439 ματας
2545 1367 2793 1436 ἀξιῶσαι,
2840 1365 2937 1420 κᾶν
2994 1364 3072 1421 ἔτι
3128 1365 3355 1429 πλείους
3413 1365 3552 1439 ἐμοὶ
3605 1365 3719 1420 καὶ
3788 1362 4041 1440 βαμῖή

2319 1475 2407 1528 ραι
2464 1454 2715 1515 κολάσεις
2782 1452 3095 1531 ἐπάγονται.
3155 1454 3527 1529 Διεῤῥήγνυτο
3589 1454 3813 1510 τοένυν
3896 1475 3997 1527 πει

2315 1524 2479 1601 ταῦτα
2510 1546 2537 1599 6
2567 1541 2873 1617 Τηριδάτης
2900 1524 3003 1599 ’καὶ
3034 1524 3380 1622 ἀπεπνεγετο-
3403 1550 3485 1617 τῷ
3532 1548 3749 1618 θυμῷ.
3787 1524 3985 1616 ’Δμὲὶε

2315 1636 2405 1691 καὶ
2462 1635 2550 1689 τὸν
2599 1635 2749 1709 ἅγιον
2814 1635 3129 1709 ἁμαρτήσας
3187 1632 3371 1703 πάλιν,
3407 1634 3568 1705 ὄνυξι
3623 1635 3746 1707 μὶν
3786 1632 3989 1706 σιδήρι.
4034 1632 4039 1709 ζ

4036 1452 4041 1607 1

4034 1608 4039 1659 1

2316 1722 2573 1794 διέξαινεν
2642 1722 2804 1778 αὐτοῦ
2867 1723 2961 1786 τὰς
3035 1724 3297 1798 πλευρὰς,
3366 1725 3393 1779 ὁ
3457 1720 3732 1799 σιδήρου
3813 1712 4041 1799 nasci;

4028 1800 4035 1817 ἰ

2317 1814 2706 1888 σκληρότερος,
2750 1812 2823 1873 ὡς
2874 1810 2963 1866 καὶ
3020 1811 3186 1880 αὐτὴν
3236 1808 3300 1883 δή
3350 1833 3458 1867 που
3521 1813 3636 1880 τήν
3721 1818 3835 1885 γῆν
3899 1819 3981 1869 τίς

2317 1907 2567 1978 κρουνοῖς
2616 1906 2723 1957 τῶν
2776 1902 3017 1973 αἱμάτων
3063 1900 3408 1973 μολύνεσθαι.
3446 1903 3765 1975 Διακόψας
3815 1899 3877 1956 δί
3919 1925 3983 1953 7.:

2320 1991 2536 2065 βαθείας
2594 1990 2779 2051 αὐταῖς
2830 1989 3067 2063 ἐντεμὼν
3116 1987 3355 2052 αὔλακας
3404 1985 3740 2065 τριϐόλους
3776 1988 3974 2060 σιδηρᾶς

2321 2079 2719 2154 ὑποστρώννυσι
2763 2079 2898 2134 κατᾶ
2933 2084 3030 2133 τοῦ
3077 2076 3327 2157 ἐδάφους,
3378 2080 3493 2135 εἶτα
3546 2081 3789 2153 γυμνὸς
3839 2082 3868 2135 6
3912 2082 3973 2132 τέ.

2319 2171 2553 2245 Χριστὸν
2611 2168 2741 2223 ὅλον
2800 2164 3145 2241 ἐνδεδυμένος
3183 2166 3278 2241 ίέπ⁹
3333 2169 3521 2223 αὐτῶν
3596 2166 3852 2223 ε’ἶλκετο.
3910 2171 3965 2223 Ἐξ

2318 2261 2431 2331 δσῳ
2463 2255 2519 2313 δὲ
2549 2258 2706 2313 αὐτὸν
2735 2259 2788 2312 αἱ
2818 2262 2924 2313 τῶν
2972 2254 3187 2331 δημίων
3240 2263 3421 2333 χεῖρες
3480 2259 3820 2332 πικρότατα
3864 2260 3968 2313 κατέ

2316 2352 2424 2402 τῶν
2481 2342 2755 2422 τριϐόλων
2815 2346 3082 2417 εἶλκον,ὁ
3144 2347 3239 2417 μὶν
3296 2351 3378 2419 τῷ
3425 2346 3640 2420 οἰκείῳ
3693 2345 3962 2422 ἀρδόμενος

2318 2434 2531 2508 α’ίματι,
2583 2437 2732 2505 ἤνθει
2794 2434 3006 2509 μᾶλλον
3061 2437 3195 2491 κατὰ
3250 2436 3319 2491 τὰ
3368 2435 3570 2510 εὐγενῆ
3639 2442 3751 2491 τῶν
3808 2443 3957 2514 cura};

2317 2527 2407 2581 καὶ
2454 2525 2740 2594 ἆνέθαλλε,
2770 2527 2858 2581 καὶ
2906 2530 2985 2597 τῷ
3031 2532 3132 2596 τῆς
3178 2526 3416 2588 πίστεως
3459 2532 3683 2602 καρπῷ
3736 2527 3951 2583 salsau-

2321 2622 2422 2686 ζεν.
2457 2616 2519 2673 Ὀ
2577 2614 2634 2671 δὲ
2673 2620 2783 2671 Ποῦ
2833 2614 2974 2671 ἔστὶν
3024 2617 3052 2670 6
3093 2616 3221 2677 Θεός
3268 2636 3386 2671 σου.
3431 2618 3740 2691 Γρηγὸρεε,
3779 2616 3853 2693 ἐρ’
3891 2617 3942 2669 ὃν
4040 2652 4041 2665 η

2317 2702 2597 2775 mutuae;
2643 2705 2879 2763 Ἑλθέτω
2935 2709 3026 2759 νῦν
3084 2705 3174 2760 καὶ
3231 2709 3339 2760 τῶν
3410 2703 3575 2777 ἐμῶν
3625 2727 3670 2760 σε
3702 2705 3916 2776 ῥυσάσθω

2320 2797 2545 2869 χειρῶν.
2578 2794 2639 2852 Ὁ
2689 2794 2784 2868 μὶν
2840 2791 2930 2849 οὖν
2978 2793 3122 2849 οὕτω
3172 2791 3260 2849 διὰ
3308 2798 3503 2849 πασῶν
3570 2794 3720 2851 tisse
3764 2814 3903 2863 nam.

2318 2889 2449 2959 ριῶν
2501 2885 2592 2940 καὶ
2648 2886 2960 2957 κακώσεων,
3013 2886 3101 2941 καὶ
3178 2886 3305 2959 ῥᾷον
3383 2883 3641 2962 ἐνεγκὼν
3709 2882 3868 2942 τέττιξ
3900 2884 3930 2948 ἶ.

2315 2973 2410 3037 τὰς
2458 2972 2657 3044 ἡδονὰς
2707 2971 2907 3049 ἕτεροι,
2938 2976 3027 3030 καὶ
3074 2975 3247 3037 πάσας
3278 2971 3529 3048 ἐλέγξας,
3562 2973 3732 3039 αὖθις
3757 2978 3815 3046 τῇ
3852 2970 3933 3043 εἶθ.

2318 3067 2421 3138 κτῇ
2455 3062 2687 3123 δίδοται.

2391 3159 2490 3211 ΙΔ’.
2532 3157 2649 3223 Τῆς
2708 3153 2763 3209 δὲ
2820 3154 3081 3226 ἐπιούσης
3160 3154 3505 3228 μετάκλητον
3585 3155 3766 3211 αὐτὸν
3820 3151 3942 3208 πάλη

2321 3242 2690 3316 ποιησάμενος
2740 3240 3079 3318 Τηριδάτης,
3110 3246 3185 3306 ὡς
3232 3242 3326 3298 σὺν
3364 3244 3665 3317 προθυμίᾳ
3718 3243 3809 3299 καὶ
3856 3246 3953 3315 μετᾶ
4040 3236 4041 3293 1

2323 3332 2579 3404 σώματος
2639 3332 2827 3403 ὑγιοῦς
2884 3334 3230 3409 παραστάντα
3289 3330 3418 3401 εἶδε,
3475 3333 3573 3386 καὶ
3640 3338 3821 3388 ταῦτα
3868 3338 3953 3391 ταῖς

2326 3422 2576 3497 βασάνοις
2632 3420 2781 3495 αὐτῷ
2835 3421 2930 3487 τῆς
2995 3423 3189 3498 σαρκὸς
3247 3422 3778 3495 προαναλωθείσης,
3839 3424 3957 3487 ﬁeri»
4039 3454 4041 3499 Ι

2326 3515 2460 3583 μαζε
2520 3510 2614 3584 μὶν
2673 3508 2756 3587 ἐφ’
2811 3511 3007 3567 ἐαυτοῦ
3081 3513 3169 3566 καὶ
3228 3510 3573 3583 διηπορεῖτο,
3637 3511 3806 3574 ὅπως
3862 3512 3956 3585 οὖχῖ

2321 3600 2411 3655 καὶ
2467 3602 2530 3655 τὸ
2587 3602 2833 3656 ἀναπνεῖν
2891 3599 3054 3655 αὐτὸν
3115 3600 3249 3673 μετά
3302 3606 3409 3655 τῶν
3449 3606 3675 3674 σαρκῶν
3710 3601 3955 3658 ἐπιλίποι.

2320 3692 2382 3745 Ἦ
2432 3685 2551 3765 ἔχις
2610 3688 2667 3745 δὲ
2713 3691 2804 3745 τὸν
2856 3689 2937 3745 ἲὸν
2989 3690 3087 3745 οὐκ
3133 3690 3426 3758 ἀπωθεῖτο,
3460 3688 3591 3745 οὐδὲ
3629 3693 3672 3759 ἠ
3711 3690 3955 3768 πάρδαλις
4038 3685 4039 3727 1

2320 3777 2582 3834 ἀπεδύετο
2612 3780 2679 3834 τὰ
2709 3779 3050 3853 ποικίλματα
3085 3799 3095 3813 ·
3130 3777 3259 3835 ἀλλ’
3290 3782 3318 3835 ὁ
3362 3778 3521 3841 αὐτὸς
3579 3777 3755 3851 ἔμενε
3806 3784 3956 3854 Τηρι-

2320 3864 2486 3936 δάτης
2515 3865 2612 3932 ἔτι,
2644 3869 2733 3922 καὶ
2790 3870 2890 3938 τὴν
2948 3869 3116 3938 αὑτὴν
3166 3869 3425 3943 ὠμότητα
3472 3867 3555 3941 τῷ
3602 3869 3857 3945 μάρτυρι
3891 3870 3953 3924 ιιπῖ

2317 3956 2415 4024 τήν
2450 3956 2838 4031 ἀπανθρωπίαν
2878 3956 3083 4032 ἐτήρει.
3116 3957 3275 4016 Οὕτω
3323 3963 3503 4012 τοίνυν
3551 3958 3730 4013 αὐτὸν
3784 3958 3954 4035 ἔχοντα

2321 4040 2471 4113 ἰδὼν,
2503 4042 2629 4100 οὐδὲ
2685 4044 2835 4101 οὕτω
2891 4048 2991 4115 τήν
3054 4042 3364 4121 μεταϐολὴν
3426 4046 3810 4123 ἀπηγόρευεν,
3858 4046 3953 4102 ἀλλ’

2317 4132 2638 4211 ἐφιλονείκει
2700 4136 2727 4189 ὁ
2788 4136 3039 4209 μάταιος,
3069 4137 3327 4211 κρείττων
3383 4135 3632 4210 γενέσθαι
3696 4144 3811 4207 τῆς
3856 4138 3951 4205 ἀητ-

2314 4225 2484 4294 τήτου
2514 4225 2726 4297 ψυχῆς.
2774 4226 2930 4281 Ὅθεν
2980 4225 3069 4279 καὶ
3121 4223 3349 4299 σιδηρᾶς
3393 4223 3817 4299 περικνημῖδας
3860 4230 3947 4283 τοῖς

2320 4312 2605 4386 μακαρίοις
2654 4312 2819 4369 αὐτοῦ
2870 4313 3084 4389 γόνασιν
3135 4309 3416 4388 ἐμϐαλὼν,
3464 4315 3555 4368 καὶ
3617 4317 3945 4391 σφηνίσκοις,

2315 4398 2543 4476 σιδήρου
2602 4402 2689 4457 καὶ
2749 4402 2933 4465 αὐτοῖς
2993 4402 3111 4459 οὖσι
3170 4400 3563 4479 διαπερονήσας
3614 4403 3851 4475 ταύτας,
3878 4400 3941 4457 καὶ

564 4482 618 4571 et
678 4481 985 4571 martyrem
1041 4482 1462 4552 suspendisset,
1512 4490 1629 4543 tres
1685 4492 1837 4545 totos
1894 4492 2014 4547 dies
2070 4510 2203 4550 eum

2317 4494 2402 4548 τὸν
2465 4493 2712 4569 μάρτυρα
2766 4493 3066 4568 κρεμάσας,
3097 4493 3177 4557 εἷς
3233 4499 3381 4569 τρεῖς
3429 4493 3559 4555 ὅλας
3591 4494 3821 4571 ἡμέρας
3871 4512 3939 4566 με·

561 4564 752 4620 tenuit
781 4565 1117 4624 sublimem.
1140 4568 1241 4625 Ille
1269 4575 1464 4627 autem
1495 4578 1723 4633 tantum
1755 4577 1971 4647 aberat,
2004 4584 2068 4636 ut
2098 4581 2205 4638 hoc

560 4654 820 4710 cruciatu
871 4671 1039 4713 secus
1088 4674 1264 4730 quam
1314 4676 1655 4730 generosum
1706 4666 2003 4725 hominem
2041 4671 2204 4728 decet

560 4740 910 4811 afﬁceretur,
944 4754 1042 4802 aut
1090 4746 1522 4821 obloqueretur,
1557 4757 1622 4809 ut
1651 4760 1708 4810 et
1737 4755 1867 4827 ipsa
1913 4757 2203 4816 videretur

560 4834 749 4890 ridere
783 4842 1090 4908 tormenta,
1124 4847 1177 4894 et
1208 4855 1306 4896 eos
1336 4841 1434 4912 qui
1463 4842 1594 4917 ipsa
1622 4845 1958 4918 atIerebant,
1990 4850 2039 4906 si
2068 4866 2200 4922 spe-

559 4926 756 4978 rarent
813 4925 951 4994 fore,
1011 4934 1073 4982 ut
1128 4926 1287 4985 illius
1363 4930 1689 4991 ﬁrmitatem
1742 4935 1803 4991 in
1855 4940 2201 4995 contrariam

562 5015 859 5069 mutarent
897 5018 1262 5074 sententiam.
1297 5018 1571 5078 Pendenti
1604 5022 1984 5097 itaquejusto
2010 5045 2023 5085 :
2047 5027 2199 5084 Non-

564 5097 702 5153 dum
748 5101 1003 5165 sensisti,
1036 5105 1268 5177 Gregori
1320 5108 1513 5180 inquit
1558 5110 1867 5180 Teridates,
1907 5124 1957 5171 te
1987 5117 2202 5172 frustra

564 5186 625 5242 in
652 5193 771 5275 Deo
800 5193 901 5246 tuo
932 5194 1243 5251 conﬁdisse
1262 5198 1290 5251 ‘?
1309 5203 1409 5253 aut
1429 5199 1646 5272 alioqui
1678 5202 1845 5259 nobis
1871 5207 2127 5275 ostende,
2153 5206 2202 5261 si

561 5274 702 5343 quid
734 5274 863 5331 boni
887 5294 956 5334 ex
978 5297 1079 5351 spe
1103 5283 1157 5338 in
1182 5284 1346 5342 illum
1372 5304 1432 5344 es
1454 5296 1815 5348 consecutus.
1845 5293 1942 5349 llle
1972 5274 2200 5351 autem:

557 5362 628 5453 Art
656 5366 717 5414 tu
746 5362 889 5432 ipse,
922 5367 1131 5438 inquit,
1164 5388 1225 5427 es
1256 5373 1561 5445 insipiens,
1592 5383 1649 5434 et
1681 5385 1733 5434 te
1776 5381 1945 5453 plane
1994 5383 2205 5439 stolide

561 5452 616 5541 et
644 5454 911 5541 amenter
939 5454 1108 5521 geris,
1142 5458 1242 5528 qui
1274 5461 1544 5519 adversus
1573 5470 1626 5520 te
1659 5467 1835 5525 infers
1868 5474 1985 5525 tam
2036 5486 2203 5541 grave

553 5533 869 5608 judicium,
894 5541 1161 5611 etignem
1194 5546 1472 5618 gehennae
1506 5553 1563 5608 in
1596 5558 1761 5611 tuum
1795 5563 1968 5629 caput
2000 5533 2204 5631 conge-

2308 4582 2512 4657 τέωρον
2543 4583 2699 4638 αὐτὸν
2735 4583 2904 4657 εἶχεν.
2929 4583 2990 4640 Ὁ
3022 4580 3081 4638 δὶ
3124 4586 3386 4639 τοσοῦτον
3444 4582 3643 4659 ἀπεῖχε
3702 4588 3812 4639 τοῦ
3862 4587 3935 4637 τῶν

2307 4671 2538 4747 ἀγεννῶν
2582 4693 2632 4727 τι
2684 4673 2820 4747 πρὸς
2863 4673 2961 4741 τήν
3006 4673 3263 4744 τοιαύτην
3326 4677 3517 4737 παθεῖν
3574 4667 3927 4742 ἐπιϐουλὴνῆ

2304 4762 2392 4816 καὶ
2457 4759 2804 4837 φθέγξασθαι,
2864 4759 2978 4834 ὅσῳ
3034 4760 3125 4816 καὶ
3180 4760 3481 4839 καταγελᾷν
3541 4761 3704 4833 ἐῴκει
3788 4762 3923 4818 αὐτῶν

2303 4866 2362 4902 τε
2417 4852 2523 4903 τῶν
2585 4847 2831 4923 βασάνων
2867 4850 2955 4905 καὶ
2985 4854 3095 4905 τῶν
3125 4847 3436 4926 ἐπαγόντων
3470 4848 3659 4921 αὐτὰς,
3692 4849 3751 4906 εἴ
3778 4845 3911 4906 τοιοὸο

2304 4956 2423 4998 τοις
2480 4935 2720 5005 ἤλπισαν
2776 4938 2875 5006 τήν
2923 4935 3129 4994 ἐκείνου
3178 4938 3510 5015 στερρότητα
3571 4939 3910 5011 μεταττεέπιν

2311 5026 2643 5099 Κρεμαμένῳ
2671 5025 2850 5082 τοίνυν
2892 5031 2969 5099 τῷ
3016 5047 3267 5103 γενναιῳ,
3299 5025 3469 5086 Οὔπω
3516 5024 3713 5102 ᾔσθου,
3754 5021 3920 5103 Γρτκδ·

2311 5135 2412 5190 ριε,
2445 5116 2579 5191 φησὶ
2610 5115 2943 5193 Τηριδάτης,
2981 5119 3156 5192 μάτην
3202 5118 3290 5173 ἐπὶ
3336 5124 3415 5192 τῷ
3468 5123 3549 5191 σῷ
3595 5123 3716 5191 Θεῷ
3774 5134 3932 5174 πεποι-

2311 5202 2450 5272 θώς;
2476 5206 2510 5275 ἢ
2545 5204 2695 5261 ἀλλά
2725 5203 2895 5280 δεῖξον
2924 5209 3060 5281 ἡμῖν
3095 5205 3195 5263 εἷ’τι
3237 5208 3480 5283 χρηστὸν
3531 5214 3632 5277 τῆς
3683 5205 3774 5263 ἐπ’
3807 5206 3935 5263 αὐτὸν

2310 5290 2531 5355 ἐλπίδος
2562 5292 2889 5358 ἀπέλαυσας.
2927 5297 2986 5354 Ὀ
3035 5293 3092 5352 δὶ
3125 5314 3139 5329 ⁶
3191 5297 3436 5360 Μάταιος
3487 5297 3653 5357 αὐτὸς
3703 5298 3774 5365 εἶ’,
3811 5296 3941 5359 εὖθῦς

2310 5380 2660 5454 ἀπεκρίνατο,
2719 5384 2808 5438 καὶ
2867 5384 3004 5461 πέρα
3058 5386 3150 5440 καὶ
3217 5384 3383 5455 αὐτῆς
3441 5385 3820 5458 ματαιότητος
3868 5380 3937 5436 διιῖ

2310 5469 2571 5536 ἀπονοίας
2600 5472 2666 5527 τὰ
2695 5474 2762 5527 σὰ
2810 5478 2982 5549 κρῖμα
3024 5473 3269 5554 χαλεπὸν
3315 5474 3461 5530 οὕτω
3508 5475 3645 5530 κατᾶ
3687 5480 3791 5530 σοῦ
3843 5475 3939 5530 ἐπι-

2312 5558 2565 5637 φέροντα,
2597 5564 2683 5619 καὶ
2736 5564 2799 5620 τὸ
2847 5571 2947 5633 τῆς
3002 5563 3218 5640 γεέννης
3260 5564 3395 5620 κατᾶ
3423 5570 3523 5634 τῆς
3556 5570 3657 5635 σῆς
3707 5563 3934 5644 κεφαλῆς
