4142 6248
133 345 293 407 961

1197 334 1383 399 VITA
1432 335 1497 396 S.
1541 330 1912 393 GBEGORII
1957 331 2594 395 ILLUMINATORIS.

3478 332 3595 395 962

154 503 606 578 ἰπισωρεύοντα
657 494 808 575 πῦρ.’
846 496 986 572 Ἐγὼ
1040 493 1098 552 δὲ
1134 494 1369 561 πέποιθα
1410 492 1499 549 ἐπὶ
1546 498 1626 566 τῶ
1674 490 1852 569 Κυρίῳ
1882 534 1897 561 λ

2019 511 2068 551 s.
2104 496 2218 567 Ego
2270 497 2464 550 autem
2514 493 2743 550 confido
2792 493 2852 550 in
2895 492 3138 550 Domino
3180 510 3330 565 meo,
3365 496 3465 568 qui
3509 500 3597 553 est

169 616 325 669 μου,
386 594 448 657 ’ὀς
494 591 848 663 ἀντιλήπτωρ
903 607 1007 661 μου
1065 585 1177 641 ἐστὶ
1242 586 1330 640 καὶ
1386 585 1669 660 καταφυγή
1726 603 1854 655 μου,

165 687 281 741 καὶ
318 684 410 740 ἐπ’
442 682 591 753 αύτῷ
622 678 852 749 ἤλπισα.
876 681 997 735 Τῶν
1050 673 1107 730 δὲ
1160 675 1305 750 παρᾶ
1355 678 1450 728 σοῦ
1493 693 1587 745 μοι
1636 669 1856 726 διασπα-

1966 599 2130 639 meus
2162 584 2453 648 defensor,
2500 589 2553 637 et
2609 582 2896 653 refugium
2930 599 3119 639 meum
3155 601 3170 640 :
3201 588 3260 640 et
3290 583 3350 639 in
3394 583 3588 654 ipsum

1965 671 2206 741 speravi.
2236 671 2369 734 Quae
2418 678 2609 725 autem
2660 670 2802 724 mihi
2834 686 2866 725 a
2923 675 2977 725 te
3027 671 3321 726 leniantur
3366 688 3592 740 carnes,

177 767 558 851 ρασσομένων
614 772 824 843 σαρκῶν
883 764 1043 840 ὀλίγη
1104 782 1347 843 φροντις.
1407 763 1555 833 Ὂσῳ
1604 760 1730 851 γὰρ-
1764 759 1856 814 τὸν

2011 775 2172 813 arum
2224 768 2359 815 sunt
2402 758 2547 813 mihi
2596 775 2764 814 curae.
2798 758 3089 821 Quantum
3121 758 3274 814 enim
3327 765 3600 817 externus

179 861 301 935 ἔξω
348 865 515 933 ἡμῶΛ
564 857 872 933 φθείρεσθαι
918 852 1226 927 ἄνθρωπον,
1275 851 1521 923 τοσούτῳ
1569 850 1659 904 τὸν
1715 845 1860 902 ἔσω-

2012 856 2165 903 osler
2194 848 2589 917 corrumpitur
2618 846 2811 912 homo,
2845 853 3075 903 tantum
3100 848 3396 903 internum
3438 866 3602 905 reno-

183 965 284 1017 θεν
364 949 803 1017 ἀνακαινοῦσθαι,
868 942 957 998 καὶ
1016 939 1378 1013 διδασκόμεθα
1450 938 1537 994 καὶ
1604 934 1861 992 πιστεύο-

2011 935 2090 991 ari
2121 943 2174 990 et
2202 938 2478 991 docemur
2508 936 2529 970 ³
2559 938 2615 990 et
2653 936 2970 991 credimus.

195 1063 389 1186 μεῖίῖ.
459 1124 641 1199 Θυμὸς
708 1121 796 1178 ἐπὶ
834 1120 1048 1181 τούτοις
1116 1112 1382 1190 λαμϐάνει
1448 1116 1538 1170 τὸν
1612 1111 1861 1188 βασιλέα,

194 1219 300 1276 καὶ
334 1216 531 1291 πικρὸν
563 1218 642 1286 τῷ
676 1212 906 1286 μάρτυρι
939 1207 1152 1265 ἑνιδών.
1185 1203 1434 1274 Ἐπειδὴ,
1474 1203 1630 1275 φησὶ,
1662 1204 1724 1258 σὺ
1770 1204 1862 1276 μὶν

198 1289 644 1374 ἀνακαινίζεσθαι
703 1302 881 1368 εἶπας,
938 1300 1084 1371 ἡμᾶς
1134 1294 1192 1352 δὲ
1239 1294 1370 1371 πυρὶ
1416 1289 1658 1365 ἀσϐέστῳ
1708 1289 1868 1362 δοθή-

199 1407 399 1461 σεσθαι
433 1391 747 1464 ἠπειλήσω,
794 1387 922 1444 ἀλλ’
970 1385 1075 1461 ἰγώ
1126 1406 1183 1440 σε
1230 1384 1365 1446 τέως
1406 1387 1489 1455 τῷ
1531 1376 1869 1454 σϐεννυμένῳ

200 1485 400 1556 τούτῳ
476 1478 678 1550 διδάξω
738 1479 815 1552 μὴ
890 1475 1033 1532 οὕτω
1099 1478 1343 1548 φανερῶς
1433 1474 1531 1526 τοῦ
1596 1468 1867 1556 ἡμετέρου

204 1554 458 1650 κράτους
538 1563 1074 1636 καταυθαδιάζεσθαι.
1135 1561 1238 1619 Καὶ
1312 1558 1507 1650 αὐτίκα
1590 1554 1869 1650 μόλυϐδον

208 1644 436 1719 κελεύει
467 1654 663 1729 λέϐητι
705 1650 1051 1729 ἐμϐληθέντα
1106 1652 1346 1726 ίσχυρῶς
1385 1669 1445 1703 τε
1474 1646 1604 1723 ἄγαν
1654 1644 1870 1723 παφλά-

212 1774 333 1824 σαι,
373 1752 467 1807 καὶ
523 1749 657 1805 ὅλου
723 1745 1096 1821 καταχυθῆναι
1137 1746 1233 1798 τοῦ
1302 1741 1597 1815 μάρτυρος.
1648 1738 1721 1793 Τὸ
1774 1737 1871 1810 μὲν

217 1842 290 1914 δὴ
336 1841 414 1903 ὡς
455 1837 702 1897 ἐκέλευσε
746 1836 982 1912 γέγονεν.
1013 1834 1074 1890 Ὀ
1113 1830 1171 1887 δε
1218 1828 1391 1891 οὕτως
1435 1829 1551 1903 εἶχε
1587 1826 1873 1903 γενναίως,

221 1913 416 2006 ὥσπερ
491 1925 684 1984 ὕδατος
760 1922 907 1997 αὒτῷ
980 1925 1196 1997 ψυχροῦ
1260 1913 1690 1992 καταχεομὲνου.
1776 1915 1877 1969 Καὶ

222 2002 397 2076 τοῦτο
437 2016 634 2088 δῆλου,
701 2014 750 2085 ἐξ
818 2015 891 2069 ὢν
956 2011 1299 2090 φανερώτατα
1367 2008 1459 2080 μὲν
1521 2006 1620 2074 τὴν
1679 2002 1880 2060 ἐκείνου

228 2108 450 2184 ἤλεγχε
478 2104 689 2177 πλάνην
731 2104 859 2178 παρ’
888 2100 1048 2156 αὐτὸν
1086 2100 1179 2154 τὸν
1232 2104 1333 2166 τῆς
1381 2092 1614 2171 βασᾶνου
1669 2091 1880 2168 καιρόνο

230 2194 800 2274 πεπαρῥησιασμένως
865 2188 923 2245 δὲ
976 2194 1095 2252 τοῖς
1148 2190 1381 2261 παροῦσι
1436 2186 1526 2239 τὸν
1585 2188 1682 2252 τῆς
1737 2181 1885 2236 εὗσε-

236 2268 664 2349 ϐείαςύπέτεινε
719 2281 915 2355 λόγον’
966 2279 1050 2334 οἷς
1101 2274 1167 2346 δή
1228 2296 1333 2330 που
1382 2274 1470 2328 καὶ
1517 2268 1890 2347 ὑπερεκπλητ-

229 2379 468 2450 τόμενος
502 2374 530 2428 6
578 2370 892 2446 Ἀρμένιος,
940 2362 1269 2433 ἐσπούδαζεν
1321 2364 1382 2417 ἐκ
1434 2361 1634 2421 παντὸς
1680 2360 1887 2433 τρόπου

229 2447 496 2540 κερδῆσαι
547 2462 639 2516 τὸν
698 2456 887 2534 ἄνδρα,
943 2455 1034 2510 καὶ
1101 2452 1144 2508 εἰ
1210 2456 1409 2507 τούτου
1466 2448 1757 2523 ἀποτύχοι,
1825 2447 1891 2499 τὰ

232 2533 444 2630 ἔσχατα
474 2555 822 2624 ζημιωθῆναι
860 2543 923 2600 τό
954 2540 1250 2613 ἒλληνικὸν
1299 2537 1457 2612 ᾤετο.
1507 2533 1887 2591 Ὑποσκελίσαι

233 2623 419 2701 τοίνυν
498 2623 662 2701 αύτὸς
770 2632 1106 2710 βουλόμενος
1181 2628 1275 2684 καὶ
1348 2633 1449 2696 τῆς
1525 2623 1887 2700 στερρότητος

236 2735 451 2805 ἰκιίνης
506 2730 596 2786 καὶ
654 2734 756 2798 τῆς
812 2723 1115 2800 προθυμίας
1162 2719 1408 2788 ἐλκῦσαι,
1456 2714 1766 2805 κολακείαις
1830 2734 1889 2768 τε

239 2803 415 2881 αὐτὸν
482 2815 814 2891 ὑποδραμεῖν
892 2811 1231 2884 διεσκὲψατο,
1293 2808 1383 2861 καὶ
1459 2804 1724 2871 πλούτου,
1801 2803 1889 2856 καὶ

246 2912 490 2982 ἡδονῶν,
696 2909 888 2977 τιμῆς,
947 2901 1033 2954 καὶ
1094 2899 1310 2973 ἀγαθῶν
1367 2897 1472 2948 τῶν
1515 2890 1701 2946 ἄλλων
1763 2890 1893 2944 ὑπο-

251 3001 468 3079 σχέσεσι
500 2993 772 3051 δελεάσαι.
822 2987 1002 3047 Ἀλλὰ
1054 2984 1249 3060 μεταξύ
1298 3002 1382 3043 τις
1438 2984 1544 3035 τῶν
1588 2981 1895 3052 σατραπῶν·

778 3078 783 3079 ,
964 3073 1030 3079 ,μ
1276 3072 1289 3079 _
1380 3071 1392 3079 _
1488 3067 1543 3079 μ
1682 3067 1695 3079 ,
1746 3070 1772 3079 _
1868 3062 1895 3079 ν

253 3062 357 3145 ούκ
394 3081 563 3156 Qesn
595 3087 692 3156 ζῇν
733 3078 892 3135 αὐτὸν
924 3073 1047 3132 οὐδὲ
1075 3072 1293 3130 τουτονί
1341 3071 1432 3125 τὸν
1482 3067 1644 3137 ⁴ἥλιον
1675 3067 1827 3141 ὁρᾷν,
1860 3062 1903 3118 ὦ

258 3154 504 3253 βασιλεῦ,
581 3154 810 3244 λαμπρᾷ
874 3165 963 3221 καὶ
1030 3160 1373 3240 γεγωνοτέρᾳ
1410 3161 1522 3253 ,τῇι
1566 3162 1718 3253 φωνῇ
1758 3154 1903 3253 ἕνα·

2044 1024 2167 1080 XV.
2201 1025 2281 1079 Ex
2330 1023 2421 1078 his
2462 1023 2546 1080 ira
2594 1023 2830 1079 incessit
2868 1039 3083 1095 regem,
3114 1028 3169 1080 et
3203 1026 3407 1082 acerbe
3456 1042 3614 1081 mar-

1978 1119 2155 1187 tyrem
2177 1115 2411 1169 intuens
2435 1112 2999 1184 :Quoniam,inquit,
3016 1118 3079 1168 tu
3097 1114 3326 1183 quidem
3343 1113 3539 1170 dixisti
3562 1124 3613 1170 te

1976 1203 2260 1269 renovari,
2295 1218 2400 1257 nos
2429 1205 2623 1256 autem
2648 1200 2905 1256 minatus
2935 1217 2995 1256 es
3014 1217 3141 1257 esse
3163 1203 3470 1258 tradendos
3493 1202 3617 1275 igni

1980 1292 2076 1364 qui
2113 1308 2224 1346 non
2251 1294 2439 1362 potest
2469 1289 2783 1360 exstingui,
2814 1306 2921 1362 ego
2953 1289 3187 1345 interim
3221 1290 3347 1360 hoc,
3382 1292 3479 1362 qui
3510 1308 3618 1347 ex-

1980 1378 2323 1451 stinguitur,
2354 1381 2409 1434 te
2444 1377 2680 1443 docebo,
2715 1393 2786 1433 ne
2831 1377 2913 1434 sis
2951 1388 3073 1433 tam
3123 1385 3315 1449 aperte
3356 1378 3616 1435 insolens

1980 1467 2041 1523 in
2072 1474 2331 1522 nostram
2362 1465 2701 1537 potentiam.
2734 1465 2805 1520 Et
2832 1465 3277 1535 protinusjubet
3305 1466 3613 1537 plumbum

1979 1556 2039 1611 in
2072 1554 2316 1611 lebetem
2344 1554 2649 1623 injectum,
2682 1553 2845 1609 valde
2874 1554 3106 1610 incendi
3139 1570 3206 1611 ac
3230 1554 3535 1626 liquefieri,
3567 1559 3624 1610 et

1983 1649 2171 1701 totum
2203 1644 2261 1699 in
2312 1648 2623 1715 martyrem
2661 1643 2844 1714 injici.
2879 1645 3066 1715 Atque
3124 1643 3232 1698 hoc
3261 1644 3496 1715 quidem
3534 1643 3621 1699 sic

1987 1736 2206 1790 factum
2257 1735 2366 1799 est,
2398 1736 2465 1786 ut
2498 1731 2701 1802 jussit.
2738 1731 2835 1787 Ille
2891 1735 3085 1787 autem
3119 1748 3232 1787 non
3287 1732 3479 1787 minus
3511 1731 3624 1786 fuit

1984 1822 2118 1879 forti
2177 1827 2234 1879 et
2280 1836 2556 1894 generoso
2596 1821 2814 1887 animo,
2846 1835 3019 1892 quam
3069 1821 3119 1876 si
3169 1835 3319 1891 aqua
3377 1821 3435 1876 in
3487 1835 3620 1876 eum

1987 1912 2398 1969 etinnderetur.
2433 1909 2551 1965 Hoc
2600 1912 2794 1964 autem
2840 1909 2950 1964 fuit
2987 1924 3054 1963 ex
3083 1924 3149 1964 eo
3181 1908 3435 1976 evidens,
3468 1908 3627 1979 quod

1988 2002 2110 2073 ipse
2131 1998 2495 2072 apertissime
2526 1997 2761 2070 quidem
2793 1997 2951 2052 illius
2979 1997 3254 2068 arguebat
3282 2012 3536 2054 errorem
3565 1996 3625 2053 in

1992 2091 2117 2162 ipso
2139 2094 2397 2161 tempore
2417 2086 2691 2143 tormenti
2715 2101 2730 2141 :
2759 2085 2939 2142 libere
2963 2091 3154 2141 autem
3187 2090 3244 2141 et
3272 2085 3631 2141 confidenter

1994 2178 2067 2234 iis
2098 2177 2195 2250 qui
2226 2177 2471 2232 aderant
2500 2174 2842 2246 suggerebat
2869 2174 3107 2229 verbum
3133 2172 3382 2245 pietatis.
3408 2172 3632 2239 Quibus

1998 2266 2235 2336 quidem
2263 2264 2599 2319 mirandum
2631 2262 2689 2316 in
2722 2261 2961 2317 modum
2986 2261 3418 2330 obstupefactus
3447 2264 3635 2316 Arme-

2001 2358 2155 2423 nius,
2179 2354 2449 2410 studebat
2477 2368 2610 2408 eum
2635 2350 2873 2407 omnino
2894 2349 3269 2419 lucrifacere;
3295 2364 3430 2405 nam
3454 2347 3504 2405 si
3525 2348 3637 2404 hoc

2000 2462 2115 2502 non
2164 2446 2354 2514 posset
2399 2440 2646 2512 assequi,
2682 2439 2929 2511 putabat
2975 2438 3235 2509 gentium
3294 2436 3636 2510 religionem

2000 2548 2278 2604 magnum
2320 2546 2449 2585 esse
2496 2530 2779 2584 damnum
2820 2531 3210 2598 accepturam.
3244 2523 3460 2580 Volens
3501 2540 3639 2595 ergo

2002 2636 2131 2678 eum
2151 2617 2547 2691 supplantare,
2582 2619 2639 2672 et
2669 2616 2956 2671 abducere
2986 2614 3057 2669 ab
3093 2612 3193 2668 illa
3220 2612 3557 2667 infirmitate
3586 2616 3647 2668 et

2004 2705 2352 2772 constantia,
2375 2710 2762 2777 promptoque
2790 2705 2847 2758 et
2877 2700 3052 2757 alacri
3085 2699 3264 2756 animi
3297 2700 3512 2767 studio,
3543 2715 3644 2756 co-

2005 2796 2207 2868 gitavit
2250 2809 2383 2850 eum
2415 2791 2680 2865 pellicere
2715 2789 3015 2847 blanditiis
3045 2792 3100 2845 et
3133 2786 3645 2859 assentationibus,

2007 2883 2478 2953 divitiarumque,
2513 2880 2894 2951 voluptatum,
2927 2877 3164 2934 honoris
3194 2880 3252 2932 et
3273 2874 3520 2931 aliorum
3553 2877 3649 2932 bo-

2010 2986 2218 3027 norum
2250 2967 2554 3039 promissis
2583 2967 2864 3023 inescare.
2896 2966 3007 3021 Sed
3048 2964 3280 3021 interim
3312 2965 3549 3035 quidam
3582 2981 3651 3020 ex

2013 3061 2309 3132 satrapis:
2354 3064 2478 3116 Non
2517 3059 2651 3115 licet
2701 3058 2752 3114 ei
2790 3058 3001 3126 vivere,
3035 3070 3224 3127 neque
3263 3055 3419 3110 hunc
3466 3054 3649 3110 solem

2017 3154 2288 3226 aSpicere,
2321 3170 2353 3209 ο
2414 3168 2531 3219 rex,
2564 3151 2718 3207 clara
2756 3156 2813 3206 et
2872 3150 2990 3205 alta
3030 3164 3164 3205 voce
3214 3148 3491 3220 loquitur,
3514 3164 3648 3203 cum

596 3225 766 3314 παῖδα
789 3225 942 3310 ’ὄντα
981 3225 1077 3309 τοῖ’)
1108 3225 1372 3343 ’Πάρθουί
1410 3225 1590 3343 Ἀνᾶκ,
1648 3244 1706 3305 ’ὀς
1754 3239 1897 3313 δόλῳ

2018 3225 2096 3299 sit
2126 3242 2280 3297 filius
2329 3240 2523 3296 Parthi
2553 3241 2731 3303 Anac,
2761 3238 2861 3309 qui
2892 3237 3023 3292 dolo
3067 3241 3283 3307 patrem
3317 3244 3479 3290 tuum
3510 3238 3649 3289 Cur-

254 3332 315 3410 τε
349 3353 443 3408 τὸν
499 3350 591 3405 σὸν
646 3346 850 3420 πατέρα
920 3340 1183 3415 Κουσαρὼ
1241 3334 1438 3405 ἀνεῖλε,
1505 3332 1594 3388 καὶ
1632 3337 1713 3404 τῷ
1773 3337 1905 3405 Περ-

259 3447 365 3500 σῶν
412 3441 654 3515 τυραννῷ
720 3431 1087 3509 αἰχμάλωτον
1144 3432 1315 3483 πᾶσαν
1370 3424 1737 3493 κατεστήσατο
1804 3422 1903 3490 τήν

262 3534 354 3607 Ἀρ
366 3528 565 3603 μενίαν.

502 3616 721 3674 Τούτων
805 3610 1102 3667 ἀκούσαντα
1166 3601 1471 3679 Τηριδάτην
1546 3596 1780 3674 σφοδρός
1854 3618 1911 3652 τε

275 3708 403 3783 ὑπὲρ
433 3710 530 3761 τοῦ
586 3702 790 3776 πατρὸς
851 3696 1023 3753 εἰσέδυ
1084 3694 1274 3765 ζῆλος*
1334 3691 1425 3747 καὶ
1482 3688 1637 3748 εὐθὺς
1693 3685 1909 3742 πάντων

274 3798 343 3851 ὧν
372 3776 450 3871 ἔφ’
490 3793 684 3848 ἑαυτοῦ
728 3788 1008 3843 ἐσκοπεῖτο
1052 3781 1230 3854 λήσην
1280 3778 1370 3836 διὰ
1414 3779 1476 3833 τὸ
1524 3780 1775 3851 πατρῷον
1823 3776 1911 3829 αἷ-

278 3905 348 3959 μα
411 3863 620 3951 λαϐὼν,
672 3877 880 3935 κελεύει
950 3874 1162 3939 δεθέντα
1226 3874 1317 3926 τὸν
1384 3871 1561 3944 ἅγιον,
1622 3863 1905 3959 τράχηλον

274 3954 358 4029 καὶ
399 3977 591 4052 χεῖρας
631 3971 743 4043 ἅμα
771 3967 860 4021 καὶ
908 3961 1079 4027 πόδας
1111 3965 1211 4052 ,τῷ
1246 3959 1403 4052 Δπαρα
1565 3954 1723 4011 πόλει
1768 3955 1912 4052 ζΑρ-

274 4043 617 4133 ταξᾷ1λάτκκῳ
667 4055 909 4126 δοθῆναι.
972 4054 1033 4111 Ὁ
1106 4049 1164 4106 δὲ
1236 4049 1303 4118 ἦν
1372 4048 1400 4102 6
1465 4043 1667 4108 λάκκος
1733 4044 1913 4133 οὗτος,

279 4157 500 4228 πρᾶγμα
555 4148 645 4203 καὶ
703 4146 932 4202 ἀκοῦσαι
973 4137 1145 4218 φόϐου
1197 4139 1413 4213 μεστὸν,
1481 4133 1714 4204 σεσηπὸς
1785 4130 1915 4206 βόρ-

282 4218 441 4318 ϐορος
473 4240 539 4295 τὰ
584 4233 757 4307 ἔνδον,
815 4235 906 4289 καὶ
959 4228 1172 4287 ἱοϐόλοι
1236 4225 1386 4303 ὄφεις
1453 4224 1543 4318 καῖ
1609 4218 1919 4318 σκυὲληκες,

280 4331 365 4386 καὶ
424 4330 635 4384 πάντων
703 4326 800 4380 ὅσα
873 4322 1011 4376 κατὰ
1084 4325 1189 4395 γῆς
1258 4315 1435 4389 ἓρπει,
1513 4302 1787 4395 διατριϐὴ,
1863 4305 1922 4360 ἐκ

283 4418 489 4477 πολλοῦ
540 4421 656 4475 τοῖς
700 4409 1008 4485 Ἀρμενίοις
1050 4391 1124 4467 είς
1172 4402 1413 4457 ἐπίνοιαν
1458 4392 1690 4477 φοϐερᾶς
1740 4391 1918 4449 κολά-

287 4527 412 4567 σεως
471 4482 927 4579 διορωρυγμένος.
986 4495 1074 4549 καὶ
1121 4488 1337 4550 οὐδενὸς
1386 4487 1491 4561 πρὸ
1546 4488 1641 4539 τοῦ
1697 4482 1918 4537 πώποτε

2013 3348 2142 3390 saro
2173 3328 2484 3393 interfecit,
2501 3331 2556 3383 et
2586 3329 2892 3383 Persarum
2916 3330 3158 3396 tyranno
3180 3328 3353 3379 totam
3372 3322 3652 3394 captivam

2018 3421 2273 3480 reddidit
2304 3417 2665 3475 Armeniam.

2089 3598 2228 3655 XVI.
2252 3597 2381 3654 Haec
2412 3612 2545 3652 cum
2565 3592 2845 3652 audiisset
2863 3591 3181 3661 Teridates,
3206 3606 3337 3647 eum
3365 3607 3468 3662 pro
3490 3594 3653 3663 patre

2018 3688 2194 3744 subiit
2231 3685 2542 3742 vehemens
2590 3682 2748 3739 zelus
2794 3698 2809 3738 :
2858 3686 2915 3737 et
2946 3680 3143 3737 statim
3199 3679 3487 3746 omnium,
3526 3695 3656 3750 qua

2018 3776 2168 3849 apud
2205 3792 2267 3831 se
2296 3773 2610 3846 cogitabat,
2644 3786 2778 3826 eum
2820 3772 2992 3841 caspit
3029 3767 3242 3825 oblivio
3289 3772 3525 3839 propter
3554 3784 3658 3839 pa—

2018 3868 2247 3919 ternum
2275 3859 2643 3931 sanguinem.
2673 3857 2849 3912 Jubet
2885 3858 3079 3910 autem
3112 3859 3378 3910 sanctum
3409 3852 3654 3924 ligatum

2022 3950 2190 4015 collo,
2220 3948 2393 4004 simul
2424 3951 2483 4003 et
2514 3944 2786 4002 manibus
2808 3948 2864 3999 et
2886 3940 3341 4015 pedibus,dejici
3363 3941 3421 3995 in
3444 3941 3659 4008 lacum,

2025 4041 2126 4113 qui
2156 4047 2241 4095 est
2299 4038 2357 4094 in
2389 4036 2620 4092 civitate
2652 4037 2898 4089 Artaxat.
2940 4031 3075 4085 Erat
3125 4035 3315 4085 autem
3350 4029 3443 4084 hic
3500 4028 3661 4085 lacus

2026 4144 2119 4183 res
2150 4126 2235 4182 vel
2267 4126 2390 4182 solo
2424 4123 2619 4179 auditu
2663 4120 2935 4178 terribilis
2972 4137 2986 4175 :
3020 4118 3402 4188 putrefactum
3435 4134 3663 4174 omnum

2029 4214 2282 4270 habebat
2310 4211 2683 4275 intrinsecus,
2704 4216 2756 4263 et
2783 4211 3097 4263 venenatos
3129 4214 3423 4276 serpentes
3454 4210 3511 4260 et
3541 4223 3665 4262 ver-

2031 4321 2175 4371 mes,
2207 4306 2263 4359 et
2292 4305 2415 4358 erat
2462 4298 2857 4355 habitaculum
2889 4296 3147 4352 omnium
3180 4312 3304 4366 quas
3335 4300 3578 4367 serpunt
3606 4295 3666 4351 in

2029 4395 2222 4464 terris,
2248 4393 2373 4462 jam
2403 4388 2541 4445 olim
2565 4388 2637 4443 ab
2654 4385 2944 4443 Armeniis
2965 4385 3208 4441 effossus
3233 4385 3305 4439 ad
3336 4384 3671 4456 excogitan-

2034 4485 2174 4539 dum
2227 4477 2489 4537 terribile
2526 4474 2900 4549 supplicium.
2932 4474 3294 4547 Quapropter
3334 4489 3404 4529 ex
3460 4472 3529 4529 iis
3568 4473 3669 4544 qui

287 4600 387 4653 τῶν
431 4593 481 4648 ἰν
542 4559 691 4661 αὑτῶ
723 4559 1086 4663 ’βληθέντωη
1144 4580 1250 4654 οὐχ
1280 4559 1438 4637 ὅπως.
1486 4573 1585 4629 ούκ
1633 4568 1891 4627 ἂναδύντο

2032 4572 2091 4627 in
2123 4585 2257 4627 eum
2289 4574 2455 4624 antea
2477 4564 2677 4636 injecti
2710 4564 2960 4631 fuerant,
2992 4579 3108 4618 non
3142 4562 3313 4618 modo
3356 4577 3472 4617 non
3509 4559 3673 4615 illinc

292 4684 503 4748 ἰκεὶθεν,
571 4675 698 4733 ἀλλ’
752 4661 906 4730 ήοόδι
970 4670 1047 4735 εἷς
1110 4667 1319 4744 ἡμέραν
1392 4663 1528 4733 ὅλην
1580 4661 1921 4735 ἀρκέσαντος.

292 4775 380 4843 Τῷ
406 4770 640 4839 τοιούτῳ
666 4765 845 4821 τοίνυν
874 4761 1060 4832 λάκκῳ
1112 4759 1243 4832 μετᾶ
1298 4754 1392 4817 τὰς
1439 4750 1654 4813 πολλὰς
1696 4748 1924 4808 ἐκνείνας

295 4838 378 4917 καί
444 4838 884 4930 ἂνυπερϐλήτους
940 4850 1136 4924 κατᾶγε
1198 4847 1290 4901 τὸν
1352 4848 1454 4913 τῆς
1511 4839 1699 4900 κακίας
1758 4838 1926 4930 λόγον

297 4924 622 5007 ἐπιϐουλὰς.
665 4944 693 4995 6
768 4942 911 5014 ἱερὸς
987 4933 1369 5012 ἐναποῤῥιφεὶς
1443 4930 1765 5005 Γρηγόριος,
1841 4924 1926 4980 ἐπὶ

297 5036 544 5107 τέσσαρας
577 5030 738 5093 δλους
787 5028 922 5103 πρὸς
966 5029 1081 5088 τοῖς
1124 5022 1250 5079 δέκα
1302 5021 1534 5096 χρόνους
1582 5017 1650 5089 τῇ
1697 5014 1929 5078 ἐντεῦθεν

300 5124 671 5191 ἐπολιορκεῖτο
726 5117 978 5173 κακώσει.
1046 5113 1185 5180 Γυνή
1232 5109 1289 5165 δέ
1333 5130 1416 5171 τις
1476 5106 1707 5181 συζύγου
1755 5121 1930 5177 κεχη-

303 5213 534 5293 ρωμένη,
580 5210 725 5286 παρὰ
768 5211 850 5279 τῷ
891 5204 1122 5280 Ἀρταξᾷ
1169 5198 1411 5293 φρουρίῳ
1462 5196 1703 5263 οἰκοῦσα,
1754 5191 1933 5293 δήξεως

303 5280 429 5380 αὐτῇ
502 5280 670 5367 θείας·
723 5293 847 5372 ὄναρ
922 5292 1293 5371 ἐπιφανείσης,
1370 5287 1533 5380 ἄρτου
1600 5304 1659 5380 τι
1730 5280 1934 5380 τρύφος

304 5370 520 5462 ἑκάστης
566 5387 776 5464 ἡμέρας
821 5370 908 5445 εἰς
955 5370 1047 5438 τὸν
1105 5379 1302 5436 λάκκον
1356 5375 1526 5464 ἠφίει·
1556 5373 1711 5464 ,ὅπερ
1757 5370 1931 5464 τροφῇ

304 5487 377 5556 τῷ
480 5477 729 5555 μακαρίῳ
828 5474 1129 5548 γινόμενον,

346 5612 396 5691 7⁸
425 5655 473 5713 ΙΙ
505 5654 631 5711 Cor.
666 5668 814 5713 xm.
850 5651 935 5706 16.

1233 5458 1571 5538 ἀνελάμϐανε
1658 5480 1717 5516 τε
1789 5457 1935 5530 αύτῷ

2034 4661 2191 4719 ullus
2222 4657 2476 4725 emersit,
2510 4655 2612 4712 sed
2643 4669 2747 4709 nec
2778 4657 2895 4709 toto
2926 4653 3161 4725 quidem
3195 4652 3287 4709 die
3323 4652 3532 4706 durare
3573 4665 3673 4720 po-

2034 4751 2164 4806 tuit.
2198 4750 2261 4805 In
2294 4747 2452 4804 hunc
2484 4761 2618 4817 ergo
2647 4744 2860 4812 lacum,
2887 4746 3019 4815 post
3039 4740 3254 4796 multos
3283 4739 3412 4795 illos
3431 4742 3487 4795 et
3508 4738 3674 4794 insu-

2043 4836 2348 4912 perabiles,
2363 4836 2513 4908 quod
2529 4833 2731 4889 attinet
2748 4832 2818 4886 ad
2835 4830 2951 4886 vitii
2969 4829 3274 4892 rationem,
3289 4826 3677 4893 insultus,sa-

2040 4923 2634 4995 crosanctusinjectus
2674 4919 3004 4989 Gregorius,
3036 4920 3279 4987 quatuor
3296 4913 3483 4970 decim
3514 4916 3669 4969 totos

2040 5030 2222 5073 annos
2278 5013 2621 5084 nimia,quae
2663 5007 2823 5065 illinc
2868 5002 3579 5070 oriebatur,obsidebatur
3598 5002 3682 5059 af-

2042 5102 2606 5167 ﬂictione.Quasdam
2639 5102 2833 5155 autem
2878 5094 3089 5150 mulier
3135 5092 3370 5147 viduata
3407 5091 3676 5162 conjuge,

2043 5210 2167 5266 quas
2198 5191 2498 5247 habitabat
2544 5188 2605 5244 in
2655 5184 2919 5257 praesidio
2949 5184 3204 5251 Artaxat,
3235 5196 3370 5236 cum
3400 5180 3453 5235 ei
3495 5195 3677 5251 appa-

2044 5282 2253 5338 ruisset
2283 5279 2448 5345 visio,
2471 5276 2705 5347 aliquod
2728 5276 2974 5329 frustum
2997 5270 3164 5344 panis
3186 5268 3445 5342 quotidie
3464 5267 3524 5323 in
3543 5283 3678 5323 eum

2043 5370 2415 5427 immittebat.
2448 5366 2608 5433 Quod
2642 5363 2871 5436 quidem
2901 5377 3034 5417 cum
3059 5364 3215 5418 esset
3237 5359 3398 5415 beato
3425 5356 3674 5413 alimen-

2043 5465 2191 5529 tum,
2225 5456 2516 5514 recreabat
2543 5454 2595 5511 ei
2625 5468 2854 5526 corpus,
2886 5451 3041 5527 quod
3073 5449 3454 5518 laboraverat,
3478 5458 3530 5503 st
3557 5460 3675 5503 non
