4142 6248
477 262 591 323 963

1760 246 2043 311 MENSIS
2090 239 2581 304 SEPTEMBEB.
3831 230 3917 291 964

477 420 707 478 sinebat
732 434 866 476 eum
897 415 1135 475 omnino
1167 413 1431 472 deﬁcere.
1462 411 1571 470 Sed
1604 408 1896 469 narranda
1925 404 2111 463 multa

2231 419 2529 468 πεπονηκος
2561 398 2623 454 τὸ
2670 402 2853 471 σῶμα,
2906 394 2996 454 καὶ
3064 397 3256 453 τὲΑεον
3312 392 3617 452 ἐκλιπεῖν
3686 388 3795 444 οὖκ
3843 389 3923 450 εἷς.

478 509 717 582 reliquit
750 506 1098 576 oratio,cum
1125 521 1199 561 ne
1226 502 1523 558 tantillum
1552 500 1725 557 vellet
1754 495 2049 554 discedere
2079 509 2113 549 ε

480 600 587 656 viri
620 600 917 655 memoria.
958 592 1137 651 Nobis
1168 593 1348 665 igitur
1389 590 1796 647 revertendum
1827 590 1916 643 est
1944 584 2016 641 ad
2048 599 2115 639 ea

481 706 608 762 qua
640 688 910 755 deinceps
939 686 1267 754 sequuntur
1293 681 1352 735 in
1386 679 1655 735 historia.

550 776 726 834 XVII.
760 775 1056 831 Teridates
1113 787 1250 843 ergo
1295 770 1609 825 arbitratus
1676 783 1739 822 se
1794 762 2115 821 inevitahiIi

482 867 651 922 morti
686 864 917 919 dedisse
959 864 1212 932 justum,
1244 875 1377 914 cum
1411 862 1565 914 esset
1606 857 1808 927 utique
1837 854 2027 909 hiems
2058 856 2116 908 et

481 956 689 1027 frigus,
722 953 845 1023 ipse
878 948 1098 1006 accedit
1143 947 1216 1003 ad
1264 950 1480 1018 regiam
1530 944 1919 1002 Armenicam.
1952 940 2115 997 Illinc

483 1050 674 1100 autem
724 1040 1144 1112 expeditionem
1192 1036 1435 1108 suscipit
1477 1036 1747 1090 adversus
1795 1035 2025 1098 Persas,
2059 1034 2118 1085 et

485 1146 681 1187 eorum
715 1127 1103 1200 populabatur
1132 1125 1423 1195 regionem
1460 1139 1474 1178 :
1506 1127 1564 1178 et
1597 1120 1823 1191 trajecit
1851 1121 1910 1174 in
1941 1122 2115 1189 Assy-

485 1222 655 1285 riam,
686 1226 740 1273 et
778 1217 916 1270 vicit
946 1230 1210 1287 pugnans
1250 1212 1536 1284 singulari
1568 1209 1903 1276 certamine,
1934 1212 1992 1262 et
2017 1221 2119 1262 ce-

484 1307 658 1364 lebris
701 1313 820 1361 erat
852 1308 1080 1374 propter
1109 1318 1199 1357 res
1228 1301 1301 1355 ab
1344 1317 1409 1356 eo
1441 1304 1633 1372 gestas
1661 1304 1813 1354 recte
1844 1301 1901 1353 et
1937 1294 2117 1351 felici-

486 1402 592 1452 ter.
626 1393 1135 1449 Verumenimvero
1180 1390 1322 1455 Iovi,
1356 1389 1551 1445 Dianae
1582 1392 1638 1443 et
1687 1385 1914 1443 Herculi
1962 1384 2121 1440 attri-

487 1484 705 1540 buehat
733 1482 1055 1537 victoriam.
1074 1479 1272 1550 Neque
1292 1494 1427 1533 vero
1449 1477 1507 1532 in
1531 1476 1647 1531 illis
1665 1473 1924 1532 colendis
1945 1488 2119 1529 suum

488 1575 715 1627 tantum
774 1567 1027 1639 ponebat
1080 1564 1365 1630 studium,
1435 1564 1531 1619 sed
1590 1563 1765 1619 etiam
1845 1561 2121 1616 adversus

487 1658 847 1716 Christianos
904 1656 1065 1727 ipsos
1120 1659 1177 1709 et
1229 1653 1591 1725 impietatem
1648 1650 2018 1707 vehementer
2064 1652 2121 1703 et

491 1749 693 1805 insane
721 1745 998 1819 spirabat.
1029 1744 1108 1800 Eo
1138 1747 1330 1800 autem
1362 1748 1643 1814 tempore,
1666 1740 1818 1813 quod
1845 1740 2115 1795 interces-

489 1839 586 1905 sit,
618 1835 719 1908 qui
749 1835 1071 1891 Romanam
1096 1847 1409 1904 purpuram
1432 1846 1546 1886 non
1571 1828 2115 1894 feliciterinduerat,

489 1924 876 1983 Diocletianus
907 1937 1142 1979 uxorem
1175 1922 1381 1977 ducere
1411 1920 1659 1987 volebat,
1690 1922 1747 1973 et
1774 1916 2124 1988 procurabat

490 2014 601 2070 sibi
634 2012 1096 2069 matrimonium.
1128 2014 1269 2065 Cum
1301 2012 1497 2064 autem
1526 2007 1680 2077 apud
1703 2006 1898 2078 ipsum
1928 2008 2123 2060 essent

491 2119 695 2160 omnes
733 2114 928 2172 patres
953 2100 1053 2172 qui
1085 2099 1319 2155 alebant
1349 2097 1620 2169 virgines,
1662 2100 1738 2165 et,
1776 2100 1838 2151 ut
1874 2095 1927 2150 ei
1957 2110 2119 2150 suam

491 2191 893 2262 desponderet,
952 2203 1221 2258 unusque
1267 2185 1429 2243 valde
1487 2184 1810 2252 moliretur,
1876 2182 1974 2239 ille
2033 2182 2123 2239 his

489 2283 762 2340 omnibus
785 2279 1109 2352 praeteritis,
1125 2284 1434 2349 postquam
1458 2275 1517 2330 in
1549 2277 1801 2346 quadam
1819 2291 1886 2330 ex
1907 2273 1979 2329 iis
1997 2288 2121 2342 qua

488 2373 618 2441 ejus
647 2370 924 2442 parebant
952 2366 1192 2438 imperio
1222 2365 1557 2421 civitatibus
1588 2362 1870 2419 intellexit
1899 2365 2123 2418 sancta-

490 2475 623 2514 rum
680 2456 967 2527 virginum
1026 2454 1269 2511 chorum
1328 2452 1580 2509 exerceri
1626 2453 1686 2506 in
1745 2449 2119 2515 monasterio,

491 2547 704 2619 quibus
734 2544 977 2616 praeerat
1015 2543 1247 2612 quidem
1281 2541 1497 2596 Gaiana
1531 2556 1546 2594 :
1580 2541 1733 2594 inter
1762 2538 1895 2593 illas
1925 2541 2120 2592 autem

492 2650 665 2691 unam
698 2647 843 2695 esse,
868 2630 1185 2701 Ripsimem
1220 2634 1504 2693 vocatam,
1534 2632 1591 2682 et
1619 2628 1689 2683 ad
1722 2627 1851 2698 ipsa
1880 2624 2121 2691 Gaiana,

491 2739 622 2779 cum
649 2722 829 2776 ambae
846 2725 1042 2776 essent
1059 2716 1365 2773 Christiani
1390 2716 1620 2789 generis
1639 2720 1696 2772 et
1711 2714 2030 2782 sanguinis,
2062 2714 2120 2768 in

491 2812 704 2883 pietate
732 2810 1035 2865 educatam
1068 2811 1242 2878 atque
1271 2806 1725 2877 eruditam,quaa
1756 2803 1907 2859 sicut
1931 2803 2123 2875 specie

490 2900 747 2965 virtutis,
781 2896 862 2952 ita
908 2896 1082 2952 etiam
1116 2894 1551 2967 pulchritudine
1581 2895 1840 2964 corporis
1869 2896 1991 2947 erat
2020 2892 2126 2947 ad-

494 2988 735 3044 modum
768 2985 1015 3056 insignis
1049 3000 1062 3038 :
1094 2984 1181 3038 vel
1212 2983 1338 3053 ipsa
1367 2984 1497 3053 ejus
1527 2982 1776 3052 imagine
1814 2982 2127 3053 imperator

2222 486 2396 547 ⁹Δλλὰ
2424 487 2728 565 προφθάνει
2769 489 2870 558 τήν
2921 485 3249 551 ἀκολουθίαν
3303 487 3332 541 ὁ
3372 483 3635 561 λόγος,
3702 480 3785 551 μή
3834 480 3928 534 ia-

2224 580 2411 646 στῆναι
2444 564 2588 647 μηδὲ
2630 577 2807 652 βραχὺ
2855 582 2956 646 τῆς
3004 580 3100 631 τοῦ
3148 573 3343 649 ἀνδρὸς
3384 573 3686 647 μνήμης
3740 564 3927 628 ἑθὲλε-ε.

2222 668 2368 739 Ημῖν
2400 663 2457 721 δὶ
2481 666 2615 741 πρὸς
2646 664 2712 719 τὰ
2750 666 2871 735 ἑξῆς
2901 662 3175 720 ἐπανιτέον
3203 671 3305 733 τῆς
3336 661 3676 737 ἱστορίας.

2295 757 2390 812 ΙΖ’.
2431 752 2746 829 Τηριδάτης
2820 755 3004 809 τοίνυν
3080 753 3289 826 θανάτῳ
3380 747 3801 827 παραδοῦναι
3866 750 3929 805 τὲτ
3974 760 3977 829 γ

2224 842 2430 899 δίκαιον
2458 843 2677 921 ἀφύκτῳ
2704 843 2952 916 νομίσας,
3003 846 3282 917 χειμῶνος
3339 839 3412 912 δή
3490 860 3639 895 που
3711 859 3932 893 συνιστα-

2229 931 2392 1005 μένου
2438 933 2525 987 καὶ
2588 931 2957 1008 διαψύχοντος
2999 931 3161 992 αὐτος
3217 929 3303 985 ἐπὶ
3370 935 3507 986 τῶν
3589 929 3929 1003 Ἀρμεναιὶη

2229 1022 2518 1097 βασιλείων
2578 1021 2798 1095 παρῄει.
2855 1023 3095 1083 Ἐκεῖθεν
3152 1016 3210 1074 δὶ
3255 1018 3343 1074 ἐπὶ
3397 1018 3665 1093 Πέρσας
3736 1016 3931 1087 ἐκστρα-

2222 1116 2383 1179 τεύει,
2418 1116 2507 1170 καὶ
2538 1117 2639 1185 τήν
2668 1135 2727 1170 τε
2776 1116 2963 1189 χώραν
3014 1114 3191 1168 αὐτῶν
3239 1115 3613 1189 κατὲτρεχε,
3684 1112 3790 1166 καὶ
3829 1115 3935 1186 πρὸς

2224 1208 2322 1274 τὴν
2382 1204 2680 1278 ’Δσσυρίων
2750 1199 3005 1273 διέϐαινε,
3074 1204 3167 1258 καὶ
3236 1206 3637 1278 μονομαχῶν

2224 1294 2313 1349 καὶ
2342 1292 2515 1355 πολὺς
2566 1293 2631 1362 ἦν
2690 1298 2807 1354 τοῖς
2876 1292 3221 1367 εὐτυχήμασι
3293 1291 3383 1347 καί
3440 1298 3604 1355 ταῖς
3690 1270 3991 1367 ἄνδραγειξ

2228 1386 2392 1447 θίαις.
2430 1354 2600 1453 Πλὴν¹
2639 1384 2786 1439 ἀλλᾶ
2843 1384 2926 1439 Διὶ
3137 1382 3425 1457 Ἀρτέμιδι
3485 1354 3613 1440 καῖ
3685 1354 3934 1458 ’Βέροιλεῖ

2224 1473 2291 1529 τὰ
2320 1480 2420 1542 τῆς
2468 1472 2622 1542 νίκης
2677 1472 2930 1530 ἀνετίθει.
2997 1471 3219 1544 ’Δμέλει
3273 1473 3363 1527 καὶ
3419 1470 3588 1529 οὐδὲ
3657 1473 3800 1545 περὶ
3855 1476 3930 1539 τῆν

2227 1560 2443 1616 ἐκείνων
2506 1563 2671 1635 μόνον
2732 1560 2975 1616 ἐπονεῖτο
3032 1562 3340 1634 θεραπείαν,
3398 1560 3587 1617 ἀλλὰ
3652 1562 3760 1617 καὶ
3818 1567 3927 1616 δια-’.ἐι

2228 1653 2564 1725 Χριστιανῶν
2622 1650 2795 1705 αὐτῶν
2852 1648 2943 1704 καὶ
2997 1652 3097 1714 τῆς
3152 1645 3430 1713 εὒσεόείας
3499 1649 3724 1705 δεινὸν
3801 1651 3925 1706 ἔπνεε

2228 1738 2318 1793 καὶ
2353 1741 2600 1811 μανικόν.
2632 1741 2737 1797 Τὸν
2781 1736 2839 1794 δὲ
2888 1738 3085 1811 μεταξὺ
3142 1739 3334 1795 τούτον
3380 1738 3626 1815 χρόνον
3681 1741 3791 1810 τήν
3845 1742 3921 1814 βε-

2227 1825 2445 1897 σιλικήν
2499 1824 2794 1903 ἁλουργίδα
2844 1827 3133 1900 Ῥωμαίων
3202 1827 3302 1883 οὐκ
3369 1828 3667 1904 εὐτυχῶς
3719 1826 3923 1904 περιϐι-

2229 1915 2464 1991 λὸμενος
2519 1917 2907 1986 Διοκλητιανὸς
2958 1918 3188 1993 γυναῖκα
3240 1938 3300 1973 τε
3346 1917 3690 1994 ἀγαγέσθαι
3743 1919 3914 1988 ἤθελε,

2227 2006 2315 2061 καὶ
2374 2003 2697 2076 ἐσπούδαζεν
2752 2007 2925 2078 ἑαυτῷ
2963 2006 3057 2060 τὸν
3115 2006 3315 2081 γάμον.
3368 2006 3480 2063 Καὶ
3552 2005 3638 2077 δὴ
3710 2009 3911 2064 πάντων

2229 2095 2347 2151 ὅσοι
2378 2092 2673 2170 παρθένους
2724 2090 2944 2173 ἔτρεφον
2994 2096 3219 2171 πατέρες
3265 2100 3391 2169 παρ’
3443 2098 3645 2153 αὐτὸν
3700 2098 3902 2167 ἰόντων,

2228 2187 2313 2242 καὶ
2351 2184 2501 2248 ὅπως
2542 2187 2719 2257 τούτῳ
2760 2188 2862 2255 τήν
2910 2186 3103 2242 ἑαυτοῦ
3148 2183 3372 2249 ἕκαστος
3423 2186 3725 2262 ἐγγυήσοι
3773 2188 3899 2244 πολ-

2230 2274 2335 2343 λῆς
2366 2275 2647 2349 μηχανῆς,
2677 2272 2996 2349 γενομένης,
3026 2275 3202 2337 πάσας
3233 2274 3434 2338 ἐκεῖνος
3489 2276 3886 2352 παραδραμὼν,

2228 2361 2414 2432 ἐπειδή
2474 2365 2619 2438 παρά
2684 2384 2792 2419 τινι
2857 2368 2962 2419 τῶν
3028 2363 3119 2419 ὕπ’
3181 2363 3343 2420 αὐτὸν
3412 2366 3658 2422 πόλεων
3737 2368 3883 2442 ἁγίων

2228 2453 2501 2527 παρθένων
2567 2453 2736 2528 χορὸν
2794 2451 2847 2508 ἕν
2907 2454 3254 2528 μοναστηρίῳ
3334 2455 3635 2511 ἀσκεῖσθαι
3706 2455 3865 2529 μάθοι,

2228 2539 2303 2593 ὧν
2343 2540 2538 2609 Γαῖανὴ
2594 2540 2687 2612 μὲν
2735 2543 3107 2613 προειστήκει,
3155 2546 3224 2616 τῇ
3274 2539 3332 2597 δὲ
3386 2543 3481 2598 ὑπ’
3538 2545 3707 2615 αὐτῆς
3746 2566 3855 2619 rp:-

2227 2629 2384 2705 φείσῃ
2417 2629 2505 2682 καὶ
2536 2626 2882 2705 παιδευθείσῃ
2924 2630 3155 2704 Ῥιψίμη
3188 2629 3364 2704 ὄνομα
3411 2634 3511 2702 ἦν,
3566 2638 3835 2707 Χριστιωῆ

2229 2722 2323 2792 μὶν
2366 2718 2597 2794 α’ίματος
2643 2720 2808 2798 ἄμφω
2856 2723 2946 2777 καὶ
2976 2723 3182 2799 γὲνους,
3227 2726 3261 2793 ἡ
3297 2721 3353 2778 δὲ
3401 2726 3815 2800 Ῥιψίμτμῶπεᾳ

2226 2808 2421 2883 ἀρετὴς
2451 2808 2589 2885 ὥρᾳ,
2622 2808 2763 2865 οὕτω
2796 2809 2862 2880 δὴ
2888 2811 2977 2865 γαὶ
3009 2812 3262 2880 σώματος
3295 2810 3499 2869 κάλλει
3538 2811 3834 2879 διαόεὲιιόᾳο.

2230 2895 2455 2966 Ἐπειδὴ
2486 2899 2669 2953 τοίνυν
2698 2901 2764 2954 τὰ
2792 2899 2929 2953 κατά
2967 2904 3068 2969 τήν
3100 2902 3363 2974 Ῥιψίμην
3414 2901 3680 2971 ἐπύθετο,
3716 2902 3851 2963 ἄλλος

2232 3008 2291 3042 τε
2344 2989 2431 3041 καὶ
2491 2991 2601 3043 τῶν
2674 2987 2969 3066 ζωγράφων
3036 2990 3184 3050 τινὸς
3259 2989 3407 3063 αὖτῷ
3465 2989 3857 3067 διαγράψαντος.

494 3090 795 3145 accensus,
825 3089 1000 3145 quam
1032 3073 1100 3127 ad
1139 3088 1270 3128 eum
1321 3071 1608 3143 depictam
1642 3071 1883 3144 quidam
1941 3070 2123 3142 pictor

2233 3079 2297 3131 τὸ
2327 3082 2428 3145 τῆς
2457 3076 2719 3149 Ῥιψίμης
2770 3074 2934 3143 εἶδος,
2974 3077 3064 3132 καὶ
3094 3078 3199 3154 γὰρ
3226 3080 3316 3134 καὶ
3348 3081 3382 3148 ἡ
3416 3080 3588 3135 εἰκὼν
3634 3078 3859 3153 ἆνέολεγι

494 3139 791 3230 attulerat,
817 3139 1001 3234 ipsam
1050 3161 1279 3215 amabat
1329 3139 1859 3230 vehementissime,
1889 3139 1960 3216 et—
1990 3160 2123 3215 aﬂ‘e-

2236 3166 2298 3219 τὸ
2338 3166 2502 3237 μέρος
2549 3165 2729 3233 αὐτὸν,
2778 3166 3083 3239 θερμότατα
3126 3139 3184 3222 τὲ
3229 3166 3397 3237 αὐτῆς
3449 3165 3586 3244 ἤρα.
3644 3143 3747 3227 Καὶ⁸

494 3253 705 3311 ctionis
726 3256 900 3309 oestro
931 3250 1327 3307 concitabatur
1358 3267 1371 3305 :
1395 3254 1633 3323 eratque
1662 3250 1759 3305 ille
1779 3266 1943 3305 amor
1973 3265 2130 3304 mera

494 3342 726 3398 insania
755 3345 811 3397 et
868 3338 1038 3411 plane
1078 3338 1288 3395 rabies.
1322 3342 1389 3393 Et
1425 3338 1524 3395 ille
1563 3337 1801 3409 quidem
1848 3336 1947 3391 diu
1996 3340 2131 3392 ante

493 3431 729 3501 parabat
774 3428 1032 3499 nuptiae,
1062 3431 1119 3482 et
1165 3426 1374 3482 festum
1444 3426 1791 3498 prwdicabat
1850 3441 1865 3480 :
1924 3427 1981 3479 et
2031 3439 2130 3480 eos

494 3518 909 3590 congregabat,
936 3516 1035 3587 qui
1063 3515 1301 3571 erantin
1334 3516 1558 3587 nuptiis
1588 3515 1640 3571 ei
1670 3514 2002 3572 inservituri
2029 3531 2041 3569 :
2075 3518 2131 3570 et

493 3610 564 3664 ad
598 3606 916 3678 Ripsimem
975 3604 1137 3659 misit
1174 3605 1525 3673 adulatores,
1558 3607 1659 3675 qui
1707 3606 1778 3659 de
1806 3604 2025 3675 nuptiis
2077 3604 2129 3660 ei

496 3693 911 3766 signiﬁcarent,
943 3694 1000 3745 et
1050 3690 1387 3745 nuntiarent
1414 3706 1511 3745 eas
1552 3691 1673 3759 jam
1704 3706 1832 3747 esse
1877 3698 2130 3762 paratas,

496 3783 653 3856 quod
684 3782 753 3838 ad
785 3781 980 3852 ipsum
1013 3778 1249 3851 quidem
1270 3778 1571 3835 attinebat.

566 3958 767 4016 XVIII.
797 3957 899 4015 Illa
928 3959 1123 4012 autem
1156 3955 1316 4027 (quid
1355 3954 1510 4013 enim
1544 3972 1643 4028 per
1670 3956 1859 4028 ipsam
1890 3956 2129 4029 virgini-

494 4052 671 4105 tatem
698 4048 770 4103 ad
802 4048 926 4103 haec
956 4044 1228 4115 cogitarit
1256 4049 1358 4101 aut
1386 4045 1598 4102 dixerit
1625 4045 1806 4117 virgo,
1835 4061 1964 4117 quae
2002 4046 2127 4117 jam

495 4137 632 4194 olim
688 4135 1116 4194 cohabitantem
1176 4133 1351 4208 elegit
1396 4135 1838 4206 continentiam,
1886 4139 1943 4193 et
1989 4134 2131 4192 solis

492 4230 635 4285 vivit
663 4228 1080 4299 leguminibus,
1112 4232 1172 4284 et
1199 4232 1353 4285 totas
1384 4233 1586 4285 noctes
1616 4232 1881 4284 versatur
1908 4227 1967 4283 in
2000 4244 2129 4283 ora-

495 4320 672 4386 tione,
696 4322 756 4373 et
786 4316 1154 4373 necinterdiu
1180 4316 1414 4372 desistit
1435 4317 1507 4371 ab
1526 4316 1750 4388 hymnis
1772 4316 1830 4372 in
1848 4317 2092 4385 Deum?)
2112 4335 2128 4373 :

2233 3257 2331 3308 τοῦ
2362 3254 2535 3307 πόθου
2584 3250 2946 3328 διοιστροῦτο,
2992 3256 3082 3310 καὶ
3134 3256 3350 3329 μανίᾳὸ
3380 3254 3519 3332 ἔρως
3574 3262 3671 3313 καὶ
3720 3258 3864 3329 λύσσῃ

2231 3342 2298 3410 ἦν
2329 3336 2579 3415 ἀκριϐής·
2638 3342 2727 3396 καὶ
2769 3343 2797 3397 ὁ
2849 3343 2944 3415 μὶν
2998 3341 3063 3413 δὴ
3122 3344 3189 3399 τὰ
3244 3345 3495 3422 γαμήλια
3554 3349 3865 3423 ηὐτρεπιζεν

2232 3428 2292 3485 ἐκ
2320 3428 2534 3486 πολλοῦ
2567 3431 2653 3485 καὶ
2688 3432 2786 3501 τήν
2820 3430 3012 3505 ἑορτὴν
3070 3432 3346 3507 ἐκήρυττε,
3393 3437 3520 3497 τοὺς
3572 3439 3672 3492 τὸν
3714 3457 3867 3514 γαμον

2230 3541 2289 3576 τε
2336 3521 2511 3575 αὐτῶν
2572 3517 3062 3595 διακωησομὲκους
3126 3531 3348 3599 συνῆγε,
3424 3525 3513 3580 καὶ
3583 3528 3727 3601 πρὸς
3788 3527 3871 3592 τήν

2232 3609 2490 3683 Ῥιψίμην
2553 3610 2681 3671 τοὺς
2746 3610 2986 3671 κολακας
3045 3610 3275 3684 ἔπεμπε,
3330 3614 3420 3667 καὶ
3483 3613 3698 3689 λόγους
3754 3614 3871 3683 αὐτῇ

2232 3699 2357 3771 περί
2410 3697 2602 3773 γάμων
2652 3705 2923 3776 προσῆγε,
2983 3701 3071 3755 καὶ
3135 3700 3412 3757 ὑπετίθετο
3479 3701 3875 3777 sumpsi:wa

2236 3783 2344 3855 ἤδη
2377 3786 2443 3840 τὰ
2470 3787 2605 3859 πρὸς
2632 3785 2847 3859 αὐτοὺς,
2882 3789 3038 3844 εἶναι.

2238 4038 2250 4055 ’
2305 3966 2411 4021 ΙΗ’.
2444 3966 2508 4022 Ἠ
2539 3961 2596 4019 δὲ
2632 3964 2708 4037 (τί
2750 3968 2851 4042 γὰρ
2905 3967 2966 4022 ἄν
3023 3969 3160 4042 πρὸς
3205 3976 3306 4039 τῆς
3356 3973 3677 4045 παρθενείας
3727 3974 3871 4041 αὐτῆς

2233 4055 2482 4124 ιννοήσοι
2546 4057 2682 4130 πρὸς
2730 4060 2897 4112 ταῦτα
2931 4055 2961 4126 ἤ
2992 4057 3277 4137 sensum
3324 4062 3358 4130 ἡ
3410 4061 3664 4118 σύνοικον
3718 4064 3866 4119 πάλαι

2231 4143 2331 4210 τήν
2407 4140 2715 4218 ἐγκράτειαν
2790 4142 3024 4217 ἑλομένη
3102 4148 3384 4220 παρθένος,
3461 4149 3551 4203 καὶ
3631 4152 3864 4225 ὀσπρίοις

2232 4227 2491 4299 ἄποζῶσα
2522 4230 2729 4304 μόνοις,
2753 4233 2843 4287 καὶ
2872 4233 3067 4295 νύκτας
3114 4233 3249 4297 ὅλας
3289 4240 3357 4308 τῇ
3409 4236 3542 4313 φίλῃ
3590 4242 3858 4313 προσευχῇ

2235 4319 2491 4393 σύρουσα,
2523 4319 2612 4374 καὶ
2646 4318 2786 4393 μηδὲ
2817 4320 3027 4396 ἡμέρας
3085 4327 3192 4378 τῶν
3248 4323 3325 4386 εἷς
3376 4326 3441 4381 τὸ
3486 4331 3648 4382 θεῖον
3708 4328 3860 4401 ὕμνων

495 4405 619 4462 Non
642 4410 699 4459 te
729 4404 1176 4474 Iallam,sponse
1203 4404 1451 4468 Christe,
1481 4404 1662 4459 dixit:
1697 4419 1813 4461 non
1833 4410 1894 4460 te
1924 4407 2123 4475 probro

2236 4407 2573 4481 ἀφισταμένη
2610 4428 2624 4478 ;
2656 4407 2728 4465 Oi)
2758 4410 3029 4484 ψεύσομαί
3069 4432 3148 4479 σε,
3195 4413 3394 4490 νυμφίε
3429 4418 3658 4489 Χριστὶ,
3710 4421 3854 4475 εἶπεν·

495 4510 562 4551 ac
593 4492 872 4547 dedecore
910 4490 1183 4557 afﬁciam,
1216 4506 1249 4546 ο
1306 4490 1481 4545 chara
1527 4490 1829 4562 virginitas
1863 4508 1876 4546 :
1909 4508 2023 4546 non
2072 4500 2123 4548 te

2238 4477 2336 4551 οὖκ
2390 4477 2636 4573 αίσχυνῶ
2687 4477 2782 4567 ac;
2822 4477 3079 4573 παρδενία
3134 4477 3330 4579 φίλη’,’
3363 4503 3424 4557 οὗ
3484 4477 3766 4579 προδοῖηω
3798 4526 3853 4573 σε,

496 4581 761 4657 prodam,
794 4583 980 4635 mater
1027 4578 1399 4635 continentia.
1434 4579 1632 4650 Itaque
1661 4578 1798 4647 Deo,
1830 4580 1933 4652 qui
1971 4581 2131 4638 solus

497 4674 724 4745 poterat
752 4668 805 4725 ei
854 4669 990 4724 dare
1046 4666 1316 4735 salutem,
1368 4667 1635 4737 adjutore
1689 4667 1972 4735 invocato,
2014 4686 2128 4727 non

496 4760 859 4829 necessariis,
917 4774 1029 4815 non
1086 4756 1310 4824 amicis,
1350 4773 1467 4813 non
1520 4758 1883 4830 parentibus,
1940 4776 2129 4833 neque

498 4848 633 4905 ullis
664 4847 793 4905 aliis
813 4852 937 4905 erat
966 4845 1204 4903 omnino
1237 4845 1475 4902 munita.
1512 4847 1588 4903 De
1641 4846 1754 4903 alio
1784 4847 1982 4920 itaque
2015 4848 2131 4905 mi-

496 4936 711 5006 grando
741 4935 936 4991 statim
963 4932 1251 4992 consultat
1279 4938 1336 4991 et
1364 4934 1607 4991 comites
1636 4934 1820 4992 bonas
1850 4937 1991 4992 alias
2039 4937 2126 4994 in-

495 5025 653 5080 venit
696 5023 970 5096 virgines,
1001 5042 1130 5097 quas
1164 5028 1330 5081 erant
1357 5024 1409 5079 ei
1439 5028 1496 5079 et
1523 5022 1651 5079 vitae
1685 5028 1741 5080 et
1777 5024 2004 5081 virtutis
2034 5044 2127 5082 so-

497 5112 619 5181 ciae,
649 5112 939 5184 imprimis
978 5122 1171 5170 autem
1212 5112 1543 5186 prmfectam
1582 5113 1878 5170 Gaianam.
1914 5115 1981 5170 Et
2012 5131 2124 5172 non

497 5200 860 5268 dubitarunt,
894 5202 1120 5259 etiamsi
1156 5218 1271 5274 pra
1301 5201 1484 5259 multa
1512 5201 1707 5258 inedia
1730 5203 1849 5273 jam
1883 5202 2126 5260 defecis-

497 5292 647 5355 sent,
672 5290 1190 5361 peregrinationem
1210 5291 1528 5363 suscipere,
1547 5292 1647 5349 sed
1669 5292 1820 5347 sicut
1840 5308 2128 5364 passeres,

497 5392 632 5436 cum
688 5391 757 5433 ea
802 5378 1221 5451 transmigrant
1274 5380 1334 5436 in
1375 5380 1679 5437 barbaram
1726 5382 2125 5439 Armeniorum

496 5463 811 5536 regionem.
840 5467 941 5524 Eas
972 5467 1125 5523 enim
1145 5466 1422 5525 incitabat
1450 5470 1623 5525 etiam
1653 5470 1723 5526 ad
1757 5470 2124 5543 migrandum

500 5556 850 5625 praeceptum
883 5554 1273 5625 Dominlcum,
1307 5557 1505 5615 dicens
1540 5573 1605 5612 ;‹‹
1633 5558 1686 5612 Si
1720 5560 2002 5631 persecuti
2027 5575 2124 5616 vos

2239 4591 2412 4659 μῆτερ
2462 4586 2766 4663 ἰγκράτεια.
2826 4587 2923 4643 Καὶ
2972 4585 3109 4659 δῆτα
3158 4588 3289 4664 ὅπερ
3338 4593 3507 4660 αὐτὴν
3552 4595 3645 4649 καὶ
3700 4598 3844 4670 μύκην,

2234 4674 2301 4764 ἦν
2330 4679 2499 4730 σῶσαι
2552 4673 2868 4749 δυνάμενον,
2914 4677 2975 4733 οὔ
3019 4678 3122 4753 γὰρ
3176 4683 3546 4754 προσήκουσιν
3588 4685 3657 4741 οὖ
3702 4685 3850 4764 φίλοις

2235 4761 2296 4817 οὗ
2325 4764 2609 4839 πατράσιν,
2642 4765 2745 4821 οὐκ
2790 4766 2982 4829 ἄλλοις
3029 4769 3139 4822 τισὶ
3183 4768 3245 4822 οὸ
3291 4771 3540 4844 παράπαν
3579 4761 3854 4853 ὠχύρωτο.

2237 4860 2647 4926 μεταναστεῦσαι
2727 4855 3038 4930 βουλεύεται
3141 4860 3465 4932 παραυτίκα,
3528 4842 3675 4919 xui"
3693 4842 3856 4941 συνερ⁸

2233 4942 2364 5016 γοὺς
2422 4943 2627 5017 ἀγαθὰς
2673 4944 2769 5005 τὰς
2835 4942 3010 5008 ἄλλας
3067 4946 3302 5022 εὑρίσκει
3367 4949 3686 5026 παρθένους,
3754 4956 3855 5012 ὅσοι

2231 5030 2449 5098 καὶτῆς
2491 5028 2702 5100 διαίτης
2745 5032 2880 5107 αὐτῇ
2945 5037 3037 5089 καὶ
3100 5040 3199 5102 τῆς
3264 5036 3461 5111 ἀρετῆς
3525 5038 3853 5104 ἆκοινώνουν.

2234 5118 2335 5176 Καὶ
2366 5117 2464 5173 οὐκ
2528 5113 2779 5189 ὥκνησᾶν
2826 5142 2905 5196 γε,
2945 5123 3123 5180 καίτοι
3180 5124 3554 5184 ἑκλελοιπυῖαι
3614 5132 3719 5188 ὑπὸ
3773 5141 3858 5203 τῆς

2232 5205 2448 5299 πολλῇς
2480 5207 2690 5271 ἀσιτίας
2722 5207 2855 5299 ἧδρ,
2886 5210 3031 5267 ἀλλᾶ
3063 5214 3537 5285 μεταναστύεουσιν
3566 5219 3642 5282 ὡς
3672 5242 3858 5299 στρου-

2233 5294 2320 5359 θία
2386 5295 2474 5352 ἰπὶ
2539 5299 2640 5367 τὴν
2691 5294 2962 5374 βάρϐαρον
3030 5304 3139 5357 τῶν
3223 5303 3521 5378 ’Δρμενίων
3583 5308 3678 5364 σὺν
3733 5294 3855 5386 αὐτῇ

2230 5386 2438 5460 χώραν.
2537 5388 2821 5463 Παρώρμα
2911 5390 3015 5466 γὰρ
3101 5390 3265 5454 αὐτὰς
3328 5396 3415 5449 καὶ
3480 5397 3515 5466 ἠ
3571 5404 3855 5471 Δεσποτική

2232 5474 2427 5543 ἰντολή
2471 5477 2603 5551 πρὸς
2666 5478 2765 5547 τὴν
2839 5480 3175 5552 μετοίκησιν.
3237 5482 3360 5540 Ἐὰν
3417 5484 3678 5556 διώξωσιν
3730 5492 3856 5565 ὑμᾶς

3493 5575 3711 5651 φεύγετε
3782 5583 3849 5643 εἷς

2232 5562 2337 5618 ἀπὸ
2410 5563 2573 5634 τῆσδε
2647 5574 2745 5635 τῆς
2820 5565 3054 5639 πόλεως,
3141 5568 3397 5646 λέγουσα,

3624 6062 3639 6097 ‘.
3906 6082 3909 6085 ι
3926 6072 3943 6089 ξπ

3532 6130 3545 6165 ῗ
3566 6142 3575 6161 '.
3592 6114 3643 6165 :ff

2140 6236 2547 6248 ’Ἀρι-νψῆ
