  <div class='ocr_page' id='page_1' title='image "/cluster/home/n/w/nwhite01/storage/ocr_20150623/115/mdp.39015028574336/494.png"; bbox 0 0 4142 6248; ppageno 0'>
   <div class='ocr_carea' id='block_1_1' title="bbox 88 318 3571 398">
    <p class='ocr_par' dir='ltr' id='par_1_1' title="bbox 88 318 3571 398">
     <span class='ocr_line' id='line_1_1' title="bbox 88 318 3571 398; baseline -0.002 -8"><span class='ocrx_word' id='word_1_1' title='bbox 88 334 273 398; x_wconf 72' lang='lat'><strong>96‘5</strong></span> <span class='ocrx_word' id='word_1_2' title='bbox 1175 324 1357 386; x_wconf 82' lang='lat' dir='ltr'><strong>VITA</strong></span> <span class='ocrx_word' id='word_1_3' title='bbox 1404 326 1468 385; x_wconf 92' lang='lat' dir='ltr'><strong>S.</strong></span> <span class='ocrx_word' id='word_1_4' title='bbox 1516 318 1888 383; x_wconf 77' lang='lat' dir='ltr'><strong>GREGORII</strong></span> <span class='ocrx_word' id='word_1_5' title='bbox 1932 319 2569 383; x_wconf 81' lang='lat' dir='ltr'><strong>ILLUMINATORIS.</strong></span> <span class='ocrx_word' id='word_1_6' title='bbox 3454 325 3571 382; x_wconf 83' lang='lat'><strong>966</strong></span> 
     </span>
    </p>
   </div>
   <div class='ocr_carea' id='block_1_2' title="bbox 87 478 1835 566">
    <p class='ocr_par' dir='ltr' id='par_1_2' title="bbox 87 479 1811 566">
     <span class='ocr_line' id='line_1_2' title="bbox 87 479 1811 566; baseline -0.01 -15"><span class='ocrx_word' id='word_1_7' title='bbox 87 496 251 566; x_wconf 77' lang='grc' dir='ltr'><strong>τήν</strong></span> <span class='ocrx_word' id='word_1_8' title='bbox 318 491 525 560; x_wconf 71' lang='grc' dir='ltr'>ἄλλην.</span> <span class='ocrx_word' id='word_1_9' title='bbox 591 489 868 547; x_wconf 81' lang='grc' dir='ltr'>Ἕνθεντοι</span> <span class='ocrx_word' id='word_1_10' title='bbox 932 483 1022 539; x_wconf 83' lang='grc' dir='ltr'><strong>καὶ</strong></span> <span class='ocrx_word' id='word_1_11' title='bbox 1080 482 1399 558; x_wconf 74' lang='grc' dir='ltr'><strong>ἀπαίρουσιν</strong></span> <span class='ocrx_word' id='word_1_12' title='bbox 1458 480 1657 545; x_wconf 68' lang='grc' dir='ltr'>ἰκεῖθεν</span> <span class='ocrx_word' id='word_1_13' title='bbox 1718 479 1811 535; x_wconf 75' lang='grc' dir='ltr'>σὺν</span> 
     </span>
    </p>
   </div>
   <div class='ocr_carea' id='block_1_3' title="bbox 1945 478 3574 566">
    <p class='ocr_par' dir='ltr' id='par_1_3' title="bbox 1945 478 3574 555">
     <span class='ocr_line' id='line_1_3' title="bbox 1945 478 3574 555; baseline 0.002 -19"><span class='ocrx_word' id='word_1_14' title='bbox 1945 480 2142 538; x_wconf 89' lang='lat' dir='ltr'><strong>&#39;uerint</strong></span> <span class='ocrx_word' id='word_1_15' title='bbox 2169 482 2229 539; x_wconf 90' lang='lat' dir='ltr'><strong>in</strong></span> <span class='ocrx_word' id='word_1_16' title='bbox 2271 482 2376 540; x_wconf 91' lang='lat' dir='ltr'><strong>hac</strong></span> <span class='ocrx_word' id='word_1_17' title='bbox 2405 482 2656 549; x_wconf 81' lang='lat' dir='ltr'><strong>civitate,</strong></span> <span class='ocrx_word' id='word_1_18' title='bbox 2684 478 2862 550; x_wconf 86' lang='lat' dir='ltr'><strong>fugite</strong></span> <span class='ocrx_word' id='word_1_19' title='bbox 2893 480 2951 537; x_wconf 92' lang='lat' dir='ltr'><strong>in</strong></span> <span class='ocrx_word' id='word_1_20' title='bbox 2980 480 3156 538; x_wconf 89' lang='lat' dir='ltr'><strong>aliam</strong></span> <span class='ocrx_word' id='word_1_21' title='bbox 3174 481 3217 540; x_wconf 84' lang='grc'><strong>⁴.</strong></span> <span class='ocrx_word' id='word_1_22' title='bbox 3240 504 3269 534; x_wconf 85' lang='lat'><strong>»</strong></span> <span class='ocrx_word' id='word_1_23' title='bbox 3296 486 3574 555; x_wconf 82' lang='lat' dir='ltr'><strong>Prompto</strong></span> 
     </span>
    </p>
   </div>
   <div class='ocr_carea' id='block_1_4' title="bbox 70 568 1835 661">
    <p class='ocr_par' dir='ltr' id='par_1_4' title="bbox 70 570 1819 661">
     <span class='ocr_line' id='line_1_4' title="bbox 70 570 1819 661; baseline -0.009 -19"><span class='ocrx_word' id='word_1_24' title='bbox 70 582 479 661; x_wconf 70' lang='grc' dir='ltr'>ίπροθυμίᾳ,</span> <span class='ocrx_word' id='word_1_25' title='bbox 535 578 627 635; x_wconf 85' lang='grc' dir='ltr'><strong>καὶ</strong></span> <span class='ocrx_word' id='word_1_26' title='bbox 683 575 735 632; x_wconf 73' lang='grc' dir='ltr'><strong>έν</strong></span> <span class='ocrx_word' id='word_1_27' title='bbox 790 574 1020 651; x_wconf 75' lang='grc' dir='ltr'>’Δραράτ</span> <span class='ocrx_word' id='word_1_28' title='bbox 1077 572 1397 647; x_wconf 71' lang='grc' dir='ltr'>κατάγονται</span> <span class='ocrx_word' id='word_1_29' title='bbox 1447 570 1640 661; x_wconf 67' lang='grc' dir='ltr'>πόλει.</span> <span class='ocrx_word' id='word_1_30' title='bbox 1702 575 1819 640; x_wconf 79' lang='grc' dir='ltr'><strong>Δη-</strong></span> 
     </span>
    </p>
   </div>
   <div class='ocr_carea' id='block_1_5' title="bbox 1945 568 3570 661">
    <p class='ocr_par' dir='ltr' id='par_1_5' title="bbox 1945 568 3570 661">
     <span class='ocr_line' id='line_1_5' title="bbox 1945 568 3570 661; baseline 0.002 -36"><span class='ocrx_word' id='word_1_31' title='bbox 1945 575 2128 661; x_wconf 53' lang='lat' dir='ltr'><strong>.taque</strong></span> <span class='ocrx_word' id='word_1_32' title='bbox 2157 575 2214 627; x_wconf 89' lang='lat' dir='ltr'><strong>et</strong></span> <span class='ocrx_word' id='word_1_33' title='bbox 2241 571 2413 626; x_wconf 83' lang='lat' dir='ltr'><strong>alacri</strong></span> <span class='ocrx_word' id='word_1_34' title='bbox 2458 570 2650 626; x_wconf 91' lang='lat' dir='ltr'><strong>animo</strong></span> <span class='ocrx_word' id='word_1_35' title='bbox 2699 568 2859 624; x_wconf 89' lang='lat' dir='ltr'><strong>illinc</strong></span> <span class='ocrx_word' id='word_1_36' title='bbox 2887 569 3354 640; x_wconf 86' lang='lat' dir='ltr'><strong>proﬁciscuntur,</strong></span> <span class='ocrx_word' id='word_1_37' title='bbox 3387 575 3445 626; x_wconf 90' lang='lat' dir='ltr'><strong>et</strong></span> <span class='ocrx_word' id='word_1_38' title='bbox 3471 588 3570 628; x_wconf 80' lang='lat' dir='ltr'><strong>ve-</strong></span> 
     </span>
    </p>
   </div>
   <div class='ocr_carea' id='block_1_6' title="bbox 70 654 1835 740">
    <p class='ocr_par' dir='ltr' id='par_1_6' title="bbox 70 654 1823 740">
     <span class='ocr_line' id='line_1_6' title="bbox 70 654 1823 740; baseline -0.012 -10"><span class='ocrx_word' id='word_1_39' title='bbox 70 654 241 729; x_wconf 52' lang='grc' dir='ltr'>-λνόὶ</span> <span class='ocrx_word' id='word_1_40' title='bbox 298 654 369 727; x_wconf 41' lang='grc' dir='ltr'><strong>δὲ’</strong></span> <span class='ocrx_word' id='word_1_41' title='bbox 418 671 555 740; x_wconf 80' lang='grc' dir='ltr'>ἦσαν</span> <span class='ocrx_word' id='word_1_42' title='bbox 614 664 798 726; x_wconf 75' lang='grc' dir='ltr'>αὐταῖς</span> <span class='ocrx_word' id='word_1_43' title='bbox 830 664 865 733; x_wconf 77' lang='grc' dir='ltr'>ἡ</span> <span class='ocrx_word' id='word_1_44' title='bbox 905 662 1221 735; x_wconf 74' lang='grc' dir='ltr'>καταγωγή.</span> <span class='ocrx_word' id='word_1_45' title='bbox 1288 656 1511 727; x_wconf 79' lang='grc' dir='ltr'>Ἐπειδή</span> <span class='ocrx_word' id='word_1_46' title='bbox 1580 654 1636 711; x_wconf 82' lang='grc' dir='ltr'>δὶ</span> <span class='ocrx_word' id='word_1_47' title='bbox 1691 676 1823 711; x_wconf 82' lang='grc' dir='ltr'>παν-</span> 
     </span>
    </p>
   </div>
   <div class='ocr_carea' id='block_1_7' title="bbox 1945 654 3575 740">
    <p class='ocr_par' dir='ltr' id='par_1_7' title="bbox 1945 658 3575 716">
     <span class='ocr_line' id='line_1_7' title="bbox 1945 658 3575 716; baseline 0.001 -2"><span class='ocrx_word' id='word_1_48' title='bbox 1945 659 2102 715; x_wconf 80' lang='lat' dir='ltr'><strong>1iunt</strong></span> <span class='ocrx_word' id='word_1_49' title='bbox 2127 661 2181 716; x_wconf 90' lang='lat' dir='ltr'><strong>in</strong></span> <span class='ocrx_word' id='word_1_50' title='bbox 2214 659 2503 715; x_wconf 89' lang='lat' dir='ltr'><strong>civitatem</strong></span> <span class='ocrx_word' id='word_1_51' title='bbox 2547 661 2772 713; x_wconf 83' lang='lat' dir='ltr'><strong>Ararat.</strong></span> <span class='ocrx_word' id='word_1_52' title='bbox 2802 658 3143 715; x_wconf 81' lang='lat' dir='ltr'><strong>Torcularia</strong></span> <span class='ocrx_word' id='word_1_53' title='bbox 3171 664 3367 716; x_wconf 88' lang='lat' dir='ltr'><strong>autem</strong></span> <span class='ocrx_word' id='word_1_54' title='bbox 3398 664 3575 716; x_wconf 85' lang='lat' dir='ltr'><strong>erant</strong></span> 
     </span>
    </p>
   </div>
   <div class='ocr_carea' id='block_1_8' title="bbox 70 744 1835 831">
    <p class='ocr_par' dir='ltr' id='par_1_8' title="bbox 70 744 1821 831">
     <span class='ocr_line' id='line_1_8' title="bbox 70 744 1821 831; baseline -0.013 -12"><span class='ocrx_word' id='word_1_55' title='bbox 70 762 403 817; x_wconf 74' lang='grc' dir='ltr'>ῖτοὶπασιν</span> <span class='ocrx_word' id='word_1_56' title='bbox 444 757 689 831; x_wconf 78' lang='grc' dir='ltr'>ἠπόρουν</span> <span class='ocrx_word' id='word_1_57' title='bbox 751 754 859 806; x_wconf 80' lang='grc' dir='ltr'>τῶν</span> <span class='ocrx_word' id='word_1_58' title='bbox 926 748 1252 823; x_wconf 81' lang='grc' dir='ltr'><strong>ἀναγκαίων,</strong></span> <span class='ocrx_word' id='word_1_59' title='bbox 1332 747 1430 821; x_wconf 87' lang='grc' dir='ltr'><strong>μία</strong></span> <span class='ocrx_word' id='word_1_60' title='bbox 1501 766 1583 807; x_wconf 91' lang='grc' dir='ltr'><strong>τις</strong></span> <span class='ocrx_word' id='word_1_61' title='bbox 1643 744 1821 799; x_wconf 80' lang='grc' dir='ltr'>αὐτῶν</span> 
     </span>
    </p>
   </div>
   <div class='ocr_carea' id='block_1_9' title="bbox 1945 744 3572 831">
    <p class='ocr_par' dir='ltr' id='par_1_9' title="bbox 1945 747 3572 807">
     <span class='ocr_line' id='line_1_9' title="bbox 1945 747 3572 807; baseline -0.001 -2"><span class='ocrx_word' id='word_1_62' title='bbox 1945 749 2015 805; x_wconf 70' lang='lat' dir='ltr'><strong>ais</strong></span> <span class='ocrx_word' id='word_1_63' title='bbox 2047 749 2464 807; x_wconf 77' lang='lat' dir='ltr'><strong>habitaculum.</strong></span> <span class='ocrx_word' id='word_1_64' title='bbox 2498 750 2640 805; x_wconf 90' lang='lat' dir='ltr'><strong>Cum</strong></span> <span class='ocrx_word' id='word_1_65' title='bbox 2685 750 2878 802; x_wconf 89' lang='lat' dir='ltr'><strong>autem</strong></span> <span class='ocrx_word' id='word_1_66' title='bbox 2914 747 2997 803; x_wconf 88' lang='lat' dir='ltr'><strong>eis</strong></span> <span class='ocrx_word' id='word_1_67' title='bbox 3031 750 3228 804; x_wconf 86' lang='lat' dir='ltr'><strong>omnia</strong></span> <span class='ocrx_word' id='word_1_68' title='bbox 3259 750 3572 805; x_wconf 83' lang='lat' dir='ltr'><strong>deﬁcerent</strong></span> 
     </span>
    </p>
   </div>
   <div class='ocr_carea' id='block_1_10' title="bbox 70 836 1835 927">
    <p class='ocr_par' dir='ltr' id='par_1_10' title="bbox 70 836 1819 927">
     <span class='ocr_line' id='line_1_10' title="bbox 70 836 1819 927; baseline -0.011 -19"><span class='ocrx_word' id='word_1_69' title='bbox 70 866 83 893; x_wconf 75' lang='grc' dir='ltr'><strong>ί</strong></span> <span class='ocrx_word' id='word_1_70' title='bbox 132 850 210 906; x_wconf 76' lang='grc' dir='ltr'>ἒν</span> <span class='ocrx_word' id='word_1_71' title='bbox 258 851 393 912; x_wconf 81' lang='grc' dir='ltr'>ταῖς</span> <span class='ocrx_word' id='word_1_72' title='bbox 424 847 583 927; x_wconf 76' lang='grc' dir='ltr'>χερσὶ</span> <span class='ocrx_word' id='word_1_73' title='bbox 612 847 713 914; x_wconf 78' lang='grc' dir='ltr'>τὴν</span> <span class='ocrx_word' id='word_1_74' title='bbox 744 838 942 898; x_wconf 74' lang='grc' dir='ltr'>ἐλπίδα</span> <span class='ocrx_word' id='word_1_75' title='bbox 972 843 1068 895; x_wconf 67' lang='grc' dir='ltr'><strong>τοῦ⁹</strong></span> <span class='ocrx_word' id='word_1_76' title='bbox 1100 838 1221 913; x_wconf 88' lang='grc' dir='ltr'>βίου</span> <span class='ocrx_word' id='word_1_77' title='bbox 1272 836 1493 910; x_wconf 87' lang='grc' dir='ltr'>θεμένη,</span> <span class='ocrx_word' id='word_1_78' title='bbox 1543 836 1665 910; x_wconf 78' lang='grc' dir='ltr'>περὶ</span> <span class='ocrx_word' id='word_1_79' title='bbox 1721 836 1819 903; x_wconf 75' lang='grc' dir='ltr'><strong>τὴν</strong></span> 
     </span>
    </p>
   </div>
   <div class='ocr_carea' id='block_1_11' title="bbox 1945 836 3569 927">
    <p class='ocr_par' dir='ltr' id='par_1_11' title="bbox 1945 837 3569 911">
     <span class='ocr_line' id='line_1_11' title="bbox 1945 837 3569 911; baseline -0.001 -18"><span class='ocrx_word' id='word_1_80' title='bbox 1945 840 2279 906; x_wconf 70' lang='lat' dir='ltr'><strong>necessaria,</strong></span> <span class='ocrx_word' id='word_1_81' title='bbox 2311 840 2575 911; x_wconf 74' lang='lat' dir='ltr'><strong>quaedam</strong></span> <span class='ocrx_word' id='word_1_82' title='bbox 2606 854 2675 892; x_wconf 83' lang='lat' dir='ltr'><strong>ex</strong></span> <span class='ocrx_word' id='word_1_83' title='bbox 2692 837 2792 906; x_wconf 88' lang='lat' dir='ltr'><strong>eis,</strong></span> <span class='ocrx_word' id='word_1_84' title='bbox 2826 852 2927 906; x_wconf 85' lang='lat' dir='ltr'><strong>spe</strong></span> <span class='ocrx_word' id='word_1_85' title='bbox 2961 838 3205 908; x_wconf 90' lang='lat' dir='ltr'><strong>parandi</strong></span> <span class='ocrx_word' id='word_1_86' title='bbox 3237 837 3351 892; x_wconf 84' lang='lat' dir='ltr'><strong>sibi</strong></span> <span class='ocrx_word' id='word_1_87' title='bbox 3378 837 3569 892; x_wconf 89' lang='lat' dir='ltr'><strong>victus</strong></span> 
     </span>
    </p>
   </div>
   <div class='ocr_carea' id='block_1_12' title="bbox 70 922 1835 1012">
    <p class='ocr_par' dir='ltr' id='par_1_12' title="bbox 70 922 1821 1012">
     <span class='ocr_line' id='line_1_12' title="bbox 70 922 1821 1012; baseline -0.011 -17"><span class='ocrx_word' id='word_1_88' title='bbox 70 954 77 983; x_wconf 73' lang='grc' dir='ltr'><strong><em>ῖ</em></strong></span> <span class='ocrx_word' id='word_1_89' title='bbox 127 922 574 1012; x_wconf 77' lang='grc' dir='ltr'>ταλασιουργόν</span> <span class='ocrx_word' id='word_1_90' title='bbox 606 953 665 989; x_wconf 89' lang='grc' dir='ltr'><strong>τε</strong></span> <span class='ocrx_word' id='word_1_91' title='bbox 695 932 818 1006; x_wconf 86' lang='grc' dir='ltr'>εἶχε</span> <span class='ocrx_word' id='word_1_92' title='bbox 844 930 1045 1004; x_wconf 79' lang='grc' dir='ltr'>τέχνην</span> <span class='ocrx_word' id='word_1_93' title='bbox 1088 927 1179 981; x_wconf 84' lang='grc' dir='ltr'><strong>καὶ</strong></span> <span class='ocrx_word' id='word_1_94' title='bbox 1220 925 1307 980; x_wconf 82' lang='grc' dir='ltr'>ὑπ’</span> <span class='ocrx_word' id='word_1_95' title='bbox 1356 925 1525 992; x_wconf 70' lang='grc' dir='ltr'>αὐτὴν</span> <span class='ocrx_word' id='word_1_96' title='bbox 1577 922 1821 978; x_wconf 83' lang='grc' dir='ltr'><strong>ἐπονεῖτο</strong></span> 
     </span>
    </p>
   </div>
   <div class='ocr_carea' id='block_1_13' title="bbox 1945 922 3568 1012">
    <p class='ocr_par' dir='ltr' id='par_1_13' title="bbox 1945 926 3568 1002">
     <span class='ocr_line' id='line_1_13' title="bbox 1945 926 3568 1002; baseline -0.004 -16"><span class='ocrx_word' id='word_1_97' title='bbox 1945 931 2122 1002; x_wconf 85' lang='lat' dir='ltr'><strong>posita</strong></span> <span class='ocrx_word' id='word_1_98' title='bbox 2168 932 2225 985; x_wconf 92' lang='lat' dir='ltr'><strong>in</strong></span> <span class='ocrx_word' id='word_1_99' title='bbox 2274 929 2564 995; x_wconf 87' lang='lat' dir='ltr'><strong>manibus,</strong></span> <span class='ocrx_word' id='word_1_100' title='bbox 2614 926 2990 982; x_wconf 75' lang='lat' dir='ltr'><strong>versabantur</strong></span> <span class='ocrx_word' id='word_1_101' title='bbox 3037 936 3091 981; x_wconf 88' lang='lat' dir='ltr'><strong>et</strong></span> <span class='ocrx_word' id='word_1_102' title='bbox 3136 926 3479 983; x_wconf 86' lang='lat' dir='ltr'><strong>laborabant</strong></span> <span class='ocrx_word' id='word_1_103' title='bbox 3510 926 3568 980; x_wconf 90' lang='lat' dir='ltr'><strong>in</strong></span> 
     </span>
    </p>
   </div>
   <div class='ocr_carea' id='block_1_14' title="bbox 130 1011 1835 1093">
    <p class='ocr_par' dir='ltr' id='par_1_14' title="bbox 130 1011 1821 1093">
     <span class='ocr_line' id='line_1_14' title="bbox 130 1011 1821 1093; baseline -0.012 -8"><span class='ocrx_word' id='word_1_104' title='bbox 130 1031 253 1085; x_wconf 78' lang='grc' dir='ltr'><strong>καὶ</strong></span> <span class='ocrx_word' id='word_1_105' title='bbox 315 1028 387 1084; x_wconf 85' lang='grc' dir='ltr'>τὸ</span> <span class='ocrx_word' id='word_1_106' title='bbox 451 1011 687 1081; x_wconf 72' lang='grc' dir='ltr'>ἐντεῦθεν</span> <span class='ocrx_word' id='word_1_107' title='bbox 729 1020 866 1093; x_wconf 80' lang='grc' dir='ltr'>αὐτῇ</span> <span class='ocrx_word' id='word_1_108' title='bbox 924 1016 1306 1092; x_wconf 75' lang='grc' dir='ltr'><strong>ποριζόμενον,</strong></span> <span class='ocrx_word' id='word_1_109' title='bbox 1374 1014 1450 1076; x_wconf 85' lang='grc' dir='ltr'><strong>είς</strong></span> <span class='ocrx_word' id='word_1_110' title='bbox 1522 1011 1821 1089; x_wconf 75' lang='grc' dir='ltr'>διατροφὴν</span> 
     </span>
    </p>
   </div>
   <div class='ocr_carea' id='block_1_15' title="bbox 1945 1011 3567 1093">
    <p class='ocr_par' dir='ltr' id='par_1_15' title="bbox 1945 1015 3567 1088">
     <span class='ocr_line' id='line_1_15' title="bbox 1945 1015 3567 1088; baseline -0.004 -13"><span class='ocrx_word' id='word_1_111' title='bbox 1945 1028 2050 1075; x_wconf 62' lang='lat' dir='ltr'><strong>arte</strong></span> <span class='ocrx_word' id='word_1_112' title='bbox 2084 1018 2342 1086; x_wconf 82' lang='lat' dir='ltr'><strong>lanificii,</strong></span> <span class='ocrx_word' id='word_1_113' title='bbox 2373 1026 2428 1075; x_wconf 91' lang='lat' dir='ltr'><strong>et</strong></span> <span class='ocrx_word' id='word_1_114' title='bbox 2475 1018 2623 1088; x_wconf 90' lang='lat' dir='ltr'><strong>quod</strong></span> <span class='ocrx_word' id='word_1_115' title='bbox 2676 1015 2812 1070; x_wconf 91' lang='lat' dir='ltr'><strong>hinc</strong></span> <span class='ocrx_word' id='word_1_116' title='bbox 2859 1015 2970 1070; x_wconf 83' lang='lat' dir='ltr'><strong>sibi</strong></span> <span class='ocrx_word' id='word_1_117' title='bbox 3019 1016 3316 1087; x_wconf 86' lang='lat' dir='ltr'><strong>parabant,</strong></span> <span class='ocrx_word' id='word_1_118' title='bbox 3348 1030 3567 1070; x_wconf 82' lang='lat' dir='ltr'><strong>consu-</strong></span> 
     </span>
    </p>
   </div>
   <div class='ocr_carea' id='block_1_16' title="bbox 70 1100 1835 1189">
    <p class='ocr_par' dir='ltr' id='par_1_16' title="bbox 70 1100 1825 1189">
     <span class='ocr_line' id='line_1_16' title="bbox 70 1100 1825 1189; baseline -0.011 -14"><span class='ocrx_word' id='word_1_119' title='bbox 70 1137 83 1165; x_wconf 78' lang='lat'><strong>:</strong></span> <span class='ocrx_word' id='word_1_120' title='bbox 139 1118 441 1189; x_wconf 78' lang='grc' dir='ltr'>ἆνήλισκε</span> <span class='ocrx_word' id='word_1_121' title='bbox 495 1118 603 1170; x_wconf 80' lang='grc' dir='ltr'>τῶν</span> <span class='ocrx_word' id='word_1_122' title='bbox 658 1109 955 1185; x_wconf 85' lang='grc' dir='ltr'>παρθένων.</span> <span class='ocrx_word' id='word_1_123' title='bbox 1016 1103 1406 1176; x_wconf 81' lang='grc' dir='ltr'>Διοκλητιανὸς</span> <span class='ocrx_word' id='word_1_124' title='bbox 1456 1100 1512 1158; x_wconf 77' lang='grc' dir='ltr'>δὲ</span> <span class='ocrx_word' id='word_1_125' title='bbox 1567 1104 1825 1176; x_wconf 84' lang='grc' dir='ltr'>πονήρως</span> 
     </span>
    </p>
   </div>
   <div class='ocr_carea' id='block_1_17' title="bbox 1945 1100 3569 1189">
    <p class='ocr_par' dir='ltr' id='par_1_17' title="bbox 1945 1102 3569 1175">
     <span class='ocr_line' id='line_1_17' title="bbox 1945 1102 3569 1175; baseline -0.003 -12"><span class='ocrx_word' id='word_1_126' title='bbox 1945 1108 2160 1163; x_wconf 79' lang='lat' dir='ltr'><strong>nabant</strong></span> <span class='ocrx_word' id='word_1_127' title='bbox 2191 1109 2262 1163; x_wconf 85' lang='lat' dir='ltr'><strong>ad</strong></span> <span class='ocrx_word' id='word_1_128' title='bbox 2293 1112 2527 1163; x_wconf 66' lang='lat' dir='ltr'><strong>ceteras</strong></span> <span class='ocrx_word' id='word_1_129' title='bbox 2576 1104 2816 1161; x_wconf 88' lang='lat' dir='ltr'><strong>alendas</strong></span> <span class='ocrx_word' id='word_1_130' title='bbox 2860 1103 3140 1175; x_wconf 89' lang='lat' dir='ltr'><strong>virgines.</strong></span> <span class='ocrx_word' id='word_1_131' title='bbox 3174 1102 3569 1159; x_wconf 81' lang='lat' dir='ltr'><strong>Diocletianus</strong></span> 
     </span>
    </p>
   </div>
   <div class='ocr_carea' id='block_1_18' title="bbox 70 1188 1835 1277">
    <p class='ocr_par' dir='ltr' id='par_1_18' title="bbox 70 1188 1824 1277">
     <span class='ocr_line' id='line_1_18' title="bbox 70 1188 1824 1277; baseline -0.013 -11"><span class='ocrx_word' id='word_1_132' title='bbox 70 1258 77 1265; x_wconf 94' lang='lat'><strong>.</strong></span> <span class='ocrx_word' id='word_1_133' title='bbox 134 1229 217 1264; x_wconf 84' lang='grc' dir='ltr'>τε</span> <span class='ocrx_word' id='word_1_134' title='bbox 250 1203 372 1276; x_wconf 79' lang='grc' dir='ltr'>ἤδη</span> <span class='ocrx_word' id='word_1_135' title='bbox 405 1209 484 1277; x_wconf 80' lang='grc' dir='ltr'><strong>τῷ</strong></span> <span class='ocrx_word' id='word_1_136' title='bbox 515 1201 675 1277; x_wconf 80' lang='grc' dir='ltr'><strong>ἔρωτι</strong></span> <span class='ocrx_word' id='word_1_137' title='bbox 706 1193 875 1274; x_wconf 75' lang='grc' dir='ltr'>ἔχων,</span> <span class='ocrx_word' id='word_1_138' title='bbox 897 1196 985 1251; x_wconf 84' lang='grc' dir='ltr'><strong>καὶ</strong></span> <span class='ocrx_word' id='word_1_139' title='bbox 1019 1195 1198 1250; x_wconf 82' lang='grc' dir='ltr'>οὐκέτι</span> <span class='ocrx_word' id='word_1_140' title='bbox 1226 1192 1345 1255; x_wconf 80' lang='grc' dir='ltr'>οἷός</span> <span class='ocrx_word' id='word_1_141' title='bbox 1375 1212 1431 1247; x_wconf 89' lang='grc' dir='ltr'><strong>τε</strong></span> <span class='ocrx_word' id='word_1_142' title='bbox 1471 1188 1546 1246; x_wconf 84' lang='grc' dir='ltr'>ὢν</span> <span class='ocrx_word' id='word_1_143' title='bbox 1577 1192 1824 1265; x_wconf 81' lang='grc' dir='ltr'><strong>ἠρεμεῖν,</strong></span> 
     </span>
    </p>
   </div>
   <div class='ocr_carea' id='block_1_19' title="bbox 1945 1188 3571 1277">
    <p class='ocr_par' dir='ltr' id='par_1_19' title="bbox 1945 1192 3571 1265">
     <span class='ocr_line' id='line_1_19' title="bbox 1945 1192 3571 1265; baseline -0.003 -14"><span class='ocrx_word' id='word_1_144' title='bbox 1945 1202 2126 1252; x_wconf 68' lang='lat' dir='ltr'><strong>intem</strong></span> <span class='ocrx_word' id='word_1_145' title='bbox 2157 1212 2291 1252; x_wconf 90' lang='lat' dir='ltr'><strong>cum</strong></span> <span class='ocrx_word' id='word_1_146' title='bbox 2322 1200 2377 1253; x_wconf 89' lang='lat' dir='ltr'><strong>et</strong></span> <span class='ocrx_word' id='word_1_147' title='bbox 2408 1211 2595 1251; x_wconf 87' lang='lat' dir='ltr'><strong>amore</strong></span> <span class='ocrx_word' id='word_1_148' title='bbox 2627 1194 2751 1265; x_wconf 86' lang='lat' dir='ltr'><strong>jam</strong></span> <span class='ocrx_word' id='word_1_149' title='bbox 2783 1192 3048 1264; x_wconf 90' lang='lat' dir='ltr'><strong>improbe</strong></span> <span class='ocrx_word' id='word_1_150' title='bbox 3076 1196 3281 1264; x_wconf 88' lang='lat' dir='ltr'><strong>captus</strong></span> <span class='ocrx_word' id='word_1_151' title='bbox 3311 1198 3485 1257; x_wconf 90' lang='lat' dir='ltr'><strong>esset,</strong></span> <span class='ocrx_word' id='word_1_152' title='bbox 3514 1195 3571 1246; x_wconf 92' lang='lat' dir='ltr'><strong>et</strong></span> 
     </span>
    </p>
   </div>
   <div class='ocr_carea' id='block_1_20' title="bbox 70 1280 1823 1363">
    <p class='ocr_par' dir='ltr' id='par_1_20' title="bbox 70 1280 1823 1363">
     <span class='ocr_line' id='line_1_20' title="bbox 70 1280 1823 1363; baseline -0.017 -9"><span class='ocrx_word' id='word_1_153' title='bbox 70 1310 81 1353; x_wconf 61' lang='grc' dir='ltr'><em>ά</em></span> <span class='ocrx_word' id='word_1_154' title='bbox 152 1294 370 1363; x_wconf 77' lang='grc' dir='ltr'>ἕπει.δή</span> <span class='ocrx_word' id='word_1_155' title='bbox 397 1294 568 1349; x_wconf 77' lang='grc' dir='ltr'>πάντα</span> <span class='ocrx_word' id='word_1_156' title='bbox 621 1289 776 1345; x_wconf 84' lang='grc' dir='ltr'>λίθον</span> <span class='ocrx_word' id='word_1_157' title='bbox 826 1288 1052 1356; x_wconf 81' lang='grc' dir='ltr'>κινήσας</span> <span class='ocrx_word' id='word_1_158' title='bbox 1112 1282 1305 1357; x_wconf 78' lang='grc' dir='ltr'>ἔμαθεν</span> <span class='ocrx_word' id='word_1_159' title='bbox 1359 1280 1506 1355; x_wconf 75' lang='grc' dir='ltr'>παρὰ</span> <span class='ocrx_word' id='word_1_160' title='bbox 1570 1282 1639 1353; x_wconf 80' lang='grc' dir='ltr'><strong>τῇ</strong></span> <span class='ocrx_word' id='word_1_161' title='bbox 1696 1280 1823 1353; x_wconf 78' lang='grc' dir='ltr'><strong>Ἀρ-</strong></span> 
     </span>
    </p>
   </div>
   <div class='ocr_carea' id='block_1_21' title="bbox 70 1367 1824 1459">
    <p class='ocr_par' dir='ltr' id='par_1_21' title="bbox 70 1367 1824 1459">
     <span class='ocr_line' id='line_1_21' title="bbox 70 1367 1824 1459; baseline -0.013 -17"><span class='ocrx_word' id='word_1_162' title='bbox 70 1418 73 1425; x_wconf 64' lang='grc' dir='ltr'>ν</span> <span class='ocrx_word' id='word_1_163' title='bbox 159 1384 379 1459; x_wconf 82' lang='grc' dir='ltr'>μενίων</span> <span class='ocrx_word' id='word_1_164' title='bbox 414 1382 573 1459; x_wconf 82' lang='grc' dir='ltr'>χώρᾳ</span> <span class='ocrx_word' id='word_1_165' title='bbox 602 1380 703 1448; x_wconf 85' lang='grc' dir='ltr'><strong>τήν</strong></span> <span class='ocrx_word' id='word_1_166' title='bbox 734 1378 992 1451; x_wconf 80' lang='grc' dir='ltr'>Ῥιψίμην</span> <span class='ocrx_word' id='word_1_167' title='bbox 1047 1373 1484 1447; x_wconf 82' lang='grc' dir='ltr'>μεταναστεῦσαι,</span> <span class='ocrx_word' id='word_1_168' title='bbox 1532 1370 1605 1430; x_wconf 85' lang='grc' dir='ltr'>ὡς</span> <span class='ocrx_word' id='word_1_169' title='bbox 1656 1367 1824 1442; x_wconf 78' lang='grc' dir='ltr'>εἶχεν,</span> 
     </span>
    </p>
   </div>
   <div class='ocr_carea' id='block_1_22' title="bbox 70 1453 1824 1547">
    <p class='ocr_par' dir='ltr' id='par_1_22' title="bbox 70 1453 1824 1547">
     <span class='ocr_line' id='line_1_22' title="bbox 70 1453 1824 1547; baseline -0.012 -17"><span class='ocrx_word' id='word_1_170' title='bbox 70 1512 75 1539; x_wconf 73' lang='grc'>;</span> <span class='ocrx_word' id='word_1_171' title='bbox 154 1453 336 1538; x_wconf 71' lang='grc' dir='ltr'>εὐθὺς</span> <span class='ocrx_word' id='word_1_172' title='bbox 386 1453 581 1547; x_wconf 68' lang='grc' dir='ltr'>γράφει</span> <span class='ocrx_word' id='word_1_173' title='bbox 634 1471 713 1540; x_wconf 84' lang='grc' dir='ltr'>τῷ</span> <span class='ocrx_word' id='word_1_174' title='bbox 750 1472 852 1535; x_wconf 87' lang='grc' dir='ltr'><strong>τῆς</strong></span> <span class='ocrx_word' id='word_1_175' title='bbox 910 1461 1198 1535; x_wconf 78' lang='grc' dir='ltr'>Ἀρμενίας</span> <span class='ocrx_word' id='word_1_176' title='bbox 1263 1457 1479 1535; x_wconf 86' lang='grc' dir='ltr'>βασιλεῖ</span> <span class='ocrx_word' id='word_1_177' title='bbox 1525 1453 1824 1530; x_wconf 74' lang='grc' dir='ltr'>Τηριδατῃ,</span> 
     </span>
    </p>
   </div>
   <div class='ocr_carea' id='block_1_23' title="bbox 70 1545 1824 1632">
    <p class='ocr_par' dir='ltr' id='par_1_23' title="bbox 70 1545 1824 1632">
     <span class='ocr_line' id='line_1_23' title="bbox 70 1545 1824 1632; baseline -0.012 -13"><span class='ocrx_word' id='word_1_178' title='bbox 70 1624 71 1629; x_wconf 29' lang='grc' dir='ltr'><strong>η</strong></span> <span class='ocrx_word' id='word_1_179' title='bbox 155 1562 324 1619; x_wconf 80' lang='grc' dir='ltr'>ἄλλα</span> <span class='ocrx_word' id='word_1_180' title='bbox 354 1545 415 1617; x_wconf 85' lang='grc' dir='ltr'><strong>τε</strong></span> <span class='ocrx_word' id='word_1_181' title='bbox 456 1545 593 1614; x_wconf 77' lang='grc' dir='ltr'><strong>κατά</strong></span> <span class='ocrx_word' id='word_1_182' title='bbox 640 1558 967 1632; x_wconf 81' lang='grc' dir='ltr'>Χριστιανῶν</span> <span class='ocrx_word' id='word_1_183' title='bbox 1030 1550 1130 1607; x_wconf 80' lang='grc' dir='ltr'>οὐκ</span> <span class='ocrx_word' id='word_1_184' title='bbox 1194 1549 1373 1624; x_wconf 80' lang='grc' dir='ltr'>ὀλίγα,</span> <span class='ocrx_word' id='word_1_185' title='bbox 1434 1546 1528 1602; x_wconf 78' lang='grc' dir='ltr'><strong>καὶ</strong></span> <span class='ocrx_word' id='word_1_186' title='bbox 1592 1546 1666 1608; x_wconf 88' lang='grc' dir='ltr'>ὡς</span> <span class='ocrx_word' id='word_1_187' title='bbox 1721 1545 1824 1613; x_wconf 78' lang='grc' dir='ltr'>τὴν</span> 
     </span>
    </p>
   </div>
   <div class='ocr_carea' id='block_1_24' title="bbox 70 1634 1821 1728">
    <p class='ocr_par' dir='ltr' id='par_1_24' title="bbox 70 1634 1821 1728">
     <span class='ocr_line' id='line_1_24' title="bbox 70 1634 1821 1728; baseline -0.013 -19"><span class='ocrx_word' id='word_1_188' title='bbox 70 1692 73 1719; x_wconf 68' lang='grc' dir='ltr'><em>ς</em></span> <span class='ocrx_word' id='word_1_189' title='bbox 153 1652 466 1728; x_wconf 77' lang='grc' dir='ltr'>ἐρωμένην</span> <span class='ocrx_word' id='word_1_190' title='bbox 544 1646 690 1719; x_wconf 78' lang='grc' dir='ltr'>αὐτῷ</span> <span class='ocrx_word' id='word_1_191' title='bbox 766 1642 1028 1718; x_wconf 76' lang='grc' dir='ltr'>Ῥιψίμην</span> <span class='ocrx_word' id='word_1_192' title='bbox 1124 1637 1420 1714; x_wconf 77' lang='grc' dir='ltr'>πανούργῳ</span> <span class='ocrx_word' id='word_1_193' title='bbox 1494 1635 1585 1690; x_wconf 85' lang='grc' dir='ltr'><strong>καὶ</strong></span> <span class='ocrx_word' id='word_1_194' title='bbox 1661 1634 1821 1710; x_wconf 84' lang='grc' dir='ltr'>γόητι</span> 
     </span>
    </p>
   </div>
   <div class='ocr_carea' id='block_1_25' title="bbox 70 1721 1824 1815">
    <p class='ocr_par' dir='ltr' id='par_1_25' title="bbox 70 1721 1824 1815">
     <span class='ocr_line' id='line_1_25' title="bbox 70 1721 1824 1815; baseline -0.013 -18"><span class='ocrx_word' id='word_1_195' title='bbox 70 1784 77 1811; x_wconf 34' lang='grc' dir='ltr'>μ</span> <span class='ocrx_word' id='word_1_196' title='bbox 157 1721 379 1815; x_wconf 71' lang='grc' dir='ltr'>ὁμιλίᾳ</span> <span class='ocrx_word' id='word_1_197' title='bbox 442 1734 872 1813; x_wconf 80' lang='grc' dir='ltr'>ὑποδραμόντες,</span> <span class='ocrx_word' id='word_1_198' title='bbox 938 1728 1217 1786; x_wconf 86' lang='grc' dir='ltr'>ἀνέπεισαν</span> <span class='ocrx_word' id='word_1_199' title='bbox 1282 1732 1385 1815; x_wconf 80' lang='grc' dir='ltr'><strong>τῆς</strong></span> <span class='ocrx_word' id='word_1_200' title='bbox 1450 1726 1586 1815; x_wconf 71' lang='grc' dir='ltr'><strong>μετ’Δ</strong></span> <span class='ocrx_word' id='word_1_201' title='bbox 1622 1721 1824 1777; x_wconf 78' lang='grc' dir='ltr'>ἐκείνου</span> 
     </span>
    </p>
   </div>
   <div class='ocr_carea' id='block_1_26' title="bbox 1934 1280 3569 1356">
    <p class='ocr_par' dir='ltr' id='par_1_26' title="bbox 1934 1280 3569 1356">
     <span class='ocr_line' id='line_1_26' title="bbox 1934 1280 3569 1356; baseline -0.004 -15"><span class='ocrx_word' id='word_1_202' title='bbox 1934 1302 2048 1341; x_wconf 91' lang='lat' dir='ltr'><strong>non</strong></span> <span class='ocrx_word' id='word_1_203' title='bbox 2109 1291 2305 1356; x_wconf 79' lang='lat' dir='ltr'><strong>posset</strong></span> <span class='ocrx_word' id='word_1_204' title='bbox 2352 1282 2606 1354; x_wconf 86' lang='lat' dir='ltr'><strong>amplius</strong></span> <span class='ocrx_word' id='word_1_205' title='bbox 2656 1281 2970 1354; x_wconf 85' lang='lat' dir='ltr'><strong>quiescere,</strong></span> <span class='ocrx_word' id='word_1_206' title='bbox 3025 1284 3357 1352; x_wconf 81' lang='lat' dir='ltr'><strong>postquam,</strong></span> <span class='ocrx_word' id='word_1_207' title='bbox 3408 1280 3569 1335; x_wconf 89' lang='lat' dir='ltr'><strong>omni</strong></span> 
     </span>
    </p>
   </div>
   <div class='ocr_carea' id='block_1_27' title="bbox 1937 1368 3571 1445">
    <p class='ocr_par' dir='ltr' id='par_1_27' title="bbox 1937 1368 3571 1445">
     <span class='ocr_line' id='line_1_27' title="bbox 1937 1368 3571 1445; baseline -0.006 -14"><span class='ocrx_word' id='word_1_208' title='bbox 1937 1379 2091 1431; x_wconf 90' lang='lat' dir='ltr'><strong>moto</strong></span> <span class='ocrx_word' id='word_1_209' title='bbox 2122 1373 2334 1445; x_wconf 87' lang='lat' dir='ltr'><strong>lapide,</strong></span> <span class='ocrx_word' id='word_1_210' title='bbox 2368 1373 2585 1441; x_wconf 89' lang='lat' dir='ltr'><strong>accepit</strong></span> <span class='ocrx_word' id='word_1_211' title='bbox 2616 1370 2897 1441; x_wconf 83' lang='lat' dir='ltr'><strong>migrasse</strong></span> <span class='ocrx_word' id='word_1_212' title='bbox 2946 1369 3264 1438; x_wconf 80' lang='lat' dir='ltr'><strong>Ripsimem</strong></span> <span class='ocrx_word' id='word_1_213' title='bbox 3297 1368 3355 1423; x_wconf 90' lang='lat' dir='ltr'><strong>in</strong></span> <span class='ocrx_word' id='word_1_214' title='bbox 3386 1368 3571 1439; x_wconf 87' lang='lat' dir='ltr'><strong>regio-</strong></span> 
     </span>
    </p>
   </div>
   <div class='ocr_carea' id='block_1_28' title="bbox 1935 1459 3571 1530">
    <p class='ocr_par' dir='ltr' id='par_1_28' title="bbox 1935 1459 3571 1530">
     <span class='ocr_line' id='line_1_28' title="bbox 1935 1459 3571 1530; baseline -0.005 -10"><span class='ocrx_word' id='word_1_215' title='bbox 1935 1481 2067 1520; x_wconf 91' lang='lat' dir='ltr'><strong>nem</strong></span> <span class='ocrx_word' id='word_1_216' title='bbox 2098 1464 2521 1530; x_wconf 76' lang='lat' dir='ltr'><strong>Armeniorum,</strong></span> <span class='ocrx_word' id='word_1_217' title='bbox 2554 1459 2753 1517; x_wconf 86' lang='lat' dir='ltr'><strong>scribit</strong></span> <span class='ocrx_word' id='word_1_218' title='bbox 2800 1459 2993 1515; x_wconf 85' lang='lat' dir='ltr'><strong>statim</strong></span> <span class='ocrx_word' id='word_1_219' title='bbox 3041 1459 3113 1513; x_wconf 90' lang='lat' dir='ltr'><strong>ad</strong></span> <span class='ocrx_word' id='word_1_220' title='bbox 3148 1473 3337 1528; x_wconf 81' lang='lat' dir='ltr'><strong>regem</strong></span> <span class='ocrx_word' id='word_1_221' title='bbox 3368 1461 3571 1514; x_wconf 86' lang='lat' dir='ltr'><strong>Arme-</strong></span> 
     </span>
    </p>
   </div>
   <div class='ocr_carea' id='block_1_29' title="bbox 1934 1547 3570 1620">
    <p class='ocr_par' dir='ltr' id='par_1_29' title="bbox 1934 1547 3570 1620">
     <span class='ocr_line' id='line_1_29' title="bbox 1934 1547 3570 1620; baseline -0.004 -11"><span class='ocrx_word' id='word_1_222' title='bbox 1934 1554 2041 1609; x_wconf 70' lang='lat' dir='ltr'><strong>nias</strong></span> <span class='ocrx_word' id='word_1_223' title='bbox 2077 1553 2421 1617; x_wconf 85' lang='lat' dir='ltr'><strong>Teridatem,</strong></span> <span class='ocrx_word' id='word_1_224' title='bbox 2453 1556 2510 1608; x_wconf 90' lang='lat' dir='ltr'><strong>et</strong></span> <span class='ocrx_word' id='word_1_225' title='bbox 2540 1550 2653 1606; x_wconf 91' lang='lat' dir='ltr'><strong>alia</strong></span> <span class='ocrx_word' id='word_1_226' title='bbox 2698 1566 2812 1605; x_wconf 92' lang='lat' dir='ltr'><strong>non</strong></span> <span class='ocrx_word' id='word_1_227' title='bbox 2858 1565 3040 1620; x_wconf 88' lang='lat' dir='ltr'><strong>pauca</strong></span> <span class='ocrx_word' id='word_1_228' title='bbox 3069 1548 3347 1603; x_wconf 89' lang='lat' dir='ltr'><strong>adversus</strong></span> <span class='ocrx_word' id='word_1_229' title='bbox 3377 1547 3570 1603; x_wconf 87' lang='lat' dir='ltr'><strong>Chris-</strong></span> 
     </span>
    </p>
   </div>
   <div class='ocr_carea' id='block_1_30' title="bbox 1935 1636 3571 1713">
    <p class='ocr_par' dir='ltr' id='par_1_30' title="bbox 1935 1636 3571 1713">
     <span class='ocr_line' id='line_1_30' title="bbox 1935 1636 3571 1713; baseline -0.004 -15"><span class='ocrx_word' id='word_1_230' title='bbox 1935 1643 2146 1710; x_wconf 90' lang='lat' dir='ltr'><strong>tianos,</strong></span> <span class='ocrx_word' id='word_1_231' title='bbox 2176 1645 2235 1697; x_wconf 89' lang='lat' dir='ltr'><strong>et</strong></span> <span class='ocrx_word' id='word_1_232' title='bbox 2279 1642 2430 1713; x_wconf 92' lang='lat' dir='ltr'><strong>quod</strong></span> <span class='ocrx_word' id='word_1_233' title='bbox 2464 1657 2497 1695; x_wconf 91' lang='lat' dir='ltr'><strong>a</strong></span> <span class='ocrx_word' id='word_1_234' title='bbox 2540 1655 2603 1695; x_wconf 89' lang='lat' dir='ltr'><strong>se</strong></span> <span class='ocrx_word' id='word_1_235' title='bbox 2647 1637 2924 1693; x_wconf 88' lang='lat' dir='ltr'><strong>dilectum</strong></span> <span class='ocrx_word' id='word_1_236' title='bbox 2978 1636 3293 1707; x_wconf 82' lang='lat' dir='ltr'><strong>Ripsimem</strong></span> <span class='ocrx_word' id='word_1_237' title='bbox 3325 1636 3482 1691; x_wconf 87' lang='lat' dir='ltr'><strong>vafro</strong></span> <span class='ocrx_word' id='word_1_238' title='bbox 3514 1639 3571 1691; x_wconf 90' lang='lat' dir='ltr'><strong>et</strong></span> 
     </span>
    </p>
   </div>
   <div class='ocr_carea' id='block_1_31' title="bbox 1932 1725 3571 1800">
    <p class='ocr_par' dir='ltr' id='par_1_31' title="bbox 1932 1725 3571 1800">
     <span class='ocr_line' id='line_1_31' title="bbox 1932 1725 3571 1800; baseline -0.004 -15"><span class='ocrx_word' id='word_1_239' title='bbox 1932 1731 2185 1787; x_wconf 82' lang='lat' dir='ltr'><strong>venefico</strong></span> <span class='ocrx_word' id='word_1_240' title='bbox 2217 1745 2486 1786; x_wconf 88' lang='lat' dir='ltr'><strong>sermone</strong></span> <span class='ocrx_word' id='word_1_241' title='bbox 2529 1727 2906 1800; x_wconf 88' lang='lat' dir='ltr'><strong>pellicientes,</strong></span> <span class='ocrx_word' id='word_1_242' title='bbox 2939 1725 2991 1781; x_wconf 90' lang='lat' dir='ltr'><strong>ei</strong></span> <span class='ocrx_word' id='word_1_243' title='bbox 3040 1728 3475 1796; x_wconf 88' lang='lat' dir='ltr'><strong>persuaserunt,</strong></span> <span class='ocrx_word' id='word_1_244' title='bbox 3506 1727 3571 1779; x_wconf 90' lang='lat' dir='ltr'><strong>ut</strong></span> 
     </span>
    </p>
   </div>
   <div class='ocr_carea' id='block_1_32' title="bbox 70 1809 1835 1914">
    <p class='ocr_par' dir='ltr' id='par_1_32' title="bbox 70 1809 1825 1901">
     <span class='ocr_line' id='line_1_32' title="bbox 70 1809 1825 1901; baseline -0.014 -11"><span class='ocrx_word' id='word_1_245' title='bbox 70 1809 77 1901; x_wconf 40' lang='grc' dir='ltr'>ξ</span> <span class='ocrx_word' id='word_1_246' title='bbox 164 1809 485 1895; x_wconf 80' lang='grc' dir='ltr'>συνουσίας,</span> <span class='ocrx_word' id='word_1_247' title='bbox 562 1809 665 1895; x_wconf 77' lang='grc' dir='ltr'>τὴν</span> <span class='ocrx_word' id='word_1_248' title='bbox 724 1824 814 1881; x_wconf 78' lang='grc' dir='ltr'>ἐπὶ</span> <span class='ocrx_word' id='word_1_249' title='bbox 879 1824 1028 1897; x_wconf 79' lang='grc' dir='ltr'>ξένης</span> <span class='ocrx_word' id='word_1_250' title='bbox 1093 1818 1308 1883; x_wconf 67' lang='grc' dir='ltr'>ἑλέσθαι</span> <span class='ocrx_word' id='word_1_251' title='bbox 1375 1809 1682 1890; x_wconf 69' lang='grc' dir='ltr'>διατριϐήν,</span> <span class='ocrx_word' id='word_1_252' title='bbox 1735 1810 1825 1867; x_wconf 71' lang='grc' dir='ltr'><strong>καί</strong></span> 
     </span>
    </p>
   </div>
   <div class='ocr_carea' id='block_1_33' title="bbox 1945 1809 3568 1914">
    <p class='ocr_par' dir='ltr' id='par_1_33' title="bbox 1945 1813 3568 1885">
     <span class='ocr_line' id='line_1_33' title="bbox 1945 1813 3568 1885; baseline -0.006 -10"><span class='ocrx_word' id='word_1_253' title='bbox 1945 1818 2135 1875; x_wconf 81' lang='lat' dir='ltr'><strong>mallet</strong></span> <span class='ocrx_word' id='word_1_254' title='bbox 2180 1819 2241 1874; x_wconf 90' lang='lat' dir='ltr'><strong>in</strong></span> <span class='ocrx_word' id='word_1_255' title='bbox 2310 1824 2547 1873; x_wconf 84' lang='lat' dir='ltr'><strong>externa</strong></span> <span class='ocrx_word' id='word_1_256' title='bbox 2612 1816 2800 1870; x_wconf 87' lang='lat' dir='ltr'><strong>vivere</strong></span> <span class='ocrx_word' id='word_1_257' title='bbox 2843 1813 3095 1885; x_wconf 83' lang='lat' dir='ltr'><strong>regione,</strong></span> <span class='ocrx_word' id='word_1_258' title='bbox 3146 1816 3202 1867; x_wconf 90' lang='lat' dir='ltr'><strong>et</strong></span> <span class='ocrx_word' id='word_1_259' title='bbox 3250 1827 3377 1867; x_wconf 89' lang='lat' dir='ltr'><strong>eam</strong></span> <span class='ocrx_word' id='word_1_260' title='bbox 3436 1826 3568 1866; x_wconf 91' lang='lat' dir='ltr'><strong>cum</strong></span> 
     </span>
    </p>
   </div>
   <div class='ocr_carea' id='block_1_34' title="bbox 70 1900 1824 1995">
    <p class='ocr_par' dir='ltr' id='par_1_34' title="bbox 70 1900 1824 1995">
     <span class='ocr_line' id='line_1_34' title="bbox 70 1900 1824 1995; baseline -0.014 -18"><span class='ocrx_word' id='word_1_261' title='bbox 70 1976 77 1995; x_wconf 48' lang='grc' dir='ltr'>ι</span> <span class='ocrx_word' id='word_1_262' title='bbox 161 1920 375 1994; x_wconf 75' lang='grc' dir='ltr'>ἄτιμον</span> <span class='ocrx_word' id='word_1_263' title='bbox 410 1918 462 1973; x_wconf 80' lang='grc' dir='ltr'>ἐν</span> <span class='ocrx_word' id='word_1_264' title='bbox 533 1915 668 1989; x_wconf 74' lang='grc' dir='ltr'>αὐτῇ</span> <span class='ocrx_word' id='word_1_265' title='bbox 724 1911 996 1982; x_wconf 81' lang='grc' dir='ltr'>πλανῆτιν</span> <span class='ocrx_word' id='word_1_266' title='bbox 1062 1907 1345 1984; x_wconf 87' lang='grc' dir='ltr'>περιιένοι.</span> <span class='ocrx_word' id='word_1_267' title='bbox 1412 1900 1657 1962; x_wconf 71' lang='grc' dir='ltr'>Είίκολον</span> <span class='ocrx_word' id='word_1_268' title='bbox 1722 1902 1824 1978; x_wconf 74' lang='grc' dir='ltr'>γὰρ</span> 
     </span>
    </p>
   </div>
   <div class='ocr_carea' id='block_1_35' title="bbox 70 1990 1831 2085">
    <p class='ocr_par' dir='ltr' id='par_1_35' title="bbox 70 1990 1831 2085">
     <span class='ocr_line' id='line_1_35' title="bbox 70 1990 1831 2085; baseline -0.014 -17"><span class='ocrx_word' id='word_1_269' title='bbox 70 2054 77 2083; x_wconf 72' lang='grc' dir='ltr'>ι</span> <span class='ocrx_word' id='word_1_270' title='bbox 156 2012 309 2085; x_wconf 81' lang='grc' dir='ltr'>γυνὴ</span> <span class='ocrx_word' id='word_1_271' title='bbox 353 2008 492 2084; x_wconf 87' lang='grc' dir='ltr'>πρὸς</span> <span class='ocrx_word' id='word_1_272' title='bbox 541 2006 751 2076; x_wconf 82' lang='grc' dir='ltr'>ἀπάτην</span> <span class='ocrx_word' id='word_1_273' title='bbox 813 2002 903 2057; x_wconf 77' lang='grc' dir='ltr'><strong>καὶ</strong></span> <span class='ocrx_word' id='word_1_274' title='bbox 970 2004 1195 2077; x_wconf 74' lang='grc' dir='ltr'>κοῦφον·</span> <span class='ocrx_word' id='word_1_275' title='bbox 1255 2000 1371 2052; x_wconf 85' lang='grc' dir='ltr'>Δεῖν</span> <span class='ocrx_word' id='word_1_276' title='bbox 1432 1992 1489 2049; x_wconf 72' lang='grc' dir='ltr'>δὲ</span> <span class='ocrx_word' id='word_1_277' title='bbox 1544 1992 1708 2061; x_wconf 74' lang='grc' dir='ltr'>αὐτὴν</span> <span class='ocrx_word' id='word_1_278' title='bbox 1771 1990 1831 2045; x_wconf 77' lang='grc' dir='ltr'>ἐκ</span> 
     </span>
    </p>
   </div>
   <div class='ocr_carea' id='block_1_36' title="bbox 70 2081 1828 2171">
    <p class='ocr_par' dir='ltr' id='par_1_36' title="bbox 70 2081 1828 2171">
     <span class='ocr_line' id='line_1_36' title="bbox 70 2081 1828 2171; baseline -0.009 -20"><span class='ocrx_word' id='word_1_279' title='bbox 70 2081 77 2151; x_wconf 37' lang='grc' dir='ltr'><strong>ί</strong></span> <span class='ocrx_word' id='word_1_280' title='bbox 172 2081 643 2171; x_wconf 31' lang='grc' dir='ltr'>παντὸς-τρόπου</span> <span class='ocrx_word' id='word_1_281' title='bbox 708 2092 761 2148; x_wconf 73' lang='grc' dir='ltr'>ἐν</span> <span class='ocrx_word' id='word_1_282' title='bbox 829 2093 897 2165; x_wconf 78' lang='grc' dir='ltr'><strong>τῇ</strong></span> <span class='ocrx_word' id='word_1_283' title='bbox 966 2088 1270 2164; x_wconf 77' lang='grc' dir='ltr'>’Δρμενίιυν</span> <span class='ocrx_word' id='word_1_284' title='bbox 1335 2082 1647 2159; x_wconf 83' lang='grc' dir='ltr'>ἀνευρόντα,</span> <span class='ocrx_word' id='word_1_285' title='bbox 1703 2081 1828 2171; x_wconf 79' lang='grc' dir='ltr'>παρ’</span> 
     </span>
    </p>
   </div>
   <div class='ocr_carea' id='block_1_37' title="bbox 70 2168 1834 2258">
    <p class='ocr_par' dir='ltr' id='par_1_37' title="bbox 70 2168 1834 2258">
     <span class='ocr_line' id='line_1_37' title="bbox 70 2168 1834 2258; baseline -0.014 -12"><span class='ocrx_word' id='word_1_286' title='bbox 70 2240 71 2245; x_wconf 49' lang='grc' dir='ltr'><strong>η</strong></span> <span class='ocrx_word' id='word_1_287' title='bbox 167 2189 346 2245; x_wconf 77' lang='grc' dir='ltr'>αὐτὸν</span> <span class='ocrx_word' id='word_1_288' title='bbox 384 2186 737 2258; x_wconf 84' lang='grc' dir='ltr'>ἀναπέμπειν.</span> <span class='ocrx_word' id='word_1_289' title='bbox 782 2180 846 2238; x_wconf 77' lang='lat' dir='ltr'><strong>El</strong></span> <span class='ocrx_word' id='word_1_290' title='bbox 896 2177 954 2235; x_wconf 84' lang='grc' dir='ltr'>δὶ</span> <span class='ocrx_word' id='word_1_291' title='bbox 997 2177 1086 2233; x_wconf 85' lang='grc' dir='ltr'><strong>καὶ</strong></span> <span class='ocrx_word' id='word_1_292' title='bbox 1136 2178 1331 2248; x_wconf 72' lang='grc' dir='ltr'>ἑαυτῷ,</span> <span class='ocrx_word' id='word_1_293' title='bbox 1390 2172 1546 2253; x_wconf 82' lang='grc' dir='ltr'>φησὶ,</span> <span class='ocrx_word' id='word_1_294' title='bbox 1607 2168 1834 2225; x_wconf 63' lang='grc' dir='ltr'>συνοικί-</span> 
     </span>
    </p>
   </div>
   <div class='ocr_carea' id='block_1_38' title="bbox 70 2261 1572 2344">
    <p class='ocr_par' dir='ltr' id='par_1_38' title="bbox 70 2261 1572 2344">
     <span class='ocr_line' id='line_1_38' title="bbox 70 2261 1572 2344; baseline -0.012 -8"><span class='ocrx_word' id='word_1_295' title='bbox 70 2334 71 2337; x_wconf 43' lang='grc' dir='ltr'><strong>η</strong></span> <span class='ocrx_word' id='word_1_296' title='bbox 172 2296 362 2343; x_wconf 86' lang='grc' dir='ltr'>ταιτο,</span> <span class='ocrx_word' id='word_1_297' title='bbox 385 2274 476 2330; x_wconf 87' lang='grc' dir='ltr'>καὶ</span> <span class='ocrx_word' id='word_1_298' title='bbox 514 2276 673 2328; x_wconf 75' lang='grc' dir='ltr'>τοῦτο</span> <span class='ocrx_word' id='word_1_299' title='bbox 705 2269 863 2325; x_wconf 75' lang='grc' dir='ltr'>αὐτὸν</span> <span class='ocrx_word' id='word_1_300' title='bbox 897 2268 1169 2344; x_wconf 80' lang='grc' dir='ltr'>εὐφρανεῖν</span> <span class='ocrx_word' id='word_1_301' title='bbox 1205 2261 1360 2320; x_wconf 74' lang='grc' dir='ltr'>οὐδὲν</span> <span class='ocrx_word' id='word_1_302' title='bbox 1386 2261 1572 2329; x_wconf 71' lang='grc' dir='ltr'>ἦττον.</span> 
     </span>
    </p>
   </div>
   <div class='ocr_carea' id='block_1_39' title="bbox 252 2434 1832 2517">
    <p class='ocr_par' dir='ltr' id='par_1_39' title="bbox 252 2434 1832 2517">
     <span class='ocr_line' id='line_1_39' title="bbox 252 2434 1832 2517; baseline -0.014 -7"><span class='ocrx_word' id='word_1_303' title='bbox 252 2456 355 2513; x_wconf 89' lang='grc' dir='ltr'><strong>ΙΘ’.</strong></span> <span class='ocrx_word' id='word_1_304' title='bbox 388 2455 569 2510; x_wconf 78' lang='grc' dir='ltr'>Ταῦτα</span> <span class='ocrx_word' id='word_1_305' title='bbox 608 2445 796 2517; x_wconf 74' lang='grc' dir='ltr'>ἐπειδὴ</span> <span class='ocrx_word' id='word_1_306' title='bbox 865 2446 942 2506; x_wconf 84' lang='grc' dir='ltr'><strong>ὡς</strong></span> <span class='ocrx_word' id='word_1_307' title='bbox 1005 2444 1098 2499; x_wconf 82' lang='grc' dir='ltr'><strong>τὸν</strong></span> <span class='ocrx_word' id='word_1_308' title='bbox 1164 2438 1469 2514; x_wconf 76' lang='grc' dir='ltr'>Τηριδάτην</span> <span class='ocrx_word' id='word_1_309' title='bbox 1530 2438 1595 2492; x_wconf 82' lang='grc' dir='ltr'><strong>τὰ</strong></span> <span class='ocrx_word' id='word_1_310' title='bbox 1652 2434 1832 2513; x_wconf 79' lang='grc' dir='ltr'>γράμ-</span> 
     </span>
    </p>
   </div>
   <div class='ocr_carea' id='block_1_40' title="bbox 173 2526 1833 2617">
    <p class='ocr_par' dir='ltr' id='par_1_40' title="bbox 173 2526 1833 2617">
     <span class='ocr_line' id='line_1_40' title="bbox 173 2526 1833 2617; baseline -0.013 -19"><span class='ocrx_word' id='word_1_311' title='bbox 173 2563 328 2617; x_wconf 81' lang='grc' dir='ltr'>ματα</span> <span class='ocrx_word' id='word_1_312' title='bbox 376 2544 527 2611; x_wconf 77' lang='grc' dir='ltr'>ἧκεν,</span> <span class='ocrx_word' id='word_1_313' title='bbox 585 2537 834 2612; x_wconf 86' lang='grc' dir='ltr'>ἀνίχνευε</span> <span class='ocrx_word' id='word_1_314' title='bbox 891 2535 986 2596; x_wconf 73' lang='grc' dir='ltr'><strong>τὰς</strong></span> <span class='ocrx_word' id='word_1_315' title='bbox 1044 2530 1342 2605; x_wconf 80' lang='grc' dir='ltr'>παρθένους</span> <span class='ocrx_word' id='word_1_316' title='bbox 1399 2526 1602 2587; x_wconf 77' lang='grc' dir='ltr'>ἐκεῖνος</span> <span class='ocrx_word' id='word_1_317' title='bbox 1663 2542 1833 2598; x_wconf 88' lang='grc' dir='ltr'>παρα-</span> 
     </span>
    </p>
   </div>
   <div class='ocr_carea' id='block_1_41' title="bbox 178 2612 1828 2711">
    <p class='ocr_par' dir='ltr' id='par_1_41' title="bbox 178 2612 1828 2711">
     <span class='ocr_line' id='line_1_41' title="bbox 178 2612 1828 2711; baseline -0.014 -24"><span class='ocrx_word' id='word_1_318' title='bbox 178 2612 384 2711; x_wconf 74' lang='grc' dir='ltr'>χρῆμα</span> <span class='ocrx_word' id='word_1_319' title='bbox 413 2629 502 2685; x_wconf 77' lang='grc' dir='ltr'><strong>καί</strong></span> <span class='ocrx_word' id='word_1_320' title='bbox 535 2626 822 2701; x_wconf 85' lang='grc' dir='ltr'>ἀνηρεύνα.</span> <span class='ocrx_word' id='word_1_321' title='bbox 856 2625 945 2685; x_wconf 83' lang='grc' dir='ltr'>Ὠς</span> <span class='ocrx_word' id='word_1_322' title='bbox 977 2618 1033 2676; x_wconf 68' lang='grc' dir='ltr'><strong>δέ</strong></span> <span class='ocrx_word' id='word_1_323' title='bbox 1062 2620 1151 2675; x_wconf 81' lang='grc' dir='ltr'><strong>καὶ</strong></span> <span class='ocrx_word' id='word_1_324' title='bbox 1192 2618 1242 2674; x_wconf 81' lang='grc' dir='ltr'><strong>έν</strong></span> <span class='ocrx_word' id='word_1_325' title='bbox 1269 2622 1385 2678; x_wconf 89' lang='grc' dir='ltr'>τοῖς</span> <span class='ocrx_word' id='word_1_326' title='bbox 1431 2614 1623 2685; x_wconf 79' lang='grc' dir='ltr'>ληνοῖς</span> <span class='ocrx_word' id='word_1_327' title='bbox 1664 2612 1828 2673; x_wconf 85' lang='grc' dir='ltr'>αύτάς</span> 
     </span>
    </p>
   </div>
   <div class='ocr_carea' id='block_1_42' title="bbox 181 2701 1826 2797">
    <p class='ocr_par' dir='ltr' id='par_1_42' title="bbox 181 2701 1826 2797">
     <span class='ocr_line' id='line_1_42' title="bbox 181 2701 1826 2797; baseline -0.013 -22"><span class='ocrx_word' id='word_1_328' title='bbox 181 2701 513 2797; x_wconf 58' lang='grc' dir='ltr'>κρύπτεσθαι</span> <span class='ocrx_word' id='word_1_329' title='bbox 547 2714 878 2788; x_wconf 79' lang='grc' dir='ltr'>μεμαθήκοι,</span> <span class='ocrx_word' id='word_1_330' title='bbox 912 2708 1086 2770; x_wconf 79' lang='grc' dir='ltr'>δείσας</span> <span class='ocrx_word' id='word_1_331' title='bbox 1121 2709 1220 2780; x_wconf 82' lang='grc' dir='ltr'>μή,</span> <span class='ocrx_word' id='word_1_332' title='bbox 1252 2705 1684 2797; x_wconf 57' lang='grc' dir='ltr'>προαισβόμεναι</span> <span class='ocrx_word' id='word_1_333' title='bbox 1727 2701 1826 2768; x_wconf 79' lang='grc' dir='ltr'><strong>τήν</strong></span> 
     </span>
    </p>
   </div>
   <div class='ocr_carea' id='block_1_43' title="bbox 180 2787 1829 2881">
    <p class='ocr_par' dir='ltr' id='par_1_43' title="bbox 180 2787 1829 2881">
     <span class='ocr_line' id='line_1_43' title="bbox 180 2787 1829 2881; baseline -0.015 -19"><span class='ocrx_word' id='word_1_334' title='bbox 180 2787 421 2881; x_wconf 77' lang='grc' dir='ltr'>ἔρευναν,</span> <span class='ocrx_word' id='word_1_335' title='bbox 455 2787 654 2858; x_wconf 75' lang='grc' dir='ltr'>ἐκεῖθέν</span> <span class='ocrx_word' id='word_1_336' title='bbox 685 2821 743 2855; x_wconf 88' lang='grc' dir='ltr'><strong>τε</strong></span> <span class='ocrx_word' id='word_1_337' title='bbox 774 2797 1092 2875; x_wconf 69' lang='grc' dir='ltr'>διαφύγοιεν</span> <span class='ocrx_word' id='word_1_338' title='bbox 1131 2794 1220 2848; x_wconf 79' lang='grc' dir='ltr'><strong>καὶ</strong></span> <span class='ocrx_word' id='word_1_339' title='bbox 1271 2791 1321 2846; x_wconf 80' lang='grc' dir='ltr'>ἐν</span> <span class='ocrx_word' id='word_1_340' title='bbox 1355 2788 1551 2861; x_wconf 75' lang='grc' dir='ltr'>ἀδήλῳ</span> <span class='ocrx_word' id='word_1_341' title='bbox 1598 2787 1829 2860; x_wconf 86' lang='grc' dir='ltr'>ἀποχω-</span> 
     </span>
    </p>
   </div>
   <div class='ocr_carea' id='block_1_44' title="bbox 191 2873 1829 2968">
    <p class='ocr_par' dir='ltr' id='par_1_44' title="bbox 191 2873 1829 2968">
     <span class='ocr_line' id='line_1_44' title="bbox 191 2873 1829 2968; baseline -0.014 -20"><span class='ocrx_word' id='word_1_342' title='bbox 191 2873 424 2968; x_wconf 57' lang='grc' dir='ltr'>ρήσωσιξ</span> <span class='ocrx_word' id='word_1_343' title='bbox 457 2894 667 2968; x_wconf 79' lang='grc' dir='ltr'>φρουρᾷ</span> <span class='ocrx_word' id='word_1_344' title='bbox 694 2888 757 2942; x_wconf 85' lang='grc' dir='ltr'>τὸ</span> <span class='ocrx_word' id='word_1_345' title='bbox 806 2873 1012 2959; x_wconf 80' lang='grc' dir='ltr'>χωρίον</span> <span class='ocrx_word' id='word_1_346' title='bbox 1056 2874 1438 2951; x_wconf 70' lang='grc' dir='ltr'>διαλαμϐάνει.</span> <span class='ocrx_word' id='word_1_347' title='bbox 1490 2875 1592 2931; x_wconf 84' lang='grc' dir='ltr'><strong>Καὶ</strong></span> <span class='ocrx_word' id='word_1_348' title='bbox 1646 2873 1829 2947; x_wconf 77' lang='grc' dir='ltr'>μαθὼν</span> 
     </span>
    </p>
   </div>
   <div class='ocr_carea' id='block_1_45' title="bbox 185 2961 1832 3046">
    <p class='ocr_par' dir='ltr' id='par_1_45' title="bbox 185 2961 1832 3046">
     <span class='ocr_line' id='line_1_45' title="bbox 185 2961 1832 3046; baseline -0.015 -10"><span class='ocrx_word' id='word_1_349' title='bbox 185 2961 291 3036; x_wconf 55' lang='lat' dir='ltr'><strong>int?)</strong></span> <span class='ocrx_word' id='word_1_350' title='bbox 319 2984 426 3036; x_wconf 81' lang='grc' dir='ltr'><strong>τῶν</strong></span> <span class='ocrx_word' id='word_1_351' title='bbox 460 2961 706 3033; x_wconf 76' lang='grc' dir='ltr'>ίδόντων.</span> <span class='ocrx_word' id='word_1_352' title='bbox 728 2973 1016 3046; x_wconf 77' lang='grc' dir='ltr'>Ῥιψίμην,</span> <span class='ocrx_word' id='word_1_353' title='bbox 1040 2969 1113 3030; x_wconf 84' lang='grc' dir='ltr'><strong>ὡς</strong></span> <span class='ocrx_word' id='word_1_354' title='bbox 1147 2965 1232 3037; x_wconf 76' lang='grc' dir='ltr'>εἴη</span> <span class='ocrx_word' id='word_1_355' title='bbox 1257 2965 1483 3041; x_wconf 85' lang='grc' dir='ltr'>περιττή</span> <span class='ocrx_word' id='word_1_356' title='bbox 1514 2963 1575 3016; x_wconf 85' lang='grc' dir='ltr'>τὸ</span> <span class='ocrx_word' id='word_1_357' title='bbox 1604 2961 1832 3029; x_wconf 69' lang='grc' dir='ltr'>κάλλος,</span> 
     </span>
    </p>
   </div>
   <div class='ocr_carea' id='block_1_46' title="bbox 190 3048 1832 3146">
    <p class='ocr_par' dir='ltr' id='par_1_46' title="bbox 190 3048 1832 3146">
     <span class='ocr_line' id='line_1_46' title="bbox 190 3048 1832 3146; baseline -0.012 -22"><span class='ocrx_word' id='word_1_358' title='bbox 190 3069 284 3125; x_wconf 77' lang='grc' dir='ltr'><strong>καὶ</strong></span> <span class='ocrx_word' id='word_1_359' title='bbox 334 3066 576 3146; x_wconf 89' lang='grc' dir='ltr'>χαρίτων</span> <span class='ocrx_word' id='word_1_360' title='bbox 643 3060 877 3137; x_wconf 81' lang='grc' dir='ltr'>ἀφθονίᾳ</span> <span class='ocrx_word' id='word_1_361' title='bbox 939 3056 1083 3114; x_wconf 71' lang='grc' dir='ltr'>πολὺ</span> <span class='ocrx_word' id='word_1_362' title='bbox 1140 3056 1201 3112; x_wconf 88' lang='grc' dir='ltr'>τὸ</span> <span class='ocrx_word' id='word_1_363' title='bbox 1268 3052 1549 3128; x_wconf 78' lang='grc' dir='ltr'>ἐπαγωγὸν</span> <span class='ocrx_word' id='word_1_364' title='bbox 1609 3048 1832 3124; x_wconf 77' lang='grc' dir='ltr'>ἔχουσα,</span> 
     </span>
    </p>
   </div>
   <div class='ocr_carea' id='block_1_47' title="bbox 1940 1899 3567 1977">
    <p class='ocr_par' dir='ltr' id='par_1_47' title="bbox 1940 1899 3567 1977">
     <span class='ocr_line' id='line_1_47' title="bbox 1940 1899 3567 1977; baseline -0.007 -14"><span class='ocrx_word' id='word_1_365' title='bbox 1940 1906 2145 1977; x_wconf 89' lang='lat' dir='ltr'><strong>probro</strong></span> <span class='ocrx_word' id='word_1_366' title='bbox 2192 1911 2247 1961; x_wconf 91' lang='lat' dir='ltr'><strong>et</strong></span> <span class='ocrx_word' id='word_1_367' title='bbox 2292 1902 2616 1976; x_wconf 79' lang='lat' dir='ltr'><strong>ignominia</strong></span> <span class='ocrx_word' id='word_1_368' title='bbox 2662 1905 2955 1956; x_wconf 84' lang='lat' dir='ltr'><strong>errantem</strong></span> <span class='ocrx_word' id='word_1_369' title='bbox 3004 1899 3184 1968; x_wconf 88' lang='lat' dir='ltr'><strong>obire,</strong></span> <span class='ocrx_word' id='word_1_370' title='bbox 3216 1913 3392 1969; x_wconf 89' lang='lat' dir='ltr'><strong>quam</strong></span> <span class='ocrx_word' id='word_1_371' title='bbox 3432 1912 3567 1953; x_wconf 83' lang='lat' dir='ltr'><strong>cum</strong></span> 
     </span>
    </p>
   </div>
   <div class='ocr_carea' id='block_1_48' title="bbox 1938 1986 3569 2056">
    <p class='ocr_par' dir='ltr' id='par_1_48' title="bbox 1938 1986 3569 2056">
     <span class='ocr_line' id='line_1_48' title="bbox 1938 1986 3569 2056; baseline -0.007 -5"><span class='ocrx_word' id='word_1_372' title='bbox 1938 2011 2003 2051; x_wconf 88' lang='lat' dir='ltr'><strong>eo</strong></span> <span class='ocrx_word' id='word_1_373' title='bbox 2033 1994 2315 2050; x_wconf 82' lang='lat' dir='ltr'><strong>habitare.</strong></span> <span class='ocrx_word' id='word_1_374' title='bbox 2350 1993 2450 2048; x_wconf 89' lang='lat' dir='ltr'><strong>Est</strong></span> <span class='ocrx_word' id='word_1_375' title='bbox 2480 1990 2633 2046; x_wconf 76' lang='lat' dir='ltr'><strong>enim</strong></span> <span class='ocrx_word' id='word_1_376' title='bbox 2674 1987 2911 2054; x_wconf 84' lang='lat' dir='ltr'><strong>femina,</strong></span> <span class='ocrx_word' id='word_1_377' title='bbox 2945 1986 3153 2051; x_wconf 81' lang='lat' dir='ltr'><strong>aiebat,</strong></span> <span class='ocrx_word' id='word_1_378' title='bbox 3188 2002 3278 2041; x_wconf 89' lang='lat' dir='ltr'><strong>res</strong></span> <span class='ocrx_word' id='word_1_379' title='bbox 3326 1987 3569 2056; x_wconf 88' lang='lat' dir='ltr'><strong>deceptu</strong></span> 
     </span>
    </p>
   </div>
   <div class='ocr_carea' id='block_1_49' title="bbox 1938 2073 3572 2155">
    <p class='ocr_par' dir='ltr' id='par_1_49' title="bbox 1938 2073 3572 2155">
     <span class='ocr_line' id='line_1_49' title="bbox 1938 2073 3572 2155; baseline -0.009 -14"><span class='ocrx_word' id='word_1_380' title='bbox 1938 2085 2146 2143; x_wconf 84' lang='lat' dir='ltr'><strong>facilis.</strong></span> <span class='ocrx_word' id='word_1_381' title='bbox 2180 2083 2440 2155; x_wconf 79' lang='lat' dir='ltr'><strong>Rogabat</strong></span> <span class='ocrx_word' id='word_1_382' title='bbox 2469 2083 2688 2146; x_wconf 89' lang='lat' dir='ltr'><strong>autem,</strong></span> <span class='ocrx_word' id='word_1_383' title='bbox 2714 2081 2778 2133; x_wconf 89' lang='lat' dir='ltr'><strong>ut</strong></span> <span class='ocrx_word' id='word_1_384' title='bbox 2808 2092 2939 2131; x_wconf 89' lang='lat' dir='ltr'><strong>cum</strong></span> <span class='ocrx_word' id='word_1_385' title='bbox 2972 2075 3244 2131; x_wconf 90' lang='lat' dir='ltr'><strong>omnibus</strong></span> <span class='ocrx_word' id='word_1_386' title='bbox 3274 2073 3464 2130; x_wconf 88' lang='lat' dir='ltr'><strong>modis</strong></span> <span class='ocrx_word' id='word_1_387' title='bbox 3490 2073 3572 2145; x_wconf 86' lang='lat' dir='ltr'><strong>ip-</strong></span> 
     </span>
    </p>
   </div>
   <div class='ocr_carea' id='block_1_50' title="bbox 1939 2163 3569 2235">
    <p class='ocr_par' dir='ltr' id='par_1_50' title="bbox 1939 2163 3569 2235">
     <span class='ocr_line' id='line_1_50' title="bbox 1939 2163 3569 2235; baseline -0.01 -3"><span class='ocrx_word' id='word_1_388' title='bbox 1939 2191 2065 2232; x_wconf 87' lang='lat' dir='ltr'><strong>sam</strong></span> <span class='ocrx_word' id='word_1_389' title='bbox 2115 2171 2437 2229; x_wconf 80' lang='lat' dir='ltr'><strong>invenisset</strong></span> <span class='ocrx_word' id='word_1_390' title='bbox 2482 2170 2541 2225; x_wconf 93' lang='lat' dir='ltr'><strong>in</strong></span> <span class='ocrx_word' id='word_1_391' title='bbox 2580 2166 2875 2235; x_wconf 86' lang='lat' dir='ltr'><strong>Armenia,</strong></span> <span class='ocrx_word' id='word_1_392' title='bbox 2926 2164 2997 2220; x_wconf 88' lang='lat' dir='ltr'><strong>ad</strong></span> <span class='ocrx_word' id='word_1_393' title='bbox 3047 2178 3180 2219; x_wconf 90' lang='lat' dir='ltr'><strong>eum</strong></span> <span class='ocrx_word' id='word_1_394' title='bbox 3229 2163 3569 2218; x_wconf 84' lang='lat' dir='ltr'><strong>remitteret.</strong></span> 
     </span>
    </p>
   </div>
   <div class='ocr_carea' id='block_1_51' title="bbox 1940 2249 3571 2330">
    <p class='ocr_par' dir='ltr' id='par_1_51' title="bbox 1940 2249 3571 2330">
     <span class='ocr_line' id='line_1_51' title="bbox 1940 2249 3571 2330; baseline -0.008 -11"><span class='ocrx_word' id='word_1_395' title='bbox 1940 2263 2100 2329; x_wconf 87' lang='lat' dir='ltr'><strong>Quod</strong></span> <span class='ocrx_word' id='word_1_396' title='bbox 2132 2261 2179 2318; x_wconf 83' lang='lat' dir='ltr'><strong>si</strong></span> <span class='ocrx_word' id='word_1_397' title='bbox 2199 2276 2325 2317; x_wconf 88' lang='lat' dir='ltr'><strong>eam</strong></span> <span class='ocrx_word' id='word_1_398' title='bbox 2348 2273 2579 2330; x_wconf 89' lang='lat' dir='ltr'><strong>quoque</strong></span> <span class='ocrx_word' id='word_1_399' title='bbox 2601 2255 2709 2311; x_wconf 90' lang='lat' dir='ltr'><strong>sibi</strong></span> <span class='ocrx_word' id='word_1_400' title='bbox 2732 2255 3084 2326; x_wconf 88' lang='lat' dir='ltr'><strong>conjungere</strong></span> <span class='ocrx_word' id='word_1_401' title='bbox 3106 2249 3322 2318; x_wconf 86' lang='lat' dir='ltr'><strong>mallet,</strong></span> <span class='ocrx_word' id='word_1_402' title='bbox 3345 2250 3407 2307; x_wconf 90' lang='lat' dir='ltr'><strong>id</strong></span> <span class='ocrx_word' id='word_1_403' title='bbox 3436 2266 3571 2306; x_wconf 90' lang='lat' dir='ltr'><strong>eum</strong></span> 
     </span>
    </p>
   </div>
   <div class='ocr_carea' id='block_1_52' title="bbox 1940 2344 2934 2418">
    <p class='ocr_par' dir='ltr' id='par_1_52' title="bbox 1940 2344 2934 2418">
     <span class='ocr_line' id='line_1_52' title="bbox 1940 2344 2934 2418; baseline -0.01 -13"><span class='ocrx_word' id='word_1_404' title='bbox 1940 2365 2056 2405; x_wconf 91' lang='lat' dir='ltr'><strong>non</strong></span> <span class='ocrx_word' id='word_1_405' title='bbox 2089 2346 2301 2403; x_wconf 87' lang='lat' dir='ltr'><strong>minori</strong></span> <span class='ocrx_word' id='word_1_406' title='bbox 2329 2344 2538 2418; x_wconf 88' lang='lat' dir='ltr'><strong>gaudio</strong></span> <span class='ocrx_word' id='word_1_407' title='bbox 2570 2344 2934 2399; x_wconf 70' lang='lat' dir='ltr'><strong>effecturum.</strong></span> 
     </span>
    </p>
   </div>
   <div class='ocr_carea' id='block_1_53' title="bbox 2007 2427 3571 2505">
    <p class='ocr_par' dir='ltr' id='par_1_53' title="bbox 2007 2427 3571 2505">
     <span class='ocr_line' id='line_1_53' title="bbox 2007 2427 3571 2505; baseline -0.006 -11"><span class='ocrx_word' id='word_1_408' title='bbox 2007 2438 2149 2494; x_wconf 82' lang='lat' dir='ltr'><strong>XIX.</strong></span> <span class='ocrx_word' id='word_1_409' title='bbox 2183 2441 2492 2505; x_wconf 83' lang='lat' dir='ltr'><strong>Postquam</strong></span> <span class='ocrx_word' id='word_1_410' title='bbox 2542 2433 2630 2489; x_wconf 65' lang='lat' dir='ltr'><strong>he</strong></span> <span class='ocrx_word' id='word_1_411' title='bbox 2662 2431 2861 2487; x_wconf 62' lang='lat' dir='ltr'><strong>litterae</strong></span> <span class='ocrx_word' id='word_1_412' title='bbox 2908 2431 3193 2486; x_wconf 89' lang='lat' dir='ltr'><strong>venerunt</strong></span> <span class='ocrx_word' id='word_1_413' title='bbox 3223 2428 3293 2483; x_wconf 89' lang='lat' dir='ltr'><strong>ad</strong></span> <span class='ocrx_word' id='word_1_414' title='bbox 3336 2427 3571 2484; x_wconf 83' lang='lat' dir='ltr'><strong>Terida-</strong></span> 
     </span>
    </p>
   </div>
   <div class='ocr_carea' id='block_1_54' title="bbox 1938 2516 3571 2594">
    <p class='ocr_par' dir='ltr' id='par_1_54' title="bbox 1938 2516 3571 2594">
     <span class='ocr_line' id='line_1_54' title="bbox 1938 2516 3571 2594; baseline -0.008 -11"><span class='ocrx_word' id='word_1_415' title='bbox 1938 2532 2081 2592; x_wconf 88' lang='lat' dir='ltr'><strong>tem,</strong></span> <span class='ocrx_word' id='word_1_416' title='bbox 2114 2526 2209 2580; x_wconf 90' lang='lat' dir='ltr'><strong>ille</strong></span> <span class='ocrx_word' id='word_1_417' title='bbox 2239 2524 2432 2580; x_wconf 84' lang='lat' dir='ltr'><strong>statim</strong></span> <span class='ocrx_word' id='word_1_418' title='bbox 2462 2521 2718 2594; x_wconf 83' lang='lat' dir='ltr'><strong>virgines</strong></span> <span class='ocrx_word' id='word_1_419' title='bbox 2750 2518 3139 2589; x_wconf 85' lang='lat' dir='ltr'><strong>investigabat</strong></span> <span class='ocrx_word' id='word_1_420' title='bbox 3168 2522 3225 2573; x_wconf 91' lang='lat' dir='ltr'><strong>et</strong></span> <span class='ocrx_word' id='word_1_421' title='bbox 3273 2516 3571 2572; x_wconf 86' lang='lat' dir='ltr'><strong>scrutaba-</strong></span> 
     </span>
    </p>
   </div>
   <div class='ocr_carea' id='block_1_55' title="bbox 1938 2604 3573 2682">
    <p class='ocr_par' dir='ltr' id='par_1_55' title="bbox 1938 2604 3573 2682">
     <span class='ocr_line' id='line_1_55' title="bbox 1938 2604 3573 2682; baseline -0.007 -11"><span class='ocrx_word' id='word_1_422' title='bbox 1938 2624 2050 2672; x_wconf 89' lang='lat' dir='ltr'><strong>tur.</strong></span> <span class='ocrx_word' id='word_1_423' title='bbox 2084 2616 2226 2670; x_wconf 91' lang='lat' dir='ltr'><strong>Cum</strong></span> <span class='ocrx_word' id='word_1_424' title='bbox 2253 2618 2447 2669; x_wconf 87' lang='lat' dir='ltr'><strong>autem</strong></span> <span class='ocrx_word' id='word_1_425' title='bbox 2492 2611 2808 2682; x_wconf 88' lang='lat' dir='ltr'><strong>accepisset</strong></span> <span class='ocrx_word' id='word_1_426' title='bbox 2838 2625 2934 2663; x_wconf 88' lang='lat' dir='ltr'><strong>eas</strong></span> <span class='ocrx_word' id='word_1_427' title='bbox 2966 2608 3141 2662; x_wconf 89' lang='lat' dir='ltr'><strong>latere</strong></span> <span class='ocrx_word' id='word_1_428' title='bbox 3182 2607 3241 2661; x_wconf 87' lang='lat' dir='ltr'><strong>in</strong></span> <span class='ocrx_word' id='word_1_429' title='bbox 3275 2604 3573 2661; x_wconf 90' lang='lat' dir='ltr'><strong>torculari-</strong></span> 
     </span>
    </p>
   </div>
   <div class='ocr_carea' id='block_1_56' title="bbox 1938 2692 3573 2771">
    <p class='ocr_par' dir='ltr' id='par_1_56' title="bbox 1938 2692 3573 2771">
     <span class='ocr_line' id='line_1_56' title="bbox 1938 2692 3573 2771; baseline -0.009 -10"><span class='ocrx_word' id='word_1_430' title='bbox 1938 2705 2070 2771; x_wconf 90' lang='lat' dir='ltr'><strong>bus,</strong></span> <span class='ocrx_word' id='word_1_431' title='bbox 2102 2702 2317 2758; x_wconf 88' lang='lat' dir='ltr'><strong>timens</strong></span> <span class='ocrx_word' id='word_1_432' title='bbox 2338 2715 2432 2767; x_wconf 90' lang='lat' dir='ltr'><strong>ne,</strong></span> <span class='ocrx_word' id='word_1_433' title='bbox 2455 2698 2500 2753; x_wconf 89' lang='lat' dir='ltr'><strong>si</strong></span> <span class='ocrx_word' id='word_1_434' title='bbox 2524 2696 2969 2769; x_wconf 73' lang='lat' dir='ltr'><strong>praesensissent</strong></span> <span class='ocrx_word' id='word_1_435' title='bbox 2988 2710 3049 2749; x_wconf 89' lang='lat' dir='ltr'><strong>se</strong></span> <span class='ocrx_word' id='word_1_436' title='bbox 3071 2692 3274 2766; x_wconf 69' lang='lat' dir='ltr'><strong>quaeri,</strong></span> <span class='ocrx_word' id='word_1_437' title='bbox 3295 2692 3456 2747; x_wconf 79' lang='lat' dir='ltr'><strong>illinc</strong></span> <span class='ocrx_word' id='word_1_438' title='bbox 3476 2709 3573 2746; x_wconf 88' lang='lat' dir='ltr'><strong>au-</strong></span> 
     </span>
    </p>
   </div>
   <div class='ocr_carea' id='block_1_57' title="bbox 1939 2782 3573 2866">
    <p class='ocr_par' dir='ltr' id='par_1_57' title="bbox 1939 2782 3573 2866">
     <span class='ocr_line' id='line_1_57' title="bbox 1939 2782 3573 2866; baseline -0.009 -18"><span class='ocrx_word' id='word_1_439' title='bbox 1939 2795 2221 2866; x_wconf 87' lang='lat' dir='ltr'><strong>fugerent,</strong></span> <span class='ocrx_word' id='word_1_440' title='bbox 2252 2794 2309 2846; x_wconf 91' lang='lat' dir='ltr'><strong>et</strong></span> <span class='ocrx_word' id='word_1_441' title='bbox 2348 2788 2407 2844; x_wconf 90' lang='lat' dir='ltr'><strong>in</strong></span> <span class='ocrx_word' id='word_1_442' title='bbox 2451 2787 2645 2843; x_wconf 88' lang='lat' dir='ltr'><strong>locum</strong></span> <span class='ocrx_word' id='word_1_443' title='bbox 2697 2785 2987 2840; x_wconf 90' lang='lat' dir='ltr'><strong>incertum</strong></span> <span class='ocrx_word' id='word_1_444' title='bbox 3036 2782 3390 2847; x_wconf 85' lang='lat' dir='ltr'><strong>recederent,</strong></span> <span class='ocrx_word' id='word_1_445' title='bbox 3438 2795 3573 2836; x_wconf 91' lang='lat' dir='ltr'><strong>eum</strong></span> 
     </span>
    </p>
   </div>
   <div class='ocr_carea' id='block_1_58' title="bbox 1941 2868 3572 2948">
    <p class='ocr_par' dir='ltr' id='par_1_58' title="bbox 1941 2868 3572 2948">
     <span class='ocr_line' id='line_1_58' title="bbox 1941 2868 3572 2948; baseline -0.009 -12"><span class='ocrx_word' id='word_1_446' title='bbox 1941 2887 2132 2936; x_wconf 89' lang='lat' dir='ltr'><strong>locum</strong></span> <span class='ocrx_word' id='word_1_447' title='bbox 2178 2883 2425 2948; x_wconf 86' lang='lat' dir='ltr'><strong>occupat</strong></span> <span class='ocrx_word' id='word_1_448' title='bbox 2455 2875 2743 2943; x_wconf 74' lang='lat' dir='ltr'><strong>praesidio.</strong></span> <span class='ocrx_word' id='word_1_449' title='bbox 2777 2876 2843 2928; x_wconf 85' lang='lat' dir='ltr'><strong>Et</strong></span> <span class='ocrx_word' id='word_1_450' title='bbox 2870 2886 3000 2927; x_wconf 90' lang='lat' dir='ltr'><strong>cum</strong></span> <span class='ocrx_word' id='word_1_451' title='bbox 3034 2870 3349 2941; x_wconf 89' lang='lat' dir='ltr'><strong>accepisset</strong></span> <span class='ocrx_word' id='word_1_452' title='bbox 3382 2884 3450 2924; x_wconf 82' lang='lat' dir='ltr'><strong>ex</strong></span> <span class='ocrx_word' id='word_1_453' title='bbox 3480 2868 3572 2937; x_wconf 92' lang='lat' dir='ltr'><strong>iis,</strong></span> 
     </span>
    </p>
   </div>
   <div class='ocr_carea' id='block_1_59' title="bbox 1942 2956 3576 3040">
    <p class='ocr_par' dir='ltr' id='par_1_59' title="bbox 1942 2956 3576 3040">
     <span class='ocr_line' id='line_1_59' title="bbox 1942 2956 3576 3040; baseline -0.008 -17"><span class='ocrx_word' id='word_1_454' title='bbox 1942 2969 2041 3040; x_wconf 89' lang='lat' dir='ltr'><strong>qui</strong></span> <span class='ocrx_word' id='word_1_455' title='bbox 2072 2966 2332 3023; x_wconf 90' lang='lat' dir='ltr'><strong>viderant</strong></span> <span class='ocrx_word' id='word_1_456' title='bbox 2362 2964 2703 3035; x_wconf 75' lang='lat' dir='ltr'><strong>Bipsimem,</strong></span> <span class='ocrx_word' id='word_1_457' title='bbox 2725 2977 2849 3018; x_wconf 88' lang='lat' dir='ltr'><strong>eam</strong></span> <span class='ocrx_word' id='word_1_458' title='bbox 2874 2976 3002 3015; x_wconf 88' lang='lat' dir='ltr'><strong>esse</strong></span> <span class='ocrx_word' id='word_1_459' title='bbox 3023 2958 3232 3029; x_wconf 87' lang='lat' dir='ltr'><strong>insigni</strong></span> <span class='ocrx_word' id='word_1_460' title='bbox 3260 2956 3576 3028; x_wconf 90' lang='lat' dir='ltr'><strong>pulchritu-</strong></span> 
     </span>
    </p>
   </div>
   <div class='ocr_carea' id='block_1_60' title="bbox 1942 3044 3576 3125">
    <p class='ocr_par' dir='ltr' id='par_1_60' title="bbox 1942 3044 3576 3125">
     <span class='ocr_line' id='line_1_60' title="bbox 1942 3044 3576 3125; baseline -0.008 -14"><span class='ocrx_word' id='word_1_461' title='bbox 1942 3057 2097 3125; x_wconf 90' lang='lat' dir='ltr'><strong>dine,</strong></span> <span class='ocrx_word' id='word_1_462' title='bbox 2119 3054 2446 3125; x_wconf 84' lang='lat' dir='ltr'><strong>leporisque</strong></span> <span class='ocrx_word' id='word_1_463' title='bbox 2467 3057 2522 3106; x_wconf 91' lang='lat' dir='ltr'><strong>et</strong></span> <span class='ocrx_word' id='word_1_464' title='bbox 2542 3050 2743 3124; x_wconf 67' lang='lat' dir='ltr'><strong>gratim</strong></span> <span class='ocrx_word' id='word_1_465' title='bbox 2766 3050 2929 3120; x_wconf 85' lang='lat' dir='ltr'><strong>cepia</strong></span> <span class='ocrx_word' id='word_1_466' title='bbox 2951 3063 3195 3119; x_wconf 87' lang='lat' dir='ltr'><strong>magnas</strong></span> <span class='ocrx_word' id='word_1_467' title='bbox 3216 3046 3429 3100; x_wconf 90' lang='lat' dir='ltr'><strong>habere</strong></span> <span class='ocrx_word' id='word_1_468' title='bbox 3450 3044 3576 3100; x_wconf 89' lang='lat' dir='ltr'><strong>ille-</strong></span> 
     </span>
    </p>
   </div>
   <div class='ocr_carea' id='block_1_61' title="bbox 194 3134 1835 3235">
    <p class='ocr_par' dir='ltr' id='par_1_61' title="bbox 194 3134 1835 3235">
     <span class='ocr_line' id='line_1_61' title="bbox 194 3134 1835 3235; baseline -0.015 -21"><span class='ocrx_word' id='word_1_469' title='bbox 194 3134 493 3235; x_wconf 47' lang='grc' dir='ltr'>ὑπετύῖφετο</span> <span class='ocrx_word' id='word_1_470' title='bbox 522 3150 632 3224; x_wconf 68' lang='grc' dir='ltr'><strong>ἤδη</strong></span> <span class='ocrx_word' id='word_1_471' title='bbox 664 3156 743 3224; x_wconf 82' lang='grc' dir='ltr'><strong>τῷ</strong></span> <span class='ocrx_word' id='word_1_472' title='bbox 774 3149 909 3225; x_wconf 82' lang='grc' dir='ltr'>πρὸς</span> <span class='ocrx_word' id='word_1_473' title='bbox 943 3146 1110 3215; x_wconf 76' lang='grc' dir='ltr'>αὐτὴν</span> <span class='ocrx_word' id='word_1_474' title='bbox 1170 3142 1353 3217; x_wconf 84' lang='grc' dir='ltr'>ἔρωτι,</span> <span class='ocrx_word' id='word_1_475' title='bbox 1394 3141 1484 3195; x_wconf 88' lang='grc' dir='ltr'><strong>καὶ</strong></span> <span class='ocrx_word' id='word_1_476' title='bbox 1550 3137 1835 3214; x_wconf 72' lang='grc' dir='ltr'>βασιλικὰς</span> 
     </span>
    </p>
   </div>
   <div class='ocr_carea' id='block_1_62' title="bbox 1945 3134 3577 3235">
    <p class='ocr_par' dir='ltr' id='par_1_62' title="bbox 1945 3134 3577 3213">
     <span class='ocr_line' id='line_1_62' title="bbox 1945 3134 3577 3213; baseline -0.008 -13"><span class='ocrx_word' id='word_1_477' title='bbox 1945 3145 2160 3209; x_wconf 91' lang='lat' dir='ltr'><strong>cebras,</strong></span> <span class='ocrx_word' id='word_1_478' title='bbox 2196 3142 2318 3213; x_wconf 90' lang='lat' dir='ltr'><strong>jam</strong></span> <span class='ocrx_word' id='word_1_479' title='bbox 2363 3139 2425 3194; x_wconf 92' lang='lat' dir='ltr'><strong>in</strong></span> <span class='ocrx_word' id='word_1_480' title='bbox 2457 3140 2585 3209; x_wconf 86' lang='lat' dir='ltr'><strong>ejus</strong></span> <span class='ocrx_word' id='word_1_481' title='bbox 2632 3154 2882 3194; x_wconf 89' lang='lat' dir='ltr'><strong>amorem</strong></span> <span class='ocrx_word' id='word_1_482' title='bbox 2935 3142 3258 3191; x_wconf 87' lang='lat' dir='ltr'><strong>exarserat:</strong></span> <span class='ocrx_word' id='word_1_483' title='bbox 3290 3138 3348 3189; x_wconf 93' lang='lat' dir='ltr'><strong>et</strong></span> <span class='ocrx_word' id='word_1_484' title='bbox 3392 3134 3577 3206; x_wconf 84' lang='lat' dir='ltr'><strong>regias</strong></span> 
     </span>
    </p>
   </div>
   <div class='ocr_carea' id='block_1_63' title="bbox 189 3211 1835 3321">
    <p class='ocr_par' dir='ltr' id='par_1_63' title="bbox 189 3211 1832 3321">
     <span class='ocr_line' id='line_1_63' title="bbox 189 3211 1832 3321; baseline -0.013 -19"><span class='ocrx_word' id='word_1_485' title='bbox 189 3247 330 3321; x_wconf 80' lang='grc' dir='ltr'>αὐτῇ</span> <span class='ocrx_word' id='word_1_486' title='bbox 363 3211 561 3305; x_wconf 61' lang='grc' dir='ltr'>ἀτολὰς</span> <span class='ocrx_word' id='word_1_487' title='bbox 592 3211 747 3307; x_wconf 66' lang='grc' dir='ltr'>εὐθὺς</span> <span class='ocrx_word' id='word_1_488' title='bbox 790 3211 879 3294; x_wconf 72' lang='grc' dir='ltr'><strong>καὶ</strong></span> <span class='ocrx_word' id='word_1_489' title='bbox 931 3236 1137 3308; x_wconf 85' lang='grc' dir='ltr'>κόσμον</span> <span class='ocrx_word' id='word_1_490' title='bbox 1188 3231 1357 3289; x_wconf 73' lang='grc' dir='ltr'>ἄλλον</span> <span class='ocrx_word' id='word_1_491' title='bbox 1409 3211 1695 3301; x_wconf 72' lang='grc' dir='ltr'>ἐκπέμπει,</span> <span class='ocrx_word' id='word_1_492' title='bbox 1741 3226 1832 3282; x_wconf 87' lang='grc' dir='ltr'>καὶ</span> 
     </span>
    </p>
   </div>
   <div class='ocr_carea' id='block_1_64' title="bbox 1945 3211 3575 3321">
    <p class='ocr_par' dir='ltr' id='par_1_64' title="bbox 1945 3211 3575 3304">
     <span class='ocr_line' id='line_1_64' title="bbox 1945 3211 3575 3304; baseline -0.009 -16"><span class='ocrx_word' id='word_1_493' title='bbox 1945 3211 2212 3304; x_wconf 78' lang='lat' dir='ltr'><strong>protinus</strong></span> <span class='ocrx_word' id='word_1_494' title='bbox 2228 3228 2301 3285; x_wconf 83' lang='lat' dir='ltr'><strong>ad</strong></span> <span class='ocrx_word' id='word_1_495' title='bbox 2323 3242 2450 3282; x_wconf 85' lang='lat' dir='ltr'><strong>eam</strong></span> <span class='ocrx_word' id='word_1_496' title='bbox 2471 3230 2679 3292; x_wconf 89' lang='lat' dir='ltr'><strong>vestes,</strong></span> <span class='ocrx_word' id='word_1_497' title='bbox 2702 3229 2755 3281; x_wconf 86' lang='lat' dir='ltr'><strong>et</strong></span> <span class='ocrx_word' id='word_1_498' title='bbox 2790 3224 2970 3280; x_wconf 89' lang='lat' dir='ltr'><strong>alium</strong></span> <span class='ocrx_word' id='word_1_499' title='bbox 3014 3222 3299 3278; x_wconf 87' lang='lat' dir='ltr'><strong>mundum</strong></span> <span class='ocrx_word' id='word_1_500' title='bbox 3325 3220 3575 3276; x_wconf 86' lang='lat' dir='ltr'><strong>emittit:</strong></span> 
     </span>
    </p>
   </div>
   <div class='ocr_carea' id='block_1_65' title="bbox 185 3316 1823 3405">
    <p class='ocr_par' dir='ltr' id='par_1_65' title="bbox 185 3316 1823 3405">
     <span class='ocr_line' id='line_1_65' title="bbox 185 3316 1823 3405; baseline -0.013 -13"><span class='ocrx_word' id='word_1_501' title='bbox 185 3316 393 3392; x_wconf 76' lang='grc' dir='ltr'>κελεύει</span> <span class='ocrx_word' id='word_1_502' title='bbox 448 3336 547 3402; x_wconf 76' lang='grc' dir='ltr'>τὴν</span> <span class='ocrx_word' id='word_1_503' title='bbox 596 3331 881 3405; x_wconf 75' lang='grc' dir='ltr'>Ῥιψίμην,</span> <span class='ocrx_word' id='word_1_504' title='bbox 929 3328 1097 3381; x_wconf 79' lang='grc' dir='ltr'>ταῦτα</span> <span class='ocrx_word' id='word_1_505' title='bbox 1152 3320 1394 3386; x_wconf 73' lang='grc' dir='ltr'>ἔνδῦσαν,</span> <span class='ocrx_word' id='word_1_506' title='bbox 1435 3319 1509 3382; x_wconf 80' lang='grc' dir='ltr'><strong>εἰς</strong></span> <span class='ocrx_word' id='word_1_507' title='bbox 1547 3319 1612 3374; x_wconf 72' lang='grc' dir='ltr'><strong>τὰ</strong></span> <span class='ocrx_word' id='word_1_508' title='bbox 1670 3316 1823 3393; x_wconf 81' lang='grc' dir='ltr'>βασί-</span> 
     </span>
    </p>
   </div>
   <div class='ocr_carea' id='block_1_66' title="bbox 186 3410 1826 3499">
    <p class='ocr_par' dir='ltr' id='par_1_66' title="bbox 186 3410 1826 3499">
     <span class='ocr_line' id='line_1_66' title="bbox 186 3410 1826 3499; baseline -0.013 -17"><span class='ocrx_word' id='word_1_509' title='bbox 186 3425 306 3483; x_wconf 87' lang='grc' dir='ltr'>λεια</span> <span class='ocrx_word' id='word_1_510' title='bbox 335 3424 460 3499; x_wconf 90' lang='grc' dir='ltr'>παρ’</span> <span class='ocrx_word' id='word_1_511' title='bbox 491 3421 652 3477; x_wconf 82' lang='grc' dir='ltr'>αὐτὸν</span> <span class='ocrx_word' id='word_1_512' title='bbox 686 3417 885 3486; x_wconf 81' lang='grc' dir='ltr'>ἐλθεῖν,</span> <span class='ocrx_word' id='word_1_513' title='bbox 922 3415 1017 3475; x_wconf 81' lang='grc' dir='ltr'><strong>τὰς</strong></span> <span class='ocrx_word' id='word_1_514' title='bbox 1050 3411 1106 3469; x_wconf 72' lang='grc' dir='ltr'>δὲ</span> <span class='ocrx_word' id='word_1_515' title='bbox 1132 3412 1329 3472; x_wconf 80' lang='grc' dir='ltr'>λοιπὰς</span> <span class='ocrx_word' id='word_1_516' title='bbox 1373 3410 1477 3465; x_wconf 85' lang='grc' dir='ltr'>ὑπὸ</span> <span class='ocrx_word' id='word_1_517' title='bbox 1514 3412 1583 3483; x_wconf 75' lang='grc' dir='ltr'><strong>τῇ</strong></span> <span class='ocrx_word' id='word_1_518' title='bbox 1620 3411 1826 3499; x_wconf 69' lang='grc' dir='ltr'>φρουρᾷ</span> 
     </span>
    </p>
   </div>
   <div class='ocr_carea' id='block_1_67' title="bbox 186 3493 1829 3590">
    <p class='ocr_par' dir='ltr' id='par_1_67' title="bbox 186 3493 1829 3590">
     <span class='ocr_line' id='line_1_67' title="bbox 186 3493 1829 3590; baseline -0.015 -17"><span class='ocrx_word' id='word_1_519' title='bbox 186 3493 487 3590; x_wconf 80' lang='grc' dir='ltr'>τηρεῖσθαι.</span> <span class='ocrx_word' id='word_1_520' title='bbox 524 3508 736 3579; x_wconf 86' lang='grc' dir='ltr'>Ἐκείνη</span> <span class='ocrx_word' id='word_1_521' title='bbox 773 3505 957 3580; x_wconf 87' lang='grc' dir='ltr'>μέντοι</span> <span class='ocrx_word' id='word_1_522' title='bbox 985 3525 1065 3575; x_wconf 85' lang='grc' dir='ltr'>τῳ</span> <span class='ocrx_word' id='word_1_523' title='bbox 1114 3502 1191 3561; x_wconf 72' lang='grc' dir='ltr'>εἷς</span> <span class='ocrx_word' id='word_1_524' title='bbox 1239 3500 1469 3576; x_wconf 85' lang='grc' dir='ltr'>Χριστὸν</span> <span class='ocrx_word' id='word_1_525' title='bbox 1509 3498 1663 3590; x_wconf 83' lang='grc' dir='ltr'>πόθῳ</span> <span class='ocrx_word' id='word_1_526' title='bbox 1711 3493 1829 3550; x_wconf 83' lang='grc' dir='ltr'>δια-</span> 
     </span>
    </p>
   </div>
   <div class='ocr_carea' id='block_1_68' title="bbox 188 3583 1829 3685">
    <p class='ocr_par' dir='ltr' id='par_1_68' title="bbox 188 3583 1829 3685">
     <span class='ocr_line' id='line_1_68' title="bbox 188 3583 1829 3685; baseline -0.013 -25"><span class='ocrx_word' id='word_1_527' title='bbox 188 3583 498 3685; x_wconf 79' lang='grc' dir='ltr'>φλεγομένη</span> <span class='ocrx_word' id='word_1_528' title='bbox 550 3600 641 3655; x_wconf 83' lang='grc' dir='ltr'><strong>καὶ</strong></span> <span class='ocrx_word' id='word_1_529' title='bbox 692 3594 898 3676; x_wconf 83' lang='grc' dir='ltr'>σφόδρα</span> <span class='ocrx_word' id='word_1_530' title='bbox 958 3595 1232 3668; x_wconf 82' lang='grc' dir='ltr'>περικαῶς</span> <span class='ocrx_word' id='word_1_531' title='bbox 1280 3588 1446 3645; x_wconf 79' lang='grc' dir='ltr'><strong>αὐτοῦ</strong></span> <span class='ocrx_word' id='word_1_532' title='bbox 1501 3583 1725 3661; x_wconf 81' lang='grc' dir='ltr'>ἔχοοσα,</span> <span class='ocrx_word' id='word_1_533' title='bbox 1773 3584 1829 3639; x_wconf 82' lang='grc' dir='ltr'><strong>ὅν</strong></span> 
     </span>
    </p>
   </div>
   <div class='ocr_carea' id='block_1_69' title="bbox 190 3673 1832 3763">
    <p class='ocr_par' dir='ltr' id='par_1_69' title="bbox 190 3673 1832 3763">
     <span class='ocr_line' id='line_1_69' title="bbox 190 3673 1832 3763; baseline -0.013 -15"><span class='ocrx_word' id='word_1_534' title='bbox 190 3673 258 3761; x_wconf 77' lang='grc' dir='ltr'>δὴ</span> <span class='ocrx_word' id='word_1_535' title='bbox 287 3673 377 3746; x_wconf 67' lang='grc' dir='ltr'><strong>καί</strong></span> <span class='ocrx_word' id='word_1_536' title='bbox 411 3690 572 3763; x_wconf 84' lang='grc' dir='ltr'>μόνον</span> <span class='ocrx_word' id='word_1_537' title='bbox 616 3673 747 3762; x_wconf 59' lang='grc' dir='ltr'>ᾔδει</span> <span class='ocrx_word' id='word_1_538' title='bbox 786 3682 1043 3761; x_wconf 88' lang='grc' dir='ltr'>νομφίον,</span> <span class='ocrx_word' id='word_1_539' title='bbox 1094 3685 1213 3741; x_wconf 79' lang='grc' dir='ltr'>ταῖς</span> <span class='ocrx_word' id='word_1_540' title='bbox 1262 3674 1602 3749; x_wconf 75' lang='grc' dir='ltr'>παραινέσεσί</span> <span class='ocrx_word' id='word_1_541' title='bbox 1646 3695 1705 3729; x_wconf 92' lang='grc' dir='ltr'><strong>τε</strong></span> <span class='ocrx_word' id='word_1_542' title='bbox 1741 3673 1832 3729; x_wconf 85' lang='grc' dir='ltr'><strong>καὶ</strong></span> 
     </span>
    </p>
   </div>
   <div class='ocr_carea' id='block_1_70' title="bbox 193 3761 1834 3850">
    <p class='ocr_par' dir='ltr' id='par_1_70' title="bbox 193 3761 1834 3850">
     <span class='ocr_line' id='line_1_70' title="bbox 193 3761 1834 3850; baseline -0.012 -14"><span class='ocrx_word' id='word_1_543' title='bbox 193 3761 491 3850; x_wconf 76' lang='grc' dir='ltr'>ὑποθήκαις</span> <span class='ocrx_word' id='word_1_544' title='bbox 558 3782 793 3843; x_wconf 76' lang='grc' dir='ltr'>Γαΐανῆς</span> <span class='ocrx_word' id='word_1_545' title='bbox 846 3771 970 3841; x_wconf 76' lang='grc' dir='ltr'>ἥτις</span> <span class='ocrx_word' id='word_1_546' title='bbox 1028 3767 1355 3843; x_wconf 79' lang='grc' dir='ltr'>ἀνεθρέψατό</span> <span class='ocrx_word' id='word_1_547' title='bbox 1422 3785 1485 3839; x_wconf 90' lang='grc' dir='ltr'><strong>γε</strong></span> <span class='ocrx_word' id='word_1_548' title='bbox 1540 3763 1706 3833; x_wconf 77' lang='grc' dir='ltr'>αὐτὴν</span> <span class='ocrx_word' id='word_1_549' title='bbox 1775 3761 1834 3817; x_wconf 78' lang='grc' dir='ltr'>ἐκ</span> 
     </span>
    </p>
   </div>
   <div class='ocr_carea' id='block_1_71' title="bbox 200 3851 1834 3945">
    <p class='ocr_par' dir='ltr' id='par_1_71' title="bbox 200 3851 1834 3945">
     <span class='ocr_line' id='line_1_71' title="bbox 200 3851 1834 3945; baseline -0.012 -21"><span class='ocrx_word' id='word_1_550' title='bbox 200 3870 450 3945; x_wconf 74' lang='grc' dir='ltr'>βρέφους,</span> <span class='ocrx_word' id='word_1_551' title='bbox 481 3865 571 3921; x_wconf 77' lang='grc' dir='ltr'><strong>καὶ</strong></span> <span class='ocrx_word' id='word_1_552' title='bbox 607 3863 685 3925; x_wconf 82' lang='grc' dir='ltr'>εἷς</span> <span class='ocrx_word' id='word_1_553' title='bbox 734 3859 856 3919; x_wconf 82' lang='grc' dir='ltr'>τόδε</span> <span class='ocrx_word' id='word_1_554' title='bbox 907 3861 1216 3936; x_wconf 75' lang='grc' dir='ltr'>προήγαγεν</span> <span class='ocrx_word' id='word_1_555' title='bbox 1258 3854 1502 3945; x_wconf 68' lang='grc' dir='ltr'>ἡλικίας,</span> <span class='ocrx_word' id='word_1_556' title='bbox 1553 3853 1640 3945; x_wconf 72' lang='grc' dir='ltr'><strong>ἐπὶ</strong></span> <span class='ocrx_word' id='word_1_557' title='bbox 1692 3851 1834 3945; x_wconf 49' lang='grc' dir='ltr'><strong>μᾶλξ</strong></span> 
     </span>
    </p>
   </div>
   <div class='ocr_carea' id='block_1_72' title="bbox 199 3938 1833 4030">
    <p class='ocr_par' dir='ltr' id='par_1_72' title="bbox 199 3938 1833 4030">
     <span class='ocr_line' id='line_1_72' title="bbox 199 3938 1833 4030; baseline -0.012 -16"><span class='ocrx_word' id='word_1_558' title='bbox 199 3958 292 4015; x_wconf 90' lang='grc' dir='ltr'><strong>λον</strong></span> <span class='ocrx_word' id='word_1_559' title='bbox 355 3955 704 4030; x_wconf 69' lang='grc' dir='ltr'>ὑπερζέουσα,</span> <span class='ocrx_word' id='word_1_560' title='bbox 760 3951 887 4013; x_wconf 73' lang='grc' dir='ltr'>τοὺς</span> <span class='ocrx_word' id='word_1_561' title='bbox 947 3970 1005 4004; x_wconf 86' lang='grc' dir='ltr'><strong>τε</strong></span> <span class='ocrx_word' id='word_1_562' title='bbox 1067 3950 1166 4002; x_wconf 84' lang='grc' dir='ltr'>τοῦ</span> <span class='ocrx_word' id='word_1_563' title='bbox 1225 3944 1551 4018; x_wconf 68' lang='grc' dir='ltr'>μισουμένου</span> <span class='ocrx_word' id='word_1_564' title='bbox 1608 3938 1833 4018; x_wconf 76' lang='grc' dir='ltr'>έραστοῦ</span> 
     </span>
    </p>
   </div>
   <div class='ocr_carea' id='block_1_73' title="bbox 201 4032 1833 4123">
    <p class='ocr_par' dir='ltr' id='par_1_73' title="bbox 201 4032 1833 4123">
     <span class='ocr_line' id='line_1_73' title="bbox 201 4032 1833 4123; baseline -0.013 -18"><span class='ocrx_word' id='word_1_565' title='bbox 201 4049 399 4123; x_wconf 84' lang='grc' dir='ltr'>λόγους</span> <span class='ocrx_word' id='word_1_566' title='bbox 429 4045 642 4114; x_wconf 78' lang='grc' dir='ltr'>ἐπίσης,</span> <span class='ocrx_word' id='word_1_567' title='bbox 672 4043 760 4098; x_wconf 85' lang='grc' dir='ltr'><strong>καὶ</strong></span> <span class='ocrx_word' id='word_1_568' title='bbox 788 4042 856 4096; x_wconf 79' lang='grc' dir='ltr'>τὰ</span> <span class='ocrx_word' id='word_1_569' title='bbox 892 4036 1203 4113; x_wconf 85' lang='grc' dir='ltr'>πεμφθέντα</span> <span class='ocrx_word' id='word_1_570' title='bbox 1262 4032 1497 4102; x_wconf 83' lang='grc' dir='ltr'>διέπτυε,</span> <span class='ocrx_word' id='word_1_571' title='bbox 1541 4032 1632 4087; x_wconf 86' lang='grc' dir='ltr'><strong>καὶ</strong></span> <span class='ocrx_word' id='word_1_572' title='bbox 1661 4052 1833 4107; x_wconf 85' lang='grc' dir='ltr'>προσ-</span> 
     </span>
    </p>
   </div>
   <div class='ocr_carea' id='block_1_74' title="bbox 204 4119 1835 4214">
    <p class='ocr_par' dir='ltr' id='par_1_74' title="bbox 204 4119 1835 4214">
     <span class='ocr_line' id='line_1_74' title="bbox 204 4119 1835 4214; baseline -0.012 -20"><span class='ocrx_word' id='word_1_573' title='bbox 204 4119 337 4214; x_wconf 76' lang='grc' dir='ltr'>ευχῇ</span> <span class='ocrx_word' id='word_1_574' title='bbox 379 4136 513 4210; x_wconf 84' lang='grc' dir='ltr'>μετὰ</span> <span class='ocrx_word' id='word_1_575' title='bbox 560 4137 666 4189; x_wconf 81' lang='grc' dir='ltr'><strong>τῶν</strong></span> <span class='ocrx_word' id='word_1_576' title='bbox 718 4130 809 4185; x_wconf 79' lang='grc' dir='ltr'><strong>σὺν</strong></span> <span class='ocrx_word' id='word_1_577' title='bbox 859 4129 994 4202; x_wconf 80' lang='grc' dir='ltr'>αὐτῇ</span> <span class='ocrx_word' id='word_1_578' title='bbox 1060 4130 1440 4201; x_wconf 78' lang='grc' dir='ltr'>προσανεῖχεν.</span> <span class='ocrx_word' id='word_1_579' title='bbox 1485 4124 1573 4180; x_wconf 85' lang='grc' dir='ltr'>Ἐν</span> <span class='ocrx_word' id='word_1_580' title='bbox 1622 4119 1734 4193; x_wconf 77' lang='grc' dir='ltr'>ὅσῳ</span> <span class='ocrx_word' id='word_1_581' title='bbox 1778 4119 1835 4174; x_wconf 73' lang='grc' dir='ltr'>δὲ</span> 
     </span>
    </p>
   </div>
   <div class='ocr_carea' id='block_1_75' title="bbox 199 4207 1832 4300">
    <p class='ocr_par' dir='ltr' id='par_1_75' title="bbox 199 4207 1832 4300">
     <span class='ocr_line' id='line_1_75' title="bbox 199 4207 1832 4300; baseline -0.015 -16"><span class='ocrx_word' id='word_1_582' title='bbox 199 4207 390 4296; x_wconf 27' lang='grc' dir='ltr'>τὰττῆς</span> <span class='ocrx_word' id='word_1_583' title='bbox 414 4224 585 4300; x_wconf 80' lang='grc' dir='ltr'>εὐχῆς</span> <span class='ocrx_word' id='word_1_584' title='bbox 617 4219 891 4292; x_wconf 85' lang='grc' dir='ltr'>διηνύετο,</span> <span class='ocrx_word' id='word_1_585' title='bbox 921 4217 1011 4272; x_wconf 86' lang='grc' dir='ltr'>καὶ</span> <span class='ocrx_word' id='word_1_586' title='bbox 1054 4214 1253 4290; x_wconf 69' lang='grc' dir='ltr'>βροντή</span> <span class='ocrx_word' id='word_1_587' title='bbox 1302 4212 1501 4300; x_wconf 82' lang='grc' dir='ltr'>ἀθροον</span> <span class='ocrx_word' id='word_1_588' title='bbox 1555 4207 1832 4300; x_wconf 64' lang='grc' dir='ltr'>ὑπερράγη</span> 
     </span>
    </p>
   </div>
   <div class='ocr_carea' id='block_1_76' title="bbox 199 4293 1837 4389">
    <p class='ocr_par' dir='ltr' id='par_1_76' title="bbox 199 4293 1837 4389">
     <span class='ocr_line' id='line_1_76' title="bbox 199 4293 1837 4389; baseline -0.015 -17"><span class='ocrx_word' id='word_1_589' title='bbox 199 4315 286 4373; x_wconf 83' lang='grc' dir='ltr'><strong>καὶ</strong></span> <span class='ocrx_word' id='word_1_590' title='bbox 314 4293 717 4389; x_wconf 47' lang='grc' dir='ltr'>φωνήηόίνωθεν</span> <span class='ocrx_word' id='word_1_591' title='bbox 763 4311 832 4381; x_wconf 81' lang='grc' dir='ltr'><strong>τῇ</strong></span> <span class='ocrx_word' id='word_1_592' title='bbox 888 4307 1087 4381; x_wconf 81' lang='grc' dir='ltr'>βροντῇ</span> <span class='ocrx_word' id='word_1_593' title='bbox 1134 4293 1837 4389; x_wconf 39' lang='grc' dir='ltr'>ἀπηχεῖτυ,-’Δνδρίςεσθε,</span> 
     </span>
    </p>
   </div>
   <div class='ocr_carea' id='block_1_77' title="bbox 202 4383 1841 4481">
    <p class='ocr_par' dir='ltr' id='par_1_77' title="bbox 202 4383 1841 4481">
     <span class='ocr_line' id='line_1_77' title="bbox 202 4383 1841 4481; baseline -0.015 -22"><span class='ocrx_word' id='word_1_594' title='bbox 202 4383 458 4481; x_wconf 81' lang='grc' dir='ltr'>λέγουσα,</span> <span class='ocrx_word' id='word_1_595' title='bbox 490 4398 582 4454; x_wconf 84' lang='grc' dir='ltr'><strong>καὶ</strong></span> <span class='ocrx_word' id='word_1_596' title='bbox 612 4401 876 4471; x_wconf 89' lang='grc' dir='ltr'>θυροεῖτε,</span> <span class='ocrx_word' id='word_1_597' title='bbox 920 4393 1036 4465; x_wconf 90' lang='grc' dir='ltr'>μεθ’</span> <span class='ocrx_word' id='word_1_598' title='bbox 1086 4390 1237 4462; x_wconf 80' lang='grc' dir='ltr'>ὑμῶν</span> <span class='ocrx_word' id='word_1_599' title='bbox 1274 4388 1376 4481; x_wconf 82' lang='grc' dir='ltr'><strong>γὰρ</strong></span> <span class='ocrx_word' id='word_1_600' title='bbox 1422 4384 1555 4481; x_wconf 44' lang='grc' dir='ltr'>εἶμιζ</span> <span class='ocrx_word' id='word_1_601' title='bbox 1605 4383 1841 4481; x_wconf 42' lang='grc' dir='ltr'>καὶΙφυ-</span> 
     </span>
    </p>
   </div>
   <div class='ocr_carea' id='block_1_78' title="bbox 203 4470 1839 4568">
    <p class='ocr_par' dir='ltr' id='par_1_78' title="bbox 203 4470 1839 4568">
     <span class='ocr_line' id='line_1_78' title="bbox 203 4470 1839 4568; baseline -0.013 -23"><span class='ocrx_word' id='word_1_602' title='bbox 203 4470 538 4568; x_wconf 71' lang='grc' dir='ltr'>λαχθήσιῦθέ</span> <span class='ocrx_word' id='word_1_603' title='bbox 571 4481 960 4557; x_wconf 81' lang='grc' dir='ltr'>μοιάνέπαφοι</span> <span class='ocrx_word' id='word_1_604' title='bbox 993 4482 1111 4568; x_wconf 76' lang='grc' dir='ltr'>ταῖς</span> <span class='ocrx_word' id='word_1_605' title='bbox 1138 4479 1236 4530; x_wconf 80' lang='grc' dir='ltr'><strong>τοῦ</strong></span> <span class='ocrx_word' id='word_1_606' title='bbox 1282 4474 1483 4549; x_wconf 79' lang='grc' dir='ltr'>ἐχθροῦ</span> <span class='ocrx_word' id='word_1_607' title='bbox 1537 4470 1839 4568; x_wconf 55' lang='grc' dir='ltr'>ἐπηρείαις,</span> 
     </span>
    </p>
   </div>
   <div class='ocr_carea' id='block_1_79' title="bbox 205 4558 1841 4644">
    <p class='ocr_par' dir='ltr' id='par_1_79' title="bbox 205 4558 1841 4644">
     <span class='ocr_line' id='line_1_79' title="bbox 205 4558 1841 4644; baseline -0.012 -12"><span class='ocrx_word' id='word_1_608' title='bbox 205 4558 669 4633; x_wconf 69' lang='grc' dir='ltr'>καίέἱσελεύσεσθε</span> <span class='ocrx_word' id='word_1_609' title='bbox 702 4573 818 4644; x_wconf 84' lang='grc' dir='ltr'>μετ’</span> <span class='ocrx_word' id='word_1_610' title='bbox 848 4567 984 4642; x_wconf 71' lang='grc' dir='ltr'>ἐμοῦ</span> <span class='ocrx_word' id='word_1_611' title='bbox 1017 4565 1094 4630; x_wconf 76' lang='grc' dir='ltr'><strong>εἰς</strong></span> <span class='ocrx_word' id='word_1_612' title='bbox 1121 4566 1211 4621; x_wconf 88' lang='grc' dir='ltr'><strong>τὸν</strong></span> <span class='ocrx_word' id='word_1_613' title='bbox 1241 4566 1498 4637; x_wconf 82' lang='grc' dir='ltr'>νυμφῶνα</span> <span class='ocrx_word' id='word_1_614' title='bbox 1544 4561 1634 4616; x_wconf 82' lang='grc' dir='ltr'>τὸν</span> <span class='ocrx_word' id='word_1_615' title='bbox 1680 4558 1841 4634; x_wconf 71' lang='grc' dir='ltr'>ἐμὸν,</span> 
     </span>
    </p>
   </div>
   <div class='ocr_carea' id='block_1_80' title="bbox 210 4647 1841 4733">
    <p class='ocr_par' dir='ltr' id='par_1_80' title="bbox 210 4647 1841 4733">
     <span class='ocr_line' id='line_1_80' title="bbox 210 4647 1841 4733; baseline -0.013 -11"><span class='ocrx_word' id='word_1_616' title='bbox 210 4665 295 4722; x_wconf 84' lang='grc' dir='ltr'><strong>καὶ</strong></span> <span class='ocrx_word' id='word_1_617' title='bbox 342 4665 437 4732; x_wconf 73' lang='grc' dir='ltr'>τὴν</span> <span class='ocrx_word' id='word_1_618' title='bbox 485 4659 895 4733; x_wconf 78' lang='grc' dir='ltr'>ἡτοιμασμένην</span> <span class='ocrx_word' id='word_1_619' title='bbox 952 4656 1077 4729; x_wconf 75' lang='grc' dir='ltr'>ὑμῖν</span> <span class='ocrx_word' id='word_1_620' title='bbox 1137 4650 1487 4726; x_wconf 76' lang='grc' dir='ltr'>ἀπολήψεσθε</span> <span class='ocrx_word' id='word_1_621' title='bbox 1542 4647 1841 4725; x_wconf 80' lang='grc' dir='ltr'>βασιλείαν.</span> 
     </span>
    </p>
   </div>
   <div class='ocr_carea' id='block_1_81' title="bbox 211 4733 1845 4828">
    <p class='ocr_par' dir='ltr' id='par_1_81' title="bbox 211 4733 1845 4828">
     <span class='ocr_line' id='line_1_81' title="bbox 211 4733 1845 4828; baseline -0.012 -18"><span class='ocrx_word' id='word_1_622' title='bbox 211 4758 380 4815; x_wconf 76' lang='grc' dir='ltr'>Ταῦτα</span> <span class='ocrx_word' id='word_1_623' title='bbox 417 4751 452 4821; x_wconf 75' lang='grc' dir='ltr'>ἢ</span> <span class='ocrx_word' id='word_1_624' title='bbox 483 4772 541 4806; x_wconf 81' lang='grc' dir='ltr'><strong>τε</strong></span> <span class='ocrx_word' id='word_1_625' title='bbox 572 4750 727 4828; x_wconf 79' lang='grc' dir='ltr'><strong>φωνή</strong></span> <span class='ocrx_word' id='word_1_626' title='bbox 761 4742 936 4823; x_wconf 72' lang='grc' dir='ltr'>ἔλεγε,</span> <span class='ocrx_word' id='word_1_627' title='bbox 977 4745 1067 4800; x_wconf 79' lang='grc' dir='ltr'><strong>καὶ</strong></span> <span class='ocrx_word' id='word_1_628' title='bbox 1097 4745 1132 4813; x_wconf 76' lang='grc' dir='ltr'><strong>ἡ</strong></span> <span class='ocrx_word' id='word_1_629' title='bbox 1170 4742 1369 4819; x_wconf 87' lang='grc' dir='ltr'>βροντὴ</span> <span class='ocrx_word' id='word_1_630' title='bbox 1416 4733 1644 4818; x_wconf 77' lang='grc' dir='ltr'>φοϐερὸν</span> <span class='ocrx_word' id='word_1_631' title='bbox 1671 4735 1845 4828; x_wconf 62' lang='grc' dir='ltr'><strong>Δέκτύ-</strong></span> 
     </span>
    </p>
   </div>
   <div class='ocr_carea' id='block_1_82' title="bbox 214 4825 1843 4911">
    <p class='ocr_par' dir='ltr' id='par_1_82' title="bbox 214 4825 1843 4911">
     <span class='ocr_line' id='line_1_82' title="bbox 214 4825 1843 4911; baseline -0.011 -13"><span class='ocrx_word' id='word_1_632' title='bbox 214 4864 318 4911; x_wconf 86' lang='grc' dir='ltr'>πει,</span> <span class='ocrx_word' id='word_1_633' title='bbox 347 4843 435 4897; x_wconf 85' lang='grc' dir='ltr'><strong>καὶ</strong></span> <span class='ocrx_word' id='word_1_634' title='bbox 468 4839 557 4895; x_wconf 79' lang='grc' dir='ltr'>ἐπὶ</span> <span class='ocrx_word' id='word_1_635' title='bbox 588 4837 731 4893; x_wconf 73' lang='grc' dir='ltr'>πολὺ</span> <span class='ocrx_word' id='word_1_636' title='bbox 755 4836 924 4910; x_wconf 76' lang='grc' dir='ltr'>ταύτῃ</span> <span class='ocrx_word' id='word_1_637' title='bbox 958 4833 1431 4907; x_wconf 85' lang='grc' dir='ltr'>συμπαρετείνετο,</span> <span class='ocrx_word' id='word_1_638' title='bbox 1461 4829 1550 4885; x_wconf 83' lang='grc' dir='ltr'><strong>καὶ</strong></span> <span class='ocrx_word' id='word_1_639' title='bbox 1594 4825 1843 4889; x_wconf 74' lang='grc' dir='ltr'>πολλοὺς</span> 
     </span>
    </p>
   </div>
   <div class='ocr_carea' id='block_1_83' title="bbox 220 4919 1844 5007">
    <p class='ocr_par' dir='ltr' id='par_1_83' title="bbox 220 4919 1844 5007">
     <span class='ocr_line' id='line_1_83' title="bbox 220 4919 1844 5007; baseline -0.01 -19"><span class='ocrx_word' id='word_1_640' title='bbox 220 4934 306 5007; x_wconf 84' lang='grc' dir='ltr'>μὶν</span> <span class='ocrx_word' id='word_1_641' title='bbox 329 4931 384 4987; x_wconf 83' lang='grc' dir='ltr'>ἐκ</span> <span class='ocrx_word' id='word_1_642' title='bbox 404 4935 499 4986; x_wconf 80' lang='grc' dir='ltr'><strong>τοῦ</strong></span> <span class='ocrx_word' id='word_1_643' title='bbox 529 4926 801 5007; x_wconf 70' lang='grc' dir='ltr'>αἰφνιδίου</span> <span class='ocrx_word' id='word_1_644' title='bbox 824 4926 890 4981; x_wconf 80' lang='grc' dir='ltr'><strong>τὸἱ</strong></span> <span class='ocrx_word' id='word_1_645' title='bbox 907 4926 1046 4998; x_wconf 79' lang='grc' dir='ltr'>ἀκοῇ</span> <span class='ocrx_word' id='word_1_646' title='bbox 1077 4926 1465 4998; x_wconf 85' lang='grc' dir='ltr'>προσραγεῖσα,</span> <span class='ocrx_word' id='word_1_647' title='bbox 1498 4919 1575 4980; x_wconf 83' lang='grc' dir='ltr'><strong>εἰς</strong></span> <span class='ocrx_word' id='word_1_648' title='bbox 1597 4924 1698 4995; x_wconf 80' lang='grc' dir='ltr'><strong>γῆν</strong></span> <span class='ocrx_word' id='word_1_649' title='bbox 1720 4938 1844 4972; x_wconf 86' lang='grc' dir='ltr'>κατ-</span> 
     </span>
    </p>
   </div>
   <div class='ocr_carea' id='block_1_84' title="bbox 220 5002 1845 5096">
    <p class='ocr_par' dir='ltr' id='par_1_84' title="bbox 220 5002 1845 5096">
     <span class='ocr_line' id='line_1_84' title="bbox 220 5002 1845 5096; baseline -0.011 -18"><span class='ocrx_word' id='word_1_650' title='bbox 220 5002 389 5089; x_wconf 77' lang='grc' dir='ltr'>έλαϐε,</span> <span class='ocrx_word' id='word_1_651' title='bbox 421 5020 512 5075; x_wconf 91' lang='grc' dir='ltr'><strong>καί</strong></span> <span class='ocrx_word' id='word_1_652' title='bbox 540 5002 610 5073; x_wconf 67' lang='grc' dir='ltr'><strong>τὸ⁷</strong></span> <span class='ocrx_word' id='word_1_653' title='bbox 633 5016 949 5096; x_wconf 85' lang='grc' dir='ltr'>φθέγγεσθαι</span> <span class='ocrx_word' id='word_1_654' title='bbox 977 5012 1152 5067; x_wconf 79' lang='grc' dir='ltr'>αὐτῶν</span> <span class='ocrx_word' id='word_1_655' title='bbox 1194 5009 1466 5087; x_wconf 80' lang='grc' dir='ltr'>ἀφείλετο,</span> <span class='ocrx_word' id='word_1_656' title='bbox 1509 5005 1755 5096; x_wconf 66' lang='grc' dir='ltr'>πολλοὺς</span> <span class='ocrx_word' id='word_1_657' title='bbox 1787 5002 1845 5060; x_wconf 70' lang='grc' dir='ltr'>δὲ</span> 
     </span>
    </p>
   </div>
   <div class='ocr_carea' id='block_1_85' title="bbox 217 5091 1845 5173">
    <p class='ocr_par' dir='ltr' id='par_1_85' title="bbox 217 5091 1845 5173">
     <span class='ocr_line' id='line_1_85' title="bbox 217 5091 1845 5173; baseline -0.01 -8"><span class='ocrx_word' id='word_1_658' title='bbox 217 5114 387 5173; x_wconf 76' lang='grc' dir='ltr'>ἱππεῖς</span> <span class='ocrx_word' id='word_1_659' title='bbox 416 5110 505 5164; x_wconf 82' lang='grc' dir='ltr'><strong>καί</strong></span> <span class='ocrx_word' id='word_1_660' title='bbox 538 5105 710 5162; x_wconf 79' lang='grc' dir='ltr'>αὐτῶν</span> <span class='ocrx_word' id='word_1_661' title='bbox 744 5098 981 5159; x_wconf 74' lang='grc' dir='ltr'>ἀπέϐαλε</span> <span class='ocrx_word' id='word_1_662' title='bbox 1016 5105 1122 5156; x_wconf 81' lang='grc' dir='ltr'><strong>τῶν</strong></span> <span class='ocrx_word' id='word_1_663' title='bbox 1151 5098 1356 5168; x_wconf 66' lang='grc' dir='ltr'>ἳππων,</span> <span class='ocrx_word' id='word_1_664' title='bbox 1402 5098 1490 5152; x_wconf 84' lang='grc' dir='ltr'><strong>καὶ</strong></span> <span class='ocrx_word' id='word_1_665' title='bbox 1530 5091 1845 5171; x_wconf 77' lang='grc' dir='ltr'>περιϐάντες</span> 
     </span>
    </p>
   </div>
   <div class='ocr_carea' id='block_1_86' title="bbox 219 5184 1844 5269">
    <p class='ocr_par' dir='ltr' id='par_1_86' title="bbox 219 5184 1844 5269">
     <span class='ocr_line' id='line_1_86' title="bbox 219 5184 1844 5269; baseline -0.011 -13"><span class='ocrx_word' id='word_1_666' title='bbox 219 5199 402 5261; x_wconf 78' lang='grc' dir='ltr'>αὐτοὺς</span> <span class='ocrx_word' id='word_1_667' title='bbox 432 5199 523 5253; x_wconf 83' lang='grc' dir='ltr'>καὶ</span> <span class='ocrx_word' id='word_1_668' title='bbox 575 5195 1020 5269; x_wconf 75' lang='grc' dir='ltr'>συμπατήσαντες</span> <span class='ocrx_word' id='word_1_669' title='bbox 1061 5188 1116 5244; x_wconf 81' lang='grc' dir='ltr'><strong>οἷ’</strong></span> <span class='ocrx_word' id='word_1_670' title='bbox 1161 5189 1346 5258; x_wconf 78' lang='grc' dir='ltr'>ἳπποι,</span> <span class='ocrx_word' id='word_1_671' title='bbox 1393 5187 1706 5242; x_wconf 84' lang='grc' dir='ltr'>ἀπέκτειναν</span> <span class='ocrx_word' id='word_1_672' title='bbox 1754 5184 1844 5239; x_wconf 82' lang='grc' dir='ltr'><strong>καὶ</strong></span> 
     </span>
    </p>
   </div>
   <div class='ocr_carea' id='block_1_87' title="bbox 218 5272 1846 5361">
    <p class='ocr_par' dir='ltr' id='par_1_87' title="bbox 218 5272 1846 5361">
     <span class='ocr_line' id='line_1_87' title="bbox 218 5272 1846 5361; baseline -0.012 -16"><span class='ocrx_word' id='word_1_673' title='bbox 218 5288 352 5352; x_wconf 82' lang='grc' dir='ltr'>ὅλως</span> <span class='ocrx_word' id='word_1_674' title='bbox 400 5281 697 5361; x_wconf 76' lang='grc' dir='ltr'>ἐθορύϐησε</span> <span class='ocrx_word' id='word_1_675' title='bbox 752 5282 879 5344; x_wconf 78' lang='grc' dir='ltr'>τοὺς</span> <span class='ocrx_word' id='word_1_676' title='bbox 936 5279 1205 5355; x_wconf 89' lang='grc' dir='ltr'>παρόντας</span> <span class='ocrx_word' id='word_1_677' title='bbox 1261 5278 1350 5331; x_wconf 87' lang='grc' dir='ltr'>καὶ</span> <span class='ocrx_word' id='word_1_678' title='bbox 1399 5276 1475 5337; x_wconf 84' lang='grc' dir='ltr'><strong>εἰς</strong></span> <span class='ocrx_word' id='word_1_679' title='bbox 1532 5272 1846 5349; x_wconf 86' lang='grc' dir='ltr'>ἀμηχανίαν</span> 
     </span>
    </p>
   </div>
   <div class='ocr_carea' id='block_1_88' title="bbox 219 5360 1845 5445">
    <p class='ocr_par' dir='ltr' id='par_1_88' title="bbox 219 5360 1845 5445">
     <span class='ocr_line' id='line_1_88' title="bbox 219 5360 1845 5445; baseline -0.01 -11"><span class='ocrx_word' id='word_1_680' title='bbox 219 5360 499 5435; x_wconf 51' lang='grc' dir='ltr'>ξνέϐαλενρ</span> <span class='ocrx_word' id='word_1_681' title='bbox 534 5376 603 5434; x_wconf 77' lang='grc' dir='ltr'><strong>Οἱ</strong></span> <span class='ocrx_word' id='word_1_682' title='bbox 662 5371 844 5444; x_wconf 84' lang='grc' dir='ltr'>μέντοι</span> <span class='ocrx_word' id='word_1_683' title='bbox 897 5370 1034 5445; x_wconf 86' lang='grc' dir='ltr'>πρὸς</span> <span class='ocrx_word' id='word_1_684' title='bbox 1081 5371 1176 5422; x_wconf 78' lang='grc' dir='ltr'><strong>τοῦ</strong></span> <span class='ocrx_word' id='word_1_685' title='bbox 1223 5364 1490 5442; x_wconf 84' lang='grc' dir='ltr'>βασιλέως</span> <span class='ocrx_word' id='word_1_686' title='bbox 1538 5360 1845 5433; x_wconf 76' lang='grc' dir='ltr'>Τηριδᾶτου</span> 
     </span>
    </p>
   </div>
   <div class='ocr_carea' id='block_1_89' title="bbox 221 5451 1843 5543">
    <p class='ocr_par' dir='ltr' id='par_1_89' title="bbox 221 5451 1843 5543">
     <span class='ocr_line' id='line_1_89' title="bbox 221 5451 1843 5543; baseline -0.014 -17"><span class='ocrx_word' id='word_1_687' title='bbox 221 5465 485 5529; x_wconf 76' lang='grc' dir='ltr'>σταλέντες</span> <span class='ocrx_word' id='word_1_688' title='bbox 560 5463 642 5543; x_wconf 71' lang='grc' dir='ltr'><strong>ἰφ’</strong></span> <span class='ocrx_word' id='word_1_689' title='bbox 714 5463 761 5536; x_wconf 82' lang='grc' dir='ltr'>ᾧ</span> <span class='ocrx_word' id='word_1_690' title='bbox 836 5460 934 5530; x_wconf 81' lang='grc' dir='ltr'><strong>τὴν</strong></span> <span class='ocrx_word' id='word_1_691' title='bbox 1008 5456 1267 5533; x_wconf 81' lang='grc' dir='ltr'>Ῥιψίμην</span> <span class='ocrx_word' id='word_1_692' title='bbox 1365 5451 1843 5530; x_wconf 74' lang='grc' dir='ltr'>μετακαλέσονται,</span> 
     </span>
    </p>
   </div>
   <div class='ocr_carea' id='block_1_90' title="bbox 295 5648 740 5722">
    <p class='ocr_par' dir='ltr' id='par_1_90' title="bbox 295 5648 740 5722">
     <span class='ocr_line' id='line_1_90' title="bbox 295 5648 740 5722; baseline -0.016 -12"><span class='ocrx_word' id='word_1_693' title='bbox 295 5652 311 5687; x_wconf 77' lang='grc'><em>³</em></span> <span class='ocrx_word' id='word_1_694' title='bbox 339 5648 531 5711; x_wconf 78' lang='lat' dir='ltr'><strong>Matth.</strong></span> <span class='ocrx_word' id='word_1_695' title='bbox 566 5665 622 5722; x_wconf 69' lang='grc' dir='ltr'>ι,</span> <span class='ocrx_word' id='word_1_696' title='bbox 652 5650 740 5704; x_wconf 87' lang='grc'><strong>23.</strong></span> 
     </span>
    </p>
   </div>
   <div class='ocr_carea' id='block_1_91' title="bbox 1942 3307 3579 3390">
    <p class='ocr_par' dir='ltr' id='par_1_91' title="bbox 1942 3307 3579 3390">
     <span class='ocr_line' id='line_1_91' title="bbox 1942 3307 3579 3390; baseline -0.009 -13"><span class='ocrx_word' id='word_1_697' title='bbox 1942 3326 1998 3376; x_wconf 90' lang='lat' dir='ltr'><strong>et</strong></span> <span class='ocrx_word' id='word_1_698' title='bbox 2020 3320 2188 3390; x_wconf 91' lang='lat' dir='ltr'><strong>jubet</strong></span> <span class='ocrx_word' id='word_1_699' title='bbox 2219 3314 2539 3387; x_wconf 81' lang='lat' dir='ltr'><strong>Ripsimem</strong></span> <span class='ocrx_word' id='word_1_700' title='bbox 2571 3311 2663 3368; x_wconf 90' lang='lat' dir='ltr'><strong>bis</strong></span> <span class='ocrx_word' id='word_1_701' title='bbox 2694 3311 2959 3367; x_wconf 88' lang='lat' dir='ltr'><strong>indutam</strong></span> <span class='ocrx_word' id='word_1_702' title='bbox 2984 3311 3056 3365; x_wconf 88' lang='lat' dir='ltr'><strong>ad</strong></span> <span class='ocrx_word' id='word_1_703' title='bbox 3087 3325 3148 3365; x_wconf 90' lang='lat' dir='ltr'><strong>se</strong></span> <span class='ocrx_word' id='word_1_704' title='bbox 3176 3307 3374 3365; x_wconf 90' lang='lat' dir='ltr'><strong>venire</strong></span> <span class='ocrx_word' id='word_1_705' title='bbox 3409 3309 3464 3362; x_wconf 90' lang='lat' dir='ltr'><strong>in</strong></span> <span class='ocrx_word' id='word_1_706' title='bbox 3492 3323 3579 3363; x_wconf 86' lang='lat' dir='ltr'><strong>re-</strong></span> 
     </span>
    </p>
   </div>
   <div class='ocr_carea' id='block_1_92' title="bbox 1940 3395 3578 3480">
    <p class='ocr_par' dir='ltr' id='par_1_92' title="bbox 1940 3395 3578 3480">
     <span class='ocr_line' id='line_1_92' title="bbox 1940 3395 3578 3480; baseline -0.009 -15"><span class='ocrx_word' id='word_1_707' title='bbox 1940 3410 2119 3480; x_wconf 88' lang='lat' dir='ltr'><strong>giam,</strong></span> <span class='ocrx_word' id='word_1_708' title='bbox 2151 3405 2404 3477; x_wconf 81' lang='lat' dir='ltr'><strong>reliquas</strong></span> <span class='ocrx_word' id='word_1_709' title='bbox 2436 3406 2630 3457; x_wconf 86' lang='lat' dir='ltr'><strong>autem</strong></span> <span class='ocrx_word' id='word_1_710' title='bbox 2681 3399 2866 3454; x_wconf 84' lang='lat' dir='ltr'><strong>teneri</strong></span> <span class='ocrx_word' id='word_1_711' title='bbox 2916 3397 3196 3454; x_wconf 87' lang='lat' dir='ltr'><strong>custodia.</strong></span> <span class='ocrx_word' id='word_1_712' title='bbox 3231 3395 3335 3452; x_wconf 87' lang='lat' dir='ltr'><strong>Illa</strong></span> <span class='ocrx_word' id='word_1_713' title='bbox 3383 3399 3578 3452; x_wconf 89' lang='lat' dir='ltr'><strong>autem</strong></span> 
     </span>
    </p>
   </div>
   <div class='ocr_carea' id='block_1_93' title="bbox 1939 3483 3582 3557">
    <p class='ocr_par' dir='ltr' id='par_1_93' title="bbox 1939 3483 3582 3557">
     <span class='ocr_line' id='line_1_93' title="bbox 1939 3483 3582 3557; baseline -0.009 -4"><span class='ocrx_word' id='word_1_714' title='bbox 1939 3495 2154 3553; x_wconf 88' lang='lat' dir='ltr'><strong>Christi</strong></span> <span class='ocrx_word' id='word_1_715' title='bbox 2204 3495 2433 3550; x_wconf 89' lang='lat' dir='ltr'><strong>incensa</strong></span> <span class='ocrx_word' id='word_1_716' title='bbox 2489 3489 2799 3557; x_wconf 88' lang='lat' dir='ltr'><strong>desiderio,</strong></span> <span class='ocrx_word' id='word_1_717' title='bbox 2849 3491 2907 3542; x_wconf 91' lang='lat' dir='ltr'><strong>et</strong></span> <span class='ocrx_word' id='word_1_718' title='bbox 2952 3487 3079 3557; x_wconf 88' lang='lat' dir='ltr'><strong>ejus</strong></span> <span class='ocrx_word' id='word_1_719' title='bbox 3124 3500 3321 3541; x_wconf 86' lang='lat' dir='ltr'><strong>amore</strong></span> <span class='ocrx_word' id='word_1_720' title='bbox 3372 3483 3582 3540; x_wconf 88' lang='lat' dir='ltr'><strong>ardens</strong></span> 
     </span>
    </p>
   </div>
   <div class='ocr_carea' id='block_1_94' title="bbox 1943 3571 3581 3659">
    <p class='ocr_par' dir='ltr' id='par_1_94' title="bbox 1943 3571 3581 3659">
     <span class='ocr_line' id='line_1_94' title="bbox 1943 3571 3581 3659; baseline -0.009 -18"><span class='ocrx_word' id='word_1_721' title='bbox 1943 3600 2108 3659; x_wconf 87' lang='lat' dir='ltr'><strong>quem</strong></span> <span class='ocrx_word' id='word_1_722' title='bbox 2136 3582 2312 3639; x_wconf 89' lang='lat' dir='ltr'><strong>etiam</strong></span> <span class='ocrx_word' id='word_1_723' title='bbox 2354 3579 2542 3636; x_wconf 87' lang='lat' dir='ltr'><strong>solum</strong></span> <span class='ocrx_word' id='word_1_724' title='bbox 2578 3580 2815 3634; x_wconf 89' lang='lat' dir='ltr'><strong>noverat</strong></span> <span class='ocrx_word' id='word_1_725' title='bbox 2843 3590 3139 3646; x_wconf 87' lang='lat' dir='ltr'><strong>sponsum,</strong></span> <span class='ocrx_word' id='word_1_726' title='bbox 3174 3571 3581 3629; x_wconf 87' lang='lat' dir='ltr'><strong>suasionibus-</strong></span> 
     </span>
    </p>
   </div>
   <div class='ocr_carea' id='block_1_95' title="bbox 1945 3661 3582 3748">
    <p class='ocr_par' dir='ltr' id='par_1_95' title="bbox 1945 3661 3582 3748">
     <span class='ocr_line' id='line_1_95' title="bbox 1945 3661 3582 3748; baseline -0.009 -17"><span class='ocrx_word' id='word_1_727' title='bbox 1945 3690 2057 3748; x_wconf 90' lang='lat' dir='ltr'><strong>que</strong></span> <span class='ocrx_word' id='word_1_728' title='bbox 2099 3677 2157 3729; x_wconf 91' lang='lat' dir='ltr'><strong>et</strong></span> <span class='ocrx_word' id='word_1_729' title='bbox 2201 3670 2438 3726; x_wconf 89' lang='lat' dir='ltr'><strong>monitis</strong></span> <span class='ocrx_word' id='word_1_730' title='bbox 2469 3667 2721 3733; x_wconf 62' lang='lat' dir='ltr'><strong>Gaianas,</strong></span> <span class='ocrx_word' id='word_1_731' title='bbox 2752 3681 2880 3737; x_wconf 64' lang='lat' dir='ltr'><strong>quas</strong></span> <span class='ocrx_word' id='word_1_732' title='bbox 2928 3669 2984 3720; x_wconf 92' lang='lat' dir='ltr'><strong>et</strong></span> <span class='ocrx_word' id='word_1_733' title='bbox 3024 3665 3212 3734; x_wconf 85' lang='lat' dir='ltr'><strong>ipsam</strong></span> <span class='ocrx_word' id='word_1_734' title='bbox 3258 3663 3481 3718; x_wconf 82' lang='lat' dir='ltr'><strong>aluerat</strong></span> <span class='ocrx_word' id='word_1_735' title='bbox 3509 3661 3582 3716; x_wconf 85' lang='lat' dir='ltr'><strong>ab</strong></span> 
     </span>
    </p>
   </div>
   <div class='ocr_carea' id='block_1_96' title="bbox 1943 3751 3582 3830">
    <p class='ocr_par' dir='ltr' id='par_1_96' title="bbox 1943 3751 3582 3830">
     <span class='ocr_line' id='line_1_96' title="bbox 1943 3751 3582 3830; baseline -0.009 -10"><span class='ocrx_word' id='word_1_736' title='bbox 1943 3763 2209 3830; x_wconf 80' lang='lat' dir='ltr'><strong>infantia,</strong></span> <span class='ocrx_word' id='word_1_737' title='bbox 2242 3764 2298 3817; x_wconf 91' lang='lat' dir='ltr'><strong>et</strong></span> <span class='ocrx_word' id='word_1_738' title='bbox 2324 3760 2393 3815; x_wconf 87' lang='lat' dir='ltr'><strong>ad</strong></span> <span class='ocrx_word' id='word_1_739' title='bbox 2429 3773 2554 3813; x_wconf 87' lang='lat' dir='ltr'><strong>eam</strong></span> <span class='ocrx_word' id='word_1_740' title='bbox 2607 3757 2947 3827; x_wconf 58' lang='lat' dir='ltr'><strong>perduxerat</strong></span> <span class='ocrx_word' id='word_1_741' title='bbox 2976 3757 3223 3818; x_wconf 82' lang='lat' dir='ltr'><strong>aetatem,</strong></span> <span class='ocrx_word' id='word_1_742' title='bbox 3254 3751 3442 3823; x_wconf 87' lang='lat' dir='ltr'><strong>magis</strong></span> <span class='ocrx_word' id='word_1_743' title='bbox 3473 3751 3582 3806; x_wconf 83' lang='lat' dir='ltr'><strong>fer-</strong></span> 
     </span>
    </p>
   </div>
   <div class='ocr_carea' id='block_1_97' title="bbox 1941 3840 3585 3922">
    <p class='ocr_par' dir='ltr' id='par_1_97' title="bbox 1941 3840 3585 3922">
     <span class='ocr_line' id='line_1_97' title="bbox 1941 3840 3585 3922; baseline -0.009 -13"><span class='ocrx_word' id='word_1_744' title='bbox 1941 3868 2099 3922; x_wconf 89' lang='lat' dir='ltr'><strong>vens,</strong></span> <span class='ocrx_word' id='word_1_745' title='bbox 2131 3864 2295 3921; x_wconf 68' lang='lat' dir='ltr'><strong>eaque</strong></span> <span class='ocrx_word' id='word_1_746' title='bbox 2322 3851 2381 3902; x_wconf 90' lang='lat' dir='ltr'><strong>et</strong></span> <span class='ocrx_word' id='word_1_747' title='bbox 2418 3846 2595 3901; x_wconf 89' lang='lat' dir='ltr'><strong>verba</strong></span> <span class='ocrx_word' id='word_1_748' title='bbox 2621 3846 2770 3916; x_wconf 90' lang='lat' dir='ltr'><strong>ejus,</strong></span> <span class='ocrx_word' id='word_1_749' title='bbox 2804 3842 2904 3915; x_wconf 90' lang='lat' dir='ltr'><strong>qui</strong></span> <span class='ocrx_word' id='word_1_750' title='bbox 2937 3846 3059 3898; x_wconf 86' lang='lat' dir='ltr'><strong>erat</strong></span> <span class='ocrx_word' id='word_1_751' title='bbox 3088 3842 3137 3897; x_wconf 94' lang='lat' dir='ltr'><strong>ei</strong></span> <span class='ocrx_word' id='word_1_752' title='bbox 3172 3840 3329 3910; x_wconf 90' lang='lat' dir='ltr'><strong>odio,</strong></span> <span class='ocrx_word' id='word_1_753' title='bbox 3361 3842 3585 3896; x_wconf 82' lang='lat' dir='ltr'><strong>amato-</strong></span> 
     </span>
    </p>
   </div>
   <div class='ocr_carea' id='block_1_98' title="bbox 1944 3929 3583 4012">
    <p class='ocr_par' dir='ltr' id='par_1_98' title="bbox 1944 3929 3583 4012">
     <span class='ocr_line' id='line_1_98' title="bbox 1944 3929 3583 4012; baseline -0.01 -14"><span class='ocrx_word' id='word_1_754' title='bbox 1944 3942 2044 4009; x_wconf 87' lang='lat' dir='ltr'><strong>ris,</strong></span> <span class='ocrx_word' id='word_1_755' title='bbox 2079 3942 2136 3996; x_wconf 88' lang='lat' dir='ltr'><strong>et</strong></span> <span class='ocrx_word' id='word_1_756' title='bbox 2164 3955 2293 4012; x_wconf 66' lang='lat' dir='ltr'><strong>qum</strong></span> <span class='ocrx_word' id='word_1_757' title='bbox 2326 3937 2501 3993; x_wconf 85' lang='lat' dir='ltr'><strong>missa</strong></span> <span class='ocrx_word' id='word_1_758' title='bbox 2532 3935 2762 3990; x_wconf 84' lang='lat' dir='ltr'><strong>fuerant</strong></span> <span class='ocrx_word' id='word_1_759' title='bbox 2781 3931 3131 3987; x_wconf 90' lang='lat' dir='ltr'><strong>abhorrebat</strong></span> <span class='ocrx_word' id='word_1_760' title='bbox 3160 3934 3219 3985; x_wconf 87' lang='lat' dir='ltr'><strong>et</strong></span> <span class='ocrx_word' id='word_1_761' title='bbox 3247 3929 3583 4001; x_wconf 84' lang='lat' dir='ltr'><strong>respuebat,</strong></span> 
     </span>
    </p>
   </div>
   <div class='ocr_carea' id='block_1_99' title="bbox 1944 4015 3587 4099">
    <p class='ocr_par' dir='ltr' id='par_1_99' title="bbox 1944 4015 3587 4099">
     <span class='ocr_line' id='line_1_99' title="bbox 1944 4015 3587 4099; baseline -0.01 -13"><span class='ocrx_word' id='word_1_762' title='bbox 1944 4037 2001 4086; x_wconf 90' lang='lat' dir='ltr'><strong>et</strong></span> <span class='ocrx_word' id='word_1_763' title='bbox 2028 4045 2163 4085; x_wconf 88' lang='lat' dir='ltr'><strong>cum</strong></span> <span class='ocrx_word' id='word_1_764' title='bbox 2195 4027 2288 4094; x_wconf 87' lang='lat' dir='ltr'><strong>iis,</strong></span> <span class='ocrx_word' id='word_1_765' title='bbox 2321 4042 2447 4099; x_wconf 71' lang='lat' dir='ltr'><strong>qua:</strong></span> <span class='ocrx_word' id='word_1_766' title='bbox 2478 4038 2673 4080; x_wconf 85' lang='lat' dir='ltr'><strong>secum</strong></span> <span class='ocrx_word' id='word_1_767' title='bbox 2706 4024 2893 4089; x_wconf 87' lang='lat' dir='ltr'><strong>erant,</strong></span> <span class='ocrx_word' id='word_1_768' title='bbox 2925 4020 3161 4075; x_wconf 89' lang='lat' dir='ltr'><strong>vacabat</strong></span> <span class='ocrx_word' id='word_1_769' title='bbox 3190 4015 3461 4073; x_wconf 87' lang='lat' dir='ltr'><strong>orationi.</strong></span> <span class='ocrx_word' id='word_1_770' title='bbox 3495 4018 3587 4072; x_wconf 84' lang='lat' dir='ltr'><strong>In-</strong></span> 
     </span>
    </p>
   </div>
   <div class='ocr_carea' id='block_1_100' title="bbox 1945 4104 3585 4181">
    <p class='ocr_par' dir='ltr' id='par_1_100' title="bbox 1945 4104 3585 4181">
     <span class='ocr_line' id='line_1_100' title="bbox 1945 4104 3585 4181; baseline -0.009 -8"><span class='ocrx_word' id='word_1_771' title='bbox 1945 4118 2117 4174; x_wconf 87' lang='lat' dir='ltr'><strong>terim</strong></span> <span class='ocrx_word' id='word_1_772' title='bbox 2150 4120 2344 4170; x_wconf 84' lang='lat' dir='ltr'><strong>autem</strong></span> <span class='ocrx_word' id='word_1_773' title='bbox 2375 4115 2514 4167; x_wconf 88' lang='lat' dir='ltr'><strong>dum</strong></span> <span class='ocrx_word' id='word_1_774' title='bbox 2569 4109 2956 4181; x_wconf 84' lang='lat' dir='ltr'><strong>peragebatur</strong></span> <span class='ocrx_word' id='word_1_775' title='bbox 3003 4105 3206 4170; x_wconf 85' lang='lat' dir='ltr'><strong>oratio,</strong></span> <span class='ocrx_word' id='word_1_776' title='bbox 3242 4104 3464 4159; x_wconf 90' lang='lat' dir='ltr'><strong>tonitru</strong></span> <span class='ocrx_word' id='word_1_777' title='bbox 3498 4119 3585 4158; x_wconf 89' lang='lat' dir='ltr'><strong>re-</strong></span> 
     </span>
    </p>
   </div>
   <div class='ocr_carea' id='block_1_101' title="bbox 1948 4188 3583 4279">
    <p class='ocr_par' dir='ltr' id='par_1_101' title="bbox 1948 4188 3583 4279">
     <span class='ocr_line' id='line_1_101' title="bbox 1948 4188 3583 4279; baseline -0.012 -18"><span class='ocrx_word' id='word_1_778' title='bbox 1948 4208 2119 4279; x_wconf 88' lang='lat' dir='ltr'><strong>pente</strong></span> <span class='ocrx_word' id='word_1_779' title='bbox 2167 4201 2380 4272; x_wconf 90' lang='lat' dir='ltr'><strong>erupit,</strong></span> <span class='ocrx_word' id='word_1_780' title='bbox 2418 4203 2477 4255; x_wconf 91' lang='lat' dir='ltr'><strong>et</strong></span> <span class='ocrx_word' id='word_1_781' title='bbox 2523 4214 2630 4252; x_wconf 78' lang='lat' dir='ltr'><strong>vox</strong></span> <span class='ocrx_word' id='word_1_782' title='bbox 2675 4197 2923 4265; x_wconf 91' lang='lat' dir='ltr'><strong>desuper</strong></span> <span class='ocrx_word' id='word_1_783' title='bbox 2970 4210 3001 4249; x_wconf 91' lang='lat' dir='ltr'><strong>e</strong></span> <span class='ocrx_word' id='word_1_784' title='bbox 3039 4190 3260 4247; x_wconf 88' lang='lat' dir='ltr'><strong>tonitru</strong></span> <span class='ocrx_word' id='word_1_785' title='bbox 3305 4188 3583 4257; x_wconf 89' lang='lat' dir='ltr'><strong>resonuit,</strong></span> 
     </span>
    </p>
   </div>
   <div class='ocr_carea' id='block_1_102' title="bbox 1948 4276 3586 4347">
    <p class='ocr_par' dir='ltr' id='par_1_102' title="bbox 1948 4276 3586 4347">
     <span class='ocr_line' id='line_1_102' title="bbox 1948 4276 3586 4347; baseline -0.01 1"><span class='ocrx_word' id='word_1_786' title='bbox 1948 4276 2146 4347; x_wconf 83' lang='lat' dir='ltr'><strong>dicens</strong></span> <span class='ocrx_word' id='word_1_787' title='bbox 2177 4304 2192 4344; x_wconf 89' lang='lat'><strong>:</strong></span> <span class='ocrx_word' id='word_1_788' title='bbox 2226 4288 2413 4344; x_wconf 87' lang='lat' dir='ltr'><strong>Estote</strong></span> <span class='ocrx_word' id='word_1_789' title='bbox 2447 4284 2580 4340; x_wconf 86' lang='lat' dir='ltr'><strong>forti</strong></span> <span class='ocrx_word' id='word_1_790' title='bbox 2611 4282 2830 4345; x_wconf 90' lang='lat' dir='ltr'><strong>animo,</strong></span> <span class='ocrx_word' id='word_1_791' title='bbox 2857 4285 2916 4336; x_wconf 92' lang='lat' dir='ltr'><strong>et</strong></span> <span class='ocrx_word' id='word_1_792' title='bbox 2941 4277 3232 4336; x_wconf 83' lang='lat' dir='ltr'><strong>confidite.</strong></span> <span class='ocrx_word' id='word_1_793' title='bbox 3255 4278 3399 4334; x_wconf 92' lang='lat' dir='ltr'><strong>Sum</strong></span> <span class='ocrx_word' id='word_1_794' title='bbox 3431 4276 3586 4332; x_wconf 86' lang='lat' dir='ltr'><strong>enim</strong></span> 
     </span>
    </p>
   </div>
   <div class='ocr_carea' id='block_1_103' title="bbox 1946 4364 3589 4437">
    <p class='ocr_par' dir='ltr' id='par_1_103' title="bbox 1946 4364 3589 4437">
     <span class='ocr_line' id='line_1_103' title="bbox 1946 4364 3589 4437; baseline -0.009 -1"><span class='ocrx_word' id='word_1_795' title='bbox 1946 4378 2249 4437; x_wconf 87' lang='lat' dir='ltr'><strong>vobiscum</strong></span> <span class='ocrx_word' id='word_1_796' title='bbox 2283 4393 2297 4433; x_wconf 89' lang='lat'><strong>:</strong></span> <span class='ocrx_word' id='word_1_797' title='bbox 2330 4379 2389 4431; x_wconf 92' lang='lat' dir='ltr'><strong>et</strong></span> <span class='ocrx_word' id='word_1_798' title='bbox 2416 4368 2904 4431; x_wconf 88' lang='lat' dir='ltr'><strong>conservabimini</strong></span> <span class='ocrx_word' id='word_1_799' title='bbox 2947 4366 3091 4423; x_wconf 89' lang='lat' dir='ltr'><strong>mihi</strong></span> <span class='ocrx_word' id='word_1_800' title='bbox 3123 4366 3353 4421; x_wconf 68' lang='lat' dir='ltr'><strong>intacta</strong></span> <span class='ocrx_word' id='word_1_801' title='bbox 3401 4364 3474 4420; x_wconf 91' lang='lat' dir='ltr'><strong>ab</strong></span> <span class='ocrx_word' id='word_1_802' title='bbox 3504 4364 3589 4421; x_wconf 85' lang='lat' dir='ltr'><strong>in-</strong></span> 
     </span>
    </p>
   </div>
   <div class='ocr_carea' id='block_1_104' title="bbox 1950 4454 3587 4532">
    <p class='ocr_par' dir='ltr' id='par_1_104' title="bbox 1950 4454 3587 4532">
     <span class='ocr_line' id='line_1_104' title="bbox 1950 4454 3587 4532; baseline -0.011 -6"><span class='ocrx_word' id='word_1_803' title='bbox 1950 4468 2202 4525; x_wconf 89' lang='lat' dir='ltr'><strong>sultibus</strong></span> <span class='ocrx_word' id='word_1_804' title='bbox 2234 4463 2475 4528; x_wconf 89' lang='lat' dir='ltr'><strong>inimici,</strong></span> <span class='ocrx_word' id='word_1_805' title='bbox 2507 4469 2559 4517; x_wconf 89' lang='lat' dir='ltr'><strong>et</strong></span> <span class='ocrx_word' id='word_1_806' title='bbox 2590 4456 2997 4532; x_wconf 88' lang='lat' dir='ltr'><strong>ingrediemini</strong></span> <span class='ocrx_word' id='word_1_807' title='bbox 3030 4469 3264 4511; x_wconf 90' lang='lat' dir='ltr'><strong>mecum</strong></span> <span class='ocrx_word' id='word_1_808' title='bbox 3299 4454 3357 4510; x_wconf 88' lang='lat' dir='ltr'><strong>in</strong></span> <span class='ocrx_word' id='word_1_809' title='bbox 3390 4467 3587 4509; x_wconf 87' lang='lat' dir='ltr'><strong>meum</strong></span> 
     </span>
    </p>
   </div>
   <div class='ocr_carea' id='block_1_105' title="bbox 1952 4541 3588 4622">
    <p class='ocr_par' dir='ltr' id='par_1_105' title="bbox 1952 4541 3588 4622">
     <span class='ocr_line' id='line_1_105' title="bbox 1952 4541 3588 4622; baseline -0.012 -7"><span class='ocrx_word' id='word_1_810' title='bbox 1952 4556 2303 4621; x_wconf 88' lang='lat' dir='ltr'><strong>thalamum,</strong></span> <span class='ocrx_word' id='word_1_811' title='bbox 2333 4557 2391 4609; x_wconf 90' lang='lat' dir='ltr'><strong>et</strong></span> <span class='ocrx_word' id='word_1_812' title='bbox 2436 4547 2735 4622; x_wconf 88' lang='lat' dir='ltr'><strong>accipietis</strong></span> <span class='ocrx_word' id='word_1_813' title='bbox 2783 4561 3030 4616; x_wconf 82' lang='lat' dir='ltr'><strong>regnum</strong></span> <span class='ocrx_word' id='word_1_814' title='bbox 3081 4541 3247 4599; x_wconf 90' lang='lat' dir='ltr'><strong>vobis</strong></span> <span class='ocrx_word' id='word_1_815' title='bbox 3295 4550 3588 4614; x_wconf 88' lang='lat' dir='ltr'><strong>paratum.</strong></span> 
     </span>
    </p>
   </div>
   <div class='ocr_carea' id='block_1_106' title="bbox 1952 4628 3590 4705">
    <p class='ocr_par' dir='ltr' id='par_1_106' title="bbox 1952 4628 3590 4705">
     <span class='ocr_line' id='line_1_106' title="bbox 1952 4628 3590 4705; baseline -0.012 -1"><span class='ocrx_word' id='word_1_816' title='bbox 1952 4652 2084 4704; x_wconf 70' lang='lat' dir='ltr'><strong>Haec</strong></span> <span class='ocrx_word' id='word_1_817' title='bbox 2112 4648 2168 4702; x_wconf 89' lang='lat' dir='ltr'><strong>et</strong></span> <span class='ocrx_word' id='word_1_818' title='bbox 2199 4659 2308 4701; x_wconf 83' lang='lat' dir='ltr'><strong>vox</strong></span> <span class='ocrx_word' id='word_1_819' title='bbox 2342 4640 2585 4705; x_wconf 84' lang='lat' dir='ltr'><strong>dicebat,</strong></span> <span class='ocrx_word' id='word_1_820' title='bbox 2615 4641 2674 4693; x_wconf 87' lang='lat' dir='ltr'><strong>et</strong></span> <span class='ocrx_word' id='word_1_821' title='bbox 2704 4635 2920 4691; x_wconf 89' lang='lat' dir='ltr'><strong>tonitru</strong></span> <span class='ocrx_word' id='word_1_822' title='bbox 2962 4632 3269 4690; x_wconf 86' lang='lat' dir='ltr'><strong>resonabat</strong></span> <span class='ocrx_word' id='word_1_823' title='bbox 3299 4628 3590 4687; x_wconf 89' lang='lat' dir='ltr'><strong>horribili-</strong></span> 
     </span>
    </p>
   </div>
   <div class='ocr_carea' id='block_1_107' title="bbox 1952 4718 3587 4807">
    <p class='ocr_par' dir='ltr' id='par_1_107' title="bbox 1952 4718 3587 4807">
     <span class='ocr_line' id='line_1_107' title="bbox 1952 4718 3587 4807; baseline -0.014 -13"><span class='ocrx_word' id='word_1_824' title='bbox 1952 4745 2054 4807; x_wconf 90' lang='lat' dir='ltr'><strong>ter,</strong></span> <span class='ocrx_word' id='word_1_825' title='bbox 2085 4739 2143 4791; x_wconf 92' lang='lat' dir='ltr'><strong>et</strong></span> <span class='ocrx_word' id='word_1_826' title='bbox 2173 4749 2290 4790; x_wconf 91' lang='lat' dir='ltr'><strong>una</strong></span> <span class='ocrx_word' id='word_1_827' title='bbox 2318 4746 2454 4793; x_wconf 83' lang='lat' dir='ltr'><strong>cum</strong></span> <span class='ocrx_word' id='word_1_828' title='bbox 2480 4744 2548 4785; x_wconf 93' lang='lat' dir='ltr'><strong>ea</strong></span> <span class='ocrx_word' id='word_1_829' title='bbox 2584 4726 2683 4783; x_wconf 90' lang='lat' dir='ltr'><strong>diu</strong></span> <span class='ocrx_word' id='word_1_830' title='bbox 2718 4723 2884 4781; x_wconf 75' lang='lat' dir='ltr'><strong>affuit</strong></span> <span class='ocrx_word' id='word_1_831' title='bbox 2914 4738 2929 4779; x_wconf 86' lang='lat'><strong>:</strong></span> <span class='ocrx_word' id='word_1_832' title='bbox 2957 4727 3013 4778; x_wconf 90' lang='lat' dir='ltr'><strong>et</strong></span> <span class='ocrx_word' id='word_1_833' title='bbox 3061 4720 3278 4776; x_wconf 91' lang='lat' dir='ltr'><strong>multos</strong></span> <span class='ocrx_word' id='word_1_834' title='bbox 3306 4718 3587 4807; x_wconf 84' lang='lat' dir='ltr'><strong>quidem,</strong></span> 
     </span>
    </p>
   </div>
   <div class='ocr_carea' id='block_1_108' title="bbox 1952 4804 3593 4894">
    <p class='ocr_par' dir='ltr' id='par_1_108' title="bbox 1952 4804 3593 4894">
     <span class='ocr_line' id='line_1_108' title="bbox 1952 4804 3593 4894; baseline -0.013 -12"><span class='ocrx_word' id='word_1_835' title='bbox 1952 4804 2085 4882; x_wconf 86' lang='lat' dir='ltr'><strong>cum</strong></span> <span class='ocrx_word' id='word_1_836' title='bbox 2118 4824 2352 4894; x_wconf 89' lang='lat' dir='ltr'><strong>repente</strong></span> <span class='ocrx_word' id='word_1_837' title='bbox 2381 4817 2672 4890; x_wconf 88' lang='lat' dir='ltr'><strong>erupisset</strong></span> <span class='ocrx_word' id='word_1_838' title='bbox 2718 4814 2787 4869; x_wconf 86' lang='lat' dir='ltr'><strong>ad</strong></span> <span class='ocrx_word' id='word_1_839' title='bbox 2830 4826 3018 4879; x_wconf 84' lang='lat' dir='ltr'><strong>aures,</strong></span> <span class='ocrx_word' id='word_1_840' title='bbox 3070 4807 3233 4894; x_wconf 83' lang='lat' dir='ltr'><strong>humi</strong></span> <span class='ocrx_word' id='word_1_841' title='bbox 3283 4804 3510 4894; x_wconf 88' lang='lat' dir='ltr'><strong>dejecit,</strong></span> <span class='ocrx_word' id='word_1_842' title='bbox 3538 4811 3593 4861; x_wconf 86' lang='lat' dir='ltr'><strong>et</strong></span> 
     </span>
    </p>
   </div>
   <div class='ocr_carea' id='block_1_109' title="bbox 1953 4893 3590 4973">
    <p class='ocr_par' dir='ltr' id='par_1_109' title="bbox 1953 4893 3590 4973">
     <span class='ocr_line' id='line_1_109' title="bbox 1953 4893 3590 4973; baseline -0.013 -2"><span class='ocrx_word' id='word_1_843' title='bbox 1953 4893 2270 4971; x_wconf 84' lang='lat' dir='ltr'><strong>sermonem</strong></span> <span class='ocrx_word' id='word_1_844' title='bbox 2301 4908 2386 4965; x_wconf 89' lang='lat' dir='ltr'><strong>eis</strong></span> <span class='ocrx_word' id='word_1_845' title='bbox 2413 4903 2649 4962; x_wconf 86' lang='lat' dir='ltr'><strong>abstulit</strong></span> <span class='ocrx_word' id='word_1_846' title='bbox 2681 4918 2694 4957; x_wconf 91' lang='lat'><strong>:</strong></span> <span class='ocrx_word' id='word_1_847' title='bbox 2728 4899 2869 4973; x_wconf 90' lang='lat' dir='ltr'><strong>quin</strong></span> <span class='ocrx_word' id='word_1_848' title='bbox 2899 4897 3076 4954; x_wconf 90' lang='lat' dir='ltr'><strong>etiam</strong></span> <span class='ocrx_word' id='word_1_849' title='bbox 3117 4893 3333 4951; x_wconf 88' lang='lat' dir='ltr'><strong>multos</strong></span> <span class='ocrx_word' id='word_1_850' title='bbox 3363 4893 3590 4963; x_wconf 82' lang='lat' dir='ltr'><strong>equites</strong></span> 
     </span>
    </p>
   </div>
   <div class='ocr_carea' id='block_1_110' title="bbox 1953 4979 3593 5077">
    <p class='ocr_par' dir='ltr' id='par_1_110' title="bbox 1953 4979 3593 5077">
     <span class='ocr_line' id='line_1_110' title="bbox 1953 4979 3593 5077; baseline -0.014 -18"><span class='ocrx_word' id='word_1_851' title='bbox 1953 5001 2124 5077; x_wconf 88' lang='lat' dir='ltr'><strong>ejecit</strong></span> <span class='ocrx_word' id='word_1_852' title='bbox 2172 5016 2237 5057; x_wconf 85' lang='lat' dir='ltr'><strong>ex</strong></span> <span class='ocrx_word' id='word_1_853' title='bbox 2284 4996 2431 5071; x_wconf 89' lang='lat' dir='ltr'><strong>ipsis</strong></span> <span class='ocrx_word' id='word_1_854' title='bbox 2478 4992 2667 5065; x_wconf 87' lang='lat' dir='ltr'><strong>equis,</strong></span> <span class='ocrx_word' id='word_1_855' title='bbox 2724 5004 2869 5062; x_wconf 88' lang='lat' dir='ltr'><strong>quos</strong></span> <span class='ocrx_word' id='word_1_856' title='bbox 2913 4984 3069 5057; x_wconf 90' lang='lat' dir='ltr'><strong>equi,</strong></span> <span class='ocrx_word' id='word_1_857' title='bbox 3126 4979 3479 5038; x_wconf 86' lang='lat' dir='ltr'><strong>insultantes</strong></span> <span class='ocrx_word' id='word_1_858' title='bbox 3534 4984 3593 5037; x_wconf 89' lang='lat' dir='ltr'><strong>et</strong></span> 
     </span>
    </p>
   </div>
   <div class='ocr_carea' id='block_1_111' title="bbox 1953 5072 3589 5156">
    <p class='ocr_par' dir='ltr' id='par_1_111' title="bbox 1953 5072 3589 5156">
     <span class='ocr_line' id='line_1_111' title="bbox 1953 5072 3589 5156; baseline -0.016 -6"><span class='ocrx_word' id='word_1_859' title='bbox 1953 5072 2372 5156; x_wconf 80' lang='lat' dir='ltr'><strong>concultantes,</strong></span> <span class='ocrx_word' id='word_1_860' title='bbox 2395 5083 2727 5141; x_wconf 90' lang='lat' dir='ltr'><strong>occiderunt</strong></span> <span class='ocrx_word' id='word_1_861' title='bbox 2753 5097 2770 5133; x_wconf 91' lang='lat'><strong><em>:</em></strong></span> <span class='ocrx_word' id='word_1_862' title='bbox 2814 5080 2871 5133; x_wconf 86' lang='lat' dir='ltr'><strong>et</strong></span> <span class='ocrx_word' id='word_1_863' title='bbox 2900 5076 2970 5132; x_wconf 89' lang='lat' dir='ltr'><strong>ad</strong></span> <span class='ocrx_word' id='word_1_864' title='bbox 3026 5085 3325 5129; x_wconf 89' lang='lat' dir='ltr'><strong>summum</strong></span> <span class='ocrx_word' id='word_1_865' title='bbox 3351 5072 3589 5126; x_wconf 82' lang='lat' dir='ltr'><strong>contur-</strong></span> 
     </span>
    </p>
   </div>
   <div class='ocr_carea' id='block_1_112' title="bbox 1956 5158 3589 5251">
    <p class='ocr_par' dir='ltr' id='par_1_112' title="bbox 1956 5158 3589 5251">
     <span class='ocr_line' id='line_1_112' title="bbox 1956 5158 3589 5251; baseline -0.017 -11"><span class='ocrx_word' id='word_1_866' title='bbox 1956 5180 2107 5240; x_wconf 85' lang='lat' dir='ltr'><strong>bavit</strong></span> <span class='ocrx_word' id='word_1_867' title='bbox 2152 5177 2385 5251; x_wconf 89' lang='lat' dir='ltr'><strong>penitus</strong></span> <span class='ocrx_word' id='word_1_868' title='bbox 2444 5188 2543 5230; x_wconf 89' lang='lat' dir='ltr'><strong>eos</strong></span> <span class='ocrx_word' id='word_1_869' title='bbox 2606 5168 2707 5242; x_wconf 89' lang='lat' dir='ltr'><strong>qui</strong></span> <span class='ocrx_word' id='word_1_870' title='bbox 2755 5167 3018 5234; x_wconf 80' lang='lat' dir='ltr'><strong>aderant,</strong></span> <span class='ocrx_word' id='word_1_871' title='bbox 3069 5176 3288 5233; x_wconf 89' lang='lat' dir='ltr'><strong>eosque</strong></span> <span class='ocrx_word' id='word_1_872' title='bbox 3324 5158 3589 5251; x_wconf 73' lang='lat' dir='ltr'><strong>reddidit</strong></span> 
     </span>
    </p>
   </div>
   <div class='ocr_carea' id='block_1_113' title="bbox 1957 5247 3592 5333">
    <p class='ocr_par' dir='ltr' id='par_1_113' title="bbox 1957 5247 3592 5333">
     <span class='ocr_line' id='line_1_113' title="bbox 1957 5247 3592 5333; baseline -0.015 -6"><span class='ocrx_word' id='word_1_873' title='bbox 1957 5270 2133 5327; x_wconf 90' lang='lat' dir='ltr'><strong>animi</strong></span> <span class='ocrx_word' id='word_1_874' title='bbox 2153 5247 2371 5324; x_wconf 72' lang='lat' dir='ltr'><strong>dubios</strong></span> <span class='ocrx_word' id='word_1_875' title='bbox 2396 5267 2451 5319; x_wconf 87' lang='lat' dir='ltr'><strong>et</strong></span> <span class='ocrx_word' id='word_1_876' title='bbox 2482 5258 2801 5333; x_wconf 81' lang='lat' dir='ltr'><strong>perplexos.</strong></span> <span class='ocrx_word' id='word_1_877' title='bbox 2830 5254 2937 5319; x_wconf 83' lang='lat' dir='ltr'><strong>Qui</strong></span> <span class='ocrx_word' id='word_1_878' title='bbox 2960 5256 3152 5309; x_wconf 85' lang='lat' dir='ltr'><strong>autem</strong></span> <span class='ocrx_word' id='word_1_879' title='bbox 3177 5247 3339 5306; x_wconf 79' lang='lat' dir='ltr'><strong>missi</strong></span> <span class='ocrx_word' id='word_1_880' title='bbox 3362 5248 3592 5304; x_wconf 80' lang='lat' dir='ltr'><strong>fuerant</strong></span> 
     </span>
    </p>
   </div>
   <div class='ocr_carea' id='block_1_114' title="bbox 1956 5335 3588 5429">
    <p class='ocr_par' dir='ltr' id='par_1_114' title="bbox 1956 5335 3588 5429">
     <span class='ocr_line' id='line_1_114' title="bbox 1956 5335 3588 5429; baseline -0.018 -11"><span class='ocrx_word' id='word_1_881' title='bbox 1956 5377 1990 5417; x_wconf 90' lang='lat' dir='ltr'><strong>a</strong></span> <span class='ocrx_word' id='word_1_882' title='bbox 2019 5375 2146 5429; x_wconf 86' lang='lat' dir='ltr'><strong>rege</strong></span> <span class='ocrx_word' id='word_1_883' title='bbox 2193 5354 2482 5421; x_wconf 89' lang='lat' dir='ltr'><strong>Teridate,</strong></span> <span class='ocrx_word' id='word_1_884' title='bbox 2510 5354 2577 5404; x_wconf 93' lang='lat' dir='ltr'><strong>ut</strong></span> <span class='ocrx_word' id='word_1_885' title='bbox 2623 5346 2979 5403; x_wconf 88' lang='lat' dir='ltr'><strong>accerserent</strong></span> <span class='ocrx_word' id='word_1_886' title='bbox 3008 5340 3348 5414; x_wconf 84' lang='lat' dir='ltr'><strong>Ripsimem,</strong></span> <span class='ocrx_word' id='word_1_887' title='bbox 3394 5335 3588 5392; x_wconf 90' lang='lat' dir='ltr'><strong>animo</strong></span> 
     </span>
    </p>
   </div>
   <div class='ocr_carea' id='block_1_115' title="bbox 1954 5426 3586 5515">
    <p class='ocr_par' dir='ltr' id='par_1_115' title="bbox 1954 5426 3586 5515">
     <span class='ocr_line' id='line_1_115' title="bbox 1954 5426 3586 5515; baseline -0.015 -5"><span class='ocrx_word' id='word_1_888' title='bbox 1954 5426 2276 5515; x_wconf 75' lang='lat' dir='ltr'><strong>conterriti,</strong></span> <span class='ocrx_word' id='word_1_889' title='bbox 2308 5441 2672 5500; x_wconf 87' lang='lat' dir='ltr'><strong>revertuntur</strong></span> <span class='ocrx_word' id='word_1_890' title='bbox 2700 5435 2773 5494; x_wconf 78' lang='lat' dir='ltr'><strong>ad</strong></span> <span class='ocrx_word' id='word_1_891' title='bbox 2799 5448 2998 5511; x_wconf 84' lang='lat' dir='ltr'><strong>regem</strong></span> <span class='ocrx_word' id='word_1_892' title='bbox 3038 5432 3314 5490; x_wconf 87' lang='lat' dir='ltr'><strong>deorsum</strong></span> <span class='ocrx_word' id='word_1_893' title='bbox 3342 5426 3586 5487; x_wconf 80' lang='lat' dir='ltr'><strong>intuen-</strong></span> 
     </span>
    </p>
   </div>
  </div>
