4142 6248
487 315 599 369 955

1766 306 2052 367 ΜΕΝὲιὲ
2101 303 2586 365 SEPTEMBEB.

3763 297 3888 353 9236

484 473 668 542 glebis
701 472 863 536 salis,
891 471 994 541 qui
1023 474 1112 526 est
1137 469 1288 540 apud
1315 469 1619 522 Armenios
1644 466 1878 522 fossilis.
1913 464 2126 520 Deinde

2240 462 2492 536 οχρίνους
2542 465 2638 515 τοῦ
2698 460 2846 532 ἱεροῦ
2903 453 3220 526 ἐκδήσαντες
3273 455 3530 526 σώματος
3576 455 3666 507 καὶ
3699 459 3898 507 τοῦτον

487 559 727 615 funibus
757 563 1127 615 sacrosancto
1149 556 1370 627 corpori
1393 555 1666 626 alligatis,
1691 571 1820 609 cum
1845 570 1976 609 eum
2001 553 2124 607 sub-

487 648 625 703 lime
671 647 1065 712 sustulissent,
1119 650 1266 701 totos
1319 651 1540 715 spetem
1574 643 1696 698 dies
1737 643 1787 698 ei
1828 643 1937 698 hoc
1967 658 2124 697 acer-

487 735 623 790 bum
658 737 978 805 producunt
1009 735 1384 806 supplicium.
1417 735 1547 788 Post
1585 733 1900 804 septimum
1934 739 2122 786 autem

486 841 620 880 cum
679 841 776 880 rex
818 824 985 878 illum
1041 825 1177 879 hinc
1223 823 1574 891 deduxisset,
1612 820 2008 892 interrogavit,
2052 837 2125 874 an

485 911 792 968 didicisset
822 912 879 967 id
920 913 1073 982 quod
1107 917 1192 967 est
1224 911 1452 975 melius,
1475 915 1532 965 et
1555 911 1804 982 priorem
1839 912 2128 964 mutasset

486 1000 842 1070 Opinionem,
858 1005 915 1055 et
937 1000 1048 1056 diis
1068 1001 1365 1056 statuisset
1385 999 1589 1055 offerre
1611 998 1979 1054 sacrificium.
1995 996 2128 1051 Cum

488 1093 676 1144 autem
709 1089 850 1143 vidit
881 1103 1013 1143 eum
1057 1089 1242 1161 magis
1293 1088 1480 1143 zelum
1523 1087 1831 1158 spirantem
1866 1102 1966 1156 pro
2007 1086 2126 1156 pie-

488 1182 628 1243 tate,
658 1178 753 1231 dat
781 1194 909 1234 eum
947 1178 1218 1233 secundis
1259 1177 1580 1243 tormentis,
1617 1175 1912 1246 prioribus
1953 1174 2129 1228 mini-

491 1282 582 1320 me
615 1266 1111 1321 clementioribus.
1154 1265 1464 1336 Suspendit
1496 1281 1628 1319 eum
1663 1263 2020 1334 praecipitem
2063 1279 2130 1317 ex

491 1355 666 1410 altero
726 1355 870 1427 pede
915 1354 1251 1426 appendens
1289 1371 1302 1408 :
1335 1359 1391 1409 et
1441 1370 1545 1409 nec
1601 1369 1666 1409 eo
1726 1353 1837 1407 fuit
1892 1352 2127 1422 quidem

493 1445 936 1512 contentus,sed
972 1444 1144 1499 etiam
1179 1442 1376 1498 decem
1408 1442 1661 1507 lictores,
1693 1442 1878 1512 virgas
1909 1441 2128 1495 haben«

492 1541 575 1587 tes
610 1533 668 1588 in
696 1534 989 1598 manibus,
1017 1533 1169 1588 circa
1199 1549 1329 1588 eum
1363 1534 1566 1588 statuit
1599 1549 1611 1585 :
1655 1538 1712 1588 et
1745 1533 1880 1586 fimo
1911 1531 2131 1586 inferne

494 1622 809 1687 substrato,
842 1623 1036 1692 ignem
1071 1623 1128 1676 in
1160 1639 1291 1677 eum
1326 1621 1606 1688 immittit,
1640 1623 1779 1676 adeo
1813 1625 1875 1675 ut
1915 1626 2134 1691 martyr

496 1707 667 1762 simul
700 1713 753 1762 el
783 1710 960 1778 virgis
983 1709 1400 1776 verberaretur,
1425 1714 1481 1763 et
1503 1709 1745 1763 fetidum
1780 1709 2007 1762 fumum
2035 1725 2132 1762 na-

496 1797 658 1851 ribus
689 1797 976 1866 exciperet
1008 1814 1020 1852 :
1056 1807 1116 1851 ut
1159 1798 1402 1853 densum
1451 1804 1506 1854 et
1537 1799 1876 1853 continuum
1909 1797 2133 1852 anheli-

499 1888 645 1950 tum,
679 1901 851 1955 quem
901 1886 1193 1940 eli'undere
1241 1887 1553 1958 cogebatur
1605 1904 1638 1941 a
1687 1888 1894 1958 plagis,
1939 1887 2138 1941 fumus

501 1972 805 2043 impediret
849 1978 906 2027 et
945 1974 1288 2045 Obstrueret,
1322 1991 1392 2030 ne
1438 1977 1758 2031 concedens
1805 1976 2040 2045 quidem
2076 1980 2140 2030 ut

501 2062 764 2131 spiraret,
787 2064 883 2117 sed
908 2063 1270 2134 fulginosum
1294 2063 1460 2118 illum
1490 2065 1611 2120 fimi
1643 2081 1913 2135 vaporem
1933 2064 1990 2119 in
2015 2065 2137 2133 ejus

499 2150 725 2205 viscera
754 2151 1097 2206 immittens.
1129 2153 1257 2207 Scio
1290 2153 1374 2207 vel
1423 2154 1494 2208 ad
1527 2153 1714 2208 solum
1746 2153 2011 2208 auditum
2042 2169 2139 2208 eos

502 2237 602 2309 qui
633 2238 849 2293 adsunt
877 2238 1184 2310 caligasse.
1221 2239 1319 2295 Ille
1348 2248 1537 2296 autem
1561 2257 1674 2296 non
1697 2240 1881 2296 solum
1915 2241 2140 2296 fortiter

500 2325 740 2390 ferebat,
774 2327 872 2381 sed
906 2328 1082 2381 etiam
1116 2326 1360 2384 Domino
1387 2345 1631 2400 magnas
1663 2329 1871 2400 agebat
1896 2329 2135 2400 gratias,

499 2418 718 2469 etcum
752 2414 823 2469 iis
854 2414 952 2484 qui
993 2416 1234 2470 aderant
1265 2417 1449 2471 multa
1491 2419 1562 2473 de
1616 2419 1726 2473 Deo
1767 2417 2136 2489 loquebatur,

500 2506 558 2556 et
600 2503 684 2557 eis
733 2503 1070 2558 ostendebat
1123 2504 1417 2573 pietatem,
1451 2505 1680 2561 etiamsi
1731 2523 1843 2561 non
1891 2508 2137 2575 perfecte

499 2590 916 2659 intelligebant,
950 2593 1104 2661 quod
1137 2591 1354 2647 scilicet
1388 2594 1538 2649 Deus
1575 2595 1630 2648 in
1666 2594 1949 2666 principio
1980 2611 2140 2650 crea-

497 2681 580 2735 vit
635 2679 846 2735 caalum
905 2685 961 2735 et
1007 2686 1248 2748 terram,
1287 2683 1672 2754 formavitque
1721 2683 2038 2751 hominem,
2081 2689 2138 2739 et

500 2769 698 2840 posuit
718 2785 846 2824 eum
871 2769 929 2823 in
955 2771 1244 2841 paradiso,
1277 2787 1342 2826 ex
1367 2787 1479 2840 quo
1505 2777 1702 2840 postea
1722 2773 2002 2843 expulsus
2031 2773 2139 2827 fuit

498 2861 734 2928 prOpter
765 2859 1022 2912 mandati
1055 2859 1599 2930 transgressionem.
1625 2860 1841 2915 Deinde
1871 2861 2140 2916 meminit

500 2944 916 3012 molestiarum,
951 2962 1076 3016 que
1109 2952 1420 3019 postquam
1453 2947 1522 3003 ab
1545 2948 1660 3003 illis
1685 2949 1940 3020 paradisi
1972 2948 2138 3004 bonis

498 3033 937 3100 excidissemus,
972 3051 1077 3090 nos
1127 3036 1339 3092 misere
1387 3037 1504 3109 (hei
1534 3037 1678 3094 mihi
1714 3037 1750 3108 l)
1779 3038 2134 3095 invaserunt.

503 3121 636 3176 Post
666 3121 787 3177 haec
811 3123 1110 3192 subjunxit
1133 3123 1231 3179 Dei
1256 3125 1313 3180 in
1339 3141 1443 3180 nos
1464 3125 1908 3197 benignitatem,
1932 3143 2134 3197 quem-

2240 549 2683 624 μετεωρίσαντες,
2745 548 2821 610 εἰς
2887 545 3020 601 έπτά
3076 543 3214 607 ὅλας
3271 543 3480 618 ἡμέρας
3537 544 3638 612 τὴν
3694 541 3896 618 πικράν

2239 639 2441 707 ταύτην
2503 636 2649 707 αὐτῷ
2702 636 3083 706 παρατείνουσι
3133 634 3426 706 τιμωρίαν.
3473 631 3618 688 Μετά
3675 629 3731 686 δέ
3786 634 3895 700 τῆν

2236 723 2477 799 ἑϐδόμην
2542 725 2865 800 καταγαγὼν
2913 724 3072 779 αὐτὸν
3123 723 3321 778 ἐκεῖθεν
3357 724 3383 777 ὁ
3429 720 3710 796 βασιλεὺς,
3742 721 3900 775 tm.

2238 817 2424 880 θάνετο
2483 817 2528 869 εἱ
2580 816 2643 869 τὸ
2707 814 2918 887 βέλτιον
2976 813 3325 885 μεταμαθὼν,
3366 819 3464 880 τῆς
3513 810 3780 884 προτέρας
3831 831 3895 863 τε

2239 899 2500 978 μετέϐαλε
2560 901 2742 973 δόξης,
2773 903 2862 957 καὶ
2917 907 3038 964 τοῖς
3095 904 3238 962 θεοῖς
3290 897 3427 974 ἔγνω
3489 896 3675 963 θυσίαν
3718 918 3890 972 προσ-

2238 999 2488 1067 ενεγκεῖν.
2547 990 2764 1060 Ἐπειδὴ
2826 989 2882 1045 δὲ
2941 989 3116 1060 ζήλου
3171 988 3382 1062 μᾶλλον
3445 990 3578 1062 ὑπὲρ
3619 983 3892 1048 εὐσεϐείας

2238 1081 2466 1136 πνέοντα
2515 1079 2645 1147 εἶδε,
2688 1078 2961 1151 δευτέραις
2997 1079 3154 1134 αὐτὸν
3208 1076 3396 1134 δίδωσι
3443 1079 3718 1151 βασάνοις,
3781 1099 3888 1150 μη-

2242 1168 2325 1224 δέν
2379 1191 2431 1225 τι
2505 1175 2610 1225 τῶν
2669 1170 2950 1244 προτέρων
3029 1168 3586 1247 φιλανθρωποτέραις.
3649 1168 3893 1239 Κρεμάνο

2240 1279 2360 1312 νυσι
2407 1263 2536 1332 γοῦν
2600 1259 2758 1313 αὐτὸν
2817 1258 2952 1312 κατὰ
3011 1257 3277 1334 κεφαλῆς,
3327 1255 3554 1328 θατέρου
3604 1260 3718 1310 τοῖν
3789 1275 3889 1308 πο-

2242 1345 2359 1401 δοῖν
2395 1346 2706 1421 ἐξαρτήσας·
2739 1348 2828 1402 καὶ
2875 1346 3000 1401 οὐδὲ
3044 1347 3207 1420 μέχρι
3238 1346 3434 1400 τούτου
3472 1344 3712 1413 ἵσταται,
3744 1342 3892 1397 ἀλλὰ

2241 1437 2329 1490 καὶ
2425 1434 2550 1490 δέκα
2631 1434 2867 1509 δημίους
2945 1431 3176 1511 ῥάϐδους
3249 1432 3338 1488 διὰ
3412 1436 3619 1508 χειρῶν
3695 1430 3896 1506 ἄνδρας

2242 1524 2467 1598 ἔχοντας
2523 1525 2680 1580 αὐτὸν
2759 1528 3092 1599 περιὶστησι,
3179 1525 3266 1578 καὶ
3349 1524 3553 1596 κόπρον
3653 1523 3895 1576 κάτωθεν

2246 1614 2622 1686 ὑποστρώσας,
2725 1617 2832 1688 πῦρ
2932 1615 3046 1668 κατ’
3150 1613 3318 1682 αὐτῆς
3419 1607 3711 1684 ἐμϐάλλει,
3818 1613 3898 1675 ὡς

2243 1703 2385 1772 ὁμοῦ
2451 1723 2508 1756 τε
2544 1708 2662 1764 ταῖς
2721 1698 2942 1777 ῥάϐδοις
3016 1703 3110 1757 τὸν
3172 1704 3419 1776 μάρτυρα
3485 1701 3757 1766 παίεσθαι,
3807 1702 3902 1754 καὶ

2245 1791 2334 1845 τὸν
2376 1788 2592 1860 δυσώδη
2644 1792 2843 1845 καπνὸν
2897 1791 3030 1845 κατὰ
3059 1796 3169 1846 τῶν
3204 1792 3365 1866 ῥινῶν
3416 1787 3800 1864 ὑποδέχεσθαι,
3827 1787 3901 1842 τἶν’

2251 1880 2294 1934 ίε
2322 1881 2412 1934 καὶ
2453 1877 2583 1934 δασὺ
2612 1880 2675 1934 τὸ
2716 1879 2892 1951 ἆσθμα
2941 1879 3032 1933 καὶ
3079 1880 3300 1954 συνεχὲς
3354 1879 3609 1954 προχέειν
3645 1880 3747 1933 ὑπὸ
3786 1883 3898 1934 τῶν

2245 1967 2478 2044 πληγῶν
2539 1969 2916 2042 ἀναγκάζοιτο,
2986 1967 3113 2024 ἀλλ’
3180 1970 3208 2022 ὁ
3273 1970 3472 2029 καπνὸς
3549 1969 3901 2045 ἀποτειχιζοι

2245 2063 2406 2112 τοῦτο
2455 2058 2544 2112 καὶ
2603 2057 2960 2133 ἀποφράττω,
2999 2055 3140 2129 μηδὲ
3197 2060 3440 2113 ἀναπνεῖν
3492 2058 3583 2112 τὸν
3635 2057 3762 2131 ἀέρα
3792 2078 3897 2112 πα-

2251 2151 2544 2220 ραχωρῶν,
2607 2144 2752 2201 ἀλλὰ
2808 2147 2870 2202 τὸ
2921 2144 3217 2222 λιγνυῶδες
3277 2147 3448 2201 έκεῖνο
3508 2152 3609 2214 τῆς
3665 2145 3898 2222 κόπρου,

2254 2234 2390 2289 κατά
2445 2240 2553 2289 τῶν
2621 2234 2954 2312 σπλάγχνων
3023 2234 3169 2306 αὐτῷ
3227 2235 3448 2299 καθιείς.
3503 2233 3625 2293 Οἶδ’
3685 2236 3770 2291 ὅτι
3815 2240 3908 2290 καὶ

2249 2323 2382 2395 πρὸς
2456 2324 2556 2390 την
2629 2322 2798 2390 ἀκοὴν
2864 2325 2914 2376 οἱ
2991 2324 3246 2392 παρόντες
3316 2321 3676 2398 ίλιγγιάσάτι.
3745 2322 3908 2380 ’Λλλ’

2247 2410 2451 2473 ἐκεῖνος
2514 2411 2574 2465 οὐ
2643 2411 2904 2486 γενναίως
2963 2407 3116 2488 ἔφερε
3149 2412 3336 2484 μόνον,
3379 2412 3524 2467 ἀλλὰ
3554 2413 3644 2467 καὶ
3675 2411 3900 2482 πολλήν

2247 2504 2328 2570 τῷ
2393 2499 2636 2573 Δεσπότῃ
2696 2503 2794 2569 τὴν
2847 2500 3190 2575 εὐχαριστίαν
3249 2501 3546 2574 ἀνέπεμπε,
3606 2500 3796 2557 πολλά
3840 2523 3902 2557 τε

2247 2589 2370 2662 περὶ
2429 2593 2564 2643 Θεοῦ
2619 2595 2735 2644 τοῖς
2793 2594 3054 2664 παροῦσιν
3119 2589 3431 2667 ἐφθέγγετο,
3472 2592 3562 2645 καὶ
3618 2593 3716 2661 τήν
3749 2592 3898 2647 εὐσέ-

2247 2675 2393 2732 ϐειαν
2454 2677 2639 2739 αὐτοῖς
2687 2676 3026 2752 παρεδείκνυ,
3083 2679 3130 2733 εἰ
3181 2679 3272 2734 καὶ
3342 2681 3417 2751 μὴ
3468 2679 3668 2742 τελέως
3726 2680 3896 2735 συνίεσ

2248 2787 2365 2834 σαν,
2396 2765 2477 2843 ἔφ’
2507 2768 2594 2830 οἷς
2638 2768 2728 2821 καὶ
2777 2769 2867 2822 τὸν
2919 2773 3135 2842 πρῶτον
3181 2768 3465 2842 ἄνθρωπον
3513 2769 3890 2842 κατῳκτίζετο,

2248 2852 2336 2908 διὰ
2384 2857 2480 2924 τὴν
2543 2854 2796 2924 ἐντολὴν,
2831 2855 2922 2910 διά
2966 2859 3034 2925 τὴ
3075 2852 3398 2931 παράϐασιν,
3434 2855 3522 2912 διὰ
3559 2861 3657 2928 τῆν
3709 2857 3792 2913 ἐπὶ
3820 2861 3887 2931 τῇ

2248 2939 2545 3017 παραϐάσει
2613 2950 2710 3000 τοῦ
2788 2946 3100 3010 πλάσαντος
3170 2943 3485 3016 καταδίκην.
3577 2948 3685 3005 Εἶθ’
3750 2948 3892 3018 ἑξῆς,

2244 3036 2310 3088 τά
2367 3033 2534 3110 ἀγαθά
2585 3036 2970 3109 ἀπηριθμεῖτο,
3027 3038 3103 3090 ὧν
3161 3037 3514 3107 ἀθετήσαντες
3580 3039 3677 3106 τὴν
3741 3038 3900 3094 ἐντο-

2249 3122 2350 3190 λὴν
2425 3125 2646 3187 ἑαυτοὺς
2715 3125 3133 3198 ἀπεκλείσαμεν,
3211 3127 3299 3180 καὶ
3369 3126 3521 3189 αὖθις
3617 3127 3897 3199 ἐμέμνητο

497 3211 803 3267 admodum
835 3213 1100 3268 videlicet
1117 3230 1316 3270 curam
1340 3231 1543 3286 gerens
1564 3192 1775 3272 nostris
1807 3192 2036 3285 salut—is,
2064 3218 2129 3273 ad

2246 3213 2333 3267 καὶ
2392 3217 2497 3266 τῶν
2550 3214 2837 3286 λυπηρῶν,
2892 3214 2990 3268 ὅσα
3061 3215 3195 3288 μετᾶ
3259 3219 3355 3286 τὴν
3432 3218 3642 3272 ἐκείνων
3697 3216 3896 3270 ἀποτυ-

495 3316 602 3354 nos
634 3299 795 3354 misit
827 3300 1088 3357 doctores
1134 3311 1187 3356 et
1235 3304 1567 3375 prophetas,
1601 3306 1702 3376 qui
1742 3306 2136 3377 prmdicabant

499 3387 792 3460 Unigeniti
824 3391 1018 3447 carnis
1039 3394 1492 3464 susceptionem,
1511 3403 1564 3449 et
1586 3400 1844 3461 cunctas,
1868 3411 1996 3465 quae
2029 3411 2130 3465 pro

495 3478 664 3532 nobis
685 3477 930 3548 ingratis
945 3480 1014 3534 ab
1037 3496 1101 3536 eo
1120 3487 1402 3553 susceptas
1428 3485 1680 3553 fuerunt,
1707 3484 2128 3555 perpessiones,

495 3565 787 3636 colaphos,
822 3584 1074 3636 crucem,
1107 3569 1389 3636 lanceam,
1421 3572 1803 3630 voluntariam
1861 3579 2127 3643 mortem,

494 3655 621 3724 ejus
670 3657 1170 3725 resurrectionem,
1202 3665 1462 3714 nostram
1503 3663 1940 3727 correctionem,
1974 3681 2128 3718 revo-

492 3743 776 3797 cationem
837 3745 904 3798 ad
955 3746 1204 3813 primum
1256 3747 1471 3801 bonum
1515 3749 1785 3804 reditum.
1830 3752 2125 3806 Postremo

489 3831 735 3884 docebat
766 3833 807 3897 ί,
843 3832 996 3899 quod
1050 3833 1258 3902 dignos
1307 3835 1518 3904 excipit
1547 3853 1792 3906 regnum
1827 3837 2120 3905 caelorum,

492 3922 548 3971 et
580 3919 732 3987 quod
785 3917 954 3974 malis
995 3923 1342 3976 tormentum
1375 3927 1458 3977 est
1490 3933 1775 3992 paratum,
1816 3926 1991 3995 ignis,
2025 3927 2121 3996 qui

493 4020 607 4059 non
667 4006 1104 4078 exstinguitur:
1145 4011 1417 4078 tenebrae,
1452 4028 1575 4082 quae
1625 4029 1740 4068 non
1792 4013 2117 4069 desinunt:

487 4094 696 4149 vermis
730 4095 1091 4167 immortalis,
1115 4104 1171 4154 et
1193 4101 1574 4172 quodcunque
1597 4101 1751 4158 aliud
1770 4103 2120 4176 supplicium

487 4182 597 4237 sibi
633 4184 1102 4255 recondiderunt,
1138 4189 1235 4260 qui
1268 4195 1405 4245 sunt
1435 4192 1579 4246 servi
1612 4193 1855 4264 peccati.

2245 3301 2392 3374 χίαν,
2437 3301 2494 3356 οἷ’
2537 3305 2669 3374 μοῑί
2730 3300 3026 3359 κατέλαϐεν
3076 3306 3284 3368 ἀθλίως
3342 3309 3485 3379 ἡμᾶς
3539 3304 3628 3361 ἒπὶ
3673 3305 3896 3368 τούτοις

2243 3391 2309 3444 τά
2343 3398 2442 3460 τῆς
2490 3390 2902 3468 φιλανθρωπίας
2941 3394 3237 3471 ἐπήγαγεν,
3271 3396 3417 3459 ὅπως
3465 3404 3565 3465 τῆς
3622 3397 3897 3470 ἡμετέρας

2241 3482 2533 3555 φροντίεων
2605 3483 2631 3535 ὁ
2715 3485 3059 3558 Δημιουργὸς
3150 3488 3446 3561 σωτηρίας,
3531 3484 3892 3548 διδασκάλους

2238 3571 2376 3642 ἡμῖν
2431 3569 2718 3626 ἀπέστειλε
2788 3574 2878 3627 καὶ
2928 3576 3211 3651 προφήτας
3259 3578 3358 3645 τήν
3401 3581 3497 3630 τοῦ
3542 3578 3888 3651 Μονογενοῦς

2236 3659 2597 3734 κηρύττοντας
2681 3662 2973 3735 σάρκωσιν,
3059 3661 3241 3718 ἔπειτα
3324 3665 3413 3719 καὶ
3491 3667 3590 3734 τὴν
3677 3664 3882 3719 ἐκείνου

2237 3745 2462 3802 κάθοδον
2522 3749 2612 3802 καὶ
2668 3750 2734 3803 τά
2793 3750 2923 3823 ὑπὲρ
2990 3752 3148 3822 ἡμῶν
3191 3755 3298 3806 τῶν
3346 3752 3655 3827 ἀχαρίστων
3705 3752 3882 3820 πάθή-

2240 3857 2402 3905 ματα,
2457 3837 2524 3891 τὰ
2573 3837 2904 3911 ῥαπίσματα,
2949 3840 3039 3893 τὸν
3092 3842 3339 3913 σταυρὸν,
3388 3842 3486 3910 τὴν
3517 3841 3757 3915 λόγχην,
3791 3840 3886 3893 τὸν

2235 3922 2480 3976 ἑκούσιον
2541 3924 2787 3992 θάνατον,
2847 3923 3006 3988 τέλος
3071 3929 3170 3996 τῆν
3253 3928 3621 4003 ἐπανόρθωσιν
3699 3931 3884 4000 ἡμῶν,

2232 4013 2330 4079 τήν
2383 4010 2698 4080 ἀνάκλησιν,
2760 4014 2859 4079 τὴν
2920 4013 2992 4073 εἷς
3045 4016 3108 4068 τὸ
3137 4021 3355 4090 πρῶτον
3396 4018 3591 4094 ἀγαθὸν
3625 4014 3885 4072 ἕπανοδον

2236 4099 2371 4171 μετά
2433 4103 2598 4153 ταῦτα
2671 4100 2770 4168 τὴν
2839 4099 3207 4176 ἆκδεχομένην
3293 4104 3420 4166 τοὺς
3507 4107 3690 4176 ἀξίους
3772 4109 3875 4160 τῶν

2233 4188 2471 4261 οὐρανῶν
2543 4186 2839 4263 βασιλείαν,
2906 4191 3004 4258 τῆν
3069 4192 3429 4264 ἀποκειμένην
3473 4200 3591 4257 τοῖς
3657 4195 3886 4271 φαύλοις

489 4268 744 4343 βάσανον,
811 4273 870 4326 τὸ
939 4275 1015 4345 μή
1076 4271 1424 4351 σϐεννύμενον
1492 4284 1619 4352 πῦρ,
1696 4282 1756 4336 τὸ
1828 4281 1902 4354 μὴ
1972 4280 2145 4358 λῆγον
2211 4280 2422 4349 σκότος,
2456 4279 2548 4334 τὸν
2587 4279 2844 4336 ἀθάνατον
2913 4277 3195 4352 σκώληκα,
3263 4282 3350 4336 καὶ
3421 4284 3552 4352 ὅσην
3622 4268 3801 4356 ἄλλην
3833 4287 3884 4342 οἱ

480 4365 581 4428 τῆς
615 4361 882 4436 ἁμαρτίας
913 4361 1099 4420 δοῦλοι
1130 4366 1354 4422 κόλασιν
1384 4370 1592 4430 έαυτοῖς
1623 4370 1996 4445 ἐθησαύρισαν.

556 4453 658 4507 XI.
691 4453 821 4510 llaec
851 4471 983 4509 cum
1017 4458 1410 4525 disseruisset,
1444 4461 1791 4534 firmamque
1822 4468 1880 4519 et
1919 4463 2124 4519 immo-
2154 4462 2210 4529 D

483 4538 662 4622 bilem
697 4541 804 4595 sibi
839 4549 1105 4611 precatus
1135 4555 1279 4601 esset
1305 4549 1747 4612 confessionem.
1772 4551 1867 4606 ille
1890 4553 2122 4622 quidem

485 4619 656 4674 finem
704 4622 981 4692 imposuit
1019 4628 1355 4696 precationi.
1389 4631 1630 4693 Quidam
1679 4638 1873 4688 autem
1904 4619 1970 4689 ex
2018 4636 2124 4689 cir-

483 4709 935 4782 cumstantibus,
977 4729 1108 4769 cum
1145 4731 1270 4786 quas
1315 4717 1412 4772 ille
1443 4719 1667 4774 dixerat
1696 4721 1926 4792 scriptis
1957 4739 2118 4777 man-

482 4796 740 4864 dassent,
774 4799 845 4853 ad
879 4815 1071 4871 regem
1104 4819 1170 4858 ea
1215 4806 1414 4860 statim
1448 4807 1724 4866 referunt.
1758 4815 1946 4881 Atque
1983 4811 2116 4866 Gre-

480 4885 643 4954 gorio
675 4887 909 4957 quidem
943 4889 1086 4959 pede
1117 4907 1427 4962 suspenso,
1451 4911 1682 4951 rursum
1708 4903 1974 4968 peractus
1995 4903 2119 4955 erat

480 4978 700 5044 septem
753 4976 977 5033 dierum
1025 4995 1254 5036 cursus.
1290 4981 1389 5038 Ille
1439 4999 1568 5040 cum
1618 5001 1750 5042 eum
1785 5005 1988 5043 rursus
2020 4989 2118 5044 de-

479 5061 762 5133 duxisset,
795 5065 1160 5124 existimabat
1188 5085 1319 5126 eum
1352 5087 1475 5127 esse
1507 5089 1870 5145 persuasum,
1901 5079 2115 5132 victum

479 5164 512 5203 a
543 5150 848 5221 supplicio.
883 5154 1021 5211 Cum
1057 5162 1249 5214 autem
1282 5158 1518 5216 vidisset
1549 5178 1679 5219 eum
1713 5166 2040 5236 promptius
2061 5172 2117 5222 et

477 5237 729 5294 alacrius
744 5256 774 5294 e
787 5242 904 5297 vita
928 5245 1320 5303 discessurum
1334 5294 1346 5316 ,
1363 5265 1535 5320 quam
1551 5269 1584 5306 a
1598 5252 1709 5307 fide
1724 5253 1780 5307 in
1794 5254 2025 5310 Christu
2039 5273 2086 5310 m
2101 5301 2114 5322 ,

476 5340 542 5379 se
572 5327 893 5397 graviorem
919 5334 1154 5405 martyri
1178 5342 1338 5405 parat
1369 5340 1784 5410 adversarium,
1808 5359 1871 5398 se
1892 5344 2115 5400 confert

475 5413 545 5469 ad
593 5413 710 5469 alia
752 5420 1130 5488 excogitanda
1177 5428 1490 5499 tormenta,
1530 5430 1742 5500 quibus
1781 5447 1896 5487 non
1929 5432 2114 5503 possit

542 5596 558 5632 ί
600 5593 778 5649 Marc.
814 5613 890 5667 ix,
923 5601 1009 5656 43,

2305 4463 2412 4516 IA'.
2477 4466 2651 4516 Ταῦτα
2708 4458 3017 4534 διεξελθὼν,
3074 4464 3165 4518 καὶ
3230 4463 3620 4538 ἀπερίτρεπτον
3707 4467 3882 4539 ἰαυτῷ

2235 4546 2590 4622 ἐπευξάμενος
2649 4549 2740 4604 καὶ
2809 4549 3001 4619 ἀκλινῆ
3039 4553 3137 4620 τήν
3171 4552 3495 4629 ὁμολογίαν,
3527 4555 3555 4608 ὁ
3590 4554 3684 4626 μὶν
3724 4554 3881 4618 τέλος

2231 4637 2463 4707 ἐπέθηκε
2517 4641 2585 4710 τῇ
2638 4638 2777 4712 εὐχῇ
2806 4659 2818 4672 ·
2847 4643 2954 4693 τῶν
2997 4637 3053 4693 δὲ
3094 4644 3469 4715 περιεστώτων
3500 4643 3661 4714 τινὲς,
3693 4649 3875 4721 γραφῇ

2226 4727 2292 4778 τὰ
2345 4726 2432 4780 ὑπ’
2486 4726 2692 4781 ἐκείνου
2754 4726 3018 4801 εἰρημένα
3078 4725 3453 4802 διαλαϐόντες,
3521 4733 3876 4808 ἀναφέρουσιν

2229 4814 2382 4874 εὐθὺς
2440 4815 2514 4876 ὡς
2560 4817 2649 4869 τὸν
2705 4814 2954 4889 βασιλέα.
3011 4821 3100 4889 Τῷ
3160 4820 3255 4890 μὲν
3294 4819 3386 4874 οὖν
3446 4823 3738 4898 Γρηγορίῳ
3775 4828 3872 4878 τοῦ

2226 4899 2394 4962 ποδὸς
2441 4902 2844 4978 άπῃωρημένῳ,
2889 4899 3127 4979 ἕϐδομος
3165 4910 3386 4981 ἡμερῶν
3421 4911 3650 4986 ἀριθμὸς
3678 4911 3869 4981 ἠνύετο

2225 4989 2409 5047 πάλιν.
2467 4994 2524 5048 Ὀ
2583 4989 2642 5047 δὲ
2689 4992 2776 5047 καὶ
2834 4991 2986 5056 αὖθις
3043 4998 3378 5074 καταγαγὼν,
3436 5005 3718 5064 πεπεῖσθαι
3767 5003 3868 5074 μὶν

2226 5079 2384 5133 αὐτὸν
2437 5077 2572 5150 ᾤετο
2619 5089 2718 5151 τῆς
2767 5081 3044 5146 κολάσεως
3084 5087 3404 5156 ἡττηθένταο
3435 5086 3624 5158 ἐπειδὴ
3673 5088 3730 5145 δὲ
3759 5089 3872 5147 εἶδε

2222 5170 2508 5241 πρόθυμον
2560 5171 2686 5224 ὄντα
2742 5179 2841 5240 τῆς
2903 5174 3086 5248 ψυχῆς
3129 5175 3425 5245 ἀποστῆναι
3461 5178 3673 5250 μᾶλλον
3705 5179 3741 5248 ἢ
3772 5187 3871 5249 τῆς

2223 5254 2299 5317 εἷς
2361 5259 2600 5332 Χριστὸν
2649 5260 2903 5333 πίστεως,
2959 5262 3252 5340 βαρύτερον
3291 5267 3690 5341 ἀνταγωνιστὴν
3742 5269 3868 5324 δαυ-

2219 5344 2312 5432 τὸν
2368 5348 2758 5418 παρασκευάζει
2813 5356 2895 5423 τῷ
2955 5354 3207 5429 μάρτυρι,
3261 5356 3350 5410 καὶ
3429 5358 3569 5430 πρὸς
3663 5359 3863 5432 ὶτιρων

2222 5428 2466 5490 ϐασάνων
2515 5435 2754 5500 ἐπινοίας
2802 5446 2996 5518 χωρεῖ,
3047 5440 3302 5519 οὐδεμίαν
3355 5428 3666 5522 ὑπερϐολήν
3718 5428 3863 5504 duo-
