4142 6248
293 322 406 380 957

1304 320 1487 383 VITA
1537 321 1600 382 S.
1647 315 2013 380 GREGORII
2059 318 2697 388 ILLUMINATORIS.

3579 333 3693 390 958

292 478 557 541 λιπούσας
611 477 903 551 ὠμότητος
939 496 950 509 ’
976 478 1065 534 καὶ
1098 480 1363 535 σανίσιτά
1395 481 1715 554 ἀντικνήμια
1743 476 1938 534 τούτου

2068 496 2178 537 asse
2209 481 2429 556 aliquid
2479 486 2805 544 crudelius:
2842 495 2894 545 et
2926 504 3058 545 cum
3112 488 3327 545 tabulis
3380 488 3695 545 anteriores

290 562 632 644 περιλαϐὼν,
689 567 807 623 εἶτα
859 566 1063 643 σχοίνῳ
1092 567 1287 630 ταύτας
1344 567 1587 644 ἰσχυρῶς
1635 566 1944 643 διασφίγξας

293 656 470 721 οὸτως
520 655 777 727 ἐκπιέζει,
836 657 911 719 ὡς
969 657 1059 712 καὶ
1111 656 1286 713 αὐτῶν
1344 655 1411 728 δὴ
1470 679 1574 714 που
1604 662 1711 713 τῶν
1768 655 1947 730 ἄκρων

294 751 393 802 τοῦ
447 742 617 808 ποδὸς
682 742 967 801 δακτύλων
1020 740 1281 821 σταγόνας
1331 744 1562 820 α’ίματος
1621 744 1942 814 ἀποστάξαι.

298 834 430 908 Ὀψὶ
514 834 693 889 τοίνυν
778 840 878 903 τῆς
957 835 1247 896 κακώσεως
1314 834 1523 904 ἐκείνης
1585 833 1712 898 τοὺς
1772 831 1944 894 πόδας

294 921 592 998 ἐξαγαγὼν,
651 918 909 996 σιδηροῦς
966 922 1101 977 κατά
1128 927 1235 978 τῶν
1280 920 1575 997 πελμάτων
1608 922 1945 996 ἐμπήγνυσιν

294 1010 471 1083 ἥλους
524 1013 614 1067 καὶ
671 1013 887 1091 τρέχειν
914 1012 1006 1068 τὸν
1049 1010 1296 1083 ἀθλητήν
1324 1013 1624 1088 ἀναγκάζει,
1655 1009 1856 1084 πολλῷ
1882 1010 1945 1066 τὸ

298 1100 653 1174 ὑποκείμενον
686 1098 881 1179 ἔδαφος
910 1102 1101 1173 αἱματι
1152 1100 1424 1177 ραίνοντα,
1456 1104 1574 1179 Ἐφ’
1604 1102 1650 1173 ᾧ
1698 1101 1787 1156 καὶ
1845 1098 1947 1155 ἀλ·-

295 1194 593 1268 γυνόμενος
650 1191 857 1269 σφόδρα
909 1194 1008 1262 τὴν
1054 1192 1279 1269 καρδίαν
1339 1195 1366 1248 ὁ
1428 1194 1632 1267 μάρτυς
1684 1193 1947 1264 (καὶπῶς

298 1282 403 1358 γὰρ
433 1282 493 1338 ἃν
529 1285 605 1357 μή
666 1282 970 1358 ἀλγοῦντος
1025 1285 1053 1337 6
1109 1283 1277 1347 πόθος
1325 1285 1352 1339 6
1384 1284 1517 1358 πρὸς
1553 1282 1777 1357 Χριστὸν
1812 1279 1946 1336 ἐδεῖ-

296 1374 531 1445 κνυτος).
565 1396 593 1425 ‹‹
645 1372 1012 1446 Πορευόμενοι
1060 1372 1403 1449 ἐπορεύοντο,
1430 1368 1583 1445 ἔλεγε
1611 1370 1702 1427 καὶ
1733 1369 1949 1426 ἔκλαιον

301 1459 603 1537 βάλλοντες
658 1465 726 1517 τὰ
784 1464 1068 1537 σπὲρματα
1124 1464 1321 1519 αὐτῶν·
1357 1462 1650 1538 ἐρχόμενοι
1701 1459 1758 1516 δὶ
1786 1462 1951 1531 ἣξου-

300 1570 381 1606 σιν
439 1550 491 1607 ἐν
545 1540 865 1629 ἀγαλλιάσει
916 1551 1160 1628 αἴροντες
1218 1555 1284 1608 τὰ
1340 1549 1622 1629 δράγματα
1676 1552 1875 1610 αὐτῶν.
1920 1574 1948 1602 υ

299 1642 483 1698 Ταῦτα
541 1641 569 1696 6
632 1642 725 1715 μὲν
784 1638 961 1710 ἡδέως
1022 1641 1354 1715 ὑπέψαλλεν.
1412 1642 1474 1699 Ὀ
1524 1638 1580 1696 δὲ
1636 1637 1948 1716 Τηριδάτης

300 1728 581 1806 ὠμότερον
640 1728 794 1785 αὐτὸν
862 1735 978 1792 τοῖς
1033 1734 1387 1804 περιεστῶσιν
1447 1728 1663 1785 ἐκέλευε
1719 1727 1897 1783 παίειν
1931 1744 1946 1761 ·

2055 571 2212 627 tibia:
2250 577 2444 645 partes
2495 576 3043 648 comprehendisset,
3075 582 3131 633 et
3160 577 3369 634 deinde
3415 593 3512 633 eas
3559 577 3695 632 fune

2055 660 2519 732 constrinxissel,
2541 666 2626 720 sic
2656 666 2945 737 exprimit,
2969 675 3027 720 ut
3057 683 3123 721 ex
3153 666 3293 737 ipsis
3325 666 3500 721 etiam
3534 682 3696 721 sum-

2058 749 2168 804 mis
2190 751 2402 821 pedum
2422 751 2622 823 digitis
2644 759 2821 825 guttis
2839 754 3145 826 sanguinis
3164 753 3534 809 distillarent.
3552 754 3695 810 Cum

2056 854 2192 911 ergo
2220 840 2313 895 vix
2343 843 2573 897 tandem
2608 844 2784 914 pedes
2815 845 3113 899 eduxisset
3144 860 3211 899 ex
3235 842 3334 898 illa
3360 843 3695 911 afﬂictione,

2056 926 2115 982 in
2176 928 2391 1000 plantis
2450 933 2613 1001 pedis
2672 934 2885 988 ferreos
2943 933 3133 1003 inligit
3180 932 3396 999 clavos,
3442 942 3495 986 et
3543 931 3697 1000 cogit

2056 1017 2334 1074 athletam
2361 1035 2612 1087 currere,
2639 1020 2823 1077 multo
2845 1023 3128 1092 sanguine
3150 1020 3340 1077 solum
3364 1021 3691 1090 subiectum

2055 1114 2475 1181 aspergentem.
2502 1110 2887 1174 Quamobrem
2922 1127 3199 1182 magnum
3232 1110 3403 1166 corde
3434 1109 3695 1164 dolorem

2057 1198 2316 1253 sentiens
2375 1203 2596 1269 martyr
2652 1200 2965 1269 (quomodo
3031 1200 3209 1265 enim,
3270 1198 3383 1254 nisi
3439 1196 3694 1253 dolorem

2059 1285 2318 1352 sentiret,
2363 1288 2760 1343 ostenderetur
2814 1288 2938 1357 ejus
2999 1287 3055 1342 in
3114 1287 3404 1343 Christum
3462 1285 3694 1340 deside-

2060 1374 2212 1430 rium
2233 1376 2281 1447 ?)
2307 1391 2320 1430 :
2348 1396 2376 1425 «
2399 1376 2611 1432 Euntes
2641 1376 2824 1445 ibant,
2849 1376 3093 1444 dicebat,
3118 1382 3174 1431 et
3205 1376 3441 1442 ﬂebant,
3466 1375 3696 1429 mitten-

2059 1468 2145 1519 tes
2191 1462 2415 1519 semina
2460 1480 2603 1520 sua:
2633 1464 2928 1521 venientes
2966 1471 3162 1520 autem
3210 1464 3440 1520 venient
3488 1464 3546 1518 in
3594 1478 3698 1519 ex-

2060 1551 2391 1621 sultatione,
2406 1553 2669 1609 tollentes
2692 1554 3019 1625 manipulos
3038 1571 3175 1610 suos
3189 1552 3230 1609 ⁵⁸.
3257 1575 3285 1604 ››
3313 1554 3440 1609 Hac
3455 1556 3697 1607 sanctus

2061 1642 2293 1713 quidem
2319 1642 2605 1713 psallebat
2625 1645 2896 1700 suaviter.
2922 1644 3221 1701 Teridates
3242 1649 3434 1699 autem
3463 1642 3701 1713 jubebat

2061 1732 2579 1789 circumstantibus
2637 1734 2805 1790 ferire
2863 1733 3188 1790 crudelius:
3221 1733 3316 1800 Ut,
3367 1734 3582 1805 inquit,
3639 1731 3699 1785 in

294 1817 408 1889 'iva,
441 1820 628 1899 φησὶν,
659 1819 711 1875 ἐν
757 1816 922 1895 ὀδύνῃ
957 1818 1166 1876 πλείονι
1198 1823 1288 1875 καὶ
1327 1820 1595 1894 κλαυθμῷ
1638 1822 1673 1889 ἡ
1714 1816 1951 1893 προσδο-

2068 1821 2268 1891 majori
2299 1821 2496 1877 dolore
2525 1826 2581 1877 et
2611 1822 2746 1878 ﬂetu
2781 1823 2851 1877 ad
2882 1839 3013 1878 eum
3049 1822 3360 1894 perveniat,
3384 1837 3511 1893 qua
3533 1820 3603 1875 ab
3634 1834 3701 1874 eo

297 1907 524 1982 κωμένη
580 1908 773 1964 τούτον
831 1906 1007 1978 ἡδονὴ
1064 1904 1391 1965 καταλάϐοι·
1422 1906 1558 1966 Ἀλλ
1610 1909 1701 1963 καὶ
1731 1911 1957 1962 τοιαῦτα

300 1997 531 2072 πάσχων
582 1998 658 2061 ὡς
729 1998 822 2053 καὶ
887 1997 1186 2074 κορεννύειν
1251 2004 1370 2061 τοῖς
1446 1998 1633 2053 πάθεσι
1704 1996 1796 2052 καὶ
1870 2018 1963 2070 μι-

303 2085 539 2143 σούντων
598 2088 781 2164 ψυχᾶς
831 2086 984 2162 ὅμως
1049 2085 1402 2161 ἀνδρειότατα
1451 2084 1540 2143 διὰ
1571 2086 1806 2162 Χριστὸς
1838 2083 1965 2161 ἔφε-

307 2200 416 2255 ρεν.

378 2268 475 2327 ῙΒ’.
550 2267 674 2325 Ἐπὶ
730 2266 950 2331 τούτοις
1010 2268 1275 2324 ἀπλοῦσιν
1330 2269 1491 2324 αὐτὸν
1570 2268 1759 2323 ὕπτιον
1831 2267 1965 2321 κατὰ

303 2360 402 2412 τοῦ
457 2354 714 2435 ἐδάφους,
778 2361 940 2413 τοῦτο
996 2356 1353 2420 κελεύσαντος
1410 2361 1504 2413 τοῦ
1560 2358 1843 2432 τυράννουο
1875 2355 1967 2410 καὶ

303 2447 405 2516 τὴν
472 2446 568 2519 μὶν
638 2445 881 2523 κεφαλὴν
954 2451 1252 2519 τεκτονικῷ
1334 2468 1442 2501 τινι
1536 2440 1971 2508 ἐναπολαϐόντες

309 2534 551 2609 ὀργάνῳ,
602 2534 936 2609 ἰσχυρότατα
981 2534 1309 2605 ἐκπιέζουσι,
1341 2539 1409 2608 τῇ
1462 2532 1564 2609 ῥινὶ
1610 2530 1670 2587 δὲ
1712 2531 1970 2588 αύλίσκον

311 2620 770 2697 ἐναρμοσάμενοι,
833 2623 1015 2695 νίτρον
1064 2623 1155 2678 καὶ
1215 2621 1354 2684 ἅλας
1421 2616 1527 2694 ὄξει
1578 2618 1965 2694 κεκραμένους,

314 2711 433 2766 κατ’
490 2709 686 2774 αὐτοὺς
744 2711 930 2785 ἠρέμα
988 2711 1264 2787 ἐγχέουσι,
1322 2710 1414 2766 καὶ
1500 2713 1601 2780 τήν
1662 2707 1970 2785 δριμύτητα

312 2799 449 2873 πρός
480 2820 540 2854 τε
594 2801 663 2855 τὰ
701 2807 803 2869 τῆς
843 2800 1086 2876 κεφαλῆς
1125 2799 1469 2873 κοιλώματαη
1510 2799 1602 2853 καὶ
1643 2800 1769 2870 παρ’
1810 2798 1970 2852 αὐτὸν

318 2886 677 2959 εἰσπέμπουσι
735 2887 827 2942 τὸν
888 2886 1209 2964 ἐγκέφαλον.
1244 2888 1518 2950 Ἐντεῦθεν
1578 2882 1758 2957 ἓτερον
1824 2883 1971 2956 αύτῷ

312 2974 604 3036 κακώσεως
651 2975 855 3049 τρόπον
908 2973 1208 3044 ἐπινοοῦσι,
1259 2974 1350 3028 καὶ
1406 2975 1506 3042 τὴν
1559 2972 1775 3027 ἐκείνων
1822 2971 1971 3043 ὠμό-

325 3083 487 3134 τητα,
518 3064 609 3118 καὶ
657 3065 757 3133 τὴν
795 3067 891 3120 τοῦ
945 3064 1213 3139 μάρτυρος
1278 3060 1497 3138 ἀνδρίαν
1555 3060 1743 3131 ἐπίσης
1801 3060 1964 3138 ἄμφω

2066 1913 2446 1982 exspectatur,
2478 1909 2767 1982 voluptas.
2793 1912 2901 1967 Sed
2934 1912 3068 1967 licet
3096 1915 3179 1967 tot
3208 1914 3265 1966 et
3293 1916 3455 1966 tanta
3485 1914 3704 1980 patere-

2066 2002 2183 2067 tur,
2209 2003 2271 2053 ut
2289 1998 2413 2054 suis
2446 1999 2917 2071 perpessionibus
2946 2015 3143 2056 eorum
3173 1998 3365 2067 etiam,
3387 1998 3488 2068 qui
3508 1998 3703 2068 ipsum

2068 2086 2201 2143 odio
2226 2086 2534 2155 habebant,
2559 2089 2785 2144 animos
2806 2087 3058 2158 satiaret,
3083 2088 3400 2145 fortissime
3421 2090 3617 2143 tamen
3638 2100 3707 2140 ea

2073 2176 2294 2232 ferebat
2322 2181 2555 2248 propter
2583 2176 2899 2234 Christum.

2142 2262 2268 2319 XII.
2303 2262 2439 2319 Post
2479 2263 2600 2320 haec
2644 2281 2777 2320 eum
2826 2264 2980 2321 humi
3038 2264 3306 2337 supinum
3366 2262 3707 2329 extendunt,

2073 2369 2208 2408 cum
2240 2352 2347 2409 boc
2371 2353 2650 2423 iussisset
2677 2358 2995 2426 tyrannus:
3020 2359 3077 2410 et
3104 2369 3238 2409 cum
3267 2356 3443 2424 caput
3472 2349 3708 2422 quidem

2076 2440 2268 2497 fabrili
2300 2443 2554 2513 quodam
2597 2442 3036 2514 intercepissent
3083 2442 3493 2506 instrumento,
3524 2438 3710 2509 expri-

2078 2534 2249 2584 munt
2275 2531 2653 2587 validissime.
2677 2533 2818 2586 Cum
2852 2548 2993 2587 naso
3022 2536 3215 2587 autem
3250 2530 3508 2586 ﬁstulam
3534 2526 3713 2598 appli-

2075 2622 2326 2688 cassent,
2349 2618 2569 2674 nitrum
2600 2623 2656 2675 et
2685 2620 2866 2675 salem
2900 2620 3144 2675 mistum
3176 2623 3358 2685 aceto,
3383 2617 3443 2673 in
3464 2633 3591 2673 eam
3622 2615 3715 2669 in-

2075 2705 2353 2775 fundunt,
2405 2711 2463 2763 et
2522 2723 2749 2762 acorem
2806 2706 2883 2763 ad
2940 2708 3227 2779 profunda
3281 2706 3490 2778 capitis
3537 2711 3594 2760 et
3641 2705 3712 2760 ad

2076 2795 2272 2866 ipsum
2295 2795 2707 2851 transmittunt
2727 2797 3051 2852 cerebrum.
3082 2795 3297 2851 Deinde
3326 2795 3447 2864 ejus
3468 2792 3713 2849 vexandi

2077 2883 2258 2939 alium
2305 2899 2538 2956 quoque
2591 2885 2828 2940 modum
2877 2884 3226 2956 excogitant,
3256 2882 3353 2954 qui
3387 2887 3445 2938 et
3484 2881 3715 2937 illorum

2077 2971 2480 3027 crudelitatem
2538 2978 2597 3028 et
2648 2973 2918 3045 martyris
2965 2973 3148 3029 animi
3197 2971 3594 3028 fortitudinem
3649 2984 3717 3024 ex

2085 3076 2249 3131 aequo
2301 3062 2655 3118 ostendebat.
2687 3062 2829 3118 Nam
2860 3080 2989 3120 cum
3027 3062 3318 3119 calathum
3367 3059 3716 3126 attulissent,

324 3146 640 3208 δεικνύοντα
685 3150 932 3209 Θύλακον
980 3153 1084 3229 γὰρ
1133 3153 1434 3229 ἐνεγκόντες
1481 3150 1768 3225 καμιναίας
1817 3148 1955 3219 πλη-

2083 3149 2300 3205 camini
2320 3164 2453 3205 eum
2474 3150 2717 3220 implent
2739 3151 3002 3223 fuligine,
3024 3156 3081 3207 et
3100 3151 3159 3206 in
3180 3167 3313 3207 eum
3338 3148 3716 3219 martyricum

2079 3236 2216 3256 ειιη,
2409 3242 2421 3256 .
2763 3243 2774 3256 .
2847 3244 2883 3256 ν.
2924 3241 2936 3256 .
3019 3240 3055 3256 ..
3160 3239 3192 3256 ..
3333 3238 3347 3256 .
3594 3235 3684 3256 ,ιη

310 3244 494 3313 ροῦσιν
553 3241 813 3314 αἰθάλης,
842 3242 931 3298 καὶ
989 3243 1151 3298 τοῦτο
1206 3244 1307 3312 τὴν
1371 3242 1710 3317 μαρτυρικήν
1757 3239 1955 3310 ἐκείνηι

2078 3236 2219 3293 illud
2253 3242 2429 3308 caput
2458 3237 2801 3299 immittunt,
2835 3244 2891 3294 et
2913 3240 3059 3309 jusli
3088 3239 3233 3295 collo
3264 3238 3557 3293 calathum
3589 3235 3716 3290 alli-

310 3324 657 3403 ἐμϐάλλουσι
707 3330 973 3409 κεφαλὴν,
1005 3332 1097 3387 καὶ
1152 3337 1231 3405 τῷ
1283 3338 1380 3387 τοῦ
1434 3329 1646 3388 δικαίου
1691 3329 1967 3406 τραχήλῳ

306 3418 403 3475 τὸν
435 3420 671 3484 θύλακον
723 3419 1036 3491 ἀποδέουσι,
1067 3421 1155 3477 καὶ
1207 3422 1283 3483 εἰς
1321 3416 1481 3492 ἕκτην
1536 3421 1698 3477 αὐτὸν
1749 3416 1962 3494 ἡμέραν

305 3511 375 3583 τῇ
436 3509 658 3584 χαλεπῇ
704 3510 875 3585 ταύτῃ
937 3509 1153 3585 βασάνῳ
1215 3511 1491 3579 πιέζεσθαι
1552 3507 1961 3567 καταλείπουσι.

308 3599 393 3671 Τῇ
426 3593 637 3671 ἐϐδόμῃ
670 3598 850 3653 τοίνυν
901 3600 1391 3673 μεταπεμψάμενος
1431 3598 1591 3655 αὐτὸν
1641 3598 1960 3674 Τηριδάτης

312 3687 448 3759 μετά
479 3691 578 3743 τοῦ
610 3690 878 3758 συνήθους
913 3695 1192 3763 μυκτῆρος
1221 3688 1312 3743 καὶ
1342 3695 1444 3758 τῆς
1494 3688 1661 3766 φίλης
1722 3689 1954 3762 μωκίαςο

307 3774 478 3831 Πόθεν
506 3778 667 3847 ἡμῖν,
700 3774 745 3830 ὦ
777 3776 957 3847 οὗτος,
986 3780 1076 3831 νῦν
1120 3776 1405 3849 ἐπανῆκες,
1437 3775 1563 3854 ἔφη,
1597 3779 1699 3849 ἇρᾶ
1743 3799 1806 3854 γε
1853 3778 1958 3834 ἀπὸ

308 3867 412 3931 τῆς
452 3860 729 3936 βασιλείας
777 3863 868 3919 καὶ
917 3869 1025 3919 τῶν
1078 3864 1288 3941 ἀγαθῶν
1343 3864 1581 3933 ἐκείνων,
1614 3864 1647 3918 ἃ
1694 3864 1959 3941 πρότερον

310 3949 413 4006 ὑπὸ
470 3950 671 4007 πλατεῖ
724 3956 804 4026 τῷ
853 3952 1080 4027 στόματι
1143 3950 1398 4026 διεξῄεις,
1429 3954 1520 4009 καὶ
1578 3955 1652 4008 ὧν
1711 3954 1956 4010 ἀπολαύ-

306 4049 490 4105 σεσθαι
537 4038 896 4117 προσεδόκας.
931 4042 1029 4097 Καὶ
1089 4042 1118 4096 6
1164 4046 1402 4116 γενναῖος
1429 4040 1911 4117 ίάπαρῥησιάστως
1939 4062 1952 4077 ⁸

2077 3331 2239 3398 gant,
2272 3332 2329 3384 et
2358 3344 2457 3383 sex
2486 3327 2611 3383 dies
2640 3344 2774 3384 eum
2818 3328 3156 3399 relinquunt
3204 3328 3388 3398 premi
3421 3326 3530 3381 hoc
3558 3323 3717 3395 gravi

2077 3423 2384 3473 tormento.
2416 3416 2672 3489 Septimo
2703 3421 2896 3473 autem
2927 3417 3020 3472 die
3051 3432 3182 3473 cum
3214 3431 3345 3471 eum
3379 3412 3719 3470 accersivis-

2076 3513 2161 3560 set
2190 3504 2514 3573 Teridates,
2545 3521 2680 3560 cum
2730 3510 3014 3561 consueta
3060 3504 3537 3570 subsannatione,
3570 3506 3628 3557 et
3664 3503 3719 3557 ei

2075 3597 2241 3664 grata
2286 3594 2589 3650 irrisione:
2642 3592 2967 3661 Undenam,
3019 3594 3231 3665 inquit,
3281 3608 3436 3648 nunc
3487 3593 3557 3647 ad
3607 3606 3714 3646 nos

2073 3682 2226 3738 redis
2246 3683 2275 3737 ?
2302 3683 2395 3738 An
2428 3700 2462 3739 a
2492 3699 2670 3755 regno
2700 3688 2757 3739 et
2786 3701 2818 3740 a
2845 3684 3013 3740 bonis
3042 3682 3181 3751 illis,
3214 3699 3341 3753 quae
3373 3681 3535 3754 prius
3578 3696 3715 3753 pro-

2072 3772 2184 3828 lixe
2241 3773 2706 3844 persequebaris,
2755 3777 2815 3829 et
2874 3789 2999 3844 quas
3049 3772 3422 3842 exspectabas
3477 3775 3535 3825 te
3590 3785 3715 3825 esse

2068 3863 2533 3933 percepturum?
2589 3861 2914 3917 Generosus
2980 3864 3177 3916 autem
3238 3859 3337 3916 ille
3410 3858 3590 3914 libere
3656 3868 3715 3919 et

2067 3965 2283 4022 magna
2329 3966 2465 4006 cum
2522 3950 2772 4007 ﬁducia:
2804 3949 3101 4014 Nondum,
3150 3948 3361 4021 inquit,
3389 3964 3422 4003 ο
3465 3964 3584 4015 rex,
3637 3947 3710 4001 ad

2066 4037 2229 4094 illam
2272 4038 2628 4095 ineffabilem
2676 4040 2919 4110 migravi
2969 4037 3322 4093 felicitatem.
3372 4038 3507 4092 Sum
3555 4037 3711 4091 enim

305 4125 493 4197 Οὔπω,
525 4128 690 4208 φησὶν
717 4130 783 4201 ,ὦ
844 4127 1090 4204 βασιλεῦ,
1124 4132 1263 4204 πρὸς
1302 4132 1404 4200 τήν
1451 4130 1688 4206 ἄῤῥητον
1748 4130 1955 4200 ἐκείνην

2068 4127 2261 4183 adhuc
2308 4127 2639 4199 implicatus
2688 4128 2846 4198 gravi
2896 4127 3006 4182 hoc
3053 4141 3224 4182 onere
3273 4126 3552 4197 corporis.
3600 4124 3711 4179 Sed

309 4215 656 4292 εὐδαιμονίαν
704 4216 1127 4295 ἀποδεδήμηκα.
1160 4222 1280 4278 Ἔτι
1332 4219 1435 4297 γὰρ
1493 4221 1556 4274 τὸ
1618 4221 1752 4295 βαρὺ
1791 4223 1955 4274 τοῦτο

2068 4214 2345 4285 quoniam
2365 4215 2456 4269 bis
2478 4230 2602 4269 sum
2628 4230 2729 4284 pro
2752 4215 2996 4269 Domino
3017 4230 3145 4271 meo
3162 4213 3461 4285 dignatus,
3483 4212 3711 4268 veniam

301 4306 618 4382 περίκειμαι
648 4311 746 4363 τοῦ
777 4310 1030 4382 σώματος
1060 4311 1305 4386 φορτίον.
1338 4306 1494 4365 Ἀλλ’
1526 4306 1641 4362 ἐπεὶ
1689 4306 1951 4362 τοιούτων

2068 4303 2241 4379 paulo
2271 4311 2401 4375 post
2430 4318 2563 4357 cum
2595 4300 2752 4357 illius
2776 4302 2978 4371 gloria,
3013 4303 3245 4373 quando
3286 4302 3442 4357 nuda
3472 4301 3711 4372 quidem

303 4394 437 4470 ὑπὲρ
490 4395 588 4453 τοῦ
646 4397 784 4471 ἐμοῦ
841 4396 1117 4453 Λεσπότου
1171 4397 1440 4469 ἠξίωμαι,
1496 4395 1611 4468 ἥξω
1664 4395 1802 4468 μετὰ
1855 4402 1955 4465 τὴς

2068 4400 2125 4451 et
2156 4395 2358 4465 aperta
2387 4390 2672 4446 sistentur
2718 4389 2916 4446 omnia
2946 4395 3080 4446 ante
3108 4390 3269 4446 illius
3309 4388 3584 4446 tribunal.
3613 4393 3710 4446 Be-

300 4483 508 4541 ἐκείνου
548 4483 713 4557 δόξης
776 4487 969 4561 μικρὸν
1027 4484 1269 4559 ὕστερον,
1329 4486 1419 4539 ὅτε
1473 4486 1651 4559 γυμνᾶ
1717 4485 1812 4557 μὲν
1863 4487 1955 4541 καὶ

2070 4483 2231 4541 debit
2260 4485 2458 4538 autem
2485 4479 2676 4552 ipsum
2710 4479 2809 4535 Dei
2839 4478 3095 4536 Verbum
3120 4480 3304 4550 judex
3336 4495 3452 4535 non
3483 4482 3710 4535 tantum

298 4571 787 4648 τπραχηλισμένα
836 4576 917 4645 τῷ
971 4572 1181 4629 ἐκείνου
1260 4574 1469 4650 βήματι
1546 4577 1952 4650 παραστήσεται

303 4659 498 4731 πάντα,
542 4663 810 4717 καθιεῖται
865 4659 923 4717 δὲ
980 4660 1144 4725 αὐτὸς
1192 4664 1221 4717 6
1278 4666 1376 4718 τοῦ
1426 4666 1564 4721 Θεοῦ
1614 4662 1789 4740 Λόγος
1830 4683 1955 4739 κρι-

304 4748 459 4813 τικὸς
514 4747 863 4822 ἐνθυμήσεων
920 4752 1008 4807 καὶ
1069 4749 1290 4808 ἐννοιῶν
1349 4751 1596 4828 καρδίας,
1636 4750 1954 4827 διικνούμε-

302 4856 395 4898 νος
441 4836 576 4913 ἅχρι
628 4844 897 4914 μερισμοῦ
926 4843 1110 4915 ψυχῆς
1164 4843 1255 4897 καὶ
1316 4841 1518 4898 ὀστέων
1559 4841 1651 4897 καὶ
1708 4841 1953 4915 μυελῶν,

301 4927 393 4982 καὶ
423 4926 597 5002 νέμων
631 4929 841 5003 ἑκάστῳ
885 4930 951 4985 τὰ
994 4930 1114 4986 κατ“
1142 4931 1311 5001 ἀξίαν,
1342 4930 1524 5003 ἡνίκα,
1556 4934 1684 5009 φεῦί
1727 4931 1843 4995 οἷός
1893 4952 1951 4987 σε

301 5020 685 5091 περιστήσεται
706 5016 974 5088 κίνδυνος,
1006 5016 1157 5090 οἵαν,
1184 5018 1362 5092 ἄθλιε,
1390 5022 1490 5090 τήν
1538 5022 1815 5097 τιμωρίαν
1852 5041 1948 5075 και

299 5107 628 5181 τακριθησῃ.
659 5109 835 5164 Ταῦτα
882 5105 970 5162 ἐπὶ
1026 5106 1194 5163 πλέον
1250 5106 1490 5181 ἐκμαίνει
1544 5109 1636 5165 τὸν
1699 5107 1949 5183 βασιλέα,

300 5193 390 5248 καὶ
424 5193 615 5251 αὐτίκα
653 5193 822 5258 δεθείς
849 5194 979 5258 τοὺς
1008 5191 1179 5258 πόδας
1232 5197 1260 5250 6
1322 5196 1551 5271 μάρτυς,
1601 5198 1739 5254 κατὰ
1793 5219 1953 5276 κεφα-

302 5279 415 5352 λῆς
449 5283 767 5359 ἀναρτῖιται,
794 5284 886 5341 καὶ
928 5281 1075 5359 ὕδωρ
1104 5280 1250 5338 πολὺ
1281 5280 1371 5339 διὰ
1416 5292 1518 5356 τῆς
1548 5284 1753 5341 ἐκείνου
1785 5285 1951 5362 ἐδρας

297 5370 499 5433 ἐνιᾶσιν
555 5374 633 5439 εἰς
687 5376 788 5446 τὴν
843 5375 1099 5454 γαστέρα,
1150 5373 1378 5432 κόλασιν
1458 5377 1578 5450 ἅμα
1635 5381 1801 5434 τοῦτο
1857 5379 1949 5433 καὶ

375 5617 399 5656 ⁸
427 5617 580 5677 Paul.
608 5630 773 5692 ων,
800 5620 855 5677 5.

2069 4574 2380 4639 factorum,
2404 4569 2505 4626 sed
2539 4573 2594 4625 et
2624 4568 2801 4624 animi
2833 4568 3298 4640 conceptionum,
3322 4571 3379 4626 et
3406 4568 3711 4641 cogitatio-

2069 4678 2212 4719 num
2246 4659 2434 4718 eordis
2463 4661 2773 4730 penetrans
2804 4672 2991 4728 usque
3014 4658 3084 4712 ad
3112 4656 3455 4713 divisionem
3478 4658 3709 4726 animae,

2066 4758 2123 4809 et
2170 4750 2420 4814 ossium,
2452 4751 2511 4803 et
2553 4744 2962 4810 medullarum,
2990 4750 3047 4800 et
3085 4746 3401 4817 unicuique
3447 4746 3709 4801 tribuens

2068 4857 2171 4913 pro
2203 4839 2449 4895 meritis.
2482 4838 2604 4902 Quo
2635 4841 2918 4907 tempore,
2952 4834 3043 4890 hei
3090 4834 3269 4890 mihi!
3305 4835 3477 4905 quale
3507 4840 3562 4889 te
3591 4836 3707 4889 cir-

2066 4928 2372 4987 cumsistet
2426 4923 2790 4998 periculum!
2842 4923 3023 4994 quali,
3068 4939 3101 4979 o
3145 4922 3365 4989 infelix,
3419 4924 3709 4995 supplicio

2065 5014 2479 5077 damnaberisl
2533 5014 2662 5070 Haec
2710 5027 2903 5085 regem
2955 5012 3110 5068 cient
3157 5012 3359 5080 majori
3402 5012 3616 5080 furore,
3655 5017 3715 5068 et

2064 5109 2257 5168 statim
2289 5104 2532 5179 pedibus
2561 5103 2794 5158 vinctus
2838 5105 3077 5171 martyr,
3113 5116 3361 5173 praeceps
3409 5100 3714 5173 suspendi-

2063 5203 2181 5267 tur,
2207 5202 2263 5252 et
2283 5211 2385 5267 per
2406 5192 2750 5265 posteriores
2784 5194 2982 5261 partes
3015 5190 3263 5245 multum
3296 5205 3458 5260 aqua:
3490 5190 3711 5245 immit-

2064 5292 2199 5343 tunt
2222 5285 2285 5339 in
2305 5287 2591 5349 ventrem,
2620 5281 2724 5335 hoc
2744 5276 2925 5333 simul
2949 5293 3050 5348 pro
3073 5277 3360 5349 supplicio
3380 5283 3436 5334 et
3457 5277 3711 5335 ludibrio

2063 5376 2348 5434 habentes
2401 5367 2688 5428 scelerati.
2735 5364 2958 5423 Nullus
3010 5366 3168 5424 enim
3231 5368 3421 5439 pudor
3491 5367 3713 5426 talibus
