  <div class='ocr_page' id='page_1' title='image "/cluster/home/n/w/nwhite01/storage/ocr_20150623/115/mdp.39015028574336/497.png"; bbox 0 0 4142 6248; ppageno 0'>
   <div class='ocr_carea' id='block_1_1' title="bbox 494 300 612 359">
    <p class='ocr_par' dir='ltr' id='par_1_1' title="bbox 494 300 612 359">
     <span class='ocr_line' id='line_1_1' title="bbox 494 300 612 359; baseline 0.017 -2"><span class='ocrx_word' id='word_1_1' title='bbox 494 300 612 359; x_wconf 78' lang='grc'><strong>959</strong></span> 
     </span>
    </p>
   </div>
   <div class='ocr_carea' id='block_1_2' title="bbox 1778 297 2598 358">
    <p class='ocr_par' dir='ltr' id='par_1_2' title="bbox 1778 297 2598 358">
     <span class='ocr_line' id='line_1_2' title="bbox 1778 297 2598 358; baseline -0.002 -1"><span class='ocrx_word' id='word_1_2' title='bbox 1778 298 2064 358; x_wconf 70' lang='lat' dir='ltr'><strong>MENSIS</strong></span> <span class='ocrx_word' id='word_1_3' title='bbox 2111 297 2598 358; x_wconf 75' lang='lat' dir='ltr'><strong>SEPTEMBEH.</strong></span> 
     </span>
    </p>
   </div>
   <div class='ocr_carea' id='block_1_3' title="bbox 3772 292 3895 352">
    <p class='ocr_par' dir='ltr' id='par_1_3' title="bbox 3772 292 3895 352">
     <span class='ocr_line' id='line_1_3' title="bbox 3772 292 3895 352; baseline -0.016 0"><span class='ocrx_word' id='word_1_4' title='bbox 3772 292 3895 352; x_wconf 77' lang='lat'><strong>960</strong></span> 
     </span>
    </p>
   </div>
   <div class='ocr_carea' id='block_1_4' title="bbox 493 452 2134 535">
    <p class='ocr_par' dir='ltr' id='par_1_4' title="bbox 493 459 2127 534">
     <span class='ocr_line' id='line_1_4' title="bbox 493 459 2127 534; baseline -0.002 -15"><span class='ocrx_word' id='word_1_5' title='bbox 493 463 694 529; x_wconf 85' lang='lat' dir='ltr'><strong>oculis,</strong></span> <span class='ocrx_word' id='word_1_6' title='bbox 730 478 976 534; x_wconf 92' lang='lat' dir='ltr'><strong>quorum</strong></span> <span class='ocrx_word' id='word_1_7' title='bbox 1023 461 1232 517; x_wconf 64' lang='lat' dir='ltr'><strong>anima:</strong></span> <span class='ocrx_word' id='word_1_8' title='bbox 1275 470 1438 517; x_wconf 86' lang='lat' dir='ltr'><strong>erant</strong></span> <span class='ocrx_word' id='word_1_9' title='bbox 1465 459 1646 532; x_wconf 72' lang='lat' dir='ltr'><strong>plenae</strong></span> <span class='ocrx_word' id='word_1_10' title='bbox 1678 460 1919 516; x_wconf 81' lang='lat' dir='ltr'><strong>libidine</strong></span> <span class='ocrx_word' id='word_1_11' title='bbox 1949 465 2000 515; x_wconf 93' lang='lat' dir='ltr'><strong>et</strong></span> <span class='ocrx_word' id='word_1_12' title='bbox 2030 477 2127 517; x_wconf 88' lang='lat' dir='ltr'><strong>ne-</strong></span> 
     </span>
    </p>
   </div>
   <div class='ocr_carea' id='block_1_5' title="bbox 2245 452 3889 535">
    <p class='ocr_par' dir='ltr' id='par_1_5' title="bbox 2245 452 3889 534">
     <span class='ocr_line' id='line_1_5' title="bbox 2245 452 3889 534; baseline -0.004 -21"><span class='ocrx_word' id='word_1_13' title='bbox 2245 458 2450 534; x_wconf 88' lang='grc' dir='ltr'>γελωτα</span> <span class='ocrx_word' id='word_1_14' title='bbox 2506 461 2785 519; x_wconf 76' lang='grc' dir='ltr'>ποιοῦντες</span> <span class='ocrx_word' id='word_1_15' title='bbox 2841 459 2893 511; x_wconf 75' lang='grc' dir='ltr'>οἱ</span> <span class='ocrx_word' id='word_1_16' title='bbox 2943 456 3250 529; x_wconf 73' lang='grc' dir='ltr'>ἀλιτήριοι.</span> <span class='ocrx_word' id='word_1_17' title='bbox 3310 452 3555 528; x_wconf 84' lang='grc' dir='ltr'>Οὐδεμία</span> <span class='ocrx_word' id='word_1_18' title='bbox 3631 456 3734 529; x_wconf 83' lang='grc' dir='ltr'><strong>γὰρ</strong></span> <span class='ocrx_word' id='word_1_19' title='bbox 3798 454 3889 507; x_wconf 78' lang='grc' dir='ltr'><strong>αἰ-</strong></span> 
     </span>
    </p>
   </div>
   <div class='ocr_carea' id='block_1_6' title="bbox 497 551 702 623">
    <p class='ocr_par' dir='ltr' id='par_1_6' title="bbox 497 551 702 623">
     <span class='ocr_line' id='line_1_6' title="bbox 497 551 702 623; baseline -0.005 -16"><span class='ocrx_word' id='word_1_20' title='bbox 497 551 702 623; x_wconf 86' lang='lat' dir='ltr'><strong>quitia.</strong></span> 
     </span>
    </p>
   </div>
   <div class='ocr_carea' id='block_1_7' title="bbox 565 728 2136 797">
    <p class='ocr_par' dir='ltr' id='par_1_7' title="bbox 565 728 2136 797">
     <span class='ocr_line' id='line_1_7' title="bbox 565 728 2136 797; baseline -0.001 -12"><span class='ocrx_word' id='word_1_21' title='bbox 565 729 721 787; x_wconf 85' lang='lat' dir='ltr'><strong>XIII.</strong></span> <span class='ocrx_word' id='word_1_22' title='bbox 756 730 896 785; x_wconf 90' lang='lat' dir='ltr'><strong>Cum</strong></span> <span class='ocrx_word' id='word_1_23' title='bbox 929 732 1123 784; x_wconf 88' lang='lat' dir='ltr'><strong>autem</strong></span> <span class='ocrx_word' id='word_1_24' title='bbox 1156 728 1313 785; x_wconf 93' lang='lat' dir='ltr'><strong>illinc</strong></span> <span class='ocrx_word' id='word_1_25' title='bbox 1343 729 1547 785; x_wconf 79' lang='lat' dir='ltr'><strong>fuisset</strong></span> <span class='ocrx_word' id='word_1_26' title='bbox 1577 730 1891 797; x_wconf 82' lang='lat' dir='ltr'><strong>demissus,</strong></span> <span class='ocrx_word' id='word_1_27' title='bbox 1915 745 2009 784; x_wconf 81' lang='lat' dir='ltr'><strong>rex</strong></span> <span class='ocrx_word' id='word_1_28' title='bbox 2043 744 2136 784; x_wconf 86' lang='lat' dir='ltr'><strong>co-</strong></span> 
     </span>
    </p>
   </div>
   <div class='ocr_carea' id='block_1_8' title="bbox 496 818 2135 889">
    <p class='ocr_par' dir='ltr' id='par_1_8' title="bbox 496 818 2135 889">
     <span class='ocr_line' id='line_1_8' title="bbox 496 818 2135 889; baseline 0 -15"><span class='ocrx_word' id='word_1_29' title='bbox 496 819 743 874; x_wconf 88' lang='lat' dir='ltr'><strong>nabatur</strong></span> <span class='ocrx_word' id='word_1_30' title='bbox 774 834 977 874; x_wconf 81' lang='lat' dir='ltr'><strong>rursus</strong></span> <span class='ocrx_word' id='word_1_31' title='bbox 1010 820 1393 888; x_wconf 82' lang='lat' dir='ltr'><strong>persuadere:</strong></span> <span class='ocrx_word' id='word_1_32' title='bbox 1428 823 1504 889; x_wconf 87' lang='lat' dir='ltr'><strong>et,</strong></span> <span class='ocrx_word' id='word_1_33' title='bbox 1540 820 1676 875; x_wconf 90' lang='lat' dir='ltr'><strong>Pare</strong></span> <span class='ocrx_word' id='word_1_34' title='bbox 1707 819 1873 885; x_wconf 89' lang='lat' dir='ltr'><strong>mihi,</strong></span> <span class='ocrx_word' id='word_1_35' title='bbox 1906 818 2135 874; x_wconf 86' lang='lat' dir='ltr'><strong>dicebat</strong></span> 
     </span>
    </p>
   </div>
   <div class='ocr_carea' id='block_1_9' title="bbox 495 904 2136 977">
    <p class='ocr_par' dir='ltr' id='par_1_9' title="bbox 495 904 2136 977">
     <span class='ocr_line' id='line_1_9' title="bbox 495 904 2136 977; baseline -0.002 -14"><span class='ocrx_word' id='word_1_36' title='bbox 495 906 571 974; x_wconf 89' lang='lat' dir='ltr'><strong>ei,</strong></span> <span class='ocrx_word' id='word_1_37' title='bbox 602 910 659 961; x_wconf 88' lang='lat' dir='ltr'><strong>et</strong></span> <span class='ocrx_word' id='word_1_38' title='bbox 705 906 817 962; x_wconf 91' lang='lat' dir='ltr'><strong>diis</strong></span> <span class='ocrx_word' id='word_1_39' title='bbox 867 907 1137 962; x_wconf 79' lang='lat' dir='ltr'>maximis</span> <span class='ocrx_word' id='word_1_40' title='bbox 1192 907 1476 963; x_wconf 87' lang='lat' dir='ltr'><strong>sacrifica.</strong></span> <span class='ocrx_word' id='word_1_41' title='bbox 1530 906 1677 965; x_wconf 90' lang='lat' dir='ltr'><strong>Nam</strong></span> <span class='ocrx_word' id='word_1_42' title='bbox 1726 907 1944 977; x_wconf 81' lang='lat' dir='ltr'><strong>alioqui</strong></span> <span class='ocrx_word' id='word_1_43' title='bbox 1985 904 2136 961; x_wconf 90' lang='lat' dir='ltr'><strong>male</strong></span> 
     </span>
    </p>
   </div>
   <div class='ocr_carea' id='block_1_10' title="bbox 498 995 2133 1067">
    <p class='ocr_par' dir='ltr' id='par_1_10' title="bbox 498 995 2133 1067">
     <span class='ocr_line' id='line_1_10' title="bbox 498 995 2133 1067; baseline -0.001 -16"><span class='ocrx_word' id='word_1_44' title='bbox 498 995 730 1067; x_wconf 82' lang='lat' dir='ltr'><strong>peribis,</strong></span> <span class='ocrx_word' id='word_1_45' title='bbox 756 995 899 1050; x_wconf 91' lang='lat' dir='ltr'><strong>mihi</strong></span> <span class='ocrx_word' id='word_1_46' title='bbox 930 996 1161 1051; x_wconf 90' lang='lat' dir='ltr'><strong>charam</strong></span> <span class='ocrx_word' id='word_1_47' title='bbox 1188 997 1323 1066; x_wconf 90' lang='lat' dir='ltr'><strong>juro</strong></span> <span class='ocrx_word' id='word_1_48' title='bbox 1354 1013 1552 1052; x_wconf 88' lang='lat' dir='ltr'><strong>eorum</strong></span> <span class='ocrx_word' id='word_1_49' title='bbox 1588 997 1926 1067; x_wconf 82' lang='lat' dir='ltr'><strong>potentiam.</strong></span> <span class='ocrx_word' id='word_1_50' title='bbox 1952 995 2133 1050; x_wconf 86' lang='lat' dir='ltr'><strong>Sacri-</strong></span> 
     </span>
    </p>
   </div>
   <div class='ocr_carea' id='block_1_11' title="bbox 499 1083 2133 1151">
    <p class='ocr_par' dir='ltr' id='par_1_11' title="bbox 499 1083 2133 1151">
     <span class='ocr_line' id='line_1_11' title="bbox 499 1083 2133 1151; baseline -0.001 -13"><span class='ocrx_word' id='word_1_51' title='bbox 499 1084 702 1151; x_wconf 83' lang='lat' dir='ltr'><strong>ficaho,</strong></span> <span class='ocrx_word' id='word_1_52' title='bbox 719 1084 818 1139; x_wconf 88' lang='lat' dir='ltr'><strong>sed</strong></span> <span class='ocrx_word' id='word_1_53' title='bbox 842 1083 1123 1140; x_wconf 87' lang='lat' dir='ltr'><strong>Salvatori</strong></span> <span class='ocrx_word' id='word_1_54' title='bbox 1144 1100 1272 1140; x_wconf 89' lang='lat' dir='ltr'><strong>meo</strong></span> <span class='ocrx_word' id='word_1_55' title='bbox 1286 1085 1524 1141; x_wconf 88' lang='lat' dir='ltr'><strong>omnino</strong></span> <span class='ocrx_word' id='word_1_56' title='bbox 1546 1085 1897 1141; x_wconf 88' lang='lat' dir='ltr'><strong>sacrificium</strong></span> <span class='ocrx_word' id='word_1_57' title='bbox 1921 1084 2133 1150; x_wconf 87' lang='lat' dir='ltr'><strong>laudis,</strong></span> 
     </span>
    </p>
   </div>
   <div class='ocr_carea' id='block_1_12' title="bbox 499 1173 2135 1246">
    <p class='ocr_par' dir='ltr' id='par_1_12' title="bbox 499 1173 2135 1246">
     <span class='ocr_line' id='line_1_12' title="bbox 499 1173 2135 1246; baseline -0.001 -18"><span class='ocrx_word' id='word_1_58' title='bbox 499 1190 747 1244; x_wconf 81' lang='lat' dir='ltr'><strong>magnus</strong></span> <span class='ocrx_word' id='word_1_59' title='bbox 778 1173 917 1228; x_wconf 85' lang='lat' dir='ltr'><strong>dixit</strong></span> <span class='ocrx_word' id='word_1_60' title='bbox 942 1173 1274 1246; x_wconf 81' lang='lat' dir='ltr'><strong>Gregorius.</strong></span> <span class='ocrx_word' id='word_1_61' title='bbox 1294 1175 1427 1239; x_wconf 67' lang='lat' dir='ltr'><strong>Quae</strong></span> <span class='ocrx_word' id='word_1_62' title='bbox 1449 1180 1640 1230; x_wconf 88' lang='lat' dir='ltr'><strong>autem</strong></span> <span class='ocrx_word' id='word_1_63' title='bbox 1665 1191 1841 1231; x_wconf 91' lang='lat' dir='ltr'><strong>sensu</strong></span> <span class='ocrx_word' id='word_1_64' title='bbox 1864 1178 1920 1229; x_wconf 87' lang='lat' dir='ltr'><strong>et</strong></span> <span class='ocrx_word' id='word_1_65' title='bbox 1943 1176 2135 1229; x_wconf 87' lang='lat' dir='ltr'><strong>mente</strong></span> 
     </span>
    </p>
   </div>
   <div class='ocr_carea' id='block_1_13' title="bbox 499 1262 2133 1334">
    <p class='ocr_par' dir='ltr' id='par_1_13' title="bbox 499 1262 2133 1334">
     <span class='ocr_line' id='line_1_13' title="bbox 499 1262 2133 1334; baseline -0.001 -15"><span class='ocrx_word' id='word_1_66' title='bbox 499 1268 716 1334; x_wconf 88' lang='lat' dir='ltr'><strong>carent,</strong></span> <span class='ocrx_word' id='word_1_67' title='bbox 767 1268 823 1318; x_wconf 91' lang='lat' dir='ltr'><strong>et</strong></span> <span class='ocrx_word' id='word_1_68' title='bbox 871 1271 1005 1319; x_wconf 91' lang='lat' dir='ltr'><strong>sunt</strong></span> <span class='ocrx_word' id='word_1_69' title='bbox 1055 1263 1292 1319; x_wconf 90' lang='lat' dir='ltr'><strong>omnino</strong></span> <span class='ocrx_word' id='word_1_70' title='bbox 1347 1262 1606 1318; x_wconf 89' lang='lat' dir='ltr'><strong>inanima</strong></span> <span class='ocrx_word' id='word_1_71' title='bbox 1635 1268 1693 1319; x_wconf 91' lang='lat' dir='ltr'><strong>et</strong></span> <span class='ocrx_word' id='word_1_72' title='bbox 1733 1264 1929 1331; x_wconf 88' lang='lat' dir='ltr'><strong>surda,</strong></span> <span class='ocrx_word' id='word_1_73' title='bbox 1960 1265 2133 1331; x_wconf 90' lang='lat' dir='ltr'><strong>absit,</strong></span> 
     </span>
    </p>
   </div>
   <div class='ocr_carea' id='block_1_14' title="bbox 498 1352 2137 1419">
    <p class='ocr_par' dir='ltr' id='par_1_14' title="bbox 498 1352 2137 1419">
     <span class='ocr_line' id='line_1_14' title="bbox 498 1352 2137 1419; baseline 0 -11"><span class='ocrx_word' id='word_1_74' title='bbox 498 1352 725 1410; x_wconf 82' lang='lat' dir='ltr'><strong>Christe</strong></span> <span class='ocrx_word' id='word_1_75' title='bbox 757 1354 870 1409; x_wconf 79' lang='lat' dir='ltr'><strong>Rex</strong></span> <span class='ocrx_word' id='word_1_76' title='bbox 917 1369 1104 1419; x_wconf 89' lang='lat' dir='ltr'><strong>meus,</strong></span> <span class='ocrx_word' id='word_1_77' title='bbox 1139 1361 1199 1409; x_wconf 93' lang='lat' dir='ltr'><strong>ut</strong></span> <span class='ocrx_word' id='word_1_78' title='bbox 1253 1353 1469 1409; x_wconf 89' lang='lat' dir='ltr'><strong>honore</strong></span> <span class='ocrx_word' id='word_1_79' title='bbox 1519 1352 1637 1408; x_wconf 91' lang='lat' dir='ltr'><strong>ullo</strong></span> <span class='ocrx_word' id='word_1_80' title='bbox 1687 1358 1787 1409; x_wconf 91' lang='lat' dir='ltr'><strong>aut</strong></span> <span class='ocrx_word' id='word_1_81' title='bbox 1834 1355 2005 1409; x_wconf 89' lang='lat' dir='ltr'><strong>verbo</strong></span> <span class='ocrx_word' id='word_1_82' title='bbox 2054 1355 2137 1408; x_wconf 91' lang='lat' dir='ltr'><strong>di-</strong></span> 
     </span>
    </p>
   </div>
   <div class='ocr_carea' id='block_1_15' title="bbox 497 1440 2137 1513">
    <p class='ocr_par' dir='ltr' id='par_1_15' title="bbox 497 1440 2137 1513">
     <span class='ocr_line' id='line_1_15' title="bbox 497 1440 2137 1513; baseline 0 -17"><span class='ocrx_word' id='word_1_83' title='bbox 497 1457 661 1513; x_wconf 91' lang='lat' dir='ltr'><strong>gner,</strong></span> <span class='ocrx_word' id='word_1_84' title='bbox 704 1441 934 1497; x_wconf 88' lang='lat' dir='ltr'><strong>etiamsi</strong></span> <span class='ocrx_word' id='word_1_85' title='bbox 985 1440 1151 1512; x_wconf 91' lang='lat' dir='ltr'><strong>plura</strong></span> <span class='ocrx_word' id='word_1_86' title='bbox 1209 1440 1350 1497; x_wconf 90' lang='lat' dir='ltr'><strong>mihi</strong></span> <span class='ocrx_word' id='word_1_87' title='bbox 1399 1446 1452 1498; x_wconf 92' lang='lat' dir='ltr'><strong>et</strong></span> <span class='ocrx_word' id='word_1_88' title='bbox 1500 1440 1762 1511; x_wconf 87' lang='lat' dir='ltr'><strong>graviora</strong></span> <span class='ocrx_word' id='word_1_89' title='bbox 1811 1442 2137 1497; x_wconf 90' lang='lat' dir='ltr'><strong>inferantur</strong></span> 
     </span>
    </p>
   </div>
   <div class='ocr_carea' id='block_1_16' title="bbox 498 1528 2137 1600">
    <p class='ocr_par' dir='ltr' id='par_1_16' title="bbox 498 1528 2137 1600">
     <span class='ocr_line' id='line_1_16' title="bbox 498 1528 2137 1600; baseline 0 -15"><span class='ocrx_word' id='word_1_90' title='bbox 498 1528 801 1599; x_wconf 86' lang='lat' dir='ltr'><strong>supplicia.</strong></span> <span class='ocrx_word' id='word_1_91' title='bbox 839 1528 935 1584; x_wconf 83' lang='lat' dir='ltr'><strong>llis</strong></span> <span class='ocrx_word' id='word_1_92' title='bbox 967 1530 1439 1600; x_wconf 85' lang='lat' dir='ltr'><strong>disrumpebatur</strong></span> <span class='ocrx_word' id='word_1_93' title='bbox 1461 1530 1775 1599; x_wconf 88' lang='lat' dir='ltr'><strong>Teridates,</strong></span> <span class='ocrx_word' id='word_1_94' title='bbox 1806 1536 1863 1585; x_wconf 90' lang='lat' dir='ltr'><strong>et</strong></span> <span class='ocrx_word' id='word_1_95' title='bbox 1894 1530 2137 1585; x_wconf 83' lang='lat' dir='ltr'><strong>suII&#39;oca-</strong></span> 
     </span>
    </p>
   </div>
   <div class='ocr_carea' id='block_1_17' title="bbox 497 1618 2132 1689">
    <p class='ocr_par' dir='ltr' id='par_1_17' title="bbox 497 1618 2132 1689">
     <span class='ocr_line' id='line_1_17' title="bbox 497 1618 2132 1689; baseline 0.001 -17"><span class='ocrx_word' id='word_1_96' title='bbox 497 1618 689 1673; x_wconf 89' lang='lat' dir='ltr'><strong>batur.</strong></span> <span class='ocrx_word' id='word_1_97' title='bbox 722 1619 920 1689; x_wconf 87' lang='lat' dir='ltr'><strong>Itaque</strong></span> <span class='ocrx_word' id='word_1_98' title='bbox 946 1634 1079 1672; x_wconf 92' lang='lat' dir='ltr'><strong>cum</strong></span> <span class='ocrx_word' id='word_1_99' title='bbox 1128 1622 1399 1673; x_wconf 89' lang='lat' dir='ltr'><strong>sanctum</strong></span> <span class='ocrx_word' id='word_1_100' title='bbox 1446 1635 1654 1674; x_wconf 89' lang='lat' dir='ltr'><strong>rursus</strong></span> <span class='ocrx_word' id='word_1_101' title='bbox 1701 1618 2132 1689; x_wconf 85' lang='lat' dir='ltr'><strong>suspendisset,</strong></span> 
     </span>
    </p>
   </div>
   <div class='ocr_carea' id='block_1_18' title="bbox 498 1704 2134 1778">
    <p class='ocr_par' dir='ltr' id='par_1_18' title="bbox 498 1704 2134 1778">
     <span class='ocr_line' id='line_1_18' title="bbox 498 1704 2134 1778; baseline 0 -18"><span class='ocrx_word' id='word_1_102' title='bbox 498 1705 734 1777; x_wconf 89' lang='lat' dir='ltr'><strong>ungulis</strong></span> <span class='ocrx_word' id='word_1_103' title='bbox 779 1705 1016 1777; x_wconf 84' lang='lat' dir='ltr'><strong>quidem</strong></span> <span class='ocrx_word' id='word_1_104' title='bbox 1068 1706 1264 1761; x_wconf 82' lang='lat' dir='ltr'><strong>ferreis</strong></span> <span class='ocrx_word' id='word_1_105' title='bbox 1307 1704 1559 1761; x_wconf 89' lang='lat' dir='ltr'><strong>laniabat</strong></span> <span class='ocrx_word' id='word_1_106' title='bbox 1606 1708 1733 1776; x_wconf 88' lang='lat' dir='ltr'><strong>ejus</strong></span> <span class='ocrx_word' id='word_1_107' title='bbox 1780 1706 1981 1773; x_wconf 85' lang='lat' dir='ltr'><strong>latera,</strong></span> <span class='ocrx_word' id='word_1_108' title='bbox 2033 1705 2134 1778; x_wconf 92' lang='lat' dir='ltr'><strong>qui</strong></span> 
     </span>
    </p>
   </div>
   <div class='ocr_carea' id='block_1_19' title="bbox 2243 542 3891 621">
    <p class='ocr_par' dir='ltr' id='par_1_19' title="bbox 2243 542 3891 621">
     <span class='ocr_line' id='line_1_19' title="bbox 2243 542 3891 621; baseline -0.002 -21"><span class='ocrx_word' id='word_1_109' title='bbox 2243 547 2416 620; x_wconf 84' lang='grc' dir='ltr'>σχὺνη</span> <span class='ocrx_word' id='word_1_110' title='bbox 2466 547 2737 610; x_wconf 81' lang='grc' dir='ltr'><strong>τοιούτοις</strong></span> <span class='ocrx_word' id='word_1_111' title='bbox 2767 542 3005 619; x_wconf 71' lang='grc' dir='ltr'>ὄμμασιν</span> <span class='ocrx_word' id='word_1_112' title='bbox 3047 546 3121 599; x_wconf 85' lang='grc' dir='ltr'>ὧν</span> <span class='ocrx_word' id='word_1_113' title='bbox 3154 546 3205 600; x_wconf 73' lang='grc' dir='ltr'>οἱ</span> <span class='ocrx_word' id='word_1_114' title='bbox 3237 544 3413 621; x_wconf 83' lang='grc' dir='ltr'>ψυχαὶ</span> <span class='ocrx_word' id='word_1_115' title='bbox 3459 542 3695 617; x_wconf 80' lang='grc' dir='ltr'><strong>πλήρεις</strong></span> <span class='ocrx_word' id='word_1_116' title='bbox 3750 543 3891 611; x_wconf 78' lang='grc' dir='ltr'>ἦσαν</span> 
     </span>
    </p>
   </div>
   <div class='ocr_carea' id='block_1_20' title="bbox 2243 633 3133 712">
    <p class='ocr_par' dir='ltr' id='par_1_20' title="bbox 2243 633 3133 712">
     <span class='ocr_line' id='line_1_20' title="bbox 2243 633 3133 712; baseline 0.003 -25"><span class='ocrx_word' id='word_1_117' title='bbox 2243 633 2531 689; x_wconf 71' lang='grc' dir='ltr'><strong>ἀκολασίας</strong></span> <span class='ocrx_word' id='word_1_118' title='bbox 2562 654 2620 689; x_wconf 91' lang='grc' dir='ltr'><strong>τε</strong></span> <span class='ocrx_word' id='word_1_119' title='bbox 2648 636 2734 689; x_wconf 75' lang='grc' dir='ltr'><strong>καὶ</strong></span> <span class='ocrx_word' id='word_1_120' title='bbox 2769 634 3133 712; x_wconf 86' lang='grc' dir='ltr'>φαυλότητος.</span> 
     </span>
    </p>
   </div>
   <div class='ocr_carea' id='block_1_21' title="bbox 2315 719 3886 797">
    <p class='ocr_par' dir='ltr' id='par_1_21' title="bbox 2315 719 3886 797">
     <span class='ocr_line' id='line_1_21' title="bbox 2315 719 3886 797; baseline -0.003 -17"><span class='ocrx_word' id='word_1_121' title='bbox 2315 724 2405 780; x_wconf 86' lang='grc' dir='ltr'><strong>Η“”</strong></span> <span class='ocrx_word' id='word_1_122' title='bbox 2440 721 2658 793; x_wconf 87' lang='grc' dir='ltr'>Ἐπειδή</span> <span class='ocrx_word' id='word_1_123' title='bbox 2730 721 2786 778; x_wconf 75' lang='grc' dir='ltr'>δὲ</span> <span class='ocrx_word' id='word_1_124' title='bbox 2844 722 3042 787; x_wconf 88' lang='grc' dir='ltr'>ἐκεῖθεν</span> <span class='ocrx_word' id='word_1_125' title='bbox 3100 720 3448 797; x_wconf 73' lang='grc' dir='ltr'><strong>κατενεχθεὶς</strong></span> <span class='ocrx_word' id='word_1_126' title='bbox 3498 722 3589 793; x_wconf 82' lang='grc' dir='ltr'><strong>ἧν,</strong></span> <span class='ocrx_word' id='word_1_127' title='bbox 3630 719 3799 777; x_wconf 85' lang='grc' dir='ltr'>πάλιν</span> <span class='ocrx_word' id='word_1_128' title='bbox 3855 722 3886 775; x_wconf 91' lang='lat'><strong>6</strong></span> 
     </span>
    </p>
   </div>
   <div class='ocr_carea' id='block_1_22' title="bbox 2247 811 3887 889">
    <p class='ocr_par' dir='ltr' id='par_1_22' title="bbox 2247 811 3887 889">
     <span class='ocr_line' id='line_1_22' title="bbox 2247 811 3887 889; baseline -0.002 -21"><span class='ocrx_word' id='word_1_129' title='bbox 2247 812 2502 888; x_wconf 83' lang='grc' dir='ltr'>βασιλεὺς</span> <span class='ocrx_word' id='word_1_130' title='bbox 2550 814 2799 889; x_wconf 76' lang='grc' dir='ltr'>ἐπειρᾶτο</span> <span class='ocrx_word' id='word_1_131' title='bbox 2849 813 3073 884; x_wconf 77' lang='grc' dir='ltr'><strong>πείθειν,</strong></span> <span class='ocrx_word' id='word_1_132' title='bbox 3124 815 3235 880; x_wconf 89' lang='grc' dir='ltr'>καὶ,</span> <span class='ocrx_word' id='word_1_133' title='bbox 3286 812 3537 879; x_wconf 81' lang='grc' dir='ltr'>Πεισθητί</span> <span class='ocrx_word' id='word_1_134' title='bbox 3585 832 3702 885; x_wconf 90' lang='grc' dir='ltr'>μοι,</span> <span class='ocrx_word' id='word_1_135' title='bbox 3751 811 3887 885; x_wconf 86' lang='grc' dir='ltr'>πρὸς</span> 
     </span>
    </p>
   </div>
   <div class='ocr_carea' id='block_1_23' title="bbox 2243 899 3885 979">
    <p class='ocr_par' dir='ltr' id='par_1_23' title="bbox 2243 899 3885 979">
     <span class='ocr_line' id='line_1_23' title="bbox 2243 899 3885 979; baseline -0.004 -21"><span class='ocrx_word' id='word_1_136' title='bbox 2243 905 2426 975; x_wconf 81' lang='grc' dir='ltr'>αὐτὸν,</span> <span class='ocrx_word' id='word_1_137' title='bbox 2478 899 2654 979; x_wconf 77' lang='grc' dir='ltr'>ἔλεγε,</span> <span class='ocrx_word' id='word_1_138' title='bbox 2685 904 2772 957; x_wconf 78' lang='grc' dir='ltr'><strong>καὶ</strong></span> <span class='ocrx_word' id='word_1_139' title='bbox 2821 908 2936 962; x_wconf 86' lang='grc' dir='ltr'>τοῖς</span> <span class='ocrx_word' id='word_1_140' title='bbox 2989 902 3263 976; x_wconf 82' lang='grc' dir='ltr'><strong>μεγίστοις</strong></span> <span class='ocrx_word' id='word_1_141' title='bbox 3314 902 3474 965; x_wconf 72' lang='grc' dir='ltr'>θῦσον</span> <span class='ocrx_word' id='word_1_142' title='bbox 3526 905 3690 964; x_wconf 82' lang='grc' dir='ltr'><strong>θεοῖς.</strong></span> <span class='ocrx_word' id='word_1_143' title='bbox 3734 900 3885 957; x_wconf 76' lang='grc' dir='ltr'>Ἐπεὶ</span> 
     </span>
    </p>
   </div>
   <div class='ocr_carea' id='block_1_24' title="bbox 2243 986 3881 1068">
    <p class='ocr_par' dir='ltr' id='par_1_24' title="bbox 2243 986 3881 1068">
     <span class='ocr_line' id='line_1_24' title="bbox 2243 986 3881 1068; baseline -0.002 -21"><span class='ocrx_word' id='word_1_144' title='bbox 2243 997 2421 1054; x_wconf 87' lang='grc' dir='ltr'>κακῶς</span> <span class='ocrx_word' id='word_1_145' title='bbox 2479 990 2684 1066; x_wconf 72' lang='grc' dir='ltr'>ἂπολῇ,</span> <span class='ocrx_word' id='word_1_146' title='bbox 2742 994 2841 1061; x_wconf 76' lang='grc' dir='ltr'><strong>τήν</strong></span> <span class='ocrx_word' id='word_1_147' title='bbox 2898 989 3064 1068; x_wconf 87' lang='grc' dir='ltr'>φίλην</span> <span class='ocrx_word' id='word_1_148' title='bbox 3121 989 3295 1045; x_wconf 80' lang='grc' dir='ltr'>αὐτῶν</span> <span class='ocrx_word' id='word_1_149' title='bbox 3354 986 3561 1062; x_wconf 82' lang='grc' dir='ltr'>ὄμνυμι</span> <span class='ocrx_word' id='word_1_150' title='bbox 3633 986 3881 1061; x_wconf 79' lang='grc' dir='ltr'>δύναμιν.</span> 
     </span>
    </p>
   </div>
   <div class='ocr_carea' id='block_1_25' title="bbox 2244 1075 3883 1152">
    <p class='ocr_par' dir='ltr' id='par_1_25' title="bbox 2244 1075 3883 1152">
     <span class='ocr_line' id='line_1_25' title="bbox 2244 1075 3883 1152; baseline -0.002 -17"><span class='ocrx_word' id='word_1_151' title='bbox 2244 1081 2422 1148; x_wconf 72' lang='grc' dir='ltr'>Θῦσω,</span> <span class='ocrx_word' id='word_1_152' title='bbox 2454 1080 2600 1135; x_wconf 86' lang='grc' dir='ltr'>ἀλλὰ</span> <span class='ocrx_word' id='word_1_153' title='bbox 2647 1084 2727 1151; x_wconf 79' lang='grc' dir='ltr'>τῷ</span> <span class='ocrx_word' id='word_1_154' title='bbox 2777 1082 2883 1151; x_wconf 81' lang='grc' dir='ltr'>θεῷ</span> <span class='ocrx_word' id='word_1_155' title='bbox 2924 1099 3026 1152; x_wconf 79' lang='grc' dir='ltr'><strong>μου</strong></span> <span class='ocrx_word' id='word_1_156' title='bbox 3071 1079 3288 1141; x_wconf 87' lang='grc' dir='ltr'>πάντως</span> <span class='ocrx_word' id='word_1_157' title='bbox 3319 1078 3506 1133; x_wconf 86' lang='grc' dir='ltr'>θυσίαν</span> <span class='ocrx_word' id='word_1_158' title='bbox 3571 1075 3824 1139; x_wconf 72' lang='grc' dir='ltr'><strong>αἰνέσεως</strong></span> <span class='ocrx_word' id='word_1_159' title='bbox 3857 1078 3883 1132; x_wconf 85' lang='lat'><strong>6</strong></span> 
     </span>
    </p>
   </div>
   <div class='ocr_carea' id='block_1_26' title="bbox 2249 1163 3885 1245">
    <p class='ocr_par' dir='ltr' id='par_1_26' title="bbox 2249 1163 3885 1245">
     <span class='ocr_line' id='line_1_26' title="bbox 2249 1163 3885 1245; baseline -0.002 -23"><span class='ocrx_word' id='word_1_160' title='bbox 2249 1170 2414 1245; x_wconf 71' lang='grc' dir='ltr'>μέγας</span> <span class='ocrx_word' id='word_1_161' title='bbox 2472 1167 2572 1239; x_wconf 78' lang='grc' dir='ltr'>ἔφη</span> <span class='ocrx_word' id='word_1_162' title='bbox 2635 1169 2956 1243; x_wconf 87' lang='grc' dir='ltr'>Γρηγόριος.</span> <span class='ocrx_word' id='word_1_163' title='bbox 3014 1168 3328 1238; x_wconf 85' lang='grc' dir='ltr'>Αἰσθήσεως</span> <span class='ocrx_word' id='word_1_164' title='bbox 3385 1163 3443 1221; x_wconf 76' lang='grc' dir='ltr'>δὲ</span> <span class='ocrx_word' id='word_1_165' title='bbox 3516 1167 3607 1221; x_wconf 85' lang='grc' dir='ltr'><strong>καὶ</strong></span> <span class='ocrx_word' id='word_1_166' title='bbox 3680 1172 3885 1243; x_wconf 78' lang='grc' dir='ltr'>φρενῶν</span> 
     </span>
    </p>
   </div>
   <div class='ocr_carea' id='block_1_27' title="bbox 2244 1253 3881 1332">
    <p class='ocr_par' dir='ltr' id='par_1_27' title="bbox 2244 1253 3881 1332">
     <span class='ocr_line' id='line_1_27' title="bbox 2244 1253 3881 1332; baseline -0.001 -21"><span class='ocrx_word' id='word_1_167' title='bbox 2244 1253 2424 1330; x_wconf 79' lang='grc' dir='ltr'>ἔρημα</span> <span class='ocrx_word' id='word_1_168' title='bbox 2480 1257 2571 1312; x_wconf 83' lang='grc' dir='ltr'><strong>καὶ</strong></span> <span class='ocrx_word' id='word_1_169' title='bbox 2618 1259 2680 1313; x_wconf 89' lang='grc' dir='ltr'>τὸ</span> <span class='ocrx_word' id='word_1_170' title='bbox 2728 1256 2857 1312; x_wconf 91' lang='grc' dir='ltr'>ὅλον</span> <span class='ocrx_word' id='word_1_171' title='bbox 2902 1256 3087 1332; x_wconf 76' lang='grc' dir='ltr'>ἄψυχα</span> <span class='ocrx_word' id='word_1_172' title='bbox 3142 1256 3233 1311; x_wconf 83' lang='grc' dir='ltr'><strong>καὶ</strong></span> <span class='ocrx_word' id='word_1_173' title='bbox 3286 1258 3467 1331; x_wconf 68' lang='grc' dir='ltr'>κωφὰ,</span> <span class='ocrx_word' id='word_1_174' title='bbox 3518 1256 3596 1328; x_wconf 81' lang='grc' dir='ltr'>μὴ</span> <span class='ocrx_word' id='word_1_175' title='bbox 3651 1255 3881 1331; x_wconf 76' lang='grc' dir='ltr'>γένοιτο,</span> 
     </span>
    </p>
   </div>
   <div class='ocr_carea' id='block_1_28' title="bbox 2244 1341 3887 1421">
    <p class='ocr_par' dir='ltr' id='par_1_28' title="bbox 2244 1341 3887 1421">
     <span class='ocr_line' id='line_1_28' title="bbox 2244 1341 3887 1421; baseline -0.003 -18"><span class='ocrx_word' id='word_1_176' title='bbox 2244 1347 2439 1420; x_wconf 73' lang='grc' dir='ltr'>Χριστὲ</span> <span class='ocrx_word' id='word_1_177' title='bbox 2472 1348 2498 1402; x_wconf 93' lang='lat'><strong>6</strong></span> <span class='ocrx_word' id='word_1_178' title='bbox 2531 1345 2660 1419; x_wconf 85' lang='grc' dir='ltr'>ἐμὸς</span> <span class='ocrx_word' id='word_1_179' title='bbox 2699 1345 2970 1421; x_wconf 81' lang='grc' dir='ltr'>βασιλεὺς,</span> <span class='ocrx_word' id='word_1_180' title='bbox 3007 1344 3143 1420; x_wconf 76' lang='grc' dir='ltr'>μηδὲ</span> <span class='ocrx_word' id='word_1_181' title='bbox 3170 1352 3337 1419; x_wconf 81' lang='grc' dir='ltr'>τιμῆς</span> <span class='ocrx_word' id='word_1_182' title='bbox 3395 1366 3539 1406; x_wconf 88' lang='grc' dir='ltr'>τινος</span> <span class='ocrx_word' id='word_1_183' title='bbox 3601 1341 3741 1419; x_wconf 67' lang='grc' dir='ltr'>μηδὲ</span> <span class='ocrx_word' id='word_1_184' title='bbox 3790 1346 3887 1419; x_wconf 78' lang='grc' dir='ltr'><strong>ῥη-</strong></span> 
     </span>
    </p>
   </div>
   <div class='ocr_carea' id='block_1_29' title="bbox 2246 1433 3887 1509">
    <p class='ocr_par' dir='ltr' id='par_1_29' title="bbox 2246 1433 3887 1509">
     <span class='ocr_line' id='line_1_29' title="bbox 2246 1433 3887 1509; baseline -0.001 -19"><span class='ocrx_word' id='word_1_185' title='bbox 2246 1456 2414 1509; x_wconf 88' lang='grc' dir='ltr'>ματας</span> <span class='ocrx_word' id='word_1_186' title='bbox 2473 1437 2719 1507; x_wconf 79' lang='grc' dir='ltr'>ἀξιῶσαι,</span> <span class='ocrx_word' id='word_1_187' title='bbox 2767 1435 2863 1491; x_wconf 62' lang='grc' dir='ltr'><strong>κᾶν</strong></span> <span class='ocrx_word' id='word_1_188' title='bbox 2919 1434 2998 1491; x_wconf 82' lang='grc' dir='ltr'>ἔτι</span> <span class='ocrx_word' id='word_1_189' title='bbox 3055 1433 3281 1497; x_wconf 91' lang='grc' dir='ltr'>πλείους</span> <span class='ocrx_word' id='word_1_190' title='bbox 3339 1433 3463 1509; x_wconf 84' lang='grc' dir='ltr'>ἐμοὶ</span> <span class='ocrx_word' id='word_1_191' title='bbox 3510 1434 3601 1490; x_wconf 89' lang='grc' dir='ltr'>καὶ</span> <span class='ocrx_word' id='word_1_192' title='bbox 3660 1434 3887 1509; x_wconf 78' lang='grc' dir='ltr'>βαρύτε-</span> 
     </span>
    </p>
   </div>
   <div class='ocr_carea' id='block_1_30' title="bbox 2246 1522 3885 1600">
    <p class='ocr_par' dir='ltr' id='par_1_30' title="bbox 2246 1522 3885 1600">
     <span class='ocr_line' id='line_1_30' title="bbox 2246 1522 3885 1600; baseline -0.001 -21"><span class='ocrx_word' id='word_1_193' title='bbox 2246 1544 2333 1597; x_wconf 86' lang='grc' dir='ltr'><strong>ραι</strong></span> <span class='ocrx_word' id='word_1_194' title='bbox 2390 1524 2641 1586; x_wconf 77' lang='grc' dir='ltr'><strong>κολάσεις</strong></span> <span class='ocrx_word' id='word_1_195' title='bbox 2708 1523 3021 1600; x_wconf 84' lang='grc' dir='ltr'>ἐπάγονται.</span> <span class='ocrx_word' id='word_1_196' title='bbox 3081 1522 3443 1598; x_wconf 76' lang='grc' dir='ltr'>Διερῥήγνυτο</span> <span class='ocrx_word' id='word_1_197' title='bbox 3499 1522 3677 1578; x_wconf 80' lang='grc' dir='ltr'>τοίνυν</span> <span class='ocrx_word' id='word_1_198' title='bbox 3746 1524 3885 1597; x_wconf 83' lang='grc' dir='ltr'>πρὸς</span> 
     </span>
    </p>
   </div>
   <div class='ocr_carea' id='block_1_31' title="bbox 2240 1611 3883 1690">
    <p class='ocr_par' dir='ltr' id='par_1_31' title="bbox 2240 1611 3883 1690">
     <span class='ocr_line' id='line_1_31' title="bbox 2240 1611 3883 1690; baseline -0.002 -20"><span class='ocrx_word' id='word_1_199' title='bbox 2240 1619 2405 1670; x_wconf 80' lang='grc' dir='ltr'>ταῦτα</span> <span class='ocrx_word' id='word_1_200' title='bbox 2437 1615 2463 1668; x_wconf 87' lang='grc' dir='ltr'>ὁ</span> <span class='ocrx_word' id='word_1_201' title='bbox 2494 1611 2799 1687; x_wconf 83' lang='grc' dir='ltr'>Τηριδάτης</span> <span class='ocrx_word' id='word_1_202' title='bbox 2839 1613 2927 1668; x_wconf 85' lang='grc' dir='ltr'><strong>καὶ</strong></span> <span class='ocrx_word' id='word_1_203' title='bbox 2959 1613 3283 1690; x_wconf 87' lang='grc' dir='ltr'>ἀπεπνίγετο</span> <span class='ocrx_word' id='word_1_204' title='bbox 3329 1618 3408 1685; x_wconf 81' lang='grc' dir='ltr'>τῷ</span> <span class='ocrx_word' id='word_1_205' title='bbox 3448 1616 3624 1686; x_wconf 80' lang='grc' dir='ltr'>θυμῷ.</span> <span class='ocrx_word' id='word_1_206' title='bbox 3658 1612 3883 1686; x_wconf 76' lang='grc' dir='ltr'>Ἀμὲλει</span> 
     </span>
    </p>
   </div>
   <div class='ocr_carea' id='block_1_32' title="bbox 2241 1699 3885 1779">
    <p class='ocr_par' dir='ltr' id='par_1_32' title="bbox 2241 1699 3885 1779">
     <span class='ocr_line' id='line_1_32' title="bbox 2241 1699 3885 1779; baseline -0.001 -20"><span class='ocrx_word' id='word_1_207' title='bbox 2241 1705 2330 1759; x_wconf 86' lang='grc' dir='ltr'><strong>καὶ</strong></span> <span class='ocrx_word' id='word_1_208' title='bbox 2388 1705 2476 1758; x_wconf 90' lang='grc' dir='ltr'>τὸν</span> <span class='ocrx_word' id='word_1_209' title='bbox 2525 1704 2675 1778; x_wconf 80' lang='grc' dir='ltr'>ἅγιον</span> <span class='ocrx_word' id='word_1_210' title='bbox 2740 1704 3054 1779; x_wconf 78' lang='grc' dir='ltr'>ἁμαρτήσας</span> <span class='ocrx_word' id='word_1_211' title='bbox 3112 1701 3297 1772; x_wconf 83' lang='grc' dir='ltr'>πάλιν,</span> <span class='ocrx_word' id='word_1_212' title='bbox 3333 1701 3480 1773; x_wconf 81' lang='grc' dir='ltr'>ὄνυξι</span> <span class='ocrx_word' id='word_1_213' title='bbox 3527 1703 3621 1776; x_wconf 77' lang='grc' dir='ltr'>μὶν</span> <span class='ocrx_word' id='word_1_214' title='bbox 3655 1699 3885 1777; x_wconf 80' lang='grc' dir='ltr'>σιδήρου</span> 
     </span>
    </p>
   </div>
   <div class='ocr_carea' id='block_1_33' title="bbox 497 1788 2134 1867">
    <p class='ocr_par' dir='ltr' id='par_1_33' title="bbox 497 1794 2134 1865">
     <span class='ocr_line' id='line_1_33' title="bbox 497 1794 2134 1865; baseline -0.001 -16"><span class='ocrx_word' id='word_1_215' title='bbox 497 1802 615 1849; x_wconf 87' lang='lat' dir='ltr'><strong>erat</strong></span> <span class='ocrx_word' id='word_1_216' title='bbox 647 1794 795 1849; x_wconf 87' lang='lat' dir='ltr'><strong>ferro</strong></span> <span class='ocrx_word' id='word_1_217' title='bbox 826 1796 1028 1865; x_wconf 88' lang='lat' dir='ltr'><strong>quovis</strong></span> <span class='ocrx_word' id='word_1_218' title='bbox 1058 1795 1275 1862; x_wconf 90' lang='lat' dir='ltr'><strong>durior,</strong></span> <span class='ocrx_word' id='word_1_219' title='bbox 1311 1795 1453 1850; x_wconf 89' lang='lat' dir='ltr'><strong>adeo</strong></span> <span class='ocrx_word' id='word_1_220' title='bbox 1485 1801 1548 1849; x_wconf 90' lang='lat' dir='ltr'><strong>ut</strong></span> <span class='ocrx_word' id='word_1_221' title='bbox 1569 1796 1696 1865; x_wconf 90' lang='lat' dir='ltr'><strong>ipsa</strong></span> <span class='ocrx_word' id='word_1_222' title='bbox 1728 1811 1952 1865; x_wconf 90' lang='lat' dir='ltr'><strong>quoque</strong></span> <span class='ocrx_word' id='word_1_223' title='bbox 1982 1800 2134 1850; x_wconf 89' lang='lat' dir='ltr'><strong>terra</strong></span> 
     </span>
    </p>
   </div>
   <div class='ocr_carea' id='block_1_34' title="bbox 2245 1788 3883 1867">
    <p class='ocr_par' dir='ltr' id='par_1_34' title="bbox 2245 1788 3883 1867">
     <span class='ocr_line' id='line_1_34' title="bbox 2245 1788 3883 1867; baseline -0.001 -19"><span class='ocrx_word' id='word_1_224' title='bbox 2245 1790 2499 1863; x_wconf 82' lang='grc' dir='ltr'>διέξαινεν</span> <span class='ocrx_word' id='word_1_225' title='bbox 2567 1791 2730 1846; x_wconf 75' lang='grc' dir='ltr'>αὐτοῦ</span> <span class='ocrx_word' id='word_1_226' title='bbox 2793 1792 2887 1854; x_wconf 81' lang='grc' dir='ltr'>τᾶς</span> <span class='ocrx_word' id='word_1_227' title='bbox 2960 1792 3223 1867; x_wconf 83' lang='grc' dir='ltr'>πλευρὰς,</span> <span class='ocrx_word' id='word_1_228' title='bbox 3292 1793 3321 1847; x_wconf 97' lang='lat'><strong>6</strong></span> <span class='ocrx_word' id='word_1_229' title='bbox 3382 1788 3610 1867; x_wconf 78' lang='grc' dir='ltr'>σιδήρου</span> <span class='ocrx_word' id='word_1_230' title='bbox 3682 1792 3883 1853; x_wconf 86' lang='grc' dir='ltr'>παντὸς</span> 
     </span>
    </p>
   </div>
   <div class='ocr_carea' id='block_1_35' title="bbox 500 1881 2136 1953">
    <p class='ocr_par' dir='ltr' id='par_1_35' title="bbox 500 1881 2136 1953">
     <span class='ocr_line' id='line_1_35' title="bbox 500 1881 2136 1953; baseline 0.002 -18"><span class='ocrx_word' id='word_1_231' title='bbox 500 1881 907 1953; x_wconf 88' lang='lat' dir='ltr'><strong>inquinaretur</strong></span> <span class='ocrx_word' id='word_1_232' title='bbox 936 1883 1190 1938; x_wconf 87' lang='lat' dir='ltr'><strong>fontibus</strong></span> <span class='ocrx_word' id='word_1_233' title='bbox 1222 1883 1547 1952; x_wconf 85' lang='lat' dir='ltr'><strong>sanguinis.</strong></span> <span class='ocrx_word' id='word_1_234' title='bbox 1571 1886 1715 1939; x_wconf 88' lang='lat' dir='ltr'><strong>Cum</strong></span> <span class='ocrx_word' id='word_1_235' title='bbox 1742 1888 1934 1939; x_wconf 89' lang='lat' dir='ltr'><strong>autem</strong></span> <span class='ocrx_word' id='word_1_236' title='bbox 1962 1884 2136 1939; x_wconf 87' lang='lat' dir='ltr'><strong>disse-</strong></span> 
     </span>
    </p>
   </div>
   <div class='ocr_carea' id='block_1_36' title="bbox 501 1971 2141 2042">
    <p class='ocr_par' dir='ltr' id='par_1_36' title="bbox 501 1971 2141 2042">
     <span class='ocr_line' id='line_1_36' title="bbox 501 1971 2141 2042; baseline 0.001 -17"><span class='ocrx_word' id='word_1_237' title='bbox 501 1974 711 2040; x_wconf 89' lang='lat' dir='ltr'><strong>casset,</strong></span> <span class='ocrx_word' id='word_1_238' title='bbox 743 1976 799 2027; x_wconf 92' lang='lat' dir='ltr'><strong>et</strong></span> <span class='ocrx_word' id='word_1_239' title='bbox 831 1972 1147 2042; x_wconf 86' lang='lat' dir='ltr'><strong>profundos</strong></span> <span class='ocrx_word' id='word_1_240' title='bbox 1180 1972 1374 2027; x_wconf 91' lang='lat' dir='ltr'><strong>sulcos</strong></span> <span class='ocrx_word' id='word_1_241' title='bbox 1408 1972 1465 2026; x_wconf 91' lang='lat' dir='ltr'><strong>in</strong></span> <span class='ocrx_word' id='word_1_242' title='bbox 1498 1972 1582 2027; x_wconf 90' lang='lat' dir='ltr'><strong>eis</strong></span> <span class='ocrx_word' id='word_1_243' title='bbox 1615 1971 1935 2038; x_wconf 79' lang='lat' dir='ltr'><strong>incidisset,</strong></span> <span class='ocrx_word' id='word_1_244' title='bbox 1962 1972 2141 2027; x_wconf 89' lang='lat' dir='ltr'><strong>muri-</strong></span> 
     </span>
    </p>
   </div>
   <div class='ocr_carea' id='block_1_37' title="bbox 502 2059 2139 2132">
    <p class='ocr_par' dir='ltr' id='par_1_37' title="bbox 502 2059 2139 2132">
     <span class='ocr_line' id='line_1_37' title="bbox 502 2059 2139 2132; baseline 0.001 -19"><span class='ocrx_word' id='word_1_245' title='bbox 502 2074 597 2114; x_wconf 89' lang='lat' dir='ltr'><strong>ces</strong></span> <span class='ocrx_word' id='word_1_246' title='bbox 656 2059 867 2116; x_wconf 83' lang='lat' dir='ltr'><strong>ferreos</strong></span> <span class='ocrx_word' id='word_1_247' title='bbox 927 2059 1087 2116; x_wconf 91' lang='lat' dir='ltr'><strong>humi</strong></span> <span class='ocrx_word' id='word_1_248' title='bbox 1139 2061 1364 2116; x_wconf 86' lang='lat' dir='ltr'><strong>sternit.</strong></span> <span class='ocrx_word' id='word_1_249' title='bbox 1400 2060 1619 2116; x_wconf 90' lang='lat' dir='ltr'><strong>Deinde</strong></span> <span class='ocrx_word' id='word_1_250' title='bbox 1677 2063 1868 2116; x_wconf 89' lang='lat' dir='ltr'><strong>nudus</strong></span> <span class='ocrx_word' id='word_1_251' title='bbox 1925 2061 1996 2126; x_wconf 89' lang='lat' dir='ltr'><strong>is,</strong></span> <span class='ocrx_word' id='word_1_252' title='bbox 2039 2061 2139 2132; x_wconf 90' lang='lat' dir='ltr'><strong>qui</strong></span> 
     </span>
    </p>
   </div>
   <div class='ocr_carea' id='block_1_38' title="bbox 504 2149 2136 2222">
    <p class='ocr_par' dir='ltr' id='par_1_38' title="bbox 504 2149 2136 2222">
     <span class='ocr_line' id='line_1_38' title="bbox 504 2149 2136 2222; baseline 0.002 -20"><span class='ocrx_word' id='word_1_253' title='bbox 504 2152 692 2204; x_wconf 87' lang='lat' dir='ltr'><strong>totum</strong></span> <span class='ocrx_word' id='word_1_254' title='bbox 726 2149 1024 2205; x_wconf 82' lang='lat' dir='ltr'><strong>Christum</strong></span> <span class='ocrx_word' id='word_1_255' title='bbox 1074 2149 1360 2217; x_wconf 88' lang='lat' dir='ltr'><strong>induerat,</strong></span> <span class='ocrx_word' id='word_1_256' title='bbox 1390 2167 1567 2222; x_wconf 89' lang='lat' dir='ltr'><strong>super</strong></span> <span class='ocrx_word' id='word_1_257' title='bbox 1595 2150 1752 2222; x_wconf 91' lang='lat' dir='ltr'><strong>ipsos</strong></span> <span class='ocrx_word' id='word_1_258' title='bbox 1778 2150 2136 2206; x_wconf 85' lang='lat' dir='ltr'><strong>trahebatur.</strong></span> 
     </span>
    </p>
   </div>
   <div class='ocr_carea' id='block_1_39' title="bbox 505 2236 2138 2310">
    <p class='ocr_par' dir='ltr' id='par_1_39' title="bbox 505 2236 2138 2310">
     <span class='ocr_line' id='line_1_39' title="bbox 505 2236 2138 2310; baseline 0.002 -19"><span class='ocrx_word' id='word_1_259' title='bbox 505 2236 732 2293; x_wconf 87' lang='lat' dir='ltr'><strong>Interim</strong></span> <span class='ocrx_word' id='word_1_260' title='bbox 759 2245 946 2293; x_wconf 90' lang='lat' dir='ltr'><strong>autem</strong></span> <span class='ocrx_word' id='word_1_261' title='bbox 979 2239 1115 2293; x_wconf 90' lang='lat' dir='ltr'><strong>dum</strong></span> <span class='ocrx_word' id='word_1_262' title='bbox 1148 2237 1419 2294; x_wconf 87' lang='lat' dir='ltr'><strong>lictorum</strong></span> <span class='ocrx_word' id='word_1_263' title='bbox 1454 2256 1663 2295; x_wconf 89' lang='lat' dir='ltr'><strong>manus</strong></span> <span class='ocrx_word' id='word_1_264' title='bbox 1694 2256 1826 2295; x_wconf 90' lang='lat' dir='ltr'><strong>eum</strong></span> <span class='ocrx_word' id='word_1_265' title='bbox 1859 2239 1989 2310; x_wconf 91' lang='lat' dir='ltr'><strong>pilis</strong></span> <span class='ocrx_word' id='word_1_266' title='bbox 2019 2242 2138 2294; x_wconf 89' lang='lat' dir='ltr'><strong>tra-</strong></span> 
     </span>
    </p>
   </div>
   <div class='ocr_carea' id='block_1_40' title="bbox 504 2325 2141 2400">
    <p class='ocr_par' dir='ltr' id='par_1_40' title="bbox 504 2325 2141 2400">
     <span class='ocr_line' id='line_1_40' title="bbox 504 2325 2141 2400; baseline 0.001 -20"><span class='ocrx_word' id='word_1_267' title='bbox 504 2325 722 2381; x_wconf 88' lang='lat' dir='ltr'><strong>hebant</strong></span> <span class='ocrx_word' id='word_1_268' title='bbox 751 2326 1150 2397; x_wconf 89' lang='lat' dir='ltr'><strong>acerbissime,</strong></span> <span class='ocrx_word' id='word_1_269' title='bbox 1186 2327 1282 2383; x_wconf 92' lang='lat' dir='ltr'><strong>ille</strong></span> <span class='ocrx_word' id='word_1_270' title='bbox 1312 2328 1547 2399; x_wconf 90' lang='lat' dir='ltr'><strong>quidem</strong></span> <span class='ocrx_word' id='word_1_271' title='bbox 1600 2328 1832 2400; x_wconf 85' lang='lat' dir='ltr'><strong>preprio</strong></span> <span class='ocrx_word' id='word_1_272' title='bbox 1862 2327 2141 2400; x_wconf 86' lang='lat' dir='ltr'><strong>irrigatus</strong></span> 
     </span>
    </p>
   </div>
   <div class='ocr_carea' id='block_1_41' title="bbox 503 2415 2141 2487">
    <p class='ocr_par' dir='ltr' id='par_1_41' title="bbox 503 2415 2141 2487">
     <span class='ocr_line' id='line_1_41' title="bbox 503 2415 2141 2487; baseline 0.002 -19"><span class='ocrx_word' id='word_1_273' title='bbox 503 2415 809 2484; x_wconf 80' lang='lat' dir='ltr'><strong>sanguine,</strong></span> <span class='ocrx_word' id='word_1_274' title='bbox 842 2416 1028 2486; x_wconf 90' lang='lat' dir='ltr'><strong>magis</strong></span> <span class='ocrx_word' id='word_1_275' title='bbox 1059 2416 1303 2472; x_wconf 87' lang='lat' dir='ltr'><strong>ﬂorebat</strong></span> <span class='ocrx_word' id='word_1_276' title='bbox 1330 2422 1387 2471; x_wconf 93' lang='lat' dir='ltr'><strong>et</strong></span> <span class='ocrx_word' id='word_1_277' title='bbox 1415 2416 1797 2487; x_wconf 76' lang='lat' dir='ltr'><strong>germinabat,</strong></span> <span class='ocrx_word' id='word_1_278' title='bbox 1829 2434 1943 2473; x_wconf 91' lang='lat' dir='ltr'><strong>non</strong></span> <span class='ocrx_word' id='word_1_279' title='bbox 1971 2432 2141 2473; x_wconf 89' lang='lat' dir='ltr'><strong>secus</strong></span> 
     </span>
    </p>
   </div>
   <div class='ocr_carea' id='block_1_42' title="bbox 502 2505 2138 2577">
    <p class='ocr_par' dir='ltr' id='par_1_42' title="bbox 502 2505 2138 2577">
     <span class='ocr_line' id='line_1_42' title="bbox 502 2505 2138 2577; baseline 0.003 -20"><span class='ocrx_word' id='word_1_280' title='bbox 502 2507 677 2573; x_wconf 91' lang='lat' dir='ltr'><strong>atque</strong></span> <span class='ocrx_word' id='word_1_281' title='bbox 706 2518 998 2574; x_wconf 65' lang='lat' dir='ltr'><strong>generosa;</strong></span> <span class='ocrx_word' id='word_1_282' title='bbox 1048 2505 1277 2577; x_wconf 69' lang='lat' dir='ltr'><strong>plantae,</strong></span> <span class='ocrx_word' id='word_1_283' title='bbox 1310 2510 1368 2560; x_wconf 90' lang='lat' dir='ltr'><strong>et</strong></span> <span class='ocrx_word' id='word_1_284' title='bbox 1399 2506 1587 2561; x_wconf 82' lang='lat' dir='ltr'><strong>fructu</strong></span> <span class='ocrx_word' id='word_1_285' title='bbox 1618 2506 1748 2561; x_wconf 83' lang='lat' dir='ltr'><strong>ﬁdei</strong></span> <span class='ocrx_word' id='word_1_286' title='bbox 1780 2506 2138 2563; x_wconf 90' lang='lat' dir='ltr'><strong>abundabat.</strong></span> 
     </span>
    </p>
   </div>
   <div class='ocr_carea' id='block_1_43' title="bbox 504 2591 2140 2664">
    <p class='ocr_par' dir='ltr' id='par_1_43' title="bbox 504 2591 2140 2664">
     <span class='ocr_line' id='line_1_43' title="bbox 504 2591 2140 2664; baseline 0.002 -16"><span class='ocrx_word' id='word_1_287' title='bbox 504 2592 607 2648; x_wconf 90' lang='lat' dir='ltr'><strong>Ille</strong></span> <span class='ocrx_word' id='word_1_288' title='bbox 636 2596 854 2656; x_wconf 88' lang='lat' dir='ltr'><strong>autem,</strong></span> <span class='ocrx_word' id='word_1_289' title='bbox 886 2591 993 2648; x_wconf 92' lang='lat' dir='ltr'><strong>Ubi</strong></span> <span class='ocrx_word' id='word_1_290' title='bbox 1023 2599 1133 2662; x_wconf 87' lang='lat' dir='ltr'><strong>est,</strong></span> <span class='ocrx_word' id='word_1_291' title='bbox 1175 2594 1389 2664; x_wconf 85' lang='lat' dir='ltr'><strong>inquit,</strong></span> <span class='ocrx_word' id='word_1_292' title='bbox 1417 2594 1572 2650; x_wconf 90' lang='lat' dir='ltr'><strong>Deus</strong></span> <span class='ocrx_word' id='word_1_293' title='bbox 1601 2598 1761 2661; x_wconf 90' lang='lat' dir='ltr'><strong>tuus,</strong></span> <span class='ocrx_word' id='word_1_294' title='bbox 1789 2596 2046 2664; x_wconf 83' lang='lat' dir='ltr'><strong>Gregori,</strong></span> <span class='ocrx_word' id='word_1_295' title='bbox 2080 2598 2140 2652; x_wconf 89' lang='lat' dir='ltr'><strong>in</strong></span> 
     </span>
    </p>
   </div>
   <div class='ocr_carea' id='block_1_44' title="bbox 503 2685 2143 2757">
    <p class='ocr_par' dir='ltr' id='par_1_44' title="bbox 503 2685 2143 2757">
     <span class='ocr_line' id='line_1_44' title="bbox 503 2685 2143 2757; baseline 0.002 -19"><span class='ocrx_word' id='word_1_296' title='bbox 503 2699 677 2755; x_wconf 90' lang='lat' dir='ltr'><strong>quem</strong></span> <span class='ocrx_word' id='word_1_297' title='bbox 727 2686 1023 2755; x_wconf 87' lang='lat' dir='ltr'><strong>sperasti?</strong></span> <span class='ocrx_word' id='word_1_298' title='bbox 1051 2685 1254 2741; x_wconf 88' lang='lat' dir='ltr'><strong>Veniat</strong></span> <span class='ocrx_word' id='word_1_299' title='bbox 1302 2702 1458 2741; x_wconf 89' lang='lat' dir='ltr'><strong>nunc</strong></span> <span class='ocrx_word' id='word_1_300' title='bbox 1504 2691 1562 2741; x_wconf 90' lang='lat' dir='ltr'><strong>et</strong></span> <span class='ocrx_word' id='word_1_301' title='bbox 1592 2701 1622 2741; x_wconf 90' lang='lat' dir='ltr'><strong>e</strong></span> <span class='ocrx_word' id='word_1_302' title='bbox 1652 2686 1797 2742; x_wconf 91' lang='lat' dir='ltr'><strong>meis</strong></span> <span class='ocrx_word' id='word_1_303' title='bbox 1828 2690 1884 2742; x_wconf 91' lang='lat' dir='ltr'><strong>te</strong></span> <span class='ocrx_word' id='word_1_304' title='bbox 1932 2686 2143 2757; x_wconf 89' lang='lat' dir='ltr'><strong>eripiat</strong></span> 
     </span>
    </p>
   </div>
   <div class='ocr_carea' id='block_1_45' title="bbox 502 2770 2140 2845">
    <p class='ocr_par' dir='ltr' id='par_1_45' title="bbox 502 2770 2140 2845">
     <span class='ocr_line' id='line_1_45' title="bbox 502 2770 2140 2845; baseline 0.003 -20"><span class='ocrx_word' id='word_1_305' title='bbox 502 2770 795 2826; x_wconf 89' lang='lat' dir='ltr'><strong>manibus.</strong></span> <span class='ocrx_word' id='word_1_306' title='bbox 824 2774 1011 2844; x_wconf 82' lang='lat' dir='ltr'><strong>Atque</strong></span> <span class='ocrx_word' id='word_1_307' title='bbox 1040 2773 1136 2829; x_wconf 93' lang='lat' dir='ltr'><strong>ille</strong></span> <span class='ocrx_word' id='word_1_308' title='bbox 1167 2774 1401 2845; x_wconf 88' lang='lat' dir='ltr'><strong>quidem</strong></span> <span class='ocrx_word' id='word_1_309' title='bbox 1433 2790 1565 2829; x_wconf 92' lang='lat' dir='ltr'><strong>cum</strong></span> <span class='ocrx_word' id='word_1_310' title='bbox 1598 2774 1679 2830; x_wconf 87' lang='lat' dir='ltr'><strong>sic</strong></span> <span class='ocrx_word' id='word_1_311' title='bbox 1709 2774 1909 2830; x_wconf 91' lang='lat' dir='ltr'><strong>omnia</strong></span> <span class='ocrx_word' id='word_1_312' title='bbox 1942 2790 2140 2845; x_wconf 85' lang='lat' dir='ltr'><strong>perva-</strong></span> 
     </span>
    </p>
   </div>
   <div class='ocr_carea' id='block_1_46' title="bbox 499 2858 2140 2933">
    <p class='ocr_par' dir='ltr' id='par_1_46' title="bbox 499 2858 2140 2933">
     <span class='ocr_line' id='line_1_46' title="bbox 499 2858 2140 2933; baseline 0.002 -19"><span class='ocrx_word' id='word_1_313' title='bbox 499 2858 677 2915; x_wconf 85' lang='lat' dir='ltr'><strong>sisset</strong></span> <span class='ocrx_word' id='word_1_314' title='bbox 723 2859 1007 2933; x_wconf 89' lang='lat' dir='ltr'><strong>supplicia</strong></span> <span class='ocrx_word' id='word_1_315' title='bbox 1035 2866 1091 2917; x_wconf 88' lang='lat' dir='ltr'><strong>et</strong></span> <span class='ocrx_word' id='word_1_316' title='bbox 1121 2862 1485 2929; x_wconf 82' lang='lat' dir='ltr'><strong>afﬂictiones,</strong></span> <span class='ocrx_word' id='word_1_317' title='bbox 1516 2867 1572 2919; x_wconf 91' lang='lat' dir='ltr'><strong>et</strong></span> <span class='ocrx_word' id='word_1_318' title='bbox 1600 2879 1697 2919; x_wconf 89' lang='lat' dir='ltr'><strong>eas</strong></span> <span class='ocrx_word' id='word_1_319' title='bbox 1723 2863 1952 2919; x_wconf 89' lang='lat' dir='ltr'><strong>tulisset</strong></span> <span class='ocrx_word' id='word_1_320' title='bbox 2000 2863 2140 2920; x_wconf 84' lang='lat' dir='ltr'><strong>faci-</strong></span> 
     </span>
    </p>
   </div>
   <div class='ocr_carea' id='block_1_47' title="bbox 496 2946 2143 3023">
    <p class='ocr_par' dir='ltr' id='par_1_47' title="bbox 496 2946 2143 3023">
     <span class='ocr_line' id='line_1_47' title="bbox 496 2946 2143 3023; baseline 0.003 -21"><span class='ocrx_word' id='word_1_321' title='bbox 496 2946 632 3013; x_wconf 89' lang='lat' dir='ltr'><strong>lius,</strong></span> <span class='ocrx_word' id='word_1_322' title='bbox 665 2964 841 3020; x_wconf 88' lang='lat' dir='ltr'><strong>quam</strong></span> <span class='ocrx_word' id='word_1_323' title='bbox 892 2950 989 3005; x_wconf 91' lang='lat' dir='ltr'><strong>alii</strong></span> <span class='ocrx_word' id='word_1_324' title='bbox 1046 2950 1393 3023; x_wconf 87' lang='lat' dir='ltr'><strong>voluptates,</strong></span> <span class='ocrx_word' id='word_1_325' title='bbox 1439 2955 1496 3008; x_wconf 91' lang='lat' dir='ltr'><strong>et</strong></span> <span class='ocrx_word' id='word_1_326' title='bbox 1538 2951 1809 3008; x_wconf 87' lang='lat' dir='ltr'><strong>omnibus</strong></span> <span class='ocrx_word' id='word_1_327' title='bbox 1865 2951 2143 3009; x_wconf 81' lang='lat' dir='ltr'><strong>evasisset</strong></span> 
     </span>
    </p>
   </div>
   <div class='ocr_carea' id='block_1_48' title="bbox 496 3036 1805 3111">
    <p class='ocr_par' dir='ltr' id='par_1_48' title="bbox 496 3036 1805 3111">
     <span class='ocr_line' id='line_1_48' title="bbox 496 3036 1805 3111; baseline 0.004 -21"><span class='ocrx_word' id='word_1_328' title='bbox 496 3036 799 3107; x_wconf 85' lang='lat' dir='ltr'><strong>superior:</strong></span> <span class='ocrx_word' id='word_1_329' title='bbox 832 3054 1035 3095; x_wconf 86' lang='lat' dir='ltr'><strong>rursus</strong></span> <span class='ocrx_word' id='word_1_330' title='bbox 1065 3039 1124 3095; x_wconf 92' lang='lat' dir='ltr'><strong>in</strong></span> <span class='ocrx_word' id='word_1_331' title='bbox 1155 3054 1442 3096; x_wconf 89' lang='lat' dir='ltr'><strong>carcerem</strong></span> <span class='ocrx_word' id='word_1_332' title='bbox 1476 3040 1805 3111; x_wconf 90' lang='lat' dir='ltr'><strong>conjicitur.</strong></span> 
     </span>
    </p>
   </div>
   <div class='ocr_carea' id='block_1_49' title="bbox 567 3215 2133 3291">
    <p class='ocr_par' dir='ltr' id='par_1_49' title="bbox 567 3215 2133 3291">
     <span class='ocr_line' id='line_1_49' title="bbox 567 3215 2133 3291; baseline 0.005 -20"><span class='ocrx_word' id='word_1_333' title='bbox 567 3215 711 3273; x_wconf 83' lang='lat' dir='ltr'><strong>XIV.</strong></span> <span class='ocrx_word' id='word_1_334' title='bbox 743 3217 1020 3291; x_wconf 87' lang='lat' dir='ltr'><strong>Sequenti</strong></span> <span class='ocrx_word' id='word_1_335' title='bbox 1068 3228 1258 3278; x_wconf 91' lang='lat' dir='ltr'><strong>autem</strong></span> <span class='ocrx_word' id='word_1_336' title='bbox 1290 3222 1383 3278; x_wconf 90' lang='lat' dir='ltr'><strong>die</strong></span> <span class='ocrx_word' id='word_1_337' title='bbox 1423 3238 1556 3279; x_wconf 91' lang='lat' dir='ltr'><strong>cum</strong></span> <span class='ocrx_word' id='word_1_338' title='bbox 1600 3239 1735 3280; x_wconf 92' lang='lat' dir='ltr'><strong>eum</strong></span> <span class='ocrx_word' id='word_1_339' title='bbox 1786 3240 1991 3281; x_wconf 89' lang='lat' dir='ltr'><strong>rursus</strong></span> <span class='ocrx_word' id='word_1_340' title='bbox 2041 3240 2133 3280; x_wconf 88' lang='lat' dir='ltr'><strong>ac-</strong></span> 
     </span>
    </p>
   </div>
   <div class='ocr_carea' id='block_1_50' title="bbox 500 3306 2134 3377">
    <p class='ocr_par' dir='ltr' id='par_1_50' title="bbox 500 3306 2134 3377">
     <span class='ocr_line' id='line_1_50' title="bbox 500 3306 2134 3377; baseline 0.004 -16"><span class='ocrx_word' id='word_1_341' title='bbox 500 3306 774 3363; x_wconf 83' lang='lat' dir='ltr'><strong>cersisset</strong></span> <span class='ocrx_word' id='word_1_342' title='bbox 815 3307 1131 3377; x_wconf 88' lang='lat' dir='ltr'><strong>Teridates,</strong></span> <span class='ocrx_word' id='word_1_343' title='bbox 1171 3314 1229 3366; x_wconf 89' lang='lat' dir='ltr'><strong>et</strong></span> <span class='ocrx_word' id='word_1_344' title='bbox 1275 3310 1513 3368; x_wconf 89' lang='lat' dir='ltr'><strong>vidisset</strong></span> <span class='ocrx_word' id='word_1_345' title='bbox 1568 3329 1700 3369; x_wconf 85' lang='lat' dir='ltr'><strong>eum</strong></span> <span class='ocrx_word' id='word_1_346' title='bbox 1758 3318 1946 3369; x_wconf 86' lang='lat' dir='ltr'><strong>astare</strong></span> <span class='ocrx_word' id='word_1_347' title='bbox 2002 3329 2134 3369; x_wconf 91' lang='lat' dir='ltr'><strong>cum</strong></span> 
     </span>
    </p>
   </div>
   <div class='ocr_carea' id='block_1_51' title="bbox 502 3395 2137 3468">
    <p class='ocr_par' dir='ltr' id='par_1_51' title="bbox 502 3395 2137 3468">
     <span class='ocr_line' id='line_1_51' title="bbox 502 3395 2137 3468; baseline 0.004 -19"><span class='ocrx_word' id='word_1_348' title='bbox 502 3398 775 3468; x_wconf 89' lang='lat' dir='ltr'><strong>prompto</strong></span> <span class='ocrx_word' id='word_1_349' title='bbox 806 3400 862 3451; x_wconf 87' lang='lat' dir='ltr'><strong>et</strong></span> <span class='ocrx_word' id='word_1_350' title='bbox 890 3395 1067 3452; x_wconf 88' lang='lat' dir='ltr'><strong>alacri</strong></span> <span class='ocrx_word' id='word_1_351' title='bbox 1122 3398 1335 3468; x_wconf 84' lang='lat' dir='ltr'><strong>animo,</strong></span> <span class='ocrx_word' id='word_1_352' title='bbox 1388 3408 1441 3456; x_wconf 90' lang='lat' dir='ltr'><strong>et</strong></span> <span class='ocrx_word' id='word_1_353' title='bbox 1488 3417 1621 3456; x_wconf 91' lang='lat' dir='ltr'><strong>cum</strong></span> <span class='ocrx_word' id='word_1_354' title='bbox 1680 3417 1820 3457; x_wconf 89' lang='lat' dir='ltr'><strong>sano</strong></span> <span class='ocrx_word' id='word_1_355' title='bbox 1876 3417 2137 3467; x_wconf 83' lang='lat' dir='ltr'><strong>corpore,</strong></span> 
     </span>
    </p>
   </div>
   <div class='ocr_carea' id='block_1_52' title="bbox 497 3481 2137 3563">
    <p class='ocr_par' dir='ltr' id='par_1_52' title="bbox 497 3481 2137 3563">
     <span class='ocr_line' id='line_1_52' title="bbox 497 3481 2137 3563; baseline 0.005 -27"><span class='ocrx_word' id='word_1_356' title='bbox 497 3481 673 3553; x_wconf 89' lang='lat' dir='ltr'><strong>idque</strong></span> <span class='ocrx_word' id='word_1_357' title='bbox 703 3500 834 3539; x_wconf 91' lang='lat' dir='ltr'><strong>cum</strong></span> <span class='ocrx_word' id='word_1_358' title='bbox 866 3501 998 3542; x_wconf 89' lang='lat' dir='ltr'><strong>caro</strong></span> <span class='ocrx_word' id='word_1_359' title='bbox 1028 3485 1232 3543; x_wconf 84' lang='lat' dir='ltr'><strong>fuisset</strong></span> <span class='ocrx_word' id='word_1_360' title='bbox 1259 3492 1431 3544; x_wconf 89' lang='lat' dir='ltr'><strong>antea</strong></span> <span class='ocrx_word' id='word_1_361' title='bbox 1460 3498 1807 3563; x_wconf 90' lang='lat' dir='ltr'><strong>consumpta</strong></span> <span class='ocrx_word' id='word_1_362' title='bbox 1830 3490 2137 3546; x_wconf 90' lang='lat' dir='ltr'><strong>tormentis</strong></span> 
     </span>
    </p>
   </div>
   <div class='ocr_carea' id='block_1_53' title="bbox 498 3571 2137 3651">
    <p class='ocr_par' dir='ltr' id='par_1_53' title="bbox 498 3571 2137 3651">
     <span class='ocr_line' id='line_1_53' title="bbox 498 3571 2137 3651; baseline 0.006 -26"><span class='ocrx_word' id='word_1_363' title='bbox 498 3571 652 3641; x_wconf 89' lang='lat' dir='ltr'><strong>apud</strong></span> <span class='ocrx_word' id='word_1_364' title='bbox 683 3588 745 3627; x_wconf 92' lang='lat' dir='ltr'><strong>se</strong></span> <span class='ocrx_word' id='word_1_365' title='bbox 774 3572 1004 3644; x_wconf 89' lang='lat' dir='ltr'><strong>quidem</strong></span> <span class='ocrx_word' id='word_1_366' title='bbox 1035 3576 1377 3646; x_wconf 90' lang='lat' dir='ltr'><strong>mirabatur,</strong></span> <span class='ocrx_word' id='word_1_367' title='bbox 1408 3583 1465 3634; x_wconf 89' lang='lat' dir='ltr'><strong>et</strong></span> <span class='ocrx_word' id='word_1_368' title='bbox 1494 3578 1816 3647; x_wconf 82' lang='lat' dir='ltr'><strong>dubitabat,</strong></span> <span class='ocrx_word' id='word_1_369' title='bbox 1849 3579 1989 3651; x_wconf 91' lang='lat' dir='ltr'><strong>quin</strong></span> <span class='ocrx_word' id='word_1_370' title='bbox 2022 3596 2137 3635; x_wconf 89' lang='lat' dir='ltr'><strong>non</strong></span> 
     </span>
    </p>
   </div>
   <div class='ocr_carea' id='block_1_54' title="bbox 498 3658 2134 3739">
    <p class='ocr_par' dir='ltr' id='par_1_54' title="bbox 498 3658 2134 3739">
     <span class='ocr_line' id='line_1_54' title="bbox 498 3658 2134 3739; baseline 0.006 -25"><span class='ocrx_word' id='word_1_371' title='bbox 498 3658 676 3714; x_wconf 91' lang='lat' dir='ltr'><strong>simul</strong></span> <span class='ocrx_word' id='word_1_372' title='bbox 729 3676 857 3717; x_wconf 90' lang='lat' dir='ltr'><strong>cum</strong></span> <span class='ocrx_word' id='word_1_373' title='bbox 914 3662 1189 3720; x_wconf 87' lang='lat' dir='ltr'><strong>carnibus</strong></span> <span class='ocrx_word' id='word_1_374' title='bbox 1245 3681 1377 3722; x_wconf 89' lang='lat' dir='ltr'><strong>eum</strong></span> <span class='ocrx_word' id='word_1_375' title='bbox 1435 3666 1736 3724; x_wconf 82' lang='lat' dir='ltr'><strong>deiecisset</strong></span> <span class='ocrx_word' id='word_1_376' title='bbox 1810 3668 2134 3739; x_wconf 87' lang='lat' dir='ltr'><strong>respiratio.</strong></span> 
     </span>
    </p>
   </div>
   <div class='ocr_carea' id='block_1_55' title="bbox 498 3747 2140 3832">
    <p class='ocr_par' dir='ltr' id='par_1_55' title="bbox 498 3747 2140 3832">
     <span class='ocr_line' id='line_1_55' title="bbox 498 3747 2140 3832; baseline 0.008 -30"><span class='ocrx_word' id='word_1_377' title='bbox 498 3747 707 3818; x_wconf 88' lang='lat' dir='ltr'><strong>Vipera</strong></span> <span class='ocrx_word' id='word_1_378' title='bbox 735 3755 926 3806; x_wconf 89' lang='lat' dir='ltr'><strong>autem</strong></span> <span class='ocrx_word' id='word_1_379' title='bbox 962 3768 1077 3807; x_wconf 90' lang='lat' dir='ltr'><strong>non</strong></span> <span class='ocrx_word' id='word_1_380' title='bbox 1108 3755 1426 3823; x_wconf 83' lang='lat' dir='ltr'><strong>expellebat</strong></span> <span class='ocrx_word' id='word_1_381' title='bbox 1454 3772 1756 3825; x_wconf 86' lang='lat' dir='ltr'><strong>venenum,</strong></span> <span class='ocrx_word' id='word_1_382' title='bbox 1792 3774 1976 3830; x_wconf 90' lang='lat' dir='ltr'><strong>neque</strong></span> <span class='ocrx_word' id='word_1_383' title='bbox 2008 3776 2140 3832; x_wconf 84' lang='lat' dir='ltr'><strong>par-</strong></span> 
     </span>
    </p>
   </div>
   <div class='ocr_carea' id='block_1_56' title="bbox 2163 1840 2219 1905">
    <p class='ocr_par' dir='ltr' id='par_1_56' title="bbox 2163 1840 2219 1905">
     <span class='ocr_line' id='line_1_56' title="bbox 2163 1840 2219 1905; baseline 0 0"><span class='ocrx_word' id='word_1_384' title='bbox 2163 1840 2219 1905; x_wconf 94' lang='lat' dir='ltr'><strong>B</strong></span> 
     </span>
    </p>
   </div>
   <div class='ocr_carea' id='block_1_57' title="bbox 2243 1877 3883 1957">
    <p class='ocr_par' dir='ltr' id='par_1_57' title="bbox 2243 1877 3883 1957">
     <span class='ocr_line' id='line_1_57' title="bbox 2243 1877 3883 1957; baseline -0.002 -20"><span class='ocrx_word' id='word_1_385' title='bbox 2243 1883 2631 1957; x_wconf 87' lang='grc' dir='ltr'>σκληρότερος,</span> <span class='ocrx_word' id='word_1_386' title='bbox 2676 1881 2748 1941; x_wconf 86' lang='grc' dir='ltr'>ὡς</span> <span class='ocrx_word' id='word_1_387' title='bbox 2800 1879 2889 1934; x_wconf 85' lang='grc' dir='ltr'><strong>καὶ</strong></span> <span class='ocrx_word' id='word_1_388' title='bbox 2946 1880 3111 1949; x_wconf 73' lang='grc' dir='ltr'>αὐτὴν</span> <span class='ocrx_word' id='word_1_389' title='bbox 3161 1877 3227 1951; x_wconf 84' lang='grc' dir='ltr'><strong>δή</strong></span> <span class='ocrx_word' id='word_1_390' title='bbox 3277 1900 3382 1935; x_wconf 89' lang='grc' dir='ltr'><strong>που</strong></span> <span class='ocrx_word' id='word_1_391' title='bbox 3439 1881 3538 1949; x_wconf 80' lang='grc' dir='ltr'>τὴν</span> <span class='ocrx_word' id='word_1_392' title='bbox 3604 1885 3703 1954; x_wconf 79' lang='grc' dir='ltr'>γῆν</span> <span class='ocrx_word' id='word_1_393' title='bbox 3762 1886 3883 1943; x_wconf 88' lang='grc' dir='ltr'>τοῖς</span> 
     </span>
    </p>
   </div>
   <div class='ocr_carea' id='block_1_58' title="bbox 2242 1965 3884 2046">
    <p class='ocr_par' dir='ltr' id='par_1_58' title="bbox 2242 1965 3884 2046">
     <span class='ocr_line' id='line_1_58' title="bbox 2242 1965 3884 2046; baseline -0.001 -21"><span class='ocrx_word' id='word_1_394' title='bbox 2242 1976 2493 2046; x_wconf 81' lang='grc' dir='ltr'>κρουνοῖς</span> <span class='ocrx_word' id='word_1_395' title='bbox 2542 1974 2649 2025; x_wconf 85' lang='grc' dir='ltr'><strong>τῶν</strong></span> <span class='ocrx_word' id='word_1_396' title='bbox 2702 1971 2942 2040; x_wconf 72' lang='grc' dir='ltr'>αἱμάτων</span> <span class='ocrx_word' id='word_1_397' title='bbox 2990 1968 3334 2041; x_wconf 75' lang='grc' dir='ltr'>μολύνεσθαι.</span> <span class='ocrx_word' id='word_1_398' title='bbox 3370 1969 3642 2043; x_wconf 80' lang='grc' dir='ltr'>Διακόψας</span> <span class='ocrx_word' id='word_1_399' title='bbox 3686 1965 3743 2024; x_wconf 75' lang='grc' dir='ltr'>δὶ</span> <span class='ocrx_word' id='word_1_400' title='bbox 3791 1970 3884 2024; x_wconf 82' lang='grc' dir='ltr'><strong>καὶ</strong></span> 
     </span>
    </p>
   </div>
   <div class='ocr_carea' id='block_1_59' title="bbox 2246 2053 3880 2134">
    <p class='ocr_par' dir='ltr' id='par_1_59' title="bbox 2246 2053 3880 2134">
     <span class='ocr_line' id='line_1_59' title="bbox 2246 2053 3880 2134; baseline 0 -21"><span class='ocrx_word' id='word_1_401' title='bbox 2246 2060 2462 2134; x_wconf 79' lang='grc' dir='ltr'>βαθείας</span> <span class='ocrx_word' id='word_1_402' title='bbox 2520 2057 2706 2118; x_wconf 80' lang='grc' dir='ltr'>αὐταῖς</span> <span class='ocrx_word' id='word_1_403' title='bbox 2756 2057 2993 2130; x_wconf 70' lang='grc' dir='ltr'>ἐντεμὼν</span> <span class='ocrx_word' id='word_1_404' title='bbox 3042 2054 3281 2120; x_wconf 70' lang='grc' dir='ltr'>αὔλακας</span> <span class='ocrx_word' id='word_1_405' title='bbox 3330 2053 3621 2133; x_wconf 78' lang='grc' dir='ltr'>τριϐόλους</span> <span class='ocrx_word' id='word_1_406' title='bbox 3652 2055 3880 2129; x_wconf 80' lang='grc' dir='ltr'>σιδηρᾶς</span> 
     </span>
    </p>
   </div>
   <div class='ocr_carea' id='block_1_60' title="bbox 2247 2144 3884 2224">
    <p class='ocr_par' dir='ltr' id='par_1_60' title="bbox 2247 2144 3884 2224">
     <span class='ocr_line' id='line_1_60' title="bbox 2247 2144 3884 2224; baseline -0.001 -21"><span class='ocrx_word' id='word_1_407' title='bbox 2247 2146 2646 2223; x_wconf 81' lang='grc' dir='ltr'>ὑποστρώννυσι</span> <span class='ocrx_word' id='word_1_408' title='bbox 2690 2146 2823 2201; x_wconf 77' lang='grc' dir='ltr'>κατὰ</span> <span class='ocrx_word' id='word_1_409' title='bbox 2860 2151 2956 2201; x_wconf 77' lang='grc' dir='ltr'><strong>τοῦ</strong></span> <span class='ocrx_word' id='word_1_410' title='bbox 3004 2144 3253 2224; x_wconf 77' lang='grc' dir='ltr'>ἐδάφους,</span> <span class='ocrx_word' id='word_1_411' title='bbox 3305 2147 3415 2202; x_wconf 76' lang='grc' dir='ltr'>εἶτα</span> <span class='ocrx_word' id='word_1_412' title='bbox 3460 2148 3667 2220; x_wconf 89' lang='grc' dir='ltr'>γυμνὸς</span> <span class='ocrx_word' id='word_1_413' title='bbox 3715 2148 3743 2202; x_wconf 86' lang='grc' dir='ltr'><strong>ὁ</strong></span> <span class='ocrx_word' id='word_1_414' title='bbox 3792 2148 3884 2202; x_wconf 87' lang='grc' dir='ltr'><strong>τὸν</strong></span> 
     </span>
    </p>
   </div>
   <div class='ocr_carea' id='block_1_61' title="bbox 2246 2232 3884 2311">
    <p class='ocr_par' dir='ltr' id='par_1_61' title="bbox 2246 2232 3884 2311">
     <span class='ocr_line' id='line_1_61' title="bbox 2246 2232 3884 2311; baseline -0.001 -20"><span class='ocrx_word' id='word_1_415' title='bbox 2246 2238 2480 2311; x_wconf 84' lang='grc' dir='ltr'>Χριστὸν</span> <span class='ocrx_word' id='word_1_416' title='bbox 2537 2234 2667 2291; x_wconf 83' lang='grc' dir='ltr'>ὅλον</span> <span class='ocrx_word' id='word_1_417' title='bbox 2726 2232 3071 2308; x_wconf 70' lang='grc' dir='ltr'>ἐνδεδυμένος</span> <span class='ocrx_word' id='word_1_418' title='bbox 3109 2234 3204 2309; x_wconf 82' lang='grc' dir='ltr'>Ιέπ⁹</span> <span class='ocrx_word' id='word_1_419' title='bbox 3260 2236 3440 2291; x_wconf 80' lang='grc' dir='ltr'>αὐτῶν</span> <span class='ocrx_word' id='word_1_420' title='bbox 3500 2233 3732 2290; x_wconf 76' lang='grc' dir='ltr'>εἹλκετο.</span> <span class='ocrx_word' id='word_1_421' title='bbox 3793 2236 3884 2292; x_wconf 87' lang='grc' dir='ltr'>Ἐν</span> 
     </span>
    </p>
   </div>
   <div class='ocr_carea' id='block_1_62' title="bbox 2245 2322 3887 2401">
    <p class='ocr_par' dir='ltr' id='par_1_62' title="bbox 2245 2322 3887 2401">
     <span class='ocr_line' id='line_1_62' title="bbox 2245 2322 3887 2401; baseline -0.001 -21"><span class='ocrx_word' id='word_1_422' title='bbox 2245 2328 2357 2398; x_wconf 87' lang='grc' dir='ltr'><strong>ὅσῳ</strong></span> <span class='ocrx_word' id='word_1_423' title='bbox 2390 2322 2445 2380; x_wconf 72' lang='grc' dir='ltr'>δὲ</span> <span class='ocrx_word' id='word_1_424' title='bbox 2475 2325 2632 2381; x_wconf 82' lang='grc' dir='ltr'>αὐτὸν</span> <span class='ocrx_word' id='word_1_425' title='bbox 2662 2326 2715 2379; x_wconf 71' lang='grc' dir='ltr'>αἱ</span> <span class='ocrx_word' id='word_1_426' title='bbox 2744 2329 2850 2380; x_wconf 88' lang='grc' dir='ltr'><strong>τῶν</strong></span> <span class='ocrx_word' id='word_1_427' title='bbox 2898 2322 3113 2399; x_wconf 78' lang='grc' dir='ltr'>δημίων</span> <span class='ocrx_word' id='word_1_428' title='bbox 3166 2330 3346 2401; x_wconf 85' lang='grc' dir='ltr'>χεῖρες</span> <span class='ocrx_word' id='word_1_429' title='bbox 3401 2325 3705 2400; x_wconf 87' lang='grc' dir='ltr'>πικρότατα</span> <span class='ocrx_word' id='word_1_430' title='bbox 3749 2325 3887 2381; x_wconf 83' lang='grc' dir='ltr'>κατᾶ</span> 
     </span>
    </p>
   </div>
   <div class='ocr_carea' id='block_1_63' title="bbox 2243 2409 3885 2489">
    <p class='ocr_par' dir='ltr' id='par_1_63' title="bbox 2243 2409 3885 2489">
     <span class='ocr_line' id='line_1_63' title="bbox 2243 2409 3885 2489; baseline 0.001 -20"><span class='ocrx_word' id='word_1_431' title='bbox 2243 2419 2350 2469; x_wconf 89' lang='grc' dir='ltr'><strong>τῶν</strong></span> <span class='ocrx_word' id='word_1_432' title='bbox 2408 2409 2681 2489; x_wconf 78' lang='grc' dir='ltr'>τριϐόλων</span> <span class='ocrx_word' id='word_1_433' title='bbox 2741 2414 2947 2483; x_wconf 72' lang='grc' dir='ltr'>εἷλκον,</span> <span class='ocrx_word' id='word_1_434' title='bbox 2980 2415 3007 2469; x_wconf 92' lang='lat'><strong>6</strong></span> <span class='ocrx_word' id='word_1_435' title='bbox 3069 2414 3165 2485; x_wconf 80' lang='grc' dir='ltr'>μὶν</span> <span class='ocrx_word' id='word_1_436' title='bbox 3222 2419 3303 2486; x_wconf 80' lang='grc' dir='ltr'>τῷ</span> <span class='ocrx_word' id='word_1_437' title='bbox 3350 2413 3537 2487; x_wconf 82' lang='grc' dir='ltr'>οἰκείῳ</span> <span class='ocrx_word' id='word_1_438' title='bbox 3585 2411 3885 2489; x_wconf 77' lang='grc' dir='ltr'>ἀρδόμενος</span> 
     </span>
    </p>
   </div>
   <div class='ocr_carea' id='block_1_64' title="bbox 2244 2501 3885 2581">
    <p class='ocr_par' dir='ltr' id='par_1_64' title="bbox 2244 2501 3885 2581">
     <span class='ocr_line' id='line_1_64' title="bbox 2244 2501 3885 2581; baseline 0 -24"><span class='ocrx_word' id='word_1_439' title='bbox 2244 2501 2457 2575; x_wconf 70' lang='grc' dir='ltr'>α’ίματι,</span> <span class='ocrx_word' id='word_1_440' title='bbox 2509 2504 2658 2572; x_wconf 79' lang='grc' dir='ltr'>ἤνθει</span> <span class='ocrx_word' id='word_1_441' title='bbox 2720 2502 2932 2575; x_wconf 75' lang='grc' dir='ltr'>μᾶλλον</span> <span class='ocrx_word' id='word_1_442' title='bbox 2986 2504 3121 2558; x_wconf 82' lang='grc' dir='ltr'>κατὰ</span> <span class='ocrx_word' id='word_1_443' title='bbox 3176 2503 3244 2558; x_wconf 78' lang='grc' dir='ltr'><strong>τὰ</strong></span> <span class='ocrx_word' id='word_1_444' title='bbox 3293 2501 3480 2578; x_wconf 79' lang='grc' dir='ltr'>εὐγενῆ</span> <span class='ocrx_word' id='word_1_445' title='bbox 3538 2508 3644 2558; x_wconf 89' lang='grc' dir='ltr'><strong>τῶν</strong></span> <span class='ocrx_word' id='word_1_446' title='bbox 3704 2509 3885 2581; x_wconf 85' lang='grc' dir='ltr'>φυτῶν</span> 
     </span>
    </p>
   </div>
   <div class='ocr_carea' id='block_1_65' title="bbox 2243 2592 3885 2669">
    <p class='ocr_par' dir='ltr' id='par_1_65' title="bbox 2243 2592 3885 2669">
     <span class='ocr_line' id='line_1_65' title="bbox 2243 2592 3885 2669; baseline 0 -20"><span class='ocrx_word' id='word_1_447' title='bbox 2243 2595 2333 2649; x_wconf 86' lang='grc' dir='ltr'><strong>καὶ</strong></span> <span class='ocrx_word' id='word_1_448' title='bbox 2381 2592 2666 2662; x_wconf 81' lang='grc' dir='ltr'>ἀνέθαλλε,</span> <span class='ocrx_word' id='word_1_449' title='bbox 2696 2595 2783 2648; x_wconf 87' lang='grc' dir='ltr'><strong>καὶ</strong></span> <span class='ocrx_word' id='word_1_450' title='bbox 2832 2598 2911 2664; x_wconf 80' lang='grc' dir='ltr'>τῷ</span> <span class='ocrx_word' id='word_1_451' title='bbox 2956 2600 3058 2663; x_wconf 83' lang='grc' dir='ltr'><strong>τῆς</strong></span> <span class='ocrx_word' id='word_1_452' title='bbox 3104 2594 3341 2655; x_wconf 89' lang='grc' dir='ltr'>πίστεως</span> <span class='ocrx_word' id='word_1_453' title='bbox 3380 2598 3577 2669; x_wconf 83' lang='grc' dir='ltr'>καρπῷ</span> <span class='ocrx_word' id='word_1_454' title='bbox 3632 2592 3885 2650; x_wconf 86' lang='grc' dir='ltr'>ἐπλεονα-</span> 
     </span>
    </p>
   </div>
   <div class='ocr_carea' id='block_1_66' title="bbox 2247 2681 3886 2761">
    <p class='ocr_par' dir='ltr' id='par_1_66' title="bbox 2247 2681 3886 2761">
     <span class='ocr_line' id='line_1_66' title="bbox 2247 2681 3886 2761; baseline 0 -23"><span class='ocrx_word' id='word_1_455' title='bbox 2247 2690 2347 2753; x_wconf 85' lang='grc' dir='ltr'>ζεν.</span> <span class='ocrx_word' id='word_1_456' title='bbox 2383 2684 2445 2741; x_wconf 87' lang='grc' dir='ltr'>Ὀ</span> <span class='ocrx_word' id='word_1_457' title='bbox 2502 2681 2559 2738; x_wconf 76' lang='grc' dir='ltr'>δὲ</span> <span class='ocrx_word' id='word_1_458' title='bbox 2599 2688 2709 2738; x_wconf 86' lang='grc' dir='ltr'><strong>1ῐοῦ</strong></span> <span class='ocrx_word' id='word_1_459' title='bbox 2758 2681 2899 2738; x_wconf 80' lang='grc' dir='ltr'>ἔστὶν</span> <span class='ocrx_word' id='word_1_460' title='bbox 2950 2684 2978 2737; x_wconf 87' lang='lat'><strong>6</strong></span> <span class='ocrx_word' id='word_1_461' title='bbox 3019 2683 3147 2744; x_wconf 88' lang='grc' dir='ltr'>Θεός</span> <span class='ocrx_word' id='word_1_462' title='bbox 3195 2703 3311 2738; x_wconf 90' lang='grc' dir='ltr'>σου.</span> <span class='ocrx_word' id='word_1_463' title='bbox 3357 2683 3649 2759; x_wconf 88' lang='grc' dir='ltr'>Γρηγόριε,</span> <span class='ocrx_word' id='word_1_464' title='bbox 3698 2682 3777 2761; x_wconf 80' lang='grc' dir='ltr'><strong>ἐφ’</strong></span> <span class='ocrx_word' id='word_1_465' title='bbox 3827 2685 3886 2739; x_wconf 82' lang='grc' dir='ltr'>ὃν</span> 
     </span>
    </p>
   </div>
   <div class='ocr_carea' id='block_1_67' title="bbox 2242 2770 3877 2846">
    <p class='ocr_par' dir='ltr' id='par_1_67' title="bbox 2242 2770 3877 2846">
     <span class='ocr_line' id='line_1_67' title="bbox 2242 2770 3877 2846; baseline -0.002 -18"><span class='ocrx_word' id='word_1_466' title='bbox 2242 2770 2522 2842; x_wconf 75' lang='grc' dir='ltr'>ἤλπισας;</span> <span class='ocrx_word' id='word_1_467' title='bbox 2570 2771 2805 2830; x_wconf 77' lang='grc' dir='ltr'>Ἐλθέτω</span> <span class='ocrx_word' id='word_1_468' title='bbox 2861 2776 2953 2826; x_wconf 77' lang='grc' dir='ltr'><strong>νῦν</strong></span> <span class='ocrx_word' id='word_1_469' title='bbox 3011 2772 3099 2827; x_wconf 84' lang='grc' dir='ltr'><strong>καὶ</strong></span> <span class='ocrx_word' id='word_1_470' title='bbox 3157 2776 3265 2827; x_wconf 86' lang='grc' dir='ltr'><strong>τῶν</strong></span> <span class='ocrx_word' id='word_1_471' title='bbox 3334 2770 3483 2844; x_wconf 82' lang='grc' dir='ltr'>ἐμῶν</span> <span class='ocrx_word' id='word_1_472' title='bbox 3530 2793 3587 2828; x_wconf 90' lang='grc' dir='ltr'><strong>σε</strong></span> <span class='ocrx_word' id='word_1_473' title='bbox 3635 2773 3877 2846; x_wconf 80' lang='grc' dir='ltr'>ῥυσάσθω</span> 
     </span>
    </p>
   </div>
   <div class='ocr_carea' id='block_1_68' title="bbox 2247 2858 3873 2936">
    <p class='ocr_par' dir='ltr' id='par_1_68' title="bbox 2247 2858 3873 2936">
     <span class='ocr_line' id='line_1_68' title="bbox 2247 2858 3873 2936; baseline 0 -21"><span class='ocrx_word' id='word_1_474' title='bbox 2247 2865 2472 2936; x_wconf 88' lang='grc' dir='ltr'>χειρῶν.</span> <span class='ocrx_word' id='word_1_475' title='bbox 2504 2862 2565 2919; x_wconf 91' lang='grc' dir='ltr'>Ὁ</span> <span class='ocrx_word' id='word_1_476' title='bbox 2615 2862 2710 2935; x_wconf 82' lang='grc' dir='ltr'>μὶν</span> <span class='ocrx_word' id='word_1_477' title='bbox 2766 2859 2856 2916; x_wconf 81' lang='grc' dir='ltr'><strong>οὗν</strong></span> <span class='ocrx_word' id='word_1_478' title='bbox 2904 2860 3048 2916; x_wconf 73' lang='grc' dir='ltr'>οὕτω</span> <span class='ocrx_word' id='word_1_479' title='bbox 3097 2858 3186 2916; x_wconf 85' lang='grc' dir='ltr'><strong>διὰ</strong></span> <span class='ocrx_word' id='word_1_480' title='bbox 3234 2866 3420 2917; x_wconf 81' lang='grc' dir='ltr'>πασῶν</span> <span class='ocrx_word' id='word_1_481' title='bbox 3480 2860 3651 2918; x_wconf 86' lang='grc' dir='ltr'>ἐλθὼν</span> <span class='ocrx_word' id='word_1_482' title='bbox 3703 2882 3873 2934; x_wconf 48' lang='grc' dir='ltr'>τιμω.</span> 
     </span>
    </p>
   </div>
   <div class='ocr_carea' id='block_1_69' title="bbox 2244 2950 3884 3029">
    <p class='ocr_par' dir='ltr' id='par_1_69' title="bbox 2244 2950 3884 3029">
     <span class='ocr_line' id='line_1_69' title="bbox 2244 2950 3884 3029; baseline 0.001 -24"><span class='ocrx_word' id='word_1_483' title='bbox 2244 2956 2375 3026; x_wconf 87' lang='grc' dir='ltr'>ριῶν</span> <span class='ocrx_word' id='word_1_484' title='bbox 2427 2952 2519 3007; x_wconf 79' lang='grc' dir='ltr'><strong>καὶ</strong></span> <span class='ocrx_word' id='word_1_485' title='bbox 2574 2953 2886 3025; x_wconf 85' lang='grc' dir='ltr'>κακώσεων,</span> <span class='ocrx_word' id='word_1_486' title='bbox 2939 2953 3027 3007; x_wconf 86' lang='grc' dir='ltr'><strong>καὶ</strong></span> <span class='ocrx_word' id='word_1_487' title='bbox 3104 2953 3231 3026; x_wconf 82' lang='grc' dir='ltr'>ῥᾷον</span> <span class='ocrx_word' id='word_1_488' title='bbox 3309 2950 3542 3029; x_wconf 80' lang='grc' dir='ltr'>ἐνεγκὼν</span> <span class='ocrx_word' id='word_1_489' title='bbox 3615 2950 3807 3013; x_wconf 71' lang='grc' dir='ltr'>ταύτας</span> <span class='ocrx_word' id='word_1_490' title='bbox 3849 2951 3884 3019; x_wconf 75' lang='grc' dir='ltr'><strong>ἢ</strong></span> 
     </span>
    </p>
   </div>
   <div class='ocr_carea' id='block_1_70' title="bbox 2241 3038 3882 3116">
    <p class='ocr_par' dir='ltr' id='par_1_70' title="bbox 2241 3038 3882 3116">
     <span class='ocr_line' id='line_1_70' title="bbox 2241 3038 3882 3116; baseline -0.001 -21"><span class='ocrx_word' id='word_1_491' title='bbox 2241 3041 2336 3103; x_wconf 71' lang='grc' dir='ltr'><strong>τὰς</strong></span> <span class='ocrx_word' id='word_1_492' title='bbox 2384 3038 2583 3110; x_wconf 81' lang='grc' dir='ltr'>ἡδονὰς</span> <span class='ocrx_word' id='word_1_493' title='bbox 2633 3038 2832 3116; x_wconf 67' lang='grc' dir='ltr'>ἕτεροι,</span> <span class='ocrx_word' id='word_1_494' title='bbox 2863 3043 2952 3097; x_wconf 82' lang='grc' dir='ltr'><strong>καὶ</strong></span> <span class='ocrx_word' id='word_1_495' title='bbox 3000 3042 3173 3103; x_wconf 87' lang='grc' dir='ltr'>πάσας</span> <span class='ocrx_word' id='word_1_496' title='bbox 3205 3038 3446 3115; x_wconf 81' lang='grc' dir='ltr'>ἐλέγξας,</span> <span class='ocrx_word' id='word_1_497' title='bbox 3476 3039 3629 3106; x_wconf 74' lang='grc' dir='ltr'>αὖθις</span> <span class='ocrx_word' id='word_1_498' title='bbox 3656 3046 3725 3115; x_wconf 85' lang='grc' dir='ltr'><strong>τῇ</strong></span> <span class='ocrx_word' id='word_1_499' title='bbox 3775 3039 3882 3116; x_wconf 79' lang='grc' dir='ltr'>είρ·</span> 
     </span>
    </p>
   </div>
   <div class='ocr_carea' id='block_1_71' title="bbox 2244 3128 2613 3206">
    <p class='ocr_par' dir='ltr' id='par_1_71' title="bbox 2244 3128 2613 3206">
     <span class='ocr_line' id='line_1_71' title="bbox 2244 3128 2613 3206; baseline 0.005 -19"><span class='ocrx_word' id='word_1_500' title='bbox 2244 3134 2347 3206; x_wconf 80' lang='grc' dir='ltr'><strong>κτῇ</strong></span> <span class='ocrx_word' id='word_1_501' title='bbox 2381 3128 2613 3189; x_wconf 82' lang='grc' dir='ltr'>δίδοται.</span> 
     </span>
    </p>
   </div>
   <div class='ocr_carea' id='block_1_72' title="bbox 2317 3217 3877 3295">
    <p class='ocr_par' dir='ltr' id='par_1_72' title="bbox 2317 3217 3877 3295">
     <span class='ocr_line' id='line_1_72' title="bbox 2317 3217 3877 3295; baseline -0.002 -19"><span class='ocrx_word' id='word_1_502' title='bbox 2317 3226 2415 3278; x_wconf 84' lang='grc' dir='ltr'><strong>ῙΔ¹.</strong></span> <span class='ocrx_word' id='word_1_503' title='bbox 2458 3224 2575 3289; x_wconf 79' lang='grc' dir='ltr'><strong>Τῆς</strong></span> <span class='ocrx_word' id='word_1_504' title='bbox 2633 3219 2689 3276; x_wconf 72' lang='grc' dir='ltr'>δὲ</span> <span class='ocrx_word' id='word_1_505' title='bbox 2746 3222 3007 3293; x_wconf 74' lang='grc' dir='ltr'>ἐπιούσης</span> <span class='ocrx_word' id='word_1_506' title='bbox 3086 3221 3422 3295; x_wconf 86' lang='grc' dir='ltr'>μετάκλητον</span> <span class='ocrx_word' id='word_1_507' title='bbox 3493 3219 3650 3275; x_wconf 76' lang='grc' dir='ltr'>αὐτὸν</span> <span class='ocrx_word' id='word_1_508' title='bbox 3708 3217 3877 3274; x_wconf 86' lang='grc' dir='ltr'>πάλιν</span> 
     </span>
    </p>
   </div>
   <div class='ocr_carea' id='block_1_73' title="bbox 2247 3306 3886 3384">
    <p class='ocr_par' dir='ltr' id='par_1_73' title="bbox 2247 3306 3886 3384">
     <span class='ocr_line' id='line_1_73' title="bbox 2247 3306 3886 3384; baseline 0.002 -22"><span class='ocrx_word' id='word_1_509' title='bbox 2247 3309 2615 3382; x_wconf 86' lang='grc' dir='ltr'>ποιησάμενος</span> <span class='ocrx_word' id='word_1_510' title='bbox 2666 3306 3004 3384; x_wconf 87' lang='grc' dir='ltr'>Τηριδάτης,</span> <span class='ocrx_word' id='word_1_511' title='bbox 3035 3312 3110 3372; x_wconf 83' lang='grc' dir='ltr'>ὡς</span> <span class='ocrx_word' id='word_1_512' title='bbox 3159 3310 3253 3365; x_wconf 78' lang='grc' dir='ltr'><strong>σὺν</strong></span> <span class='ocrx_word' id='word_1_513' title='bbox 3290 3308 3560 3384; x_wconf 77' lang='grc' dir='ltr'>προθυμίᾳ</span> <span class='ocrx_word' id='word_1_514' title='bbox 3603 3306 3695 3362; x_wconf 87' lang='grc' dir='ltr'><strong>καὶ</strong></span> <span class='ocrx_word' id='word_1_515' title='bbox 3749 3310 3886 3380; x_wconf 75' lang='grc' dir='ltr'>μετὰ</span> 
     </span>
    </p>
   </div>
   <div class='ocr_carea' id='block_1_74' title="bbox 2248 3397 3888 3474">
    <p class='ocr_par' dir='ltr' id='par_1_74' title="bbox 2248 3397 3888 3474">
     <span class='ocr_line' id='line_1_74' title="bbox 2248 3397 3888 3474; baseline 0 -22"><span class='ocrx_word' id='word_1_516' title='bbox 2248 3398 2504 3469; x_wconf 85' lang='grc' dir='ltr'>σώματος</span> <span class='ocrx_word' id='word_1_517' title='bbox 2564 3398 2752 3469; x_wconf 79' lang='grc' dir='ltr'>ὑγιοῦς</span> <span class='ocrx_word' id='word_1_518' title='bbox 2809 3400 3156 3474; x_wconf 74' lang='grc' dir='ltr'>παραστάντα</span> <span class='ocrx_word' id='word_1_519' title='bbox 3216 3397 3345 3467; x_wconf 71' lang='grc' dir='ltr'>εἶδε,</span> <span class='ocrx_word' id='word_1_520' title='bbox 3400 3398 3489 3452; x_wconf 83' lang='grc' dir='ltr'><strong>καὶ</strong></span> <span class='ocrx_word' id='word_1_521' title='bbox 3545 3400 3711 3451; x_wconf 75' lang='grc' dir='ltr'>ταῦτα</span> <span class='ocrx_word' id='word_1_522' title='bbox 3764 3403 3888 3459; x_wconf 91' lang='grc' dir='ltr'>ταῖς</span> 
     </span>
    </p>
   </div>
   <div class='ocr_carea' id='block_1_75' title="bbox 2251 3486 3890 3563">
    <p class='ocr_par' dir='ltr' id='par_1_75' title="bbox 2251 3486 3890 3563">
     <span class='ocr_line' id='line_1_75' title="bbox 2251 3486 3890 3563; baseline 0 -22"><span class='ocrx_word' id='word_1_523' title='bbox 2251 3489 2501 3563; x_wconf 77' lang='grc' dir='ltr'>βασάνοις</span> <span class='ocrx_word' id='word_1_524' title='bbox 2558 3486 2706 3560; x_wconf 83' lang='grc' dir='ltr'><strong>αὐτῷ</strong></span> <span class='ocrx_word' id='word_1_525' title='bbox 2760 3487 2856 3553; x_wconf 69' lang='grc' dir='ltr'>τῆς</span> <span class='ocrx_word' id='word_1_526' title='bbox 2920 3489 3115 3563; x_wconf 90' lang='grc' dir='ltr'>σαρκὸς</span> <span class='ocrx_word' id='word_1_527' title='bbox 3174 3487 3673 3563; x_wconf 83' lang='grc' dir='ltr'>προαναλωθείσης,</span> <span class='ocrx_word' id='word_1_528' title='bbox 3732 3487 3890 3552; x_wconf 82' lang='grc' dir='ltr'>ἐθαύ-</span> 
     </span>
    </p>
   </div>
   <div class='ocr_carea' id='block_1_76' title="bbox 2252 3573 3888 3653">
    <p class='ocr_par' dir='ltr' id='par_1_76' title="bbox 2252 3573 3888 3653">
     <span class='ocr_line' id='line_1_76' title="bbox 2252 3573 3888 3653; baseline -0.001 -22"><span class='ocrx_word' id='word_1_529' title='bbox 2252 3581 2385 3649; x_wconf 87' lang='grc' dir='ltr'>μαζε</span> <span class='ocrx_word' id='word_1_530' title='bbox 2445 3576 2539 3651; x_wconf 75' lang='grc' dir='ltr'><strong>μὶν</strong></span> <span class='ocrx_word' id='word_1_531' title='bbox 2599 3573 2681 3653; x_wconf 86' lang='grc' dir='ltr'><strong>ἐφ’</strong></span> <span class='ocrx_word' id='word_1_532' title='bbox 2736 3577 2932 3633; x_wconf 70' lang='grc' dir='ltr'>ἑαυτοῦ</span> <span class='ocrx_word' id='word_1_533' title='bbox 3006 3580 3095 3633; x_wconf 79' lang='grc' dir='ltr'><strong>καὶ</strong></span> <span class='ocrx_word' id='word_1_534' title='bbox 3155 3576 3495 3648; x_wconf 79' lang='grc' dir='ltr'>διηπορεῖτο,</span> <span class='ocrx_word' id='word_1_535' title='bbox 3552 3574 3700 3638; x_wconf 89' lang='grc' dir='ltr'>ὅπως</span> <span class='ocrx_word' id='word_1_536' title='bbox 3758 3576 3888 3651; x_wconf 78' lang='grc' dir='ltr'>οὐχὶ</span> 
     </span>
    </p>
   </div>
   <div class='ocr_carea' id='block_1_77' title="bbox 2247 3664 3884 3740">
    <p class='ocr_par' dir='ltr' id='par_1_77' title="bbox 2247 3664 3884 3740">
     <span class='ocr_line' id='line_1_77' title="bbox 2247 3664 3884 3740; baseline 0.001 -20"><span class='ocrx_word' id='word_1_537' title='bbox 2247 3665 2336 3720; x_wconf 90' lang='grc' dir='ltr'>καὶ</span> <span class='ocrx_word' id='word_1_538' title='bbox 2393 3667 2455 3721; x_wconf 86' lang='grc' dir='ltr'>τὸ</span> <span class='ocrx_word' id='word_1_539' title='bbox 2513 3667 2759 3722; x_wconf 85' lang='grc' dir='ltr'>ἀναπνεῖν</span> <span class='ocrx_word' id='word_1_540' title='bbox 2818 3666 2979 3723; x_wconf 83' lang='grc' dir='ltr'>αὐτὸν</span> <span class='ocrx_word' id='word_1_541' title='bbox 3041 3667 3175 3740; x_wconf 86' lang='grc' dir='ltr'><strong>μετά</strong></span> <span class='ocrx_word' id='word_1_542' title='bbox 3228 3673 3337 3722; x_wconf 81' lang='grc' dir='ltr'><strong>τῶν</strong></span> <span class='ocrx_word' id='word_1_543' title='bbox 3376 3671 3585 3740; x_wconf 80' lang='grc' dir='ltr'>σαρκῶν</span> <span class='ocrx_word' id='word_1_544' title='bbox 3615 3664 3884 3722; x_wconf 80' lang='grc' dir='ltr'>ἐπιλίποι.</span> 
     </span>
    </p>
   </div>
   <div class='ocr_carea' id='block_1_78' title="bbox 2246 3750 3885 3830">
    <p class='ocr_par' dir='ltr' id='par_1_78' title="bbox 2246 3750 3885 3830">
     <span class='ocr_line' id='line_1_78' title="bbox 2246 3750 3885 3830; baseline -0.001 -19"><span class='ocrx_word' id='word_1_545' title='bbox 2246 3757 2307 3811; x_wconf 85' lang='grc' dir='ltr'><strong><em>Ἢ</em></strong></span> <span class='ocrx_word' id='word_1_546' title='bbox 2358 3750 2477 3830; x_wconf 78' lang='grc' dir='ltr'>ἔχις</span> <span class='ocrx_word' id='word_1_547' title='bbox 2536 3753 2593 3811; x_wconf 73' lang='grc' dir='ltr'>δὶ</span> <span class='ocrx_word' id='word_1_548' title='bbox 2639 3757 2730 3811; x_wconf 86' lang='grc' dir='ltr'>τὸν</span> <span class='ocrx_word' id='word_1_549' title='bbox 2782 3755 2863 3812; x_wconf 61' lang='lat' dir='ltr'><strong>te»</strong></span> <span class='ocrx_word' id='word_1_550' title='bbox 2915 3756 3013 3812; x_wconf 79' lang='grc' dir='ltr'>οὐκ</span> <span class='ocrx_word' id='word_1_551' title='bbox 3059 3757 3353 3826; x_wconf 84' lang='grc' dir='ltr'>ἀπωθεῖτο,</span> <span class='ocrx_word' id='word_1_552' title='bbox 3388 3754 3512 3811; x_wconf 63' lang='grc' dir='ltr'>οὐδὲ</span> <span class='ocrx_word' id='word_1_553' title='bbox 3549 3758 3584 3825; x_wconf 82' lang='grc' dir='ltr'><strong>ἡ</strong></span> <span class='ocrx_word' id='word_1_554' title='bbox 3618 3752 3885 3830; x_wconf 83' lang='grc' dir='ltr'>πάρδαλις</span> 
     </span>
    </p>
   </div>
   <div class='ocr_carea' id='block_1_79' title="bbox 497 3838 2134 3920">
    <p class='ocr_par' dir='ltr' id='par_1_79' title="bbox 497 3838 2134 3904">
     <span class='ocr_line' id='line_1_79' title="bbox 497 3838 2134 3904; baseline 0.007 -11"><span class='ocrx_word' id='word_1_555' title='bbox 497 3840 611 3894; x_wconf 91' lang='lat' dir='ltr'><strong>dus</strong></span> <span class='ocrx_word' id='word_1_556' title='bbox 640 3838 881 3894; x_wconf 82' lang='lat' dir='ltr'><strong>exuebat</strong></span> <span class='ocrx_word' id='word_1_557' title='bbox 910 3840 1249 3897; x_wconf 87' lang='lat' dir='ltr'><strong>varietates:</strong></span> <span class='ocrx_word' id='word_1_558' title='bbox 1283 3845 1381 3899; x_wconf 89' lang='lat' dir='ltr'><strong>sed</strong></span> <span class='ocrx_word' id='word_1_559' title='bbox 1424 3844 1617 3903; x_wconf 81' lang='lat' dir='ltr'><strong>adhuc</strong></span> <span class='ocrx_word' id='word_1_560' title='bbox 1664 3846 1815 3903; x_wconf 91' lang='lat' dir='ltr'><strong>idem</strong></span> <span class='ocrx_word' id='word_1_561' title='bbox 1866 3850 2134 3904; x_wconf 88' lang='lat' dir='ltr'><strong>manebat</strong></span> 
     </span>
    </p>
   </div>
   <div class='ocr_carea' id='block_1_80' title="bbox 2245 3838 3884 3920">
    <p class='ocr_par' dir='ltr' id='par_1_80' title="bbox 2245 3842 3884 3920">
     <span class='ocr_line' id='line_1_80' title="bbox 2245 3842 3884 3920; baseline 0.001 -22"><span class='ocrx_word' id='word_1_562' title='bbox 2245 3842 2509 3900; x_wconf 81' lang='grc' dir='ltr'>ἀπεδόετο</span> <span class='ocrx_word' id='word_1_563' title='bbox 2538 3846 2604 3900; x_wconf 83' lang='grc' dir='ltr'><strong>τὰ</strong></span> <span class='ocrx_word' id='word_1_564' title='bbox 2635 3846 2976 3920; x_wconf 84' lang='grc' dir='ltr'>ποικίλματα</span> <span class='ocrx_word' id='word_1_565' title='bbox 3010 3866 3020 3879; x_wconf 89' lang='grc'><strong>·</strong></span> <span class='ocrx_word' id='word_1_566' title='bbox 3056 3845 3185 3901; x_wconf 88' lang='grc' dir='ltr'>ἀλλ’</span> <span class='ocrx_word' id='word_1_567' title='bbox 3215 3848 3243 3901; x_wconf 91' lang='lat'><strong>6</strong></span> <span class='ocrx_word' id='word_1_568' title='bbox 3287 3845 3449 3908; x_wconf 80' lang='grc' dir='ltr'>αὐτὸς</span> <span class='ocrx_word' id='word_1_569' title='bbox 3502 3843 3658 3917; x_wconf 83' lang='grc' dir='ltr'>ἔμενε</span> <span class='ocrx_word' id='word_1_570' title='bbox 3705 3847 3884 3920; x_wconf 89' lang='grc' dir='ltr'>Τηρι-</span> 
     </span>
    </p>
   </div>
   <div class='ocr_carea' id='block_1_81' title="bbox 501 3925 2134 4008">
    <p class='ocr_par' dir='ltr' id='par_1_81' title="bbox 501 3925 2134 4001">
     <span class='ocr_line' id='line_1_81' title="bbox 501 3925 2134 4001; baseline 0.007 -20"><span class='ocrx_word' id='word_1_571' title='bbox 501 3925 818 3992; x_wconf 88' lang='lat' dir='ltr'><strong>Teridates,</strong></span> <span class='ocrx_word' id='word_1_572' title='bbox 860 3934 915 3982; x_wconf 91' lang='lat' dir='ltr'><strong>et</strong></span> <span class='ocrx_word' id='word_1_573' title='bbox 962 3926 1021 3981; x_wconf 92' lang='lat' dir='ltr'><strong>in</strong></span> <span class='ocrx_word' id='word_1_574' title='bbox 1072 3934 1381 4001; x_wconf 83' lang='lat' dir='ltr'><strong>martyrem</strong></span> <span class='ocrx_word' id='word_1_575' title='bbox 1443 3934 1706 3989; x_wconf 89' lang='lat' dir='ltr'><strong>eamdem</strong></span> <span class='ocrx_word' id='word_1_576' title='bbox 1764 3937 2134 3992; x_wconf 88' lang='lat' dir='ltr'><strong>conservabat</strong></span> 
     </span>
    </p>
   </div>
   <div class='ocr_carea' id='block_1_82' title="bbox 2245 3925 3883 4008">
    <p class='ocr_par' dir='ltr' id='par_1_82' title="bbox 2246 3930 3883 4008">
     <span class='ocr_line' id='line_1_82' title="bbox 2246 3930 3883 4008; baseline 0.001 -21"><span class='ocrx_word' id='word_1_577' title='bbox 2246 3930 2411 4004; x_wconf 86' lang='grc' dir='ltr'>δάτης</span> <span class='ocrx_word' id='word_1_578' title='bbox 2441 3932 2538 4000; x_wconf 75' lang='grc' dir='ltr'>ἔτι,</span> <span class='ocrx_word' id='word_1_579' title='bbox 2570 3935 2659 3989; x_wconf 80' lang='grc' dir='ltr'><strong>καὶ</strong></span> <span class='ocrx_word' id='word_1_580' title='bbox 2716 3936 2815 4004; x_wconf 75' lang='grc' dir='ltr'>τήν</span> <span class='ocrx_word' id='word_1_581' title='bbox 2874 3934 3041 4004; x_wconf 69' lang='grc' dir='ltr'>αὑτὴν</span> <span class='ocrx_word' id='word_1_582' title='bbox 3091 3934 3353 4008; x_wconf 84' lang='grc' dir='ltr'>ὠμότητα</span> <span class='ocrx_word' id='word_1_583' title='bbox 3400 3932 3480 4007; x_wconf 79' lang='grc' dir='ltr'>τῷ</span> <span class='ocrx_word' id='word_1_584' title='bbox 3525 3933 3754 4008; x_wconf 80' lang='grc' dir='ltr'>μάρτυρι</span> <span class='ocrx_word' id='word_1_585' title='bbox 3794 3933 3883 3989; x_wconf 82' lang='grc' dir='ltr'><strong>καὶ</strong></span> 
     </span>
    </p>
   </div>
   <div class='ocr_carea' id='block_1_83' title="bbox 498 4014 2134 4098">
    <p class='ocr_par' dir='ltr' id='par_1_83' title="bbox 498 4014 2134 4095">
     <span class='ocr_line' id='line_1_83' title="bbox 498 4014 2134 4095; baseline 0.007 -26"><span class='ocrx_word' id='word_1_586' title='bbox 498 4014 777 4070; x_wconf 72' lang='lat' dir='ltr'><strong>saavitiam</strong></span> <span class='ocrx_word' id='word_1_587' title='bbox 827 4019 883 4070; x_wconf 90' lang='lat' dir='ltr'><strong>et</strong></span> <span class='ocrx_word' id='word_1_588' title='bbox 925 4014 1437 4078; x_wconf 88' lang='lat' dir='ltr'><strong>inhumanitatem.</strong></span> <span class='ocrx_word' id='word_1_589' title='bbox 1477 4022 1621 4078; x_wconf 90' lang='lat' dir='ltr'><strong>Cum</strong></span> <span class='ocrx_word' id='word_1_590' title='bbox 1678 4038 1816 4095; x_wconf 87' lang='lat' dir='ltr'><strong>ergo</strong></span> <span class='ocrx_word' id='word_1_591' title='bbox 1870 4040 2005 4079; x_wconf 90' lang='lat' dir='ltr'><strong>eum</strong></span> <span class='ocrx_word' id='word_1_592' title='bbox 2053 4024 2134 4081; x_wconf 90' lang='lat' dir='ltr'><strong>sic</strong></span> 
     </span>
    </p>
   </div>
   <div class='ocr_carea' id='block_1_84' title="bbox 2245 4014 3885 4098">
    <p class='ocr_par' dir='ltr' id='par_1_84' title="bbox 2245 4020 3885 4098">
     <span class='ocr_line' id='line_1_84' title="bbox 2245 4020 3885 4098; baseline 0 -22"><span class='ocrx_word' id='word_1_593' title='bbox 2245 4024 2341 4092; x_wconf 81' lang='grc' dir='ltr'><strong>τήν</strong></span> <span class='ocrx_word' id='word_1_594' title='bbox 2376 4024 2763 4098; x_wconf 84' lang='grc' dir='ltr'>ἀπανθρωπίαν</span> <span class='ocrx_word' id='word_1_595' title='bbox 2803 4022 3008 4097; x_wconf 88' lang='grc' dir='ltr'>ἐτήρει.</span> <span class='ocrx_word' id='word_1_596' title='bbox 3041 4022 3200 4081; x_wconf 74' lang='grc' dir='ltr'>Οὕτω</span> <span class='ocrx_word' id='word_1_597' title='bbox 3248 4029 3429 4078; x_wconf 88' lang='grc' dir='ltr'>τοίνυν</span> <span class='ocrx_word' id='word_1_598' title='bbox 3476 4022 3638 4077; x_wconf 80' lang='grc' dir='ltr'>αὐτὸν</span> <span class='ocrx_word' id='word_1_599' title='bbox 3685 4020 3885 4096; x_wconf 78' lang='grc' dir='ltr'>ἔχοντα</span> 
     </span>
    </p>
   </div>
   <div class='ocr_carea' id='block_1_85' title="bbox 496 4103 2136 4186">
    <p class='ocr_par' dir='ltr' id='par_1_85' title="bbox 496 4103 2136 4186">
     <span class='ocr_line' id='line_1_85' title="bbox 496 4103 2136 4186; baseline 0.009 -28"><span class='ocrx_word' id='word_1_600' title='bbox 496 4103 735 4159; x_wconf 88' lang='lat' dir='ltr'><strong>vidisset</strong></span> <span class='ocrx_word' id='word_1_601' title='bbox 782 4104 1074 4173; x_wconf 76' lang='lat' dir='ltr'><strong>affectum,</strong></span> <span class='ocrx_word' id='word_1_602' title='bbox 1108 4122 1179 4163; x_wconf 90' lang='lat' dir='ltr'><strong>ne</strong></span> <span class='ocrx_word' id='word_1_603' title='bbox 1210 4108 1293 4164; x_wconf 92' lang='lat' dir='ltr'><strong>sic</strong></span> <span class='ocrx_word' id='word_1_604' title='bbox 1334 4110 1570 4181; x_wconf 73' lang='lat' dir='ltr'><strong>quidem</strong></span> <span class='ocrx_word' id='word_1_605' title='bbox 1620 4112 1965 4184; x_wconf 88' lang='lat' dir='ltr'><strong>desperabat</strong></span> <span class='ocrx_word' id='word_1_606' title='bbox 2010 4115 2136 4186; x_wconf 87' lang='lat' dir='ltr'><strong>ejus</strong></span> 
     </span>
    </p>
   </div>
   <div class='ocr_carea' id='block_1_86' title="bbox 494 4192 2135 4261">
    <p class='ocr_par' dir='ltr' id='par_1_86' title="bbox 494 4192 2135 4261">
     <span class='ocr_line' id='line_1_86' title="bbox 494 4192 2135 4261; baseline 0.009 -14"><span class='ocrx_word' id='word_1_607' title='bbox 494 4192 872 4249; x_wconf 83' lang='lat' dir='ltr'><strong>mutationem</strong></span> <span class='ocrx_word' id='word_1_608' title='bbox 902 4210 915 4248; x_wconf 88' lang='lat'><strong>:</strong></span> <span class='ocrx_word' id='word_1_609' title='bbox 949 4194 1050 4250; x_wconf 88' lang='lat' dir='ltr'><strong>sed</strong></span> <span class='ocrx_word' id='word_1_610' title='bbox 1081 4198 1468 4256; x_wconf 83' lang='lat' dir='ltr'><strong>contendebat</strong></span> <span class='ocrx_word' id='word_1_611' title='bbox 1496 4201 1715 4257; x_wconf 91' lang='lat' dir='ltr'><strong>stultus</strong></span> <span class='ocrx_word' id='word_1_612' title='bbox 1746 4202 1973 4260; x_wconf 89' lang='lat' dir='ltr'><strong>vincere</strong></span> <span class='ocrx_word' id='word_1_613' title='bbox 2005 4206 2135 4261; x_wconf 87' lang='lat' dir='ltr'><strong>ani-</strong></span> 
     </span>
    </p>
   </div>
   <div class='ocr_carea' id='block_1_87' title="bbox 496 4281 2136 4355">
    <p class='ocr_par' dir='ltr' id='par_1_87' title="bbox 496 4281 2136 4355">
     <span class='ocr_line' id='line_1_87' title="bbox 496 4281 2136 4355; baseline 0.01 -21"><span class='ocrx_word' id='word_1_614' title='bbox 496 4297 649 4335; x_wconf 89' lang='lat' dir='ltr'><strong>mam</strong></span> <span class='ocrx_word' id='word_1_615' title='bbox 682 4281 1154 4355; x_wconf 89' lang='lat' dir='ltr'><strong>insuperabilem.</strong></span> <span class='ocrx_word' id='word_1_616' title='bbox 1176 4286 1339 4345; x_wconf 90' lang='lat' dir='ltr'><strong>Unde</strong></span> <span class='ocrx_word' id='word_1_617' title='bbox 1369 4291 1540 4346; x_wconf 86' lang='lat' dir='ltr'><strong>etiam</strong></span> <span class='ocrx_word' id='word_1_618' title='bbox 1573 4308 1705 4347; x_wconf 89' lang='lat' dir='ltr'><strong>cum</strong></span> <span class='ocrx_word' id='word_1_619' title='bbox 1738 4292 1938 4349; x_wconf 83' lang='lat' dir='ltr'><strong>ferreis</strong></span> <span class='ocrx_word' id='word_1_620' title='bbox 1971 4294 2136 4350; x_wconf 87' lang='lat' dir='ltr'><strong>tibia-</strong></span> 
     </span>
    </p>
   </div>
   <div class='ocr_carea' id='block_1_88' title="bbox 496 4368 2132 4454">
    <p class='ocr_par' dir='ltr' id='par_1_88' title="bbox 496 4368 2132 4454">
     <span class='ocr_line' id='line_1_88' title="bbox 496 4368 2132 4454; baseline 0.01 -32"><span class='ocrx_word' id='word_1_621' title='bbox 496 4368 649 4425; x_wconf 91' lang='lat' dir='ltr'><strong>libus</strong></span> <span class='ocrx_word' id='word_1_622' title='bbox 684 4370 848 4427; x_wconf 89' lang='lat' dir='ltr'><strong>heata</strong></span> <span class='ocrx_word' id='word_1_623' title='bbox 869 4373 996 4443; x_wconf 87' lang='lat' dir='ltr'><strong>ejus</strong></span> <span class='ocrx_word' id='word_1_624' title='bbox 1025 4374 1311 4432; x_wconf 90' lang='lat' dir='ltr'><strong>induisset</strong></span> <span class='ocrx_word' id='word_1_625' title='bbox 1338 4395 1546 4447; x_wconf 87' lang='lat' dir='ltr'><strong>genua,</strong></span> <span class='ocrx_word' id='word_1_626' title='bbox 1570 4389 1624 4435; x_wconf 93' lang='lat' dir='ltr'><strong>et</strong></span> <span class='ocrx_word' id='word_1_627' title='bbox 1646 4381 1871 4448; x_wconf 87' lang='lat' dir='ltr'><strong>cuneis,</strong></span> <span class='ocrx_word' id='word_1_628' title='bbox 1896 4384 1999 4454; x_wconf 91' lang='lat' dir='ltr'><strong>qui</strong></span> <span class='ocrx_word' id='word_1_629' title='bbox 2022 4383 2132 4454; x_wconf 88' lang='lat' dir='ltr'><strong>ipsi</strong></span> 
     </span>
    </p>
   </div>
   <div class='ocr_carea' id='block_1_89' title="bbox 495 4464 2132 4540">
    <p class='ocr_par' dir='ltr' id='par_1_89' title="bbox 495 4464 2132 4540">
     <span class='ocr_line' id='line_1_89' title="bbox 495 4464 2132 4540; baseline 0.009 -27"><span class='ocrx_word' id='word_1_630' title='bbox 495 4474 725 4530; x_wconf 90' lang='lat' dir='ltr'><strong>quoque</strong></span> <span class='ocrx_word' id='word_1_631' title='bbox 752 4466 919 4516; x_wconf 89' lang='lat' dir='ltr'><strong>erant</strong></span> <span class='ocrx_word' id='word_1_632' title='bbox 951 4464 1141 4529; x_wconf 83' lang='lat' dir='ltr'><strong>ferrei,</strong></span> <span class='ocrx_word' id='word_1_633' title='bbox 1164 4481 1231 4519; x_wconf 87' lang='lat' dir='ltr'><strong>ea</strong></span> <span class='ocrx_word' id='word_1_634' title='bbox 1253 4468 1703 4537; x_wconf 86' lang='lat' dir='ltr'><strong>transadegisset</strong></span> <span class='ocrx_word' id='word_1_635' title='bbox 1724 4487 1790 4526; x_wconf 92' lang='lat' dir='ltr'><strong>ac</strong></span> <span class='ocrx_word' id='word_1_636' title='bbox 1813 4471 2132 4540; x_wconf 81' lang='lat' dir='ltr'><strong>ﬁbulasset,</strong></span> 
     </span>
    </p>
   </div>
   <div class='ocr_carea' id='block_1_90' title="bbox 2246 4106 3884 4186">
    <p class='ocr_par' dir='ltr' id='par_1_90' title="bbox 2246 4106 3884 4186">
     <span class='ocr_line' id='line_1_90' title="bbox 2246 4106 3884 4186; baseline 0.001 -21"><span class='ocrx_word' id='word_1_637' title='bbox 2246 4108 2396 4180; x_wconf 81' lang='grc' dir='ltr'>ἰδὼν,</span> <span class='ocrx_word' id='word_1_638' title='bbox 2428 4108 2555 4166; x_wconf 74' lang='grc' dir='ltr'>οὐδὲ</span> <span class='ocrx_word' id='word_1_639' title='bbox 2610 4110 2760 4167; x_wconf 64' lang='grc' dir='ltr'>οὕτω</span> <span class='ocrx_word' id='word_1_640' title='bbox 2815 4113 2915 4179; x_wconf 79' lang='grc' dir='ltr'><strong>τήν</strong></span> <span class='ocrx_word' id='word_1_641' title='bbox 2978 4106 3288 4185; x_wconf 74' lang='grc' dir='ltr'>μεταϐολήν</span> <span class='ocrx_word' id='word_1_642' title='bbox 3351 4110 3710 4186; x_wconf 83' lang='grc' dir='ltr'>ἀπηγόρευεν,</span> <span class='ocrx_word' id='word_1_643' title='bbox 3759 4110 3884 4166; x_wconf 85' lang='grc' dir='ltr'>ἀλλ’</span> 
     </span>
    </p>
   </div>
   <div class='ocr_carea' id='block_1_91' title="bbox 2242 4198 3884 4278">
    <p class='ocr_par' dir='ltr' id='par_1_91' title="bbox 2242 4198 3884 4278">
     <span class='ocr_line' id='line_1_91' title="bbox 2242 4198 3884 4278; baseline -0.001 -22"><span class='ocrx_word' id='word_1_644' title='bbox 2242 4199 2563 4278; x_wconf 76' lang='grc' dir='ltr'>ἐφιλονείκει</span> <span class='ocrx_word' id='word_1_645' title='bbox 2625 4201 2653 4254; x_wconf 89' lang='lat'><strong>6</strong></span> <span class='ocrx_word' id='word_1_646' title='bbox 2713 4201 3251 4276; x_wconf 79' lang='grc' dir='ltr'>μάταιος,κρείττων</span> <span class='ocrx_word' id='word_1_647' title='bbox 3307 4198 3551 4273; x_wconf 75' lang='grc' dir='ltr'>γενέσθαι</span> <span class='ocrx_word' id='word_1_648' title='bbox 3609 4206 3712 4268; x_wconf 86' lang='grc' dir='ltr'><strong>τῆς</strong></span> <span class='ocrx_word' id='word_1_649' title='bbox 3760 4199 3884 4269; x_wconf 85' lang='grc' dir='ltr'>ἀητ-</span> 
     </span>
    </p>
   </div>
   <div class='ocr_carea' id='block_1_92' title="bbox 2240 4284 3880 4363">
    <p class='ocr_par' dir='ltr' id='par_1_92' title="bbox 2240 4284 3880 4363">
     <span class='ocr_line' id='line_1_92' title="bbox 2240 4284 3880 4363; baseline -0.002 -19"><span class='ocrx_word' id='word_1_650' title='bbox 2240 4291 2409 4360; x_wconf 79' lang='grc' dir='ltr'>τήτου</span> <span class='ocrx_word' id='word_1_651' title='bbox 2439 4292 2652 4363; x_wconf 84' lang='grc' dir='ltr'>ψυχῆς.</span> <span class='ocrx_word' id='word_1_652' title='bbox 2699 4291 2855 4347; x_wconf 89' lang='grc' dir='ltr'>Ὅθεν</span> <span class='ocrx_word' id='word_1_653' title='bbox 2905 4289 2994 4344; x_wconf 85' lang='grc' dir='ltr'><strong>καὶ</strong></span> <span class='ocrx_word' id='word_1_654' title='bbox 3045 4286 3273 4363; x_wconf 77' lang='grc' dir='ltr'>σιδηρᾶς</span> <span class='ocrx_word' id='word_1_655' title='bbox 3318 4284 3719 4362; x_wconf 86' lang='grc' dir='ltr'>περικνημῖδας</span> <span class='ocrx_word' id='word_1_656' title='bbox 3766 4292 3880 4350; x_wconf 90' lang='grc' dir='ltr'>τοῖς</span> 
     </span>
    </p>
   </div>
   <div class='ocr_carea' id='block_1_93' title="bbox 2246 4372 3881 4457">
    <p class='ocr_par' dir='ltr' id='par_1_93' title="bbox 2246 4372 3881 4457">
     <span class='ocr_line' id='line_1_93' title="bbox 2246 4372 3881 4457; baseline -0.002 -23"><span class='ocrx_word' id='word_1_657' title='bbox 2246 4378 2531 4452; x_wconf 86' lang='grc' dir='ltr'>μακαρίοις</span> <span class='ocrx_word' id='word_1_658' title='bbox 2581 4378 2746 4435; x_wconf 76' lang='grc' dir='ltr'>αὐτοῦ</span> <span class='ocrx_word' id='word_1_659' title='bbox 2798 4378 3010 4457; x_wconf 86' lang='grc' dir='ltr'>γόνασιν</span> <span class='ocrx_word' id='word_1_660' title='bbox 3062 4372 3342 4453; x_wconf 77' lang='grc' dir='ltr'>ἐμϐαλὼν,</span> <span class='ocrx_word' id='word_1_661' title='bbox 3391 4378 3481 4431; x_wconf 88' lang='grc' dir='ltr'><strong>καὶ</strong></span> <span class='ocrx_word' id='word_1_662' title='bbox 3540 4376 3881 4453; x_wconf 85' lang='grc' dir='ltr'>σφηνίσκοις,</span> 
     </span>
    </p>
   </div>
   <div class='ocr_carea' id='block_1_94' title="bbox 2242 4464 3882 4543">
    <p class='ocr_par' dir='ltr' id='par_1_94' title="bbox 2242 4464 3882 4543">
     <span class='ocr_line' id='line_1_94' title="bbox 2242 4464 3882 4543; baseline -0.001 -21"><span class='ocrx_word' id='word_1_663' title='bbox 2242 4465 2470 4542; x_wconf 81' lang='grc' dir='ltr'>σιδήρου</span> <span class='ocrx_word' id='word_1_664' title='bbox 2528 4468 2617 4523; x_wconf 84' lang='grc' dir='ltr'><strong>καὶ</strong></span> <span class='ocrx_word' id='word_1_665' title='bbox 2677 4469 2861 4532; x_wconf 76' lang='grc' dir='ltr'>αὐτοῖς</span> <span class='ocrx_word' id='word_1_666' title='bbox 2920 4469 3039 4524; x_wconf 81' lang='grc' dir='ltr'>οὖσι</span> <span class='ocrx_word' id='word_1_667' title='bbox 3098 4466 3490 4543; x_wconf 86' lang='grc' dir='ltr'>διαπερονήσας</span> <span class='ocrx_word' id='word_1_668' title='bbox 3537 4464 3758 4537; x_wconf 80' lang='grc' dir='ltr'>ταύτας,</span> <span class='ocrx_word' id='word_1_669' title='bbox 3790 4465 3882 4521; x_wconf 86' lang='grc' dir='ltr'><strong>καὶ</strong></span> 
     </span>
    </p>
   </div>
   <div class='ocr_carea' id='block_1_95' title="bbox 491 4550 2134 4635">
    <p class='ocr_par' dir='ltr' id='par_1_95' title="bbox 491 4550 2129 4635">
     <span class='ocr_line' id='line_1_95' title="bbox 491 4550 2129 4635; baseline 0.011 -36"><span class='ocrx_word' id='word_1_670' title='bbox 491 4552 546 4599; x_wconf 90' lang='lat' dir='ltr'><strong>et</strong></span> <span class='ocrx_word' id='word_1_671' title='bbox 605 4551 911 4635; x_wconf 79' lang='lat' dir='ltr'><strong>martyrem</strong></span> <span class='ocrx_word' id='word_1_672' title='bbox 968 4550 1389 4620; x_wconf 90' lang='lat' dir='ltr'><strong>suspendisset,</strong></span> <span class='ocrx_word' id='word_1_673' title='bbox 1440 4558 1557 4609; x_wconf 90' lang='lat' dir='ltr'><strong>tres</strong></span> <span class='ocrx_word' id='word_1_674' title='bbox 1612 4560 1763 4612; x_wconf 90' lang='lat' dir='ltr'><strong>totos</strong></span> <span class='ocrx_word' id='word_1_675' title='bbox 1820 4559 1941 4614; x_wconf 89' lang='lat' dir='ltr'><strong>dies</strong></span> <span class='ocrx_word' id='word_1_676' title='bbox 1997 4576 2129 4617; x_wconf 91' lang='lat' dir='ltr'><strong>eum</strong></span> 
     </span>
    </p>
   </div>
   <div class='ocr_carea' id='block_1_96' title="bbox 2245 4550 3883 4635">
    <p class='ocr_par' dir='ltr' id='par_1_96' title="bbox 2245 4555 3883 4635">
     <span class='ocr_line' id='line_1_96' title="bbox 2245 4555 3883 4635; baseline -0.002 -20"><span class='ocrx_word' id='word_1_677' title='bbox 2245 4561 2329 4615; x_wconf 85' lang='grc' dir='ltr'>τὸν</span> <span class='ocrx_word' id='word_1_678' title='bbox 2392 4560 2640 4635; x_wconf 87' lang='grc' dir='ltr'>μάρτυρα</span> <span class='ocrx_word' id='word_1_679' title='bbox 2695 4560 2994 4634; x_wconf 85' lang='grc' dir='ltr'>κρεμάσας,</span> <span class='ocrx_word' id='word_1_680' title='bbox 3026 4559 3105 4622; x_wconf 75' lang='grc' dir='ltr'>εἷς</span> <span class='ocrx_word' id='word_1_681' title='bbox 3162 4564 3307 4633; x_wconf 83' lang='grc' dir='ltr'>τρεῖς</span> <span class='ocrx_word' id='word_1_682' title='bbox 3356 4557 3487 4618; x_wconf 84' lang='grc' dir='ltr'>ὅλας</span> <span class='ocrx_word' id='word_1_683' title='bbox 3516 4555 3725 4632; x_wconf 75' lang='grc' dir='ltr'>ἡμέρας</span> <span class='ocrx_word' id='word_1_684' title='bbox 3785 4576 3883 4629; x_wconf 78' lang='grc' dir='ltr'>με·</span> 
     </span>
    </p>
   </div>
   <div class='ocr_carea' id='block_1_97' title="bbox 489 4633 2131 4714">
    <p class='ocr_par' dir='ltr' id='par_1_97' title="bbox 489 4633 2131 4714">
     <span class='ocr_line' id='line_1_97' title="bbox 489 4633 2131 4714; baseline 0.012 -26"><span class='ocrx_word' id='word_1_685' title='bbox 489 4633 678 4690; x_wconf 90' lang='lat' dir='ltr'><strong>tenuit</strong></span> <span class='ocrx_word' id='word_1_686' title='bbox 708 4634 1043 4693; x_wconf 86' lang='lat' dir='ltr'><strong>sublimem.</strong></span> <span class='ocrx_word' id='word_1_687' title='bbox 1067 4637 1169 4694; x_wconf 91' lang='lat' dir='ltr'><strong>Ille</strong></span> <span class='ocrx_word' id='word_1_688' title='bbox 1197 4642 1391 4695; x_wconf 89' lang='lat' dir='ltr'><strong>autem</strong></span> <span class='ocrx_word' id='word_1_689' title='bbox 1422 4645 1650 4700; x_wconf 87' lang='lat' dir='ltr'><strong>tantum</strong></span> <span class='ocrx_word' id='word_1_690' title='bbox 1682 4644 1898 4714; x_wconf 85' lang='lat' dir='ltr'><strong>aberat,</strong></span> <span class='ocrx_word' id='word_1_691' title='bbox 1931 4652 1995 4703; x_wconf 93' lang='lat' dir='ltr'><strong>ut</strong></span> <span class='ocrx_word' id='word_1_692' title='bbox 2024 4649 2131 4706; x_wconf 92' lang='lat' dir='ltr'><strong>hoc</strong></span> 
     </span>
    </p>
   </div>
   <div class='ocr_carea' id='block_1_98' title="bbox 488 4723 2131 4799">
    <p class='ocr_par' dir='ltr' id='par_1_98' title="bbox 488 4723 2131 4799">
     <span class='ocr_line' id='line_1_98' title="bbox 488 4723 2131 4799; baseline 0.012 -22"><span class='ocrx_word' id='word_1_693' title='bbox 488 4723 747 4780; x_wconf 84' lang='lat' dir='ltr'><strong>cruciatu</strong></span> <span class='ocrx_word' id='word_1_694' title='bbox 797 4741 966 4782; x_wconf 90' lang='lat' dir='ltr'><strong>secus</strong></span> <span class='ocrx_word' id='word_1_695' title='bbox 1015 4743 1192 4799; x_wconf 91' lang='lat' dir='ltr'><strong>quam</strong></span> <span class='ocrx_word' id='word_1_696' title='bbox 1242 4745 1583 4799; x_wconf 85' lang='lat' dir='ltr'><strong>generosum</strong></span> <span class='ocrx_word' id='word_1_697' title='bbox 1634 4733 1930 4793; x_wconf 88' lang='lat' dir='ltr'><strong>hominem</strong></span> <span class='ocrx_word' id='word_1_698' title='bbox 1968 4739 2131 4796; x_wconf 90' lang='lat' dir='ltr'><strong>decet</strong></span> 
     </span>
    </p>
   </div>
   <div class='ocr_carea' id='block_1_99' title="bbox 488 4810 2131 4894">
    <p class='ocr_par' dir='ltr' id='par_1_99' title="bbox 488 4810 2131 4894">
     <span class='ocr_line' id='line_1_99' title="bbox 488 4810 2131 4894; baseline 0.01 -27"><span class='ocrx_word' id='word_1_699' title='bbox 488 4810 837 4880; x_wconf 79' lang='lat' dir='ltr'><strong>afﬁceretur,</strong></span> <span class='ocrx_word' id='word_1_700' title='bbox 870 4823 969 4871; x_wconf 89' lang='lat' dir='ltr'><strong>aut</strong></span> <span class='ocrx_word' id='word_1_701' title='bbox 1017 4815 1450 4889; x_wconf 88' lang='lat' dir='ltr'><strong>obloqueretur,</strong></span> <span class='ocrx_word' id='word_1_702' title='bbox 1485 4824 1550 4876; x_wconf 92' lang='lat' dir='ltr'><strong>ut</strong></span> <span class='ocrx_word' id='word_1_703' title='bbox 1579 4826 1636 4878; x_wconf 91' lang='lat' dir='ltr'><strong>et</strong></span> <span class='ocrx_word' id='word_1_704' title='bbox 1665 4822 1793 4894; x_wconf 89' lang='lat' dir='ltr'><strong>ipsa</strong></span> <span class='ocrx_word' id='word_1_705' title='bbox 1840 4824 2131 4885; x_wconf 90' lang='lat' dir='ltr'><strong>videretur</strong></span> 
     </span>
    </p>
   </div>
   <div class='ocr_carea' id='block_1_100' title="bbox 488 4903 2128 4990">
    <p class='ocr_par' dir='ltr' id='par_1_100' title="bbox 488 4903 2128 4990">
     <span class='ocr_line' id='line_1_100' title="bbox 488 4903 2128 4990; baseline 0.011 -33"><span class='ocrx_word' id='word_1_706' title='bbox 488 4903 677 4960; x_wconf 91' lang='lat' dir='ltr'><strong>ridere</strong></span> <span class='ocrx_word' id='word_1_707' title='bbox 710 4912 1017 4977; x_wconf 89' lang='lat' dir='ltr'><strong>tormenta,</strong></span> <span class='ocrx_word' id='word_1_708' title='bbox 1051 4916 1104 4963; x_wconf 91' lang='lat' dir='ltr'><strong>et</strong></span> <span class='ocrx_word' id='word_1_709' title='bbox 1135 4924 1234 4965; x_wconf 87' lang='lat' dir='ltr'><strong>eos</strong></span> <span class='ocrx_word' id='word_1_710' title='bbox 1263 4910 1362 4981; x_wconf 90' lang='lat' dir='ltr'><strong>qui</strong></span> <span class='ocrx_word' id='word_1_711' title='bbox 1391 4910 1522 4985; x_wconf 87' lang='lat' dir='ltr'><strong>ipsa</strong></span> <span class='ocrx_word' id='word_1_712' title='bbox 1551 4912 1885 4987; x_wconf 68' lang='lat' dir='ltr'><strong>efferebant,</strong></span> <span class='ocrx_word' id='word_1_713' title='bbox 1918 4917 1967 4974; x_wconf 90' lang='lat' dir='ltr'><strong>si</strong></span> <span class='ocrx_word' id='word_1_714' title='bbox 1996 4935 2128 4990; x_wconf 85' lang='lat' dir='ltr'><strong>spe-</strong></span> 
     </span>
    </p>
   </div>
   <div class='ocr_carea' id='block_1_101' title="bbox 486 4994 2129 5064">
    <p class='ocr_par' dir='ltr' id='par_1_101' title="bbox 486 4994 2129 5064">
     <span class='ocr_line' id='line_1_101' title="bbox 486 4994 2129 5064; baseline 0.01 -17"><span class='ocrx_word' id='word_1_715' title='bbox 486 4996 684 5049; x_wconf 88' lang='lat' dir='ltr'><strong>rarent</strong></span> <span class='ocrx_word' id='word_1_716' title='bbox 740 4994 879 5064; x_wconf 85' lang='lat' dir='ltr'><strong>fore,</strong></span> <span class='ocrx_word' id='word_1_717' title='bbox 938 5004 1000 5051; x_wconf 92' lang='lat' dir='ltr'><strong>ut</strong></span> <span class='ocrx_word' id='word_1_718' title='bbox 1056 4995 1215 5055; x_wconf 89' lang='lat' dir='ltr'><strong>illius</strong></span> <span class='ocrx_word' id='word_1_719' title='bbox 1291 4999 1618 5060; x_wconf 87' lang='lat' dir='ltr'><strong>firmitatem</strong></span> <span class='ocrx_word' id='word_1_720' title='bbox 1671 5004 1730 5059; x_wconf 93' lang='lat' dir='ltr'><strong>in</strong></span> <span class='ocrx_word' id='word_1_721' title='bbox 1783 5007 2129 5063; x_wconf 89' lang='lat' dir='ltr'><strong>contrariam</strong></span> 
     </span>
    </p>
   </div>
   <div class='ocr_carea' id='block_1_102' title="bbox 489 5086 2127 5165">
    <p class='ocr_par' dir='ltr' id='par_1_102' title="bbox 489 5086 2127 5165">
     <span class='ocr_line' id='line_1_102' title="bbox 489 5086 2127 5165; baseline 0.01 -30"><span class='ocrx_word' id='word_1_722' title='bbox 489 5086 787 5138; x_wconf 84' lang='lat' dir='ltr'><strong>mutarent</strong></span> <span class='ocrx_word' id='word_1_723' title='bbox 824 5087 1192 5143; x_wconf 87' lang='lat' dir='ltr'><strong>sententiam.</strong></span> <span class='ocrx_word' id='word_1_724' title='bbox 1225 5087 1500 5147; x_wconf 86' lang='lat' dir='ltr'><strong>Pendenti</strong></span> <span class='ocrx_word' id='word_1_725' title='bbox 1532 5090 1911 5165; x_wconf 88' lang='lat' dir='ltr'><strong>itaquejusto</strong></span> <span class='ocrx_word' id='word_1_726' title='bbox 1938 5114 1951 5152; x_wconf 89' lang='lat'><strong>:</strong></span> <span class='ocrx_word' id='word_1_727' title='bbox 1975 5094 2127 5151; x_wconf 88' lang='lat' dir='ltr'><strong>Non-</strong></span> 
     </span>
    </p>
   </div>
   <div class='ocr_carea' id='block_1_103' title="bbox 491 5168 2130 5249">
    <p class='ocr_par' dir='ltr' id='par_1_103' title="bbox 491 5168 2130 5249">
     <span class='ocr_line' id='line_1_103' title="bbox 491 5168 2130 5249; baseline 0.009 -26"><span class='ocrx_word' id='word_1_728' title='bbox 491 5168 629 5224; x_wconf 88' lang='lat' dir='ltr'><strong>dum</strong></span> <span class='ocrx_word' id='word_1_729' title='bbox 675 5172 930 5234; x_wconf 84' lang='lat' dir='ltr'><strong>sensisti.</strong></span> <span class='ocrx_word' id='word_1_730' title='bbox 964 5174 1196 5245; x_wconf 88' lang='lat' dir='ltr'><strong>Gregori</strong></span> <span class='ocrx_word' id='word_1_731' title='bbox 1248 5176 1442 5249; x_wconf 84' lang='lat' dir='ltr'><strong>irrquit</strong></span> <span class='ocrx_word' id='word_1_732' title='bbox 1486 5179 1795 5247; x_wconf 87' lang='lat' dir='ltr'><strong>Teridates,</strong></span> <span class='ocrx_word' id='word_1_733' title='bbox 1835 5192 1885 5238; x_wconf 92' lang='lat' dir='ltr'><strong>te</strong></span> <span class='ocrx_word' id='word_1_734' title='bbox 1914 5184 2130 5237; x_wconf 84' lang='lat' dir='ltr'><strong>frustra</strong></span> 
     </span>
    </p>
   </div>
   <div class='ocr_carea' id='block_1_104' title="bbox 489 5257 2129 5339">
    <p class='ocr_par' dir='ltr' id='par_1_104' title="bbox 489 5257 2129 5339">
     <span class='ocr_line' id='line_1_104' title="bbox 489 5257 2129 5339; baseline 0.007 -27"><span class='ocrx_word' id='word_1_735' title='bbox 489 5257 550 5313; x_wconf 86' lang='lat' dir='ltr'><strong>in</strong></span> <span class='ocrx_word' id='word_1_736' title='bbox 581 5264 698 5313; x_wconf 87' lang='lat' dir='ltr'><strong>Deo</strong></span> <span class='ocrx_word' id='word_1_737' title='bbox 728 5262 829 5315; x_wconf 84' lang='lat' dir='ltr'><strong>tuo</strong></span> <span class='ocrx_word' id='word_1_738' title='bbox 860 5262 1171 5319; x_wconf 83' lang='lat' dir='ltr'><strong>confidisse</strong></span> <span class='ocrx_word' id='word_1_739' title='bbox 1190 5266 1218 5319; x_wconf 87' lang='lat'>?</span> <span class='ocrx_word' id='word_1_740' title='bbox 1237 5272 1337 5321; x_wconf 85' lang='lat' dir='ltr'><strong>aut</strong></span> <span class='ocrx_word' id='word_1_741' title='bbox 1357 5267 1575 5339; x_wconf 90' lang='lat' dir='ltr'><strong>alioqui</strong></span> <span class='ocrx_word' id='word_1_742' title='bbox 1606 5270 1772 5325; x_wconf 90' lang='lat' dir='ltr'><strong>nobis</strong></span> <span class='ocrx_word' id='word_1_743' title='bbox 1798 5271 2055 5339; x_wconf 89' lang='lat' dir='ltr'><strong>ostende,</strong></span> <span class='ocrx_word' id='word_1_744' title='bbox 2080 5270 2129 5326; x_wconf 90' lang='lat' dir='ltr'><strong>si</strong></span> 
     </span>
    </p>
   </div>
   <div class='ocr_carea' id='block_1_105' title="bbox 488 5344 2127 5420">
    <p class='ocr_par' dir='ltr' id='par_1_105' title="bbox 488 5344 2127 5420">
     <span class='ocr_line' id='line_1_105' title="bbox 488 5344 2127 5420; baseline 0.012 -24"><span class='ocrx_word' id='word_1_745' title='bbox 488 5345 628 5414; x_wconf 89' lang='lat' dir='ltr'><strong>quid</strong></span> <span class='ocrx_word' id='word_1_746' title='bbox 660 5344 790 5400; x_wconf 88' lang='lat' dir='ltr'><strong>boni</strong></span> <span class='ocrx_word' id='word_1_747' title='bbox 814 5364 883 5403; x_wconf 81' lang='lat' dir='ltr'><strong>ex</strong></span> <span class='ocrx_word' id='word_1_748' title='bbox 905 5366 1007 5420; x_wconf 91' lang='lat' dir='ltr'><strong>spe</strong></span> <span class='ocrx_word' id='word_1_749' title='bbox 1031 5352 1086 5407; x_wconf 86' lang='lat' dir='ltr'><strong>in</strong></span> <span class='ocrx_word' id='word_1_750' title='bbox 1111 5353 1275 5409; x_wconf 92' lang='lat' dir='ltr'><strong>illum</strong></span> <span class='ocrx_word' id='word_1_751' title='bbox 1300 5371 1361 5411; x_wconf 90' lang='lat' dir='ltr'><strong>es</strong></span> <span class='ocrx_word' id='word_1_752' title='bbox 1384 5363 1743 5414; x_wconf 85' lang='lat' dir='ltr'><strong>consecutus.</strong></span> <span class='ocrx_word' id='word_1_753' title='bbox 1774 5358 1869 5414; x_wconf 90' lang='lat' dir='ltr'><strong>llle</strong></span> <span class='ocrx_word' id='word_1_754' title='bbox 1899 5364 2127 5415; x_wconf 88' lang='lat' dir='ltr'><strong>autem:</strong></span> 
     </span>
    </p>
   </div>
   <div class='ocr_carea' id='block_1_106' title="bbox 481 5431 2131 5517">
    <p class='ocr_par' dir='ltr' id='par_1_106' title="bbox 481 5431 2131 5517">
     <span class='ocr_line' id='line_1_106' title="bbox 481 5431 2131 5517; baseline 0.012 -34"><span class='ocrx_word' id='word_1_755' title='bbox 481 5433 553 5485; x_wconf 89' lang='lat' dir='ltr'><strong>At</strong></span> <span class='ocrx_word' id='word_1_756' title='bbox 581 5436 643 5484; x_wconf 90' lang='lat' dir='ltr'><strong>tu</strong></span> <span class='ocrx_word' id='word_1_757' title='bbox 673 5431 816 5502; x_wconf 88' lang='lat' dir='ltr'><strong>ipse,</strong></span> <span class='ocrx_word' id='word_1_758' title='bbox 850 5436 1059 5507; x_wconf 90' lang='lat' dir='ltr'><strong>inquit,</strong></span> <span class='ocrx_word' id='word_1_759' title='bbox 1092 5457 1153 5497; x_wconf 91' lang='lat' dir='ltr'><strong>es</strong></span> <span class='ocrx_word' id='word_1_760' title='bbox 1184 5441 1490 5513; x_wconf 91' lang='lat' dir='ltr'><strong>insipiens,</strong></span> <span class='ocrx_word' id='word_1_761' title='bbox 1520 5449 1576 5499; x_wconf 85' lang='lat' dir='ltr'><strong>et</strong></span> <span class='ocrx_word' id='word_1_762' title='bbox 1608 5450 1661 5500; x_wconf 91' lang='lat' dir='ltr'><strong>te</strong></span> <span class='ocrx_word' id='word_1_763' title='bbox 1704 5446 1873 5517; x_wconf 90' lang='lat' dir='ltr'><strong>plane</strong></span> <span class='ocrx_word' id='word_1_764' title='bbox 1921 5446 2131 5503; x_wconf 88' lang='lat' dir='ltr'><strong>stolide</strong></span> 
     </span>
    </p>
   </div>
   <div class='ocr_carea' id='block_1_107' title="bbox 486 5522 2130 5606">
    <p class='ocr_par' dir='ltr' id='par_1_107' title="bbox 486 5522 2130 5606">
     <span class='ocr_line' id='line_1_107' title="bbox 486 5522 2130 5606; baseline 0.012 -35"><span class='ocrx_word' id='word_1_765' title='bbox 486 5522 539 5571; x_wconf 92' lang='lat' dir='ltr'><strong>et</strong></span> <span class='ocrx_word' id='word_1_766' title='bbox 570 5523 838 5606; x_wconf 73' lang='lat' dir='ltr'><strong>amanter</strong></span> <span class='ocrx_word' id='word_1_767' title='bbox 866 5524 1034 5589; x_wconf 85' lang='lat' dir='ltr'><strong>geris,</strong></span> <span class='ocrx_word' id='word_1_768' title='bbox 1070 5528 1169 5597; x_wconf 90' lang='lat' dir='ltr'><strong>qui</strong></span> <span class='ocrx_word' id='word_1_769' title='bbox 1202 5530 1472 5585; x_wconf 81' lang='lat' dir='ltr'><strong>adversus</strong></span> <span class='ocrx_word' id='word_1_770' title='bbox 1501 5535 1555 5586; x_wconf 82' lang='lat' dir='ltr'><strong>te</strong></span> <span class='ocrx_word' id='word_1_771' title='bbox 1587 5532 1762 5589; x_wconf 81' lang='lat' dir='ltr'><strong>infers</strong></span> <span class='ocrx_word' id='word_1_772' title='bbox 1795 5538 1912 5589; x_wconf 83' lang='lat' dir='ltr'><strong>tam</strong></span> <span class='ocrx_word' id='word_1_773' title='bbox 1964 5550 2130 5606; x_wconf 83' lang='lat' dir='ltr'><strong>grave</strong></span> 
     </span>
    </p>
   </div>
   <div class='ocr_carea' id='block_1_108' title="bbox 477 5604 2131 5695">
    <p class='ocr_par' dir='ltr' id='par_1_108' title="bbox 477 5604 2131 5695">
     <span class='ocr_line' id='line_1_108' title="bbox 477 5604 2131 5695; baseline 0.013 -37"><span class='ocrx_word' id='word_1_774' title='bbox 477 5604 796 5675; x_wconf 87' lang='lat' dir='ltr'><strong>judicium,</strong></span> <span class='ocrx_word' id='word_1_775' title='bbox 821 5612 877 5663; x_wconf 83' lang='lat' dir='ltr'><strong>et</strong></span> <span class='ocrx_word' id='word_1_776' title='bbox 896 5610 1087 5678; x_wconf 75' lang='lat' dir='ltr'><strong>ignem</strong></span> <span class='ocrx_word' id='word_1_777' title='bbox 1120 5617 1399 5689; x_wconf 79' lang='lat' dir='ltr'><strong>gehennae</strong></span> <span class='ocrx_word' id='word_1_778' title='bbox 1434 5618 1491 5673; x_wconf 93' lang='lat' dir='ltr'><strong>in</strong></span> <span class='ocrx_word' id='word_1_779' title='bbox 1523 5624 1689 5676; x_wconf 90' lang='lat' dir='ltr'><strong>tuum</strong></span> <span class='ocrx_word' id='word_1_780' title='bbox 1723 5628 1895 5695; x_wconf 88' lang='lat' dir='ltr'><strong>caput</strong></span> <span class='ocrx_word' id='word_1_781' title='bbox 1928 5604 2131 5695; x_wconf 78' lang='lat' dir='ltr'><strong>conge-</strong></span> 
     </span>
    </p>
   </div>
   <div class='ocr_carea' id='block_1_109' title="bbox 2235 4645 3880 4725">
    <p class='ocr_par' dir='ltr' id='par_1_109' title="bbox 2235 4645 3880 4725">
     <span class='ocr_line' id='line_1_109' title="bbox 2235 4645 3880 4725; baseline -0.003 -21"><span class='ocrx_word' id='word_1_782' title='bbox 2235 4649 2439 4725; x_wconf 83' lang='grc' dir='ltr'>τέωρον</span> <span class='ocrx_word' id='word_1_783' title='bbox 2470 4649 2627 4704; x_wconf 86' lang='grc' dir='ltr'>αὐτὸν</span> <span class='ocrx_word' id='word_1_784' title='bbox 2662 4648 2832 4722; x_wconf 83' lang='grc' dir='ltr'>εἶχεν.</span> <span class='ocrx_word' id='word_1_785' title='bbox 2857 4648 2918 4704; x_wconf 90' lang='grc' dir='ltr'>Ὁ</span> <span class='ocrx_word' id='word_1_786' title='bbox 2949 4646 3008 4703; x_wconf 76' lang='grc' dir='ltr'>δὶ</span> <span class='ocrx_word' id='word_1_787' title='bbox 3052 4651 3313 4702; x_wconf 83' lang='grc' dir='ltr'>τοσοῦτον</span> <span class='ocrx_word' id='word_1_788' title='bbox 3370 4645 3567 4722; x_wconf 76' lang='grc' dir='ltr'>ἀπεῖχε</span> <span class='ocrx_word' id='word_1_789' title='bbox 3620 4648 3718 4700; x_wconf 78' lang='grc' dir='ltr'><strong>τοῦ</strong></span> <span class='ocrx_word' id='word_1_790' title='bbox 3773 4650 3880 4701; x_wconf 87' lang='grc' dir='ltr'><strong>τῶν</strong></span> 
     </span>
    </p>
   </div>
   <div class='ocr_carea' id='block_1_110' title="bbox 2235 4729 3877 4816">
    <p class='ocr_par' dir='ltr' id='par_1_110' title="bbox 2235 4729 3877 4816">
     <span class='ocr_line' id='line_1_110' title="bbox 2235 4729 3877 4816; baseline -0.004 -22"><span class='ocrx_word' id='word_1_791' title='bbox 2235 4738 2465 4816; x_wconf 82' lang='grc' dir='ltr'>ἀγεννῶν</span> <span class='ocrx_word' id='word_1_792' title='bbox 2510 4758 2560 4793; x_wconf 91' lang='grc' dir='ltr'><strong>τι</strong></span> <span class='ocrx_word' id='word_1_793' title='bbox 2612 4737 2747 4811; x_wconf 85' lang='grc' dir='ltr'>πρὸς</span> <span class='ocrx_word' id='word_1_794' title='bbox 2790 4738 2887 4805; x_wconf 78' lang='grc' dir='ltr'>τὴν</span> <span class='ocrx_word' id='word_1_795' title='bbox 2933 4736 3189 4806; x_wconf 79' lang='grc' dir='ltr'>τοιαύτην</span> <span class='ocrx_word' id='word_1_796' title='bbox 3253 4740 3442 4799; x_wconf 86' lang='grc' dir='ltr'>παθεῖν</span> <span class='ocrx_word' id='word_1_797' title='bbox 3502 4729 3803 4805; x_wconf 77' lang='grc' dir='ltr'>ἐπιϐουλὴν</span> <span class='ocrx_word' id='word_1_798' title='bbox 3841 4735 3877 4805; x_wconf 75' lang='grc' dir='ltr'><strong>ἢ</strong></span> 
     </span>
    </p>
   </div>
   <div class='ocr_carea' id='block_1_111' title="bbox 2232 4822 3876 4903">
    <p class='ocr_par' dir='ltr' id='par_1_111' title="bbox 2232 4822 3876 4903">
     <span class='ocr_line' id='line_1_111' title="bbox 2232 4822 3876 4903; baseline -0.002 -21"><span class='ocrx_word' id='word_1_799' title='bbox 2232 4829 2319 4883; x_wconf 81' lang='grc' dir='ltr'><strong>καὶ</strong></span> <span class='ocrx_word' id='word_1_800' title='bbox 2384 4825 2731 4903; x_wconf 68' lang='grc' dir='ltr'>φθέγξασθαι,</span> <span class='ocrx_word' id='word_1_801' title='bbox 2791 4823 2905 4897; x_wconf 85' lang='grc' dir='ltr'>ὅσῳ</span> <span class='ocrx_word' id='word_1_802' title='bbox 2960 4823 3051 4879; x_wconf 82' lang='grc' dir='ltr'><strong>καὶ</strong></span> <span class='ocrx_word' id='word_1_803' title='bbox 3107 4823 3407 4901; x_wconf 79' lang='grc' dir='ltr'>καταγελᾷν</span> <span class='ocrx_word' id='word_1_804' title='bbox 3467 4824 3624 4896; x_wconf 75' lang='grc' dir='ltr'>ἐῴκει</span> <span class='ocrx_word' id='word_1_805' title='bbox 3699 4822 3876 4880; x_wconf 77' lang='grc' dir='ltr'>αὐτῶν</span> 
     </span>
    </p>
   </div>
   <div class='ocr_carea' id='block_1_112' title="bbox 2231 4910 3879 4989">
    <p class='ocr_par' dir='ltr' id='par_1_112' title="bbox 2231 4910 3879 4989">
     <span class='ocr_line' id='line_1_112' title="bbox 2231 4910 3879 4989; baseline -0.002 -20"><span class='ocrx_word' id='word_1_806' title='bbox 2231 4934 2289 4969; x_wconf 90' lang='grc' dir='ltr'><strong>τε</strong></span> <span class='ocrx_word' id='word_1_807' title='bbox 2344 4918 2450 4969; x_wconf 86' lang='grc' dir='ltr'><strong>τῶν</strong></span> <span class='ocrx_word' id='word_1_808' title='bbox 2511 4910 2758 4987; x_wconf 87' lang='grc' dir='ltr'>βασάνων</span> <span class='ocrx_word' id='word_1_809' title='bbox 2794 4913 2882 4968; x_wconf 81' lang='grc' dir='ltr'>καὶ</span> <span class='ocrx_word' id='word_1_810' title='bbox 2912 4916 3023 4968; x_wconf 88' lang='grc' dir='ltr'><strong>τῶν</strong></span> <span class='ocrx_word' id='word_1_811' title='bbox 3052 4910 3363 4989; x_wconf 73' lang='grc' dir='ltr'>ἐπαγόντων</span> <span class='ocrx_word' id='word_1_812' title='bbox 3396 4911 3581 4983; x_wconf 76' lang='grc' dir='ltr'>αὐτὰς,</span> <span class='ocrx_word' id='word_1_813' title='bbox 3614 4910 3663 4967; x_wconf 80' lang='grc' dir='ltr'><strong>εἷ’</strong></span> <span class='ocrx_word' id='word_1_814' title='bbox 3689 4910 3879 4968; x_wconf 77' lang='grc' dir='ltr'>τοιού-</span> 
     </span>
    </p>
   </div>
   <div class='ocr_carea' id='block_1_113' title="bbox 2232 4998 3881 5079">
    <p class='ocr_par' dir='ltr' id='par_1_113' title="bbox 2232 4998 3881 5079">
     <span class='ocr_line' id='line_1_113' title="bbox 2232 4998 3881 5079; baseline -0.001 -22"><span class='ocrx_word' id='word_1_815' title='bbox 2232 5022 2348 5064; x_wconf 88' lang='grc' dir='ltr'>τοις</span> <span class='ocrx_word' id='word_1_816' title='bbox 2407 5000 2646 5070; x_wconf 72' lang='grc' dir='ltr'>ἤλπισαν</span> <span class='ocrx_word' id='word_1_817' title='bbox 2702 5002 2801 5069; x_wconf 82' lang='grc' dir='ltr'>τήν</span> <span class='ocrx_word' id='word_1_818' title='bbox 2849 4998 3057 5058; x_wconf 83' lang='grc' dir='ltr'>ἐκείνου</span> <span class='ocrx_word' id='word_1_819' title='bbox 3107 5001 3437 5079; x_wconf 71' lang='grc' dir='ltr'>στερρότητα</span> <span class='ocrx_word' id='word_1_820' title='bbox 3497 4998 3835 5073; x_wconf 83' lang='grc' dir='ltr'>μεταπείσειν</span> <span class='ocrx_word' id='word_1_821' title='bbox 3866 5018 3881 5033; x_wconf 89' lang='grc'><strong>·</strong></span> 
     </span>
    </p>
   </div>
   <div class='ocr_carea' id='block_1_114' title="bbox 2239 5087 3878 5167">
    <p class='ocr_par' dir='ltr' id='par_1_114' title="bbox 2239 5087 3878 5167">
     <span class='ocr_line' id='line_1_114' title="bbox 2239 5087 3878 5167; baseline -0.001 -23"><span class='ocrx_word' id='word_1_822' title='bbox 2239 5090 2570 5163; x_wconf 82' lang='grc' dir='ltr'>Κρεμαμένῳ</span> <span class='ocrx_word' id='word_1_823' title='bbox 2598 5089 2777 5146; x_wconf 72' lang='grc' dir='ltr'>τοίνυν</span> <span class='ocrx_word' id='word_1_824' title='bbox 2819 5095 2897 5163; x_wconf 83' lang='grc' dir='ltr'><strong>τῷ</strong></span> <span class='ocrx_word' id='word_1_825' title='bbox 2944 5112 3195 5167; x_wconf 88' lang='grc' dir='ltr'>γενναιῳ,</span> <span class='ocrx_word' id='word_1_826' title='bbox 3227 5088 3396 5150; x_wconf 72' lang='grc' dir='ltr'>Οὔπω</span> <span class='ocrx_word' id='word_1_827' title='bbox 3443 5087 3630 5165; x_wconf 77' lang='grc' dir='ltr'>ᾔσθου,</span> <span class='ocrx_word' id='word_1_828' title='bbox 3666 5088 3878 5164; x_wconf 78' lang='grc' dir='ltr'>Γρηγόο</span> 
     </span>
    </p>
   </div>
   <div class='ocr_carea' id='block_1_115' title="bbox 2238 5179 3879 5257">
    <p class='ocr_par' dir='ltr' id='par_1_115' title="bbox 2238 5179 3879 5257">
     <span class='ocr_line' id='line_1_115' title="bbox 2238 5179 3879 5257; baseline -0.009 -8"><span class='ocrx_word' id='word_1_829' title='bbox 2238 5200 2339 5254; x_wconf 75' lang='grc' dir='ltr'>ριεν</span> <span class='ocrx_word' id='word_1_830' title='bbox 2372 5180 2506 5255; x_wconf 77' lang='grc' dir='ltr'>φησὶ</span> <span class='ocrx_word' id='word_1_831' title='bbox 2538 5179 2871 5257; x_wconf 77' lang='grc' dir='ltr'>Τηριδάτης.</span> <span class='ocrx_word' id='word_1_832' title='bbox 2908 5184 3084 5256; x_wconf 83' lang='grc' dir='ltr'>μάτην</span> <span class='ocrx_word' id='word_1_833' title='bbox 3131 5184 3219 5239; x_wconf 76' lang='grc' dir='ltr'><strong>ἐπὶ</strong></span> <span class='ocrx_word' id='word_1_834' title='bbox 3264 5188 3343 5256; x_wconf 84' lang='grc' dir='ltr'><strong>τῷ</strong></span> <span class='ocrx_word' id='word_1_835' title='bbox 3396 5186 3476 5255; x_wconf 78' lang='grc' dir='ltr'>σῷ</span> <span class='ocrx_word' id='word_1_836' title='bbox 3522 5185 3637 5254; x_wconf 83' lang='grc' dir='ltr'><strong>Θεῷ</strong></span> <span class='ocrx_word' id='word_1_837' title='bbox 3686 5200 3879 5235; x_wconf 83' lang='grc' dir='ltr'>πεποι-</span> 
     </span>
    </p>
   </div>
   <div class='ocr_carea' id='block_1_116' title="bbox 2238 5267 3879 5348">
    <p class='ocr_par' dir='ltr' id='par_1_116' title="bbox 2238 5267 3879 5348">
     <span class='ocr_line' id='line_1_116' title="bbox 2238 5267 3879 5348; baseline 0.002 -26"><span class='ocrx_word' id='word_1_838' title='bbox 2238 5267 2377 5337; x_wconf 76' lang='grc' dir='ltr'>θώςς</span> <span class='ocrx_word' id='word_1_839' title='bbox 2404 5270 2438 5339; x_wconf 78' lang='grc' dir='ltr'><strong>ἢ</strong></span> <span class='ocrx_word' id='word_1_840' title='bbox 2473 5269 2622 5325; x_wconf 80' lang='grc' dir='ltr'>ἀλλὰ</span> <span class='ocrx_word' id='word_1_841' title='bbox 2653 5268 2823 5344; x_wconf 77' lang='grc' dir='ltr'>δεῖξον</span> <span class='ocrx_word' id='word_1_842' title='bbox 2852 5274 2989 5345; x_wconf 76' lang='grc' dir='ltr'>ἡμῖν</span> <span class='ocrx_word' id='word_1_843' title='bbox 3023 5270 3125 5329; x_wconf 79' lang='grc' dir='ltr'>εἷ’τι</span> <span class='ocrx_word' id='word_1_844' title='bbox 3166 5272 3407 5348; x_wconf 81' lang='grc' dir='ltr'>χρηστὸν</span> <span class='ocrx_word' id='word_1_845' title='bbox 3458 5277 3556 5339; x_wconf 80' lang='grc' dir='ltr'><strong>τῆς</strong></span> <span class='ocrx_word' id='word_1_846' title='bbox 3606 5267 3687 5326; x_wconf 69' lang='grc' dir='ltr'><strong>ἐπ’</strong></span> <span class='ocrx_word' id='word_1_847' title='bbox 3717 5268 3879 5327; x_wconf 74' lang='grc' dir='ltr'>αὐτὸν</span> 
     </span>
    </p>
   </div>
   <div class='ocr_carea' id='block_1_117' title="bbox 2238 5354 3883 5428">
    <p class='ocr_par' dir='ltr' id='par_1_117' title="bbox 2238 5354 3883 5428">
     <span class='ocr_line' id='line_1_117' title="bbox 2238 5354 3883 5428; baseline 0.002 -18"><span class='ocrx_word' id='word_1_848' title='bbox 2238 5354 2459 5419; x_wconf 81' lang='grc' dir='ltr'>ἐλπίδος</span> <span class='ocrx_word' id='word_1_849' title='bbox 2490 5356 2817 5423; x_wconf 85' lang='grc' dir='ltr'>ἀπέλαυσας.</span> <span class='ocrx_word' id='word_1_850' title='bbox 2855 5362 2914 5419; x_wconf 90' lang='grc' dir='ltr'>Ὀ</span> <span class='ocrx_word' id='word_1_851' title='bbox 2964 5358 3021 5416; x_wconf 72' lang='grc' dir='ltr'><strong>δί</strong></span> <span class='ocrx_word' id='word_1_852' title='bbox 3054 5380 3067 5394; x_wconf 90' lang='grc'><strong>·</strong></span> <span class='ocrx_word' id='word_1_853' title='bbox 3120 5362 3363 5425; x_wconf 86' lang='grc' dir='ltr'>Μάταιος</span> <span class='ocrx_word' id='word_1_854' title='bbox 3414 5361 3577 5421; x_wconf 75' lang='grc' dir='ltr'>αὐτὸς</span> <span class='ocrx_word' id='word_1_855' title='bbox 3626 5360 3689 5428; x_wconf 76' lang='grc' dir='ltr'><strong>εἴ,</strong></span> <span class='ocrx_word' id='word_1_856' title='bbox 3722 5359 3883 5424; x_wconf 77' lang='grc' dir='ltr'>εὐθὺς</span> 
     </span>
    </p>
   </div>
   <div class='ocr_carea' id='block_1_118' title="bbox 2238 5445 3879 5526">
    <p class='ocr_par' dir='ltr' id='par_1_118' title="bbox 2238 5445 3879 5526">
     <span class='ocr_line' id='line_1_118' title="bbox 2238 5445 3879 5526; baseline 0.002 -28"><span class='ocrx_word' id='word_1_857' title='bbox 2238 5445 2588 5519; x_wconf 80' lang='grc' dir='ltr'>ἀπεκρίνατο,</span> <span class='ocrx_word' id='word_1_858' title='bbox 2648 5449 2736 5503; x_wconf 81' lang='grc' dir='ltr'><strong>καὶ</strong></span> <span class='ocrx_word' id='word_1_859' title='bbox 2796 5449 2933 5526; x_wconf 83' lang='grc' dir='ltr'><strong>πέρα</strong></span> <span class='ocrx_word' id='word_1_860' title='bbox 2988 5451 3079 5505; x_wconf 84' lang='grc' dir='ltr'>καὶ</span> <span class='ocrx_word' id='word_1_861' title='bbox 3147 5449 3312 5519; x_wconf 77' lang='grc' dir='ltr'>αὐτῆς</span> <span class='ocrx_word' id='word_1_862' title='bbox 3370 5448 3731 5523; x_wconf 79' lang='grc' dir='ltr'>ματαιότητος</span> <span class='ocrx_word' id='word_1_863' title='bbox 3786 5447 3879 5502; x_wconf 84' lang='grc' dir='ltr'><strong>καὶ</strong></span> 
     </span>
    </p>
   </div>
   <div class='ocr_carea' id='block_1_119' title="bbox 2237 5534 3879 5618">
    <p class='ocr_par' dir='ltr' id='par_1_119' title="bbox 2237 5534 3879 5618">
     <span class='ocr_line' id='line_1_119' title="bbox 2237 5534 3879 5618; baseline 0.002 -29"><span class='ocrx_word' id='word_1_864' title='bbox 2237 5534 2499 5602; x_wconf 86' lang='grc' dir='ltr'>ἀπονοίας</span> <span class='ocrx_word' id='word_1_865' title='bbox 2528 5538 2595 5593; x_wconf 77' lang='grc' dir='ltr'>τὰ</span> <span class='ocrx_word' id='word_1_866' title='bbox 2624 5540 2691 5593; x_wconf 82' lang='grc' dir='ltr'><strong>σά</strong></span> <span class='ocrx_word' id='word_1_867' title='bbox 2739 5544 2911 5614; x_wconf 89' lang='grc' dir='ltr'>κρῖμα</span> <span class='ocrx_word' id='word_1_868' title='bbox 2954 5539 3199 5618; x_wconf 85' lang='grc' dir='ltr'>χαλεπὸν</span> <span class='ocrx_word' id='word_1_869' title='bbox 3246 5539 3389 5595; x_wconf 76' lang='grc' dir='ltr'>οὕτω</span> <span class='ocrx_word' id='word_1_870' title='bbox 3437 5538 3571 5593; x_wconf 86' lang='grc' dir='ltr'>κατᾶ</span> <span class='ocrx_word' id='word_1_871' title='bbox 3611 5541 3706 5592; x_wconf 80' lang='grc' dir='ltr'><strong>σοῦ</strong></span> <span class='ocrx_word' id='word_1_872' title='bbox 3758 5537 3879 5593; x_wconf 84' lang='grc' dir='ltr'>ἐπι-</span> 
     </span>
    </p>
   </div>
   <div class='ocr_carea' id='block_1_120' title="bbox 2240 5624 3875 5706">
    <p class='ocr_par' dir='ltr' id='par_1_120' title="bbox 2240 5624 3875 5706">
     <span class='ocr_line' id='line_1_120' title="bbox 2240 5624 3875 5706; baseline 0.001 -26"><span class='ocrx_word' id='word_1_873' title='bbox 2240 5624 2493 5703; x_wconf 73' lang='grc' dir='ltr'>φέροντα,</span> <span class='ocrx_word' id='word_1_874' title='bbox 2526 5630 2611 5685; x_wconf 89' lang='grc' dir='ltr'><strong>καὶ</strong></span> <span class='ocrx_word' id='word_1_875' title='bbox 2666 5628 2728 5685; x_wconf 86' lang='grc' dir='ltr'>τὸ</span> <span class='ocrx_word' id='word_1_876' title='bbox 2776 5636 2875 5699; x_wconf 85' lang='grc' dir='ltr'><strong>τῆς</strong></span> <span class='ocrx_word' id='word_1_877' title='bbox 2932 5628 3149 5706; x_wconf 69' lang='grc' dir='ltr'>γεέννης</span> <span class='ocrx_word' id='word_1_878' title='bbox 3191 5629 3325 5685; x_wconf 83' lang='grc' dir='ltr'>κατᾶ</span> <span class='ocrx_word' id='word_1_879' title='bbox 3354 5634 3453 5699; x_wconf 80' lang='grc' dir='ltr'><strong>τῆς</strong></span> <span class='ocrx_word' id='word_1_880' title='bbox 3485 5633 3584 5698; x_wconf 78' lang='grc' dir='ltr'><strong>σῆς</strong></span> <span class='ocrx_word' id='word_1_881' title='bbox 3630 5625 3875 5706; x_wconf 80' lang='grc' dir='ltr'>κεφαλῆς</span> 
     </span>
    </p>
   </div>
  </div>
