4142 6248
247 379 364 442 961

1252 367 1440 432 VITA
1487 369 1552 430 S.
1597 366 1968 428 GBEGORII
2012 367 2649 431 ILLUMINATORIS.

3532 370 3650 432 962

255 536 660 611 έπισωρεύοντα
711 527 863 609 πῦρ.’
901 530 1041 606 Ἐγὼ
1095 526 1154 586 δὲ
1190 528 1423 596 πέποιθα
1465 526 1554 584 ἰπὶ
1601 533 1681 601 τῷ
1729 526 1939 604 Κυρίῳ,

2053 530 2122 586 is.
2159 531 2273 603 Ego
2324 533 2518 587 autem
2568 529 2796 587 conﬁdo
2846 529 2906 586 in
2949 529 3192 588 Domino
3234 548 3384 604 meo,
3419 533 3518 606 qui
3563 537 3651 591 est

261 649 388 702 μου,
441 627 502 690 ’ὀς
547 625 902 696 ἀντιλήπτωρ
958 641 1062 695 μου
1120 619 1232 675 ἐστὶ
1297 620 1385 675 καὶ
1442 620 1724 695 καταφυγή
1781 639 1908 692 μου,

258 720 350 776 καὶ
382 717 464 773 ἐπ’
495 715 645 788 αύτῷ
675 712 906 784 ἤλπισα.
930 715 1052 770 Τῶν
1105 707 1163 764 δὲ
1215 709 1360 784 παρά
1409 712 1504 762 σοῦ
1548 727 1642 780 μοι
1691 704 1910 761 διασπα-

263 801 611 884 ρασσομένων
668 807 878 878 σαρκῶν
937 799 1098 874 ὀλίγη
1158 816 1402 877 φροντις.
1462 797 1609 867 Ὄσῳ
1658 795 1783 884 γιΞιρΔ
1819 794 1910 849 τὸν

263 894 366 968 ἔξω
405 898 569 968 me»
617 891 926 967 φθείρεσθαι
972 886 1280 962 ἄνθρωπον,
1330 885 1575 958 τοσούτῳ
1623 885 1714 940 τὸν
1770 880 1914 938 ἔσω-

265 997 352 1051 θεν
420 983 856 1051 ἀνακαινοῦσθαι,
921 977 1010 1033 καὶ
1069 974 1432 1048 διδασκόμεθα
1504 973 1592 1029 καὶ
1659 970 1915 1028 πιστεύο-

317 1096 368 1131 εν
379 1118 398 1132 οΔ

274 1098 443 1220 mihi.
512 1158 694 1234 Θυμὸς
761 1154 849 1212 ἐπὶ
887 1154 1101 1215 τούτοις
1171 1147 1436 1225 λαμϐάνει
1501 1151 1592 1206 τὸν
1667 1147 1916 1224 βασιλέα,

271 1253 362 1311 καὶ
393 1250 584 1326 πικρὸν
616 1251 695 1321 τῷ
729 1247 960 1321 μάρτυρι
993 1241 1206 1300 ένιδών.
1237 1238 1488 1310 Ἐπειδὴ,
1527 1238 1683 1310 φησὶ,
1715 1240 1777 1294 σὺ
1823 1239 1916 1311 μὲν

273 1323 697 1408 άνακαινίζεσθαι
756 1335 933 1404 εἶπας,
991 1335 1138 1406 ἡμᾶς
1187 1328 1245 1386 δὲ
1293 1330 1424 1406 πυρὶ
1469 1324 1710 1401 ἀσϐέστῳ
1761 1323 1922 1397 δοθή-

272 1441 454 1494 σεσθαι
485 1425 801 1498 ἠπειλήσω,
847 1421 976 1479 ἀλλ’
1022 1420 1128 1496 ἐγώ
1179 1440 1236 1475 σε
1282 1419 1418 1480 τέως
1459 1422 1542 1491 τῷ
1584 1412 1922 1489 σϐεννυμένῳ

273 1517 455 1590 τούτῳ
529 1512 731 1584 διδάξω
790 1513 867 1586 μὴ
943 1509 1086 1566 οῦτω
1152 1512 1396 1583 φανερῶς
1486 1509 1583 1562 τοῦ
1649 1503 1920 1579 ἡμετέρου

275 1589 511 1684 κράτους
591 1597 1127 1671 καταυθαδιάζεσθαι.
1187 1596 1292 1654 Καὶ
1364 1594 1560 1684 αὐτίκα
1643 1589 1922 1684 μόλυϐδον

278 1679 488 1753 κελεύει
520 1688 716 1763 λέϐητι
757 1684 1104 1764 έμϐληθέντα
1159 1687 1399 1762 ἰσχυρῶς
1438 1704 1498 1739 τε
1527 1681 1656 1759 ἄγαν
1705 1679 1924 1758 παφλάο

279 1809 390 1858 σαι,
427 1785 520 1842 καὶ
575 1783 710 1840 ὅλου
775 1781 1149 1856 καταχυθῆναι
1189 1780 1286 1833 τοῦ
1355 1776 1650 1850 μάρτυρος.
1701 1773 1774 1829 Τὸ
1827 1773 1924 1846 μὲν

283 1875 350 1949 δὴ
392 1875 466 1937 ὡς
507 1870 754 1931 έκέλευσε
797 1870 1034 1948 γέγονεν.
1065 1869 1126 1925 Ὀ
1165 1865 1223 1922 δὲ
1271 1863 1443 1926 οὕτως
1487 1861 1925 1949 εἶχεγενναίως,

286 1948 468 2040 ὥσπερ
542 1959 736 2018 ὕδατος
812 1956 959 2032 αυτῷ
1033 1959 1248 2032 ψυχροῦ
1311 1948 1743 2027 καταχεομὲνου.
1829 1951 1930 2005 Καὶ

286 2038 449 2110 τοῦτο
489 2049 686 2121 δῆλου,
753 2048 802 2119 ἐξ
870 2049 944 2102 ὢν
1008 2045 1352 2124 φανερώτατα
1419 2043 1511 2115 μὲν
1573 2041 1672 2109 τήν
1731 2038 1933 2094 ἐκείνου

290 2141 501 2218 ἤλεγχε
529 2138 741 2210 πλάνην
782 2137 910 2212 παρ’
940 2135 1099 2191 αὐτὸν
1138 2134 1232 2189 τὸν
1283 2138 1384 2202 τῆς
1432 2127 1666 2206 βασάνου
1720 2126 1932 2218 καιρόν·

290 2215 851 2308 πεπαρρησιασμὲνως
917 2222 975 2280 δὶ
1028 2228 1147 2287 τοῖς
1199 2225 1432 2296 παροῦσι
1486 2220 1578 2274 τὸν
1635 2223 1735 2287 τῆς
1788 2215 1936 2272 εὗσε-

295 2303 716 2383 ϐιίας-ὗπὲτεινε
770 2315 966 2390 λόγον·
1018 2314 1102 2368 οἷς
1153 2309 1219 2381 δή
1279 2331 1384 2366 που
1433 2308 1521 2363 καὶ
1569 2303 1942 2382 ὑπερεκπλητ-

289 2412 521 2484 τόμενος
553 2408 581 2462 ὁ
629 2405 944 2481 Ἀρμένιος,
992 2397 1321 2468 ἐσπούδαζεν
1372 2398 1433 2452 ἑκ
1485 2396 1684 2484 παντὸς
1731 2395 1939 2468 τρόπου

289 2482 548 2574 κερδῆσαι
598 2496 691 2551 τὸν
749 2490 938 2568 ἄνδρα,
995 2490 1086 2544 καὶ
1153 2488 1196 2543 εἰ
1261 2491 1460 2542 τούτου
1517 2483 1808 2558 ἀποτύχοι,
1876 2482 1943 2535 τά

291 2568 496 2664 ἔσχατα
526 2589 874 2659 ζημιωθῆναι
912 2579 974 2636 τὸ
1006 2575 1301 2648 ὲλληνικὸν
1350 2573 1508 2648 ᾤετο.
1559 2568 1939 2664 ’Υποσκελίσαι

291 2658 470 2735 τοίνυν
549 2658 714 2735 αύτὸς
821 2667 1158 2745 βουλόμενος
1232 2663 1326 2720 καὶ
1399 2668 1500 2732 τῆς
1577 2658 1938 2736 στερρότητος

293 2769 502 2839 ἰκείνης
557 2764 648 2820 καὶ
706 2769 807 2832 τῆς
863 2757 1167 2835 προθυμίας
1213 2753 1460 2824 ἐλκῦσαι,
1507 2750 1817 2812 κολακείαις
1881 2770 1940 2805 τε

294 2857 456 2914 αὐτὸν
532 2849 865 2926 ὑποδραμεῖν
943 2845 1282 2918 διεσκέψατο,
1343 2844 1433 2897 καὶ
1510 2840 1775 2908 πλούτου,
1852 2839 1941 2892 καὶ

299 2945 541 3016 ¹ἡδονῶν,
599 2943 692 2995 καὶ
746 2943 938 3011 τιμῆς,
997 2935 1084 2989 καὶ
1145 2934 1360 3008 ἀγαθῶν
1418 2933 1522 2984 τῶν
1565 2926 1752 2982 ἄλλων
1813 2926 1944 2980 ὑπο-

303 3034 520 3112 σχέσεσι
551 3027 822 3085 δελεάσαι.
873 3021 1053 3080 Ἀλλὰ
1105 3019 1300 3095 μεταξύ
1349 3038 1433 3079 τις
1488 3019 1595 3071 τῶν
1638 3017 1946 3088 σατραπῶν

2020 635 2185 674 meus
2216 619 2507 684 defensor,
2554 626 2607 674 et
2663 618 2950 689 refugium
2985 637 3174 676 meum
3209 637 3224 677 :
3255 625 3314 676 et
3344 621 3403 676 in
3447 621 3641 692 ipsum

2019 707 2261 776 speravi.
2290 707 2424 770 Quae
2472 714 2662 761 autem
2713 706 2857 760 mihi
2888 723 2920 761 a
2976 711 3032 761 te
3081 708 3374 763 laniantur
3420 725 3646 778 carnes,

2022 810 2226 865 parum
2277 803 2412 851 sunt
2456 794 2600 848 mihi
2649 811 2818 850 cura.
2851 795 3143 857 Quantum
3175 795 3328 851 enim
3381 802 3654 855 externus

2023 891 2219 939 noster
2247 883 2643 953 corrumpitur
2672 882 2865 949 homo,
2899 889 3129 940 tantum
3153 885 3450 941 internum
3491 903 3655 943 reno-

2024 971 2144 1026 vari
2174 978 2228 1026 et
2256 973 2532 1028 docemur
2561 972 2582 1006 ³
2613 975 2669 1027 et
2706 973 3024 1028 credimus.

2097 1059 2220 1116 XV.
2254 1061 2335 1115 Ex
2383 1059 2475 1114 his
2515 1058 2600 1116 ira
2647 1060 2884 1116 incessit
2922 1076 3136 1133 regem,
3167 1065 3222 1118 et
3256 1063 3460 1120 acerbe
3509 1079 3667 1119 mar-

2032 1155 2209 1223 tyrem
2230 1151 2465 1206 intuens
2489 1149 2826 1216 :Quoniam,
2842 1149 3053 1222 inquit,
3069 1155 3132 1205 tu
3150 1150 3379 1221 quidem
3396 1151 3592 1208 dixisti
3615 1160 3667 1208 te

2030 1239 2314 1306 renovari,
2348 1254 2454 1294 nos
2483 1241 2676 1292 autem
2701 1237 2958 1293 minatus
2988 1254 3047 1294 es
3067 1254 3194 1294 esse
3216 1241 3522 1296 tradendos
3546 1240 3670 1312 igni

2034 1327 2130 1400 qui
2165 1343 2277 1383 non
2303 1329 2493 1398 potest
2522 1325 2836 1397 exstingui,
2867 1341 2974 1398 ego
3006 1326 3240 1382 interim
3274 1327 3401 1398 hoc,
3435 1329 3532 1400 qui
3563 1345 3671 1385 ex-

2033 1415 2376 1488 stinguitur,
2407 1417 2463 1471 te
2497 1413 2733 1480 docebo,
2768 1429 2840 1470 ne
2884 1413 2966 1471 sis
3004 1426 3125 1470 tam
3175 1423 3368 1486 aperte
3410 1415 3669 1472 insolens

2032 1503 2093 1559 in
2124 1510 2383 1559 nostram
2415 1502 2754 1573 potentiam.
2787 1501 2857 1557 Et
2885 1501 3330 1573 protinusjubct
3357 1504 3667 1574 plumbum

2032 1591 2092 1647 in
2125 1591 2369 1648 lebetem
2397 1590 2701 1660 injectum,
2735 1589 2899 1647 valde
2927 1591 3158 1647 incendi
3193 1607 3259 1648 ac
3282 1591 3588 1664 liqueﬁeri,
3619 1597 3676 1648 et

2036 1685 2223 1738 totum
2255 1681 2314 1736 in
2365 1685 2676 1752 martyrem
2714 1680 2896 1750 injici.
2932 1683 3118 1752 Atque
3176 1680 3285 1736 hoc
3314 1681 3549 1752 quidem
3588 1681 3674 1737 sic

2040 1771 2259 1827 factum
2309 1772 2418 1836 est,
2451 1774 2518 1823 ut
2551 1767 2755 1839 jussit.
2791 1767 2888 1824 ille
2943 1771 3138 1824 autem
3172 1785 3285 1824 non
3339 1769 3532 1824 minus
3564 1769 3677 1824 fuit

2037 1859 2171 1914 forti
2229 1864 2286 1915 et
2333 1873 2609 1930 generoso
2648 1857 2866 1924 animo,
2897 1872 3072 1928 quam
3121 1858 3171 1914 ei
3221 1873 3372 1928 aqua
3430 1858 3488 1912 in
3540 1873 3672 1914 eum

2039 1948 2450 2005 eliunderetur.
2485 1946 2602 2001 Hoc
2652 1948 2846 2001 autem
2892 1946 3002 2000 fuit
3038 1961 3106 2000 ex
3135 1961 3201 2001 eo
3233 1945 3487 2013 evidens,
3520 1945 3680 2017 quod

2040 2038 2162 2108 ipse
2183 2035 2546 2108 apertissime
2578 2034 2813 2107 quidem
2845 2033 3002 2089 illius
3030 2034 3306 2106 arguebat
3334 2049 3588 2091 errorem
3616 2034 3677 2091 in

2044 2126 2170 2198 ipso
2191 2130 2449 2197 tempore
2469 2123 2782 2180 tormenti:
2810 2122 2991 2179 libere
3015 2128 3206 2178 autem
3239 2127 3296 2178 et
3325 2122 3682 2179 conﬁdenter

2046 2214 2119 2270 iis
2150 2212 2248 2286 qui
2279 2213 2523 2268 aderant
2551 2211 2894 2283 suggerebat
2920 2211 3159 2266 verbum
3185 2209 3434 2282 pietatis.
3459 2210 3684 2277 Quibus

2049 2301 2286 2372 quidem
2315 2299 2651 2354 mirandum
2682 2298 2741 2352 in
2773 2298 3013 2354 modum
3037 2298 3470 2368 obstupefactus
3499 2301 3687 2354 Arme-

2051 2392 2207 2459 nius,
2230 2389 2501 2446 studebat
2529 2404 2662 2444 eum
2686 2387 2925 2444 omnino
2945 2386 3320 2456 lucrifacere;
3346 2401 3482 2442 nam
3505 2385 3555 2442 si
3576 2385 3688 2442 hoc

2051 2497 2166 2538 non
2215 2481 2406 2550 posset
2450 2476 2697 2548 assequi,
2733 2475 2980 2547 putabat
3027 2476 3287 2546 gentium
3345 2474 3688 2548 religionem

2052 2583 2330 2641 magnum
2372 2581 2502 2622 esse
2547 2566 2830 2620 damnum
2872 2568 3261 2636 accepturam.
3295 2561 3510 2618 Volens
3552 2578 3690 2634 ergo

2053 2672 2182 2713 eum
2203 2653 2599 2727 supplantare,
2634 2655 2691 2708 et
2720 2653 3008 2708 abducere
3037 2651 3109 2706 ab
3145 2649 3244 2706 illa
3271 2649 3608 2706 inﬁrmitate
3637 2654 3698 2706 et

2055 2741 2404 2808 constantia,
2426 2747 2814 2814 promptaque
2842 2742 2899 2796 et
2929 2737 3104 2794 alacri
3137 2737 3315 2794 animi
3348 2738 3563 2806 studio,
3595 2753 3695 2794 co-

2056 2833 2259 2904 gitavit
2301 2845 2435 2886 eum
2466 2827 2732 2902 pellicere
2766 2826 3066 2884 blanditiis
3096 2829 3152 2883 et
3183 2825 3696 2897 assentationibus,

2058 2919 2530 2989 divitiarumque,
2564 2917 2946 2988 voluptatum,
2979 2915 3215 2972 honoris
3245 2919 3303 2970 et
3323 2913 3570 2970 aliorum
3604 2915 3700 2970 bo-

2060 3021 2269 3063 norum
2300 3004 2605 3076 promissis
2634 3004 2915 3060 inescare.
2947 3003 3059 3060 Sed
3099 3001 3331 3058 interim
3363 3002 3600 3072 quidam
3633 3019 3702 3058 ex

303 3092 408 3178 οῦκ
444 3114 614 3189 ἔξεστι
645 3120 744 3190 ζῇν
783 3112 942 3169 αὐτὸν
975 3107 1098 3166 οὐδὲ
1125 3107 1344 3165 τουτονὶ
1392 3106 1484 3160 τὸν
1532 3102 1694 3173 ἥλιον
1725 3103 1877 3178 ὁρᾷν,
1910 3099 1939 3154 ἃ

2063 3097 2314 3168 satrapis
2345 3113 2360 3152 :
2405 3100 2528 3152 Non
2567 3095 2702 3152 licet
2753 3095 2804 3152 ei
2841 3095 3053 3164 vivere,
3087 3108 3275 3165 neque
3314 3093 3469 3148 hunc
3516 3092 3700 3148 solem

307 3185 554 3287 βασιλεῦ,
631 3185 860 3278 λαμπρᾷ
925 3199 1013 3256 καὶ
1080 3195 1423 3287 γεγωνοτέρᾳ
1461 3197 1572 3287 *τῇ*
1615 3198 1768 3287 φωγῆ
1807 3189 1939 3287 ⁸δινσιε

2067 3190 2339 3262 aspicere,
2371 3206 2403 3245 ο
2463 3204 2582 3255 rex,
2614 3188 2769 3244 clara
2807 3193 2864 3244 et
2923 3187 3042 3242 alta
3080 3202 3214 3243 voce
3264 3185 3542 3258 loquitur,
3565 3202 3699 3242 cum

305 3261 614 3377 φθέγγεται,
646 3261 816 3348 πάῖδά
839 3261 993 3344 ’ὄντα
1032 3261 1129 3343 τοῦ
1158 3261 1422 3377 ’Πάρθουζ
1461 3261 1641 3377 Ἀνᾶκ,
1698 3279 1756 3340 ὃς
1805 3275 1939 3350 δόλιι

2068 3261 2148 3336 sit
2175 3277 2330 3334 filius
2379 3276 2574 3332 Parthi
2603 3277 2781 3340 Anac,
2811 3274 2912 3346 qui
2943 3273 3074 3330 dolo
3118 3278 3334 3344 patrem
3367 3281 3529 3328 tuum
3560 3276 3699 3327 Cur-

302 3361 363 3443 τε
399 3386 494 3442 τὸν
549 3383 641 3439 σὸν
695 3380 901 3455 πατέρα
971 3374 1234 3450 Κουσαρὼ
1293 3369 1489 3441 ἀνεῖλε,
1556 3367 1762 3440 καὶτῷ
1823 3373 1939 3441 Περ-

2063 3384 2192 3426 saro
2223 3365 2534 3430 interfecit,
2551 3367 2606 3420 et
2636 3365 2942 3420 Persarum
2967 3367 3209 3434 tyranno
3231 3365 3404 3417 totam
3421 3361 3702 3432 captivam

307 3481 414 3533 σῶν
463 3474 704 3549 τυράννῷ
770 3465 1138 3544 αἱχμάλωτον
1195 3466 1366 3518 πᾶσαν
1421 3459 1788 3528 κατεστήσατο
1854 3457 1939 3525 τήπ

2068 3457 2324 3516 reddidit
2354 3453 2715 3511 Armeniam.

309 3567 404 3624 Ἀρ
415 3562 616 3624 μενίαν,

479 3585 616 3623 νιαν.

552 3651 772 3708 Τούτων
855 3643 1154 3701 ἀκούσαντα
1217 3636 1521 3714 Τηριδάτην
1595 3631 1830 3709 σφοδρός
1903 3654 1939 3687 τ]

2139 3634 2278 3692 XVI.
2301 3633 2430 3690 Hinc
2461 3648 2595 3688 cum
2615 3629 2895 3688 audiisset
2913 3628 3230 3697 Teridates,
3256 3644 3387 3685 eum
3415 3644 3518 3700 pro
3541 3631 3703 3701 patre

321 3742 453 3816 ὑπὲρ
483 3744 580 3795 τοῦ
637 3737 841 3810 πατρὸς
901 3731 1074 3788 εἰσέδυ
1135 3728 1325 3800 ζῆλος
1385 3726 1475 3781 καὶ
1532 3723 1687 3784 εὐθὺς
1743 3721 1939 3778 πάντω·

2067 3724 2244 3780 subiit
2281 3721 2592 3778 vehemens
2638 3719 2798 3776 zelus
2844 3734 2858 3775 :
2907 3723 2966 3774 et
2996 3717 3193 3774 statim
3249 3716 3537 3784 omnium,
3576 3733 3705 3789 quas

319 3831 391 3884 ὧν
420 3804 501 3904 ἐφ’
540 3827 734 3882 ἑαυτοῦ
778 3823 1058 3878 ἐσκοπεῖτο
1103 3816 1281 3888 λήσην
1331 3813 1421 3870 διὰ
1464 3815 1526 3868 τὸ
1574 3816 1825 3887 πατρῷον
1873 3811 1939 3864 αῖ·

2067 3813 2218 3885 apud
2255 3828 2317 3868 se
2345 3809 2660 3904 cogitabat,
2694 3823 2828 3904 eum
2870 3809 3042 3879 cmpit
3079 3804 3293 3862 oblivio
3340 3810 3576 3904 propter
3604 3822 3708 3878 pa-

322 3939 396 3992 μα
460 3890 670 3985 λαϐὼν,
721 3912 931 3969 κελεύει
1000 3908 1213 3974 δεθέντα
1277 3909 1368 3961 τὸν
1435 3906 1612 3979 ἅγιον,
1671 3898 1939 3992 τράχηλοι

2067 3903 2296 3955 ternum
2325 3895 2692 3968 sanguinem.
2723 3894 2899 3949 Jubet
2935 3895 3130 3948 autem
3162 3896 3429 3948 sanctum
3459 3890 3704 3962 ligatum

317 3978 406 4062 καὶ
448 3978 793 4085 χεῖραςΠᾶμα
821 4001 910 4056 καὶ
958 3996 1130 4062 πόδας
1164 3999 1262 4085 ,τῷ
1301 3993 1454 4085 ,παρᾷ
1615 3989 1773 4046 πόλει
1817 3989 1939 4085 ζΑρ·

2071 3987 2241 4052 οοΙΙο,
2270 3984 2443 4041 simul
2475 3988 2534 4040 et
2563 3981 2836 4039 manibus
2858 3985 2914 4036 et
2935 3978 3391 4052 pedibus,dejici
3413 3979 3471 4033 in
3495 3979 3709 4047 lacum,

317 4067 668 4166 ταξᾷηλάκκῳ
717 4067 960 4160 δοθῆναι.
1021 4089 1084 4146 Ὀ
1157 4067 1243 4141 δε
1287 4084 1354 4153 ἦν
1391 4067 1450 4137 Ἵὸ
1515 4078 1717 4143 λάκκος
1782 4079 1939 4166 οὗτος

2075 4077 2176 4149 qui
2206 4083 2292 4132 est
2349 4075 2408 4130 in
2439 4072 2669 4129 civitate
2702 4073 2948 4127 Artaxat.
2991 4068 3126 4123 Erat
3175 4073 3365 4123 autem
3400 4067 3494 4122 hic
3550 4067 3710 4122 lacus

321 4156 551 4261 πρέγμα
605 4156 696 4238 καὶ
753 4156 982 4237 ἀκοῦσαι
1023 4171 1196 4253 φόϐου
1246 4173 1462 4261 μεστὸν,
1531 4168 1790 4261 σεσηπὸς-
1835 4165 1932 4241 βόρ

2076 4181 2168 4220 res
2199 4163 2286 4218 vel
2316 4163 2440 4218 solo
2473 4160 2668 4216 auditu
2713 4158 2985 4214 terribilis
3022 4174 3035 4213 :
3070 4156 3453 4226 putrefactum
3485 4171 3714 4212 caenum

324 4247 492 4352 ϐορός
523 4273 590 4329 τὰ
635 4267 808 4341 ἔνδον,
865 4269 956 4324 καὶ
1009 4263 1222 4321 ἶοϐόλοι
1285 4259 1436 4338 ὄφεις
1503 4259 1592 4314 καὶ
1659 4253 1939 4352 σκιΞληκες

2079 4250 2331 4307 habebat
2359 4247 2732 4312 intrinsecus,
2752 4253 2805 4301 et
2833 4249 3147 4300 venenatos
3179 4251 3472 4314 serpentes
3503 4249 3561 4298 et
3591 4261 3715 4300 ver-

322 4333 412 4420 καξ
474 4364 686 4418 πάντων
753 4360 850 4415 ὅσα
923 4356 1062 4411 κατὰ
1133 4359 1239 4430 γῆς
1307 4351 1484 4424 ἓρπει,
1562 4338 1937 4430 διατριϐἠηέ

2081 4357 2224 4406 mea,
2257 4343 2312 4395 et
2341 4341 2463 4394 erat
2510 4335 2906 4392 habitaculum
2937 4333 3196 4389 omnium
3229 4349 3354 4404 qua:
3384 4338 3628 4404 serpunt
3655 4333 3716 4389 in

323 4451 540 4510 πολλοῦ
590 4455 706 4510 τοῖς
749 4444 1058 4520 Ἀρμενίοις
1099 4421 1174 4502 εἷς
1221 4421 1462 4493 ἐπίνοιαν
1507 4429 1740 4513 φοϐερᾶς
1789 4427 1939 4485 κολάι

2078 4431 2272 4500 terris,
2297 4429 2421 4498 jam
2451 4424 2590 4482 olim
2613 4424 2686 4480 ab
2703 4422 2993 4480 Armeniis
3014 4421 3258 4479 effossus
3283 4423 3355 4478 ad
3385 4422 3721 4494 excogitan-

328 4561 462 4601 σεως
520 4510 976 4614 διορωρυγμένος.
1034 4529 1123 4584 καὶ
1171 4523 1386 4585 οὐδενὸς
1434 4510 1540 4597 πρὸ
1595 4523 1690 4574 τοῦ
1746 4518 1939 4614 πιὺποτ

2083 4521 2223 4576 dum
2276 4514 2542 4614 terribile
2575 4511 2950 4612 supplicium.
2981 4511 3344 4584 Quapropter
3384 4526 3453 4568 ex
3509 4510 3578 4568 iis
3617 4511 3718 4582 qui

327 4597 530 4687 “iw-iv
591 4597 740 4695 άύτῖίι
773 4597 1135 4697 ᾞληθέντων,
1193 4614 1299 4689 οὐχ
1329 4611 1475 4673 ὅπως
1535 4608 1634 4664 οὐκ
1682 4603 1939 4662 ἂναδύντο

2053 4607 2140 4671 ,in
2172 4621 2306 4662 eum
2338 4611 2504 4661 antea
2526 4601 2726 4673 injecti
2758 4601 3010 4669 fuerant,
3041 4616 3158 4656 non
3191 4600 3363 4656 modo
3406 4614 3522 4655 non
3557 4597 3723 4654 illine

331 4717 552 4783 ἐκεῖθεν,
619 4689 748 4768 ἀλλ’
800 4689 956 4764 ὀὐδὲ
1019 4705 1096 4770 εἷς
1159 4702 1368 4780 ἡμέραν
1441 4698 1577 4769 ὅλην
1629 4696 1939 4771 ἀρκέσαντος

2083 4697 2241 4755 ullus
2272 4693 2525 4762 emersit,
2559 4692 2661 4749 sed
2692 4706 2797 4746 nec
2826 4695 2945 4747 toto
2975 4691 3211 4763 quidem
3244 4691 3336 4748 die
3373 4689 3581 4744 durare
3622 4703 3722 4758 po-

332 4808 427 4877 Τῷ
455 4776 689 4873 τοιούτῳ
715 4799 895 4856 τοίνυν
924 4795 1110 4868 λάκκῳ
1160 4776 1292 4867 μετά
1347 4789 1442 4852 τὰς
1488 4785 1703 4848 πολλὰς
1745 4783 1939 4839 έκνείνα

2083 4787 2213 4842 tuit.
2248 4787 2310 4841 In
2343 4784 2500 4840 hunc
2532 4798 2667 4854 ergo
2696 4781 2910 4849 lacum,
2936 4784 3068 4852 post
3088 4778 3303 4834 multos
3332 4777 3461 4833 illos
3480 4780 3536 4833 et
3557 4776 3724 4833 insu-

2091 4871 2397 4948 perabilee,
2412 4872 2562 4944 quod
2578 4869 2780 4926 attinet
2797 4869 2868 4923 ad
2883 4868 3000 4924 vitii
3019 4866 3323 4930 rationem,
3338 4864 3615 4931 insultus,
3627 4880 3726 4920 sa-

2089 4959 2684 5031 crosanctusinjectus
2723 4956 3053 5026 Gregorius,
3085 4958 3328 5024 quatuor
3345 4951 3532 5008 decim
3562 4954 3718 5008 totos

2089 5065 2271 5108 annos
2326 5049 2670 5120 nimia,quas
2711 5043 2872 5102 illinc
2917 5042 3232 5107 oriebatur,
3251 5040 3628 5097 obsidebatur
3647 5041 3730 5098 af-

2091 5138 2656 5203 tlictione.Quaedam
2687 5137 2882 5191 autem
2927 5131 3138 5186 mulier
3183 5129 3418 5184 viduata
3455 5128 3724 5200 conjuge,

2091 5245 2215 5301 quas
2246 5227 2547 5283 habitabat
2593 5224 2654 5280 in
2703 5219 2968 5294 praesidio
2998 5222 3253 5289 Artaxat,
3284 5234 3418 5273 cum
3449 5218 3502 5273 ei
3543 5233 3725 5289 appa-

2091 5318 2302 5374 ruisset
2332 5315 2496 5382 visio,
2520 5313 2755 5384 aliquod
2776 5313 3024 5366 frustum
3046 5307 3212 5381 panis
3235 5306 3493 5380 quotidie
3513 5304 3572 5362 in
3591 5321 3726 5362 eum

2091 5406 2464 5463 immittebat.
2497 5403 2656 5469 Quod
2690 5399 2919 5473 quidem
2949 5413 3084 5454 cum
3108 5402 3264 5456 esset
3285 5397 3447 5453 beato
3473 5395 3722 5452 alimen—

2091 5500 2239 5566 tum,
2273 5491 2564 5550 recreabat
2591 5491 2644 5548 ei
2673 5505 2902 5564 corpus,
2934 5488 3090 5565 quod
3122 5487 3502 5557 laboraverat,
3526 5496 3578 5542 et
3605 5499 3723 5542 non

335 4873 426 4951 καὶ
493 4884 935 4964 ἂνυπερϐλήτους
989 4885 1186 4958 κατάγε
1247 4882 1339 4936 τὸν
1402 4884 1503 4948 τῆς
1560 4874 1748 4936 κακίας
1806 4873 1974 4964 λόγον

336 4959 670 5040 ἐπιϐουλὰς·
714 4979 742 5030 ὁ
817 4975 960 5049 ἱερὸς
1036 4968 1418 5047 έναποῤῥιφεὶς
1492 4965 1814 5041 Γρηγόριος,
1889 4959 1974 5015 ἐπὶ

335 5070 593 5142 τέσσαρας
625 5065 788 5126 ὅλους
835 5063 972 5137 πρὸς
1015 5064 1130 5123 τοῖς
1173 5057 1299 5114 δέκα
1350 5055 1584 5131 χρόνους
1631 5053 1698 5123 τῇ
1745 5049 1977 5113 ἐντεῦθεν

339 5159 720 5226 ἐπολιορκεῖτο
775 5152 1028 5208 κακώσει.
1096 5149 1234 5216 Γυνή
1281 5143 1338 5200 δέ
1381 5165 1465 5206 τις
1524 5141 1755 5216 συζύγου
1803 5157 1979 5212 κεχη-

341 5247 582 5327 ρωμένη,
628 5243 773 5320 παρὰ
817 5245 898 5313 τῷ
939 5237 1171 5314 Ἀρταξᾷ
1206 5233 1460 5327 ,φρουρίῳ
1510 5231 1752 5298 οἰκοῦσα,
1803 5227 1981 5327 δείξεως

341 5315 478 5414 αὐτῇ
550 5315 718 5401 θείας·
771 5327 896 5407 όναρ
971 5326 1342 5405 ἐπιφανείσης,
1419 5322 1582 5399 ἄρτου
1652 5339 1707 5374 τι
1778 5315 1982 5414 τρύφος

341 5405 568 5496 ἑκάστης
613 5421 825 5498 ἡμέρας
870 5405 957 5479 εἰς
1004 5417 1096 5472 τὸν
1153 5413 1351 5470 λάκκον
1404 5410 1574 5498 ἠφίειο
1627 5408 1759 5483 ὅπερ
1805 5405 1979 5498 τροφή

382 5521 424 5573 ὦ
526 5493 778 5573 μακαρίῳ
876 5509 1179 5573 γινόμενον,
1282 5493 1618 5573 ἀνελάμϐανέ
1707 5516 1766 5552 τε
1837 5493 1983 5565 αὐτῷ

389 5645 391 5648 ί
420 5688 444 5725 ³
473 5689 521 5747 II
553 5688 679 5745 Cor.
714 5703 862 5749 χιιι,
898 5686 983 5740 16.
