4142 6248
416 358 531 419 963

1700 347 1984 411 MENSIS
2030 342 2522 406 SEPTEMBER.

3690 341 3815 405 964

415 516 645 574 sinebat
671 532 805 573 eum
836 514 1074 573 omnino
1106 512 1370 571 deﬁcere.
1401 511 1510 569 Sed
1542 509 1835 568 narranda
1866 506 2050 564 multa

2163 522 2468 571 πεπονηκος
2500 502 2563 557 τὸ
2610 505 2791 575 σῶμα,
2843 498 2934 558 καὶ
3001 500 3188 556 τέΑεον
3244 495 3486 556 ἐκλιπεῖν
3543 501 3645 557 οὐκ
3699 500 3817 561 εἴα.

416 606 655 678 reliquit
689 604 1036 674 oratio,cum
1064 619 1138 659 ne
1166 601 1461 657 tantillum
1490 599 1664 657 vellet
1692 596 1988 654 discedere
2018 610 2052 650 a

418 697 525 751 viri
558 696 857 751 memoria.
898 691 1075 748 Nobis
1107 691 1286 763 igitur
1328 690 1734 746 revertendum
1766 690 1855 743 est
1882 686 1954 741 ad
1987 700 2053 740 ea

420 802 546 858 quae
578 785 850 852 deinceps
878 785 1205 851 sequuntur
1231 779 1290 834 in
1324 778 1593 835 historia.

488 872 664 929 XVII.
699 872 993 927 Teridates
1050 884 1187 941 ergo
1232 868 1546 923 arbitratus
1614 883 1677 923 se
1731 862 2053 922 inevitabili

419 962 588 1018 morti
623 960 855 1016 dedisse
896 961 1149 1029 justum,
1181 974 1313 1012 cum
1348 962 1502 1013 esset
1544 956 1745 1027 utique
1774 954 1965 1010 hiems
1995 957 2053 1009 et

418 1052 626 1124 frigus,
660 1050 782 1120 ipse
816 1045 1035 1103 accedit
1080 1045 1153 1101 ad
1201 1048 1416 1116 regiam
1466 1045 1856 1101 Armenicam.
1889 1042 2052 1098 Illinc

420 1145 611 1196 autem
661 1136 1080 1209 eXpeditionem
1129 1135 1372 1206 suscipit
1413 1135 1683 1190 adversus
1731 1136 1963 1200 Persas,
1996 1136 2055 1187 et

421 1243 617 1283 eorum
651 1223 1040 1296 populabatur
1069 1223 1360 1293 regionem
1397 1238 1410 1277 :
1443 1226 1501 1277 et
1534 1221 1759 1290 trajecit
1788 1222 1847 1274 in
1878 1223 2051 1289 Assy-

422 1318 591 1380 riam,
622 1323 677 1369 et
714 1313 852 1366 vicit
883 1328 1146 1384 pugnans
1186 1310 1472 1381 singulari
1504 1308 1839 1375 certamine,
1871 1313 1928 1361 et
1954 1321 2055 1362 ce-

420 1403 594 1460 lebris
637 1409 757 1457 erat
788 1405 1016 1471 prOpter
1046 1415 1135 1455 res
1164 1398 1237 1454 ab
1280 1415 1346 1454 eo
1377 1403 1569 1471 gestas
1597 1402 1750 1453 recte
1780 1401 1837 1453 et
1874 1395 2053 1451 felici-

421 1497 527 1548 ter.
561 1490 1071 1546 Verumenimvero
1115 1488 1257 1553 Jovi,
1292 1487 1487 1543 Dianae
1517 1491 1574 1543 et
1623 1485 1850 1543 Herculi
1898 1485 2057 1540 attri-

422 1580 640 1637 buebat
669 1579 990 1634 victoriam.
1010 1576 1207 1649 Neque
1227 1592 1362 1632 vero
1385 1576 1443 1631 in
1467 1574 1583 1631 illis
1600 1573 1859 1631 colendis
1881 1588 2054 1629 suum

422 1671 649 1724 tantum
708 1664 962 1737 ponebat
1016 1663 1300 1729 studium,
1370 1664 1466 1718 sed
1526 1662 1700 1718 etiam
1781 1661 2057 1716 adversus

422 1755 783 1812 Christianos
839 1754 1000 1824 ipsos
1055 1758 1112 1808 et
1165 1752 1526 1823 impietatem
1582 1750 1953 1807 vehementer
1999 1752 2057 1804 et

426 1846 628 1901 insane
656 1843 933 1916 spirabat.
964 1842 1043 1899 Eo
1073 1846 1266 1897 autem
1297 1846 1577 1912 tempore,
1602 1840 1753 1912 quod
1780 1840 2050 1894 interces-

423 1936 520 2002 sit,
553 1932 654 2005 qui
685 1933 1007 1988 Romanam
1030 1946 1343 2002 purpuram
1367 1945 1481 1985 non
1506 1927 2048 1994 feliciterinduerat,

423 2022 811 2080 Diocletianus
841 2035 1077 2076 uxorem
1109 2020 1316 2075 ducere
1345 2018 1594 2086 volebat,
1625 2022 1682 2073 et
1708 2016 2058 2088 procurabat

423 2111 535 2167 sibi
567 2109 1031 2167 matrimonium.
1062 2112 1203 2163 Cum
1236 2110 1431 2163 autem
1461 2106 1614 2176 apud
1638 2106 1831 2177 ipsum
1862 2108 2056 2161 essent

424 2216 628 2257 omnes
666 2211 861 2270 patres
887 2197 988 2269 qui
1019 2196 1253 2253 alebant
1283 2196 1554 2268 virgines,
1596 2199 1672 2264 et,
1709 2199 1772 2250 ut
1808 2195 1860 2249 ei
1890 2210 2052 2250 suam

425 2288 827 2358 desponderet,
886 2301 1155 2356 unusque
1200 2283 1362 2341 valde
1422 2284 1743 2351 moliretur,
1810 2281 1907 2338 ille
1966 2282 2056 2339 bis

422 2380 695 2437 omnibus
718 2376 1044 2449 praeteritis,
1060 2382 1369 2447 postquam
1392 2374 1451 2429 in
1483 2376 1733 2445 quadam
1752 2390 1821 2429 ex
1841 2372 1913 2429 iis
1931 2388 2054 2442 qua

421 2469 551 2538 ejus
581 2467 858 2539 parebant
886 2464 1127 2536 imperio
1156 2463 1491 2520 civitatibus
1523 2461 1803 2518 intellexit
1832 2465 2056 2517 sancta-

424 2572 555 2611 rum
614 2553 901 2624 virginum
960 2552 1203 2609 chorum
1263 2551 1512 2607 exerceri
1560 2552 1618 2606 in
1678 2549 2051 2615 monasterio,

424 2644 637 2716 quibus
667 2642 911 2713 praeerat
948 2641 1181 2711 quidem
1215 2640 1430 2695 Gaiana
1464 2654 1478 2693 :
1512 2640 1666 2694 inter
1694 2638 1827 2693 illas
1858 2641 2051 2692 autem

425 2748 598 2788 unam
630 2745 776 2793 esse,
801 2728 1118 2800 Ripsimem
1153 2733 1437 2793 vocatam,
1467 2731 1524 2781 et
1551 2727 1621 2782 ad
1656 2726 1784 2797 ipsa
1813 2724 2053 2791 Gaiana,

423 2837 555 2876 cum
582 2819 762 2874 ambae
778 2824 974 2873 essent
992 2816 1297 2871 Christiani
1323 2815 1552 2887 generis
1571 2818 1628 2870 et
1643 2814 1963 2882 sanguinis,
1994 2813 2052 2869 in

424 2908 637 2980 pietate
664 2907 967 2962 educatam
1000 2908 1175 2976 atque
1204 2904 1512 2971 eruditam,
1531 2919 1657 2975 quae
1688 2902 1840 2958 sicut
1864 2903 2055 2974 specie

422 2997 679 3063 virtutis,
714 2994 795 3050 ita
840 2994 1015 3049 etiam
1049 2991 1484 3064 pulchritudine
1513 2993 1772 3063 corporis
1800 2996 1923 3047 erat
1952 2991 2058 3046 ad-

426 3085 667 3140 modum
701 3082 946 3154 insignis
981 3098 994 3136 :
1026 3082 1114 3136 vel
1144 3081 1270 3151 ipsa
1299 3082 1429 3151 ejus
1459 3080 1708 3150 imagine
1746 3081 2059 3152 imperator

2161 589 2335 648 ’Λλλὰ
2364 590 2667 668 προφθάνει
2707 593 2807 661 τήν
2858 588 3183 654 ἀκολουθίαν
3235 591 3264 644 ὀ
3304 587 3500 667 λόγος,
3556 592 3634 663 μὴ
3686 592 3825 647 ἄτιο-

2162 682 2351 748 στῆναι
2383 677 2527 750 μηδὲ
2569 681 2745 755 βραχὺ
2792 685 2893 749 τῆς
2940 683 3036 734 τοῦ
3084 676 3276 751 ἀνδρὸς
3318 681 3543 751 μνήμης
3591 677 3815 740 ἱθὲλων.

2160 770 2306 841 Ημῖν
2338 766 2395 823 δὶ
2420 770 2554 844 πρὸς
2584 767 2650 823 τὰ
2688 769 2808 838 tea;
2837 765 3111 823 ἐπανιτέον
3140 774 3241 836 τῆς
3271 766 3535 843 ἱστορίας.

2233 860 2328 915 ΙΖ’.
2369 855 2682 933 Τηριδάτης
2757 858 2940 912 τοίνυν
3016 855 3225 929 θανάτῳ
3314 855 3646 933 παραδοῦναι
3718 858 3816 915 τὸν

2162 944 2368 1003 δίκαιον
2395 946 2614 1024 ἀφύκτῳ
2641 947 2888 1019 νομίσας,
2939 949 3219 1020 χειμῶνος
3276 942 3343 1015 δή
3398 967 3506 1001 που
3564 967 3817 1002 συνιστα-

2166 1034 2329 1109 μένου
2376 1037 2461 1090 καὶ
2525 1034 2893 1110 διαψύχοντος
2934 1033 3097 1095 αύτος
3153 1032 3241 1087 ἐπὶ
3305 1039 3412 1089 τῶν
3470 1036 3814 1109 Ἀρμενεκῶν

2166 1123 2454 1199 βασιλείων
2514 1124 2733 1198 παρῄει.
2790 1125 3030 1186 Ἐκεῖθεν
3088 1119 3146 1177 δὲ
3192 1121 3279 1177 ἐπὶ
3328 1122 3530 1197 Πέρσας
3588 1123 3812 1200 ἐκστρα-

2159 1217 2321 1281 τεύει,
2356 1218 2443 1271 καὶ
2476 1220 2574 1287 τήν
2605 1238 2664 1272 τε
2712 1219 2898 1291 χώραν
2948 1217 3127 1271 αὐτῶν
3176 1217 3492 1293 κατέτρεχε,
3546 1220 3636 1273 καὶ
3674 1220 3818 1295 πρὸς

2160 1309 2258 1375 τὴν
2319 1306 2616 1380 ’Δσσυρίων
2685 1301 2940 1376 διέϐαινε,
3010 1307 3101 1360 καὶ
3172 1311 3511 1382 μονομαχῶν
3581 1308 3816 1384 ἐκράτει,

2161 1393 2451 1457 καὶπολὺς
2503 1395 2567 1463 ἦν
2626 1400 2742 1456 τοῖς
2811 1394 3155 1469 εὐτυχήμασι
3229 1393 3318 1450 καί
3367 1401 3488 1459 ταῖς
3555 1394 3823 1474 ἀνδραγα-

2164 1487 2327 1548 θίαις.
2366 1487 2515 1555 Πλὴν
2574 1485 2721 1542 ἀλλὰ
2778 1486 2861 1541 Διὶ
2922 1487 3012 1540 καὶ
3072 1485 3354 1561 Ἀρτέμιδι
3405 1488 3497 1543 καὶ
3553 1489 3821 1565 Ἠρακλεῖ

2160 1574 2227 1629 τὰ
2255 1581 2355 1643 τῆς
2403 1574 2557 1644 νίκης
2612 1574 2865 1631 ἀνετίθει.
2931 1574 3155 1646 ’Δμέλει
3207 1575 3299 1630 καὶ
3350 1574 3481 1632 οὐδὲ
3532 1578 3655 1651 περὶ
3710 1580 3814 1648 τὴν

2162 1661 2378 1717 ἐκείνων
2441 1664 2605 1736 μόνον
2666 1662 2909 1719 ἐπονεῖτο
2966 1664 3275 1737 θεραπείαν,
3332 1663 3481 1720 ἀλλὰ
3530 1666 3621 1721 καὶ
3676 1669 3815 1723 κατὰ

2164 1754 2498 1826 Χριστιανῶν
2556 1752 2729 1807 αὐτῶν
2786 1751 2877 1807 καὶ
2931 1755 3031 1817 τῆς
3087 1748 3359 1816 εύσεϐείας
3419 1751 3593 1809 δεινὸν
3662 1756 3813 1812 ἔπνει

2163 1839 2253 1894 καὶ
2287 1841 2535 1913 μανικόν.
2566 1843 2670 1899 Τὸν
2715 1838 2772 1896 δὲ
2822 1840 3019 1913 μεταξὺ
3076 1842 3269 1897 τούτον
3314 1842 3515 1918 χρόνον
3560 1846 3657 1914 τήν
3714 1846 3816 1921 βα-

2161 1926 2379 1999 σιλικὴν
2434 1926 2728 2004 ἁλουργίδα
2778 1930 3067 2002 Ῥωμαίων
3135 1929 3236 1985 ούκ
3303 1930 3550 2007 εύτυχῶς
3593 1930 3819 2009 περιϐα.

2164 2015 2398 2091 λὸμενος
2452 2018 2841 2087 Διοκλητιανὸς
2892 2020 3122 2095 γυναῖκά
3174 2040 3234 2075 τε
3281 2019 3575 2098 ἀγαγέσθαι
3621 2022 3814 2095 ἤθελε,

2160 2107 2249 2162 καὶ
2307 2104 2631 2177 ἐσπούδαζεν
2686 2108 2859 2180 ἑαυτῷ
2897 2109 2990 2162 τὸν
3048 2109 3249 2183 γάμον.
3301 2109 3404 2166 Καὶ
3465 2108 3531 2180 δὴ
3593 2113 3811 2170 πάντων

2163 2196 2280 2252 ὅσοι
2311 2193 2607 2271 παρθένους
2657 2191 2878 2275 ἔτρεφον
2928 2198 3151 2273 πατέρες
3199 2202 3324 2273 παρ’
3373 2200 3539 2255 αὐτὸν
3588 2202 3811 2275 ἱόντων,

2161 2289 2246 2342 κσὶ
2284 2285 2435 2349 ὅπως
2475 2288 2653 2359 τούτῳ
2694 2290 2796 2357 τήν
2844 2288 3035 2344 ἑαυτοῦ
3080 2286 3304 2352 ἕκαστος
3355 2289 3615 2366 ἐγγυήσοι
3663 2292 3810 2350 πολ-

2163 2375 2268 2443 λῆς
2300 2376 2579 2450 μηχανῆς,
2610 2375 2929 2450 γενομένης,
2960 2378 3134 2439 πάσας
3166 2377 3367 2441 ἐκεῖνος
3412 2379 3808 2456 παραδραμὼν,

2161 2462 2347 2533 ἐπειδὴ
2407 2466 2552 2538 παρά
2617 2486 2725 2520 τινι
2790 2470 2895 2521 τῶν
2961 2466 3052 2521 ὕπ’
3114 2466 3276 2523 αὐτὸν
3344 2468 3561 2525 πόλεων
3640 2472 3811 2547 ἁγίων

2160 2554 2434 2627 παρθένων
2500 2554 2669 2629 χορὸν
2727 2552 2780 2609 ἐν
2838 2556 3186 2632 μοναστηρίῳ
3267 2558 3541 2613 ἀσκεῖσθαι
3616 2559 3804 2633 μάθοι,

2160 2640 2236 2693 ὧν
2275 2641 2470 2710 Γαῖαν-ὴ
2526 2641 2619 2714 μὲν
2668 2645 3039 2714 προειστήκει,
3088 2648 3156 2718 τῇ
3207 2641 3264 2700 δὲ
3317 2646 3405 2700 ὑπ’
3453 2647 3621 2718 αὐτῆς
3669 2671 3801 2725 τρα-

2159 2730 2315 2806 φείσῃ
2348 2730 2437 2783 καὶ
2469 2726 2814 2806 παιδευθείσῃ
2855 2731 3087 2806 Ῥιψίμη
3120 2731 3296 2806 ὄνομα
3341 2736 3430 2804 ἦν,
3479 2739 3793 2812 Χριστιανοῦ

2161 2822 2255 2892 μὶν
2297 2819 2528 2893 αἳματος
2574 2821 2741 2899 ἄμφω
2788 2824 2878 2877 καὶ
2908 2824 3114 2900 γένους,
3159 2828 3193 2895 ἠ
3229 2823 3285 2882 δὲ
3332 2829 3577 2902 Ῥιψίμη,
3612 2828 3787 2905 ὥσπερ

2158 2909 2352 2983 ἀρετὴς
2383 2908 2521 2985 ὥρᾳ,
2555 2908 2695 2965 οὕτω
2729 2909 2795 2981 δὴ
2820 2912 2909 2966 γαὶ
2941 2914 3194 2981 σώματος
3226 2913 3424 2972 κάλλει
3457 2913 3796 2985 διαϐεϐόητο.

2162 2995 2387 3066 Ἐπειδὴ
2418 2999 2600 3052 τοίνυν
2631 3001 2696 3054 τὰ
2724 3000 2861 3054 κατᾶ
2899 3005 3000 3070 τήν
3032 3003 3294 3076 Ῥιψίμην
3345 3003 3598 3074 ἐπύθετο,
3638 3005 3808 3071 ἄλλος

2163 3107 2223 3141 τε
2276 3088 2362 3141 καὶ
2422 3091 2533 3142 τῶν
2605 3087 2902 3167 ζωγράφων
2968 3090 3115 3151 τινὸς
3190 3090 3338 3165 αύτῷ
3395 3091 3809 3169 διαγράψαντος,

427 3188 727 3243 accensus,
758 3186 932 3242 quam
964 3171 1032 3225 ad
1070 3185 1203 3226 eum
1253 3169 1540 3241 depictam
1574 3169 1814 3241 quidam
1872 3169 2055 3241 pictor

2165 3177 2228 3230 τὸ
2259 3181 2359 3244 τῆς
2388 3175 2649 3249 Ῥιψίμης
2702 3174 2866 3243 εἶδος,
2906 3178 2995 3233 καὶ
3025 3179 3131 3255 γὰρ
3158 3180 3247 3235 καὶ
3279 3182 3314 3250 ἡ
3347 3181 3506 3237 εἰκὼν
3551 3180 3813 3259 ἀνέφλεγε

427 3238 722 3327 attulerat,
748 3238 933 3331 ipsam
981 3259 1212 3313 amabat
1261 3238 1791 3328 vehementissime,
1820 3238 1891 3314 etv
1921 3259 2055 3314 atl‘e-

2167 3264 2229 3318 τὸ
2269 3266 2433 3337 μέρος
2480 3265 2659 3333 αὐτὸν,
2710 3238 3115 3339 θερμότατα-τέ
3161 3238 3329 3338 αὐτῆς
3378 3266 3503 3345 ἤρα.
3559 3246 3667 3329 Καὶ.
3707 3238 3811 3328 ὑπὸ

426 3350 637 3408 ctionis
657 3354 832 3406 (nstro
863 3347 1258 3404 concitabatur
1290 3352 1565 3421 :eratque
1594 3348 1691 3403 ille
1711 3363 1874 3403 amor
1904 3363 2061 3402 mera

426 3439 657 3495 insania
686 3442 742 3494 et
800 3436 969 3508 plane
1009 3436 1219 3492 rabies.
1253 3440 1321 3491 Et
1357 3435 1457 3492 ille
1495 3434 1732 3506 quidem
1779 3434 1877 3489 diu
1927 3440 2061 3491 ante

426 3528 660 3598 parabat
706 3526 963 3597 nuptiae,
993 3528 1050 3580 et
1096 3524 1306 3580 festum
1376 3524 1722 3596 praadicabat
1781 3538 1795 3578 :
1855 3525 1911 3577 et
1961 3538 2060 3579 eos

426 3616 840 3688 congregabat,
868 3614 966 3685 qui
994 3613 1233 3669 erantin
1266 3614 1489 3685 nuptiis
1519 3613 1571 3668 ei
1601 3612 1932 3670 inservituri
1960 3629 1973 3667 :
2007 3616 2062 3668 et

425 3707 496 3761 ad
529 3704 846 3775 Ripsimem
906 3702 1067 3758 misit
1104 3703 1455 3771 adulatores,
1489 3704 1590 3774 qui
1637 3703 1709 3757 de
1738 3701 1957 3772 nuptiis
2008 3702 2061 3757 ei

427 3790 841 3865 signiﬁcarent,
873 3794 930 3844 et
980 3789 1318 3844 nuntiarent
1344 3805 1441 3845 eas
1481 3790 1603 3858 jam
1634 3804 1762 3845 esse
1807 3795 2060 3861 paratas,

427 3881 583 3954 quod
614 3880 683 3937 ad
715 3880 909 3951 ipsum
943 3877 1179 3950 quidem
1200 3878 1501 3935 attinebat.

497 4057 697 4114 XVIII.
726 4055 829 4114 Illa
859 4058 1054 4111 autem
1085 4053 1245 4126 (quid
1285 4054 1439 4113 enim
1473 4071 1572 4128 per
1599 4057 1788 4128 ipsam
1819 4056 2058 4129 virgini-

425 4150 601 4203 tatem
628 4145 700 4201 ad
732 4146 856 4201 haec
886 4142 1157 4214 cogitarit
1186 4147 1288 4200 aut
1316 4145 1527 4201 dixerit
1554 4145 1735 4217 virgo,
1764 4161 1893 4217 quas
1932 4146 2056 4217 jam

426 4234 563 4291 olim
618 4233 1046 4291 cohabitantem
1106 4232 1281 4306 elegit
1326 4233 1767 4305 continentiam,
1815 4239 1872 4292 et
1919 4235 2061 4292 solis

423 4327 565 4382 vivit
594 4326 1011 4397 leguminibus,
1042 4330 1101 4382 et
1129 4330 1283 4383 totas
1314 4331 1517 4383 noctes
1546 4332 1810 4384 versatur
1838 4327 1895 4383 in
1929 4344 2058 4382 ora-

425 4416 603 4483 tione,
626 4419 686 4470 et
716 4414 1083 4470 necinterdiu
1110 4415 1343 4471 desistit
1365 4416 1438 4471 ab
1456 4415 1679 4487 hymnis
1702 4416 1759 4471 in
1778 4416 2022 4485 Deum?)
2042 4434 2057 4473 ε

2164 3357 2261 3407 τοῦ
2292 3354 2465 3437 πόθου
2514 3350 2877 3428 διοιστροῦτο,
2924 3357 3013 3411 καὶ
3066 3358 3281 3431 μανίᾳὸ
3311 3354 3447 3434 ἔρως
3494 3362 3586 3415 καὶ
3635 3360 3811 3437 λύσσῃ

2162 3441 2229 3508 ἦν
2259 3435 2510 3514 ἀκριϐής·
2568 3442 2728 3497 καὶὸ
2780 3444 2874 3515 μὲν
2929 3441 2995 3513 δὴ
3053 3446 3119 3501 τὰ
3175 3447 3426 3524 γαμήλια
3482 3435 3806 3525 ηύτρεπιζεν

2163 3527 2223 3584 ἐκ
2250 3528 2465 3585 πολλοῦ
2497 3530 2583 3585 καὶ
2618 3532 2717 3600 τὴν
2751 3531 2943 3606 ἐορτὴν
3001 3532 3277 3608 ἐκήρυττε,
3324 3539 3452 3599 τοὺς
3498 3539 3590 3593 τὸν
3631 3560 3810 3616 γαμον

2160 3640 2220 3674 τε
2266 3620 2442 3674 αὐτῶν
2502 3616 2993 3696 διακονησαμένους
3058 3632 3277 3700 συνῆγε,
3356 3627 3444 3681 καὶ
3510 3628 3644 3703 πρὸς
3708 3631 3811 3698 τήν

2163 3708 2420 3782 Ῥιψίμην
2484 3709 2611 3770 τοὺς
2677 3709 2917 3772 κολακας
2976 3711 3205 3785 ἔπεμπε,
3260 3716 3350 3769 καὶ
3414 3714 3615 3791 λόγους
3672 3716 3815 3790 αὐτῇ

2162 3797 2287 3870 περὶ
2339 3794 2532 3871 γάμων
2582 3805 2855 3876 προσῆγε,
2914 3802 3002 3856 καὶ
3066 3801 3342 3858 ὑπετίθετο
3409 3803 3818 3878 ἐμπαράσκευον

2165 3881 2273 3953 ἤδη
2307 3884 2372 3939 τὰ
2399 3886 2535 3959 πρὸς
2562 3885 2778 3959 αὐτοὺς,
2813 3889 2969 3944 εἶναι.

2167 4138 2180 4153 ἳ
2235 4065 2340 4121 IH'.
2374 4066 2437 4122 Ἠ
2469 4062 2526 4120 δὶ
2563 4064 2639 4137 (τί
2680 4068 2781 4143 γὰρ
2835 4067 2896 4123 ἄν
2954 4069 3090 4143 πρὸς
3136 4076 3236 4139 τῆς
3285 4074 3597 4147 παρθενείας
3645 4076 3817 4147 αὐτῆς

2163 4155 2412 4225 εννοήσοι
2476 4158 2613 4231 πρὸς
2661 4161 2827 4213 ταῦτα
2862 4156 2890 4227 ξς
2923 4156 3206 4237 φθίλξαιτο
3253 4163 3287 4230 ἡ
3340 4162 3584 4219 σύνοικον
3636 4166 3811 4222 πάλαι

2161 4243 2261 4310 τὴν
2337 4240 2645 4318 ἐγκράτειαν
2720 4242 2954 4318 ἒλομένη
3033 4248 3313 4321 παρθένος,
3390 4249 3479 4305 καὶ
3555 4251 3808 4326 ὀσπρίοις

2161 4328 2420 4398 ἂποζῶσα
2451 4330 2659 4404 μόνοις,
2683 4333 2773 4388 καὶ
2802 4333 2997 4395 νύκτας
3044 4333 3179 4397 ὅλας
3219 4340 3286 4409 τῇ
3338 4336 3470 4413 φίλῃ
3520 4345 3805 4417 προσευχῇ

2164 4419 2421 4493 σύρουσα,
2452 4420 2542 4475 καὶ
2575 4418 2716 4493 μηδὲ
2748 4421 2957 4498 ἡμέρας
3014 4428 3121 4479 τῶν
3177 4424 3254 4487 εἲς
3304 4426 3369 4481 τὸ
3416 4432 3570 4483 Θεῖον
3626 4428 3807 4502 ὕμνων

425 4502 549 4559 Non
574 4507 630 4591 te
659 4502 1105 4573 tallam,sponee
1132 4502 1380 4568 Christe,
1410 4503 1591 4559 dixit:
1627 4519 1741 4559 non
1762 4509 1823 4559 te
1852 4506 2055 4574 probro

2165 4506 2502 4581 ἀφισταμένη
2540 4529 2553 4579 ;
2586 4508 2657 4565 Οὒ
2688 4512 2960 4585 ψεύσομαι
2999 4534 3077 4581 σε,
3125 4514 3323 4591 νυμφίε
3358 4518 3579 4590 Χριστὶ,
3628 4521 3801 4576 εἶπεν·

425 4607 492 4648 ac
523 4590 801 4645 dedecore
839 4588 1112 4655 afﬁciam,
1145 4605 1178 4644 ο
1235 4590 1411 4645 chara
1456 4590 1758 4662 virginitas
1791 4607 1805 4645 :
1838 4608 1952 4647 non
2001 4600 2055 4648 te

2167 4595 2265 4651 οὐκ
2320 4597 2565 4673 αἴσχυνῶ
2617 4620 2691 4668 σε,
2751 4600 3008 4674 παρθενία
3064 4601 3222 4680 φίλη,
3292 4604 3353 4659 ού
3415 4603 3685 4681 προδώσω
3724 4630 3803 4678 σε,

425 4679 690 4753 prodam,
723 4682 909 4733 mater
956 4677 1327 4734 continentia.
1362 4679 1561 4750 Itaque
1590 4678 1726 4747 Deo,
1758 4679 1861 4752 qui
1899 4681 2060 4738 solus

427 4771 654 4841 poterat
682 4766 733 4823 ei
783 4766 919 4823 dare
976 4765 1245 4835 salutem,
1297 4768 1563 4838 adjutore
1617 4767 1900 4835 invocato,
1942 4786 2057 4827 non

426 4857 788 4927 necessariis,
846 4873 959 4913 non
1015 4856 1239 4925 amicis,
1280 4873 1397 4913 non
1448 4858 1811 4930 parentibus,
1870 4877 2059 4933 neque

427 4945 562 5003 ullis
594 4945 723 5002 aliis
742 4950 867 5003 erat
896 4944 1133 5002 omnino
1167 4945 1404 5002 munita.
1441 4947 1516 5003 De
1570 4946 1683 5004 alio
1712 4947 1910 5020 itaque
1944 4950 2060 5005 mi-

425 5034 641 5104 grando
670 5034 865 5089 statim
892 5032 1181 5090 consultat
1208 5038 1265 5090 et
1293 5034 1536 5091 comites
1565 5035 1748 5092 bonas
1777 5038 1920 5093 alias
1968 5038 2054 5095 in-

424 5123 582 5178 venit
625 5122 899 5195 virgines,
931 5140 1059 5195 quas
1093 5127 1259 5180 erant
1286 5124 1338 5179 ei
1368 5128 1425 5180 et
1451 5123 1579 5179 vitae
1613 5128 1669 5180 et
1704 5125 1932 5181 virtutis
1962 5143 2055 5183 so-

425 5211 548 5279 cias,
578 5210 868 5282 imprimis
907 5220 1101 5268 autem
1141 5211 1471 5284 prafectam
1510 5213 1806 5270 Gaianam.
1840 5215 1908 5271 Et
1940 5231 2051 5272 non

425 5298 789 5366 dubitarunt,
822 5299 1049 5356 etiamsi
1085 5316 1200 5372 prae
1230 5300 1413 5357 multa
1441 5301 1635 5358 inedia
1658 5303 1777 5372 jam
1810 5301 2055 5359 defecis-

425 5389 575 5452 sent,
600 5387 1118 5459 peregrinationem
1138 5390 1457 5462 suscipere,
1476 5392 1576 5448 sed
1598 5391 1748 5446 sicut
1768 5405 2055 5462 passeres,

424 5488 559 5532 cum
616 5488 684 5529 ea
730 5475 1148 5548 transmigrant
1202 5478 1263 5535 in
1304 5479 1606 5535 barbaram
1655 5478 2052 5536 Armeniorum

424 5558 738 5629 regionem.
766 5562 867 5617 Eas
898 5564 1053 5621 enim
1073 5565 1350 5624 incitabat
1378 5569 1550 5623 etiam
1581 5568 1650 5623 ad
1685 5566 2053 5640 migrandum

426 5651 774 5719 praeceptum
808 5647 1201 5724 Dominicum,
1234 5656 1432 5714 dicens
1467 5671 1533 5710 ;‹‹
1559 5656 1613 5711 Si
1646 5654 1928 5730 persecuti
1953 5670 2052 5712 vos

2168 4692 2342 4761 μῆτερ
2392 4687 2695 4763 ἐγκράτεια.
2756 4688 2852 4743 Καὶ
2901 4686 3038 4758 δῆτα
3086 4689 3217 4765 ὅπερ
3266 4694 3436 4762 αὐτὴν
3480 4695 3569 4750 καὶ
3618 4697 3804 4769 μόνον,

2163 4775 2230 4843 ἦν
2260 4780 2428 4831 σῶσαι
2482 4774 2797 4849 δυνάμενον,
2842 4776 2904 4832 ού
2947 4778 3051 4853 γὰρ
3105 4783 3475 4853 προσήκουσιν
3517 4785 3581 4840 ού
3621 4784 3805 4862 φίλοις

2165 4862 2225 4917 ού
2254 4864 2537 4938 πατράσιν,
2571 4864 2674 4921 ούκ
2718 4865 2911 4928 ἄλλοις
2958 4868 3067 4921 τισὶ
3112 4868 3172 4923 οὸ
3219 4871 3469 4944 παράπαν
3507 4874 3799 4953 ὠχύρωτο.

2166 4959 2575 5025 μεταναστεῦσαι
2655 4954 2966 5029 βουλεύεται
3070 4960 3393 5032 παραυτίκα,
3457 4964 3544 5018 καὶ
3614 4986 3799 5043 συνερ-

2162 5041 2293 5115 γοὺς
2352 5042 2556 5116 ἀγαθὰς
2602 5044 2698 5105 τὰς
2764 5043 2939 5107 ἄλλας
2996 5046 3231 5123 εὑρίσκει
3295 5049 3610 5126 παρθένους,
3677 5041 3798 5112 ὅσαι

2160 5129 2378 5198 καὶτῆς
2420 5128 2630 5201 διαίτης
2673 5132 2808 5207 αὐτῇ
2874 5136 2965 5188 καὶ
3029 5140 3128 5202 τῆς
3193 5136 3388 5210 ἀρετῆς
3452 5137 3794 5207 ἐκοινώνουν,

2162 5218 2264 5276 Καὶ
2295 5217 2393 5273 οὐκ
2458 5214 2707 5290 ὥκνησάν
2754 5243 2833 5297 γε,
2874 5223 3051 5280 καίτοι
3109 5224 3481 5284 ἐκλελοιπυῖαι
3541 5231 3644 5288 ὑπὸ
3699 5241 3803 5305 τῆς

2160 5304 2378 5399 πολλῇς
2408 5308 2618 5371 ἀσιτίας
2650 5308 2783 5380 ἤδη,
2814 5310 2959 5367 ἀλλᾶ
2991 5314 3464 5385 μεταναστύεουσιν
3494 5319 3571 5382 ὡς
3601 5304 3803 5399 στρου-

2161 5393 2249 5487 θία
2315 5394 2403 5451 ἐπὶ
2468 5400 2568 5466 τήν
2619 5395 2889 5475 βάρϐαρον
2958 5406 3067 5458 τῶν
3152 5404 3449 5478 ’Δρμενίων
3512 5407 3607 5464 σὺν
3661 5393 3800 5487 αὐτῇ

2158 5485 2367 5574 χώραν.
2466 5488 2748 5563 Παρώρμα
2838 5491 2942 5567 γὰρ
3029 5490 3193 5554 αὐτὰς
3257 5496 3344 5550 καὶ
3409 5498 3444 5565 ἠ
3499 5485 3801 5574 Δισποτικῆ

2161 5571 2355 5641 ἐντολὴ
2399 5576 2530 5649 πρὸς
2593 5579 2692 5647 τήν
2767 5581 3102 5651 μετοίκησιν.
3164 5582 3289 5641 Ἐὰν
3346 5584 3607 5656 διώξωσιν
3660 5571 3803 5666 ὑμᾶς

2159 5659 2264 5714 ἀπὸ
2337 5661 2500 5732 τῆσδε
2574 5673 2672 5733 τῆς
2747 5664 2982 5736 πόλεως,
3068 5669 3327 5747 λέγουσα,
3422 5674 3641 5751 φεύγετε
3698 5659 3795 5745 ἐἷς
