4142 6248
252 368 369 430 965

1254 355 1437 417 VITA
1484 356 1547 415 S.
1596 349 1967 414 GREGORII
2012 350 2648 414 ILLUMINATORIS.

3533 356 3651 413 966

247 521 605 598 τήνᾶλλην.
670 519 947 578 Ἕνθεντοι
1012 514 1101 570 καὶ
1159 513 1478 589 ἀπαίρουσιν
1537 511 1737 576 ἐκεῖθεν
1798 510 1891 565 σὺν

2022 511 2221 569 'uerint
2249 512 2308 570 in
2350 513 2455 571 hac
2484 512 2735 580 civitate,
2763 509 2941 581 fugite
2972 511 3030 567 in
3059 512 3235 569 aliam
3253 511 3296 571 ⁴.
3320 535 3349 566 »
3376 518 3652 587 Prompto

253 613 559 692 προθυμίᾳ,
615 609 706 666 καὶ
763 606 815 663 ἐν
870 605 1099 682 Ἀραρᾶτ
1157 603 1475 678 κατάγονται
1526 600 1719 692 πόλει.
1781 606 1898 670 Δη-

253 685 341 761 νοὶ
387 685 449 758 δὲ⁷
498 702 634 771 ἦσαν
692 695 878 757 αὐταῖς
910 696 945 764 ἡ
984 694 1300 767 καταγωγή.
1366 686 1589 758 Ἐπειδή
1659 685 1715 742 δὶ
1770 707 1902 742 παν.

254 793 484 849 τάπασιν
524 788 768 862 ἠπόρουν
830 786 938 837 τῶν
1005 778 1331 854 ἀναγκαίων,
1411 778 1509 851 μία
1580 797 1663 838 τις
1722 774 1900 830 αὐτῶν

262 882 315 938 ἒν
353 882 473 943 ταῖς
504 877 663 958 χερσῖ
692 879 792 945 τὴν
823 870 1021 929 ἐλπίδα
1051 874 1147 925 τοῦ
1179 868 1301 943 βίου
1351 867 1572 942 θεμένη,
1622 866 1743 941 περὶ
1800 866 1898 934 τήν

256 953 654 1043 ταλασιουργόν
686 984 746 1020 τε
775 963 897 1037 εἶχε
924 961 1125 1035 τέχνην
1167 958 1258 1011 καὶ
1299 957 1386 1011 ὑπ’
1435 956 1605 1024 αὐτὴν
1656 953 1901 1009 ἐπονεῖτο

257 1062 349 1115 καὶ
401 1059 467 1116 τὸ
530 1056 766 1112 ἐντεῦθεν
809 1051 946 1125 αὐτῇ
1004 1047 1385 1123 ποριζόμενον,
1452 1045 1529 1108 εἰς
1601 1042 1901 1120 διατροφὴν

259 1149 521 1220 ἀνήλισκε
574 1148 682 1201 τῶν
738 1140 1035 1216 παρθένων.
1097 1134 1485 1206 Διοκλητιανὸς
1535 1131 1592 1188 δὲ
1645 1134 1905 1206 πονήρως

256 1260 316 1296 τε
345 1234 453 1307 ἤδη
485 1239 563 1307 τῷ
594 1232 755 1308 ἔρωτι
785 1224 955 1305 ἔχων,
977 1226 1065 1283 καὶ
1098 1226 1277 1281 οὐκέτι
1305 1223 1424 1285 οἷός
1454 1243 1510 1278 τε
1550 1220 1625 1277 ὢν
1656 1223 1903 1295 ἠρεμεῖν,

263 1325 451 1394 ἐπειδὴ
476 1324 647 1380 πάντα
700 1320 856 1377 λίθον
907 1318 1131 1387 κινήσας
1190 1312 1383 1388 ἔμαθεν
1438 1310 1586 1386 παρά
1649 1313 1718 1383 τῇ
1775 1310 1901 1383 Ἀρ-

266 1415 459 1492 μενίων
492 1413 652 1491 χώρᾳ
681 1411 782 1479 τήν
814 1408 1071 1482 Ῥιψίμην
1126 1404 1563 1479 μεταναστεῦσαι,
1610 1400 1684 1461 ὼς
1736 1398 1904 1473 εἶχεν,

263 1484 418 1569 εὐθὺς
466 1484 661 1578 γράφει
713 1503 792 1570 τῷ
829 1503 932 1566 τῆς
990 1491 1278 1566 Ἀρμενίας
1342 1488 1558 1567 βασιλεῖ
1604 1484 1903 1560 Τηριδατῃ,

261 1593 407 1650 ἄλλα
435 1576 493 1648 τε
535 1576 672 1645 κατά
719 1589 1046 1663 Χριστιανῶν
1110 1582 1210 1638 οὐκ
1272 1579 1452 1655 ὀλίγα,
1514 1577 1607 1633 καὶ
1671 1576 1745 1639 ὡς
1800 1576 1904 1644 τὴν

259 1682 545 1760 ἐρωμένην
623 1677 770 1749 αὐτῷ
846 1672 1107 1748 Ῥιψίμην
1203 1668 1499 1745 πανούργῳ
1573 1666 1663 1721 καὶ
1706 1664 1900 1760 ,γόητι

261 1752 459 1846 ὁμιλίᾳ
520 1764 951 1845 ὑποδραμόντες,
1017 1760 1296 1816 ἀνέπεισαν
1362 1764 1461 1827 τῆς
1529 1757 1665 1846 μετ’⁸
1701 1752 1903 1809 ἐκείνου

2009 601 2207 673 itaque
2237 606 2293 658 et
2320 602 2492 657 alacri
2537 602 2730 657 animo
2778 598 2938 655 illinc
2966 600 3433 671 proﬁciscuntur,
3467 606 3524 657 et
3551 619 3649 659 ve-

2010 690 2181 746 niunt
2207 691 2261 747 in
2294 690 2582 746 civitatem
2626 692 2851 745 Ararat.
2882 689 3223 746 Torcularia
3251 695 3447 747 autem
3477 694 3655 746 erant

2010 779 2095 836 eis
2127 779 2543 837 habitaculum.
2577 781 2719 837 Cum
2765 782 2957 833 autem
2993 778 3076 834 eis
3109 780 3307 834 omnia
3338 780 3652 836 deficerent

2010 871 2358 937 necessaria,
2391 871 2654 942 quaedam
2685 884 2755 923 ex
2771 869 2871 936 eis,
2905 883 3006 937 spe
3041 868 3284 939 parandi
3316 868 3429 923 sibi
3459 868 3648 923 victus

2011 962 2202 1033 posita
2248 962 2306 1016 in
2353 960 2643 1026 manibus,
2694 958 3069 1013 versabantur
3116 965 3169 1012 et
3215 957 3558 1013 laborabant
3589 956 3647 1010 in

2012 1058 2130 1106 arte
2165 1049 2421 1117 lanificii,
2453 1056 2507 1106 et
2554 1048 2702 1119 quod
2755 1046 2891 1101 hinc
2938 1046 3049 1102 sibi
3097 1047 3396 1117 parabant,
3427 1061 3646 1101 consu-

2011 1139 2240 1194 mebant
2271 1140 2341 1194 ad
2373 1143 2606 1194 caeteras
2655 1136 2896 1192 alendas
2938 1134 3218 1206 virgines.
3253 1133 3648 1191 Diocletianus

2011 1233 2205 1283 autem
2237 1242 2371 1283 cum
2403 1232 2457 1283 et
2487 1241 2675 1281 amore
2707 1225 2830 1295 jam
2863 1223 3126 1294 improbe
3155 1228 3360 1295 captus
3390 1228 3564 1288 esset,
3593 1226 3651 1277 et

2014 1332 2129 1371 non
2189 1321 2385 1386 posset
2433 1312 2685 1384 amplius
2735 1312 3049 1384 quiescere,
3104 1315 3437 1382 postquam,
3487 1310 3647 1365 omni

2016 1409 2171 1461 moto
2202 1404 2413 1475 lapide,
2447 1403 2665 1472 accepit
2695 1400 2977 1472 migrasse
3026 1398 3343 1469 Ripsimem
3376 1399 3434 1454 in
3466 1398 3651 1470 regio-

2014 1512 2148 1551 nem
2178 1494 2601 1561 Armeniorum,
2634 1490 2832 1547 scribit
2879 1489 3072 1545 statim
3119 1489 3192 1544 ad
3227 1504 3417 1559 regem
3447 1491 3649 1544 Arme-

2014 1585 2121 1639 nim
2157 1584 2501 1648 Teridatem,
2533 1586 2589 1639 ct
2619 1581 2732 1636 alia
2776 1596 2891 1635 non
2937 1595 3119 1650 pauca
3148 1579 3426 1634 adversus
3456 1578 3648 1634 Chris-

2014 1673 2226 1741 tianos,
2257 1676 2315 1728 et
2359 1672 2510 1743 quod
2543 1688 2576 1725 a
2620 1685 2682 1726 se
2727 1668 3002 1724 dilectum
3056 1666 3372 1738 Ripsimem
3404 1666 3562 1722 vafro
3593 1670 3650 1722 et

2012 1762 2265 1818 venefico
2297 1776 2565 1816 sermone
2609 1757 2985 1830 pellicientes,
3019 1756 3071 1812 ei
3119 1759 3554 1827 persuaserunt,
3585 1758 3651 1810 ut

264 1841 564 1925 συνουσίας,
640 1841 738 1927 τήν
803 1855 893 1912 ἐπὶ
958 1855 1107 1927 ξένης
1172 1850 1387 1914 ἑλέσθαι
1454 1841 1762 1949 διατριϐὴν,
1814 1841 1904 1899 καὶ

2022 1849 2215 1907 mallet
2260 1849 2322 1905 in
2389 1855 2626 1903 externa
2690 1846 2878 1901 vivere
2922 1844 3174 1916 regione,
3225 1847 3281 1898 et
3329 1858 3457 1898 eam
3515 1857 3647 1898 cum

260 1951 455 2025 ἄτιμον
489 1949 542 2004 ἐν
612 1946 747 2020 αὐτῇ
803 1942 1075 2013 πλανῆτιν
1141 1939 1424 2015 περιιένοι.
1491 1932 1737 1994 Εὕκολον
1801 1933 1903 2009 γὰρ

256 2021 392 2116 γυνῆ
434 2040 571 2115 πρὸς
620 2037 829 2106 ἀπάτην
893 2033 982 2088 καὶ
1048 2035 1274 2108 κοῦφοψ
1334 2031 1451 2083 Δεῖν
1512 2023 1568 2081 δὲ
1623 2023 1787 2093 αὐτὴν
1850 2021 1910 2076 ἐκ

267 2112 722 2202 παντὸςντρόπου
786 2123 839 2180 ἐν
908 2125 976 2197 τῇ
1046 2119 1349 2194 ’Δρμενίων
1413 2113 1726 2190 ἀνευρόντα,
1782 2112 1907 2202 παρ’

263 2220 426 2275 αὐτὸν
464 2216 816 2289 ἀναπέμπειν.
861 2211 924 2269 El
975 2208 1033 2266 δὲ
1076 2208 1165 2263 καὶ
1215 2208 1410 2279 ἑαυτῷ,
1468 2203 1625 2284 φησὶ,
1686 2199 1913 2256 συνοικί-

266 2328 441 2375 ταιτο,
464 2305 554 2361 καὶ
592 2308 752 2360 τοῦτο
783 2300 942 2356 αὐτὸν
976 2299 1248 2375 εὐφρανεῖν
1284 2292 1438 2351 οὐδὲν
1464 2292 1650 2361 ἧττον.

336 2487 435 2545 ΙΘ’.
468 2486 648 2542 Ταῦτα
686 2476 875 2549 ἐπειδή
945 2478 1021 2538 ὡς
1084 2476 1177 2530 τὸν
1243 2469 1548 2546 Τηριδάτην
1608 2470 1674 2524 τὰ
1731 2465 1911 2544 γραμ-

264 2594 409 2648 ματα
455 2575 605 2642 ἧκεν,
664 2568 913 2643 ἀνίχνευε
970 2567 1065 2627 τὰς
1123 2561 1421 2636 παρθένους
1478 2558 1681 2619 ἐκεῖνος
1742 2574 1911 2630 παρα-

266 2644 463 2741 χρῆμα
492 2660 581 2715 καὶ
614 2657 901 2733 ἀνηρεόνα.
935 2656 1024 2717 Ὠς
1056 2650 1113 2708 δὲ
1141 2652 1230 2707 καὶ
1271 2650 1322 2706 ἐν
1348 2653 1465 2710 τοῖς
1510 2646 1703 2717 ληνοῖς
1742 2644 1908 2704 αὐτάς

267 2733 593 2827 κρύπτεσθαι
626 2745 957 2818 μεμαθήκοι,
991 2740 1166 2801 δείσας
1200 2741 1299 2827 μὴ,
1331 2737 1763 2827 προαισβόμεναι
1807 2733 1905 2800 τὴν

264 2819 499 2912 ἔρευναν,
534 2832 733 2889 ἐκεῖθέν
764 2852 823 2886 τε
854 2828 1171 2912 διαφύγοιεν
1210 2826 1299 2880 καὶ
1350 2822 1400 2912 ἐν
1435 2820 1630 2893 ἀδήλῳ
1677 2819 1908 2891 ἀποχω-

273 2905 503 2999 ρήσωσι;
536 2924 747 2999 φρουρᾷ
774 2918 836 2973 τὸ
886 2905 1092 2991 χωρίον
1135 2905 1517 2982 διαλαμϐάνει.
1568 2907 1671 2962 Καὶ
1725 2905 1908 2978 μαθὼν

267 2992 370 3067 ἀπὸ
398 3015 505 3067 τῶν
539 2992 785 3064 ίόόντων.
808 3004 1095 3078 Ῥιψίμην,
1120 3000 1193 3062 ὡς
1226 2996 1311 3068 εἴη
1335 2996 1562 3071 περιττή
1594 2993 1653 3047 τὸ
1683 2992 1911 3059 καλλος,

271 3101 363 3155 καὶ
414 3096 655 3177 χαρίτων
722 3092 957 3168 ἀφθονίᾳ
1018 3088 1162 3145 πολὺ
1218 3087 1280 3143 τὸ
1347 3083 1628 3159 ἐπαγωγὸν
1687 3078 1910 3154 ἔχουσα,

274 3167 572 3266 ὑπετόφετο
602 3181 712 3255 ἤδη
743 3167 823 3255 τῷ
853 3180 989 3257 πρὸς
1023 3177 1188 3246 αὐτὴν
1249 3173 1432 3249 ἔρωτι,
1473 3171 1563 3227 καὶ
1628 3167 1913 3244 βασιλικὰς

2019 1937 2225 2009 probro
2272 1942 2326 1991 et
2373 1933 2696 2006 ignominia
2742 1935 3034 1987 errantem
3082 1930 3263 1999 obire,
3295 1944 3471 2000 quam
3511 1943 3646 1984 cum

2016 2042 2082 2082 eo
2113 2024 2395 2081 habitare.
2430 2023 2529 2079 Est
2559 2021 2712 2077 enim
2753 2017 2989 2085 femina,
3024 2017 3232 2082 aiebat,
3266 2032 3357 2072 res
3406 2017 3647 2087 deceptu

2016 2115 2225 2174 facilis.
2260 2114 2520 2185 Bogahat
2548 2114 2767 2177 autem,
2792 2112 2858 2164 ut
2886 2123 3019 2162 cum
3051 2106 3323 2162 omnibus
3353 2105 3543 2161 modis
3570 2105 3650 2177 ip-

2018 2222 2144 2263 sam
2194 2202 2517 2261 invenisset
2562 2200 2621 2255 in
2660 2197 2954 2266 Armenia,
3005 2196 3076 2251 ad
3125 2210 3259 2251 eum
3309 2195 3648 2249 remitteret.

2019 2294 2179 2360 Quod
2211 2292 2405 2349 sicam
2428 2304 2659 2361 quoque
2680 2286 2788 2342 sibi
2811 2286 3163 2356 conjungere
3185 2281 3401 2350 mallet,
3424 2281 3486 2338 id
3514 2297 3650 2337 eum

2019 2396 2135 2436 non
2168 2377 2379 2434 minori
2408 2375 2617 2449 gaudio
2649 2374 3013 2430 effecturum.

2086 2470 2227 2526 XIX.
2262 2472 2571 2537 Postquam
2620 2464 2709 2520 hae
2741 2461 2940 2517 litterae
2987 2462 3272 2516 venerunt
3302 2459 3373 2514 ad
3414 2458 3649 2514 Terida-

2017 2564 2160 2623 tem,
2193 2557 2288 2612 ille
2318 2554 2510 2612 statim
2541 2552 2796 2625 virgines
2830 2548 3219 2620 investigabat
3246 2552 3303 2603 et
3351 2547 3650 2602 scrutaba-

2017 2656 2130 2703 tur.
2164 2648 2306 2703 Cum
2332 2649 2526 2701 autem
2570 2642 2887 2713 accepisset
2917 2655 3013 2694 eas
3044 2639 3219 2693 latere
3261 2638 3320 2692 in
3353 2635 3652 2692 torculari-

2018 2738 2150 2803 bus,
2181 2734 2396 2790 timens
2417 2747 2511 2799 ne,
2534 2729 2580 2784 si
2604 2726 3048 2801 praesensissent
3067 2741 3129 2780 se
3150 2723 3353 2797 quaeri,
3374 2723 3535 2778 illinc
3555 2740 3652 2777 au-

2019 2827 2300 2897 fugerent,
2332 2826 2389 2877 et
2427 2820 2486 2875 in
2530 2818 2724 2874 locum
2776 2816 3065 2872 incertum
3115 2813 3469 2878 recederent,
3517 2826 3652 2867 eum

2020 2918 2211 2967 locum
2257 2914 2504 2978 occupat
2534 2906 2822 2974 praesidio.
2857 2908 2922 2959 Et
2950 2918 3079 2958 cum
3113 2900 3427 2973 accepisset
3460 2915 3529 2955 ex
3560 2899 3650 2967 iis,

2021 3000 2120 3070 qui
2150 2998 2411 3053 viderant
2441 2994 2782 3066 Ripsimem,
2804 3008 2928 3049 eam
2953 3007 3081 3047 esse
3102 2989 3311 3060 insigni
3338 2987 3655 3059 pulchritu-

2021 3088 2176 3154 dine,
2198 3085 2525 3157 leporisque
2546 3088 2602 3137 et
2621 3082 2822 3154 gratiae
2845 3081 3008 3151 copia
3030 3095 3273 3150 magnas
3295 3077 3508 3132 habere
3529 3076 3655 3131 ille-

2021 3175 2239 3240 cebras,
2275 3174 2397 3244 jam
2442 3170 2503 3225 in
2536 3171 2664 3240 ejus
2712 3184 2961 3225 amorem
3014 3173 3337 3222 exarserat:
3369 3170 3427 3220 et
3470 3165 3655 3237 regias

268 3279 409 3352 αὐτῇ
441 3242 640 3337 ἀτολάς
672 3271 827 3338 εὐθὺς
869 3269 959 3326 καὶ
1010 3267 1216 3339 κόσμον
1268 3263 1436 3319 ἄλλον
1488 3261 1774 3332 ἐκπέμπει,
1819 3257 1910 3312 καὶ

2022 3242 2291 3335 protinus
2307 3259 2381 3316 ad
2401 3273 2529 3313 eam
2550 3261 2758 3323 vestes,
2781 3261 2834 3311 et
2869 3256 3050 3310 alium
3092 3254 3377 3309 mundum
3404 3252 3654 3307 emittit:

263 3347 472 3424 κελεύει
527 3366 626 3434 τὴν
676 3362 962 3436 Ῥιψίμην,
1009 3359 1176 3412 ταῦτα
1232 3351 1474 3417 ἐνδῦσαν,
1514 3350 1587 3412 εἰς
1626 3349 1691 3404 τά
1749 3347 1902 3424 βασί-

263 3456 386 3514 λεια
414 3455 539 3531 παρ’
570 3453 731 3509 αὐτὸν
764 3448 965 3517 ἐλθεῖν,
1002 3446 1097 3506 τάς
1129 3442 1185 3500 δὲ
1211 3443 1408 3503 Λοιπὰς
1453 3441 1555 3496 ὑπὸ
1593 3442 1661 3513 τῇ
1698 3442 1905 3516 φρουρᾷ

262 3524 567 3622 τηρεῖσθαι.
603 3540 816 3611 Ἐκείνη
853 3536 1037 3612 μέντοι
1064 3557 1145 3607 τῳ
1194 3533 1270 3593 εἲς
1319 3531 1548 3607 Χριστὸν
1582 3530 1741 3622 πόθῳ
1790 3524 1909 3581 δια-

263 3614 578 3716 φλεγομένη
631 3631 721 3686 καὶ
772 3625 979 3707 σφόδρα
1037 3626 1312 3699 περικαῶς
1359 3620 1524 3676 αὐτοῦ
1580 3614 1804 3693 ἔχοοσα,
1851 3614 1908 3670 ὅν

365 3723 455 3777 καὶ
491 3722 652 3794 μόνον
696 3705 827 3792 ᾔδει
866 3714 1122 3792 νομφίον,
1173 3716 1292 3772 ταῖς
1341 3706 1681 3780 παραινέσεσί
1725 3726 1784 3761 τε
1820 3705 1911 3760 καὶ

267 3793 571 3881 ὑποθήκαις
637 3813 873 3874 Γαῖανῆς
926 3802 1049 3872 ἥτις
1107 3798 1434 3874 ἀνεθρέψατό
1501 3817 1565 3871 γε
1619 3795 1785 3865 αὐτὴν
1854 3793 1913 3848 ἐκ

272 3901 529 3977 βρέφους,
560 3896 650 3952 καὶ
686 3894 764 3957 εἰς
813 3890 936 3950 τόδε
987 3892 1295 3966 προήγαγεν
1337 3885 1581 3958 ἡλικίας,
1632 3884 1720 3939 ἐπὶ
1771 3882 1913 3958 μᾶλ-

271 3989 367 4047 λον
433 3986 784 4061 ὑπερζέουσα,
840 3982 967 4044 τοὺς
1026 4001 1085 4035 τε
1147 3981 1245 4033 τοῦ
1304 3975 1631 4049 μισουμένου
1687 3970 1913 4049 ἐραστοῦ

272 4080 478 4155 λόγους
508 4076 722 4146 ἐπίσης,
751 4074 841 4129 καὶ
868 4073 936 4127 τὰ
972 4067 1283 4144 πεμφθέντα
1341 4064 1576 4133 διέπτυε,
1620 4064 1711 4119 καὶ
1740 4084 1913 4139 προσ-

274 4151 415 4245 ευχῇ
458 4167 592 4242 μετὰ
639 4168 746 4221 τῶν
798 4161 889 4217 σὺν
939 4160 1074 4234 αὐτῇ
1140 4161 1520 4233 προσανεῖχεν.
1564 4156 1653 4212 Ἐν
1702 4151 1813 4225 ὅσῳ
1858 4151 1915 4206 δὲ

268 4238 470 4327 tals;
494 4256 664 4332 εὐχῆς
696 4251 971 4323 διηνύετο,
1000 4248 1091 4303 καὶ
1134 4246 1333 4322 βροντὴ
1382 4244 1580 4318 ἀθροον
1635 4238 1912 4332 ὑπερράγη

268 4346 361 4404 καὶ
390 4324 796 4421 φωνὴ-*ἄνωθεν
842 4342 912 4413 τῇ
968 4339 1167 4413 βροντῇ
1214 4324 1916 4421 ἀπηχεῖτυ,-’Δνδρίςεσθε,

270 4415 537 4512 λέγουσα,
569 4430 661 4486 καὶ
692 4432 956 4502 θυροεῖτε,
999 4424 1115 4497 μεθ’
1166 4422 1317 4494 ὑμῶν
1354 4419 1456 4512 γὰρ
1501 4416 1634 4512 εἷμα
1684 4415 1921 4512 καὶιφυ-

270 4502 617 4599 λαγθήσεῦθέ
650 4534 748 4589 μοι
776 4512 1039 4589 ἀνέπαφοι
1072 4513 1191 4570 ταῖς
1217 4510 1316 4561 τοῦ
1361 4505 1563 4580 ἐχθροῦ
1616 4502 1918 4599 ἐπηρείαιις,

2021 3356 2077 3407 et
2098 3350 2267 3421 jubet
2297 3345 2619 3418 Ripsimem
2650 3343 2742 3399 his
2774 3342 3039 3397 indutam
3063 3342 3134 3395 ad
3165 3356 3227 3396 se
3255 3338 3453 3395 venire
3488 3340 3543 3393 in
3570 3354 3657 3394 re-

2020 3440 2198 3511 giam,
2230 3437 2482 3509 reliquas
2516 3437 2708 3488 autem
2761 3430 2945 3485 teneri
2995 3429 3275 3484 custodia.
3310 3426 3414 3483 Illa
3462 3430 3656 3482 autem

2018 3526 2233 3583 Christi
2284 3526 2512 3581 incensa
2568 3520 2878 3587 desiderio,
2928 3522 2986 3573 et
3031 3518 3157 3588 ejus
3203 3530 3399 3572 amore
3451 3514 3660 3570 ardens

2022 3632 2186 3690 quem
2216 3614 2391 3670 etiam
2434 3610 2622 3667 solum
2657 3611 2893 3665 noverat
2922 3620 3219 3677 sponsum,
3253 3602 3660 3660 suasionibus-

2024 3722 2136 3779 que
2179 3708 2236 3760 et
2280 3701 2517 3757 monitis
2548 3698 2799 3764 Gaianas,
2831 3713 2959 3768 quze
3008 3699 3063 3751 et
3104 3695 3291 3765 ipsam
3337 3693 3560 3749 aluerat
3588 3692 3660 3747 ab

2022 3794 2288 3862 infantia,
2321 3796 2378 3848 et
2404 3792 2472 3847 ad
2509 3804 2633 3846 eam
2686 3788 3027 3858 perduxerat
3055 3788 3302 3849 aetatem,
3334 3782 3521 3855 magis
3553 3782 3661 3837 fer-

2021 3900 2179 3954 vens,
2210 3896 2374 3953 aeque
2403 3883 2460 3934 et
2498 3878 2673 3933 verba
2700 3877 2850 3948 ejus,
2884 3874 2983 3947 qui
3017 3877 3140 3930 erat
3168 3873 3217 3928 ei
3252 3871 3408 3942 odio,
3441 3873 3663 3927 amato-

2024 3974 2125 4040 ris,
2159 3975 2216 4028 et
2244 3987 2372 4043 qua
2406 3968 2581 4025 missa
2612 3967 2841 4022 fuerant
2861 3962 3211 4019 abhorrebat
3240 3966 3299 4017 et
3327 3960 3661 4033 respuebat,

2025 4068 2081 4118 et
2108 4076 2243 4116 cum
2275 4059 2369 4126 iis,
2401 4074 2527 4130 qua
2558 4070 2752 4112 secum
2785 4055 2972 4121 erant,
3004 4052 3240 4106 vacabat
3270 4047 3539 4104 orationi.
3573 4049 3665 4103 In-

2025 4150 2197 4206 terim
2229 4152 2424 4202 autem
2455 4146 2595 4199 dum
2649 4141 3035 4213 peragebatur
3082 4137 3285 4202 oratio,
3321 4136 3542 4191 tonitru
3577 4150 3664 4190 re-

2029 4240 2199 4310 pente
2247 4232 2460 4304 erupit,
2498 4235 2557 4286 et
2603 4245 2709 4283 vox
2754 4229 3002 4297 desuper
3049 4242 3080 4281 e
3118 4222 3339 4310 tonitru
3384 4219 3661 4288 resonuit,

2028 4308 2225 4378 dicens
2256 4336 2271 4376 :
2306 4320 2493 4376 Estote
2527 4316 2660 4372 forti
2690 4314 2908 4378 animo,
2935 4317 2995 4368 et
3019 4309 3311 4367 conﬁdite.
3334 4310 3478 4366 Sum
3509 4308 3664 4364 enim

2026 4410 2329 4468 vobiscum
2362 4425 2377 4465 :
2410 4411 2468 4463 et
2496 4400 2982 4463 conservabimini
3026 4398 3170 4455 mihi
3201 4398 3433 4453 intacta
3480 4396 3553 4452 ab
3582 4396 3667 4452 in-

2030 4500 2283 4557 sultibus
2313 4495 2555 4561 inimici,
2587 4501 2639 4549 et
2669 4488 3077 4564 ingrediemini
3109 4501 3343 4544 mecum
3378 4486 3436 4542 in
3468 4499 3665 4540 meum

271 4573 747 4665 καίέίσελεόσεσθε
780 4604 897 4677 μετ’
926 4598 1064 4674 ἐμοῦ
1096 4596 1173 4661 είς
1201 4597 1291 4652 τὸν
1320 4597 1577 4669 νυμφῶνα
1623 4593 1713 4648 τὸν
1760 4589 1910 4666 ἐμὸν,

2032 4589 2383 4652 thalamum,
2413 4588 2471 4641 et
2516 4580 2814 4654 accipietis
2862 4593 3109 4648 regnum
3160 4573 3326 4632 vobis
3374 4581 3666 4646 paratum.

276 4696 368 4753 καὶ
418 4696 516 4763 τήν
564 4691 974 4765 ἡτοιμασμένην
1032 4687 1157 4761 ὑμῖν
1217 4682 1567 4758 ἀπολήψεσθε
1622 4679 1921 4757 βασιλείαν.

276 4789 459 4847 Ταῦτα
496 4783 531 4852 ἢ
563 4804 620 4837 τε
652 4782 806 4859 φωνή
840 4773 1016 4857 ἔλεγε,
1057 4776 1147 4832 καὶ
1177 4778 1213 4845 ἡ
1250 4775 1448 4851 βροντή
1496 4765 1724 4850 φοϐερὸν
1752 4767 1924 4859 ,ἐκτό-

279 4895 393 4942 πει,
424 4875 514 4929 καὶ
547 4870 636 4927 ἐπὶ
666 4868 810 4925 πολὺ
834 4868 1003 4943 ταύτῃ
1037 4865 1511 4939 συμπαρετείνετο,
1541 4862 1630 4916 καὶ
1674 4858 1922 4921 πολλοὺς

285 4965 380 5039 μὶν
404 4962 463 5019 ἐκ
483 4967 578 5018 τοῦ
608 4957 881 5039 αἰφνιδίου
903 4958 970 5014 τᾶ
987 4958 1127 5029 ἀκοῇ
1158 4958 1545 5030 προσραγεῖσα,
1579 4951 1654 5012 εἷς
1677 4956 1778 5027 γῆν
1800 4970 1925 5004 κατ-

283 5034 468 5121 έλαϐε,
500 5052 591 5106 καί
620 5034 689 5105 τὸ*
713 5047 1029 5128 φθέγγεσθαι
1057 5044 1232 5099 αὐτῶν
1274 5040 1546 5119 ἀφείλετο,
1589 5037 1835 5128 πολλοὺς
1867 5034 1925 5092 δὲ

280 5146 467 5206 ἰππεῖς
494 5142 584 5195 καί
618 5137 790 5194 αὐτῶν
824 5130 1061 5191 ἀπέϐαλε
1095 5136 1203 5187 τῶν
1231 5130 1436 5200 ἳππων,
1482 5129 1571 5183 καὶ
1610 5123 1925 5202 περιϐάντες

282 5230 481 5293 αὐτοὺς
511 5231 602 5284 καὶ
654 5227 1101 5301 συμπατήσαντες
1141 5220 1196 5276 οἷ’
1241 5220 1427 5290 ἳπποι,
1473 5218 1786 5274 ἀπέκτειναν
1834 5216 1924 5270 καὶ

279 5320 429 5384 ὅλως
480 5313 777 5393 ἐθορύϐησε
832 5314 959 5376 τοὺς
1016 5311 1284 5387 παρόντας
1340 5310 1430 5363 καὶ
1480 5308 1555 5369 εἰς
1612 5304 1926 5381 ἀμηχανίαν

280 5392 579 5467 ἐνέϐαλεν(
614 5407 683 5466 0i
742 5403 924 5476 μέντοι
977 5403 1114 5477 πρὸς
1161 5403 1257 5455 τοῦ
1304 5396 1570 5474 βασιλέως
1618 5392 1925 5465 Τηριδάτου

282 5497 565 5561 σταλέντες
639 5496 723 5575 ἐφ’
794 5496 841 5568 ᾧ
917 5493 1015 5561 τήν
1088 5488 1348 5565 Ῥιψίμην
1446 5483 1923 5561 μετακαλέσονται,

365 5683 385 5717 ⁸
415 5680 611 5743 Matth.
646 5698 702 5755 ι,
733 5683 820 5736 23.

2034 4684 2164 4736 Haec
2192 4680 2249 4734 et
2278 4691 2388 4733 vox
2423 4671 2665 4738 dicebat,
2695 4674 2753 4725 et
2782 4667 2998 4723 tonitru
3042 4663 3348 4722 resonabat
3379 4660 3668 4718 horribili-

2032 4777 2135 4840 ter,
2165 4771 2224 4823 et
2254 4781 2370 4821 una
2399 4778 2534 4825 cum
2560 4777 2628 4817 ea
2663 4759 2763 4816 diu
2798 4755 2963 4813 affuit
2993 4770 3008 4811 :
3036 4758 3092 4810 et
3140 4752 3357 4840 multos
3405 4749 3666 4822 quidem,

2033 4836 2165 4915 cum
2198 4856 2433 4926 repente
2462 4848 2752 4922 erupisset
2797 4847 2866 4901 ad
2909 4858 3097 4911 aures,
3149 4839 3311 4926 humi
3362 4836 3589 4908 dejecit,
3617 4844 3672 4893 et

2032 4925 2350 5003 sermonem
2381 4941 2466 4997 eis
2493 4935 2729 4994 abstulit
2760 4950 2774 4989 :
2806 4931 2947 5005 quin
2978 4930 3155 4987 etiam
3196 4925 3412 4984 multos
3442 4925 3669 4995 equites

2033 5033 2204 5108 ejecit
2252 5047 2318 5089 ex
2364 5028 2511 5102 ipsis
2558 5024 2747 5097 equis,
2804 5035 2949 5093 quos
2992 5016 3148 5089 equi,
3205 5012 3558 5071 insultantes
3613 5016 3672 5069 et

2033 5104 2452 5188 consultantes,
2475 5115 2806 5173 occiderunt
2832 5129 2849 5164 :
2893 5112 2950 5165 et
2979 5108 3051 5164 ad
3105 5117 3404 5161 summum
3430 5104 3668 5158 contur-

2036 5212 2187 5272 bavit
2232 5209 2464 5282 penitus
2524 5220 2623 5261 eos
2685 5200 2787 5273 qui
2834 5199 3098 5265 aderant,
3149 5207 3366 5264 eosque
3404 5190 3668 5282 reddidit

2036 5300 2215 5358 animi
2233 5279 2451 5355 idubios
2476 5298 2531 5351 et
2562 5290 2880 5364 perplexas.
2909 5285 3017 5350 Qui
3039 5287 3232 5340 autem
3256 5279 3419 5337 missi
3442 5280 3670 5337 fuerant

2036 5409 2070 5448 a
2099 5406 2227 5460 rege
2273 5385 2562 5452 Teridate,
2591 5386 2657 5436 ut
2703 5377 3058 5434 accerserent
3087 5371 3428 5445 Ripsimem,
3474 5369 3667 5425 animo

2034 5459 2356 5547 contorriti,
2387 5472 2752 5531 revertuntur
2780 5466 2853 5526 ad
2878 5479 3077 5543 regem
3118 5462 3394 5521 deorsum
3423 5459 3665 5520 intuen-
