4142 6248
469 346 584 405 967
1750 332 2037 395 MENSIS
2083 336 2117 397 S

2232 338 2331 398 TE
2344 337 2387 395 \l
2400 337 2570 397 BER.
3740 330 3866 391 968

470 506 581 571 tes,
611 506 665 559 et
699 500 750 558 ei
790 498 1124 559 renuntiant
1151 513 1217 554 ea
1262 512 1389 570 quas
1428 495 1577 552 facta
1594 495 1842 563 fuerant,
1873 502 1926 552 et
1948 496 2104 568 quod

2227 492 2395 573 φόϐου
2460 493 2555 556 τὰς
2624 492 2803 570 ψυχὰς
2872 490 3332 564 ὑποπλησθέντες,
3409 492 3653 550 ἐπανίασι
3717 494 3872 551 κάτω

470 609 576 647 nec
623 592 907 662 acciperet
936 590 1001 645 Ri
1012 589 1200 661 psime
1240 604 1309 643 ea
1355 602 1485 657 qua
1516 585 1697 641 missa
1729 586 1971 651 fuerant,
2002 601 2107 641 nec

2227 586 2455 647 ρεύοντες
2485 585 2621 658 πρὸς
2670 584 2761 638 τὸν
2817 581 3067 658 βασιλέα,
3114 582 3202 637 καὶ
3249 582 3399 655 αύτῷ
3448 580 3874 657 ἀπαγγέλλουσι

472 681 709 737 omnino
763 681 833 735 ad
864 682 999 734 eum
1048 676 1245 732 venire
1276 677 1333 730 in
1364 676 1627 730 animum
1660 674 1976 730 induceret.
2010 674 2111 729 Ille

2227 674 2278 727 τὰ
2312 671 2663 749 γεγενημένα,
2723 672 2813 727 καὶ
2862 672 2936 733 ὡς
2983 670 3106 727 οὔτε
3155 668 3380 750 δέχοιτο
3429 674 3464 741 ἡ
3514 673 3745 747 Ῥιψίμη
3802 674 3875 728 τὰ

2211 762 2540 840 πεμφθέντα,
2575 761 2684 817 οὔθ’
2718 759 2866 823 ὅλως
2904 761 3296 836 παραγενέσθαι
3331 761 3648 836 ἂνάσχοιτο.
3700 762 3761 819 Ὀ
3792 758 3871 826 δὲ,

2212 852 2473 928 χαλεπῶς
2528 851 2779 927 ἀγριάνας
2835 851 2923 905 καὶ
2976 847 3144 922 μηδὲν
3202 853 3340 924 μήτε
3395 848 3469 904 ὧν
3528 848 3872 925 ἀπήγγειλαν

2212 939 2359 1011 αὐτῷ
2401 935 2701 1013 συμϐαλών
2746 944 2887 1007 (πῶς
2937 938 3044 1014 γὰρ
3098 935 3263 1011 ἔρωτι
3319 938 3590 1009 μεθύουσα
3645 941 3870 1012 ψυχη);

2217 1031 2346 1103 μήτ’
2381 1030 2635 1107 αἰσχῦναι
2686 1028 2784 1095 τήν
2832 1026 3092 1099 παρθένον
3143 1023 3454 1097 εὐλαϐηθεί·
3500 1026 3661 1082 Ἀλλ’
3711 1027 3871 1099 ὑμεῖς

472 1130 589 1181 tam
614 1124 901 1180 adducite.
926 1122 1015 1179 Illi
1038 1136 1175 1192 ergo
1199 1135 1326 1176 cum
1351 1134 1528 1192 quam
1563 1117 1845 1173 citissime
1865 1134 2113 1174 concur-

2227 1118 2441 1194 ὶγάγετε
2496 1115 2694 1187 ταύτην
2752 1116 2840 1170 καὶ
2889 1117 3137 1183 ἄκουσαν,
3207 1114 3332 1191 ἔφη.
3374 1115 3537 1173 Οὗτοί
3600 1120 3732 1189 γοῦν
3773 1116 3873 1184 τήν

473 1214 687 1268 rissent
717 1214 785 1268 ad
818 1211 1157 1282 Ripsimem,
1183 1213 1241 1264 et
1270 1224 1398 1263 eam
1429 1206 1578 1261 alius
1610 1205 1843 1261 aliunde
1866 1206 2114 1277 prehen-

2227 1207 2479 1280 ταχίστην
2510 1206 2594 1261 ἐπὶ
2646 1207 2746 1273 τὴν
2790 1204 3054 1278 Ῥιψίμην
3104 1202 3510 1279 συρρεύσαντες,
3555 1203 3646 1258 καὶ
3697 1202 3872 1265 ἃλλος

473 1301 717 1369 dissent,
750 1304 807 1355 et
836 1314 1050 1371 magna
1076 1300 1131 1352 vi
1175 1295 1352 1352 simul
1384 1297 1780 1360 attraxissent,
1812 1295 1885 1350 ad
1917 1309 2111 1366 regem

2227 1297 2450 1360 Ξίλλοθεν
2485 1292 2783 1367 λαϐόμενοι
2809 1296 3013 1365 ταύτης
3039 1296 3127 1349 καὶ
3167 1294 3259 1370 βίᾳ
3308 1293 3497 1367 πολλῇ
3549 1314 3874 1349 συνεπισπα-

477 1389 792 1445 adducunt.
824 1387 932 1442 Illa
962 1393 1178 1451 autem,
1210 1384 1441 1440 etiamsi
1486 1382 1566 1439 sic
1597 1387 1786 1454 capta,
1818 1388 1872 1438 et
1903 1383 1973 1437 ad
2008 1381 2115 1438 hoc

2227 1388 2438 1459 σάμενοι
2487 1390 2566 1457 τῷ
2630 1383 2846 1459 βασιλεῖ
2902 1387 3270 1457 παριστῶσιν.
3325 1384 3390 1438 Ἦ
3436 1379 3493 1438 δὶ
3547 1382 3637 1438 καί
3697 1383 3876 1444 οὕτως

472 1476 691 1534 malum
724 1480 878 1532 esset
918 1476 1172 1541 redacta,
1206 1488 1415 1545 magno
1466 1477 1523 1528 et
1574 1472 1705 1527 forti
1751 1471 1937 1527 animo
1971 1471 2112 1526 illud

2227 1475 2631 1553 ἰπολειφθεῖσα,
2672 1474 2763 1528 καὶ
2832 1472 2907 1533 εἷς
2974 1476 3136 1527 τοῦτο
3188 1474 3357 1526 κακοῦ
3413 1476 3731 1547 περιστᾶσα,
3774 1470 3874 1526 ἀν-

472 1566 761 1622 canebat:
806 1584 834 1615 «
884 1563 1052 1633 Eripe
1093 1580 1125 1617 a
1170 1560 1529 1631 rhomphaaa,
1578 1561 1803 1626 dicens,
1855 1560 2114 1615 animam

2227 1563 2500 1641 δρειότατα
2532 1560 2578 1616 δ’
2627 1562 2717 1617 οὖν
2780 1559 2936 1634 ὅμως
2993 1559 3168 1615 έκεῖνο
3226 1557 3419 1633 ὑπῇδε,
3471 1583 3499 1612 α
3529 1560 3713 1616 Ῥῦσαι
3764 1559 3874 1615 ἀπὸ

476 1669 690 1719 meam,
721 1658 777 1709 et
807 1668 840 1706 a
871 1668 1041 1706 manu
1072 1650 1237 1706 canis
1276 1649 1637 1720 unigenitam
1671 1664 1857 1705 meam
1884 1649 1904 1683 ⁵
1952 1664 1967 1705 :
2001 1670 2030 1698 »
2061 1651 2117 1704 et

2227 1652 2515 1732 ῥομφαίας,
2549 1648 2781 1724 λέγουσα
2811 1651 2911 1717 τὴν
2942 1651 3129 1726 ψυχήν
3166 1667 3295 1721 μου,
3324 1648 3414 1702 καὶ
3447 1645 3508 1703 ἐκ
3539 1647 3729 1723 χειρός
3777 1670 3877 1704 κυ-

472 1743 777 1800 invocabat
807 1756 1016 1797 nomen
1048 1740 1250 1810 sponsi
1281 1738 1709 1795 desiderabilis.

2227 1745 2308 1805 νὸς
2336 1745 2437 1812 τήν
2474 1746 2741 1817 μονογενῆ
2780 1761 2909 1812 μου,
2944 1762 2972 1790 ››
3021 1739 3111 1793 καὶ
3156 1738 3217 1794 τὸ
3256 1734 3431 1813 ὄνομα
3478 1742 3575 1793 τοῦ
3622 1740 3878 1795 ποθεινοῦ

472 775 665 824 autem
697 768 861 823 valde
891 767 1180 832 efferatus,
1212 769 1269 820 et
1300 764 1445 819 nihil
1471 764 1733 834 cogitans
1760 778 1959 818 eorum
1985 778 2108 833 quin

470 855 1033 927 renuntiabantiillis
1069 853 1330 911 evenisse
1353 854 1664 924 (quomodo
1695 853 1851 906 enim
1873 851 1931 905 id
1953 852 2108 907 face-

470 951 553 1004 ret
582 946 779 1003 anima
806 961 1001 1001 amore
1047 943 1206 1000 ebria
1231 943 1301 1011 ‘2),
1353 958 1538 1013 neque
1568 942 1850 997 reveritus
1904 941 2114 1011 probro

472 1036 699 1091 afﬁcere
751 1034 1028 1105 virginem
1061 1049 1075 1089 :
1125 1032 1232 1086 Sed
1278 1046 1398 1097 vos,
1432 1030 1647 1101 inquit,
1679 1045 1807 1085 eam
1854 1028 1940 1084 vel
1972 1028 2115 1084 invi-

2150 1856 2205 1921 B
2227 1830 2465 1909 νυμφίου
2495 1825 2777 1921 ἐπεϐοάτο.

546 1927 668 1985 XX.
703 1927 1016 1997 Postquam
1048 1929 1240 1980 autem
1276 1925 1381 1980 fuit
1402 1924 1461 1980 in
1495 1924 1620 1996 ipso
1644 1924 1911 1982 cubiculo
1933 1926 2111 1998 regio,

476 2016 676 2075 oculos
723 2018 791 2072 all
842 2014 1134 2071 Christum
1179 2005 1535 2070 cum'mente
1566 2013 1858 2081 attollens,
1892 2031 2118 2071 revoca-

476 2107 578 2163 bat
606 2107 666 2161 in
715 2104 1059 2161 memoriam
1102 2103 1411 2173 mirabilia,
1444 2121 1572 2175 quae
1606 2105 1755 2160 facta
1799 2105 2027 2161 fuerant
2053 2105 2113 2162 in

476 2197 673 2253 Rubro
705 2197 851 2251 mari
889 2199 946 2250 et
975 2194 1285 2251 solitudine
1320 2210 1334 2249 :
1368 2199 1427 2251 et
1454 2196 1653 2250 Jonam
1699 2196 2023 2252 adducebat
2053 2197 2112 2253 in

476 2287 735 2341 medium
782 2300 909 2340 cum
961 2283 1263 2353 naufragio
1311 2283 1664 2350 admirabili,
1705 2288 1781 2353 et,
1832 2301 1958 2357 qua:
2008 2285 2115 2341 fuit

479 2378 687 2444 printer
733 2373 1091 2443 Opinionem,
1134 2373 1263 2443 ejus
1312 2373 1371 2428 in
1419 2374 1597 2429 vitam
1645 2374 2112 2431 revocationem:

477 2462 736 2520 Danielis
765 2466 823 2518 et
850 2462 1025 2517 trium
1059 2462 1400 2517 meminerat
1447 2479 1759 2534 puerorum
1802 2468 1860 2519 et
1904 2480 2111 2533 quem-

478 2552 795 2609 admodum
827 2550 912 2606 illi
942 2555 1222 2622 tanquam
1247 2551 1305 2606 in
1328 2550 1509 2607 herba
1531 2551 1759 2607 roscida
1786 2552 1845 2608 in
1878 2554 2115 2609 ﬂamma

472 2640 850 2697 incedebant:
876 2639 1083 2693 deinde
1113 2638 1289 2693 etiam
1312 2642 1588 2693 Susanna
1626 2640 1911 2695 referebat
1932 2642 2113 2698 factas

471 2726 737 2793 insidias,
769 2733 822 2781 et
851 2725 1313 2796 redemptionem
1349 2741 1362 2780 :
1397 2729 1453 2780 et
1482 2724 1594 2781 sibi
1626 2726 1877 2783 similem
1912 2728 2117 2784 adesse

473 2818 802 2887 adjutorem
848 2814 1075 2884 petebat
1123 2814 1181 2869 in
1232 2830 1369 2869 casu
1415 2814 1614 2870 simili.
1650 2816 1885 2871 Interim
1917 2821 2114 2874 autem

473 2906 534 2961 in
567 2902 905 2961 cubiculum
938 2902 1262 2974 ingressum
1295 2903 1613 2959 Teridatem
1638 2904 1860 2960 invadit
1888 2906 2118 2976 gravior

475 2995 700 3050 daemon
750 2992 1227 3063 intemperantiae,
1262 2996 1639 3064 amenterquo
1670 2998 1727 3049 et
1767 2993 1968 3051 insane
2000 3012 2112 3065 pra:

473 3098 670 3138 amore
701 3079 1078 3147 exclamabat,
1112 3084 1169 3135 et
1197 3081 1454 3148 ardebat,
1489 3090 1541 3136 et
1573 3080 1945 3154 eliquabatur
1969 3100 1982 3139 :
2007 3082 2119 3139 illi-

474 3172 773 3241 ciebatque
790 3167 1131 3240 Ripsimem,
1147 3174 1199 3224 et
1222 3168 1274 3224 ei
1300 3169 1726 3239 blandiebatur,
1744 3176 1800 3227 et
1816 3172 2117 3229 vaferrime

473 3226 743 3316 omnibus
776 3226 963 3312 modis
1010 3226 1138 3312 eam
1180 3258 1642 3328 aggrediebatur.
1690 3226 1793 3315 lilia
2148 3226 2198 3295 Ο

477 3349 842 3404 accedentem
890 3345 1291 3411 aversabatur,
1343 3349 1398 3401 et
1458 3347 1595 3402 dum
1652 3364 1780 3404 eam
1838 3353 2119 3421 tangeret,

478 3448 628 3506 aegre
660 3432 893 3497 ferebat,
927 3441 978 3487 et
1011 3431 1221 3488 collum
1254 3432 1680 3500 extendentem,
1715 3438 1780 3489 ut
1808 3434 2122 3507 impudicis

486 3521 853 3579 oscularetur
881 3519 1079 3585 labris,
1106 3538 1220 3576 non
1243 3522 1593 3591 sustinebat,
1620 3528 1685 3579 ut
1706 3524 1945 3581 decebat
1972 3529 2124 3583 recte

486 3611 812 3667 institutam
861 3609 1192 3681 virginem:
1248 3610 1485 3683 ejusque
1532 3611 1729 3668 vultus
1777 3613 2126 3685 implebatur

492 3700 732 3771 pudore,
774 3705 827 3752 et
874 3698 1093 3754 acerbis
1140 3698 1331 3754 verbis
1382 3699 1780 3756 insectabatur
1828 3701 2122 3760 hominem

474 3786 867 3859 impudicum,
892 3789 952 3839 et
971 3800 1255 3856 sponsum
1279 3787 1520 3842 vocabat
1542 3788 1862 3855 Christum,
1885 3795 1943 3846 et
1963 3791 2124 3850 illius

481 3872 811 3932 ferventiori
836 3888 1028 3929 amore
1048 3872 1502 3931 incendebatur:
1534 3880 1587 3931 et
1620 3881 1683 3933 ut
1704 3878 1907 3949 paucis
1938 3881 2124 3938 absol.

480 3978 635 4028 vam,
670 3960 965 4031 superavit
987 3975 1140 4028 eum,
1166 3961 1266 4031 qui
1298 3964 1457 4017 tanta
1478 3967 1600 4018 erat
1624 3965 2044 4037 magnitudine,
2069 3974 2123 4024 et

481 4050 667 4107 tantis
695 4048 939 4113 viribus,
970 4052 1028 4103 ct
1071 4064 1272 4119 puram
1322 4067 1537 4121 sponso
1584 4053 1816 4110 Christo
1867 4057 2123 4126 corporis

480 4137 974 4211 pulchritudinem
1007 4142 1065 4193 et
1094 4138 1296 4193 animas
1348 4143 1708 4199 conservavit
1737 4144 2118 4202 nobilitatem.

481 4229 575 4285 Sic
602 4226 746 4282 nihil
769 4231 856 4282 est
882 4242 1040 4297 mque
1062 4226 1524 4299 inexpugnabile,
1548 4236 1723 4304 atque
1745 4234 1803 4289 in
1828 4232 2118 4291 Christum

482 4315 885 4373 benevolentia
905 4319 963 4371 et
994 4332 1126 4386 spes
1152 4333 1167 4371 :
1194 4318 1405 4388 quibus
1427 4319 1475 4374 si
1500 4324 1553 4375 te
1575 4321 1757 4376 solum
1784 4326 2117 4395 armaveris,

482 4421 595 4461 non
629 4404 909 4460 accedent
934 4405 1005 4458 ad
1038 4409 1094 4458 te
1123 4404 1297 4472 mala,
1334 4422 1522 4477 neque
1555 4409 1874 4481 ﬂagellum,
1908 4428 2114 4484 appro-

483 4491 796 4566 pinquabit
826 4491 1200 4545 tabernaculo
1230 4497 1329 4547 tuo
1358 4492 1400 4548 δ.
1434 4514 1463 4543 »

2299 1924 2379 1980 K'.
2415 1917 2637 1988 Ἐπειδὴ
2670 1917 2728 1974 δὲ
2774 1918 2865 1973 καὶ
2913 1918 3077 1973 αὐτοῦ
3125 1915 3272 1973 ἔνδον
3321 1916 3530 1993 ἐγένετο
3569 1921 3665 1972 τοῦ
3718 1918 3881 1994 βασι-

2225 2011 2378 2067 λείου
2426 2015 2713 2079 κοιτῶνος,
2771 2007 2899 2071 τοὺς
2955 2006 3273 2086 ὀφθαλμοὺς
3320 2009 3541 2083 Χριστῷ
3594 2008 3728 2080 μετὰ
3764 2013 3877 2063 τῶν

2224 2105 2432 2179 φρενῶν
2496 2097 2828 2173 ἁνασχοῦσα,
2896 2101 3007 2153 τῶν
3073 2098 3210 2151 κατά
3272 2098 3374 2165 τήν
3440 2093 3648 2170 ἔρημον
3713 2097 3875 2153 αὑτὸν

2225 2189 2591 2263 ἀνεμίμνησκε
2649 2187 2982 2260 θαυμασίων,
3040 2188 3130 2240 καὶ
3186 2186 3276 2241 τὸν
3338 2187 3524 2242 Ἰωνᾶν
3576 2186 3652 2248 είς
3710 2186 3875 2256 μέσον

2222 2282 2508 2357 παρήγαγε
2568 2280 2701 2352 μετά
2754 2283 2850 2333 τοῦ
2909 2279 3224 2350 θαυμαστοῦ
3295 2276 3550 2350 ναυαγίου
3614 2276 3705 2331 καὶ
3771 2283 3873 2347 τῆς

2222 2367 2532 2444 παραδόξου
2601 2361 2967 2428 ἀναϐιώσεως⁶
3038 2370 3134 2421 τοῦ
3203 2363 3406 2435 Δανιηλ
3483 2385 3543 2421 τε
3608 2366 3699 2421 καὶ
3764 2370 3872 2422 τῶν

2222 2461 2385 2532 τριῶν
2419 2456 2698 2529 ἐμέμνητο
2730 2452 2963 2522 παίδων,
3014 2454 3104 2508 καὶ
3154 2456 3302 2516 ὅπως
3353 2455 3429 2515 ὡς
3475 2452 3562 2509 ἐπὶ
3614 2452 3877 2530 δροσερᾶς

2223 2543 2357 2608 πόας
2391 2544 2582 2601 ἐκεῖνοι
2632 2550 2730 2613 τῆς
2776 2542 2985 2622 φλογὸς
3033 2538 3272 2609 ἔϐαινον,
3323 2543 3437 2598 εἶτα
3485 2544 3576 2597 καὶ
3614 2551 3716 2614 τῆς
3757 2551 3879 2599 Σω-

2224 2638 2421 2707 σάννης
2454 2633 2652 2709 διεξῄει
2682 2635 2782 2702 τήν
2824 2628 3123 2701 ἐπιϐουλὴν
3180 2633 3271 2687 καὶ
3317 2633 3418 2701 τήν
3468 2632 3875 2709 ἀπολύτρωσιν,

2227 2725 2317 2781 καὶ
2349 2726 2543 2798 ὅμοιον
2576 2724 2717 2797 αὐτῇ
2749 2729 3089 2796 παραστῆναι
3134 2722 3335 2797 βοηθὸν
3380 2721 3434 2777 έν
3485 2723 3699 2795 ὁμοίαις
3746 2722 3865 2796 ᾔτει

2222 2820 2342 2876 ταῖς
2372 2812 2736 2887 περιστάσεσι.
2800 2810 2902 2869 Καὶ
2965 2810 3159 2883 μεταξὺ
3211 2808 3592 2881 εἷσπηδήσαντι
3650 2810 3728 2871 είς
3774 2810 3865 2864 τὸν

2225 2908 2461 2959 κοιτῶνα
2502 2907 2582 2975 τῷ
2639 2898 2945 2976 Τηριδάτῃ,
3012 2900 3305 2974 βαρύτερος
3352 2901 3379 2956 ὁ
3418 2901 3519 2970 τῆς
3574 2899 3864 2961 ἀκολασίας

2226 2990 2486 3066 ἒμπίπτει
2528 2989 2765 3063 δαίμων,
2825 2989 2915 3044 καὶ
2980 2989 3294 3066 παράφορον
3359 2990 3464 3044 ὑπὸ
3524 2992 3619 3044 τοῦ
3668 2983 3869 3062 ἔρωτος

2224 3081 2316 3135 καὶ
2356 3080 2592 3153 ἐμμανὲς
2644 3073 2861 3146 ἀνεϐόα,
2918 3080 3005 3132 καὶ
3069 3076 3434 3156 διεφθέγγετο,
3506 3082 3597 3132 καί
3653 3078 3873 3147 κατετή-

2223 3188 2369 3225 κετο·
2401 3168 2492 3224 καὶ
2546 3169 2811 3243 ὑπέτρεχε
2855 3168 2953 3234 τὴν
3004 3165 3269 3240 Ῥιψίμην
3319 3164 3409 3220 καὶ
3468 3164 3727 3233 ἐθώπευε,
3785 3164 3872 3219 καὶ

2231 3260 2405 3314 πάντα
2441 3258 2641 3333 τρόπον
2710 3256 3115 3332 πανουργότατα
3179 3253 3469 3329 ἐπεχείρει.
3531 3256 3598 3312 Ἡ
3666 3252 3723 3310 δὲ
3786 3254 3875 3309 καὶ

2232 3345 2591 3424 ἀπεστρέφετο
2648 3345 2964 3418 προσιόντα,
3014 3345 3104 3399 καὶ
3145 3343 3456 3417 ἁπτομένου
3506 3341 3876 3419 ἐδυσχέραινε,

2231 3436 2320 3492 καὶ
2350 3436 2440 3491 τὸν
2494 3433 2697 3510 αὐχένα
2742 3431 3044 3487 ἐκτείνοντα
3103 3431 3426 3495 ἀκολάστοις
3484 3431 3714 3512 φιλῆσαι
3766 3431 3881 3507 χεί-

2232 3524 2380 3582 λεσιν
2410 3522 2519 3599 οὐχ
2550 3523 2796 3596 ὑπέμενε,
2844 3525 3185 3596 παρθενικῶς
3238 3520 3295 3576 εὖ
3347 3522 3495 3594 μάλα
3542 3523 3629 3576 καὶ
3681 3541 3877 3576 πεπαι-

2234 3612 2525 3687 δευμένως
2614 3610 2952 3685 έρυθήματός
3018 3631 3077 3665 τε
3134 3611 3419 3685 σώφρονος
3490 3609 3877 3683 ὑπεπίμπλατο

2230 3703 2328 3771 τὴν
2362 3704 2509 3777 seu»
2551 3702 2637 3755 καὶ
2681 3701 2940 3774 οὶμώζειν
2971 3700 3064 3755 τὸν
3097 3697 3399 3755 ἀκόλαστον
3441 3697 3616 3776 ἔλεγε,
3646 3698 3738 3755 καὶ
3784 3700 3877 3755 τὸν

2230 3791 2460 3869 νυμφίον
2515 3788 2696 3845 ἐκάλει
2762 3788 3021 3864 Χριστὸν,
3079 3788 3168 3843 καὶ
3228 3787 3540 3863 θερμοτέρῳ
3600 3793 3680 3861 τῷ
3738 3788 3875 3863 πρὸς

2232 3878 2431 3934 ἐκεῖνον
2465 3877 2626 3954 ἔρωτι
2655 3876 2997 3955 ἀνεφλέγετο’
3048 3878 3136 3932 καί
3190 3897 3249 3932 τε
3285 3876 3389 3953 γὰρ
3429 3877 3481 3932 ἐν
3524 3877 3725 3953 βραχεῖ
3776 3880 3875 3932 τοῦ

2230 3969 2495 4024 τοσούτου
2554 3969 2645 4023 τὸν
2724 3964 2886 4043 ὄγκον
2962 3969 3053 4022 καὶ
3118 3966 3451 4036 τηλικούτου
3513 3969 3613 4036 τὴν
3675 3968 3872 4042 ῥώμην

2232 4057 2516 4131 ὑπερέσχε,
2548 4057 2639 4111 καὶ
2693 4058 2924 4130 καθαρὸν
2970 4060 3052 4128 τῷ
3105 4055 3326 4133 νυμφίῳ
3376 4054 3599 4130 Χριστῷ
3661 4056 3752 4111 καὶ
3810 4058 3873 4112 τὸ

2227 4150 2324 4201 τοῦ
2358 4148 2612 4220 σώματος
2648 4144 2880 4212 κάλλος,
2919 4145 3009 4199 καὶ
3048 4147 3147 4214 τήν
3204 4152 3304 4215 τῆς
3362 4149 3549 4221 ψυχῆς
3608 4144 3873 4219 εύγένειαν

2228 4234 2541 4292 διεσώσατο.
2609 4234 2791 4297 Οὕτως
2851 4231 3003 4288 οὐδὲν
3050 4233 3265 4312 ἃμαχον
3317 4235 3390 4296 ὡς
3430 4237 3465 4303 ἡ
3500 4233 3587 4289 ἰπὶ
3645 4234 3869 4299 Χριστὸν

2227 4323 2406 4381 εὔνοια
2451 4326 2540 4379 καὶ
2580 4322 2758 4385 έλπίς·
2812 4324 2900 4377 καὶ
2951 4321 2996 4377 εὶ
3059 4322 3227 4395 ταύτῃ
3290 4323 3453 4394 μόνον
3513 4320 3742 4395 ὁπλίσῃ,
3809 4323 3872 4377 ού

2225 4414 2645 4489 προσελεύσεται
2695 4414 2829 4488 πρὸς
2868 4412 2922 4466 σὶ
2950 4414 3108 4482 κακὰ,
3159 4409 3284 4466 οὐδὲ
3336 4410 3525 4484 μάστιε
3574 4408 3746 4487 ὶγγιεῖ
3792 4415 3873 4482 τῷ

2231 4505 2549 4579 σκηνώματί
2581 4525 2699 4563 σου.

555 4552 698 4637 XXI.
733 4580 779 4633 A
811 4577 1027 4647 virgine
1058 4593 1193 4650 ergo
1226 4580 1558 4651 turpissime
1586 4583 1777 4641 victus
1798 4587 2116 4659 Teridates,

2234 4552 2877 4668 ’.ίῆςνπαρθένου
2912 4590 3093 4647 τοίνυν
3131 4589 3449 4665 Τηριδάτης
3484 4589 3744 4667 αἴσχιστα
3771 4591 3873 4658 ἠτ-

481 4677 777 4752 egreditur
805 4692 835 4732 θ
865 4675 1155 4745 cubiculo,
1179 4682 1236 4733 et
1261 4677 1453 4736 eluere
1484 4680 1679 4737 volens
1711 4682 2118 4756 ignominiam,

484 4778 583 4831 aut
612 4772 805 4846 potius
849 4789 963 4829 non
994 4772 1195 4831 valens
1242 4775 1540 4832 continere
1588 4778 2117 4853 intemperantiam,

482 4886 664 4940 neque
686 4870 873 4926 vivere
900 4871 1223 4940 sustinens,
1247 4873 1294 4929 si
1318 4891 1432 4931 non
1457 4874 1828 4948 impudenter
1844 4883 2121 4953 probrum

482 4969 710 5025 afferret
738 4967 973 5040 virgini,
999 4969 1170 5038 jubet
1199 4971 1399 5029 collari
1430 4973 1677 5031 vinctam
1709 4977 1921 5035 adduci
1952 4980 2120 5037 Gaia-

482 5084 641 5135 nam,
672 5074 727 5122 et
757 5068 899 5125 foris
929 5074 1176 5129 stantem
1210 5073 1280 5127 ad
1323 5072 1565 5143 januam
1593 5075 1716 5147 cogi
1750 5092 1785 5132 a
1834 5077 2121 5135 ministris

484 5166 730 5221 suadere
762 5166 1057 5239 Ripsimaa,
1090 5186 1220 5243 qua
1250 5175 1370 5226 erat
1418 5172 1597 5240 intus,
1631 5181 1692 5228 ut
1724 5174 1844 5246 regi
1877 5183 2119 5247 pareret,

482 5267 539 5319 et
590 5261 737 5318 nulli
784 5264 886 5331 rei,
919 5283 1093 5337 quam
1146 5267 1245 5324 ille
1291 5266 1443 5339 velit,
1489 5275 1859 5341 repugnaret.
1893 5273 2124 5332 Sciebat

485 5360 640 5415 enim
672 5360 953 5418 Gaianam
977 5378 1106 5420 esse
1127 5365 1284 5422 illius
1306 5368 1677 5440 paedagogam
1700 5372 1758 5422 et
1780 5368 2123 5440 magistram

487 5457 551 5515 in
582 5458 655 5514 iis
686 5474 811 5529 quas
841 5461 1128 5530 pertinent
1167 5465 1237 5521 ad
1284 5464 1554 5521 virtutem
1591 5479 1605 5519 :
1636 5470 1693 5520 et
1722 5464 1771 5519 si
1802 5464 1903 5521 illa
1933 5468 2123 5527 solum

485 5553 752 5620 voluerit,
789 5555 1086 5627 Ripsimen
1119 5559 1262 5615 nihil
1305 5576 1432 5617 esse
1478 5561 1994 5621 contradicturam.
2029 5568 2121 5624 In-

560 5666 581 5700 ⁸
613 5667 762 5727 Psal.
799 5685 914 5737 xxI,
945 5674 1035 5730 21.
1066 5674 1087 5709 ⁸
1117 5673 1263 5731 Psal.
1296 5691 1383 5746 xc,
1413 5676 1467 5741 7,
1496 5674 1552 5729 8.

2230 4683 2437 4753 τηθείς,
2497 4676 2654 4751 ἔξεισι
2701 4683 2799 4735 τοῦ
2846 4684 3127 4747 κοιτῶνος,
3184 4680 3272 4734 καὶ
3334 4676 3709 4743 ἀπολύσασθαι
3771 4678 3869 4745 τήν

2230 4773 2445 4842 ἀδοξίαν
2474 4768 2699 4839 ἐθέλων,
2736 4765 3036 4841 μᾶλλονδὲ
3070 4770 3144 4842 μή
3188 4768 3389 4843 στέγων
3435 4771 3535 4837 τὴν
3581 4765 3873 4823 ἀκολασίαν

2230 4859 2370 4935 μηδὲ
2402 4865 2495 4934 ζῇν
2528 4859 2851 4933 ἀνεχόμενος
2883 4856 2929 4911 εἰ
2972 4859 3047 4929 μὴ
3093 4854 3284 4927 ἀνεδην
3336 4857 3413 4920 είς
3464 4858 3564 4925 τήν
3610 4853 3868 4930 παρθένον

2224 4945 2513 5024 ἐνυϐρίσοι,
2553 4945 2763 5001 κελεύει
2814 4945 2915 4999 ὑπὸ
2962 4945 3139 5017 κλοιῷ
3186 4945 3349 5020 ἀχθεῖ
3394 4966 3451 5001 σε
3499 4945 3732 5012 Γαϊανήν
3778 4944 3869 4998 καὶ

2226 5041 2360 5114 πρὸς
2417 5039 2511 5098 τὰς
2562 5036 2725 5111 θύρας
2769 5030 2961 5107 ἔξωθεν
3023 5039 3218 5090 στᾶσαν
3278 5035 3668 5109 ἀναγκάζεσθαι
3724 5031 3872 5107 παρά

2226 5134 2333 5184 τῶν
2379 5124 2790 5200 ὑπηρετούντων
2859 5120 3005 5179 ἔνδον
3060 5122 3193 5199 οὔσῃ
3251 5129 3527 5199 παραινεῖν
3587 5126 3655 5196 τῇ
3701 5120 3874 5195 Ῥιψί-

2231 5239 2330 5292 μη,
2362 5213 2647 5283 πεισθῆναί
2703 5234 2761 5269 τε
2796 5218 2876 5286 τῷ
2938 5212 3172 5289 βασιλεῖ,
3240 5216 3332 5269 καὶ
3388 5214 3526 5287 πρὸς
3584 5209 3737 5269 οὐδὲν
3796 5212 3869 5265 ὧν

2228 5307 2433 5367 ἐκεῖνος
2495 5302 2757 5377 βούλοιτο
2823 5302 3136 5379 ἀντιλέγειν.
3206 5301 3359 5373 ᾝδει
3423 5303 3525 5379 γὰρ
3592 5297 3877 5378 παιδαγωε-

2228 5397 2323 5474 γόν
2354 5414 2413 5449 τε
2441 5393 2676 5460 Γαΐανήν
2727 5391 2886 5447 οὖσαν
2953 5392 3216 5467 Ῥιψίμης
3274 5391 3363 5447 καὶ
3432 5389 3760 5447 διδάσκαλον
3810 5390 3880 5444 τὰ

2229 5482 2304 5543 εἷς
2368 5481 2586 5555 ἀρετὴν,
2642 5480 2733 5535 καὶ
2790 5478 2839 5535 εἴ
2909 5481 3073 5552 μόνον
3126 5480 3298 5551 ἐκείνη
3364 5478 3644 5551 ἰθελνςσειε
3705 5476 3878 5552 μηδὲν

2230 5573 2548 5639 ἀντεροῦσαν
2648 5568 2934 5642 Ῥιψίμην,
3014 5567 3225 5637 ἅθλιος,
3296 5569 3353 5632 ὅς
3447 5589 3509 5643 γε
3576 5568 3677 5623 ούκ
3746 5568 3882 5639 ἠγά-
