4142 6248
273 343 392 404 969

1287 341 1469 406 VITA
1511 345 1573 407 S.
1622 346 1989 414 CREGORII
2032 348 2661 412 ILLUMINATORIS.

3549 353 3668 414 9'10

273 523 348 562 πα
383 501 552 592 μόνης
587 499 846 574 ἡττηθεὶς
896 501 1344 592 τῇςᾼᾞιψίμηςγ.
1411 501 1560 560 ἀλλὰ
1613 505 1698 592 καὶ
1759 514 1919 564 Γαϊαο

2053 509 2192 578 'elix,
2210 508 2311 582 qui
2329 524 2442 564 non
2466 507 2609 565 satis
2641 507 2849 565 habuit
2879 525 2913 565 a
2941 508 3064 566 sola
3094 509 3312 568 victum
3335 525 3465 569 esse
3489 513 3674 586 Ripsi-

273 593 372 661 νὴν
405 593 473 664 τῇ
507 591 699 645 ἑαυτοῦ
755 587 970 666 κεφαλῇ’
1017 585 1263 664 δεύτερον
1318 591 1487 666 ὲπῆγε
1533 589 1719 650 κακόν.
1767 597 1924 659 “Πτ.ς

279 677 466 748 ἐπειδή
517 679 606 733 καὶ
659 677 925 753 παρέστη,
969 676 1224 734 ἐτύπτετο
1276 679 1369 751 μὲν
1423 681 1525 735 ὑπὸ
1572 688 1680 737 τῶν
1727 683 1931 740 ἐκείνου

279 767 599 846 δορυφόρων
642 763 732 821 διὰ
777 767 1043 842 Ῥιψίμην
1089 765 1179 821 καὶ
1228 766 1611 841 ἐσπαράττετο’
1644 774 1679 840 ἡ
1713 769 1790 841 δὲ,
1840 774 1932 828 καὶ

276 861 500 913 τοιαῦτα
555 856 864 931 πάσχουσα,
919 853 1073 928 ὅμως
1127 856 1190 910 τὸ
1251 854 1488 912 ἐναντίον
1549 860 1685 914 ἅπαν
1735 859 1927 918 ἐποίει,

275 945 682 1019 Ἀνεμίμνησκε
713 945 816 1022 γὰρ
855 947 956 1014 τήν
1006 945 1267 1020 παρθένον
1313 951 1419 1002 τῶν
1474 949 1612 1024 πρὸς
1659 951 1750 1006 τὸν
1801 952 1930 1008 Θεὸν

281 1033 620 1112 ὁμολογιῶν·
685 1034 953 1112 ὑπέγραφε
1025 1037 1124 1104 τήν
1231 1035 1430 1099 ἐκεῖθεν
1523 1042 1632 1092 τῶν
1709 1036 1932 1095 δικαίων

283 1125 650 1198 λαμπρότητα
678 1127 756 1196 τῷ
786 1121 960 1198 λόγῳ·
991 1125 1092 1193 τήν
1124 1121 1506 1197 ἡπειλημένην
1537 1131 1654 1190 τοῖς
1699 1127 1930 1204 φαύλοις

279 1212 488 1288 γέενναν
528 1211 786 1266 ἀντετίθει
839 1211 1027 1268 πάλιν.
1090 1213 1189 1268 Καὶ
1247 1213 1300 1267 οἱ
1358 1211 1674 1290 δορυφόροι,
1739 1218 1930 1288 μεταξῦ

281 1301 596 1374 αἰσθόμενοι
627 1304 736 1356 τῶν
770 1299 1095 1374 εἰρημένων,
1129 1299 1308 1365 λίθοις
1337 1321 1396 1356 τε
1435 1301 1601 1372 αὐτῆς
1647 1300 1930 1379 έκκρύουσι

279 1389 408 1452 τοὺς
436 1387 682 1456 ὀδόντας,
711 1390 909 1461 καὶτῷ
954 1387 1173 1464 βασιλεῖ
1215 1389 1282 1445 τὰ
1327 1392 1465 1446 κατά
1494 1393 1720 1466 γνώμην
1766 1393 1937 1469 ἠνάγ-

279 1483 443 1550 καζον
474 1479 811 1557 φθέγγεσθαι.
845 1479 921 1546 g'II
953 1475 1012 1534 δὲ
1059 1476 1239 1554 ὥσπερ
1299 1478 1566 1555 ῥωσθεῖσα
1618 1485 1738 1544 ταῖς
1788 1482 1937 1553 πλη-

281 1573 407 1643 γαῖς
479 1565 715 1641 μᾶλλον,
765 1565 894 1622 ἀλλ’
949 1566 1049 1622 οὐκ
1087 1565 1372 1642 ἀλγήσασα
1420 1568 1589 1640 ὃλως,
1638 1568 1726 1625 καὶ
1780 1567 1937 1646 ἕτερα

281 1657 608 1734 προσετίθει.
672 1654 856 1714 Ἀλλὰ
905 1657 1006 1726 τὴν
1050 1656 1144 1729 μὲν
1188 1657 1241 1710 οἱ
1298 1653 1596 1737 δορυφόροι
1637 1657 1790 1721 εὐθὺς
1837 1661 1936 1734 ἁρ-

2039 616 2151 666 me,
2185 600 2284 654 sed
2336 598 2507 653 etiam
2538 596 2815 652 Gaianam
2865 614 2971 653 suo
3015 599 3184 668 capiti
3218 602 3544 657 secundum
3574 602 3670 658 in-

2038 688 2193 743 vexit
2225 685 2454 741 malum.
2489 685 2620 750 Quae
2649 686 2886 756 quidem
2921 691 3225 757 postquam
3267 689 3516 756 adstitit,
3543 707 3675 747 ver-

2038 774 2592 845 berabaturquidem
2616 783 2672 828 et
2694 773 3138 830 lacerabaturab
3169 774 3303 831 ilius
3330 777 3678 833 satellitibus

2039 870 2274 936 prepter
2296 863 2614 935 Ripsimem
2649 879 2663 917 :
2699 862 2797 916 illa
2823 867 3017 918 autem
3043 864 3274 920 etiamsi
3307 864 3428 920 hec
3447 871 3676 938 patere-

2039 960 2150 1021 tur,
2185 956 2370 1008 totum
2405 956 2596 1006 tamen
2649 951 2894 1006 faciebat
2925 950 3156 1007 illorum
3195 952 3498 1025 imperatis
3539 971 3676 1010 con-

2038 1039 2704 1112 trarium.Virginienim
2727 1040 3030 1095 revocabat
3061 1040 3121 1095 in
3145 1043 3484 1098 memoriam
3508 1047 3676 1115 pacta

2039 1133 2338 1198 conventa,
2373 1144 2499 1200 quae
2547 1144 2677 1183 cum
2710 1133 2825 1184 Deo
2875 1127 3104 1184 fecerat.
3141 1131 3513 1187 Describebat
3555 1147 3676 1188 ser-

2043 1233 2212 1273 mone
2247 1219 2561 1287 justorum,
2595 1216 2693 1286 qui
2726 1215 2847 1271 illic
2889 1221 2994 1284 est,
3022 1218 3385 1288 splendorem
3420 1236 3434 1275 :
3475 1223 3677 1276 contra

2041 1306 2372 1377 opponebat
2399 1304 2750 1376 gehennam,
2782 1305 2954 1375 cujus
2987 1305 3156 1361 minae
3189 1306 3360 1363 malis
3403 1312 3546 1364 sunt
3585 1308 3675 1363 in-

2042 1397 2289 1449 tentatis.
2315 1393 2548 1450 Interim
2606 1395 2795 1448 autem
2827 1392 3131 1461 satellites,
3169 1409 3304 1450 cum
3354 1395 3680 1452 sensissent

2043 1499 2132 1552 ea,
2165 1497 2290 1555 quas
2331 1482 2487 1537 dicta
2525 1481 2771 1548 fuerant,
2802 1479 3095 1553 lapidibus
3121 1483 3248 1554 ejus
3279 1484 3478 1540 dentes
3506 1499 3676 1542 excu-

2042 1573 2219 1641 tiunt,
2246 1577 2303 1628 et
2335 1572 2614 1628 mandant
2646 1587 2713 1628 ea
2745 1570 2924 1644 loqui,
2959 1589 3089 1644 quas
3129 1574 3249 1646 regi
3282 1573 3478 1630 futura
3515 1579 3682 1632 erant

2043 1677 2113 1718 ex
2142 1661 2449 1718 sententia.
2474 1659 2576 1718 Illa
2594 1665 2808 1729 autem,
2832 1666 3112 1734 tanquam
3128 1662 3464 1720 verberibus
3487 1664 3683 1736 potius

282 1749 568 1813 πάσαντες,
633 1745 824 1823 πόρρω
890 1765 995 1800 που
1070 1741 1254 1810 ἔθεσαν
1318 1745 1665 1810 κελεύσαντες
1721 1748 1937 1805 ἀπιέναι

2053 1750 2406 1818 conﬁrmata,
2438 1766 2611 1821 quam
2645 1748 2829 1805 ullum
2861 1750 3099 1806 omnino
3148 1751 3400 1808 dolorem
3432 1752 3686 1822 accepis-

281 1837 451 1894 πάλιν
481 1837 602 1892 ὅθεν
630 1835 867 1913 ἀφίκετο.

1963 1821 2019 1888 Β
2042 1845 2154 1907 set,
2177 1839 2290 1895 alia
2313 1854 2544 1912 quoque
2571 1839 2778 1912 primis
2807 1838 3178 1895 suasionibus
3209 1840 3542 1910 adjiciebat.
3571 1821 3688 1896 Sed

280 1931 444 1998 illam
502 1929 736 2002 quidem
768 1945 900 1986 cum
941 1927 1219 1986 satellites
1251 1929 1521 2002 protinus
1552 1930 1959 2004 arripuissent,
1990 1931 2192 2004 procul
2233 1935 2622 1997 removerunt,
2652 1945 2779 1986 eam
2811 1946 3014 1987 rursus
3037 1931 3315 2003 jubentes
3345 1931 3506 1988 abire
3534 1931 3688 1989 unde

282 2024 539 2078 venerat.

355 2111 476 2166 KB’.
538 2105 852 2182 Τηριδάτης
911 2105 968 2163 δὶ
1018 2108 1290 2174 κᾶνταῦθα
1343 2107 1724 2187 ἐκφανέστερον
1771 2111 1936 2181 ἡττη-

285 2200 396 2264 θεὶς
423 2199 514 2254 καὶ
545 2196 693 2260 ’ὀλως
724 2201 821 2252 τοῦ
854 2197 990 2273 πρὸς
1021 2198 1287 2272 Ῥιψίμην
1327 2197 1664 2274 ἀποσφαλεὶς
1710 2197 1937 2274 ἔρωτος,

280 2285 606 2345 καταϐαλὼν
665 2289 853 2344 ἑαυτὸν
912 2286 989 2350 εἷς
1046 2281 1243 2366 ἔδαφος
1309 2287 1579 2345 ἐκυλίετο.
1635 2289 1698 2347 Ἡ
1752 2290 1935 2365 μέντοι

281 2381 576 2460 νικηφόρος
634 2379 891 2453 Ῥιψίμη,
942 2379 1238 2452 ἀνακράτος
1280 2384 1377 2434 τοῦ
1453 2377 1751 2434 ἀντιπάλου
1813 2399 1940 2453 κρα-

281 2470 510 2538 τήσασα,
537 2464 731 2540 ’ἔξεισιν
763 2465 942 2540 ὥσπερ
975 2486 1058 2528 τις
1081 2465 1546 2540 Ὀλυμπιονίκης,
1580 2465 1784 2540 (ἐδίδου
1833 2469 1939 2542 γὰρ

289 2557 428 2622 αύτῆ
455 2555 675 2625 πολλὴν
731 2552 911 2610 ἄδειαν
979 2555 1069 2610 καὶ
1111 2553 1265 2624 ἠνὺξ
1321 2553 1478 2625 ἤδη),
1547 2555 1637 2609 καὶ
1695 2553 1784 2610 διὰ
1837 2562 1938 2625 τῆς

285 2644 504 2709 πόλεως
545 2643 777 2701 ἐλθοῦσα
845 2646 1040 2717 μέσης,
1090 2641 1317 2720 ἅγγελος
1380 2649 1500 2709 ταῖς
1560 2642 1759 2707 ἄλλαις
1798 2665 1940 2720 παρ-

292 2738 466 2802 θένοις
496 2742 596 2805 τῆς
639 2734 840 2797 οἰκείας
888 2734 1044 2803 νίκης
1102 2735 1191 2788 καὶ
1247 2739 1355 2789 τῶν
1404 2736 1540 2789 κατὰ
1594 2738 1690 2789 τοῦ
1738 2733 1940 2810 ἐχθροῦ

289 2826 495 2903 γίνεται
532 2825 836 2898 τροπαίων,
908 2821 1121 2895 μᾶλλον
1181 2819 1240 2876 δὲ
1295 2821 1430 2890 αύτή
1471 2823 1736 2896 τρόπαιον
1796 2821 1941 2891 ἥκει,

294 2911 436 2968 οὕτω
475 2932 534 2966 τε
579 2912 669 2966 τὸν
722 2910 1122 2984 ἀνταγωνιστήν
1169 2907 1414 2982 χαλεπὸν
1455 2913 1656 2981 πτῶμα
1707 2904 1945 2963 κασαόα-

299 2998 607 3070 λοῦσα,γαὶ
657 2997 904 3074 ἀκέραιον
960 2997 1152 3066 έαυσήν
1203 2994 1584 3070 διασωσαμένη
1641 2997 1740 3064 τήν
1806 3016 1944 3070 παρ-

299 3087 496 3145 θενίαν.
545 3086 790 3156 Ἐκείνην
836 3087 930 3159 μὲν
983 3085 1075 3140 οὗν
1126 3083 1396 3159 κλέψνσαι
1452 3085 1552 3153 τήν
1611 3085 1798 3153 νύκτα,
1857 3083 1946 3138 καὶ

296 3183 396 3247 τῆς
430 3177 603 3246 ληνοῦ
633 3176 707 3238 ὡς
737 3173 862 3244 ἐνῆν
891 3173 1078 3238 αὐταῖς
1105 3171 1328 3228 δυνατὸν
1364 3170 1640 3237 διαλαθεῖν
1695 3172 1949 3250 ἐκχωρη-

301 3287 479 3336 σασαι,
552 3265 640 3320 ἐπί
712 3265 856 3327 τινός
915 3284 974 3319 τε
1038 3259 1341 3337 ἁμμώδους
1407 3260 1644 3332 πλησίον
1700 3260 1946 3337 ἐγένοντο

297 3357 492 3424 τόπου,
541 3354 632 3409 καὶ
693 3357 773 3425 τῷ
838 3352 1060 3430 νυμφίῳ
1125 3353 1346 3425 Χριστῷ
1412 3350 1792 3427 εύχαρίστουν,
1857 3350 1948 3406 καὶ

301 3445 448 3516 αύτῷ
475 3447 689 3514 νοητῶς
734 3449 988 3512 συνῆσαν,
1037 3441 1128 3496 καὶ
1178 3441 1346 3517 ταύτῃ
1403 3442 1814 3516 παρεμυθοῦντο
1861 3442 1953 3497 τὸν

301 3527 518 3607 ἕρωται·
581 3531 697 3587 εἶτα
755 3529 844 3585 καὶ
897 3531 997 3599 τήν
1048 3529 1184 3605 πρὸς
1247 3527 1405 3584 αὐτὸν
1447 3528 1699 3584 ἀνάλυσιν
1769 3530 1948 3600 ἢτουν·

304 3621 634 3682 ψιλοπόδως
668 3618 724 3675 δὶ
757 3618 962 3674 οούτων
991 3621 1061 3692 τῇ
1103 3618 1246 3692 εύχῇ
1278 3617 1624 3692 ἐγκειμένων,
1675 3617 1951 3695 ἐφίσταται

305 3711 660 3786 προηκούσης
691 3705 801 3776 ἤδη
829 3710 928 3772 τῆς
981 3707 1172 3768 νυκτὸς
1203 3707 1230 3762 ὁ
1260 3709 1357 3761 τοῦ
1407 3705 1677 3782 βασιλέως
1705 3707 1953 3781 ἀρχιμά-

309 3817 492 3876 γειρος
537 3797 670 3868 μετὰ
702 3793 1025 3872 δορυφόρων
1061 3795 1151 3849 ὑπ’
1189 3793 1355 3850 αὐτοῦ
1409 3793 1758 3868 ἐσταλμένος.
1807 3793 1953 3868 λαμ-

312 3882 482 3946 πάδας
513 3881 602 3939 διὰ
625 3882 810 3958 χειρὸς
843 3876 1088 3962 ἔχοντες.
1135 3883 1240 3939 Καὶ
1289 3877 1588 3956 λαϐόμενοι
1627 3889 1726 3952 τῆς
1780 3903 1955 3956 μακα-

315 3975 454 4047 ρίας.
497 3973 760 4046 Ῥιψίμης
819 3973 910 4027 καὶ
974 3971 1149 4027 ὀπίσω
1207 3972 1286 4027 τὼ
1327 3976 1478 4047 χεῖρε
1534 3972 1954 4047 περιαγαγόντες

314 4060 596 4134 δεσμοῦσι,
635 4061 726 4115 καὶ
791 4062 890 4130 τήν
958 4056 1210 4136 γλῶσσαν
1288 4059 1583 4136 προτείνειν
1647 4059 1951 4118 κελεύουσι.

311 4157 423 4220 Τῆς
456 4147 514 4206 δὲ
541 4149 632 4205 καὶ
662 4153 758 4205 τοῦ
789 4147 960 4224 λόγου
992 4150 1183 4204 θᾶττον
1223 4148 1286 4204 τὸ
1325 4149 1600 4204 κελευσθὲν
1628 4149 1952 4219 ποιησάσας,

310 4239 631 4315 ἐκτέμνουσι
680 4240 905 4308 ταύτην,
939 4238 1056 4292 εἶτα
1099 4236 1193 4293 τὸν
1260 4237 1587 4312 χιτωνίσκον
1649 4237 1702 4290 οἱ
1739 4233 1956 4306 παλαμο

311 4335 452 4384 ναῖοι
495 4325 970 4402 περιρρηξάμενοι,
1022 4324 1111 4379 καὶ
1167 4328 1275 4379 τῶν
1328 4328 1531 4398 χειρῶν
1588 4321 1956 4383 ἀποτείναντες

313 4417 566 4492 ἱκατὲραν
601 4417 692 4470 καὶ
747 4419 854 4469 τῶν
913 4411 1120 4478 ποδῶν,
1178 4411 1269 4465 καὶ
1335 4412 1541 4486 ὀρθίοις
1597 4408 1952 4482 ἐνδησάμενοι

2115 2111 2305 2168 XXII.
2327 2110 2623 2167 Teridates
2644 2115 2836 2167 autem
2859 2111 2954 2168 hic
2974 2127 3207 2184 quoque
3228 2111 3482 2185 apertius
3512 2123 3686 2185 supe-

2046 2204 2369 2268 ratus,cum
2390 2215 2589 2255 amore
2611 2199 2902 2272 Ripsimes
2923 2200 3158 2256 omnino
3170 2204 3329 2256 esset
3356 2201 3683 2270 frustratus,

2047 2288 2304 2361 seipsum
2328 2287 2626 2359 dejiciens,
2645 2287 2804 2343 humi
2825 2287 3218 2344 volutabatur.
3247 2287 3468 2344 Victrix
3489 2293 3684 2344 autem

2049 2377 2326 2451 Ripsime,
2363 2395 2463 2448 per
2491 2377 2608 2432 vim
2639 2377 2807 2433 victis
2838 2377 3531 2449 adversariis,egreditur,
3554 2383 3688 2433 tan-

2048 2483 2226 2537 quam
2260 2467 2502 2538 quidam
2531 2465 2716 2522 victor
2745 2466 2805 2521 in
2845 2464 3160 2522 certamine
3191 2465 3512 2538 Olympico,
3543 2464 3688 2536 (Nox

2051 2554 2206 2610 enim
2232 2555 2354 2626 jam
2379 2555 2430 2609 ei
2463 2570 2737 2626 magnam
2765 2553 2940 2609 dabat
2969 2553 3422 2622 securitatem)et
3452 2569 3551 2624 per
3568 2569 3690 2608 me-

2050 2641 2206 2697 diam
2241 2643 2481 2714 veniens
2521 2642 2835 2709 civitatem,
2867 2641 2932 2696 fit
2961 2640 3092 2697 aliis
3132 2641 3454 2714 virginibus
3485 2641 3690 2698 nuntia

2050 2747 2173 2787 suae
2203 2730 2470 2796 vietoriao,
2503 2733 2559 2786 et
2614 2734 2960 2802 tropaeorum
3004 2730 3282 2787 adversus
3339 2729 3640 2786 inimicum
3673 2745 3687 2784 :

2050 2819 2138 2875 vel
2173 2819 2366 2890 potius
2417 2818 2544 2890 ipsa
2579 2823 2734 2873 venit
2766 2826 3065 2892 trepeum,
3099 2817 3183 2874 sic
3220 2819 3368 2874 truci
3400 2821 3690 2890 prostrato

2054 2907 2408 2969 adversario,
2438 2912 2496 2962 et
2534 2906 2645 2962 sibi
2691 2917 3030 2962 conservata
3075 2906 3299 2977 integra
3336 2905 3689 2975 virginitate.

2055 2993 2222 3049 Illam
2243 3009 2377 3064 ergo
2403 2999 2631 3050 noctem
2666 2994 2980 3060 suil'urataa,
3007 3010 3140 3050 cum
3171 3010 3241 3050 ex
3271 2993 3368 3051 illo
3386 2994 3689 3064 torculari,

2054 3083 2193 3137 dum
2226 3087 2536 3153 potuerunt
2574 3083 2776 3150 latere,
2817 3083 3216 3152 excessissent,
3258 3082 3690 3155 appropinqua-

2057 3179 2191 3226 runt
2221 3171 2450 3227 cuidam
2483 3173 2606 3228 loco
2638 3189 2903 3243 arenoso,
2939 3178 2995 3230 et
3044 3190 3257 3244 sponso
3297 3172 3525 3229 Christo
3555 3189 3692 3244 ege-

2059 3263 2198 3315 runt
2225 3259 2459 3331 gratias,
2491 3263 2550 3314 et
2589 3265 2782 3314 mente
2809 3277 2942 3316 cum
2973 3278 3039 3317 eo
3069 3266 3205 3317 sunt
3232 3265 3490 3327 versatae,
3522 3264 3581 3315 et
3613 3260 3695 3316 sic

2061 3364 2316 3404 amorem
2353 3363 2526 3403 suum
2560 3347 3010 3404 consolabantur
3041 3365 3055 3404 :
3088 3348 3298 3405 deinde
3327 3348 3502 3405 etiam
3533 3353 3697 3421 pete-

2056 3437 2200 3492 bant
2229 3451 2389 3492 suam
2423 3438 2491 3490 ad
2525 3435 2718 3508 ipsum
2747 3435 3186 3493 resolutionem.
3212 3436 3308 3492 Eis
3337 3442 3530 3493 autem
3563 3453 3696 3493 ora-

2057 3526 2201 3582 tioni
2242 3525 2550 3596 diligenter
2581 3524 2843 3592 intentis,
2866 3542 2996 3582 cum
3027 3526 3266 3599 quidam
3300 3525 3692 3588 nuntiassent.

2059 3613 2156 3668 ubi
2197 3612 2311 3668 illas
2339 3617 2554 3680 essent,
2583 3614 2824 3682 accedit,
2856 3615 3200 3686 procedente
3231 3615 3354 3686 jam
3389 3623 3576 3680 nocte,
3610 3629 3697 3670 re-

2058 3702 2149 3774 gis
2177 3717 2494 3773 coquorum
2525 3702 2794 3774 princeps
2813 3704 2884 3758 ab
2914 3703 3042 3775 ipso
3075 3703 3291 3760 missus
3321 3720 3454 3759 cum
3487 3701 3699 3759 satelli-

2043 3793 2217 3848 .tibus
2249 3791 2599 3847 habentibus
2625 3791 2685 3846 in
2713 3809 2891 3848 manu
2925 3794 3240 3866 lampades.
3264 3797 3368 3862 Qui
3400 3811 3531 3851 cum
3567 3795 3702 3850 bea-

2058 3886 2176 3939 tam
2211 3880 2527 3953 Ripsimem
2567 3881 2947 3953 accepissent,
2991 3884 3260 3940 manibus
3296 3899 3443 3955 pone
3472 3882 3693 3940 circum

2058 3970 2202 4026 actis
2231 3986 2359 4026 eam
2401 3969 2682 4037 vinciunt,
2723 3975 2780 4026 et
2835 3986 2960 4026 eam
2985 3971 3197 4042 jubent
3242 3971 3505 4044 linguam
3555 3987 3698 4042 pro-

2059 4060 2224 4117 ferre.
2256 4058 2400 4114 Cum
2442 4058 2540 4114 illa
2583 4064 2780 4115 autem
2810 4059 2986 4116 verbo
3035 4059 3208 4116 citius
3258 4062 3510 4127 fecisset,
3542 4059 3697 4131 quod

2057 4148 2225 4218 jussa
2249 4147 2454 4213 fuerat,
2485 4161 2614 4202 eam
2645 4146 3011 4202 exscindunt.
3037 4152 3241 4204 Postea
3271 4149 3448 4204 fracta
3477 4149 3698 4217 tunica,

2060 4239 2119 4289 et
2139 4233 2390 4288 extensis
2423 4233 2684 4303 utrisque
2711 4232 2870 4288 illius
2901 4235 3172 4291 manibus
3193 4239 3250 4290 et
3281 4235 3540 4308 pedibus,
3564 4252 3699 4290 cum

2061 4337 2190 4377 eam
2222 4322 2393 4376 rectis
2423 4320 2598 4392 lignis
2629 4319 2946 4392 aligassent
2975 4322 3269 4392 scelarati,
3292 4325 3540 4380 urebant
3559 4324 3702 4379 lam-

2063 4409 2330 4482 padibus.
2358 4407 2638 4480 Deinceps
2669 4413 2860 4465 autem
2882 4424 3012 4465 cum
3043 4419 3212 4466 acuto
3234 4411 3422 4484 lapide
3444 4417 3699 4468 ventrem

315 4503 522 4575 ξύλοις,
547 4508 666 4564 ταῖς
696 4500 947 4572 λαμπάσι
1003 4498 1306 4556 κατέκαιον.
1365 4499 1525 4567 Ἐξῆς
1583 4495 1639 4553 Bk
1694 4496 1836 4571 λίθῳ
1892 4497 1943 4554 τέ

2063 4497 2480 4566 exsecuissent,
2504 4494 2562 4550 in
2594 4501 2808 4552 terram
2841 4495 3148 4554 effundunt
3177 4497 3472 4566 intestina,
3495 4503 3553 4556 et
3571 4499 3699 4570 ejus

316 4591 440 4663 περὶ
478 4591 577 4658 τήν
645 4588 878 4663 γαστέρα
945 4583 1288 4658 διατεμόντες
1357 4586 1483 4659 ὀξεῖ,
1533 4587 1669 4641 κατᾶ
1732 4592 1835 4661 γῆς
1896 4605 1943 4640 τε

2065 4587 2255 4644 adhuc
2278 4601 2480 4656 parum
2507 4584 2843 4657 palpitantis
2856 4585 3056 4643 oculos
3085 4586 3401 4644 effodiunt:
3433 4591 3490 4644 et
3517 4592 3699 4646 totam

321 4679 509 4755 χέουσι
538 4679 604 4733 τὰ
645 4673 858 4750 ἔγκατα,
888 4676 976 4730 καὶ
1010 4674 1134 4737 τοὺς
1175 4674 1493 4754 ὀφθαλμοὺς
1551 4676 1746 4750 μικρὸν
1783 4675 1943 4730 ὑπασ-

2068 4674 2402 4733 minutatim
2436 4674 2891 4746 discerpserunt.
2922 4675 3031 4731 Sed
3065 4675 3166 4731 illa
3195 4677 3458 4748 quidem,
3489 4683 3548 4732 ut
3576 4693 3700 4747 quas

318 4766 624 4842 παιρούσης
674 4759 750 4820 ἔτι
799 4764 1142 4832 ἐκκόπτουσι,
1183 4761 1275 4818 καὶ
1332 4763 1468 4834 ’ὃλην
1524 4763 1599 4826 εἰς
1641 4761 1814 4819 λεπτὰ
1852 4761 1943 4820 διει

2069 4766 2212 4821 adeo
2239 4762 2482 4834 pulchra
2511 4767 2567 4818 et
2581 4768 2828 4818 venusta
2855 4778 2885 4819 e
2907 4763 3286 4835 virginalibus
3319 4779 3550 4836 egressa
3577 4769 3704 4820 erat

321 4856 611 4912 σπάσαντο.
645 4851 802 4911 Ἀλλ’
831 4856 866 4923 ἡ
905 4854 998 4926 μὲν
1027 4854 1118 4908 οἷά
1157 4871 1256 4925 περ
1305 4851 1425 4926 ἄρτι
1477 4856 1580 4908 τῶν
1627 4857 1943 4926 παρθενικῶπ

2067 4851 2593 4921 thalamis,sponso
2623 4851 2852 4907 Christo
2872 4851 3116 4921 adstitit,
3139 4853 3317 4926 digna
3337 4851 3492 4908 illius
3521 4851 3703 4910 oculis

320 4943 585 5017 θαλάμων
650 4941 1035 5015 ἐξορμηθεῖσα,
1114 4940 1256 4996 οὕτω
1324 4942 1470 5009 καλὴ
1544 4942 1635 4996 καὶ
1709 4941 1943 5016 ἐπίχαρω

2069 4949 2127 5000 et
2183 4939 2476 5006 thalamis,
2510 4939 2920 5011 lapidibusque
2959 4941 3245 5012 pretiosis,
3297 4940 3600 5011 torquibus
3644 4946 3704 4998 et

321 5031 664 5090 ἀπολιποῦσα
701 5031 763 5086 τὸ
803 5036 981 5104 σῶμα,
1021 5035 1100 5102 τῷ
1141 5030 1371 5109 νυμφίῳ
1427 5032 1640 5104 Χριστῷ
1697 5029 1958 5106 παρέστη,

315 5121 406 5178 καὶ
431 5119 730 5198 ὀφθαλμῶν
758 5125 864 5175 τῶν
901 5117 1106 5174 ἐκείνου
1147 5118 1238 5174 καὶ
1287 5115 1572 5173 παστάδων
1618 5120 1759 5189 ἀξία,
1792 5119 1959 5184 λίθων

317 5233 378 5267 τε
410 5207 729 5266 πολυτελῶν
773 5206 985 5282 μᾶλλον
1033 5207 1122 5262 καὶ
1175 5203 1561 5282 περιδεῤῥαίων
1611 5208 1702 5262 καὶ
1748 5209 1962 5283 ὅρμων,

319 5300 408 5354 καὶ
478 5301 764 5373 νυμφικῶν
821 5291 1252 5372 περιϐλημάτων
1318 5293 1584 5366 ἁπάντων,
1649 5301 1765 5358 τοῖς
1831 5297 1962 5370 ὑπὲρ

2071 5029 2408 5096 monilibus,
2448 5032 2506 5084 et
2562 5026 2940 5100 sponsalibus
2996 5029 3272 5085 omnibus
3318 5027 3702 5097 indumentis,

2070 5135 2277 5191 nempe
2308 5133 2410 5190 pro
2428 5133 2494 5172 eo
2521 5116 2807 5188 susceptis
2837 5116 3229 5188 stigmatibus,
3251 5116 3412 5172 omni
3441 5133 3510 5173 ex
3539 5122 3705 5188 parte

2071 5211 2362 5266 exornata.
2394 5204 2563 5260 Chori
2606 5209 2797 5260 autem
2852 5205 3164 5274 virginum,
3207 5221 3333 5278 qua:
3387 5205 3515 5277 ejus
3559 5205 3704 5277 fuga

2072 5296 2241 5354 socia:
2290 5295 2540 5357 fuerant,
2580 5291 2818 5362 triginta
2865 5298 3088 5365 septem
3147 5309 3407 5361 numero,
3465 5294 3706 5368 triginta

320 5389 495 5444 αὐτοῦ
555 5387 809 5463 στίγμασι
876 5385 1139 5441 πάντοθεν
1192 5382 1691 5458 διακεκοσμημένη.
1740 5387 1851 5444 Τοῦ
1904 5408 1943 5461 γε

2071 5390 2186 5442 tres
2223 5383 2331 5455 (l);
2367 5396 2492 5453 quas
2525 5385 2800 5435 venerant
2845 5381 2915 5436 ad
2945 5383 3240 5438 venandas
3271 5381 3543 5453 martyris
3573 5381 3707 5438 reli-

323 5477 432 5550 μὴν
457 5483 560 5546 τῆς
606 5481 784 5552 φυγῆς
841 5473 980 5548 αὐτῇ
1037 5469 1468 5542 κοινωντςσαντος
1523 5477 1630 5528 τῶν
1689 5475 1960 5548 παρθένων

2073 5476 2263 5549 quias,
2276 5485 2407 5527 cum
2426 5467 3270 5546 fuissentdeindedeprehensa
3287 5470 3702 5536 asatellitibus.

393 5632 477 5706 (Ι)
507 5633 572 5689 34
606 5631 751 5690 Cum
771 5631 1028 5706 Ripsims
1053 5634 1110 5687 et
1133 5628 1348 5687 Gaiana
1373 5627 1553 5686 fuisse
1581 5629 1752 5686 habet
1783 5630 2174 5706 Menologium
2197 5626 2546 5685 Grecorum.

645 5749 922 5816 PATBOL.
971 5751 1078 5811 Gn.
1125 5747 1296 5812 CXV.

3311 5739 3382 5802 3t
