4142 6248
463 329 571 387 9'Il

1754 310 2043 376 MENSIS
2088 311 2573 373 SEPTEMBER.

3750 306 3875 367 972

460 489 599 563 ipsae
641 501 888 559 quoque,
920 499 1058 541 ense
1116 484 1362 537 mortem
1414 476 1666 543 subiere,
1698 472 1891 547 praeda
1920 472 2093 543 longe

2213 475 2384 545 χοροῦ
2430 470 2504 526 εἰς
2564 466 2945 543 ἐϐδομήκοντα
3003 464 3178 522 ούσων
3236 462 3331 522 δύο
3392 467 3513 541 βία]
3551 465 3690 542 πρὸς
3744 472 3871 528 ταῖς

465 577 874 648 quaestuosiore
906 574 1135 627 invento
1169 568 1439 641 periculo,
1466 572 1528 619 ut
1559 581 1704 634 quae,
1750 564 1919 633 cujus
1967 566 2093 615 stu-

463 668 679 721 debant
710 662 898 719 solum
933 660 1127 715 venari
1153 657 1449 727 reliquias,
1483 661 1659 708 totam
1695 652 1880 723 ipsam
1914 650 2093 703 vitam

462 760 517 809 et
550 755 719 807 ﬁnem
762 748 1108 819 acceperint,
1141 750 1197 802 et
1226 746 1497 816 ingressae
1542 743 1659 797 sint
1710 740 1765 794 iu
1799 739 2093 805 eumdem,

460 843 517 898 in
554 857 727 914 quem
761 840 889 910 ipsa
916 836 1265 903 thalamum,
1298 834 1498 889 eodem
1533 846 1749 902 sponso
1780 829 1966 900 dignae
1998 825 2094 881 ha-

461 930 612 985 bitae.
663 929 872 983 Earum
930 930 1125 981 autem
1197 938 1439 993 corpora
1514 918 1716 976 bestiis
1774 917 2096 973 diviserunt

460 1017 779 1088 parricidae,
804 1029 1046 1084 quarum
1079 1028 1213 1067 cum
1264 1011 1573 1065 maximam
1609 1013 1829 1078 partem
1859 1004 1942 1060 illi
1973 1008 2090 1059 tor-

459 1105 674 1161 mentis
705 1103 1054 1167 exedissent,
1103 1117 1188 1168 ea,
1224 1115 1348 1171 qua
1380 1097 1697 1164 restabant,
1730 1094 1952 1150 edenda
1982 1110 2091 1164 ap-

459 1208 701 1264 posuere
732 1190 956 1255 bestiis,
989 1205 1060 1245 ne
1090 1205 1276 1260 pauca
1306 1186 1543 1257 quidem
1574 1190 1728 1239 terra
1777 1200 1843 1238 ea
1874 1183 2093 1253 imper-

457 1283 566 1338 tire
596 1280 887 1337 studiosos
919 1278 1151 1333 illarum
1189 1275 1550 1332 Christianos
1584 1272 1997 1344 permittentes.

2203 561 2492 632 τριάκοντα
2525 559 2599 619 εἷς
2630 559 2798 635 ἄγραν
2848 562 2956 612 τῶν
3017 560 3364 631 μαρτυρικῶν
3428 556 3701 631 λειψάνων
3761 559 3869 631 ὁρ-

2208 650 2464 719 μήσασαι,
2515 647 2627 701 εἶτα
2684 647 2983 722 κατάφοροι
3022 646 3309 719 γενόμεναι
3358 646 3479 708 τοῖς
3539 642 3867 725 δορυφόρεις

2203 737 2265 791 τὸ
2307 734 2395 790 διὰ
2435 736 2621 814 ξίφους
2676 737 2766 791 καὶ
2820 735 2977 790 αὑταὶ
3032 732 3193 797 τέλος
3252 733 3577 807 ὑπέστησαν,
3637 736 3862 811 ἐπικερ-

2205 823 2445 899 δέστιρον
2490 824 2688 897 πολλῷ
2736 828 2832 890 τῆς
2894 826 3063 899 ἄγρας
3125 824 3380 897 εύροῦσαι
3443 825 3534 879 τὸν
3594 822 3860 899 κίνδυνον,

2203 914 2290 969 καὶ
2322 915 2390 983 ἧς
2436 907 2694 969 ἔσπευδον
2747 914 2836 968 καὶ
2887 911 3142 987 λείψανον
3195 917 3428 987 θηρᾶσαι
3484 914 3673 988 μόνον,
3724 915 3862 987 ὅτην

2203 1003 2369 1071 αύτὴν
2430 1009 2605 1073 ζῶσαν
2668 999 3072 1071 ἀπολαϐοῦσαι,
3133 1000 3212 1063 εἷς
3269 1002 3361 1056 τὸν
3404 1003 3565 1058 αὐτόν
3615 1024 3674 1059 τε
3717 1005 3859 1080 αὐτῇ

2202 1097 2465 1169 νυμφῶνα
2539 1089 2901 1158 εἰσελθοῦσαι,
2977 1090 3067 1145 καὶ
3134 1094 3231 1148 τοῦ
3295 1090 3463 1147 αὐτοῦ
3548 1091 3862 1164 ἀξιωθεῖσαι

2199 1179 2458 1256 νυμφίου.
2512 1180 2591 1236 Τὰ
2645 1181 2827 1252 μέντοι
2879 1177 3106 1252 σώματα
3146 1178 3355 1235 τούτων
3407 1182 3621 1256 θηρίοις
3679 1180 3867 1256 ἐμερίο

2200 1287 2357 1321 σαντο
2417 1267 2467 1321 οἱ
2530 1267 2832 1343 μιαιφόνοι,
2894 1268 2981 1322 καὶ
3047 1268 3115 1323 τὰ
3178 1266 3356 1323 πλείω
3412 1274 3529 1330 τοῖς
3600 1269 3859 1345 βασάνοις

456 1360 651 1416 ἐκεῖνοι
681 1362 900 1433 πρῶτον
960 1355 1376 1432 καταφαγόντες,
1436 1352 1501 1407 τὰ
1558 1348 1964 1421 ὑπολειπόμενα
2024 1344 2251 1402 δεῖπνειν
2307 1345 2487 1402 ἔθεντο
2554 1353 2669 1408 τοῖς
2738 1347 2992 1423 θηρὶωις,
3055 1344 3196 1421 μηδὲ
3260 1354 3364 1423 γῆς
3432 1344 3621 1414 αὐτοῖς
3692 1372 3863 1426 μετα-

456 1448 641 1505 δοῦναι
677 1447 935 1522 βραχείας
966 1445 1093 1508 τοὺς
1125 1443 1391 1517 διψῶντας
1420 1440 1552 1496 αὐτὰ
1581 1439 1943 1514 Χριστιανοὺς
1973 1436 2361 1515 ἀνασχόμενοι.

528 1539 728 1595 XXIII.
763 1539 1009 1594 Reverso
1042 1539 1233 1591 autem
1268 1532 1527 1605 principe
1544 1546 1883 1603 coquorum,
1916 1532 1973 1585 et
2002 1545 2095 1583 ro-

458 1631 654 1699 gante,
686 1642 941 1698 quonam
988 1625 1155 1681 modo
1206 1622 1562 1678 interimeret
1610 1619 1909 1675 Gaianam.
1966 1618 2092 1674 Jam

2271 1526 2391 1582 KI".
2425 1528 2535 1583 Τοῦ
2567 1525 2975 1603 ἀρχιμαγείρου
3005 1524 3061 1581 δὲ
3110 1527 3566 1602 ἀναστρέψαντος,
3612 1530 3703 1585 καὶ
3733 1531 3859 1588 τίνα

2194 1614 2287 1668 τὸν
2318 1612 2518 1688 τρόπον
2549 1615 2640 1669 καὶ
2670 1616 2769 1684 τήν
2804 1618 3035 1685 Γαῖανὴν
3068 1614 3247 1671 ἀνελεῖ
3271 1617 3851 1692 πυνθανομένου.“Ηδη

457 1716 635 1780 enim,
682 1714 897 1787 inquit,
931 1718 995 1768 ut
1026 1713 1135 1768 fuit
1184 1712 1350 1783 nobis
1393 1709 1752 1773 mandatum,
1785 1708 1853 1762 de
1902 1706 2089 1761 medio

2207 1702 2318 1778 γὰρ,
2350 1703 2505 1782 φησί,
2541 1703 2813 1778 ἀνῄρηται
2844 1706 2982 1760 κατά
3009 1706 3077 1760 τά
3108 1702 3499 1780 διατεταγμένα
3528 1710 3665 1781 ἡμῖν
3689 1711 3723 1779 ἡ
3747 1710 3857 1766 Ῥι.

454 1805 688 1860 sublata
715 1809 803 1858 est
833 1801 1089 1872 Bipsime
1124 1816 1136 1854 :
1167 1799 1484 1863 Teridates,
1508 1802 1570 1851 ut
1592 1796 1688 1863 qui
1720 1794 1862 1850 nihil
1888 1794 2088 1849 memi-

453 1894 641 1949 nisset
669 1909 889 1963 eorum,
924 1908 1049 1963 qua:
1074 1893 1326 1961 jusseral
1358 1888 1660 1959 (miserum
1704 1885 1857 1941 enim
1892 1885 2091 1957 perde-

455 1982 555 2038 bat
610 1998 789 2048 amor,
812 1986 868 2036 et
912 1997 1016 2035 nec
1069 1980 1294 2034 sinebat
1323 1978 1559 2049 quidem
1609 1974 1893 2045 respirare
1946 1973 2087 2028 libe-

456 2070 611 2141 rum)
652 2069 929 2140 Ripsime,
964 2067 1210 2138 dicebat,
1244 2066 1341 2122 ubi
1377 2064 1509 2120 est?
1566 2064 1671 2119 Sed
1732 2062 1831 2117 ubi
1884 2061 2089 2117 videbo

454 2158 779 2230 Ripsimem
799 2157 826 2212 ?
850 2157 1160 2227 Postquam
1183 2162 1395 2223 autem,
1412 2158 1690 2225 tanquam
1716 2167 1746 2206 e
1776 2166 1981 2207 somno
2004 2148 2089 2205 vel

456 2246 729 2304 ebrietate
785 2246 856 2302 ad
915 2261 977 2302 se
1026 2245 1278 2309 rediens,
1334 2241 1531 2299 omnia
1560 2244 1731 2313 plane
1788 2238 2089 2307 intellexit,

458 2350 584 2407 quae
614 2338 671 2389 et
699 2334 817 2403 ipse
840 2334 1117 2403 jusserat,
1149 2336 1203 2387 et
1234 2347 1361 2403 quis
1394 2331 1667 2398 fecerant,
1711 2328 1926 2399 quibus
1961 2328 2089 2398 jus-

456 2439 590 2480 eum
623 2421 828 2492 fuerat,
869 2437 1016 2494 aegre
1064 2421 1301 2490 ferebat,
1331 2420 1601 2489 ejulabat,
1635 2418 2089 2482 'vociferabatur,

456 2518 513 2569 et
567 2516 859 2583 postremo
904 2511 1152 2575 dicebat,
1185 2526 1247 2564 se
1288 2525 1402 2564 non
1460 2524 1586 2562 esse
1633 2506 1947 2571 victurum,
1982 2505 2092 2573 nisi

457 2603 614 2655 esset
641 2616 754 2653 una
777 2614 908 2654 cum
943 2597 1305 2667 Ripsime.Et
1329 2595 1594 2666 protinus
1617 2594 1797 2664 jussit
1828 2593 2091 2664 linguam

454 2689 685 2741 Gaianae
718 2700 865 2755 pone
897 2690 1135 2740 tractam
1180 2701 1277 2755 per
1322 2684 1639 2749 tendinem,
1673 2680 1834 2736 avelli
1876 2696 1905 2735 e
1954 2685 2090 2752 gut-

455 2779 633 2830 ture:
693 2774 900 2829 deinde
929 2790 1056 2828 eam
1108 2771 1417 2827 crudeliter
1464 2769 1637 2825 simul
1674 2776 1726 2826 et
1773 2770 2091 2824 inhumane

454 2862 579 2917 tolli
612 2863 683 2917 de
746 2864 976 2929 medio;
1014 2877 1144 2916 nam
1195 2876 1264 2914 ne
1303 2861 1385 2913 sic
1427 2859 1661 2929 quidem
1710 2858 1931 2912 dicebat
1965 2873 2092 2911 eam

457 2952 694 3005 meritas
737 2966 938 3022 poenas
968 2966 1096 3004 esse
1138 2949 1423 3003 daturam.
1458 2948 1587 3001 Haec
1617 2947 1770 3000 enim
1806 2944 1976 3011 mala,
2012 2946 2095 3000 in-

456 3040 604 3111 quit,
639 3040 860 3109 lingua,
896 3038 1037 3091 mihi
1091 3053 1277 3090 meam
1313 3035 1555 3090 abstulit
1593 3034 1934 3105 Ripsimcm,
1966 3033 2093 3103 ipsa

2197 1795 2364 1868 ψίμη·
2391 1795 2417 1848 ὁ
2451 1796 2786 1869 Τηριδάτης,
2820 1798 2906 1851 οἷα
2938 1793 3174 1869 μηδενὸς
3198 1801 3305 1851 τῶν
3332 1796 3634 1871 εἰρημένων
3666 1800 3854 1865 αἰσθό-

2201 1903 2384 1954 μενος,
2437 1882 2721 1951 (ἀπώλλυε
2770 1885 2873 1959 γὰρ
2923 1886 3014 1941 τὸν
3064 1886 3257 1940 ἄθλιον
3307 1886 3335 1940 ὁ
3380 1882 3539 1961 ἔρως,
3579 1887 3668 1943 καὶ
3726 1887 3855 1945 οὐδὲ

2196 1971 2445 2027 ἀναπνεῖν
2477 1971 2759 2039 ἐλεύθερον
2818 1975 3159 2049 συνεχώρει.)
3198 1980 3259 2030 ’Π
3293 1972 3349 2030 δὲ
3387 1976 3643 2050 Ῥιψίμη,
3676 1971 3850 2054 ἔλεγε,

2196 2065 2333 2127 ποῦς
2364 2060 2539 2117 ’Λλλά
2570 2060 2629 2117 ἄν
2664 2059 2765 2115 ἴδω
2795 2062 3056 2137 Ῥιψίμην
3088 2068 3203 2124 τοῖς
3236 2062 3587 2137 ὀφθαλμοῖςς
3623 2065 3848 2136 Ἐπειδή

2198 2146 2254 2202 δὲ
2283 2147 2464 2223 ὥσπερ
2510 2148 2558 2220 ἐξ
2614 2148 2777 2205 ὕπνου
2808 2149 2843 2219 ἢ
2879 2150 3047 2222 μέθης
3105 2150 3422 2226 ἀνενεγκὼν,
3470 2154 3644 2209 πάντα
3692 2158 3847 2231 ἀκρι-

2199 2233 2310 2299 ϐῶς
2358 2236 2671 2310 ἐμάνθανεν,
2717 2237 2815 2293 ὅσα
2861 2260 2919 2295 τε
2977 2236 3136 2304 αῦτὸς
3186 2237 3423 2312 ἐπέταξε,
3481 2241 3569 2297 καί
3627 2242 3726 2299 ὅσα
3793 2247 3845 2301 οἱ

2201 2325 2572 2391 κελευσθέντες
2628 2324 2874 2403 ἔδρασαν,
2926 2326 3070 2384 δεινά
3118 2327 3310 2399 ἐποίει,
3352 2330 3443 2385 καὶ
3500 2330 3845 2411 ὠλοφύρετο,

2202 2414 2290 2469 καὶ
2322 2410 2472 2485 ἐϐοά,
2503 2418 2594 2471 καὶ
2625 2417 2784 2479 τέλος
2816 2418 2890 2480 ὡς
2923 2418 2984 2472 ού
3034 2419 3291 2492 βιώσεται
3355 2417 3531 2495 ἔλεγε,
3585 2410 3660 2494 μὴ
3718 2422 3847 2499 ούγὶ

2200 2504 2372 2558 συνὼν
2407 2509 2475 2578 τῇ
2508 2505 2759 2579 Ῥιψίμη.
2804 2506 2909 2562 Καὶ
2941 2506 3132 2561 αὐτίκα
3162 2510 3261 2577 τὴν
3314 2515 3414 2577 τῆς
3464 2515 3697 2581 Γαῖανῆς
3737 2511 3849 2569 ἐκέ-

2204 2590 2327 2646 λευε
2358 2594 2615 2669 γλῶσσαν
2657 2592 2876 2650 ὄπισθεν
2928 2593 3017 2650 διά
3065 2601 3161 2651 τοῦ
3209 2596 3456 2660 τένοντος
3501 2598 3846 2667 ἒλκυσθεῖσαν

2204 2679 2615 2750 ἀποσπασθῆναι
2670 2687 2766 2737 τοῦ
2836 2685 3133 2760 φάρυγγος,
3186 2687 3297 2740 εἶτα
3345 2686 3435 2741 καὶ
3476 2687 3640 2758 αὐτὴν
3686 2691 3851 2763 ὠμῶς

2204 2765 2333 2840 ἄγαν
2378 2770 2467 2823 καὶ
2517 2771 2889 2844 ἀπανθρώπως
2937 2773 3299 2847 ἀναιρεθῆναν
3355 2776 3416 2830 ού
3467 2776 3565 2851 γὰρ
3612 2779 3669 2830 ἄν
3717 2776 3841 2833 οὐδὲ

2204 2854 2376 2917 οὕτως
2407 2857 2556 2927 ἀξίαν
2588 2855 2743 2936 ἔλεγε
2787 2862 2886 2929 τήν
2932 2858 3087 2930 δίκην
3140 2861 3389 2923 ἐκτίσειν.
3448 2869 3510 2921 ‘11
3553 2866 3652 2938 γάρ
3698 2868 3833 2935 κακή

2204 2944 2617 3031 αὕτηγλῶσσα,
2666 2948 2852 3026 φησὶν,
2902 2948 3037 3019 αὕτη
3085 2972 3187 3021 μου
3238 2953 3336 3020 τὴν
3386 2952 3558 3023 καλὴν
3598 2953 3842 3031 ἀφείλετο

2205 3030 2486 3105 Ῥιψίμην,
2518 3035 2615 3102 τὴν
2644 3040 2743 3102 τῆς
2775 3033 2914 3107 ἐμῆς
2966 3037 3101 3107 αὕτη
3159 3041 3346 3114 ψυχῆς
3396 3030 3673 3096 ἀπώλεσεν
3715 3040 3849 3110 ἡδο-

456 3092 931 3198 perd'iditumeam
967 3125 1173 3179 animae
1204 3124 1581 3195 voluptatem.
1616 3092 1755 3178 cum
1790 3092 1934 3193 haec,
1963 3092 2088 3194 quae

2304 3092 2365 3105 ..
2421 3092 2486 3101 ..
2573 3092 2582 3102 .
2701 3092 2739 3102 .-
2805 3092 2814 3107 .
2870 3092 2911 3103 .-
3090 3092 3101 3107 .
3173 3092 3181 3111 ι
3237 3092 3343 3114 ,_,.
3724 3092 3813 3110 -,-,

2207 3122 2321 3190 νην.
2392 3121 2459 3189 ἦν
2528 3122 2755 3184 ἀνοσίως
2817 3126 3037 3199 ἡγεῖσθε
3114 3126 3201 3181 καὶ
3280 3129 3549 3203 φονεύετε.
3626 3131 3846 3188 Τούτων

454 3216 687 3271 interim
721 3214 1079 3281 dicebantur,
1112 3213 1428 3267 audivisset
1460 3212 1725 3283 princeps
1749 3227 2089 3282 coquorum,

455 3304 649 3359 educit
680 3303 955 3358 Gaianam
988 3318 1120 3357 cum
1168 3302 1419 3368 duabus,
1452 3317 1578 3371 qua:
1624 3310 1785 3355 erant
1839 3316 1968 3354 cum
2002 3315 2089 3365 ea,

455 3395 780 3465 virginibus
813 3395 880 3449 ad
926 3399 1156 3465 pontem
1192 3392 1371 3461 ﬂuvii,
1405 3409 1574 3463 super
1619 3408 1791 3463 quem
1826 3390 2092 3445 solebant

456 3484 749 3540 maleﬁcos
780 3485 1010 3539 allicere
1039 3482 1348 3553 supplicio.
1386 3483 1514 3551 Ipse
1541 3488 1734 3535 autem
1761 3495 1827 3535 ex
1858 3495 1918 3534 se
1949 3496 2089 3550 quo-

454 3590 565 3644 que
597 3573 761 3644 plura
800 3572 1001 3643 adjicit
1058 3576 1370 3625 tormenta.
1406 3569 1787 3625 Existimabal
1820 3568 1973 3624 enim
2031 3584 2092 3624 se

454 3662 575 3732 regi
597 3663 847 3717 maxime
861 3661 1345 3731 gratificaturum,
1362 3659 1407 3713 si
1428 3659 1792 3714 vehementer
1812 3664 1867 3713 et
1890 3658 2093 3713 insane

456 3750 781 3820 spiraretin
814 3749 1083 3817 virgines.
1119 3749 1186 3800 Et
1220 3748 1465 3813 primum
1502 3746 1735 3816 quidem
1774 3749 2093 3816 perrumpit

456 3856 655 3895 earum
690 3840 878 3890 vestes
914 3852 926 3889 :
961 3835 1169 3890 deinde
1202 3850 1393 3888 earum
1428 3834 1600 3888 etiam
1635 3835 1889 3889 extensis
1915 3834 2094 3888 mani-

455 3928 564 3982 bus
583 3932 638 3980 et
669 3924 933 3995 pedibus,
958 3929 1013 3977 et
1043 3921 1175 3976 talis
1209 3921 1707 3992 pertoratis,illinc
1742 3938 1840 3991 per
1863 3924 2092 3977 fistulas

452 4020 625 4070 vento
683 4012 883 4082 implet
943 4012 1243 4079 inspirato.
1274 4008 1379 4065 Ubi
1428 4015 1621 4064 autem
1663 4011 1950 4080 disjuncta
2005 4016 2095 4065 est

456 4103 626 4174 pellis
657 4118 689 4156 a
710 4118 811 4155 sua
842 4116 973 4154 cum
1008 4116 1180 4154 carne
1213 4098 1421 4154 coalita
1451 4099 1881 4168 conjunctione,
1914 4099 2092 4170 virgi-

457 4208 560 4246 nes
594 4188 788 4245 miseri
820 4188 1115 4244 excoriant
1148 4204 1159 4242 :
1195 4188 1344 4255 quod
1381 4203 1482 4241 nec
1528 4186 1826 4259 adspicere
1859 4189 2092 4256 quidem

457 4280 755 4336 humanus
789 4278 1163 4332 sustinuisset
1201 4275 1418 4332 oculus.
1454 4274 1569 4330 Ille:
1602 4282 1815 4344 autem,
1850 4283 1906 4332 et
1936 4277 1983 4333 si
2018 4278 2096 4333 ita

459 4374 805 4424 exuerentur
835 4367 1105 4438 pellibus,
1134 4375 1322 4421 tamen
1358 4365 1554 4420 divina
1578 4383 1691 4420 non
1727 4367 2098 4421 nudabantur

461 4457 682 4529 gratia:
709 4474 742 4512 a
773 4472 886 4525 qua
916 4458 1088 4509 etiam
1123 4455 1359 4523 adjutae,
1380 4454 1751 4522 requirebant
1780 4455 2095 4523 Christum,

2207 3208 2392 3279 ἐπειδὴ
2460 3211 2652 3283 μεταξὺ
2712 3214 2739 3267 ὁ
2796 3214 3191 3291 ἀρχιμάγειρος
3250 3218 3449 3289 ἢκουσε
3516 3217 3849 3297 λεγομένων,

2205 3297 2379 3374 ἐξάγει
2444 3299 2544 3366 τήν
2611 3302 2838 3370 Γαῖανὴν
2908 3303 3042 3374 μετά
3126 3306 3215 3358 καὶ
3301 3306 3690 3382 συμπαρθένων
3754 3309 3848 3366 δύο

2203 3386 2339 3460 πρὸς
2370 3390 2436 3458 τῇ
2462 3391 2557 3441 τοῦ
2588 3387 2929 3463 καλουμένου
2965 3392 3269 3465 βαθυτάτου
3318 3403 3570 3470 ποταμοῦ
3620 3399 3849 3475 γεφύρᾳ,

2204 3474 2285 3550 ἐφ’
2314 3478 2379 3543 ἧς
2409 3476 2537 3537 τοὺς
2586 3478 2923 3553 κακούργους
2973 3479 3223 3550 κολάζειν
3272 3482 3550 3555 εῗώθεσαν,
3609 3489 3700 3542 καὶ
3755 3490 3852 3553 τὰς

2203 3562 2425 3626 πλείους
2485 3566 2646 3628 αὐτὸς
2715 3566 2925 3623 οἷ’κοθεν
3009 3570 3336 3644 προστίθησι
3405 3578 3513 3629 τῶν
3584 3576 3851 3651 βασάνων.

2202 3655 2357 3746 ’Ξῼετο
2389 3654 2493 3746 γάρ
2524 3660 2601 3727 τῷ
2636 3654 2852 3746 βασιλεῖ
2878 3659 2943 3713 τὰ
2978 3660 3204 3735 μέγιστα
3236 3665 3566 3736 χαριεῖσθαι,
3618 3666 3660 3719 εἰ
3711 3688 3853 3746 σφο-

2205 3741 2328 3817 δρὸν
2373 3743 2514 3798 οὕτω
2567 3744 2805 3801 πνεύσειε
2852 3748 2985 3801 κατά
3044 3753 3151 3803 τῶν
3209 3750 3486 3825 παρθένων
3545 3755 3634 3807 καὶ
3697 3741 3855 3827 μανι.

2205 3834 2315 3888 κόν.
2349 3834 2452 3888 Καὶ
2484 3840 2675 3908 πρῶτα
2709 3838 2801 3907 μὲν
2844 3838 3262 3914 περιρρήγνυσιν
3313 3843 3490 3897 αὐτῶν
3530 3845 3625 3906 τὰς
3685 3844 3850 3915 ἐσθῆ-

2203 3940 2317 3987 τας,
2352 3921 2467 3974 εἶτα
2497 3922 2585 3975 καὶ
2624 3929 2812 3998 χεῖρας
2864 3926 2953 3979 καὶ
3000 3924 3169 3989 πόδας
3215 3926 3389 3984 αὐτῶν
3441 3927 3708 4003 διατείνει,
3758 3935 3849 3989 καὶ

2203 4010 2336 4063 κατά
2368 4011 2491 4064 τοὺς
2526 4012 2903 4088 ἀστραγάλουσ
2935 4012 3251 4089 διατρήσας,
3285 4022 3605 4097 φυσήματος
3644 4022 3844 4088 ἐκεῖθεν

2206 4099 2511 4170 ἐμπίπλησι
2558 4099 2627 4156 δι’
2675 4101 2970 4160 αὐλίσκων.
3028 4107 3115 4167 Ὠς
3166 4105 3223 4161 δὲ
3270 4109 3359 4163 καὶ
3408 4114 3507 4176 τῆς
3556 4114 3692 4187 πρὸς
3748 4116 3847 4183 τήν

2207 4190 2377 4261 σάρκα
2452 4191 2723 4264 ουμφὺῒας
2791 4193 2853 4246 τὸ
2895 4189 3067 4266 δέρμα
3124 4192 3334 4265 διέστη,
3402 4196 3755 4273 ἀποδέρουσιν
3794 4204 3847 4257 οἱ

2206 4276 2387 4333 ἄθλιοι
2432 4280 2530 4342 τὰς
2576 4282 2890 4355 παρθένους·
2921 4283 2949 4337 ’ὀ
2996 4280 3135 4355 μηδὲ
3186 4286 3570 4360 φιλάνθρωπος
3619 4288 3681 4344 ἄν
3731 4290 3847 4353 θεά-

2208 4378 2393 4430 σασθαι
2446 4368 2726 4440 ὑπέμεινεν
2784 4369 3087 4448 ὀφθαλμός,
3123 4373 3191 4428 Αἰ
3223 4371 3391 4429 δὲκαὶ
3445 4376 3586 4431 οὕτω
3629 4379 3699 4433 τὰ
3728 4376 3851 4452 δέρ-

2211 4476 2353 4528 ματα
2387 4454 2727 4530 ἐκδυόμεναι,
2787 4460 2939 4533 ὅμως
2993 4469 3091 4531 τῆς
3149 4462 3293 4525 θείας
3358 4463 3457 4519 οὐκ
3519 4465 3848 4541 ἐγυμνοῦντο

463 4546 633 4615 cujus
683 4544 1031 4598 tenebantur
1070 4541 1378 4604 desiderio,
1410 4542 1663 4596 dicentes
1696 4560 1709 4597 :
1746 4564 1774 4591 «
1813 4544 2093 4599 Memento

2207 4544 2431 4619 χάριτος
2500 4546 2585 4625 ὑφ’
2649 4551 2714 4616 ἧς
2780 4549 2868 4604 καὶ
2938 4550 3276 4625 θαλπόμεναι
3341 4554 3432 4607 τὸν
3509 4557 3848 4630 ποθούμενον

462 4631 667 4702 nostri,
700 4631 944 4699 benigne
973 4634 1029 4684 et
1059 4629 1311 4684 clemens
1342 4628 1587 4685 Domine
1616 4646 1629 4684 :
1664 4632 1940 4701 quoniam
1965 4649 2094 4701 pro-

462 4724 590 4794 pter
618 4724 673 4775 te
730 4722 915 4775 morte
947 4718 1239 4772 efﬁcimur
1267 4721 1383 4772 tota
1424 4717 1538 4785 die,
1570 4722 1627 4772 et
1658 4723 1932 4790 tanquam
1964 4737 2098 4777 oves

464 4809 770 4868 occisionis
800 4815 1031 4880 prepter
1060 4812 1115 4863 te
1146 4823 1353 4862 sumus
1406 4811 1681 4877 reputatae
1711 4807 1752 4865 ³.
1788 4830 1816 4858 ››

532 4987 727 5044 XXIV.
760 4985 1034 5056 Princeps
1068 4989 1256 5042 autem
1302 5002 1619 5057 coquorum
1654 5003 1784 5043 cum
1835 4987 1976 5044 vidit
2006 5003 2102 5045 eas

462 5077 544 5132 ita
588 5077 817 5131 exuisse
864 5075 1068 5147 pellem
1125 5075 1346 5145 absque
1388 5075 1507 5129 ulla
1547 5075 1834 5144 molestia,
1869 5078 2103 5148 perinde

464 5182 528 5221 ac
547 5164 593 5219 si
620 5165 749 5234 quis
766 5170 983 5219 vestem
1008 5165 1284 5230 exuisset,
1309 5163 1553 5218 etsimul
1578 5165 1916 5220 easinterim
1945 5165 2107 5219 audi-

461 5254 641 5309 visset
671 5252 973 5307 dominum
1007 5252 1383 5322 alloquentes,
1414 5261 1473 5308 ut
1495 5254 1749 5324 jusserat
1781 5256 2100 5322 Teridates,

464 5342 548 5396 eis
582 5339 713 5394 fecit
742 5339 973 5410 linguas
1005 5340 1201 5396 eximi.
1235 5341 1375 5396 Cum
1409 5342 1601 5411 itaque
1632 5342 1953 5412 virginibus
1987 5341 2099 5397 col-

465 5432 588 5486 lum
629 5427 838 5483 t‘uisset
892 5447 1043 5501 pone
1090 5429 1468 5499 perforatum,
1499 5433 1584 5488 eis
1617 5432 1828 5502 linguas
1877 5432 2099 5489 exscin-

536 5593 558 5629 ³
585 5594 735 5651 Paul.
766 5610 923 5667 XLIII,
951 5596 1047 5653 22.

2210 4631 2432 4706 ἐξῄτουν
2468 4638 2722 4711 Χριστὸν,
2761 4658 2785 4690 α
2816 4640 3102 4708 Μνησθητι
3135 4641 3224 4695 γαὶ
3262 4642 3446 4713 ἡμῶν,
3496 4643 3851 4721 φιλανθρωπε

2212 4721 2481 4792 Δέσποτα,
2560 4724 2851 4798 λέγουσαι·
2931 4727 3012 4780 ὅτι
3086 4726 3241 4783 ἕνεκα
3316 4734 3411 4785 σοῦ
3477 4733 3848 4806 θανατούμεθα

2212 4810 2348 4880 ὅλην
2379 4813 2477 4880 τήν
2512 4812 2741 4886 ἡμέραν,
2801 4814 2888 4867 καὶ
2948 4816 3026 4877 ὡς
3078 4813 3323 4889 πρόϐατα
3373 4828 3582 4897 σφαγῆς
3639 4818 3726 4877 διὰ
3792 4824 3849 4877 σε

2212 4901 2591 4977 ἐλογίσθημεν.
2627 4928 2650 4957 υ

2283 4994 2398 5048 KA'.
2430 4993 2491 5050 Ὀ
2525 4992 2582 5049 δὲ
2622 4994 3042 5072 ἀρχιμάγειρος,
3092 4995 3277 5068 ἐπειδὴ
3330 5002 3431 5071 τήν
3487 4998 3649 5076 δοράν
3709 5002 3848 5058 ἀλύ-

2212 5102 2327 5142 πως
2364 5081 2530 5142 οὕτως
2565 5084 2898 5156 ἀποθεμένας
2937 5083 3094 5156 εἶδεν,
3145 5085 3325 5164 ὥσπερ
3374 5089 3431 5144 ἅν
3483 5090 3536 5146 εἷ’
3576 5112 3661 5151 τις
3716 5090 3850 5160 ἱμά-

2208 5191 2324 5225 τιον
2358 5168 2706 5241 ἀποδύσαιτο,
2741 5173 2830 5227 καὶ
2878 5174 2989 5248 ἅμα
3035 5177 3287 5253 καὶπρὸς
3334 5180 3425 5234 τὸν
3470 5182 3598 5235 Θεὸν
3647 5181 3853 5250 ἢκουσε

2215 5260 2407 5331 μεταξῦ
2441 5256 2861 5336 διαλεγομένων,
2905 5265 3040 5320 κατᾶ
3085 5265 3145 5321 τὸ
3192 5270 3288 5321 τοῦ
3330 5264 3638 5341 Τηριδάτου
3686 5270 3856 5339 πρόσ-

2209 5369 2408 5421 ταγμα,
2452 5350 2541 5405 καὶ
2597 5350 2689 5413 τὰς
2731 5352 2983 5427 γλώττας
3032 5354 3270 5412 ἐκέλευεν
3318 5354 3535 5428 ἐξελεῖν.
3595 5357 3697 5417 Καὶ
3748 5356 3853 5431 δῆτ

2206 5458 2271 5494 τα
2309 5436 2433 5500 τοὺς
2486 5438 2718 5515 αὐχένας
2758 5441 2975 5501 ὄπισθεν
3034 5446 3087 5499 αἱ
3146 5442 3402 5519 παρθένοι
3454 5442 3852 5520 διατοηθιῖσαι,
