4142 6248
301 384 417 445 973

1303 382 1490 444 VITA
1533 384 1595 444 S.
1646 379 2016 444 GBEGORU
2063 385 2701 458 lLLUMlNATORIS.

3577 412 3695 472 974

299 543 490 605 αὰταῖς
546 540 740 614 ῥίζαις,
798 537 893 602 τὰς
945 534 1194 611 γλώττας
1263 536 1635 611 ἐκτέμνονται.
1677 538 1807 595 Εἶτα
1860 539 1949 592 καὶ

300 629 384 641 ..-
767 631 793 641 -
885 624 932 641 ι..
1097 627 1111 641 .
1370 627 1380 641 .
1609 627 1622 641 .
1732 629 1743 641 .

2063 543 2284 641 duntur
2311 549 2613 607 radicitus.
2639 552 2851 611 Deinde
2882 572 3010 613 cum
3035 557 3330 631 lapidibus
3359 565 3549 624 instar
3575 569 3697 641 gla-

300 629 476 693 λίθοις
547 631 834 704 μαχαιρῶν
881 624 1036 696 δίκην
1094 627 1498 701 ἐστομωμένοις
1536 627 1626 682 καὶ
1691 629 1949 700 τέμνουσι

296 721 392 783 τὰς
469 718 730 794 γαστέρας
798 719 1169 788 ἀνακοπεῖσαι,
1242 717 1331 770 καί
1397 720 1496 787 τήν
1567 717 1715 777 ἐντὸς
1777 721 1949 770 πᾶσαν

300 808 589 865 διάπλασιν
649 807 755 879 πρὸ
808 810 916 861 τῶν
965 803 1149 860 ποδῶν
1218 808 1472 879 χυθεῖσαν
1532 803 1762 873 ἰδοῦσαι,
1805 805 1950 859 οὓτω

297 899 523 959 καὶτὰς
574 895 814 973 κεφαλὰς
873 896 1249 971 ἀφαιροῦνται.
1302 897 1468 970 Ἐκτῃ
1542 895 1636 968 μὲν
1706 894 1799 949 οῦν
1857 895 1947 949 καί

300 985 473 1044 εἰκάδι
528 990 626 1041 τοῦ
695 979 1069 1059 Σεπτεμϐρίοῦ
1124 984 1315 1057 μηνὸς,
1356 986 1390 1052 ἡ
1445 985 1658 1060 γενναία
1714 982 1944 1056 Ῥιψίμη

301 1077 392 1132 τὸν
466 1074 792 1149 μαρτυρικὸν
859 1070 1101 1127 ἀνείλετο
1187 1071 1461 1149 στέφανον.
1547 1072 1658 1135 Τὰς
1724 1071 1813 1127 ἐπὶ
1877 1076 1945 1145 τῇ

303 1159 439 1237 ἄγρᾳ
479 1159 536 1215 δὲ
579 1165 687 1215 τῶν
731 1158 936 1229 ἐκείνης
990 1157 1257 1232 λειψάνων
1315 1158 1665 1233 ὁρμηθείσας·
1726 1161 1761 1228 ἡ
1810 1159 1946 1226 αὐτὴ

307 1251 580 1324 μάρτυρας
623 1245 757 1303 εἶδεν
806 1247 1006 1322 ἡμέρα.
1062 1250 1146 1321 Τῇ
1199 1246 1437 1321 ἐπομένῃ
1487 1246 1544 1302 δέ
1601 1249 1690 1302 καὶ
1747 1250 1781 1315 ἡ
1846 1269 1947 1320 μα-

302 1339 466 1412 καρία
498 1338 696 1406 Γαῖανή
750 1337 888 1409 μετὰ
943 1341 1050 1390 τῶν
1118 1339 1509 1410 συμπαρθὲνων
1572 1337 1635 1391 τὸ
1698 1342 1798 1404 τῆς
1863 1355 1952 1391 τε-

304 1425 556 1491 λεώσεως
594 1423 830 1502 ἔδραμον
890 1421 1126 1484 στάδιον.
1183 1427 1356 1495 Ἕκτη
1414 1424 1594 1480 τοίνυν
1644 1423 1696 1494 ἐξ
1741 1422 1949 1480 ἐκείνου

302 1514 522 1585 διῆλθεν
573 1514 777 1588 ἡμέρα,
824 1513 914 1568 καὶ
980 1511 1500 1587 ὑπομαραινομένης
1543 1511 1651 1584 ἤδη
1702 1514 1782 1583 τῷ
1835 1515 1951 1582 Τη-

299 1602 488 1681 ριδάτῃ
515 1605 614 1673 τῆς
644 1606 750 1658 τῶν
784 1601 1000 1676 ἐρώτων
1045 1599 1275 1680 φλογὸς,
1330 1598 1529 1675 μελὲτη
1585 1603 1752 1672 θήρας
1803 1599 1949 1672 αὐτῷ

297 1693 500 1770 γίνεται
565 1692 656 1747 καὶ
729 1693 1064 1766 παρασκευή.
1134 1691 1301 1746 Καὶὸ
1345 1691 1438 1763 μὲν
1508 1689 1590 1744 ἐπ’
1658 1690 1950 1768 ὀχήματος

298 1781 440 1858 ἐξῄει
477 1789 579 1852 τῆς
627 1778 865 1842 πόλεως·
898 1783 934 1850 ἠ
977 1777 1101 1850 δίκη
1163 1776 1221 1834 δὲ
1279 1779 1378 1834 οὐκ
1434 1774 1746 1856 ἐϐράδυνεν,
1804 1776 1950 1834 ἀλλά

296 1893 378 1934 τις
455 1872 605 1942 αὐτῷ
677 1869 1042 1944 προσπαλαίει
1109 1868 1291 1942 μανία.
1361 1869 1462 1927 Καὶ
1540 1866 2034 1970 δαιμονιώταταΒ

301 1960 458 2022 οὗτος
527 1958 797 2033 ἐμαίνετο,
855 1958 944 2012 καὶ
998 1959 1318 2035 παράφορος
1375 1959 1440 2026 ἧν
1496 1956 1628 2019 ὅλος
1692 1957 1794 2012 ὑπὸ
1849 1963 1948 2026 τῆς

299 2049 484 2118 νόσου,
522 2054 631 2104 τῶν
668 2045 822 2103 ἰδίων
852 2069 910 2103 τε
959 2052 1170 2122 σαρκῶν
1213 2047 1525 2123 παρὲτρωγε
1569 2051 1684 2109 τοῖς
1741 2044 1949 2116 ὀδοῦσι,

301 2139 392 2193 καὶ
423 2137 498 2199 είς
520 2142 712 2212 χοῖρον
746 2136 951 2210 ⁴ἢμιειψε
979 2137 1072 2191 καὶ
1130 2136 1194 2190 τὸ
1243 2134 1411 2206 εἶδος,
1464 2135 1554 2191 καὶ
1619 2135 1947 2210 μετηλλάγη

302 2223 794 2302 Ναϐουχοδονόσορ
827 2225 903 2286 εἰς
932 2227 1031 2294 τήν
1066 2227 1303 2303 μορφὴν,
1340 2221 1662 2297 μεταλαϐὼν
1694 2225 1793 2301 γὰρ
1817 2231 1950 2280 ταὺ-

302 2337 401 2385 την
433 2313 724 2390 ἠγνόησεν,
757 2318 950 2369 τοῦτον
983 2315 1078 2369 τὸν
1113 2314 1424 2387 μανθανέτω
1454 2314 1654 2386 τρόπον
1674 2313 1764 2369 καί
1787 2317 1956 2388 Τηρι-

302 2403 494 2476 δάτην,
523 2405 623 2471 τήν
657 2403 827 2472 αὐτὴν
868 2400 1060 2474 ἐκείνῳ
1111 2397 1424 2474 μεταϐολὴν
1481 2404 1806 2472 ὑποστάντα,
1859 2402 1952 2458 καὶ

297 2492 468 2568 ταύτῃ
529 2494 630 2562 τήν
685 2490 980 2546 ἀκολασίαν
1036 2491 1493 2564 εἰσπραττόμενον
1553 2490 1643 2545 καὶ
1700 2491 1763 2546 τὸ
1820 2489 1954 2563 ἄγος

296 2581 562 2638 καὶοῦτω
600 2584 832 2656 πικρῶς.
878 2580 973 2634 Καὶ
1039 2579 1107 2648 ἦν
1171 2579 1239 2634 τὰ
1305 2576 1408 2651 ἔξω
1474 2581 1574 2634 τοῦ
1641 2575 1950 2650 Τηριδάτου

297 2682 515 2748 χοῖρος,
570 2675 669 2736 τῆς
736 2666 886 2724 ἔνδον
947 2669 1242 2741 ὡμότητός
1292 2687 1350 2723 τε
1395 2667 1624 2723 καὶτοῦ
1678 2662 1950 2742 βορϐόρου

296 2767 402 2818 τῶν
436 2759 672 2830 ἡδονῶν,
704 2758 796 2814 καὶ
826 2766 928 2826 τῆς
963 2756 1140 2826 ἄλλης
1199 2757 1444 2835 χοιρείας
1475 2758 1565 2812 καὶ
1621 2759 1804 2831 ψυχῆς
1860 2757 1951 2811 καὶ

299 2852 523 2924 ἀγωγῆς
565 2847 723 2902 εἰκὼν
789 2847 902 2918 ἅμα
957 2845 1046 2900 καὶ
1107 2844 1402 2917 εἴσπραξις.
1464 2843 1590 2917 Οὐχ
1643 2845 1670 2897 ὁ
1711 2841 1951 2916 Τηριδά-

299 2961 392 3006 της
435 2937 492 2993 δὲ
552 2939 718 3010 μόνος
777 2940 944 2990 ταῦτα
983 2937 1010 2989 ὁ
1054 2935 1273 3008 μιαρὸς,
1330 2931 1479 2987 ἀλλὰ
1546 2933 1636 2987 καὶ
1702 2933 1765 2986 τὸ
1830 2932 1954 3006 περὶ

303 3026 464 3082 αὐτὸν
543 3023 930 3099 στρατιωτικὸν
1001 3023 1159 3091 ἅπαν,
1233 3021 1324 3076 καὶ
1382 3019 1505 3074 ὅσον
1573 3017 1626 3074 ἐν
1694 3016 1951 3096 ἄρχουσι,

302 3120 391 3174 καὶ
426 3117 478 3174 εἷ’
503 3139 554 3173 τι
585 3116 728 3173 ἄλλο
758 3119 859 3171 τοῦ
907 3113 1314 3186 πολιτεύματος
1361 3116 1478 3174 τοῖς
1518 3109 1954 3184 τετολμημένοις

302 3205 558 3278 συνήδετο
591 3211 670 3278 τῷ
713 3203 857 3276 αὐτῷ
901 3201 1116 3276 δαίμονι
1168 3198 1517 3256 διαπαλαῖον.
1568 3201 1665 3255 Ἦν
1708 3197 1799 3253 οὖν
1858 3198 1951 3253 καί

300 3302 418 3359 τοῖς
481 3295 742 3372 κατόχοις
813 3298 893 3366 τῷ
963 3295 1122 3356 πάθει
1196 3291 1362 3347 ὁπότε
1435 3289 1524 3344 καὶ
1599 3288 1946 3363 ἂνανήῴειαν,

301 3385 488 3456 πολλὴ
520 3393 621 3455 τῆς
671 3382 1007 3460 ἀπαλλαγῆς
1037 3383 1073 3450 ἡ
1104 3379 1387 3453 ἐπιθυμία,
1418 3378 1507 3434 καὶ
1555 3383 1679 3440 τοῖς
1727 3376 1950 3442 οἰκείοις

300 3478 335 3546 ἡ
370 3475 585 3554 φροντίς
648 3473 747 3529 οὐκ
812 3470 1079 3539 ἐλάττων,
1117 3473 1281 3524 τοῦτο
1341 3469 1436 3542 μὲν
1493 3466 1631 3523 ὣστε
1701 3469 1774 3540 μὴ
1834 3472 1950 3529 τοῖς

303 3552 519 3637 ὁμοίοις
550 3566 880 3639 περιπεσεῖν,
929 3564 1091 3615 τοῦτο
1144 3555 1202 3614 δὶ
1259 3555 1400 3613 ὥστε
1451 3559 1551 3622 τῆς
1605 3552 1772 3610 νόσου
1821 3555 1949 3616 τοὺς

302 3655 684 3728 προσήκοντας
715 3655 1097 3728 κουφισθῆναι.

378 3741 495 3796 KE'.
567 3739 653 3794 ’Ev
713 3737 759 3808 ᾧ
819 3733 875 3790 δὶ
928 3734 1202 3793 τοιούτοις
1281 3731 1567 3804 ἐξητάζετο
1633 3729 1849 3786 πάθεσιν
1912 3731 1948 3799 ἡ

306 3826 583 3903 ’Δρμενία,
640 3821 846 3900 ὄνειρος
875 3828 943 3897 τῇ
991 3826 1088 3877 τοῦ
1137 3819 1408 3896 βασιλέως
1466 3817 1674 3897 ἀδελφῇ
1735 3825 1947 3875 Κουσα·

305 3915 571 3992 ροδούκτά
617 3914 888 3987 ἐπιφοιτᾷ.
930 3913 992 3969 Ὀ
1038 3907 1094 3966 δὲ
1141 3909 1348 3985 ὄνειρος
1400 3913 1516 3984 φῶς
1555 3909 1620 3978 ἦν
1679 3906 1950 3982 ἀδθρώπῳ

301 4008 400 4074 τήν
435 4003 724 4060 διάπλασιν
764 4001 962 4064 ἐοικός.
997 3998 1206 4056 Ἐδόκει
1239 3997 1296 4054 δὲ
1347 3997 1518 4071 λέγειν
1569 3997 1668 4065 ὡς,
1719 3997 1763 4053 εἰ
1807 4004 1950 4072 Γρη-

303 4093 489 4170 γόριον
529 4093 733 4148 ἐκεῖνον
786 4089 844 4146 ὅν
895 4091 1040 4164 παρά
1088 4092 1156 4161 τῇ
1205 4087 1364 4143 πόλει
1413 4087 1645 4161 ’Δρταξᾷ
1695 4085 1950 4161 βαράθρῳ

304 4186 543 4254 καθῆκαν
622 4184 975 4257 ἀνιμήσαιντο
1052 4180 1274 4248 ἐκεῖθεν,
1349 4177 1486 4233 κατά
1558 4174 1728 4238 πόδας
1791 4177 1951 4239 εὐθὺς

303 4273 394 4329 καὶ
466 4273 619 4334 λύσις
677 4271 1038 4340 ἀκολουθήσει
1079 4275 1178 4338 τῆς
1244 4271 1544 4345 συμφορᾶς.
1612 4264 1679 4321 Εἰ
1749 4261 1805 4318 δὲ
1873 4263 1949 4334 μὴ

301 4361 469 4419 ταῦτα
502 4359 642 4435 μηδὲ
699 4359 841 4415 οὕτω
889 4359 1143 4426 ποιητέον
1187 4355 1396 4424 αὐτοῖς,
1442 4351 1588 4408 ἀλλᾶ
1639 4353 1712 4423 μή
1767 4351 1952 4424 ἐτὲραν

303 4456 400 4507 τοῦ
465 4454 635 4504 κακοῦ
709 4448 994 4520 θεραπείαν
1069 4445 1338 4517 εὑρήσειν.
1414 4444 1596 4497 Ταῦτα
1658 4443 1755 4494 τοῦ
1819 4437 1955 4493 ὀνεί·

308 4558 410 4614 ρου
441 4532 686 4597 εἰπόντος
745 4533 1090 4609 παρελθοῦσα
1145 4528 1221 4591 εἷς
1276 4527 1370 4583 τὸν
1429 4525 1606 4598 δῆμον
1667 4528 1702 4595 ἡ
1747 4532 1953 4614 licuera-

2060 631 2288 690 dicrum
2322 640 2509 693 acutis
2540 645 2596 695 et
2627 645 2982 714 secantibus,
3031 653 3247 706 exsecti
3277 653 3526 712 fuissent
3556 631 3693 714 νυοῦ-

2059 724 2200 791 tres,
2231 729 2289 778 et
2320 727 2652 784 universum
2687 731 2978 788 internum
3027 735 3374 806 ﬁgmentum
3406 744 3689 802 vidissent

2060 808 2252 866 fusum
2283 829 2385 883 pro
2434 817 2699 884 pedibus,
2741 819 2825 876 eis
2857 823 3047 892 capita
3076 833 3473 898 amputantur.
3504 835 3694 907 Atque

2055 899 2330 959 vicesimo
2361 907 2593 976 quidem
2626 917 2784 965 sexto
2815 913 3030 968 mensis
3059 916 3409 985 Septembris
3440 899 3695 993 gloriosa

2057 989 2315 1060 Ripsime
2373 1010 2641 1051 coronam
2693 999 2953 1071 suscepit
3008 1007 3378 1074 martyricam
3435 989 3530 1080 (:2).
3583 1013 3693 1069 Eas

2057 1093 2210 1145 vero,
2245 1095 2374 1151 quae
2404 1089 2679 1140 venerant
2726 1087 2796 1142 ad
2848 1093 3140 1147 venandas
3189 1093 3350 1152 illius
3389 1098 3689 1170 reliquias,

2057 1165 2208 1220 idem
2240 1169 2358 1224 dies
2379 1171 2522 1226 vidit
2555 1179 2857 1245 martyres.
2883 1176 2984 1231 Die
3006 1185 3200 1236 autem
3227 1187 3495 1255 sequenti
3515 1165 3694 1245 beata

2060 1269 2289 1325 quoque
2321 1258 2537 1314 Gaiana
2567 1277 2698 1315 cum
2733 1264 2906 1318 sociis
2939 1266 3259 1338 virginibus
3283 1280 3694 1342 percurrerunt

2058 1342 2314 1399 stadium
2362 1351 2904 1407 consummationis.
2949 1354 3036 1409 Ab
3087 1355 3187 1412 illo
3243 1375 3380 1432 ergo
3436 1375 3694 1436 tempore

2058 1438 2286 1496 transiit
2316 1446 2510 1498 sextus
2540 1444 2685 1512 dies,
2719 1449 2774 1502 et
2811 1448 2936 1518 jam
2968 1449 3206 1509 ﬂamma
3235 1471 3503 1514 amorum
3532 1458 3695 1515 Teri-

2058 1526 2201 1581 datae
2233 1531 2450 1586 sensim
2485 1540 2862 1606 marescente,
2897 1537 2994 1593 ille
3024 1555 3284 1611 egressus
3313 1549 3400 1600 est
3426 1547 3496 1602 ad
3525 1563 3696 1604 vena-

2058 1614 2297 1674 tionem.
2327 1619 2451 1676 Non
2483 1623 2729 1679 tardavit
2755 1629 3189 1699 autemjustitia
3215 1649 3228 1687 :
3251 1635 3352 1690 sed
3375 1650 3508 1692 eum
3541 1654 3694 1709 quae-

2059 1703 2189 1761 dam
2223 1707 2438 1764 invadit
2461 1709 2706 1779 insania,
2732 1731 2844 1784 qua
2865 1715 3096 1774 furebat
3124 1719 3298 1791 plane
3319 1703 3693 1796 daemoniace,

2059 1798 2113 1848 et
2141 1809 2250 1863 prae
2282 1797 2483 1852 morbo
2515 1807 2635 1854 erat
2664 1809 2868 1858 emotae
2901 1807 3136 1873 mentis,
3168 1812 3226 1864 et
3253 1809 3528 1868 dentibus
3557 1830 3694 1869 suas

2059 1883 2362 1940 arrodebat
2385 1902 2623 1944 carnes:
2649 1893 2706 1944 et
2727 1897 2953 1948 mutata
2974 1894 3283 1952 fuitforma
3305 1899 3428 1968 ejus
3468 1899 3530 1956 in
3567 1917 3695 1972 por-

2061 1990 2217 2029 cum.
2249 1975 2407 2039 Quod
2442 1979 2490 2033 si
2524 1979 2658 2051 quis
2701 1981 2794 2049 sil,
2828 1983 2927 2054 qui
2971 2001 3085 2040 non
3117 1987 3344 2058 ignoret
3374 1991 3554 2048 fuisse
3582 1993 3695 2048 Na-

2059 2061 2593 2122 buchodonosorem
2629 2077 2913 2127 mutatum
2936 2071 2994 2128 in
3019 2073 3170 2130 hanc
3192 2077 3460 2143 formam,
3490 2081 3694 2136 eodem

2061 2153 2232 2207 modo
2263 2155 2409 2209 sciat
2455 2157 2627 2212 etiam
2678 2159 3011 2217 Teridatem
3043 2167 3331 2233 eamdem,
3364 2183 3542 2239 quam
3575 2168 3694 2236 ille,

2059 2240 2313 2298 subiisse
2344 2245 2741 2302 mutationem.
2786 2247 2993 2320 Sicque
3023 2251 3092 2305 de
3121 2251 3362 2310 libidine
3392 2264 3444 2309 el
3476 2255 3693 2327 ﬂagitio

2059 2336 2306 2401 sumptae
2337 2342 2467 2387 sunt
2496 2338 2614 2390 tam
2664 2337 2881 2392 acerbae
2914 2355 3092 2410 poenae
3132 2341 3230 2413 (3).
3281 2343 3348 2398 Et
3387 2353 3507 2399 erat
3533 2345 3691 2400 Teri-

2059 2418 2223 2474 dates
2254 2421 2615 2478 extrinsecus
2655 2440 2899 2496 porcus:
2953 2427 3192 2484 internae
3237 2430 3596 2488 crudelitatis
3637 2437 3694 2487 et

2060 2507 2203 2561 caeni
2236 2511 2617 2580 voluptatum,
2641 2517 2698 2567 et
2719 2512 2957 2571 alterius
2981 2517 3228 2587 porcina
3250 2519 3459 2575 animae
3481 2535 3548 2575 ac
3568 2521 3694 2576 vites

2059 2594 2236 2649 simul
2269 2595 2459 2668 imago
2489 2607 2542 2652 et
2570 2616 2755 2669 poena.
2789 2601 2910 2656 Non
2944 2604 3028 2658 sic
3052 2610 3238 2661 autem
3273 2606 3430 2663 solus
3452 2614 3577 2663 erat
3606 2610 3692 2664 af-

2058 2683 2244 2739 fectus
2274 2687 2661 2742 exsecrantlus
2712 2689 3053 2746 'l‘eridates:
3087 2695 3186 2748 sed
3221 2699 3278 2750 et
3325 2712 3550 2766 omnes,
3590 2697 3691 2768 qui

2059 2777 2222 2827 erant
2251 2788 2380 2828 cum
2414 2789 2479 2829 eo
2513 2775 2745 2844 milites,
2777 2783 2832 2833 et
2871 2780 3204 2852 quicunque
3232 2799 3300 2838 ex
3332 2785 3694 2857 magistrati—

2059 2861 2169 2914 bus
2200 2865 2252 2914 et
2280 2860 2407 2916 aliis
2439 2861 2662 2919 civibus
2692 2865 2870 2919 simul
2905 2868 3250 2926 laetabantur
3279 2871 3373 2938 iis,
3406 2889 3528 2943 quae
3559 2889 3691 2944 per-

2060 2951 2284 3016 petrata
2317 2950 2564 3018 fuerant,
2597 2968 2731 3007 cum
2760 2955 2960 3010 eodem
2998 2957 3373 3014 luctabantur
3392 2961 3690 3018 daemone:

2063 3050 2176 3088 non
2209 3037 2357 3105 quod
2392 3045 2586 3093 essent
2614 3039 2728 3110 ipsi
2759 3057 2992 3114 quoque
3016 3062 3322 3115 porcorum
3354 3048 3538 3104 induti
3564 3067 3694 3122 spe-

2062 3121 2168 3192 cie,
2197 3123 2296 3176 sed
2330 3125 2386 3178 in
2409 3127 2663 3182 furorem
2699 3131 2910 3186 redacti
2939 3141 3118 3199 erant,
3143 3138 3200 3190 et
3227 3152 3260 3190 a
3285 3152 3346 3191 se
3379 3137 3548 3208 plane
3579 3121 3696 3195 dis-

2063 3219 2372 3266 cesserant.
2407 3217 2539 3267 Erat
2559 3213 2738 3284 igitur
2761 3217 2852 3284 iis,
2878 3236 3026 3290 quos
3047 3220 3167 3276 haec
3191 3224 3427 3279 tenebat
3447 3227 3691 3295 aﬂ‘eclio,

2061 3299 2289 3369 quando
2322 3299 2757 3370 resipiscebant,
2786 3303 3137 3362 liberationis
3166 3326 3444 3380 magnum
3468 3313 3696 3370 deside-

2058 3387 2210 3442 rium
2240 3405 2252 3444 :
2286 3404 2606 3460 eorumque
2647 3393 2988 3449 necessariis
3033 3412 3147 3450 non
3181 3397 3373 3453 minor
3404 3399 3582 3470 hujus
3616 3403 3694 3458 rei

2059 3493 2218 3545 cura,
2270 3479 2477 3549 partim
2528 3479 2786 3550 quidem,
2837 3498 2910 3537 ne
2952 3482 3278 3542 inciderent
3326 3488 3384 3543 in
3425 3489 3689 3546 similia:

2060 3567 2272 3636 partim
2307 3572 2520 3635 autem,
2555 3572 2618 3622 ut
2649 3569 2850 3625 morbo
2873 3569 3220 3643 levarentur,
3251 3575 3352 3646 qui
3383 3577 3454 3632 ad
3483 3593 3580 3633 eos
3609 3582 3695 3633 at-

2059 3652 2342 3708 tinebant.

2128 3741 2306 3796 XXV.
2341 3742 2578 3798 Interim
2610 3749 2804 3800 autem
2833 3747 2973 3802 dum
2998 3746 3054 3802 in
3080 3748 3172 3804 his
3197 3751 3369 3808 malis
3401 3753 3697 3809 conflicta-

2059 3831 2233 3886 batur
2263 3832 2553 3899 Armenia,
2587 3840 2821 3904 apparet
2851 3837 3143 3892 somnium
3191 3839 3342 3911 regis
3373 3843 3553 3898 sorori
3585 3846 3696 3898 Cu-

2059 3923 2401 3978 saroductae.
2433 3922 2737 3978 Somnium
2771 3930 2963 3982 autem
2997 3943 3094 3983 era
3126 3929 3222 3984 lux
3255 3929 3474 3987 homini
3509 3933 3696 4004 figura

2059 4009 2282 4065 similis.
2308 4011 2620 4066 Videbatur
2649 4017 2838 4068 autem
2864 4015 3077 4082 dicere,
3107 4018 3264 4088 quod
3282 4019 3328 4074 si
3352 4020 3694 4091 Gregorium

2057 4098 2243 4166 illum,
2275 4115 2446 4171 quem
2473 4099 2530 4153 in
2563 4099 2792 4156 civitate
2811 4102 3043 4158 Artaxat
3067 4103 3125 4158 in
3158 4104 3492 4162 barathrum
3515 4107 3698 4163 demi-

2059 4191 2282 4249 serunt,
2333 4185 2492 4240 illinc
2525 4188 2840 4258 hauserint,
2881 4205 2913 4243 e
2952 4191 3193 4263 vestigio
3239 4192 3376 4248 mali
3415 4201 3690 4266 sequetur

2061 4272 2293 4328 solutio.
2339 4273 2437 4327 Sin
2486 4273 2679 4328 minus
2729 4281 2924 4330 autem
2969 4277 3091 4333 haec
3136 4279 3218 4335 sic
3258 4281 3421 4348 ﬁant,
3465 4298 3686 4355 nequa-

2062 4376 2239 4432 quam
2271 4364 2410 4415 sunt
2440 4360 2724 4415 inventuri
2767 4363 2940 4419 aliam
2986 4366 3366 4424 curationem.
3403 4370 3531 4426 Haec
3563 4388 3694 4428 cum

2062 4449 2300 4504 dixisset
2329 4449 2646 4517 somnium,
2680 4449 2754 4505 ad
2802 4453 3083 4523 populum
3131 4457 3413 4513 accedens
3444 4459 3694 4516 Cusaro-

2062 4538 2235 4594 ducta
2267 4537 2556 4608 (vincebat
2598 4539 2754 4595 enim
2801 4545 3076 4612 pudorem
3125 4543 3197 4613 is,
3227 4562 3398 4616 quem
3431 4550 3500 4604 de
3522 4550 3694 4605 fratre

314 4623 579 4701 ροδοῦκτα
649 4621 820 4694 (ἐνίκα
884 4621 983 4696 γὰρ
1042 4621 1142 4688 τήν
1200 4615 1337 4673 αἰδῶ
1377 4619 1412 4687 ἡ
1455 4616 1543 4672 ἐπὶ
1598 4619 1678 4687 τῷ
1733 4613 1949 4692 ἀδελφῷ

2063 4627 2385 4698 accipiebat
2415 4626 2597 4698 dolor)
2618 4631 3008 4686 communicat
3044 4613 3346 4690 visionem.
3381 4635 3468 4691 llli
3502 4645 3696 4695 autem

309 4714 503 4784 λύπη),
533 4715 807 4768 κοινοῦται
834 4712 936 4779 τὴν
975 4707 1123 4783 ὄψιν.
1183 4709 1250 4766 Οἱ
1299 4704 1357 4762 δὲ
1409 4705 1684 4779 μαίνεσθαι
1727 4703 1817 4758 καὶ
1856 4703 1954 4757 αὐ-

306 4803 407 4871 τὴν
438 4801 732 4871 οἰηθέντες,
784 4801 912 4872 (ποῦ
958 4798 1061 4873 γὰρ
1099 4796 1159 4851 ἄν
1215 4794 1307 4850 καὶ
1347 4795 1534 4849 ὀστοῦν
1593 4788 1672 4848 ἔτι
1719 4791 1954 4865 περιλεί-

312 4891 524 4946 πεσθαι.
578 4887 886 4964 Γρηγορίου
936 4887 1062 4960 παρ’
1107 4883 1290 4946 αὐτοῖς
1320 4880 1465 4944 ὅλως
1519 4881 1784 4951 ἠλπίζετο
1811 4898 1824 4949 ;
1851 4881 1866 4952 )
1898 4878 1949 4932 ὲν

311 4978 616 5054 χλευασμῷ
644 4976 773 5037 τοὺς
818 4981 917 5044 τῆς
957 4970 1444 5046 Κουσαροδούκτας
1497 4970 1698 5045 λόγους
1746 4968 1948 5044 γέλωτι

309 5069 622 5122 ἐποιοῦντο.
668 5061 889 5132 Ἐπειδὴ
923 5059 981 5117 δὲ
1019 5062 1082 5117 τὸ
1128 5062 1290 5116 κακὸν
1342 5060 1429 5115 ἐπὶ
1479 5057 1642 5114 πλέον
1694 5055 1946 5125 ἒτείνετο,

307 5157 398 5212 καὶ
461 5156 488 5209 ὁ
556 5149 765 5228 ὅνειρὸς
828 5149 1120 5228 ἐπιφοιτῶν
1186 5150 1287 5205 οὐκ
1352 5147 1506 5214 ἀνίει,
1574 5147 1665 5202 καὶ
1723 5149 1757 5217 ἡ
1813 5148 1944 5223 γυνή

307 5244 551 5300 ἐπέκειτο
610 5238 944 5321 σφοδροτὲρα
1008 5238 1383 5313 ἀναγκάζουσα
1469 5237 1562 5293 τὸν
1629 5233 1805 5308 δῆμον
1869 5235 1945 5297 εἰς

306 5331 461 5410 ἔργον
503 5331 722 5409 ἀγαγεῖν
787 5330 886 5398 τήν
955 5323 1120 5427 34m,-
1172 5324 1456 5427 στέλλιταί
1490 5324 1812 5427 Δτιςιέπαρὲι
1871 5327 1946 5394 τῷ

305 5422 538 5497 ’Δρταξᾷ
597 5419 844 5499 φρουρίῳ
906 5421 1012 5473 τῶν
1102 5415 1409 5489 ἐπισήμων.
1475 5413 1708 5477 Αὖταῖας
1773 5411 1946 5484 ὄνομα

381 5615 455 5688 (2)
514 5612 794 5693 Ripsime,
863 5611 1120 5693 Gaiana.
1161 5613 1219 5693 et
1285 5608 1569 5693 sociarum
1626 5611 1945 5693 martyrum

312 5678 524 5748 festum
553 5678 705 5757 apud
738 5678 957 5741 Graecos
987 5685 1057 5739 30
1085 5680 1444 5755 Septembris
1476 5680 1586 5737 sub
1619 5695 1736 5736 una
1757 5678 1945 5741 solen-

2063 4731 2191 4772 eam
2223 4715 2490 4771 arbitrati
2522 4716 2780 4773 insanire
2825 4720 3142 4789 (quomodo
3181 4723 3333 4778 enim
3367 4730 3698 4795 speraretur

2064 4805 2213 4876 apud
2247 4819 2345 4860 eos
2373 4804 2611 4860 omnino
2645 4806 2931 4877 reliquum
2965 4823 3090 4863 esse
3121 4809 3206 4864 vel
3238 4826 3302 4866 os
3335 4811 3519 4867 ullum
3557 4815 3694 4869 Gre-

2061 4893 2205 4963 gorii
2229 4892 2276 4963 ‘2)
2306 4893 2479 4948 verba
2508 4893 2917 4950 Cusaroductaa
2949 4896 3392 4955 subsannabant
3412 4905 3471 4956 et
3499 4900 3699 4958 irride-

2059 4982 2220 5038 bant.
2253 4981 2392 5036 Cum
2427 4986 2621 5037 autem
2655 4980 2875 5038 malum
2925 4983 3345 5053 intenderetur,
3377 5003 3484 5046 nec
3512 4989 3694 5046 inter-

2059 5069 2314 5126 mitteret
2359 5070 2671 5126 adventare
2727 5071 3047 5141 somnium,
3093 5078 3150 5129 et
3196 5074 3406 5132 mulier
3451 5077 3699 5138 instaret

2057 5158 2475 5226 vehementius,
2508 5174 2717 5229 cogens
2748 5159 3046 5230 pepulum,
3093 5165 3158 5218 ut
3192 5163 3476 5223 visionem
3503 5169 3573 5223 ad
3606 5169 3696 5224 ef-

2057 5250 2272 5304 fectum
2322 5247 2653 5316 deduceret,
2705 5247 2962 5303 mittitur
2990 5251 3224 5321 quidam
3257 5253 3346 5310 vir
3393 5256 3589 5313 clarus
3618 5259 3692 5317 ad

2055 5337 2329 5408 oppidum
2362 5338 2608 5405 [\rtaxat,
2642 5336 2878 5392 nomine
2907 5339 3172 5395 Autaias.
3211 5342 3356 5398 Cum
3395 5359 3554 5418 ergo,
3585 5347 3690 5419 qui

2055 5427 2113 5483 in
2145 5441 2210 5482 eo
2236 5433 2420 5496 erant,
2447 5429 2763 5498 rogassent,
2786 5441 2888 5483 cur
2919 5428 3139 5486 veniret
3167 5433 3428 5504 Autaias,
3451 5439 3508 5492 et
3537 5451 3690 5508 (μω-

2054 5607 2606 5753 ηἱιξὲἶθῡοθίοῑὶναίυτ.
2640 5610 2847 5681 Latini,
2880 5613 2950 5668 29
2979 5614 3349 5688 Septembris.

2278 5697 2371 5738 an.
2443 5721 2455 5737 .

2278 5697 2371 5738 an.
2403 5697 2455 5738 4.
