4142 6248
428 360 545 424 9'75

1720 345 1875 404 MEN
1890 340 2002 402 SlS
2044 338 2532 401 SEPTEMBEB.

3712 334 3840 395 976

429 537 565 579 nam
596 522 752 577 esset
780 532 957 574 causa
986 514 1114 585 ejus
1161 510 1466 573 adventus,
1498 502 1786 574 simulque
1816 506 1871 558 et
1909 500 2060 556 ride-

2195 500 2205 550 t
2253 497 2412 566 ἀνήρ.
2445 498 2563 585 Τῶᾼν
2611 493 2663 549 ἐν
2714 492 2860 565 αὒτῷ
2914 489 3090 549 τοίνυν
3139 491 3218 569 ἐφ’
3247 494 3293 567 ᾧ
3324 514 3384 549 τε
3429 495 3557 567 ἥκοι
3597 493 3844 561 Αὗταῒας

431 617 558 668 rent
608 614 665 664 et
712 606 1085 669 mirarentur,
1138 598 1426 671 quomodo
1473 595 1623 650 inter
1674 594 1832 647 vivos
1880 590 2070 645 adhuc

432 704 741 774 quaeratur,
768 710 938 765 quem
974 706 1077 745 nec
1110 693 1405 743 mortuum
1439 684 1669 754 quidem
1705 680 2068 737 arbitraban-

432 797 528 846 tur
556 782 886 843 conservari
919 782 991 836 ob
1034 785 1288 849 tempus,
1332 774 1482 846 quod
1516 775 1938 831 intercesserat,
1972 768 2071 821 sed

434 883 492 936 in
527 880 815 953 pulverem
855 875 971 944 jam
1006 887 1134 927 esse
1167 868 1543 933 dissolutum,
1594 862 1889 919 somnium
1943 860 2072 930 ejus

436 951 666 1039 satrapa
695 967 876 1036 (hunc
909 961 1063 1018 enim
1096 960 1277 1013 fuerat
1308 956 1585 1011 honorem
1618 951 1987 1015 consecutus)
2016 952 2074 1002 et

436 1070 774 1128 responsum
817 1050 1135 1106 recensuit:
1189 1051 1245 1100 et
1293 1045 1574 1099 accedens
1605 1042 1672 1096 ad
1708 1038 2069 1102 barathrum,

437 1144 781 1202 nominatim
812 1138 1032 1195 vocavit
1075 1133 1432 1205 Gregorium.
1483 1130 1583 1185 llic
1630 1134 1822 1183 autem
1873 1125 2071 1180 statim

438 1233 770 1305 respondet.
802 1231 947 1286 Cum
977 1228 1029 1282 is
1059 1229 1250 1281 autem
1281 1221 1439 1275 illius
1470 1219 1661 1274 solum
1694 1216 1951 1271 audisset
1981 1229 2074 1268 re-

440 1303 745 1397 sponsum,
769 1317 1039 1374 demissis
1062 1312 1325 1375 funibus,
1357 1323 1487 1364 eum
1511 1304 1709 1362 statim
1732 1303 1975 1374 rogavit,
2008 1304 2075 1354 ut

440 1386 515 1467 iis
562 1386 764 1479 captis,
815 1420 1050 1461 sursum
1102 1399 1445 1455 traheretur.
1510 1392 1666 1449 Dixit
1711 1392 1867 1446 enim
1916 1386 2075 1442 illius

440 1477 921 1569 Deum—jussisse,
946 1497 1008 1546 ut
1028 1488 1387 1545 ascenderet.
1414 1482 1665 1539 Funibus
1696 1480 1895 1551 itaque
1919 1477 2076 1531 illine

442 1566 733 1644 extractus
800 1583 1209 1638 sacrosanctus
1276 1572 1603 1645 Gregorius,
1660 1572 1781 1624 toto
1838 1566 2074 1637 quidem

442 1691 681 1747 corpore
709 1690 739 1727 a
771 1672 1042 1726 diuturna
1072 1667 1133 1722 in
1166 1680 1326 1719 emno
1358 1667 1414 1717 et
1446 1660 1575 1715 limo
1605 1656 1918 1713 afﬂictione
1951 1654 2081 1708 l'uc-

442 1744 955 1833 rat—deuigratus:
1008 1757 1106 1812 sed
1159 1769 1292 1809 cum
1326 1767 1457 1806 eum
1509 1764 1681 1818 aqua,
1728 1744 1917 1816 quoad
1951 1744 2078 1812 ejus

2178 585 2267 641 καὶ
2297 586 2332 655 ἢ
2364 604 2445 644 τις
2488 582 2635 654 αὖτῷ
2681 581 2883 657 ἠχρεία
2930 589 3031 652 τῆς
3077 578 3309 655 ἀφίξεως
3357 586 3677 658 πυθομένων
3737 584 3838 640 καῖ

2178 673 2463 749 γελώντων
2499 672 2610 744 ἅμα
2639 674 2728 726 καὶ
2762 670 3141 743 θαυμαζόντων
3196 672 3347 735 ὅπως
3396 671 3449 727 ἐν
3508 679 3623 735 τοῖς
3674 679 3846 743 ζῶσιν

2182 761 2259 819 ἔτι
2292 767 2553 831 ζητεῖται,
2582 761 2639 816 ’ὸν
2669 757 2791 815 οὖδέ
2826 761 3012 830 νεκρὸν
3043 759 3103 814 ἂν
3138 760 3241 815 ὑπὸ
3288 764 3385 817 τοὺ
3452 762 3647 835 μεταξὺ
3696 763 3845 839 χρό-

2181 874 2275 907 νου
2308 850 2480 923 ᾤοντο
2510 856 2648 905 σῶον
2677 850 2977 924 τηρεῖσθαι,
3010 847 3137 904 ἀλλ’
3191 850 3265 911 εἷς
3314 849 3461 905 κόνιν
3511 848 3844 921 διαλυθῆναι

2181 940 2315 1013 ἤδη,
2382 941 2473 995 τὸν
2547 936 2754 1013 ὄνειρον
2818 943 3001 1000 αὖτοῖς
3070 940 3098 992 ὁ
3140 940 3418 1010 σατράπης
3462 939 3663 1013 (τούτῳ
3727 942 3844 1016 γὰρ

2182 1031 2491 1102 ἐτετίμητο.
2546 1027 2803 1092 Λῦταίας)
2864 1029 2949 1082 καὶ
3000 1028 3090 1082 τὸν
3152 1030 3406 1103 χρησμὸν
3463 1026 3686 1103 διεξῄει,
3742 1024 3845 1085 καὶ

2183 1124 2263 1191 τῷ
2298 1119 2550 1194 βαράθρῳ
2598 1116 2841 1187 ἐπιστὰς,
2902 1117 3164 1191 ὀνομαστὶ
3227 1119 3318 1173 τὸν
3378 1119 3680 1194 Γρηγόριον
3718 1117 3848 1174 ἐκά-

2188 1218 2291 1263 λει.
2325 1210 2385 1265 Ὁ
2416 1205 2473 1262 δὶ
2521 1206 2675 1271 εὐθὺς
2734 1204 3100 1281 ἀποκρίνεται.
3152 1206 3251 1262 Καὶ
3290 1208 3365 1270 ὡς
3416 1206 3582 1281 μόνον
3629 1206 3845 1273 ἐκεῖνος

2186 1300 2286 1365 τῆς
2350 1296 2690 1369 ἀποκρίσεως
2744 1293 2961 1370 ᾔσθετο,
3032 1296 3287 1373 σχοίνους
3353 1297 3536 1361 καθεὶς
3620 1296 3846 1369 αὐτίκα,

2186 1384 2361 1441 ἐδεῖτο
2407 1380 2712 1457 λαϐόμενος
2759 1384 2934 1440 αὐτῶν
2988 1384 3361 1444 ἀνελκόεσθαι.
3400 1387 3505 1444 Τὸν
3545 1386 3646 1462 γάρ
3695 1384 3849 1442 ὲκεί-

2185 1497 2280 1531 νου
2311 1476 2463 1551 ξφησὶ
2504 1475 2633 1529 Θεὸν
2681 1476 2981 1548 προστάξας
3037 1478 3139 1546 τὴν
3197 1472 3412 1532 ἄνοδον.
3459 1474 3845 1539 Ἀνελκυσθεὶς

2186 1565 2364 1620 τοίνυν
2439 1563 2638 1628 ἐκεῖθεν
2688 1570 2805 1627 τοῖς
2873 1562 3172 1628 καλῶδίοις
3230 1566 3258 1620 ὁ
3296 1565 3444 1641 ἱερὸς
3511 1566 3844 1639 Γρηγόριος,

2189 1652 2316 1708 ὅλον
2354 1654 2447 1725 μὲν
2478 1654 2541 1707 τὸ
2573 1657 2731 1725 σῶμα
2775 1655 2877 1709 ὑπὸ
2924 1660 3023 1723 τῆς
3071 1653 3297 1732 χρονίας
3338 1652 3462 1728 περὶ
3500 1654 3592 1709 τὸν
3638 1648 3844 1728 βόρϐο-

2193 1762 2282 1816 ρον
2311 1742 2400 1796 καὶ
2432 1742 2529 1809 τήν
2562 1741 2682 1798 ἰλὺν
2732 1741 3023 1804 κακώσεως
3078 1739 3454 1815 μμελάνωτοο
3498 1740 3626 1797 ἀλλ’
3682 1740 3846 1800 ὓδατι

443 1852 570 1908 ﬁeri
623 1830 837 1922 potuit,
885 1844 1232 1905 abluissent,
1295 1845 1351 1895 et
1398 1853 1533 1910 pure
1582 1834 1933 1901 induissent,
1982 1847 2080 1886 so-

2195 1830 2400 1887 τοότων
2434 1832 2509 1893 ὡς
2541 1830 2658 1886 οἷόν
2695 1852 2753 1886 τε
2808 1830 3231 1900 ἀπολοόσαντες,
3290 1830 3381 1885 καὶ
3436 1835 3689 1906 καθαρῶς
3749 1851 3845 1887 πε.

444 1939 717 1997 lemniter
745 1938 965 1993 ducunt
996 1931 1069 1988 ad
1102 1932 1325 1997 urbem,
1359 1927 1418 1982 in
1452 1940 1567 1998 qua
1604 1939 1699 1979 rex
1730 1926 1875 1977 erat.

515 2118 705 2179 XXVI.
747 2116 851 2173 Hic
883 2130 978 2169 rex
1006 2110 1304 2167 Teridates
1342 2106 1401 2160 in
1448 2103 1631 2159 forma
1661 2099 1919 2173 porcina,
1970 2105 2022 2153 et
2050 2115 2084 2152 a

442 2213 638 2267 furore
666 2207 903 2261 vexatus
934 2205 991 2257 et
1039 2198 1218 2263 rabie,
1269 2204 1627 2265 satrapzeque
1665 2195 1723 2246 et
1752 2188 1941 2245 omnis
1970 2185 2084 2242 alia

441 2294 754 2356 multitudo
780 2308 893 2347 non
918 2289 1107 2361 prima
1120 2286 1355 2358 quidem
1374 2282 1485 2339 sub
1507 2280 1719 2352 specie,
1737 2279 1837 2333 sed
1860 2280 1916 2332 et
1933 2291 2087 2331 mor-

442 2389 518 2443 bo
537 2382 899 2441 insanientes
915 2378 967 2435 ei
984 2379 1315 2433 occurrunt.
1338 2370 1708 2428 Procidentes
1725 2383 1859 2439 ergo
1878 2380 2083 2422 omnes

444 2477 517 2533 ab
542 2476 743 2530 beatos
764 2470 893 2525 illos
913 2467 1109 2540 pedes,
1133 2470 1197 2520 ut
1220 2471 1402 2520 Deum
1426 2462 1509 2516 eis
1535 2460 1807 2531 placaret,
1825 2465 1878 2512 et
1908 2472 1942 2510 a
1964 2470 2083 2509 ma-

444 2564 589 2636 ligni
612 2562 771 2617 illius
797 2556 1076 2613 daemonis
1099 2554 1326 2609 insania
1346 2556 1403 2607 et
1426 2549 1576 2604 malo
1601 2549 1892 2612 liberaret,
1919 2543 2083 2598 vehe-

446 2650 813 2710 mentissime
844 2643 1247 2701 obsecrabant.
1285 2640 1383 2694 Ille
1414 2643 1607 2694 autem
1641 2651 1771 2690 cum
1808 2642 1940 2687 ante
1970 2631 2084 2684 alia

447 2744 782 2797 sanctarum
816 2738 1135 2801 martyrum
1169 2728 1494 2801 quassiisset
1526 2723 1819 2795 reliquias,
1844 2730 1893 2774 et
1929 2723 2083 2788 post-

448 2846 626 2901 quam
676 2842 774 2882 eas
815 2823 895 2878 illi
942 2819 1353 2884 ostendissent,
1399 2814 1721 2884 collegisset
1759 2811 2087 2882 (jacuerant

449 2919 603 2974 enim
650 2916 901 2986 disjectm
943 2926 1143 2965 novem
1176 2907 1320 2973 dies,
1352 2909 1407 2960 et
1436 2904 1673 2958 totidem
1721 2907 1941 2962 noctes,
1983 2913 2085 2952 ne-

448 3020 557 3077 que
599 3002 748 3059 male
787 3000 1030 3063 olentes,
1079 3000 1137 3051 et
1183 2993 1422 3050 omnino
1471 2992 1699 3045 intactae
1749 3005 1781 3043 a
1818 2986 2082 3051 canibus,

449 3076 781 3149 volucribus
820 3093 877 3145 et
922 3084 1153 3155 bestiis)
1203 3096 1519 3150 earumque
1565 3078 1824 3133 vestibus
1882 3076 2085 3131 decore

450 3178 896 3253 composuisset,
929 3175 1061 3230 licet
1108 3174 1227 3242 ipse
1261 3187 1379 3237 rex,
1428 3174 1484 3223 et
1514 3168 1612 3239 qui
1654 3182 1786 3221 cum
1828 3181 1892 3221 eo
1925 3171 2087 3219 erant.

450 3270 844 3342 magistratus,
894 3264 1168 3321 otferrent
1197 3265 1380 3315 vestes
1431 3256 1908 3329 pretiosissimas,
1952 3269 2084 3307 cum

449 3361 594 3431 ipsis
620 3357 875 3413 vestibus
898 3352 1129 3421 deponit
1152 3351 1207 3405 in
1231 3346 1529 3415 torculari,
1554 3345 1703 3417 quod
1729 3345 1903 3398 etiam
1930 3342 2086 3395 vivas

454 3428 619 3521 prius
643 3445 848 3502 habuit
880 3447 1185 3513 martyres,
1213 3443 1270 3494 et
1299 3437 1582 3493 calcatum
1612 3435 1718 3487 fuit
1749 3433 1820 3486 ab
1855 3428 2085 3483 illarum

452 3537 697 3609 pedibus
738 3532 1035 3604 virgineis.
1084 3530 1227 3583 Cum
1264 3532 1456 3581 autem
1494 3530 1612 3579 tota
1644 3527 1809 3576 nocte
1840 3523 2085 3587 orasset,

452 3630 510 3681 et
538 3625 719 3680 Deum
759 3626 914 3677 esset
948 3624 1237 3689 precatus,
1269 3615 1362 3670 die
1393 3611 1656 3684 sequenti
1698 3612 1766 3665 ad
1809 3624 2001 3681 regem
2034 3611 2091 3661 et

452 3730 591 3770 suos
621 3710 1025 3767 catechr-ticam
1062 3708 1187 3759 fuse
1209 3711 1263 3758 et
1295 3703 1513 3775 prolixe
1538 3702 1712 3755 habet
1742 3700 2084 3752 urationem.

452 3803 632 3857 Erant
660 3799 813 3854 enim
846 3796 931 3850 has
950 3798 1073 3862 ejus
1103 3793 1171 3846 ad
1198 3792 1379 3846 Deum
1412 3805 1629 3860 preces,
1655 3792 1715 3841 ut
1747 3788 2086 3857 priusquam

453 3891 697 3945 formam
733 3885 1031 3957 porcinam
1062 3885 1292 3936 exueret
1330 3879 1649 3941 Teridates,
1684 3875 1972 3930 sermonis
2002 3891 2086 3929 ac-

451 3977 672 4047 ciperet
702 3971 1169 4039 intelligentiam,
1190 3972 1243 4022 et
1266 3967 1587 4034 conciperet
1612 3963 1841 4033 singula
1863 3979 2088 4029 eorum,

454 4083 580 4137 quae
612 4064 977 4119 dicebantur.
1010 4057 1117 4112 Sed
1154 4065 1288 4111 tunc
1328 4055 1561 4126 quidem
1594 4068 1725 4106 cum
1756 4051 1854 4106 Dei
1890 4057 2087 4119 poten-

451 4158 621 4220 tiam,
654 4158 709 4209 et
739 4167 913 4222 quam
947 4147 1127 4204 nostri
1149 4144 1296 4217 gerit
1322 4160 1543 4209 curam,
1570 4154 1971 4197 sacrosanctus
1995 4140 2088 4195 ad-

453 4244 713 4299 duxisset
743 4238 1078 4311 Gregorius,
1110 4240 1166 4291 et
1188 4234 1682 4306 quemadmodum
1705 4247 1837 4286 eum
1868 4245 2091 4285 conser-

453 4338 648 4389 vasset
695 4328 1126 4393 admirabiliter,
1180 4329 1236 4378 et
1311 4327 1516 4394 praeter
1563 4320 1895 4392 opinionem
1943 4323 2089 4390 (qum

455 4423 611 4477 enim
643 4418 696 4474 ei
744 4419 1082 4480 evenerunt,
1117 4417 1396 4481 superant
1426 4410 1744 4464 humanam
1780 4413 2044 4463 naturam
2072 4423 2087 4462 :

454 4523 511 4574 et
537 4517 649 4572 nisi
677 4514 931 4570 divinam
964 4510 1213 4583 gratiam
1244 4508 1315 4563 ad
1349 4522 1481 4562 eum
1515 4506 1766 4575 desuper
1796 4504 2093 4560 advolasse

2119 3226 2168 3293 C

2122 1916 2163 2001 ξ’
2193 1919 2580 1995 ριστείλαντες,
2636 1919 2871 1994 ἐντίμως
2912 1921 3054 1995 ὁμοῦ
3109 1920 3198 1976 καὶ
3258 1916 3569 1995 σεϐασμίως
3610 1919 3685 1983 εἷς
3737 1922 3842 1991 τὴν

2196 2009 2473 2085 βασιλείαν
2508 2008 2698 2085 ἄγουσι
2728 2008 2914 2067 πόλιν.

2264 2100 2371 2164 Κς’.
2441 2100 2704 2157 Ἐνταῦθα
2750 2101 2778 2155 ὁ
2841 2098 3094 2173 βασιλεὺς
3153 2099 3306 2172 αὐτῷ
3363 2096 3677 2173 Τηριδσὶτης
3736 2099 3842 2155 ὐπὸ

2193 2189 2412 2268 χοιρείᾳ
2439 2192 2508 2263 τῇ
2544 2192 2728 2268 μορφῇ
2779 2189 2869 2243 καὶ
2922 2192 2989 2261 τῇ
3044 2189 3209 2261 μανία
3257 2186 3324 2257 δὴ
3373 2189 3465 2243 καὶ
3517 2192 3586 2262 τῇ
3636 2187 3835 2263 λύσσῃ,

2191 2281 2282 2336 καὶ
2319 2282 2371 2337 οἱ
2404 2282 2695 2356 σατράπαι,
2743 2279 2833 2334 καὶ
2891 2280 3017 2333 ’ὀσον
3075 2274 3214 2333 ἃλλο
3262 2275 3476 2347 πλῆθος
3531 2277 3624 2345 ἧν,
3677 2276 3841 2332 ὑπαν-

2191 2379 2383 2445 τῶσιν,
2423 2374 2485 2429 οὐ
2518 2371 2734 2446 χοίρων
2796 2371 2981 2443 μεντοι
3028 2369 3398 2443 περικείμενοι
3446 2369 3567 2432 θέαν
3622 2370 3713 2425 καί
3744 2372 3836 2426 οὗ·

2192 2486 2299 2531 τοι,
2338 2462 2485 2530 πλὴν
2530 2462 2632 2516 ὑπὸ
2672 2467 2770 2529 τῆς
2829 2460 2989 2514 νόσου
3046 2459 3137 2513 καὶ
3193 2458 3347 2514 αὐτοὶ
3418 2460 3722 2532 μεμηνότες
3780 2480 3838 2516 τε

2192 2552 2284 2607 καὶ
2362 2550 2696 2629 παράφοροι.
2763 2548 3021 2609 11εσόντες
3089 2548 3179 2603 οὗν
3260 2547 3451 2609 πάντες
3513 2549 3650 2623 πρὸς
3711 2550 3837 2612 τοὺς

2197 2638 2492 2714 μακαρίους
2560 2637 2765 2692 ἐκείνου
2827 2632 3019 2704 πόδας,
3089 2634 3472 2709 ἐξιλεώσασθαι
3536 2637 3720 2699 αὐτοῖς
3774 2639 3832 2694 τὸ

2194 2734 2369 2794 Θεῖον,
2400 2729 2490 2783 καὶ
2522 2734 2622 2795 τῆς
2652 2724 2749 2781 to;
2796 2729 3041 2799 πονηροῦ
3094 2722 3353 2797 δαίμονος
3392 2726 3585 2782 ἐκείνου
3638 2726 3825 2797 μανίας

2194 2819 2285 2873 καὶ
2341 2822 2437 2872 τοῖ’)
2496 2819 2665 2871 κακοῦ
2740 2812 3069 2884 ἀπαλλάξαι,
3152 2814 3455 2889 θερμότατα
3519 2812 3814 2889 ἐλιπάρουν.

2194 2908 2256 2964 Ὁ
2288 2904 2343 2963 δὲ
2373 2906 2479 2980 πρὸ
2509 2910 2615 2959 τῶν
2650 2902 2709 2959 ἀλ
2723 2905 2855 2974 λων,
2886 2904 2953 2959 τά
2981 2907 3088 2960 τῶν
3116 2903 3283 2979 ἁγίων
3318 2904 3599 2979 μαρτύρων
3643 2903 3826 2973 επις-ν,-

2194 3002 2277 3052 τεῖ
2342 2995 2592 3070 λείψανα,
2661 2996 2751 3049 καὶ
2812 2991 3202 3064 ὑποδειξάντων
3271 2993 3513 3064 ἐκείνων,
3579 2992 3831 3066 συλλέξας

2195 3085 2423 3157 (ἔκειντο
2475 3086 2578 3162 γὰρ
2645 3082 2734 3137 ἐπὶ
2798 3083 2946 3138 ἐννέα
3010 3085 3220 3157 ἡμέρας
3284 3084 3375 3139 καὶ
3438 3082 3636 3144 νύκτας
3698 3080 3831 3152 ἴσας,

2203 3178 2335 3249 μήτι
2366 3196 2418 3229 τι
2472 3171 2635 3243 ἀηδὲς
2703 3172 2990 3242 ἀπόζοντα,
3030 3173 3119 3227 καὶ
3188 3174 3339 3227 κυσὶν
3401 3172 3593 3229 ἄθικτα
3656 3172 3838 3228 παντά-

2197 3286 2322 3319 πασι
2363 3264 2452 3317 καὶ
2493 3268 2758 3323 πετεινοῖς
2807 3262 2896 3316 καὶ
2960 3261 3221 3336 θηρίοις),
3282 3261 3610 3335 ἀνελόμενος
3667 3262 3835 3317 τοίνυν

2195 3354 2352 3423 αὐτὰ,
2427 3351 2519 3406 καὶ
2593 3350 2836 3422 ἱματίοις
2902 3349 3182 3424 ἐνθέμενος
3284 3356 3400 3414 τοῖς
3477 3349 3660 3418 ἰδίοις,
3752 3354 3837 3407 καὶ

2192 3441 2278 3497 τοί
2315 3461 2374 3517 γε
2412 3438 2575 3495 αὐτοῦ
2609 3438 2877 3514 βασιλέως
2930 3440 3020 3493 καὶ
3059 3446 3164 3495 τῶν
3206 3442 3297 3496 σὺν
3354 3441 3501 3514 αὐτῷ
3558 3440 3838 3517 ἀρχόντων

2191 3535 2257 3587 τῦ
2366 3527 2805 3585 πολυτελέστατα
2877 3534 2983 3584 τῶν
3071 3529 3303 3601 ἱματίων
3405 3531 3841 3609 προσφερόντων,

2197 3618 2507 3675 ἀποτίθεται
2588 3622 2656 3691 τῇ
2734 3622 2878 3693 σορῷ
2977 3617 3110 3690 μετά
3208 3625 3307 3687 τῆς
3404 3617 3630 3687 ἐσθῆτος
3722 3620 3842 3689 ἥτις

2196 3708 2285 3763 καὶ
2364 3708 2536 3776 ζώσας
2596 3707 2861 3781 πρότερον
2929 3708 3022 3768 τὰς
3093 3706 3363 3783 μάρτυρας
3446 3708 3619 3783 εἶχεν
3685 3709 3843 3780 εὐξά-

2200 3818 2356 3870 μενος
2399 3797 2579 3869 μέντοι
2646 3796 2794 3870 παρὰ
2855 3801 3027 3853 πᾶσαν
3095 3797 3193 3865 τήν
3260 3796 3425 3853 νύκτα
3482 3798 3574 3852 καὶ
3632 3794 3845 3867 δεηθεῖς

2196 3889 2297 3939 τοῦ
2338 3889 2491 3941 Θεοῦ.
2543 3885 2930 3959 Κατηχητικὸν
2988 3883 3079 3939 οὖν
3140 3886 3238 3952 τήν
3298 3884 3553 3941 ἐπιοῦσαν
3609 3888 3743 3959 πρός
3783 3906 3842 3941 τι

2196 3974 2285 4029 τὸν
2318 3970 2544 4047 βασιλέα
2582 3973 2672 4026 καὶ
2727 3975 2856 4035 τοὺς
2922 3974 3046 4047 περὶ
3112 3974 3276 4030 αὐτὸν
3344 3974 3614 4031 ἀποτείνει
3654 3974 3838 4049 λόγον.

2195 4061 2301 4117 Καὶ
2330 4066 2494 4117 τοῦτο
2532 4061 2631 4135 γὰρ
2691 4063 2830 4137 εὖχή
2874 4064 3009 4137 πρὸς
3048 4064 3138 4118 τὸν
3190 4064 3317 4119 Θεὸν
3369 4064 3516 4135 αὐτῷ
3564 4065 3651 4135 ἦν,
3702 4062 3841 4118 ὥστε

2194 4152 2286 4207 καὶ
2334 4152 2459 4226 πρὶν
2505 4152 2539 4220 ἢ
2571 4153 2671 4221 τήν
2740 4152 2983 4231 χοιρείαν
3042 4154 3255 4228 μορφὴν
3322 4153 3608 4208 ἀποθεσθαι
3662 4154 3841 4223 Τηρι-

2198 4238 2386 4310 δάτην,
2422 4240 2589 4317 Λόγου
2645 4261 2704 4296 τε
2760 4236 2948 4297 λαϐεῖν
3004 4242 3237 4307 σύνεσιν,
3300 4241 3389 4296 καὶ
3455 4240 3589 4297 αὐτά
3642 4239 3839 4298 ἕκαστα

2196 4333 2302 4385 τῶν
2337 4327 2641 4404 λεγομὲνων
2672 4325 3027 4403 συμϐάλλειν.
3072 4329 3251 4388 ’Λλλά
3289 4331 3412 4387 τότε
3471 4331 3567 4403 μὶν
3604 4330 3705 4398 τήν
3743 4334 3839 4385 τοῦ

2199 4422 2331 4473 Θεοῦ
2354 4415 2578 4491 δύναμιν
2628 4419 2717 4474 καὶ
2764 4422 2862 4488 τήν
2912 4420 3033 4495 περὶ
3084 4422 3233 4491 ἡμᾶς
3278 4416 3608 4493 κηδεμονίαν
3636 4420 3664 4474 ὁ
3694 4420 3837 4493 ἱερὸς

2197 4505 2501 4581 Γρηγόριος
2531 4508 2870 4581 παριίστατο,
2912 4508 3047 4583 πέρα
3078 4510 3181 4585 γὰρ
3235 4506 3576 4583 ἀνθρωπίνης
3607 4506 3674 4563 τά
3722 4508 3837 4562 κατ’

3208 3639 3307 3687 της

454 4604 689 4670 dixeris,
739 4602 892 4659 haud
941 4599 1176 4671 quidem
1228 4595 1395 4651 facile
1441 4601 1527 4651 est
1568 4592 1842 4663 credere),
1881 4593 2084 4648 deinde

2201 4594 2359 4650 αὐτὸν
2424 4595 2534 4650 ἐστι
2577 4596 2784 4671 φύσεως
2851 4597 2990 4651 θείαν
3064 4596 3379 4675 ἐφίπτασθαι
3454 4595 3651 4662 εἲποις,
3716 4594 3841 4653 οὐδὲ

456 4712 587 4752 cum
614 4708 815 4749 eorum
847 4689 907 4744 in
940 4692 1171 4743 sanctas
1193 4683 1446 4754 virgines
1477 4680 1777 4736 audaciam
1810 4688 1863 4735 et
1894 4682 2090 4735 crude-

456 4785 673 4840 litatem
723 4776 1213 4852 reprehendisset,
1262 4782 1315 4827 et
1354 4770 1664 4837 docuisset,
1697 4774 1960 4839 oportere
1994 4786 2093 4825 eos

459 4873 619 4946 prius
651 4870 936 4925 desistere
967 4867 1036 4920 ab
1060 4877 1249 4919 errore
1286 4860 1752 4924 simulacrorum,
1785 4857 1991 4913 deinde
2022 4860 2093 4914 ad

457 4977 658 5017 verum
692 4960 873 5014 Deum
906 4954 1218 5011 accedere:
1252 4954 1308 5006 et
1330 4954 1479 5022 quod
1507 4948 1555 5003 si
1588 4947 1847 5003 conversi
1881 4948 2099 5003 fuerint

461 5050 533 5106 ab
564 5046 880 5119 impietate,
925 5061 955 5100 e
1000 5041 1246 5111 vestigio
1277 5054 1476 5093 eorum
1512 5036 1863 5091 calamitatis
1893 5052 2095 5092 conse-

465 5143 678 5209 quetur
730 5134 982 5189 solutio:
1016 5138 1072 5186 et
1112 5146 1243 5184 cum
1279 5144 1461 5197 pauca
1503 5126 1572 5179 de
1604 5133 1733 5180 ortu
1776 5126 2001 5189 mundi,
2041 5130 2100 5181 et

460 5226 653 5280 futuro
684 5220 911 5285 saeculo,
938 5226 994 5275 et
1024 5216 1164 5273 Novi
1197 5212 1550 5271 Tesmmenti
1576 5214 1868 5285 mysterio,
1898 5217 1955 5266 et
1978 5229 2098 5267 ma-

463 5329 578 5385 gna
599 5327 738 5381 erga
768 5309 1038 5363 homines
1066 5308 1156 5361 [)ei
1183 5305 1535 5369 benignitate
1560 5310 1617 5357 et
1641 5302 1948 5357 clementia
1975 5303 2097 5358 dis-

462 5397 759 5465 seruisset,
810 5403 869 5449 et
919 5396 1233 5462 adjecisset
1286 5394 1485 5462 etiam,
1535 5391 1687 5463 quod
1739 5392 1986 5460 desuper
2024 5391 2097 5446 ad

464 5502 600 5544 eum
633 5484 911 5539 advolans
946 5482 1188 5551 angelus
1239 5487 1437 5537 atterat
1482 5482 1539 5534 in
1575 5480 1723 5543 lacu,
1756 5481 1921 5549 eique
1953 5480 2098 5534 vires

466 5572 733 5637 addebat,
765 5576 823 5626 et
851 5572 1227 5627 conserVubat
1258 5587 1390 5626 eum
1432 5570 1675 5625 illaesum
1709 5584 1743 5622 a
1773 5568 1963 5637 malis,
1997 5571 2096 5640 qui

466 5676 538 5718 ne
566 5664 692 5714 tum
724 5658 956 5731 quidem
980 5659 1207 5718 volebat
1229 5659 1556 5726 abscedere,
1588 5656 1687 5712 sed
1711 5656 1900 5713 adhuc
1922 5674 2095 5730 appa-

2196 4687 2476 4739 πιστεῦσαι
2519 4684 2736 4745 τούτοις
2796 4681 3006 4758 ῥᾴδιον.
3062 4687 3285 4741 Ἔπειτα
3322 4683 3413 4739 καὶ
3477 4685 3575 4752 τήν
3630 4682 3704 4746 εἷς
3742 4682 3836 4743 τάς

2198 4770 2350 4843 ἁγίας
2406 4767 2703 4842 παρθένους
2766 4767 2977 4842 τόλμαν
3043 4792 3101 4826 τε
3165 4771 3338 4827 αὐτῶν
3415 4772 3504 4826 καὶ
3573 4770 3839 4842 ὠμότητα

2202 4855 2494 4929 διελέγξας,
2532 4857 2622 4910 καὶ
2663 4854 2875 4927 διδάξας
2916 4856 3000 4912 ὅτι
3041 4856 3122 4914 δεῖ
3168 4860 3434 4934 πρότερον
3502 4856 3698 4920 αὐτοὺς
3736 4864 3835 4927 τῆς

2203 4946 2495 5015 είδωλικῆς
2544 4947 2843 5017 ἀποστῆναι
2900 4947 3133 5020 πλάνης,
3193 4951 3308 5005 εἶτα
3356 4954 3433 5021 τῷ
3480 4948 3676 5019 ἀληθεῖ
3722 4954 3839 5020 Θεῷ

2202 5035 2645 5111 προσελθεῖν,καὶ
2694 5037 2790 5107 ὠς,
2836 5038 2881 5092 εἰ
2938 5034 3304 5111 μεταϐαλοῦσι
3350 5043 3447 5109 τῆς
3507 5035 3841 5109 δυσσεϐείας,

2203 5126 2347 5199 παρά
2376 5124 2544 5187 πόδας
2577 5125 2734 5190 εὐθὺς
2766 5128 2852 5182 καὶ
2885 5131 2919 5198 ἡ
2952 5128 3128 5199 λύσις,
3164 5128 3525 5199 ἀκολουθῆσει
3556 5137 3655 5199 τῆς
3705 5151 3841 5201 συμ-

2205 5220 2393 5294 φορᾶς·
2458 5214 2667 5289 βραχέα
2722 5238 2779 5272 τε
2816 5218 2940 5293 περὶ
2994 5220 3093 5287 τῆς
3156 5218 3542 5291 κοσμογενείας
3596 5218 3687 5273 καὶ
3744 5221 3844 5271 τοῦ

2208 5300 2505 5375 μέλλοντος
2538 5303 2756 5373 αἰῶνος,
2788 5312 2887 5375 τῆς
2919 5328 2976 5361 τε
3008 5309 3142 5363 κατά
3169 5308 3269 5375 τὴν
3305 5308 3508 5377 Καινὴν
3541 5305 3610 5361 δι’
3639 5305 3847 5380 ἀνθρώ-

2204 5412 2339 5453 πους
2398 5391 2804 5471 φιλανθρωπίας
2849 5392 3183 5475 διαλεχθεδς,
3228 5397 3483 5471 προσθεὶς
3525 5393 3583 5451 δὲ
3620 5394 3709 5450 καὶ
3769 5394 3846 5457 ὡς

2204 5479 2429 5555 ἅγγελος
2493 5481 2644 5555 αὐτῷ
2699 5481 3061 5546 ἐπικαταπτάς
3127 5484 3327 5540 ἃνωθεν
3394 5483 3446 5540 ἐν
3514 5484 3593 5556 τῷ
3661 5483 3849 5557 Λάκκῳ

2204 5576 2406 5643 παρῆν,
2440 5570 2656 5651 ἐνίσχυὲ
2690 5594 2749 5628 τε
2804 5572 2963 5629 αὐτὸν
3021 5574 3111 5629 καὶ
3163 5577 3340 5628 κακῶν
3405 5571 3582 5642 ἀπαθῆ
3641 5571 3847 5648 ίτήριι.

2203 5656 2291 5711 καὶ
2347 5658 2420 5720 ὡς
2476 5657 2978 5739 οὑδὶνάςρίστασθαι
3016 5658 3351 5733 νῦν-ἐθέλει,
3404 5658 3550 5718 ἃΑλὰ
3606 5660 3697 5718 καὶ
3768 5655 3847 5716 ἔτι
