4142 6248
354 331 468 388 977

1340 338 1518 399 VITA
1566 344 1629 401 S.
1679 342 2053 405 GREGOHII
2101 346 2728 407 ILLUMlNATURlS.

3637 346 3749 404 978

349 494 469 550 τοῖς
499 487 664 545 αὐτοῦ
722 489 1030 566 ὀφθαλμοῖς
1091 492 1448 571 ἐπιφαίνεται,
1498 495 1601 566 ἡδύ
1640 518 1697 553 τε
1750 499 1871 555 λίαν
1912 500 2002 555 καὶ

2117 504 2278 560 rebat
2307 505 2436 575 ejus
2467 505 2649 561 oculis
2684 505 2844 561 valde
2874 504 3129 559 suaviter
3158 502 3532 573 resplendens
3550 507 3607 558 et
3630 504 3755 558 evi-

353 578 572 655 ἐναργὲς
637 578 1005 652 ἀπολάμπων·
1074 580 1235 645 τέλος
1302 581 1360 638 δὶ
1422 585 1513 639 καὶ
1578 586 1738 651 ναοὺς
1801 588 2004 663 ἐγεῖραι

352 673 472 728 ταῖς
507 668 768 741 μάρτυσιν
820 668 1129 746 ἐπισκήψας
1193 671 1284 726 καὶ
1340 670 1526 728 πολλᾶ
1581 672 1739 750 ’ἔτερα
1801 674 2002 747 διεξελ-

353 756 461 811 Θὼν
487 756 733 820 καὶτοὺς
775 758 1042 825 παρόντας
1096 764 1552 835 μυσταγωγήσας,
1599 765 1673 824 ὡς
1716 761 1823 835 ἤδη
1867 766 2003 840 πρὸς

352 844 577 919 ἐσπέραν
606 845 697 917 ἧν,
727 848 819 902 τὸν
850 846 1121 924 σύλλογον
1156 847 1464 909 διελύσατο.

424 939 547 991 KZ'.
608 938 689 1009 Τῇ
740 936 862 1005 ἑξῆς
923 934 979 992 δὲ
1036 936 1285 1008 νηστείαν
1347 942 1441 1013 μὶν
1473 944 1559 997 καὶ
1604 941 1681 1004 εἷς
1747 942 2001 1014 ἐξήκοντα

350 1023 484 1086 ὅλας
539 1025 749 1101 ἡμέρας
803 1030 883 1098 τῷ
929 1024 1131 1097 πλήθει
1179 1029 1336 1083 παντὶ
1392 1031 1785 1108 παραγγέλλει,
1840 1032 1998 1094 αὐτὸς

351 1110 407 1169 δὲ
444 1115 512 1169 τά
566 1134 623 1169 τε
680 1118 1297 1193 προμυσταγωγηθέντα
1362 1118 1413 1175 ἐν
1472 1121 1691 1185 ταύταις
1749 1121 2000 1195 ἀναλαμ-

350 1197 548 1275 ϐάνων,
586 1202 675 1257 καὶ
714 1204 781 1259 τὰ
838 1203 1097 1261 λείποντα
1154 1209 1487 1283 προστιθεὶς,
1527 1211 1619 1265 καὶ
1667 1210 1792 1273 τοὺς
1844 1210 2000 1286 βίους

346 1297 456 1348 τῶν
536 1294 700 1367 ἀρετῇ
760 1291 1137 1369 διενεγκόντων
1207 1297 1284 1361 εἷς
1346 1299 1409 1353 τὸ
1478 1300 1640 1371 μέσον
1714 1304 1997 1375 παρᾶγων,

348 1381 484 1456 πρὸς
518 1383 751 1456 μίμησιν
779 1404 837 1438 τε
881 1384 974 1446 τὰς
1026 1383 1244 1440 ἐκείνων
1291 1388 1474 1467 ψυχὰς
1523 1386 1860 1464 διεθέρμαινε
1904 1390 1997 1444 καὶ

350 1470 656 1542 ζῆλον,καὶ
698 1473 962 1529 τοιούτων
1021 1475 1204 1539 αὐτοῖς
1260 1482 1370 1533 τῶν
1437 1479 1702 1549 συνάξεων
1752 1479 2000 1555 ἀφθόνως

348 1558 642 1615 ἀπολαύειν
701 1566 981 1637 παρεῖχεν.
1060 1565 1321 1628 Ἐνταῦθα
1386 1567 1476 1620 καὶ
1578 1569 1677 1636 τὴν
1741 1565 1997 1622 ὀπτασίαν

346 1649 415 1718 ἧς
458 1648 621 1722 μόνον
652 1650 853 1713 ἐκεῖνος
895 1651 1117 1723 ἠξίωτο,
1170 1652 1245 1714 εἷς
1296 1656 1488 1722 κοινήν
1538 1656 1788 1711 ἁπάντων
1835 1654 1996 1729 ἀκρο-

349 1758 467 1793 ασιν
517 1738 811 1809 παρετίθει’
869 1742 903 1809 ἠ
973 1738 1030 1795 δὲ
1091 1743 1155 1810 ἦν
1210 1740 1334 1798 οὐδὲ
1395 1742 1522 1817 μίαν
1587 1743 1996 1817 παραλείπούσα

348 1830 626 1928 (Ξαύματος
685 1825 1018 1928 ὑπερϐολῇν,
1078 1830 1207 1887 ἀλλ’
1283 1831 1371 1888 οἵα
1419 1834 1686 1909 ὁρπθῆναι
1745 1835 1839 1908 μὲν
1895 1855 2085 1928 φο-Β

350 1914 501 1993 ϐερὰ,
542 1917 889 1993 ἐνηχηθῆλαι
931 1918 988 1975 δὲ
1042 1926 1162 1985 ταῖς
1226 1923 1412 1983 ἀκοαῖς
1480 1926 1773 1997 σωτήριος.
1843 1922 1997 1981 Ἐδό·

350 2028 431 2063 κει
481 2008 583 2083 γάρ
636 2028 753 2080 μοι,
805 2010 994 2086 φησὶν,
1046 2012 1074 2065 ὁ
1122 2011 1343 2086 οὐρανὸς
1387 2013 1658 2089 ἀνεῷχθαι
1701 2013 1790 2068 καὶ
1836 2014 1903 2068 τὰ
1949 2012 2001 2069 ἐν

354 2096 504 2174 ἀρχῇ
565 2095 1021 2171 ἐναπολειφθέντα
1077 2104 1154 2172 τῷ
1210 2099 1527 2174 κυρτώματι
1612 2098 1801 2172 ὕδατα,
1860 2100 2003 2157 ἔνθεν

352 2186 442 2240 καὶ
472 2182 616 2240 ἔνθεν
645 2184 998 2261 διαιρεθέντα,
1035 2188 1395 2263 ἐστηριγμένα
1436 2191 1516 2268 ἐφ’
1567 2192 1822 2266 ἑκατέρου
1864 2193 2007 2265 τμή-

356 2295 526 2348 ματος
558 2274 759 2348 μένειν.
790 2277 993 2353 Μορφή
1027 2274 1084 2332 δέ
1112 2300 1197 2342 τις
1226 2279 1553 2354 ἀνθρωπεία,
1588 2279 1844 2355 λαμπρὰν
1884 2281 2002 2336 οἳαν

353 2361 553 2437 αἶ’γλην
586 2364 821 2439 ἀφιεῖσα,
854 2369 943 2420 καὶ
976 2365 1177 2439 πολλῷ
1225 2370 1483 2424 πάντοθεν
1522 2370 1664 2447 φωτὶ
1724 2368 2003 2442 περιλαμ-

350 2450 583 2525 πομένη,
647 2460 859 2527 χρυσῆν
923 2457 992 2527 τῇ
1050 2456 1200 2533 χειρὶ
1259 2456 1567 2533 κατέχουσα
1625 2457 1849 2537 σφύραν,
1902 2460 2001 2526 τήν

350 2546 453 2617 γῆν
484 2540 680 2599 παίειν.
732 2546 859 2604 Φῶς
906 2563 965 2598 τε
1021 2543 1225 2609 ἄνωθεν
1274 2545 1334 2600 ἐκ
1373 2549 1480 2600 τῶν
1529 2546 1773 2622 ούρανῶν
1828 2547 2004 2601 πυκνὰ

351 2634 468 2693 ταῖς
496 2629 677 2686 ἀκτῖσι
736 2628 973 2701 διᾷττον,
1032 2633 1098 2688 τὰ
1154 2640 1251 2704 τῆς
1318 2641 1424 2709 γῆς
1473 2635 1677 2711 πέρατα
1735 2634 2002 2710 ἐπλήρου.

354 2718 458 2775 Καὶ
490 2716 557 2788 δὴ
588 2719 678 2774 καὶ
735 2719 1031 2795 ὑπόπτεροί
1078 2741 1219 2783 τινες
1273 2725 1542 2796 στρατιαὶ,
1588 2722 1744 2780 αὐταὶ
1786 2723 2003 2779 ’ὲκασται

354 2813 468 2885 φῶς
515 2809 692 2879 οὖσαι,
730 2810 867 2883 πρὸς
936 2811 1199 2882 οὐρανοὺς
1260 2811 1591 2887 ἐπεδήμουν.
1654 2816 1751 2870 Καὶ
1810 2813 2005 2876 στῦλος

355 2897 525 2972 πυρὸς
557 2897 642 2952 ἐπὶ
709 2898 857 2972 βάσει
905 2903 1086 2973 χρυσῇ
1133 2896 1451 2972 ἱδρυμένος,
1497 2901 1574 2962 εἷς
1627 2900 1865 2962 ἐκείνους
1914 2901 2004 2955 ἀν-

357 2984 566 3059 έτρεχε,
597 2986 686 3038 καὶ
718 2989 832 3064 φῶς
863 2985 1050 3042 πάλιν.
1086 2985 1261 3042 ’Λλλά
1288 2985 1350 3041 τὸ
1404 2989 1499 3061 μὲν
1550 2988 1713 3043 αὐτοῦ
1755 2992 1852 3043 τοῦ
1900 3010 2012 3066 φω-

357 3072 451 3135 τὸς
482 3079 679 3147 σχῆμα
708 3077 939 3141 σταυροῦ
987 3075 1171 3152 φέρον,
1216 3075 1278 3129 τὸ
1328 3072 1385 3129 δὲ
1435 3074 1618 3149 στύλῳ
1660 3076 2009 3151 ὑπερμεγέθει

359 3163 682 3238 προσεοικὸς
744 3162 834 3231 ἦν.
886 3164 983 3220 Καὶ
1039 3169 1183 3239 τρεῖς
1241 3162 1525 3229 ἐλάττονες
1571 3164 1736 3221 ἄλλοι
1795 3164 2008 3220 στῦλοι.

360 3251 449 3308 ἐπὶ
509 3252 716 3325 ὁμοίων
774 3257 881 3308 τῶν
952 3255 1159 3327 βάσεων
1206 3248 1501 3325 βεϐηκότες
1558 3256 1712 3324 ἦσαν.
1778 3253 1932 3312 Ἀλλ’
1979 3256 2006 3309 ὁ

364 3343 459 3415 μὲν
492 3340 578 3397 ἐπὶ
619 3346 716 3398 τοῦ
778 3347 1111 3418 μαρτυρικοῦ
1154 3350 1254 3414 τῆς
1312 3365 1370 3400 τε
1424 3348 1692 3420 μακαρίας
1743 3346 2005 3418 Ῥιψίμης

360 3426 579 3486 σταδίου
619 3430 709 3485 καὶ
756 3434 861 3487 τῶν
916 3436 1081 3505 τριῶν
1140 3431 1227 3488 ἐπὶ
1282 3438 1403 3497 ταῖς
1459 3435 1746 3507 τριάκοντα
1800 3434 2008 3508 παρθέ-

359 3540 473 3582 νοις
505 3519 763 3591 εἶσττςκει.
815 3522 1039 3595 Ἃτερον
1091 3518 1147 3577 δὲ
1198 3521 1426 3596 ὅποιπερ
1458 3524 1494 3592 ἡ
1532 3522 1745 3597 γενναία
1802 3523 2005 3591 Γαῖανὴ

367 3611 500 3683 μετᾶ
536 3615 643 3665 τῶν
703 3607 798 3665 δύο
846 3611 938 3665 καὶ
985 3610 1120 3681 αὕτη
1169 3612 1577 3688 συμπαρθένων,
1624 3614 1716 3668 τὸν
1761 3619 1863 3682 τῆς
1918 3632 2008 3666 τε-

365 3699 639 3761 λειώσεως
695 3697 973 3753 ἀνείλοντο
1031 3700 1305 3775 στέφανονο
1386 3699 1473 3756 ἐπὶ
1531 3699 1588 3756 δὲ
1660 3708 1758 3770 τῆς
1834 3700 2007 3769 ληνοῦ

366 3784 559 3856 ἄλλος,
600 3785 635 3856 ἢ
674 3787 938 3862 πρότερον
999 3788 1092 3860 μὲν
1151 3789 1323 3851 πάσας
1373 3790 1514 3863 ι’)μοῦ
1562 3788 1859 3870 φευγούσας
1909 3789 2008 3844 ὑπ-

366 3870 578 3945 εδέξατο
635 3875 733 3937 τὰς
782 3871 1102 3951 παρθένους,
1162 3882 1290 3950 μιᾶς
1338 3875 1395 3934 δὲ
1442 3877 1663 3955 ὕστερον
1720 3879 1810 3934 καὶ
1859 3877 2008 3933 οἷ’νου

363 3964 564 4028 παντὸς
616 3962 947 4039 γλυκύτερον
1005 3966 1067 4020 τὸ
1133 3967 1273 4041 αἷμα
1355 3964 1588 4037 ἐδέξατο·
1629 3965 1752 4038 ἥτις
1817 3964 2004 4038 ἐπειδὴ

362 4052 508 4125 νόσῳ
532 4053 647 4107 κατ’
679 4051 846 4121 αὐτὴν
905 4054 1210 4128 περιπέσοι,
1261 4054 1361 4111 οὐκ
1418 4054 1622 4132 ἔχουσα
1680 4056 1828 4120 ὅπως
1887 4062 2007 4119 ταῖς

364 4138 560 4204 ἄλλαις
588 4138 778 4197 ἕποιτο
836 4146 1236 4220 συμπαρθένοις
1296 4146 1463 4202 αὐτοῦ
1509 4147 1655 4220 παρὰ
1712 4150 1780 4218 τῇ
1832 4146 2009 4216 ληνῷ,

366 4232 454 4287 οἷα
488 4231 682 4307 βότρυς
715 4231 916 4307 ὡραῖος
944 4231 1138 4309 ἱλαρόν
1167 4255 1221 4289 τι
1248 4241 1367 4295 ταῖς
1400 4231 1555 4309 ὄψεσι
1583 4235 1673 4290 καὶ
1705 4232 1810 4303 ἡδὺ
1849 4252 2015 4304 προσ-

366 4314 669 4390 ϐάλλουσα,
701 4321 765 4375 οὐ
793 4320 924 4376 ποσὶ
973 4318 1197 4376 δικαίων
1250 4317 1578 4392 ἐκθλίϐεται,
1635 4322 1781 4377 ἀλλὰ
1826 4321 2015 4395 χερσὶν

365 4404 574 4463 ἀσεϐῶν
634 4409 955 4482 ἀναιρεῖται.
1023 4410 1145 4465 Ἐπὶ
1202 4413 1414 4472 τούτοις
1460 4408 1603 4465 πολὺ
1665 4410 1758 4483 μὲν
1798 4408 2014 4478 πλῆθος

365 4497 606 4573 πυρίνων
684 4497 1076 4571 θυσιαστηρίων
1154 4494 1334 4553 ἐδίδου
1415 4498 1633 4574 βλέπειν
1707 4502 1743 4569 ἡ
1805 4500 2013 4575 ὅρασις,

2117 594 2346 661 denter;
2375 599 2666 665 postremo
2698 597 2887 648 autem
2912 596 2968 647 et
2988 591 3206 663 templa
3229 590 3507 659 jussisset
3536 594 3755 647 exstrui

2115 684 2490 754 martyribus,
2516 689 2571 738 et
2595 685 2778 738 multa
2800 684 2912 736 alia
2930 686 3079 736 esset
3102 680 3360 735 oratione
3392 685 3750 750 persecutus,

2112 778 2167 824 et
2198 787 2296 825 eos
2344 771 2442 842 qui
2490 772 2754 839 aderant,
2789 768 3075 841 mysteriis
3126 768 3433 833 initiasset,
3465 784 3597 821 cum
3630 768 3753 837 jam

2111 859 2634 930 advesperasceret,
2667 864 2874 913 costum
2910 857 3152 912 dimisit.

2180 946 2402 1003 XXVII.
2438 946 2712 1018 Sequenti
2745 956 2935 1002 autem
2968 946 3057 1000 die
3079 945 3375 1015 jejunium
3402 944 3639 1016 quidem
3682 945 3751 1000 ad

2110 1037 2411 1108 sexaginta
2441 1052 2624 1108 usque
2655 1036 2778 1091 dies
2802 1039 2955 1090 totos
2987 1034 3253 1090 universo
3285 1034 3496 1105 populo
3528 1034 3753 1089 denun-

2110 1126 2246 1181 tiat:
2282 1131 2337 1181 et
2368 1127 2492 1198 ipse
2522 1143 2605 1192 ea,
2641 1140 2767 1197 quae
2797 1124 2855 1180 in
2902 1124 3312 1196 mysteriorum
3362 1122 3549 1177 initiis
3593 1122 3751 1192 prius

2108 1215 2261 1269 dicta
2295 1215 2546 1282 fuerant,
2572 1215 2629 1268 in
2653 1214 2746 1268 his
2777 1216 3062 1283 repetens,
3086 1218 3143 1267 et
3173 1229 3298 1283 quae
3329 1211 3571 1266 deerant
3601 1209 3749 1279 adji-

2109 1302 2290 1371 ciens,
2318 1309 2376 1357 et
2407 1303 2583 1357 vitam
2616 1318 2838 1367 eorum,
2872 1302 2972 1372 qui
2998 1299 3057 1355 in
3090 1300 3300 1357 virtute
3332 1298 3750 1363 excelluerunt,

2109 1392 2167 1447 in
2204 1392 2459 1446 medium
2494 1392 2809 1456 adducens,
2835 1392 2903 1445 ad
2931 1389 3318 1444 imitationem
3340 1393 3397 1443 et
3428 1387 3750 1442 aemulatio-

2109 1498 2239 1536 nem
2276 1481 2503 1535 illorum
2529 1482 2758 1535 animos
2786 1479 3157 1543 accendebat,
3182 1482 3237 1532 et
3260 1477 3488 1531 abunde
3509 1479 3593 1531 eis
3618 1492 3755 1547 pre-

2109 1571 2274 1625 bebat
2308 1568 2449 1624 tales
2494 1569 2767 1623 fruendas
2817 1569 3148 1623 conciones.
3182 1570 3295 1621 Hoc
3325 1566 3383 1619 in
3417 1566 3540 1621 loco
3574 1565 3754 1621 visio-

2107 1676 2236 1714 nem
2272 1674 2526 1730 quoque,
2549 1675 2720 1726 quam
2755 1656 2915 1712 solus
2947 1656 3043 1711 ille
3074 1656 3260 1710 fuerat
3289 1659 3613 1721 assecutus,
3640 1670 3751 1725 pu-

2109 1748 2258 1803 blice
2287 1748 2443 1820 apud
2472 1764 2640 1803 aures
2673 1745 2933 1801 omnium
2967 1745 3258 1816 deposuit.
3298 1744 3400 1797 llla
3429 1749 3621 1797 autem
3666 1750 3752 1797 est

2108 1838 2422 1909 ejusmodi,
2446 1847 2505 1892 ut
2540 1836 2682 1890 nihil
2717 1836 2900 1907 possit
2927 1850 3053 1890 esse
3074 1832 3511 1888 admirabilius:
3540 1838 3597 1887 et
3627 1847 3751 1901 quia

2108 1928 2237 1981 visu
2286 1927 2524 1996 quidem
2579 1925 2686 1979 fuit
2731 1924 3042 1979 terribilis:
3077 1923 3125 1977 si
3158 1921 3398 1976 auribus
3430 1924 3621 1974 autem
3653 1932 3752 1972 ac-

2110 2021 2275 2085 cepta
2325 2016 2515 2081 fuerit,
2547 2011 2837 2068 salutaris.
2874 2012 3191 2066 Videbatur
3236 2012 3391 2064 enim
3444 2007 3608 2072 mihi,
3661 2005 3750 2059 in-

2109 2106 2253 2175 quit,
2286 2103 2497 2160 cmlum
2531 2119 2659 2158 esse
2690 2106 2977 2172 apertum,
3010 2109 3059 2155 et
3090 2115 3217 2170 quae
3250 2096 3409 2152 initio
3441 2097 3751 2151 incurvita-

2110 2194 2267 2248 tibus
2298 2194 2631 2262 interceptae
2683 2195 2848 2246 erant
2892 2205 3077 2261 aqua,
3107 2187 3246 2242 hinc
3277 2191 3334 2242 et
3365 2185 3498 2239 hinc
3530 2183 3750 2249 divise,

2111 2283 2294 2338 ﬁrma:
2325 2299 2390 2338 ac
2422 2280 2657 2337 stabiles
2704 2295 2937 2334 manere
2968 2279 3023 2333 in
3059 2284 3302 2346 utraque
3332 2279 3515 2345 parte.
3549 2272 3753 2326 Forma

2110 2380 2305 2429 autem
2349 2374 2610 2443 quaedam
2666 2370 2940 2435 humana,
2972 2368 3230 2425 lucidum
3259 2366 3550 2437 quoddam
3577 2363 3755 2433 jubar

2112 2464 2407 2526 emittens,
2438 2466 2496 2516 et
2538 2461 2719 2515 multa
2766 2457 2893 2513 luce
2945 2455 3105 2511 omni
3136 2472 3203 2510 ex
3234 2462 3390 2525 parte
3440 2451 3752 2522 refulgens,

2113 2568 2351 2605 aureum
2384 2567 2560 2605 manu
2596 2556 2795 2604 tenens
2818 2546 3118 2613 malleum,
3144 2554 3354 2599 terram
3381 2539 3665 2611 pulsabat.
3691 2539 3755 2593 Et

2112 2641 2212 2695 lux
2242 2644 2491 2710 desuper
2520 2655 2550 2692 e
2582 2637 2743 2693 caelis
2775 2636 2954 2690 radiis
2981 2636 3310 2703 frequenter
3339 2632 3619 2697 emicans,
3645 2629 3754 2683 im-

2116 2729 2299 2802 plebat
2335 2729 2481 2783 fines
2513 2733 2697 2781 terrae.
2725 2725 2872 2788 Quin
2923 2724 3101 2778 etiam
3156 2722 3393 2792 quidam
3427 2718 3565 2773 alati
3596 2733 3755 2771 exer-

2114 2818 2287 2882 citus,
2311 2818 2410 2888 qui
2434 2820 2600 2871 erant
2620 2819 2794 2870 etiam
2816 2811 3223 2883 unusquisque
3241 2810 3356 2875 lux,
3384 2806 3757 2863 movebantur

2114 2907 2173 2961 in
2205 2907 2381 2961 caelis.
2407 2907 2472 2960 Et
2501 2907 2775 2961 columna
2805 2919 2961 2959 aenea
2994 2903 3115 2957 basi
3148 2916 3332 2955 aureae
3363 2897 3658 2969 imposita,
3684 2896 3755 2950 ad

2117 2994 2250 3049 illos
2286 2994 2669 3066 pertingebat.
2694 2993 2804 3048 Sed
2840 3008 2972 3062 pars
3005 2990 3241 3061 quidem
3275 2987 3462 3058 ipsius
3491 2985 3640 3040 lucis
3670 2984 3755 3039 vi-

2119 3085 2361 3139 debatur
2393 3086 2539 3139 ferre
2569 3086 2814 3155 ﬁguram
2848 3082 3059 3150 crucis,
3092 3096 3224 3150 pars
3254 3083 3447 3134 autem
3480 3084 3600 3132 erat
3631 3091 3758 3129 ma-

2119 3189 2244 3244 gnae
2267 3174 2548 3227 columnae
2572 3171 2801 3225 similis.
2827 3171 2894 3224 Et
2917 3179 3029 3224 tres
3052 3167 3174 3224 aliae
3198 3168 3453 3222 minores
3473 3163 3758 3219 columnae

2119 3260 2320 3316 locata?
2351 3268 2511 3314 erant
2540 3274 2711 3328 super
2751 3259 2916 3312 bases
2954 3257 3198 3311 similes.
3232 3255 3339 3309 Sed
3374 3270 3491 3307 una
3521 3252 3755 3322 quidem

2114 3351 2308 3405 stabat
2338 3364 2516 3419 super
2546 3344 2922 3415 martyricum
2955 3342 3200 3397 stadium
3239 3342 3414 3395 beatae
3438 3338 3748 3409 Ripsimes,

2114 3444 2169 3494 et
2200 3439 2440 3509 triginta
2470 3435 2644 3490 trium
2678 3434 2988 3504 virginum,
3020 3429 3194 3485 altera
3225 3436 3441 3496 autem,
3477 3427 3573 3481 ubi
3616 3442 3758 3496 pris-

2116 3528 2271 3583 clara
2319 3526 2537 3582 Gaiana
2575 3540 2705 3580 cum
2755 3524 2977 3577 duabus
3027 3519 3198 3575 sociis
3243 3516 3587 3585 virginibus,
3620 3529 3754 3569 con-

2118 3615 2529 3673 summationis
2578 3630 2852 3669 coronam
2903 3625 3190 3678 accepere,
3222 3607 3350 3663 Alia
3395 3617 3585 3660 autem
3636 3607 3760 3659 erat

2118 3723 2296 3779 super
2326 3700 2766 3771 torcular,quod
2795 3701 2953 3771 prius
2978 3698 3208 3769 quidem
3245 3711 3448 3751 omnes
3477 3692 3652 3748 simul
3678 3694 3759 3779 fu-

2118 3778 2344 3869 gientes
2383 3791 2603 3860 excepit
2632 3789 2923 3860 virgines:
2958 3788 3133 3842 unius
3181 3789 3371 3840 autem
3429 3791 3625 3853 poslea
3669 3778 3756 3835 vel

2120 3867 2324 3958 quovis
2352 3898 2508 3937 mero
2540 3887 2637 3936 aut
2668 3882 2899 3934 nectare
2921 3876 3237 3931 dulciorem
3272 3872 3495 3943 excepit
3523 3867 3759 3937 sangui-

2120 3992 2275 4030 nem.
2309 3974 2439 4038 Quae
2491 3987 2623 4025 cum
2662 3969 2719 4023 in
2762 3984 2827 4023 eo
2873 3966 2932 4021 in
2982 3966 3251 4020 morbum
3299 3961 3622 4024 incidisset,
3655 3972 3760 4014 nec

2120 4069 2319 4135 posset
2347 4060 2491 4115 alias
2538 4060 2700 4128 sequi
2744 4055 3017 4127 virgines,
3050 4054 3263 4108 ibidem
3296 4048 3452 4119 apud
3482 4047 3755 4112 torcular,

2119 4157 2399 4221 tanquam
2435 4166 2549 4203 una
2580 4147 2836 4216 speciosa
2868 4142 3052 4198 oculis
3100 4141 3456 4195 hilaritatem
3489 4137 3755 4201 efferens,

2121 4244 2178 4293 et
2206 4239 2547 4293 suavitatem
2594 4250 2706 4287 non
2749 4234 3046 4302 justorum
3099 4229 3339 4299 pedibus
3387 4227 3755 4290 exprimitur,

2123 4328 2223 4382 sed
2259 4324 2526 4380 manibus
2558 4322 2873 4391 impiorum
2895 4319 2965 4373 de
2990 4317 3178 4371 medio
3208 4315 3451 4370 tollitur.
3476 4312 3610 4367 Post
3638 4312 3757 4367 haec

2125 4431 2395 4487 magnam
2430 4412 2662 4483 quidem
2696 4410 2995 4480 igneorum
3021 4404 3286 4461 altarium
3321 4400 3753 4457 multitudinem

2123 4506 2284 4561 dedit
2326 4501 2713 4572 aspiciendam
2758 4498 2926 4563 visio,
2973 4501 3030 4551 et
3076 4510 3250 4565 snper
3298 4490 3757 4561 unumquodque

366 4587 456 4641 καὶ
505 4586 731 4660 σταυρὸν
783 4585 1009 4661 ὕπερθεν
1057 4585 1136 4667 ἐφ’
1203 4586 1427 4644 ἑκάστου
1475 4590 1856 4663 Θυσιαστηρίου
1909 4597 2006 4661 τῆς

2122 4608 2353 4650 crucem
2386 4592 2694 4646 formatam
2738 4603 2807 4643 ex
2851 4584 3055 4641 eadem
3097 4582 3373 4638 materia:
3409 4580 3537 4635 fons
3562 4583 3754 4633 antem

369 4674 537 4744 αὐτῆς
568 4672 706 4743 ὕλης
737 4670 1234 4753 διαμορφούμενον.
1267 4679 1427 4754 Πηγὴ
1473 4675 1530 4735 δέ
1574 4700 1657 4743 τις
1697 4680 1757 4735 ἐκ
1802 4680 2011 4736 τούτων

371 4759 537 4839 ἔρρει,
571 4758 762 4825 διειδές
790 4782 850 4819 τε
878 4762 990 4837 ἅμα
1018 4765 1108 4820 καὶ
1138 4766 1285 4821 οὕτω
1314 4783 1365 4821 τι
1414 4767 1645 4847 ἄφθονον
1704 4764 2009 4840 ἐκδιδοῦσα,

372 4852 447 4916 ὡς
476 4851 781 4923 ἐπικλύζειν
815 4854 952 4909 ἅπαν
982 4858 1077 4910 τοῦ
1110 4855 1468 4931 ὑποκειμένου
1498 4856 1686 4914 πεδίου
1733 4859 1796 4915 τὸ
1842 4858 2010 4935 πρόσ-

372 4961 543 4997 ωπον.
578 4938 754 4998 Ἀλλὰ
803 4943 911 5015 μὴν
955 4942 1043 4997 καὶ
1102 4944 1269 5020 ἀγέλη
1311 4966 1405 5018 μοι
1458 4952 1771 5022 καθεωρᾶτο
1820 4948 2010 5023 αἰγῶν,

371 5028 424 5088 δν
454 5035 533 5102 τῷ
582 5029 774 5103 μέλανι
827 5035 935 5087 τῶν
991 5037 1200 5108 τριχῶν
1256 5030 1596 5091 στέλόουσαι.
1631 5037 1783 5093 Ἐπεὶ
1842 5034 1900 5092 δὲ
1948 5038 2012 5092 τὸ

374 5118 520 5195 ὕδωρ
565 5119 736 5175 ἐκεῖνο
782 5122 1089 5196 περάσειαν,
1139 5125 1175 5192 ἡ
1217 5120 1332 5179 ἰδέα
1381 5125 1473 5198 μὲν
1523 5124 1709 5188 αὐταῖς
1756 5125 1831 5190 εἰς
1876 5128 2016 5202 πρό-

372 5203 511 5264 ϐατα
553 5205 939 5282 μετεϐάλλετο·
1007 5211 1070 5265 τὸ
1136 5208 1193 5266 δὲ
1254 5213 1362 5267 τῶν
1427 5218 1639 5289 τριχῶν
1709 5212 1876 5286 μέλαν
1939 5215 2013 5276 εἷς

375 5297 681 5369 λευκότητα
703 5300 898 5374 χιόνος
944 5296 1229 5374 ἠμείϐετο.
1287 5301 1450 5365 Εἴπες
1498 5300 1557 5357 ἄν
1592 5302 1644 5357 ἐν
1689 5302 1881 5377 ἀκαρεῖ
1922 5306 2018 5367 τάς

380 5388 613 5464 μέλανας
673 5386 1026 5466 ὑποῤῥεῦσαι,
1086 5389 1176 5445 καὶ
1238 5392 1333 5452 τὰς
1392 5392 1577 5465 ἑτέρας
1624 5392 1877 5470 ἀναφῦναι
1921 5392 2017 5454 τὰς

377 5476 595 5542 λευκάς.
648 5479 731 5536 Tal
792 5478 978 5552 μέντοι
1016 5474 1265 5554 πρόϐατα
1336 5480 1535 5535 τίκτειν
1604 5480 1859 5553 ἐῴκεσαν·
1926 5482 2016 5537 καὶ

378 5567 547 5625 πολιᾶ
579 5568 673 5642 μὶν
703 5566 792 5623 καὶ
821 5572 938 5631 τοῖς
985 5572 1228 5646 νεογνοῖς
1275 5570 1311 5639 ἡ
1362 5570 1501 5642 θρὶξ,
1548 5571 1612 5626 τὸ
1674 5566 1731 5627 δὶ
1781 5570 2017 5642 πλῆθος,

380 5657 469 5712 καὶ
508 5657 739 5734 ἀριθμὸν
770 5657 859 5713 καὶ
888 5657 1054 5714 τόπον
1086 5659 1212 5714 ὅσον
1258 5656 1541 5736 ὀφθαλμὸς
1592 5660 1838 5734 ὡρίζετο,
1891 5660 2017 5716 ὑπε-

2122 4683 2359 4755 quidam
2409 4695 2477 4737 ex
2522 4678 2614 4734 his
2663 4676 2993 4741 emanabat,
3043 4672 3413 4744 perspicuum
3464 4668 3757 4739 quoddam

2118 4774 2294 4830 edens
2340 4770 2645 4834 ﬂuentum,
2686 4775 2741 4824 et
2787 4766 2929 4821 adeo
2977 4763 3298 4833 copiosum,
3342 4762 3403 4813 ut
3452 4755 3758 4811 mundaret

2120 4860 2454 4917 universam
2487 4856 2732 4928 subjecti
2763 4851 2953 4924 campi
2987 4850 3210 4906 faciem.
3232 4847 3380 4912 Quin
3404 4844 3577 4900 etiam
3611 4841 3755 4897 mihi

2120 4950 2455 5005 cernebatur
2501 4962 2639 5019 grex
2687 4956 2984 5013 caprarum
3032 4937 3407 5009 resplendens
3438 4932 3494 4986 in
3528 4931 3758 5002 nigrore

2123 5037 2393 5110 pilorum.
2427 5034 2737 5103 Postquam
2789 5034 2985 5084 autem
3027 5040 3236 5095 aquam
3286 5019 3755 5085 transmiserant,

2122 5126 2341 5199 species
2373 5124 2607 5196 quidem
2636 5122 2718 5177 eis
2767 5117 3101 5174 mutabatur
3129 5114 3188 5168 in
3219 5125 3392 5167 oves:
3427 5110 3624 5180 nigror
3654 5127 3759 5164 au-

2122 5198 2239 5272 tem
2273 5215 2543 5285 pilorum,
2578 5210 2909 5266 mutabatur
2958 5206 3015 5259 in
3060 5203 3312 5258 alborem
3364 5200 3529 5255 nivis.
3572 5198 3760 5253 Dixis-

2129 5322 2220 5361 ses
2267 5309 2561 5359 momento
2610 5296 2881 5370 temporis
2931 5291 3221 5349 efﬂuxisse
3269 5289 3484 5361 nigras,
3515 5295 3570 5342 et
3614 5288 3758 5342 alias

2127 5398 2351 5450 exortes
2379 5407 2527 5459 esse,
2551 5403 2757 5458 nempe
2780 5386 2964 5441 albas.
2988 5386 3176 5453 Atque
3205 5395 3338 5436 oves
3370 5378 3600 5450 quidem
3626 5377 3759 5433 vise

2128 5489 2267 5539 sunt
2296 5494 2536 5554 parere:
2567 5483 2623 5534 et
2652 5475 2780 5532 cani
2828 5474 2927 5546 pili
2973 5476 3137 5530 erant
3172 5470 3348 5528 etiam
3382 5485 3578 5526 recens
3613 5466 3761 5521 natis

2129 5572 2381 5629 fcetibus.
2415 5566 2722 5625 Multitudo
2770 5569 2962 5622 autem
3002 5564 3313 5635 superabat
3341 5565 3398 5615 et
3426 5571 3758 5623 numerum,

2127 5667 2184 5720 et
2211 5662 2426 5733 locum,
2450 5664 2964 5733 quantumcunque
2993 5653 3307 5713 deﬁniebat
3325 5648 3538 5707 oculus.
3562 5645 3643 5701 Ex
3664 5643 3757 5699 his
