4142 6248
402 271 519 331 979

1693 257 1973 320 MENSIS
2019 254 2512 317 SEPTEMBER.

3688 244 3817 302 980

406 434 623 494 autem,
656 442 782 498 qua!
815 442 997 497 nuper
1046 427 1190 479 natae
1239 427 1420 489 erant,
1459 421 1796 477 videbantur
1841 435 2043 474 rursus

2174 412 2426 472 >ὲϐαινον.
2460 413 2745 471 Τίκτεσθαι
2779 411 2837 464 δὲ
2866 408 2956 463 καὶ
3006 405 3110 460 ἀπὸ
3160 407 3266 459 τῶν
3324 404 3625 475 ἀρτιτόκων
3682 425 3818 457 ’.ου-

408 533 637 589 quoque
669 518 830 572 nasci
863 516 1005 571 aliae.
1032 513 1352 583 thuidam
1386 513 1516 582 agni
1544 512 1747 566 mutati
1779 514 1832 564 in
1860 512 2047 581 lupos,

407 606 855 662 malefaciebant
886 605 1110 669 ovibus,
1135 611 1187 657 et
1217 618 1317 657 eas
1348 601 1843 673 aggrediebantur
1868 616 2054 655 come-

409 696 545 749 dere
576 710 642 749 ac
672 693 1020 761 discerpere.
1042 691 1148 746 Sed
1185 707 1251 745 ex
1277 691 1365 744 his
1396 690 1625 759 quidem
1661 690 1786 743 aliae
1815 689 2049 743 interim

409 781 805 853 producebant
853 779 996 847 alas,
1031 788 1083 833 et
1132 779 1400 832 volabant
1429 779 1497 831 ad
1530 779 1815 833 exercitus
1866 776 2051 831 lucis:

408 869 533 925 alia
564 875 754 924 autem
788 869 1167 939 capiebantur
1188 884 1221 922 a
1251 868 1425 939 lupis.
1450 867 1594 923 Cum
1625 868 1731 922 hoc
1765 868 1945 934 ﬁeret,
1972 883 2057 922 re—

408 963 579 1029 pente
609 957 713 1012 rivi
745 957 899 1029 ignis
933 956 1102 1011 eﬁ‘usi
1151 962 1353 1012 contra
1392 956 1582 1026 lupos,
1614 959 1674 1010 in
1706 971 1804 1011 eos
1836 955 2055 1010 incide-

413 1045 546 1102 bant
575 1050 631 1101 et
659 1046 996 1109 exurebant,
1028 1048 1086 1099 et
1115 1060 1226 1099 non
1280 1044 1486 1099 licebat
1516 1045 1599 1099 eis
1631 1044 1883 1114 amplius
1912 1044 2053 1099 etfu-

412 1149 566 1205 gere.
603 1137 736 1189 Post
766 1132 889 1188 baec
914 1132 1112 1188 omnia
1142 1131 1266 1186 alia:
1299 1148 1502 1186 rursus
1532 1130 1817 1186 columnas
1857 1146 2057 1186 cerne-

411 1222 625 1277 bantur
672 1221 793 1276 ﬁxe
824 1221 885 1275 in
926 1219 1221 1274 nubibus:
1256 1223 1312 1273 et
1349 1226 1519 1289 caput
1568 1218 1825 1273 lucidum
1878 1234 2058 1289 supra

410 1310 716 1367 columnas
747 1309 1037 1381 praebebat
1066 1306 1358 1379 quoddam
1391 1306 1789 1379 spectaculum
1814 1306 2059 1362 admira-

412 1397 549 1455 bile.

488 1596 740 1653 XXVIII.
775 1596 896 1663 His,
928 1596 1143 1668 inquit,
1177 1602 1232 1653 et
1262 1596 1476 1653 talibus
1506 1614 1664 1654 eram
1710 1614 1815 1670 ego
1865 1599 2061 1653 animo

419 1686 881 1757 obstupefactus,
904 1691 961 1741 et
993 1687 1243 1741 maxime
1275 1687 1429 1758 quod
1462 1689 1736 1758 quasdam
1766 1704 1855 1743 res
1888 1688 2063 1743 tacite

2159 490 2287 560 τωνῖ
2318 503 2481 557 πάλιν
2511 500 2667 575 ἕτερα
2698 497 2895 567 ἐδόκει,
2946 497 3033 550 καί
3081 516 3221 555 τινες
3274 494 3424 567 ἄρνες
3477 492 3549 553 είς
3602 490 3815 553 λύκους

2162 587 2582 667 μεταϐαλόντες,
2615 594 2795 651 κακῶς
2824 588 2889 641 τὰ
2939 579 3188 657 πρόϐατα
3240 581 3482 647 ἐποίουν,
3542 582 3631 636 καὶ
3676 602 3812 636 κατ-

2158 683 2350 746 εσθίειν
2424 702 2481 735 τε
2555 681 2691 735 αὐτὰ
2762 678 2852 732 καὶ
2929 674 3156 743 διασπᾷν
3216 673 3498 745 ὥρμηντο,
3549 670 3696 726 ἀλλὰ
3741 672 3815 725 τὰ

2163 772 2257 845 μὶ)
2297 772 2473 825 αὐτῶν
2524 766 2793 845 πτέρυγάς
2840 786 2898 820 τε
2932 764 2982 819 ἐν
3030 760 3274 833 τοσούτῳ
3327 758 3473 838 ἔφυε,
3524 759 3613 813 καὶ
3670 760 3813 833 πρὸς

2156 862 2253 922 τὰς
2287 860 2535 926 στρατιὰς
2564 862 2663 913 τοῦ
2695 857 2872 935 φωτὸς
2918 852 3246 920 διιπέτοντο,
3297 851 3363 904 τὰ
3412 848 3469 904 δὲ
3516 847 3813 917 ἡλίσκοντο

2161 949 2263 1003 ὑπὸ
2291 953 2398 1003 τῶν
2433 947 2634 1002 λύκων.
2688 933 2776 1000 Ἐν
2834 942 3011 1012 τούτῳ
3067 940 3234 1012 πυρὸς
3294 939 3352 993 ἐκ
3397 942 3494 992 τοῦ
3540 933 3812 1013 αἰφνιδίου

2162 1037 2350 1110 ῥύακες
2406 1036 2543 1090 κατᾶ
2589 1037 2697 1088 τῶν
2748 1031 2929 1086 λύκων
2981 1025 3372 1102 διεκχυθὲντες,
3423 1024 3703 1079 ἐνέπιπτέν
3754 1044 3817 1079 τε

2162 1125 2348 1187 αὐτοῖς
2376 1124 2465 1177 καὶ
2525 1123 2789 1193 ἒπίπρων,
2848 1120 2936 1173 καὶ
2988 1118 3167 1174 οὐκέτι
3213 1114 3337 1171 οὐδὲ
3395 1112 3812 1189 ἀποδιδράσκειν

2160 1213 2375 1274 τούτοις
2416 1211 2560 1281 ἐνῆν.
2607 1211 2727 1266 Ἐπὶ
2796 1214 2924 1263 πᾶσι
2992 1206 3206 1266 τούτοις
3266 1203 3454 1260 στῦλοι
3510 1204 3819 1277 πεπηγὸτες

2162 1299 2340 1375 ἕτεροι
2378 1299 2545 1355 πάλιν
2587 1298 2645 1354 ἐκ
2693 1303 2801 1352 τῶν
2856 1302 3028 1375 νεφῶν
3090 1296 3362 1369 ἑωρῶντο”
3425 1294 3513 1347 καὶ
3581 1291 3818 1371 κεφαλὶς

2168 1391 2343 1465 μῆκός
2391 1411 2449 1445 τε
2487 1390 2576 1443 καὶ
2634 1386 2841 1450 πλάτος
2910 1387 3079 1459 ὁμοία
3146 1385 3461 1455 Θαυμαστὴν
3530 1381 3645 1437 οἶαν
3710 1384 3814 1452 την

2164 1480 2283 1535 θίαν
2312 1481 2629 1555 παρείχετο.

2238 1589 2367 1643 KU'.
2400 1587 2624 1646 Τούτοις
2656 1586 2762 1659 ἐγὼ
2791 1585 2881 1639 καὶ
2910 1582 3203 1649 τοιούτοις,
3236 1580 3390 1658 φησὶ,
3432 1582 3529 1648 τήν
3577 1576 3820 1634 διάνοιαν

2170 1675 2718 1747 ὲναποπληττόμενος
2784 1674 2874 1744 ἦν,
2946 1672 3185 1747 μάλιστα
3255 1670 3337 1725 ὅτι
3416 1670 3508 1724 καὶ
3577 1670 3823 1723 ὑπαινίτ-

418 1756 719 1830 videbatur
775 1774 1104 1845 signiﬁcare
1161 1756 1307 1831 visio
1364 1756 1749 1831 admirabilis.
1801 1776 1913 1831 Sed
1963 1778 2058 1847 qui

2174 1766 2349 1829 τεσθαί
2378 1786 2498 1819 τινα
2526 1761 2699 1818 ἐδόκει
2729 1764 2790 1817 τὸ
2820 1759 3121 1835 παράδοξον
3161 1766 3259 1829 τῆς
3308 1758 3562 1832 ὁράσεως.
3598 1756 3758 1813 Ἀλλ’
3789 1758 3819 1811 ὁ

420 1879 536 1918 una
568 1878 795 1918 mecum
829 1863 1042 1927 aderat,
1078 1868 1133 1918 et
1163 1880 1291 1935 quae
1328 1864 1689 1933 videbantur,
1721 1867 2064 1921 ostendebat

421 1951 567 2023 (erat
596 1950 835 2021 angelus
869 1953 1097 2006 Domini
1145 1953 1588 2025 omnipotentis)
1620 1953 1743 2023 ipse
1773 1959 1827 2010 et
1861 1960 2062 2026 stupo-

421 2057 542 2095 rem
608 2040 982 2095 convertebat
1051 2041 1109 2095 in
1179 2041 1408 2096 dulcem
1486 2043 1949 2107 admirationem,
2009 2047 2067 2100 et

422 2125 767 2196 explicabat,
799 2128 938 2197 quid
983 2128 1382 2195 signiﬁcarent
1421 2130 1655 2200 singula
1685 2146 1907 2197 eorum,
1940 2148 2066 2203 qua

422 2214 824 2270 cernebantur.
849 2215 986 2269 Nam
1012 2214 1379 2271 latitudinem
1405 2218 1636 2288 quidem
1662 2220 1786 2274 caeli
1811 2226 2066 2291 apertam

424 2301 485 2357 in
517 2302 742 2357 duabus
775 2303 1063 2373 partibus,
1098 2305 1337 2359 docebat
1372 2308 1701 2377 signiﬁcare
1732 2308 1951 2364 viscera
1981 2311 2072 2365 di-

423 2391 567 2444 vinae
599 2389 921 2445 clementia
952 2392 1112 2460 prius
1146 2393 1381 2463 quidem
1431 2411 1537 2450 suo
1588 2395 1859 2467 ﬁgmento
1893 2399 2072 2454 fuisse

431 2476 644 2546 clausa,
678 2477 885 2533 deinde
916 2479 1094 2534 fuisse
1121 2494 1339 2551 aperta.
1374 2485 1548 2554 Aquas
1582 2495 1781 2555 autem,
1816 2503 1941 2556 qua
1974 2488 2069 2542 ﬁr-

428 2572 596 2620 matae
620 2582 684 2621 ac
707 2566 979 2621 stabilita:
1010 2569 1243 2624 fuerunt
1266 2588 1441 2641 super
1462 2589 1665 2643 aquas,
1691 2574 1915 2629 nullum
1950 2592 2074 2630 am-

427 2653 577 2725 plius
609 2670 734 2709 esse
766 2655 1021 2710 innuunt
1060 2656 1544 2727 impedimentum
1594 2661 1688 2729 iis,
1731 2662 1828 2732 qui
1863 2680 1893 2718 e
1926 2674 2073 2720 terra

426 2742 629 2797 volunt
659 2744 729 2797 ad
763 2742 973 2798 cmlum
1024 2746 1289 2800 transire.
1324 2746 1598 2803 Gloriosa;
1649 2751 1829 2818 enim,
1862 2752 2071 2823 inquit,

429 2838 715 2903 martyres
767 2836 823 2886 et
866 2831 1156 2904 reliquum
1216 2841 1677 2893 concertatorum
1730 2856 1935 2911 agmen
1983 2842 2075 2896 via

428 2922 547 2974 tam
594 2919 713 2974 lata
761 2921 1034 2992 ingressa:
1083 2926 1223 2976 sunt
1271 2925 1445 2979 caelos
1509 2926 1732 2997 absque
1786 2928 2075 2997 molestia,

429 3024 564 3063 cum
623 3024 747 3063 eam
804 3009 1185 3072 dedicassent.
1244 3017 1300 3068 et
1352 3014 1511 3084 prius
1588 3031 1655 3070 ea
1727 3018 1834 3071 iter
1910 3018 2079 3074 iniis-

432 3101 580 3151 sent.
614 3096 720 3159 Qui
751 3102 944 3152 autem
998 3115 1168 3153 manu
1223 3117 1462 3156 aureum
1498 3107 1655 3158 tenet
1695 3104 1988 3175 malleum,
2022 3112 2078 3162 et

430 3190 646 3239 terram
705 3185 849 3253 ferit,
902 3186 952 3241 is
1002 3187 1258 3243 divinam
1319 3190 1607 3261 signiﬁcat
1654 3194 2071 3262 visitationem,

431 3290 531 3344 per
546 3290 719 3344 quam
741 3290 898 3331 error
915 3276 1149 3347 quidem
1170 3278 1456 3335 idolorum
1474 3281 1543 3336 ab
1564 3299 1630 3337 ea
1648 3283 1757 3337 fuit
1774 3286 2073 3356 expulsus,

432 3362 743 3419 fuitautem
761 3366 888 3435 ejus
907 3366 1030 3422 loco
1048 3369 1625 3426 introductaverilas.
1644 3372 1761 3427 Lux
1780 3391 1932 3441 vero,
1948 3392 2073 3446 quae

433 3452 540 3506 fuit
558 3452 768 3507 diffusa
786 3456 842 3508 in
864 3457 1192 3512 universam
1214 3464 1447 3523 terram,
1464 3460 1856 3516 dilatationem
1880 3463 2075 3533 praedi-

432 3540 675 3596 cationis
707 3541 1017 3611 Evangelii,
1051 3549 1108 3600 et
1136 3562 1202 3601 ex
1228 3564 1294 3602 eo
1332 3550 1735 3618 procedentem
1769 3550 2072 3623 fulgorem,

431 3629 529 3699 qui
574 3630 772 3685 omnia
816 3634 1269 3701 comprehendit.
1309 3636 1656 3703 Angelorum
1704 3646 1892 3696 autem
1944 3659 2075 3698 con-

432 3732 662 3788 gressus
719 3735 847 3773 cum
901 3724 1255 3792 martyribus
1320 3740 1773 3796 concursusque,
1832 3736 1886 3783 et
1943 3747 2072 3786 cum

432 3805 561 3861 aliis
585 3806 922 3862 hominibus
948 3809 1203 3879 ipsorum
1231 3815 1665 3869 consueludinis
1687 3821 1741 3870 et
1765 3832 2073 3873 conversa-

434 3894 631 3959 tionis,
665 3894 838 3965 hujus
870 3896 1141 3951 luminosi
1177 3904 1233 3951 et
1265 3900 1402 3954 alati
1436 3904 1714 3958 exercitus
1753 3906 2071 3961 descensus

430 3986 517 4035 est
547 3981 778 4051 signum
826 3984 1082 4040 evidens.
1115 3986 1397 4044 Columna
1444 3995 1533 4045 est
1580 3991 1734 4047 basis
1780 4010 1972 4060 aurea,
2006 4011 2073 4050 ea

430 4070 561 4125 ﬁdei
596 4071 1052 4130 Christianorum
1104 4076 1461 4135 divinitatem
1508 4080 1799 4153 signiﬁcat
1828 4088 1883 4138 et
1914 4086 2072 4156 puri-

427 4165 625 4216 tatem.
684 4161 830 4217 Doni
888 4169 1080 4220 autem
1140 4169 1444 4224 sacerdotii
1504 4171 1733 4244 signum
1786 4179 1872 4229 est
1929 4191 2070 4231 crux

428 4248 593 4304 lucis.
627 4251 767 4306 Nam
803 4253 975 4324 primi
1007 4271 1235 4327 quoque
1273 4258 1566 4315 Pontiﬁcis
1601 4261 1912 4334 imaginem
1963 4266 2071 4321 fert

430 4340 720 4409 sacerdos,
753 4341 852 4411 qui
881 4352 1117 4415 propter
1146 4363 1250 4401 nos
1283 4351 1540 4420 suscepit
1573 4358 1815 4406 mortem
1855 4356 2067 4412 crucis.

429 4426 712 4484 Columna
741 4429 907 4499 lucis,
942 4437 1025 4486 est
1074 4433 1266 4504 imago
1317 4436 1612 4492 catholicae
1652 4440 1936 4507 Ecclesiae,
1971 4459 2070 4512 per

2171 1857 2268 1924 τὴν
2311 1855 2490 1932 ἀρχὴν
2538 1852 2661 1925 ἐμοὶ
2713 1850 3010 1926 συμπαρὼν
3058 1851 3147 1903 καί
3195 1849 3261 1903 τᾶ
3316 1848 3557 1919 παρόντα
3610 1844 3826 1901 ὑποδει-

2171 1944 2346 1999 κνύων
2378 1940 2630 2019 (ἄγγελος
2674 1938 2730 1996 δὲ
2761 1939 2959 2015 Κυρίου
3007 1937 3441 2011 παντοκράτορος
3502 1936 3657 1997 οὗτος
3702 1937 3821 2018 ἦν)ν

2173 2031 2331 2092 αὐτὸς
2380 2032 2468 2085 καὶ
2534 2031 2631 2097 τὴν
2713 2025 2970 2099 ἔκπληξιν
3039 2028 3112 2087 εἰς
3180 2025 3356 2103 γλυκὺ
3426 2023 3825 2101 μετεῤῥύθμιζε

2175 2122 2377 2191 θαῦμα,
2408 2115 2497 2170 καὶ
2530 2116 2604 2177 ὡς
2654 2111 2856 2185 ἐδήλου
2900 2118 3007 2169 τῶν
3061 2114 3350 2186 ὁρωμένων
3405 2107 3605 2165 ἕκαστα
3644 2107 3825 2165 διεσά-

2176 2226 2281 2283 φει.
2315 2204 2391 2261 Τὸ
2427 2205 2521 2276 μὲν
2552 2202 2655 2277 γὰρ
2707 2200 3043 2277 ἀνεῳγμένον
3086 2202 3222 2255 κατά
3270 2197 3364 2254 δύο
3413 2200 3683 2271 τμήματα
3727 2202 3824 2254 τοῦ

2178 2293 2407 2365 ούρανοῦ
2434 2292 2593 2353 κύτος
2620 2292 2685 2345 τὰ
2730 2298 2829 2359 τῆς
2876 2290 3019 2351 Θείας
3070 2287 3359 2364 σπλάγχνα
3416 2287 3827 2366 φιλανθρωπίας

2177 2383 2445 2439 ἐδίδασκεν
2502 2383 2836 2462 ὑπαφαίνειν,
2887 2381 3249 2455 κεκλεισμένα
3312 2381 3435 2457 περὶ
3500 2382 3563 2436 τὸ
3622 2380 3819 2435 οἰκεῖον

2178 2476 2405 2546 πλάσμα
2460 2476 2747 2551 πρότερον,
2815 2475 2932 2529 εἶτα
3000 2471 3403 2549 διανοιχθῆναι,
3463 2474 3529 2528 τά
3694 2474 3823 2548 ὑπὲρ

2179 2564 2286 2618 ἅνω
2331 2569 2438 2619 τῶν
2504 2563 2811 2636 τμημάτων
2864 2562 3227 2638 ἐστηριγμένα
3286 2559 3450 2617 ὕδατα
3506 2564 3567 2618 τὸ
3632 2562 3823 2635 μηκέτι

2180 2656 2297 2714 τοῖς
2338 2653 2442 2707 ἀπὸ
2473 2659 2577 2727 γῆς
2626 2652 2761 2727 πρὸς
2815 2653 2906 2708 τὸν
2961 2651 3183 2725 οὐρανὸν
3237 2649 3590 2725 βουλομένοις
3648 2649 3815 2723 μηδὲν

2182 2740 2443 2815 ἐμπόδιον
2472 2741 2625 2797 εἶναι.
2682 2744 2748 2799 Αἱ
2779 2744 2883 2817 γὰρ
2941 2742 3279 2812 καλλίνικοι,
3341 2742 3485 2818 φησί,
3552 2741 3810 2815 μάρτυρες

2181 2832 2269 2887 καὶ
2300 2833 2327 2885 ὁ
2360 2832 2554 2893 λοιπὸς
2579 2838 2686 2887 τῶν
2722 2831 2997 2888 συνάθλων
3040 2833 3214 2907 χορὸς
3263 2831 3333 2887 δι’

2182 2922 2282 2989 τήν
2316 2920 2389 2982 είς
2441 2919 2702 2994 ούρανοῦς
2761 2923 2981 2998 πορείαν
3036 2921 3421 2993 ἀταλαίπωρον
3482 2919 3818 2990 ἐποιήσαντο,

2184 3010 2553 3087 ἐγκαινίσασαι
2620 3011 2816 3079 ταύτην
2893 3012 2983 3067 καὶ
3058 3008 3445 3086 προδεύσασαι.
3510 3012 3569 3067 Ὁ
3638 3007 3695 3064 δὲ
3730 3010 3823 3077 τήν

2187 3108 2394 3174 χρυσῆν
2430 3100 2480 3154 ἐν
2512 3104 2579 3173 τῇ
2620 3100 2768 3175 χειρὶ
2816 3100 3018 3176 σφύραν
3067 3098 3211 3174 ἔχων
3262 3100 3351 3154 καὶ
3400 3098 3683 3153 πατάσσων
3731 3098 3823 3165 τὴν

3383 2831 3519 2885 οὕτω
3562 2829 3810 2891 πλατείας

3763 3184 3786 3202 ἢ

2186 3190 2440 3261 γῆν,τήν
2471 3188 2768 3258 ἐπισκοπὴν
2830 3189 2982 3251 οὗτος
3040 3188 3320 3265 ὑποφαίνει
3380 3189 3478 3256 τὴν
3535 3188 3701 3257 θείαν,
3760 3188 3823 3240 δι’

2185 3278 2455 3346 ἦςὴτῶν
2516 3274 2760 3332 εἰδώλων
2832 3279 2925 3349 μὲν
2982 3278 3157 3348 πλάνη
3241 3276 3442 3347 ταύτης
3509 3274 3822 3349 ἀπελαθείη,

2184 3366 2611 3441 ἀντεισενεχθείη
2660 3364 2716 3420 δὲ
2771 3368 2806 3436 ἡ
2840 3365 3091 3438 ἀλήθεια.
3143 3366 3213 3421 Τὸ
3270 3364 3325 3421 δὲ
3375 3365 3450 3429 εἷς
3494 3372 3665 3420 πᾶσαν
3717 3363 3826 3420 δια-

2184 3456 2347 3529 χυθέν
2381 3457 2479 3523 τὴν
2511 3463 2611 3531 γῆν
2659 3460 2773 3535 φῶς
2822 3456 2912 3510 τὸν
2959 3454 3279 3529 πλατυσμὸν
3326 3459 3423 3510 τοῖ’)
3479 3454 3827 3532 κηρύγματος

2182 3550 2279 3600 τοῦ
2314 3544 2653 3624 Εύαγδελίου
2684 3547 2773 3601 καὶ
2804 3547 2903 3615 τήν
2944 3544 3143 3602 ἐκεῖΘεΛ
3198 3547 3265 3602 τά
3313 3548 3597 3619 σύμπαντα
3648 3542 3829 3601 διαλα-

2185 3629 2380 3689 ϐοῦσαν
2413 3635 2715 3710 ἀστραπήν.
2748 3642 2858 3704 Τῆς
2900 3632 2954 3690 δὲ
3001 3636 3138 3710 πρὸς
3184 3635 3312 3697 τοὺς
3357 3637 3627 3709 μάρτυρας
3676 3654 3825 3689 συνε-

2185 3722 2419 3787 λεύσεως
2466 3730 2576 3779 τῶν
2626 3724 2875 3802 ἀγγέλων
2924 3724 3015 3778 καὶ
3065 3731 3165 3793 τῆς
3213 3723 3545 3798 συνδρομῆς,
3598 3724 3685 3777 καί
3730 3730 3826 3793 τῆς

2182 3814 2317 3887 πρὸς
2348 3814 2473 3874 τοὺς
2502 3812 2707 3877 ἄλλους
2755 3814 3074 3885 ἀνθρώπους
3126 3812 3349 3887 ὁμιλίας
3389 3810 3458 3868 δι’
3506 3813 3681 3867 αὐτῶν
3738 3813 3823 3867 καὶ

2180 3900 2547 3979 ἀναστροφῆς,
2591 3905 2625 3971 ἡ
2670 3904 2766 3972 τῇς
2818 3899 3146 3978 φωτοειδοῦς
3192 3901 3395 3973 ταύτης
3445 3901 3534 3957 καὶ
3593 3900 3824 3957 ὑποπτέ-

2183 4010 2278 4063 ρου
2324 3995 2573 4063 στρατιᾶς
2626 3988 2856 4053 κάθοδος
2924 3990 3139 4067 ἐναργὲς
3202 3990 3315 4047 ἐστι
3382 3993 3703 4066 τεκμήριον.
3764 3992 3822 4048 Ὁ

2184 4077 2377 4141 στῦλος
2404 4080 2492 4134 καὶ
2523 4082 2557 4149 ἡ
2591 4079 2769 4156 χρυσῆ
2806 4081 2960 4155 βάσις
3006 4080 3139 4150 αὕτη
3179 4087 3281 4149 τῆς
3322 4086 3429 4141 τῶν
3482 4084 3818 4153 Χριστιανῶν

2180 4169 2412 4232 πίστεως
2445 4169 2506 4224 τὸ
2565 4168 2793 4232 Θεοειδίες
2854 4169 3214 4244 ὑποσημαίνει
3269 4168 3358 4223 καὶ
3407 4170 3663 4244 καθαρόν.
3720 4174 3823 4224 To?)

2183 4256 2237 4313 δε
2293 4262 2390 4327 τῆς
2447 4260 2747 4335 ἱερωσύνης
2798 4260 3137 4335 χαρίσματος
3168 4262 3313 4315 ὁτοῦ
3362 4261 3542 4339 φωτὸς
3599 4262 3822 4335 σταυρὸς

2180 4343 2485 4420 σύμϐολον,
2532 4347 2645 4403 ἐπεὶ
2706 4350 2795 4404 καὶ
2860 4350 2959 4419 τήν
3024 4350 3199 4405 εἰκόνα
3254 4348 3399 4425 φέρει
3467 4353 3561 4403 τοῦ
3603 4350 3819 4424 πρώτου

2179 4437 2479 4514 ἀρχιερέως
2509 4440 2537 4493 ὁ
2569 4438 2764 4515 ἱερεὺς,
2804 4444 2900 4494 τοῦ
2951 4436 3021 4494 δι’
3066 4442 3212 4512 ἡμᾶς
3259 4436 3687 4511 καταδεξαμὲνου
3731 4440 3821 4494 τὸν

430 4532 603 4586 quam
638 4518 971 4573 extollimur
992 4521 1061 4575 ad
1082 4521 1309 4590 pietatis
1341 4525 1515 4579 simul
1536 4530 1591 4580 et
1613 4527 1821 4582 salutis
1853 4527 2064 4597 lucem,

2182 4524 2270 4580 διὰ
2338 4531 2566 4599 σταυροῦ
2643 4530 2886 4583 θάνατον.
2929 4529 2990 4585 Ὀ
3053 4531 3147 4582 τοῦ
3215 4528 3393 4606 φωτὸς
3460 4526 3655 4590 στῦλος
3721 4535 3818 4598 τῆς

430 4605 502 4660 ad
534 4621 708 4677 quam
740 4622 853 4662 non
902 4614 1051 4677 patet
1099 4610 1308 4668 aditus.
1341 4616 1479 4668 Tres
1528 4618 1724 4671 autem
1772 4616 2065 4675 breviores

428 4692 731 4760 columnae,
767 4709 888 4765 quae
917 4694 1111 4750 locata:
1146 4706 1281 4754 sunt
1311 4716 1485 4769 super
1514 4702 1705 4773 bases,
1728 4703 2067 4765 describunt

427 4782 724 4837 inﬁnitum
771 4800 1073 4839 numerum
1122 4787 1492 4859 templorum,
1527 4808 1768 4863 quorum
1812 4796 1871 4850 in
1918 4812 2062 4853 uno-

428 4886 657 4940 quoque
698 4872 820 4927 loco
871 4876 1397 4934 consummationis
1447 4897 1665 4947 eorum,
1700 4883 1799 4953 qui
1833 4892 2064 4956 propter

427 4958 719 5015 Christum
765 4966 907 5016 mori
940 4962 1237 5035 elegerint,
1273 4968 1648 5024 fundamenta
1684 4972 1976 5041 jacientur
2007 4980 2064 5030 et

424 5049 845 5105 excitabuntur.
872 5052 1084 5107 Rursus
1116 5064 1302 5110 autem
1336 5062 1650 5115 oratorium
1686 5063 1893 5117 mdium
1926 5066 2060 5118 aedi-

427 5135 729 5201 ﬁcationis,
774 5157 898 5210 qua:
950 5145 1013 5195 ﬁt
1063 5152 1171 5213 per’
1207 5162 1356 5213 eam,
1398 5165 1521 5217 qua,
1564 5164 1644 5205 est
1696 5154 2059 5222 circumqua-

424 5242 556 5295 que,
594 5232 906 5299 regionem,
942 5233 1057 5287 ha=c
1109 5235 1310 5290 altaria
1361 5239 1585 5295 dicebat
1628 5259 1755 5297 esse
1800 5244 2055 5313 signum.

423 5317 572 5365 Crux
603 5324 793 5369 autem
846 5318 1011 5383 ignea
1065 5338 1241 5391 super
1270 5340 1356 5389 ea,
1389 5326 1694 5394 signiﬁcat,
1726 5331 1877 5400 quod
1927 5330 2058 5401 igne

422 5402 772 5455 sanctissimi
820 5405 1090 5474 Spiritus,
1144 5411 1531 5481 incruentum,
1584 5420 1737 5484 quod
1787 5418 1844 5471 in
1896 5417 2054 5473 bolo-

422 5491 685 5544 caustum
730 5490 987 5560 offertur,
1019 5498 1369 5555 sacriﬁcium
1420 5501 1678 5558 adoletur
1724 5504 1782 5559 in
1835 5521 2054 5562 memo-

422 5574 570 5631 riam
603 5580 659 5630 et
688 5575 931 5647 gloriam
965 5584 1107 5655 ejus,
1141 5585 1236 5655 qui
1271 5603 1372 5657 pro
1402 5589 1571 5643 nobis
1604 5598 1693 5648 est
1724 5594 2052 5657 cruciﬁxus.

2173 4617 2476 4680 καθολικῆς
2522 4616 2678 4671 εἰκὼν
2723 4615 3078 4685 Ἐκκλησίας,
3132 4613 3199 4670 δι’
3255 4617 3324 4685 ἧς
3382 4615 3457 4678 εἷς
3512 4617 3573 4671 τὸ
3622 4614 3815 4673 ἄδυτον

2174 4711 2286 4782 φῶς
2317 4713 2415 4774 τῆς
2448 4700 2715 4765 εὐσεϐείας
2763 4725 2821 4759 τε
2867 4705 3005 4776 ὸμοῦ
3052 4704 3142 4759 καὶ
3198 4711 3297 4773 τῆς
3355 4706 3627 4780 σωτηρίας
3686 4706 3817 4761 ἀνα-

2169 4795 2394 4868 γόμεθα,
2429 4795 2494 4850 Οἱ
2529 4791 2585 4847 δὲ
2613 4798 2758 4867 τρεῖς
2794 4792 3119 4868 βραχύτεροι
3153 4790 3343 4848 στῦλοι
3379 4796 3431 4850 o't
3462 4792 3550 4848 ἐπὶ
3604 4793 3811 4870 βάσεων

2174 4877 2468 4955 βεϐηκότες
2541 4882 2630 4935 τὸν
2704 4886 2959 4936 “coco-310v
3039 4883 3408 4959 ύπογράφουσι
3482 4888 3588 4938 τῶν
3678 4888 3813 4938 ναῶν

2172 4970 2400 5044 ἀριθμὸν
2435 4967 2592 5048 ο“ίέφ’
2659 4970 2882 5026 ἑκάστου
2930 4976 3035 5025 τῶν
3094 4969 3181 5027 διὰ
3230 4972 3460 5047 Χριστὸν
3529 4974 3813 5036 ἀποθανεῖν

2170 5058 2444 5131 ἑλομένων
2473 5065 2572 5127 τῆς
2601 5059 2911 5122 τελεώσεως
2952 5061 3123 5116 τόπου
3171 5063 3261 5116 τὸν
3314 5061 3566 5133 θεμέλιον
3618 5058 3809 5119 ἐπιϐα-

2171 5147 2327 5203 λοῦσι
2365 5148 2453 5201 καὶ
2531 5147 2940 5219 ἀναστήσονται,
3009 5154 3125 5220 Τῆς
3196 5148 3252 5205 δὲ
3309 5151 3407 5205 ἀνὰ
3472 5152 3641 5206 πᾶσαν
3708 5156 3805 5224 τὴν

2166 5238 2484 5312 περίχωρον
2559 5237 2721 5293 πάλιν
2796 5244 2903 5293 τῶν
2976 5238 3274 5314 εὖκτηρίων
3351 5237 3654 5312 οἰκοδομῆς
3742 5242 3808 5297 τὰ

2169 5331 2519 5403 θυσιαστήρια
2584 5328 2736 5385 ταυτὶ
2802 5327 2957 5403 ἔλεγε
3048 5334 3295 5402 σημεῖον,
3356 5334 3415 5383 ‘Il
3474 5326 3528 5383 δὲ
3586 5329 3807 5399 πύρινος

2167 5418 2390 5491 σταυρὸς
2421 5419 2667 5493 ὕπερθεν,
2701 5419 2783 5473 δτι
2811 5423 2890 5490 τῷ
2919 5418 3048 5492 πυρὶ
3095 5423 3190 5474 τοῦ
3247 5418 3507 5494 παναγίω
3555 5419 3803 5492 Πνεύμαο

2162 5509 2317 5577 τοςὴ
2379 5507 2710 5583 ἀναίμακτος
2764 5506 3205 5582 ὁλοκαυτουμὲνη
3265 5506 3421 5572 θυσία
3469 5505 3545 5570 εἷς
3577 5510 3799 5583 μνήμην

2164 5597 2249 5651 καὶ
2311 5593 2464 5671 δόξαν
2507 5602 2607 5657 τοῦ
2653 5594 2723 5653 δι’
2770 5599 2917 5670 ἡμᾶς
2976 5598 3370 5673 σταυρωθέντος
3417 5597 3796 5674 ἱερουργεῖται.
