4142 6248
420 326 531 384 981

1427 338 1603 398 VI'I‘A
1654 343 1716 400 S.
1766 343 2131 405 GREGOllll
2177 346 2815 414 ιιτλιυΜΙΝΑΤοωε.

3695 365 3808 424 982

420 482 483 538 Ἡ
515 481 700 554 μέντοι
731 486 840 537 τῶν
891 483 1056 560 αἰγῶν
1104 485 1275 562 ἀγέλη
1308 491 1399 546 καὶ
1439 495 1473 562 ἡ
1525 501 1620 550 τοῦ
1651 496 1842 562 ὕδατος
1876 496 2036 554 διάϐα

2147 563 2149 569 λ
2244 505 2391 561 Grex
2422 515 2611 565 autem
2645 528 2970 582 caprarum,
3005 522 3053 570 et
3088 531 3250 585 aquas
3281 519 3579 586 transitus,
3610 526 3667 575 et
3716 522 3810 576 ni-

421 593 525 637 σις,
569 575 603 644 ἢ
648 595 705 630 τε
770 574 845 638 εἷς
894 574 1140 650 πρόϐατα
1185 581 1391 637 τούτων
1432 583 1710 659 μεταϐολὴ
1753 592 1842 645 καὶ
1885 595 1919 661 ἡ
1969 593 2065 646 τοῦ

422 661 659 735 μέλανος
697 663 775 726 εἷς
801 666 865 720 τὸ
906 665 1095 722 λευκὸν
1137 674 1246 724 τῶν
1286 669 1448 745 έρίων
1489 683 1664 749 τροπή
1715 681 1805 734 καὶ
1838 682 1865 735 ὁ
1915 681 2064 750 πλη-

417 752 643 824 θυσμὸς,
703 755 804 822 τήν
865 752 953 810 διά
997 761 1094 811 τοῦ
1153 759 1529 835 βαπτίσματος
1568 772 1674 822 τῶν
1712 767 2058 843 ἁμαρτωλῶν

412 840 691 915 κάθαρσιν,
750 842 838 897 καὶ
905 845 1002 913 τὴν
1059 851 1166 901 τῶν
1222 851 1622 925 ἡμαρτημένων
1688 840 1894 933 ἄφεσίν,
1960 861 2059 928 τήν

415 929 550 1004 πρὸς
608 933 706 1001 τήν
766 928 1036 988 εὐσέϐειάν
1096 957 1153 990 τε
1205 941 1505 1010 μετάθεσιν,
1565 943 1653 997 καὶ
1700 928 1762 1000 τδ
1815 949 2058 1021 γονιμώ-

411 1038 568 1073 τατον
620 1023 727 1074 τῶν
787 1020 990 1096 ἀρετῶν
1050 1024 1138 1078 καὶ
1196 1027 1258 1081 τὸ
1310 1025 1599 1102 εὔκαρπον,
1667 1033 1756 1086 καὶ
1817 1020 1915 1104 τὴν
1981 1035 2056 1098 είς

413 1107 625 1176 πλῆθος
679 1113 789 1163 τῶν
847 1107 1076 1166 εὐσεϐῶν
1135 1112 1377 1171 ἐπίδοσιν
1439 1119 1527 1172 καὶ
1576 1118 1792 1191 αὔξησιν
1853 1144 2058 1199 προαγ-

412 1193 620 1272 γέλλει.
652 1199 817 1255 ’Ὀσον
885 1197 941 1254 δὲ
971 1203 1059 1256 καὶ
1117 1202 1194 1266 είς
1241 1204 1440 1268 Λύκους
1503 1203 1788 1279 μετέϐαλε,
1820 1193 1920 1281 τὴν
1979 1193 2054 1275 είς

408 1285 628 1360 ὕστερον
673 1292 782 1342 τῶν
835 1286 1242 1368 ψευδοχρίστων
1288 1295 1424 1349 κατά
1477 1302 1578 1366 τῆς
1637 1293 1906 1362 εὐσεϐείας
1965 1300 2054 1354 καὶ

404 1378 514 1429 τῶν
567 1376 846 1451 ὁμογενῶν
902 1377 1251 1436 ἐπανάστασιν
1319 1386 1710 1457 προσημαίνει.
1782 1389 1880 1442 Καὶ
1926 1387 2053 1452 τοὺς

408 1464 544 1537 πρὸς
599 1465 798 1536 ταύτην
853 1469 1111 1542 γενναίως
1178 1471 1276 1538 τήν
1341 1472 1596 1545 ἐπήρειαν
1664 1479 2050 1549 στησομένους,

403 1553 629 1614 τούτους
674 1554 808 1631 φησί
850 1556 940 1610 καὶ
997 1557 1134 1631 πρὸς
1180 1557 1273 1612 τὸν
1315 1559 1541 1634 οὐρανὸν
1599 1562 1757 1618 αὐτὸν
1785 1570 1946 1638 ταχεῖ
1971 1569 2051 1638 τῷ

403 1646 504 1709 τῆς
561 1640 792 1704 πίστεως
823 1649 1005 1718 πτερῷ
1041 1647 1337 1714 Ξναπτῆναι
1373 1645 1463 1703 λαὶ
1497 1651 1705 1726 κούφῳ.
1739 1650 1808 1708 U'i
1841 1672 1904 1729 γε
1938 1654 2045 1724 μὴν

401 1733 500 1784 τοῦ
557 1730 724 1803 πυρὸς
771 1730 962 1805 ῥύακες
1021 1736 1120 1802 τήν
1151 1733 1502 1809 έκδεξομένην
1559 1738 1686 1801 τοὺς
1739 1738 2050 1810 ἐπαναστη-

2175 610 2290 663 gras
2318 595 2460 652 lanis
2508 599 2566 654 in
2597 601 2784 656 albam
2817 604 3058 658 mutatio
3107 609 3164 658 et
3196 605 3624 676 multiplicatio,
3656 624 3804 680 eam,

2174 699 2301 754 quae
2336 684 2399 739 ﬁt
2452 703 2552 756 per
2591 689 2968 758 baptismum,
3014 693 3396 761 expiationem
3441 699 3806 763 peccatorum

2173 781 2226 826 et
2255 773 2563 843 scelerum,
2609 794 2734 848 quas
2792 780 3051 834 admissa
3099 781 3334 848 fuerint,
3381 784 3804 854 remissionem,

2170 861 2611 919 translationem
2644 867 2714 920 ad
2765 867 3056 938 pietatem,
3100 869 3490 941 virtutumque
3540 871 3804 927 fertilita-

2170 951 2285 1003 tem
2335 955 2392 1004 et
2431 951 2862 1023 fecunditatem,
2915 955 3256 1027 piorumque
3299 956 3689 1013 multitudinis
3721 961 3805 1014 in-

2168 1043 2530 1094 crementum
2562 1045 2617 1096 et
2647 1048 3028 1113 augmentum
3076 1045 3484 1115 przsnuntiant.
3519 1047 3801 1117 Quicquid

2169 1133 2363 1184 autem
2409 1129 2465 1184 in
2512 1131 2679 1203 lupos
2729 1149 2950 1204 quoque
2989 1138 3078 1190 est
3127 1143 3440 1204 mutatum,
3474 1151 3622 1201 eam,
3673 1153 3798 1207 quas

2168 1217 2455 1286 posterius
2504 1220 2620 1284 fiet,
2671 1221 3347 1290 pseudocbristianorum
3416 1222 3796 1292 impietatem,

2164 1311 2220 1359 et
2265 1321 2385 1371 eos,
2445 1308 2543 1378 qui
2602 1307 2762 1363 illam
2819 1309 3253 1380 amplectuntur
3298 1310 3792 1378 insurrectionem,

2166 1398 2589 1477 praesigniﬁcat.
2634 1401 2743 1455 Eos
2774 1410 2989 1468 autem,
3025 1402 3120 1473 qui
3173 1402 3266 1457 bic
3299 1403 3541 1458 insultui
3573 1403 3793 1459 excelso

2163 1493 2220 1541 et
2259 1489 2388 1542 forti
2439 1490 2635 1544 animo
2685 1492 2980 1559 resistent,
3033 1491 3174 1546 dicit
3203 1491 3272 1545 ad
3332 1491 3540 1548 caelum
3601 1492 3791 1563 ipsum

2161 1575 2414 1630 evolasse
2445 1577 2664 1646 pernici
2696 1585 2752 1632 et
2781 1579 2889 1635 levi
2931 1581 3020 1633 ala
3056 1578 3208 1633 ﬁdei.
3260 1578 3412 1649 Ignis
3459 1584 3652 1634 autem
3687 1580 3791 1634 rivi

2159 1665 2492 1734 signiﬁcant
2546 1667 2896 1738 gehennam,
2936 1679 3298 1739 excepturam
3368 1683 3486 1734 eos,
3546 1667 3647 1737 qui
3703 1668 3790 1723 in-

2159 1759 2509 1810 surrexerint
2556 1757 2828 1812 adversus
2861 1757 3152 1826 pietatem.
3213 1756 3356 1811 Oves
3381 1773 3512 1811 vero
3543 1761 3723 1825 captaa
3756 1771 3791 1812 α

404 1817 668 1890 σομένους
738 1823 807 1894 τῇ
895 1817 1137 1893 εὐσεϐείᾳ
1209 1825 1419 1897 γέενναν
1503 1828 1896 1907 ὒπογράφουσι.
1967 1832 2036 1888 Ta‘

407 1906 585 1938 ...ι..--.
637 1908 954 1938 n--._'.\-,._..
1012 1917 1117 1938 _.~_-_
1168 1910 1371 1938 ___B,f,
1551 1917 1604 1938 \,
1650 1918 1663 1934 ν
1808 1931 1827 1938 -
2002 1917 2012 1938 ι

2160 1843 2315 1911 feris,
2345 1844 2550 1899 volunt
2588 1862 2686 1900 eos
2716 1845 3066 1916 significare,
3117 1845 3214 1914 qui
3248 1861 3280 1898 a
3339 1843 3575 1914 maligni
3615 1859 3787 1897 vena-

405 1906 589 1980 μέντοι
637 1908 955 1980 θηριάλωτα
1011 1917 1118 1967 τῶν
1164 1910 1454 1988 προϐάτων
1482 1917 1608 1978 τοὺς
1639 1906 2043 1993 ἀγρευθησομέ-

400 2017 525 2058 νους
553 1995 756 2061 ἀθλίως
785 2002 853 2067 τῆ
884 2004 982 2056 τοῦ
1024 2007 1269 2078 πονηροῦ
1300 2006 1441 2077 θήρᾳ
1499 2003 1700 2076 δηλοῦν
1763 2008 2039 2083 βούλεταιο

400 2085 452 2139 οἱ
509 2082 566 2140 δὲ
596 2085 683 2140 ἐπὶ
723 2091 831 2142 τῶν
892 2094 1064 2165 νεφῶν
1134 2091 1324 2147 στῦλοι
1388 2094 1486 2162 τήν
1551 2095 1657 2150 ἀπὸ
1701 2103 1806 2170 γῆς
1844 2095 2039 2154 ἄνοδον

399 2175 534 2246 μετά
597 2177 697 2243 τὴν
761 2175 822 2231 ἐκ
881 2183 1084 2252 νεκρῶν
1151 2179 1458 2238 ἀνάστασιν.
1530 2181 1770 2257 Ἀῥρπής
1835 2186 1936 2260 γὰρ
2001 2190 2036 2258 ἡ

393 2258 649 2351 ἀνάϐασις
707 2266 794 2320 καὶ
855 2266 1056 2342 κούφη.
1116 2271 1188 2326 Τὸ
1247 2268 1303 2324 δὲ
1364 2276 1472 2326 τῶν
1529 2271 1750 2328 δικαίων
1821 2258 2038 2351 ὄ-χημα,

393 2349 474 2430 ἐφ’
537 2354 598 2408 οὗ
661 2354 736 2416 εἷς
806 2354 1098 2426 ἀπάντησιν
1160 2362 1257 2412 τοῦ
1323 2360 1525 2434 Κυρίου
1594 2360 1646 2417 έν
1713 2367 1782 2436 τῇ
1817 2349 2038 2438 δέδτέρᾳ

389 2440 585 2496 τούτου
632 2443 1038 2517 ἂρπαγήσονται
1086 2446 1378 2521 παρουσίᾳ,
1429 2449 1463 2516 ἡ
1511 2449 1603 2505 ἒπὶ
1659 2455 1767 2506 τῶν
1823 2453 2035 2508 στόλων

389 2528 616 2607 κεφαλὶς
661 2530 838 2602 ἐκείνη
884 2530 1048 2606 ἐστὶν,
1096 2534 1275 2589 ἱκανὸν
1319 2541 1420 2604 τῆς
1468 2537 1837 2610 ἀναμενούσης
1896 2539 2039 2614 λσμ-

387 2620 660 2696 πρότητος
697 2621 924 2685 τούτους
953 2625 1276 2698 τεκμήριον.

460 2710 576 2766 ΚΘ’.
635 2709 794 2767 Οὕτω
846 2711 939 2783 μὲν
996 2711 1086 2766 οὗν
1139 2713 1166 2767 ὁ
1219 2713 1364 2788 ἱερὸς
1394 2714 1695 2791 Γρηγόριος
1731 2737 1832 2787 την
1863 2721 2038 2794 παρά-

391 2795 542 2867 δοξον
602 2797 812 2868 ἐκείνην
863 2800 982 2855 Θέαν
1053 2800 1321 2871 διιεελὼν,
1374 2806 1458 2858 κεὶ
1538 2805 1612 2866 εἷς
1686 2811 1854 2862 ταῦτα
1932 2809 2036 2863 ὑπὸ

388 2889 486 2940 τοῦ
577 2886 982 2960 παρεστηκότος
1085 2887 1321 2962 ἀγγέλου
1431 2891 1776 2964 ἀνενεχθῆναι
1870 2893 2036 2962 αὐτὴν

388 2974 583 3049 φήσας,
630 2974 720 3028 καὶ
776 2973 942 3048 ταύτῃ
1007 2972 1300 3045 ἐκπλήξας,
1370 2977 1466 3044 τὴν
1528 2982 1635 3032 τῶν
1690 2986 2034 3054 μαρτυρικῶν

388 3062 657 3136 λειψάνων
710 3062 991 3135 μετάθεσιν
1029 3063 1214 3124 αὐτοῖς
1272 3062 1564 3138 ἰπιτρέπει.
1615 3067 1682 3122 Οἱ
1740 3063 1797 3122 δὲ
1844 3072 2038 3141 πρῶτα

389 3151 482 3223 μὶν
519 3151 642 3226 περὶ
698 3153 798 3222 τήν
848 3155 955 3206 τῶν
997 3150 1298 3227 εὐκτηρίων
1328 3151 1496 3209 οἷ’κων
1527 3152 1826 3228 οἰκοδομήν
1865 3155 2035 3232 φιλο-

2156 1932 2310 1987 tione
2356 1934 2565 1989 misere
2595 1933 2748 2000 capti
2797 1934 3029 1989 fuerint.
3083 1933 3375 1988 Columna?
3416 1939 3628 1998 autem,
3661 1948 3787 2002 qua;

2146 2026 2310 2076 erant
2341 2022 2399 2076 in
2451 2023 2732 2088 nubibus,
2765 2038 2795 2077 e
2847 2027 2996 2077 terra
3027 2037 3337 2076 ascensum
3369 2024 3500 2090 post
3531 2035 3788 2074 resurre-

2144 2111 2394 2168 ctionem
2429 2129 2461 2167 a
2493 2111 2758 2180 mortuis,
2794 2127 3078 2182 nusquam
3111 2111 3267 2167 enim
3289 2107 3587 2164 declinans
3617 2118 3668 2163 et
3700 2107 3782 2164 le-

2141 2203 2230 2257 vis
2277 2208 2364 2258 est
2417 2219 2718 2258 ascensus.
2775 2203 2990 2257 Currus
3039 2216 3170 2255 vero
3212 2201 3529 2269 justorum,
3570 2197 3626 2252 in
3668 2214 3782 2270 quo

2143 2291 2202 2345 in
2236 2307 2534 2346 occursum
2571 2290 2792 2345 Domini
2824 2291 2880 2345 in
2927 2291 3050 2358 ejus
3080 2289 3332 2344 secundo
3365 2288 3662 2358 rapientur
3680 2287 3781 2342 ad-

2141 2387 2339 2446 ventu,
2372 2386 2543 2450 caput
2586 2380 2750 2449 illud,
2793 2380 2949 2451 quod
2991 2384 3078 2435 est
3119 2395 3295 2450 supra
3339 2377 3659 2443 columnas,
3692 2379 3781 2432 est

2140 2468 2442 2525 sufﬁciens
2488 2468 2792 2536 indicium,
2842 2483 2946 2524 nec
2989 2483 3103 2523 non
3151 2465 3504 2537 splendoris,
3535 2465 3629 2536 qui
3680 2480 3779 2521 eos

2136 2562 2450 2629 exspectat.

2206 2716 2400 2773 XXIX.
2452 2717 2594 2772 Cum
2626 2722 2862 2773 sanctus
2901 2732 3036 2789 ergo
3075 2715 3382 2786 Gregorius
3413 2714 3557 2770 illud
3591 2715 3778 2770 admi-

2136 2807 2317 2860 rabile
2349 2807 2733 2861 recensuisset.
2764 2803 3186 2876 spectaculum,
3221 2809 3278 2858 et
3316 2803 3558 2857 dixisset
3597 2819 3659 2858 se
3703 2803 3774 2858 ad

2137 2895 2258 2948 haec
2291 2893 2470 2949 fuisse
2499 2895 2814 2949 deductum
2846 2891 2917 2948 ab
2950 2893 3178 2962 angelo,
3212 2893 3307 2962 qui
3341 2891 3648 2947 assistebat
3681 2896 3777 2946 :et

2137 2981 2219 3036 sic
2273 2982 2448 3035 simul
2508 2981 2991 3053 obstupefecisset
3035 2986 3092 3036 et
3139 2979 3462 3034 deliniisset
3509 2995 3627 3043 eos,
3675 2979 3775 3050 qui

2139 3071 2397 3137 aderant,
2423 3070 2590 3139 jubet
2621 3075 2684 3125 ut
2705 3070 3149 3132 transferantur,
3181 3075 3239 3124 et
3264 3070 3591 3123 condantur
3621 3083 3774 3121 mar-

2141 3163 2333 3227 tyrum
2382 3157 2659 3229 reliquias.
2723 3159 2836 3228 Ipsi
2896 3163 3076 3212 autern
3136 3157 3387 3228 primum
3447 3155 3679 3226 quidem
3715 3156 3773 3209 in

382 3241 561 3302 πόνως
589 3240 728 3296 πάνυ
773 3241 864 3296 καὶ
895 3216 1176 3318 CPtAEthBC'
1197 3241 1512 3312 ἐπονοῦντο,
1545 3245 1595 3297 οἱ
1653 3216 1749 3316 μὲν
1808 3216 2030 3325 λιθοφο-

2147 3245 2447 3317 sepulcris,
2482 3246 2862 3301 oratoriarum
2921 3246 3133 3300 aedium
3174 3245 3374 3311 instar,
3419 3244 3775 3299 aediﬁcandis

385 3335 627 3404 ροῦντες,
676 3330 727 3385 o't
787 3329 844 3385 δὲ
901 3329 1035 3400 ξύλα
1087 3327 1303 3406 κέδρου,
1333 3332 1422 3386 καὶ
1451 3336 1622 3388 ταῦτα
1651 3339 1756 3402 τῆς
1789 3331 2034 3400 εὐώδους

382 3418 722 3492 κομίζοντες,
775 3419 862 3474 καὶ
911 3417 1170 3483 πλίνθους
1216 3418 1382 3475 ἄλλοι
1415 3441 1427 3454 ·
1479 3421 1571 3476 καὶ
1599 3421 1743 3477 οὕτω
1775 3421 2029 3494 διέκειτο,

383 3505 525 3564 ὥστε
569 3509 661 3563 καὶ
716 3513 862 3563 πᾶσα
918 3509 1045 3582 χεὶρ
1101 3514 1432 3582 μειονεκτεῖν
1488 3508 1687 3578 ἐδόκει,
1739 3511 1784 3566 εἶ
1839 3515 1914 3585 μὴ
1964 3514 2028 3567 τὸ

381 3592 522 3650 ἴδιον
581 3595 777 3664 ἑκάστη
842 3594 1004 3668 μέρος
1072 3594 1210 3665 ὕλης
1274 3602 1376 3665 τῆς
1438 3595 1747 3670 καλλίστης
1811 3599 1885 3654 εἷς
1929 3601 2028 3668 τήν

386 3681 687 3756 οἰκοδομὴν
746 3679 1031 3762 ἀποφέροι·
1083 3684 1172 3737 καὶ
1227 3683 1427 3747 πάντες
1461 3683 1518 3740 δὲ
1547 3686 1725 3750 οὕτως
1756 3685 1814 3742 ἂν
1849 3687 2028 3744 εὐδαί-

389 3791 548 3844 μονες
605 3768 778 3843 ᾤοντο
829 3771 1093 3848 γενέσθαι,
1142 3770 1194 3826 εἷ’
1237 3793 1291 3828 τι
1347 3773 1485 3848 πρὸς
1539 3775 1638 3844 τὴν
1701 3779 1808 3831 τῶν
1889 3782 2030 3832 ναῶν

384 3857 688 3934 οἰκοδομὴν
751 3865 870 3923 ταῖς
940 3861 1172 3934 μάρτυσι
1240 3862 1578 3936 χαρίσαιντο·
1613 3865 1702 3919 καὶ
1768 3864 1828 3927 ἂς
1892 3866 2028 3942 πρό-

382 3969 536 4025 τερον
593 3949 927 4024 ἀγριώτατα,
997 3948 1174 4023 οἲμοι,
1243 3949 1480 4020 ἀνεῖλον,
1546 3954 1741 4016 ταύτας
1802 3959 1895 4009 νῦν
1959 3956 2026 4010 τὰ

385 4039 597 4114 μεγάλα
662 4039 737 4101 ὡς
779 4036 851 4094 ἔνι
917 4043 1204 4114 τιμῶντες,
1263 4042 1483 4117 φανεροὶ
1540 4041 1695 4111 ἦσαν.
1755 4045 2028 4100 Τοσοῦτον

381 4127 574 4191 αὐτοὺς
620 4128 683 4184 τὸ
740 4125 914 4204 γλυκὺ
968 4128 1140 4184 έκεῖνο
1187 4132 1284 4185 τοῦ
1327 4131 1632 4205 Γρηγορίου
1663 4131 1838 4202 στόμα
1868 4132 1957 4186 καὶ
1989 4135 2024 4200 ἡ

377 4215 752 4290 ἐπικαθημένη
829 4221 947 4278 τοῖς
1011 4216 1223 4294 χείλεσι
1291 4220 1455 4292 χάρις
1520 4218 1594 4278 εἰς
1675 4220 1842 4288 τιμὴν
1918 4222 2026 4272 τῶν

383 4307 667 4381 μαρτύρων
723 4307 947 4380 ὲπῆραν.
1007 4305 1186 4361 Ἀλλά
1243 4307 1374 4365 Θεὸς
1440 4303 1708 4367 γάνταῦθα
1761 4305 1852 4373 ἦν,
1925 4305 2024 4372 τήν

378 4395 455 4457 είς
504 4392 666 4449 αὺτὸν
720 4391 931 4447 εὔνοιαν
989 4395 1098 4445 τῶν
1157 4392 1434 4464 παρθένων
1498 4391 1590 4444 σὺν
1622 4391 2026 4466 πλείονιάμει-

378 4477 633 4557 ϐόμενος,
664 4481 693 4534 ὁ
750 4477 880 4553 μηδ’
927 4477 980 4533 έν
1007 4484 1124 4541 τοῖς
1164 4475 1364 4541 δεινοῖς
1403 4480 1591 4553 μέσοις
1629 4477 1760 4554 μηδ’
1797 4479 1848 4535 ἐν
1877 4480 2024 4553 αὐτῷ

2140 3334 2400 3390 studiose
2430 3331 2814 3402 etdiligenter
2831 3330 3183 3396 laborabant,
3217 3333 3316 3386 alii
3365 3329 3600 3400 quidem
3649 3346 3775 3400 por-

2137 3428 2330 3479 tantes
2354 3421 2600 3494 lapides,
2631 3421 2729 3475 alii
2765 3425 2958 3475 autem
2993 3419 3148 3489 ligna
3181 3419 3334 3475 cedri
3364 3418 3644 3474 odorifera
3694 3417 3772 3472 fe-

2139 3517 2353 3579 rentes,
2405 3518 2458 3565 et
2485 3508 2582 3563 alii
2637 3507 2848 3562 lateres
2881 3523 2894 3560 :
2929 3512 3105 3577 atque
3155 3506 3232 3561 ita
3268 3505 3454 3561 affecti
3487 3511 3672 3574 erant,
3708 3517 3773 3560 ut

2137 3598 2394 3654 omnium
2441 3614 2648 3653 manus
2687 3613 2913 3652 cessare
2950 3596 3297 3663 viderentur,
3349 3595 3460 3649 nisi
3496 3611 3766 3664 unaquae-

2137 3705 2246 3758 que
2277 3689 2566 3760 propriam
2601 3687 2999 3759 pulcherrimas
3043 3686 3286 3741 materiae
3339 3689 3563 3754 partem
3599 3683 3770 3737 ferret

2137 3779 2208 3835 ad
2240 3778 2546 3833 editicium
2580 3792 2594 3832 :
2636 3789 2954 3846 omnesque
3009 3773 3405 3829 existimabant
3451 3789 3512 3828 se
3560 3772 3640 3826 ita
3669 3773 3766 3827 de-

2138 3884 2300 3923 mum
2361 3868 2582 3921 futuros
2619 3881 2748 3920 esse
2785 3865 3009 3930 beatos,
3041 3862 3089 3918 si
3142 3863 3284 3934 quid
3312 3863 3769 3933 gratificarentur

2137 3957 2493 4030 martyribus
2543 3957 2613 4011 ad
2669 3954 3066 4026 sepulcrorum
3143 3952 3581 4009 aedificationem
3639 3967 3652 4005 :
3712 3955 3768 4006 et

2136 4064 2282 4118 quas
2333 4047 2492 4117 prius
2521 4045 2658 4114 (heu
2701 4043 2866 4112 mihi)
2909 4041 3766 4107 crudelissimeinteremerant,

2137 4150 2233 4188 eas
2255 4151 2316 4188 se
2346 4135 2778 4204 quammaxime
2821 4131 2942 4187 ﬁeri
2985 4135 3228 4200 poterat,
3262 4129 3544 4182 honorare
3575 4133 3770 4196 aperte

2135 4222 2540 4277 ostendebant.
2593 4221 2847 4273 Tantum
2890 4234 3060 4273 suave
3117 4216 3256 4270 illud
3289 4233 3355 4270 os
3388 4216 3662 4283 Gregorii,
3713 4220 3770 4270 et

2135 4312 2261 4380 ejus
2291 4307 2468 4362 labris
2516 4307 2776 4361 insidens
2816 4306 3022 4376 gratia,
3073 4320 3170 4360 eos
3199 4305 3452 4358 incitavit
3483 4304 3554 4357 ad
3587 4304 3767 4358 hono-

2138 4417 2258 4456 rem
2309 4404 2655 4470 martyrum.
2705 4396 2814 4451 Sed
2857 4395 2950 4451 hic
2996 4409 3228 4466 quoque
3283 4398 3407 4447 erat
3463 4393 3637 4459 Deus,
3670 4394 3769 4463 qui

2135 4489 2422 4562 virginum
2473 4488 2532 4541 in
2580 4486 2770 4555 ipsum
2853 4485 3194 4554 obsequium
3253 4484 3436 4553 magis
3494 4497 3765 4537 remune-

376 4575 456 4642 τῷ
521 4569 710 4642 λάκκῳ
773 4572 871 4624 τοῦ
939 4566 1142 4623 οἰκείου
1210 4566 1428 4631 διαστὰς
1485 4568 1812 4644 Γρηγορίου.
1865 4567 2021 4627 Ἀλλ’

2147 4581 2390 4643 rabatur,
2423 4576 2638 4648 quique
2669 4591 2773 4629 nec
2803 4575 2861 4628 in
2893 4574 3098 4628 mediis
3123 4571 3312 4640 malis,
3347 4587 3450 4627 nec
3479 4571 3606 4642 ipso
3640 4569 3763 4625 lacu

382 4660 539 4724 οὗτος
601 4659 696 4733 μὲν
753 4659 780 4713 ὁ
837 4659 979 4720 θεῖος
1031 4659 1458 4734 Γρηγόριος,⁹ίν’
1507 4658 1596 4715 ἐπὶ
1642 4661 1710 4715 τὰ
1763 4661 1886 4730 ἑξῆς
1931 4662 2021 4716 τὸν

381 4747 548 4824 λόγον
608 4747 916 4824 ἀγάγωμεν,
976 4747 1223 4822 σπαρτίῳ
1267 4749 1367 4817 τὴν
1418 4747 1722 4824 οἰκοδομήν
1752 4749 2028 4829 ὑπέγραφε

379 4838 468 4895 καὶ
537 4841 933 4912 προετυποῦτο,
1007 4839 1058 4892 οἱ
1133 4835 1422 4912 οἰκοδόμοι
1509 4836 1566 4893 δὲ
1638 4840 1794 4895 sciter
1855 4838 2018 4916 ἔργου

380 4928 621 5003 εἴχοντο.
654 4926 759 4984 Καὶ
791 4927 843 4980 οἱ
888 4925 1131 4988 τέκτονες
1161 4925 1327 4982 πάλιν
1361 4928 1555 5002 copo-5c
1601 4927 1796 5005 κέδρου
1854 4930 2018 5000 ξύλου

377 5020 476 5073 τοῦ
524 5013 824 5071 καλλίστου
871 5011 1110 5068 ἔποίουνο
1164 5013 1388 5085 Ἐπειδὴ
1433 5013 1488 5072 δὲ
1525 5018 1673 5093 ταχή
1712 5023 1820 5074 τῶν
1845 5023 2018 5092 σορῶν

381 5106 577 5175 ἑκάστη
637 5102 1056 5177 συναρμοσθείη,
1114 5101 1238 5159 ἀλλ’
1291 5103 1510 5160 ἐνταῦθα
1561 5107 1651 5161 καὶ
1711 5106 1940 5180 βασιλέα
1992 5107 2020 5160 ὁ

378 5195 521 5255 θεῖος
601 5191 902 5267 Γρηγόριος
958 5191 1050 5246 καὶ
1112 5193 1234 5254 τοὺς
1290 5191 1344 5248 ἐν
1409 5193 1552 5248 τέλει
1619 5195 1858 5269 ἀπείργει
1923 5201 2026 5264 τῆς

380 5281 703 5358 ὑπουργίας,
758 5280 874 5337 Οὐκ
930 5275 1127 5351 ἔξεστιν
1190 5283 1340 5354 ὑμῖν,
1397 5282 1586 5339 είπὼν.
1651 5281 1773 5338 οὐδὲ
1831 5289 2025 5358 χεῖρας

377 5377 495 5434 τοῖς
549 5373 903 5445 μαρτυρικοῖς
947 5368 1224 5443 λειψάνοις
1276 5365 1555 5425 ἐπιϐαλεῖν
1616 5369 1740 5426 οὐδὲ
1781 5370 2026 5443 πλησιά-

382 5482 493 5527 σαι,
525 5457 616 5515 έπὶ
671 5462 770 5513 τοῦ
829 5455 994 5513 αἰ)τοῦ
1050 5455 1128 5513 ἔτι
1191 5459 1411 5532 μένουσι
1468 5461 1696 5526 πάθους,
1737 5460 1827 5516 καὶ
1889 5461 2030 5534 μηδὲ

378 5553 476 5608 τοῦ
531 5546 678 5604 Θείου
739 5546 1010 5616 ἀξιωθεῖσι
1069 5546 1468 5621 βαπτίσματος.
1503 5547 1659 5605 Ἀλλ’
1717 5548 1843 5626 ἐγὼ,
1875 5549 2030 5630 φησί,

382 5644 502 5701 ταῖς
548 5636 788 5712 ἰμαυτοῢ
836 5635 992 5712 χερσὶ
1040 5639 1108 5711 τῇ
1153 5640 1431 5704 καταθέσει
1483 5635 1897 5713 διακονήσομαι.
1932 5639 2031 5694 Καὶ

2135 4685 2168 4724 a
2198 4683 2304 4723 suo
2358 4664 2628 4720 discessit
2672 4663 2966 4734 Gregorio.
3001 4663 3196 4729 Itaque
3251 4659 3486 4714 divinus
3527 4659 3765 4730 quidem

2135 4753 2470 4828 Gregorius,
2495 4761 2553 4808 ut
2597 4753 2904 4808 redeamus
2936 4751 3005 4806 ad
3033 4765 3120 4817 ea,
3147 4765 3273 4821 qua?
3305 4752 3761 4818 consequuntur,

2129 4843 2438 4916 descripsit
2484 4843 2727 4897 formam
2759 4840 3135 4896 aediﬁciorum
3171 4854 3184 4890 :
3217 4837 3538 4892 aediﬁcandi
3570 4844 3764 4891 autem

2130 4933 2379 4991 artiﬁces
2409 4932 2674 5002 protinus
2725 4929 3020 4983 instabant
3048 4926 3227 4997 Operi,
3268 4929 3326 4980 et
3386 4924 3532 4979 fabri
3563 4939 3764 4980 rursus

2131 5021 2425 5079 faciebant
2453 5035 2658 5089 capsas
2687 5032 2753 5073 ex
2791 5016 2960 5072 cedro
2992 5014 3149 5085 ligno
3181 5012 3586 5084 pulcherrimo.
3619 5013 3763 5068 Cum

2135 5117 2326 5168 autem
2346 5111 2458 5165 cito
2480 5113 2777 5174 compacta
2805 5106 3008 5159 fuisset
3030 5119 3384 5172 unaquaeque
3406 5118 3600 5174 capsa,
3624 5107 3766 5156 tunc

2137 5217 2324 5272 regem
2350 5197 2755 5264 divinusGreg'
2773 5197 2904 5248 rius
2917 5199 2972 5247 et
2991 5192 3360 5261 magistratus
3383 5198 3582 5246 arceta
3597 5194 3769 5244 mini-

2136 5289 2341 5344 sterio:
2372 5291 2487 5341 Non
2511 5285 2646 5339 licet
2663 5283 2843 5345 vobis,
2869 5283 3176 5350 dicens,ne
3201 5297 3407 5334 manus
3439 5279 3768 5351 quidemad-

2141 5393 2369 5433 movere
2403 5383 2714 5442 martyrum
2752 5370 3038 5440 reliquiis,
3075 5387 3258 5440 neque
3280 5372 3766 5441 appropinquare,

2139 5464 2508 5523 manentibus
2537 5464 2594 5518 in
2627 5462 2827 5518 eadem
2869 5459 3191 5526 aﬂ'ectione,
3239 5475 3345 5514 nec
3402 5459 3594 5513 adhuc
3624 5457 3770 5512 divi-

2142 5569 2280 5612 num
2311 5551 2664 5624 baptismum
2703 5550 3051 5607 consecutis.
3085 5549 3192 5606 Sed
3225 5564 3349 5621 ego,
3383 5547 3592 5619 inquit,
3624 5545 3771 5601 meis

2146 5641 2420 5702 manibus
2451 5640 2759 5698 inserviam
2781 5638 3150 5712 depositioni.
3186 5637 3255 5694 Et
3289 5636 3383 5693 illo
3413 5635 3647 5706 quidem
3679 5631 3772 5687 la-
