4142 6248
266 382 384 443 985

1269 378 1452 442 VITA
1500 382 1561 442 Β.
1611 383 1981 445 GREGORII
2029 375 2672 443 ILLUMINATORIS.

3546 367 3664 426 986

342 539 364 548 ν
517 533 541 558 ν
900 539 913 558 ›
1050 557 1055 558 ,
1188 539 1198 555 ι

267 539 438 597 ταῦτα
516 533 781 615 ἔπραττον
858 539 919 593 οὗ
995 539 1376 613 προστάγματι
1466 542 1630 612 μόνον
1713 544 1919 618 ὑπηρε-

2045 544 2205 601 bonis
2233 540 2556 598 seminibus
2586 535 2845 608 Gregorii
2874 547 3229 598 sermonum,
3265 530 3387 601 ipse
3433 541 3662 600 quoque

269 630 552 704 τοῦμενοι,
585 625 730 683 ἀλλὰ
770 627 858 682 καὶ
905 626 1087 683 πίστιν
1123 625 1336 693 οἴκοθεν
1372 626 1480 700 ἤδη
1522 630 1612 684 καὶ
1667 632 1920 702 νηστείας

274 721 365 776 καὶ
422 717 754 793 προσευχὰς,
795 715 976 792 ὥσπερ
1023 716 1132 771 ἀπὸ
1187 717 1372 773 καλῶν
1432 721 1756 795 σπερμάτων
1813 725 1920 776 τῶν

277 813 376 864 τοῦ
410 807 721 883 Γρηγορίου
760 804 945 881 λόγων
991 807 1080 860 καὶ
1129 806 1284 862 αότοὶ
1331 807 1576 886 φύοντες,
1613 810 1673 868 Ὁ
1733 806 1789 865 δέ
1846 809 1922 871 εἷς

283 899 486 974 μέσους
532 897 655 951 τότε
718 896 1007 970 παρελθὼν
1060 895 1187 961 τοὺς
1261 896 1704 975 συνειλεγμένους
1777 897 1923 954 ἐκτε-

280 990 502 1065 νεστέρᾳ
552 984 774 1042 δίδωσιν
820 987 1004 1041 ἑαυτὸν
1061 987 1192 1060 μετὰ
1238 993 1336 1042 τοῦ
1366 987 1613 1059 πλήθους
1640 989 1800 1064 εὗγῇ,
1833 989 1922 1044 καὶ

283 1083 497 1134 πάντων
551 1079 652 1146 τὴν
708 1075 785 1136 εἷς
841 1075 932 1131 τὸν
982 1076 1215 1150 ἀρχαῖον
1293 1075 1596 1150 Τηρίδάτην
1655 1045 1920 1133 ἐπάνοδον

280 1172 364 1240 τῷ
414 1164 628 1242 βασιλεῖ
676 1166 967 1239 Ἀρμενίας
1025 1165 1336 1238 αἰτούντων,
1374 1168 1402 1221 ὁ
1458 1168 1584 1231 τοὺς
1649 1163 1925 1246 φοϐουμέ-

281 1276 406 1317 νους
463 1253 621 1310 αυτὸν
682 1254 863 1330 ὥσπερ
945 1255 1102 1310 τέκνα
1177 1256 1358 1330 πατὴρ
1435 1255 1716 1330 οἰκτείρων
1795 1257 1923 1319 Θεὸς

280 1349 530 1421 κραταῖοι
586 1342 855 1398 κάνταῦθα
903 1342 997 1398 τὸν
1064 1340 1236 1401 ἔλεον.
1295 1345 1400 1401 Καὶ
1466 1344 1626 1400 αὐτόν
1705 1366 1764 1400 τε
1833 1346 1924 1400 τὸν

281 1429 473 1507 ἔξωθεν
517 1429 856 1504 ἐπικείμενον
910 1437 989 1504 τῷ
1056 1429 1339 1507 Τηριδάτῃ
1408 1433 1626 1512 ἀφαιρεῖ
1708 1439 1924 1512 χοῖρον,

279 1522 372 1577 καὶ
402 1523 495 1577 τὸν
534 1521 772 1594 πονηρὸν
799 1521 1045 1575 σύνοικον
1071 1515 1281 1575 ἔνδοθεν
1312 1497 1621 1579 ἀπελαύνει.
1712 1497 1750 1512 Ν

355 1615 482 1666 ΛΑ’.
536 1609 632 1664 Καὶ
691 1609 757 1664 οὐ
809 1608 974 1684 μέχρι
1043 1607 1239 1664 τούτου
1311 1611 1404 1666 τὸν
1470 1607 1620 1666 ἔλεον
1683 1611 1923 1682 ἵστησιν,

284 1697 434 1755 ἀλλὰ
495 1696 588 1752 καὶ
646 1698 782 1772 πρὸς
846 1697 973 1757 τοὺς
1041 1695 1093 1752 ἐν
1149 1694 1295 1753 τὲλει
1343 1700 1430 1753 καὶ
1489 1700 1552 1754 τὸ
1609 1720 1927 1774 στρατιωτι-

285 1788 381 1844 xiv
416 1781 704 1856 διαϐαίνει,
735 1787 824 1841 καὶ
869 1786 1086 1861 βαθείας
1115 1788 1206 1840 καὶ
1253 1787 1438 1850 αὐτοῖς
1487 1786 1740 1862 γαλήνης
1791 1789 1925 1844 ἀπέ-

289 1875 483 1933 λαυσεν
515 1878 550 1946 ἡ
590 1877 770 1953 ψυχὴ,
819 1881 918 1945 τῆς
965 1879 1062 1930 τοῦ
1113 1877 1312 1952 μιαροῦ
1361 1874 1621 1952 δαίμονος
1671 1878 1925 1952 ἐπηρείας

291 1963 690 2041 ἀπαλλαγεῖσα.
751 1965 1011 2020 Ἐνταῦοα
1086 1965 1176 2019 καὶ
1255 1965 1446 2040 μυρίον
1519 1965 1659 2023 ἄλλο
1716 1965 1929 2037 πλῆθος

291 2056 393 2124 τήν
449 2051 722 2128 σωτηρίαν
769 2053 1026 2128 εὑρίσκει,
1068 2054 1158 2108 καὶ
1199 2052 1396 2131 λεπροὶ
1451 2056 1543 2110 καὶ
1609 2058 1931 2131 παρειμένοι

292 2143 384 2198 καὶ
424 2140 740 2217 ὑδεριῶντες
795 2143 885 2198 καὶ
917 2111 1332 2217 λελωϐημένοιι,
1364 2144 1454 2200 καὶ
1496 2145 1655 2208 ὅσους
1690 2111 1844 2202 ⁸ιῆἱλλο
1881 2169 1934 2202 τι

293 2233 456 2288 κακὸν
512 2230 707 2302 ἐπίεζε,
757 2230 930 2286 πάντα
1003 2231 1200 2287 ἐκεῖθεν
1285 2233 1651 2302 ἀποτίθενται,
1708 2235 1798 2289 καὶ
1871 2236 1938 2290 τὰ

291 2319 380 2376 ἐπὶ
409 2325 517 2377 τῶν
545 2323 740 2396 ψυχῶν
774 2317 926 2375 οὐδὲν
955 2323 1117 2390 ἧττον
1149 2320 1416 2396 στίγματα
1438 2325 1526 2378 καὶ
1566 2325 1662 2386 τὰς
1703 2321 1937 2395 κηλῖδας

292 2406 795 2482 συναποϐάλλουσι,
854 2411 944 2466 καί
1013 2413 1148 2483 μετὰ
1215 2410 1432 2468 πολλοῦ
1505 2412 1731 2489 κέρδους
1811 2415 1940 2487 μιτά

287 2498 508 2570 πολλῆς
557 2498 891 2570 ἐπανήκουσι
922 2507 1024 2569 τῆς
1055 2497 1281 2571 ἡδονῆς,
1316 2502 1378 2556 οὐ
1428 2503 1699 2575 σωμάτων
1747 2503 1937 2576 μόνον,

286 2588 434 2645 ἀλλὰ
470 2590 560 2644 καὶ
620 2591 815 2664 ψυχῶν
865 2589 1152 2661 θεραπείαν
1203 2593 1588 2667 τρυγήσαντες.
1622 2593 1804 2656 Ἔνθεν
1853 2613 1937 2646 τοι

289 2679 379 2735 καὶ
420 2676 657 2752 συνέῤῥει
707 2680 845 2753 πρὸς
887 2678 979 2733 τὸν
1029 2678 1184 2756 ἅγιυν
1225 2682 1565 2756 πανταχόθεν
1608 2681 1676 2736 τὰ
1721 2680 1937 2752 πλήθη,

295 2767 569 2842 μυηθῆναί
625 2786 686 2822 τε
739 2769 840 2836 τὴν
899 2763 1170 2822 εὐσέϐειαν
1241 2768 1333 2823 ὑπ’
1393 2770 1560 2824 αὐτοῦ
1633 2774 1937 2843 ζητοῦντες,

287 2857 376 2912 καὶ
430 2860 536 2910 τῶν
595 2853 814 2910 οῗκείων
856 2860 973 2916 τοῖς
1023 2857 1318 2928 κάμνουσιν
1348 2857 1602 2926 ἀκίνητον
1646 2854 1939 2930 δρέψασθαι

293 2944 386 2999 καὶ
444 2943 659 3022 ἀσφαλῆ
737 2944 836 3012 τήν
908 2944 1275 3017 παραμυθίαν.
1335 2945 1398 3000 Ὁ
1459 2944 1640 3016 μέντοι
1684 2943 1938 3018 βασιλεὺς

295 3027 611 3106 Τηριδάτης
665 3031 752 3085 καὶ
813 3028 941 3084 ὅσον
992 3029 1044 3084 ἐν
1081 3029 1227 3086 τέλει
1260 3031 1311 3085 οἱ
1369 3030 1421 3086 ἐν
1474 3036 1700 3106 στρατιᾷ
1753 3053 1810 3086 τε
1850 3033 1936 3086 καὶ

296 3121 422 3174 ὅσον
480 3118 622 3174 ἄλλο
659 3120 760 3188 τήν
801 3119 1085 3194 ’Δρμενίαν
1133 3116 1285 3192 ᾤκει,
1340 3119 1435 3182 τὰς
1498 3127 1600 3188 τῆς
1668 3115 1942 3183 εὐσεϐείας

291 3208 510 3270 ἀκτῖνας
530 3207 601 3282 liv
648 3209 725 3280 τῷ
774 3215 874 3277 τῆς
921 3207 1145 3283 καρδίας
1191 3209 1490 3284 προθύμως
1550 3205 1941 3283 ὑποδεξάμενοι

2034 634 2440 708 produrenles.
2473 629 2574 686 Ille
2604 633 2793 683 autem
2815 641 2944 681 cum
2979 623 3319 679 accessisset
3348 619 3407 674 in
3439 617 3665 674 medios

2033 742 2150 791 eos,
2181 723 2277 794 qui
2328 727 2466 777 tunc
2505 723 2666 776 erant
2716 712 3073 786 congregati,
3107 714 3207 765 dat
3253 726 3317 764 se
3361 705 3668 763 intensiori

2034 830 2166 870 cum
2201 811 2411 885 populo
2446 807 2759 882 precationi
2788 821 2803 861 :
2837 811 2913 868 et,
2945 800 3219 859 omnibus
3253 795 3506 853 Teridati
3549 794 3667 862 regi

2031 883 2315 958 Armenia:
2348 899 2679 972 petentibus
2712 895 2770 949 in
2819 893 3121 962 antiquam
3155 889 3400 944 formam
3432 883 3666 939 restitu-

2032 993 2271 1056 tionem,
2303 990 2403 1061 qui
2452 1002 2675 1053 eorum,
2725 982 2824 1054 qui
2874 981 3071 1053 ipsum
3128 977 3355 1045 timent,
3389 979 3668 1044 tanquam

2034 1086 2198 1152 pater
2244 1078 2518 1143 ﬁliorum,
2570 1078 2896 1138 miseretur,
2939 1069 3091 1124 Deus
3121 1066 3212 1121 hic
3255 1077 3488 1135 quoque
3535 1077 3671 1116 con-

2035 1149 2227 1224 iirmat
2274 1173 2331 1223 et
2360 1166 2695 1223 corroborat
2745 1157 3204 1216 misericordiam
3231 1170 3245 1209 :
3276 1158 3334 1209 et
3366 1150 3553 1207 aufert
3583 1149 3669 1220 ip-

2035 1273 2161 1314 sam
2193 1255 2351 1327 porci
2383 1254 2632 1326 speciem
2663 1251 2762 1320 (5),
2796 1263 2922 1318 quas
2953 1248 3080 1301 erat
3106 1241 3360 1298 Teridati
3393 1235 3670 1310 imposita

2035 1324 2432 1412 extrinsecus,
2449 1347 2504 1399 et
2532 1338 2766 1412 expellit
2795 1334 3142 1406 malignum,
3174 1329 3272 1402 qui
3301 1328 3463 1384 intus
3495 1324 3674 1382 coha-

2037 1435 2275 1492 bitabat.

2107 1615 2309 1672 XXXI.
2343 1612 2538 1680 Neque
2579 1623 2710 1664 vero
2761 1605 3042 1660 hactenus
3089 1595 3391 1656 restrinxit
3443 1591 3675 1648 miseri-

2037 1705 2314 1770 cordiam,
2347 1701 2447 1758 sed
2482 1716 2545 1755 ea
2577 1710 2810 1768 quoque
2838 1691 3052 1748 transit
3079 1689 3150 1744 ad
3189 1687 3588 1756 magistratus,
3622 1688 3676 1736 et

2035 1797 2106 1852 ad
2153 1793 2412 1849 milites:
2465 1793 2522 1844 et
2568 1784 2917 1858 profundam
2993 1775 3474 1849 tranquillitatem
3532 1773 3670 1825 sunt

2037 1898 2238 1942 eorum
2270 1893 2499 1950 quoque
2529 1876 2736 1930 anima:
2760 1873 3104 1931 consecutae,
3137 1867 3208 1922 ab
3241 1861 3460 1919 insultu
3487 1858 3670 1916 scele-

2041 1973 2151 2030 rati
2181 1976 2240 2028 et
2265 1965 2604 2026 exsecrandi
2633 1961 2914 2019 daemonis
2943 1958 3216 2013 liberatas.
3248 1953 3412 2008 Tunc
3441 1962 3668 2021 quoque

2043 2062 2286 2120 salutem
2320 2056 2540 2113 invenit
2585 2046 3034 2108 innumerabilis
3073 2045 3187 2100 alia
3234 2039 3588 2097 multitudo:
3620 2038 3679 2090 et

2044 2150 2278 2223 leprosi,
2309 2152 2365 2204 et
2395 2141 2713 2218 paralytici,
2742 2145 2800 2196 et
2838 2133 3161 2209 hydropici,
3195 2139 3245 2186 et
3278 2128 3374 2201 qui
3408 2122 3683 2182 membris

2045 2214 2211 2297 erant
2263 2214 2454 2292 manci
2515 2238 2571 2289 et
2614 2229 2826 2295 mutili,
2858 2233 2915 2282 ot
2953 2235 3334 2296 quoscunque
3382 2214 3686 2288 premebat

2047 2326 2283 2400 aliquod
2315 2324 2471 2380 aliud
2505 2319 2747 2384 malum,
2779 2316 2898 2372 illic
2929 2314 3228 2385 deponunt
3255 2306 3472 2371 omnia,
3507 2309 3561 2359 et
3594 2300 3686 2356 ni-

2047 2415 2370 2474 hilominus
2423 2417 2640 2468 exuunt
2686 2407 2860 2463 etiam
2905 2403 3131 2458 inustas
3171 2397 3377 2454 animas
3410 2397 3579 2449 notas
3627 2394 3685 2446 et

2047 2505 2312 2563 maculas
2344 2521 2359 2559 :
2391 2506 2449 2557 et
2478 2515 2612 2556 cum
2657 2510 2868 2567 magno
2899 2492 3079 2558 lucro,
3111 2488 3160 2545 ei
3193 2502 3327 2542 cum
3359 2498 3571 2552 magna
3599 2495 3685 2535 re-

2046 2596 2224 2651 deunt
2257 2589 2479 2658 laetitia,
2530 2592 2594 2642 ut
2635 2565 2909 2655 qui—non
2966 2578 3158 2634 solum
3216 2584 3548 2644 corporum,
3581 2565 3684 2622 sed

2046 2681 2220 2740 etiam
2279 2681 2607 2734 animarum
2678 2667 3035 2742 perceperint
3090 2660 3474 2720 curationem.
3537 2655 3687 2710 Hinc

2047 2772 2262 2828 factum
2294 2773 2404 2834 est,
2437 2770 2502 2821 ut
2539 2763 2610 2819 ad
2642 2762 2906 2817 sanctum
2937 2755 3096 2812 omni
3141 2769 3208 2809 ex
3240 2753 3405 2823 parte
3434 2744 3690 2803 conﬂue-

2048 2867 2134 2917 ret
2164 2859 2430 2930 p0pu|us,
2464 2867 2730 2927 quaerens
2759 2850 2831 2905 ab
2863 2863 2928 2902 eo
2975 2841 3199 2900 initiari
3241 2834 3537 2910 mysteriis
3569 2833 3690 2904 pie-

2048 2925 2198 3012 tatis,
2222 2925 2279 3000 et
2308 2925 2533 3009 eorum,
2567 2941 2666 3012 qui
2697 2936 2872 2993 variis
2912 2933 3134 2989 morbis
3178 2926 3548 2992 laborabant,
3575 2925 3688 2977 sta-
3761 2945 3768 2948 -

2048 3034 2224 3090 bilem
2247 3037 2304 3087 et
2333 3031 2690 3086 immobilem
2714 3025 2987 3096 colligere
3017 3017 3402 3076 curationem.
3435 3012 3555 3066 Rex
3577 3026 3682 3065 au-

2050 3128 2166 3178 tem
2196 3121 2494 3176 Teridates
2524 3123 2581 3174 et
2610 3131 2811 3171 omnes
2844 3111 3241 3182 magistratus,
3264 3101 3599 3170 militesque
3630 3100 3688 3152 et

2048 3213 2382 3284 quicunque
2411 3208 2507 3264 alii
2541 3203 2962 3261 habitabantin
3001 3195 3295 3260 Armenia,
3320 3207 3450 3248 cum
3495 3188 3686 3243 radios

295 3297 467 3371 βάθει,
497 3277 589 3350 καὶ
624 3277 768 3372 ὑγίεῖ
807 3294 887 3369 τῷ
923 3277 1026 3366 τῆς
1057 3277 1244 3372 ψυχῆς
1304 3277 1512 3371 ὄμματι
1581 3297 1671 3352 καὶ
1719 3277 1933 3373 καθαρῷ

2051 3277 2577 3374 βίοιοῐίε-ριιοιηρῑο
2599 3292 2780 3349 animi
2802 3290 2992 3346 studio
3023 3287 3082 3342 in
3109 3285 3279 3341 corde
3303 3277 3687 3348 accepissent,

294 3385 614 3462 βλέψαντες,
655 3385 754 3441 οὐκ
781 3384 1016 3462 ἤνεγκαν
1051 3387 1116 3442 τὸ
1171 3387 1247 3460 μή
1298 3387 1386 3441 καὶ
1442 3387 1508 3443 τὰ
1564 3386 1776 3458 ἀπάτης
1806 3407 1938 3442 κατ-

292 3477 506 3551 αγώγια
561 3475 614 3546 ἐξ
661 3473 838 3530 αὐτῶν
887 3475 1188 3530 ἀνασπᾶσαι
1232 3473 1536 3551 κρηπίδων,
1577 3475 1702 3531 ἀλλ’
1735 3475 1937 3554 ὀφθαλ-

293 3569 418 3638 μοῖς
457 3567 625 3620 ταῦτα
656 3564 781 3638 ὁρᾷν
816 3565 902 3625 οἷς
934 3563 1025 3619 καὶ
1062 3565 1162 3632 τήν
1203 3563 1464 3634 ἀλήθειαν
1507 3562 1673 3621 εἶδον.
1708 3562 1936 3638 Ἀμέλει

288 3655 379 3710 καὶ
438 3650 530 3707 σὺν
585 3652 871 3728 Γρηγορίῳ
916 3651 1042 3714 τοὺς
1110 3656 1218 3707 τῶν
1264 3652 1554 3724 Ἑλλήνων
1628 3654 1781 3708 θεοὺς
1845 3653 1935 3707 καὶ

287 3740 446 3803 ναοὺς
498 3741 588 3796 καὶ
635 3739 763 3803 τοὺς
818 3739 1044 3815 βωμοὺς
1118 3743 1487 3816 περιστάντες,
1548 3740 1933 3817 ἐπολιόρκουν,

291 3830 590 3899 κατέσειον,
643 3828 946 3902 ἀνώρυττον
1009 3829 1073 3883 τὸ
1129 3826 1346 3907 ἔδαφος,
1395 3829 1752 3901 ἐξεκάλυπτον
1807 3833 1935 3888 τοὺς

295 3916 604 3992 θεμελίους,
635 3918 772 3994 πρὸς
813 3916 950 3972 αὐτὰ
991 3914 1138 3973 ἔνδον
1189 3913 1434 3988 ἐϐάδιζον
1481 3925 1590 3975 τῶν
1635 3920 1936 3995 χρημάτων

290 4009 360 4064 τὰ
397 4011 619 4081 ταμιεῖα
666 4007 972 4082 ἀφῃροῦντο
1019 4007 1111 4064 τὸν
1159 4006 1417 4079 πλοῦτον,
1469 4007 1751 4088 ἐξεφόρουν
1811 4015 1936 4076 τοὺς

296 4095 602 4173 θησαυρούς
635 4117 647 4132 ·
708 4098 878 4152 πάντα
936 4094 1298 4174 διηρευνῶντο
1359 4101 1436 4173 μή
1505 4097 1643 4174 λάθῃ
1708 4101 1934 4165 τούτους

300 4183 444 4261 μηδὲ
477 4187 655 4263 βραχὺ
688 4185 947 4261 λείψανον
976 4194 1075 4257 τῆς
1105 4183 1349 4251 ἀσεϐείας
1398 4188 1772 4267 καταλειφθέν.
1807 4191 1937 4248 Εἶτα

293 4276 414 4350 ἱερά
460 4280 538 4348 τῷ
582 4281 698 4349 Θεῷ
741 4277 831 4332 καὶ
873 4281 990 4338 τοῖς
1039 4276 1204 4333 αὐτοῦ
1274 4279 1506 4352 μάρτυσι
1552 4279 1750 4349 τεμένη
1814 4277 1937 4333 ἀντ-

295 4365 636 4442 ῳκοδόμουν,
678 4368 768 4422 γαὶ
815 4367 1051 4442 τειχίοις
1101 4364 1294 4439 ἔξωθεν
1351 4363 1793 4440 παρελάμϐανον,
1847 4368 1936 4423 καὶ

294 4457 386 4512 τὸν
418 4454 637 4511 ἐκείνων
678 4453 918 4511 πλοῦτον
967 4456 1156 4516 αὐτοῖς
1205 4455 1292 4509 καὶ
1342 4456 1438 4517 τὰς
1484 4453 1810 4518 πολυτελεῖς
1850 4455 1935 4512 ἐσ-

298 4551 486 4613 θῆτας,
515 4544 606 4598 καὶ
653 4544 721 4599 τὰ
767 4545 1020 4618 κτήματα
1066 4545 1156 4599 καὶ
1211 4543 1338 4606 τοὺς
1394 4545 1698 4620 θησαυροὺς
1762 4545 1935 4602 ἀνετί-

2041 3399 2098 3450 et
2147 3407 2291 3449 sano
2337 3387 2675 3457 mundoque
2707 3379 2915 3437 animas
2945 3375 3112 3432 oculo
3154 3369 3539 3442 aspexissent,
3571 3379 3690 3419 non

2043 3485 2474 3550 sustinuerunt,
2506 3455 2605 3550 qui
2639 3476 2833 3531 minus
2867 3468 3090 3527 fraudis
3121 3470 3179 3522 et
3212 3461 3428 3520 erroris
3458 3455 3686 3514 habita-

2045 3577 2177 3632 cula
2219 3575 2290 3630 ab
2332 3547 2478 3643 ipsis
2517 3547 2826 3625 evellerent
2871 3553 3288 3619 fundamentis,
3319 3566 3392 3606 ne
3419 3547 3687 3603 viderent

2044 3681 2112 3720 ea
2140 3664 2214 3719 iis
2245 3660 2451 3725 oculis,
2476 3657 2691 3730 quibus
2711 3651 2988 3707 videbant
3013 3647 3302 3718 pietatem.
3328 3643 3524 3706 Itaque
3547 3649 3678 3689 cum

2043 3752 2317 3826 Gregorio
2349 3726 2607 3820 genti—um
2638 3741 2854 3813 templa
2873 3748 2926 3795 et
2949 3735 3154 3793 altaria
3183 3726 3679 3788 circumsistentes

2041 3814 2405 3907 obsidebant,
2428 3833 2907 3896 demoliebantur,
2929 3825 3119 3883 solum
3143 3818 3513 3883 effodiebant,
3537 3814 3670 3907 fun-

2042 3901 2310 3990 damenta
2338 3901 2690 4000 aperiebant,
2707 3910 3251 3992 ingrediebanturin
3277 3909 3404 3979 ipsa
3417 3901 3670 3976 pecunia:

2041 3997 2784 4090 eraria,opesaul'erebant,
2807 4008 3108 4062 thesauros
3119 3997 3456 4060 ell'erebant,
3479 4000 3533 4046 et
3552 4004 3674 4045 om-

2167 4077 2478 4174 fac'iebant,
2505 4119 2577 4158 ne
2605 4117 2670 4156 os
2689 4077 2936 4153 laterent
2956 4092 3044 4147 vel
3072 4088 3330 4144 minimae
3358 4077 3675 4150 impietatis

2043 4200 2253 4256 relictae
2271 4167 2548 4262 reliquias.
2566 4188 2780 4245 Deinde
2793 4186 2907 4240 Deo
2921 4195 3107 4244 sacra,
3121 4176 3236 4246 etej
3247 4167 3673 4240 usmartyribus

2043 4285 2266 4355 templa
2344 4258 2547 4336 contra
2617 4273 3019 4328 aediﬁcabant:
3072 4270 3129 4321 et
3182 4280 3250 4320 ea
3317 4258 3674 4315 extrinsecus

2043 4348 2358 4442 cingebant
2404 4363 2723 4439 parietibus
2756 4375 2770 4414 :
2803 4362 2862 4415 et
2909 4357 2993 4413 eis
3022 4354 3258 4410 illorum
3291 4362 3430 4419 opes
3459 4348 3516 4402 et
3546 4357 3674 4414 pre-

2044 4431 2228 4520 tineas
2259 4431 2469 4523 vestes,
2511 4448 3029 4528 possessionesque
3065 4450 3121 4498 et
3162 4439 3470 4495 thesauros
3517 4431 3677 4487 dedi-

2042 4552 2274 4620 cabant,
2321 4522 2764 4613 materiamque,
2813 4552 2938 4609 quas
2991 4532 3151 4606 prius
3202 4529 3265 4584 iu
3340 4522 3500 4581 nullo
3556 4522 3680 4576 erat

298 4632 472 4701 θεσαν,
501 4633 592 4687 καὶ
647 4633 745 4700 τὴν
791 4629 987 4706 ἄτιμον
1029 4634 1291 4709 πρότερον
1342 4632 1479 4705 ὕλην
1529 4633 1618 4689 καὶ
1658 4637 1933 4711 περιττὴν,

2050 4611 2289 4706 honore,
2339 4641 2398 4692 et
2453 4633 2624 4707 plane
2649 4611 2794 4685 verat
2839 4623 3157 4696 superflua,
3210 4626 3272 4672 ut
3320 4612 3454 4671 usui
3502 4611 3676 4676 esset,

301 4718 510 4795 ἐνεργὸν
590 4720 825 4778 ἐντεῦθεν
897 4722 987 4778 καὶ
1062 4722 1344 4804 ὠψέλιμον
1413 4721 1717 4783 ἐποιοῦντο.
1778 4723 1936 4782 Οὕτω

307 4810 401 4885 μὶν
457 4808 546 4865 οὖν
609 4807 733 4866 οὐδὲ
798 4813 850 4867 οἱ
906 4813 1053 4886 παρὰ
1105 4811 1236 4875 τοὺς
1306 4813 1518 4890 βωροὺς
1576 4812 1812 4875 ἐκείνους
1849 4811 1938 4869 καὶ

301 4899 432 4962 τοὺς
482 4900 642 4964 ναοὺς
689 4895 1053 4975 διατρίϐοντες
1106 4902 1293 4976 μιαροὶ
1326 4899 1603 4976 δαίμονες,
1635 4902 1829 4978 ἀγαθόν
1887 4923 1940 4958 τι

306 4987 612 5045 ἀπέλαυσαν
647 4996 747 5059 τῆς
805 4991 1097 5061 συνοικίας,
1145 4989 1291 5047 ἀλλὰ
1347 4989 1576 5068 διωγμῷ
1641 4993 1732 5048 καὶ
1787 4991 1940 5048 αὐτοὶ

305 5075 686 5153 χαλεπωτάτῳ
748 5076 1076 5148 ἠλαύνοντο,
1105 5080 1196 5135 καὶ
1251 5081 1348 5148 τὴν
1390 5078 1610 5158 ἄμαχον
1655 5084 1754 5137 τοῦ
1805 5083 1942 5140 Οεοῦ

305 5169 466 5242 ἡμῶν
497 5165 722 5242 δύναμιν
758 5169 846 5223 καὶ
891 5169 992 5237 τὴν
1038 5167 1277 5239 ἐξουσίαν
1325 5164 1558 5226 δεδιότες
1601 5167 1805 5250 σφόδρα
1851 5169 1940 5226 καὶ

312 5254 733 5331 ὑποτρέμοντες,
765 5251 960 5315 ἐϐόων.

378 5347 504 5452 (ω’.
544 5346 666 5452 967
699 5347 1039 5452 ἡίῆρμενία
1077 5345 1138 5452 δὲ
1177 5346 1345 5421 ταύτῃ
1403 5348 1566 5422 μόνον
1616 5350 1940 5424 θερμότερον

305 5435 444 5510 πρὸς
517 5435 619 5504 τὴν
712 5430 982 5491 εὐσέϐειαν
1073 5433 1355 5493 διεκινεῖτο
1443 5437 1534 5492 καὶ
1628 5437 1940 5512 ἠρεθίζετο,

303 5523 454 5582 ἀλλὰ
514 5523 702 5582 πολλὰ
764 5523 856 5581 καὶ
919 5525 1025 5581 τῶν
1099 5527 1412 5603 προσοίκων
1477 5525 1638 5583 ἐθνῶν
1702 5525 1790 5582 ἐπὶ
1849 5526 1941 5583 τὸν

2047 4701 2384 4794 olfecerunt,
2415 4701 2474 4780 et
2501 4718 2907 4778 converterunt
2936 4713 3008 4768 ad
3038 4709 3374 4766 utilitatem.
3413 4701 3508 4758 Sic
3544 4711 3677 4766 ergo

2049 4819 2149 4892 qui
2180 4817 2240 4874 in
2265 4789 2383 4872 illis
2413 4810 2691 4869 altaribus
2721 4811 2778 4863 et
2795 4799 3030 4874 templis
3055 4796 3438 4892 versabantur
3465 4789 3683 4892 daemo-

2049 4927 2150 4968 nes
2184 4901 2544 4968 exsecrandi,
2584 4897 2804 4955 nullius
2837 4887 3131 4950 commodi
3171 4881 3484 4958 participes
3523 4875 3678 4944 facti,

2051 4997 2391 5074 gravissima
2437 4987 2873 5062 aspellebanlur
2937 4974 3360 5053 persecutione,
3416 4973 3473 5025 et
3526 4967 3681 5021 inexo

2051 5056 2426 5163 pugnabilem
2476 5056 2577 5135 Osi
2622 5071 2804 5132 nostri
2860 5066 3177 5141 potentiam
3218 5056 3580 5118 formidolosi
3629 5059 3685 5112 et

2049 5160 2218 5237 valde
2247 5173 2562 5230 trementes
2592 5160 2989 5223 declarabant.

2121 5345 2340 5404 XXXII.
2373 5343 2498 5401 Non
2529 5340 2650 5397 sola
2679 5343 2874 5393 autem
2895 5329 3168 5388 Armenia
3196 5324 3460 5384 certatim
3492 5336 3686 5380 move-

2053 5438 2229 5493 batur
2273 5439 2330 5491 et
2359 5431 2708 5489 incitabatur
2736 5426 2803 5481 ad
2842 5423 3133 5495 pietatem,
3165 5417 3262 5474 sed
3289 5416 3484 5472 multae
3511 5412 3687 5469 etiam

2054 5531 2255 5600 gentes
2299 5521 2560 5579 finitima:
2600 5518 2671 5576 ad
2699 5511 2946 5572 similem
2982 5507 3423 5566 deducebantur
3451 5500 3693 5559 amula-

378 5692 453 5766 (5)
482 5691 628 5750 Vide
659 5689 920 5764 Nicepb.,
951 5705 1001 5750 ο.
1035 5692 1104 5750 35
1133 5693 1236 5751 lib.
1270 5709 1391 5752 VIII-
1427 5691 1711 5765 Menolog.
1743 5691 2070 5749 Graecorum
2102 5691 2170 5746 30
2200 5682 2575 5760 Septembris.
