4142 6248
287 340 404 400 989

1289 345 1467 406 VITA
1511 348 1572 407 S.
1622 349 1988 414 GRECORII
2035 355 2682 416 ILLUMINATORIS.

3565 352 3680 412 990

287 501 388 568 τὴν
420 496 598 554 πίστιν
632 498 1058 577 έχειραγώγησε.
1093 503 1201 558 Τὸν
1241 509 1368 578 γοῦν
1419 506 1752 576 τηλικούτου
1801 513 1933 581 ἡμῖν

2047 514 2336 569 doctorem
2368 517 2425 568 et
2456 519 2737 585 pastorem
2771 512 3006 583 reliquae
3051 512 3181 568 vitae
3220 515 3275 565 et
3306 511 3526 566 virtutis
3557 527 3671 566 non

290 587 490 659 ἀγαθοῦ
541 588 844 660 ὑπάρξαντα
892 588 1085 660 αἶ’τιον,
1161 593 1249 646 καὶ
1313 591 1511 668 ὁδηγὸν
1570 594 1783 666 ἀπλανῆ
1845 600 1933 652 καὶ

290 675 576 749 οἰκονόμον
649 679 748 741 τῆς
821 677 1092 754 ἡμετέρας
1196 681 1471 755 σωτηρίας
1551 685 1928 758 γεγενημένον,

286 768 477 818 τοῦτον
529 763 854 820 διδάσκαλόν
904 787 961 821 τε
999 768 1088 821 καὶ
1129 768 1366 840 ποιμένα
1411 775 1508 825 τοῦ
1559 769 1757 827 λοιποῦ
1809 773 1930 848 βίου

291 852 378 906 καὶ
426 859 525 922 τῆς
591 851 812 924 ἀρετῆς,
846 853 952 930 οὐχ
1002 858 1166 929 ἡμεῖς
1223 856 1482 931 εἷ’λόμεθα
1545 861 1734 933 μόνον,
1787 861 1931 916 ἀλλά

288 943 377 996 καὶ
434 940 548 995 θεία
606 937 730 1015 ὄψις
787 945 887 1012 τήν
952 944 1206 1016 τοιαύτην
1260 949 1442 1024 ψῆφον
1504 947 1930 1027 έπεσφραγίσατο

289 1027 506 1098 ἄνωθεν,
563 1027 634 1084 δι’
679 1033 744 1100 ἧς
803 1030 1150 1088 ἐπινεύσαντα
1202 1036 1291 1089 καὶ
1350 1036 1512 1091 αὐτὸν
1569 1041 1639 1110 τῇ
1699 1037 1929 1114 ὑμετέρᾳ

2045 619 2151 657 nos
2189 601 2378 658 solum
2421 602 2726 672 elegimus,
2777 601 2878 655 sed
2923 599 3120 654 divina
3151 615 3382 670 quoque
3410 599 3554 654 visio
3588 607 3670 654 ta-

2039 688 2149 744 lem
2201 688 2547 744 sententiam
2599 702 2630 742 e
2672 686 2898 758 superis
2942 685 3290 758 obsignavit.
3340 686 3446 741 Per
3493 701 3669 756 quam

2039 777 2236 849 ipsum
2295 794 2530 850 quoque
2588 783 2930 832 annuentem
2985 777 3055 830 ad
3104 780 3354 830 vestram
3405 775 3675 830 misimus

2039 867 2430 935 sanctitatem,
2474 872 2539 921 ut
2569 866 2640 920 ab
2671 866 2796 934 ejus
2834 880 3012 919 manu
3057 867 3114 918 et
3158 862 3361 935 lingua
3390 863 3516 935 ipse
3545 877 3682 917 con-

2039 961 2296 1010 secretur
2353 955 2411 1010 in
2471 955 2836 1026 pontilicatu,
2898 957 2955 1008 et
3002 952 3114 1008 cito
3163 952 3351 1016 nobis,
3398 951 3496 1022 qui
3537 965 3677 1020 grex

2037 1043 2167 1113 ejus
2197 1059 2429 1113 sumus,
2461 1045 2753 1098 reddatur.

289 1116 605 1192 ἐπέμψαμεν
636 1121 905 1191 ὁσιότητι,
940 1121 1076 1176 ὥστε
1106 1124 1252 1196 παρὰ
1279 1130 1377 1192 τῆς
1408 1131 1507 1194 σῆς
1539 1127 1629 1181 καὶ
1669 1128 1855 1204 χειρὸς
1885 1127 1972 1182 καὶ
2009 1128 2287 1204 γλώττης,
2326 1129 2646 1199 τελεσθῆναι
2691 1149 2750 1183 τε
2795 1128 2952 1182 αὐτὸν
2985 1127 3051 1184 τὰ
3093 1132 3192 1197 τῆς
3237 1126 3670 1200 ἀρχιερωσύνης,

288 1208 379 1262 καὶ
409 1211 598 1264 θᾶττον
640 1212 774 1282 ἡμῖν
807 1216 886 1282 τῷ
914 1214 1157 1286 ποιμνίῳ
1197 1212 1554 1280 ἀποδοθῆναι.

360 1317 481 1376 ΛΔ’.
513 1316 726 1387 Ταύτην
774 1320 801 1372 ὁ
833 1318 1087 1384 Λεόντιος
1136 1317 1418 1394 δεξάμενος
1475 1324 1575 1391 τὴν
1630 1323 1926 1394 ἐπιστολὴν

290 1402 599 1480 φιλοτίμως
652 1407 744 1461 τὸν
807 1406 969 1484 μέγαν
1057 1411 1358 1485 Γρηγόριον
1422 1409 1754 1491 ὑποδέχεται
1837 1414 1923 1468 καὶ

285 1493 414 1555 τοὺς
460 1490 733 1568 πρέσϐεις,
764 1495 853 1550 καὶ
885 1497 977 1552 σὺν
1011 1500 1122 1571 ἅμα
1173 1497 1490 1564 ἐπισκόποις
1535 1490 1655 1563 τοῖς
1697 1506 1924 1576 παροῦσι

288 1585 677 1656 χειροτονήσας
708 1584 886 1643 αὐτὸν.
924 1586 1059 1659 μετά
1099 1594 1199 1657 τῆς
1253 1587 1380 1659 ’ίσης
1439 1588 1844 1666 φιλοφροσύνης
1872 1612 1927 1646 αε

286 1671 377 1726 καὶ
433 1678 600 1745 τιμῆς
657 1673 989 1747 ἀποπέμπει.
1050 1677 1319 1732 Ἐπανιὼν
1376 1677 1556 1733 τοίνυν
1635 1677 1838 1742 ἐκεῖθεν
1898 1680 1926 1734 ὁ

294 1761 456 1836 μέγας
515 1763 841 1837 Γρηγὸριος,
902 1763 993 1824 οὓς
1052 1764 1110 1818 ἂν
1169 1765 1303 1820 κατά
1374 1768 1469 1827 τὰς
1527 1768 1926 1842 παρακειμένας

289 1854 357 1924 τῇ
411 1847 522 1919 ὀδῷ
569 1849 765 1913 πόλεις
808 1850 944 1919 ci601,
977 1854 1270 1926 ἱερωθῆνάί
1316 1877 1372 1911 τε
1411 1857 1651 1924 ἱκανοὺς,
1709 1859 1798 1912 καὶ
1839 1858 1928 1913 τὸν

2105 1328 2346 1384 XXXIV.
2380 1331 2497 1384 Hac
2527 1332 2764 1400 accepta
2796 1326 3055 1397 epistola.
3089 1325 3359 1382 Leontius
3394 1341 3670 1396 magnum

2037 1416 2376 1489 Gregorium
2396 1424 2450 1473 et
2467 1417 2684 1490 legatos
2704 1416 3271 1488 accepithonoriﬁce,
3289 1419 3494 1472 etcum
3515 1431 3674 1484 eum,

2036 1506 2214 1562 simul
2262 1506 2540 1562 adhibitis
2574 1507 2725 1574 aliis,
2776 1506 2876 1577 qui
2908 1506 3168 1572 aderant,
3202 1503 3512 1576 episcopis,
3546 1520 3677 1559 con-

2038 1601 2323 1650 secrasset
2353 1597 2449 1666 (7),
2481 1612 2613 1650 cum
2650 1597 2772 1666 pari
2809 1593 3170 1649 humanitate
3199 1592 3443 1648 dimittit
3475 1601 3528 1648 et
3561 1591 3672 1647 ho-

2038 1699 2198 1738 nore.
2235 1682 2398 1740 lllinc
2429 1701 2564 1756 ergo
2599 1699 2860 1739 reversus
2890 1683 3121 1737 divinus
3152 1681 3484 1752 Gregorius,
3526 1695 3675 1750 quos

2035 1771 2092 1826 in
2129 1787 2303 1842 prOpe
2335 1773 2485 1828 viam
2519 1773 2648 1828 sitis
2680 1771 3015 1827 civitatibus
3046 1770 3282 1824 vidisset
3308 1769 3536 1840 dignos,
3569 1767 3670 1838 qui

2039 1860 2241 1916 fierent
2257 1863 2604 1926 sacerdotes,
2629 1865 2685 1916 et
2706 1865 2891 1931 aptos,
2917 1875 3165 1931 quorum
3187 1857 3318 1912 fidei
3343 1857 3674 1912 crederetur

290 1946 390 2009 τῆς
433 1937 786 2004 διδασκαλίας
834 1945 1184 2012 πιστευθῆναι
1244 1943 1411 2022 λόγον
1471 1943 1835 2019 ἒπιτηδείους,
1866 1949 1931 2003 τὰ

2043 1947 2274 2003 verbum
2307 1949 2600 2015 doctrinae,
2635 1947 2720 2003 eis
2763 1965 2826 2002 ea
2859 1947 3058 2015 suasit,
3091 1945 3298 2015 quibus
3331 1949 3455 2000 erat
3484 1960 3627 2014 opus
3657 1963 3670 1996 :

294 2027 484 2084 δέοντά
527 2050 584 2084 τε
639 2030 824 2092 αὐτοῖς
880 2033 1133 2106 παρῄνει,
1199 2035 1288 2088 καὶ
1348 2032 1785 2110 παραλαμϐάνων
1844 2037 1932 2094 έπ-

293 2119 458 2192 ηγετο
487 2119 714 2181 τούτους
754 2118 1207 2195 συλληψομένους
1238 2143 1296 2178 τε
1327 2123 1473 2196 αὐτῷ
1526 2127 1594 2181 τὰ
1647 2134 1746 2196 τῆς
1788 2127 1933 2182 εὐσε-

296 2201 443 2269 ϐείας
500 2208 590 2262 καὶ
646 2209 962 2284 ἱερουργοὺς
1019 2210 1185 2280 αὐτῆς
1245 2233 1302 2268 τε
1345 2214 1631 2288 Ἀρμενίας
1681 2217 1771 2270 καὶ
1829 2223 1936 2272 τῶν

295 2297 603 2372 προσοίκων
671 2296 888 2353 πόλεων
945 2298 1263 2373 ἐσομένους.
1317 2307 1475 2378 ’Ἄρτι
1554 2301 1611 2359 δὲ
1673 2309 1783 2360 τῶν
1838 2314 1938 2377 τῆς

293 2385 583 2460 Ἀρμενίας
631 2381 873 2442 ἐπιϐάντι
925 2389 1114 2462 ὁρίων,
1147 2390 1273 2452 ναός
1319 2412 1404 2452 τις
1459 2391 1604 2465 αὐτῷ
1660 2393 1713 2450 έν
1759 2418 1937 2472 γειτο-

290 2497 396 2529 νων
433 2472 822 2552 ὑπολελεῖφθαι
874 2476 1197 2551 ἀγγέλλεται
1228 2480 1582 2555 Ἡρακλέους.
1633 2487 1730 2537 τοῦ
1779 2505 1940 2540 ποτα-

296 2568 404 2637 μοῦ
448 2563 726 2642 Εὐφράτου
752 2566 1153 2640 ὑπερκείμενος,
1186 2568 1275 2623 καὶ
1320 2569 1510 2644 βωμός
1538 2591 1594 2625 τε
1631 2574 1757 2646 παρ’
1789 2573 1937 2646 αὐτῷ

293 2652 454 2721 εἶναι,
485 2647 610 2708 ἔνθα
665 2654 756 2708 καὶ
815 2654 996 2718 θυσίας
1044 2653 1280 2730 ’δαίμοσι
1338 2658 1426 2712 καὶ
1458 2659 1716 2734 Ἡρακλεῖ
1766 2664 1938 2719 τελεῖο

295 2753 415 2805 σθαι
474 2737 770 2799 συνέϐαινε.
800 2745 1006 2800 Τοῦτον
1050 2745 1231 2800 τοίνυν
1281 2744 1604 2804 καταλαϐὼν
1641 2752 1732 2806 τὸν
1785 2755 1936 2822 ναὸν,

295 2830 434 2903 εὐχῇ
481 2829 633 2903 μόνῃ,
681 2829 764 2901 (οὐ
816 2831 918 2905 γὰρ
985 2834 1318 2906 ἀνθρωπείας
1366 2854 1450 2894 τις
1500 2835 1646 2908 αὐτῷ
1702 2837 1937 2895 ἐπέϐαλε

297 2923 511 2992 χεῖρας,
540 2923 648 2972 τῶν
680 2917 731 2971 ἐν
765 2919 914 2991 αὐτῷ
947 2916 1242 2992 δαιμονίων
1279 2927 1505 2995 μηχανῇ
1544 2928 1612 2997 τῇ
1652 2927 1795 3000 πάσῃ
1847 2917 1936 2982 κα.ἱ

300 3005 542 3082 φάσμασι
589 3007 724 3079 πρὸς
764 3009 862 3076 τὴν
917 3008 1294 3083 καταστροφὴν
1341 3007 1808 3086 ἀπομαχομένων)
1840 3017 1939 3070 αὐ-

299 3099 414 3154 τοῖς
445 3093 728 3168 ἀνατρέπει
783 3095 1083 3168 θεμελίοις,
1123 3101 1213 3155 καὶ
1269 3100 1449 3178 ἕτερον
1479 3101 1805 3179 ἀντίρροπον
1859 3109 1939 3176 τῷ

305 3181 486 3257 Κυρίῳ
545 3181 760 3258 ἐγείρει,
789 3185 878 3239 καὶ
933 3184 1164 3261 λείψανά
1208 3212 1266 3247 τε
1295 3193 1446 3264 αὐτῷ
1484 3196 1579 3246 τοῦ
1613 3190 1938 3267 Προδρόμου

302 3271 391 3326 καὶ
482 3274 784 3328 Βαπτιστοῦ
867 3276 956 3329 καὶ
1036 3281 1134 3332 τσῦ
1213 3281 1484 3359 μάρτυρος
1553 3280 1935 3352 ἐναποτίθησιν

302 3362 684 3438 Ἀθηνογένους
720 3385 732 3397 ’
782 3369 950 3421 ταῦτα
1010 3369 1116 3443 γὰρ
1173 3369 1481 3449 ἐπεφέρετο.
1516 3373 1647 3430 Εἶτα
1704 3371 1792 3427 καὶ
1852 3375 1937 3428 θυ-

300 3456 613 3530 σιαστήριον
681 3455 976 3531 ἱερουργεῖ,
1035 3460 1128 3522 τάς
1189 3465 1551 3537 ἀναιμάκτους
1620 3484 1678 3519 τε
1754 3463 1938 3526 θυσίας

299 3540 350 3597 ἓν
390 3542 536 3616 αὐτῷ
563 3545 860 3624 προσφέρει
891 3551 1029 3618 Θεῷ.
1071 3550 1167 3604 Καὶ
1214 3550 1340 3615 τοὺς
1375 3555 1488 3626 μετ’
1538 3553 1701 3607 αὐτοῦ
1743 3554 1942 3626 σατρά-

297 3652 402 3694 πας
481 3633 730 3706 βαπτίζει
797 3639 1070 3709 πρώτους.
1133 3639 1289 3709 Ἐξῆς
1349 3638 1406 3695 δὲ
1473 3639 1671 3695 ε’ίκοσιν
1729 3639 1942 3714 ἡμέρας

299 3718 410 3774 ἐκεῖ
439 3717 742 3795 διατρίψας,
773 3721 850 3783 εἴς
879 3721 1102 3785 πλείους
1155 3733 1256 3795 τῆς
1311 3734 1435 3800 μιᾶς
1476 3730 1613 3799 πρὸς
1654 3733 1772 3790 ταῖς
1815 3726 1939 3783 δέκα

305 3807 524 3891 μυριάσι
545 3808 641 3864 τοῦ
673 3811 819 3866 θείου
851 3812 1221 3890 βαπτίσματος
1247 3811 1660 3891 ἀξιοῖ.Ἐϐδόμῃ
1693 3822 1789 3872 τοῦ
1812 3819 1938 3874 Ὀκ-

299 3889 546 3973 τωϐφίου
590 3897 788 3972 ἑορτὴν
820 3898 966 3976 ἰίγειν
1004 3903 1261 3969 κελεύσας
1299 3903 1374 3978 (έν
1412 3905 1547 3978 αὐτῇ
1581 3889 1684 3981 γάρ
1715 3927 1820 3961 που
1849 3909 1937 3961 καὶ

302 3985 681 4060 θυσιαστήριον
711 3993 872 4045 τοῦτο
901 3996 1118 4066 πρῶτον
1139 3994 1401 4068 ἰερώσατο
1424 3997 1501 4062 τῷ
1524 3995 1860 4069 Θεῷ),ίερεῖς
1880 4017 1938 4052 τε

298 4073 584 4146 καθίστησι
641 4077 729 4132 καὶ
785 4080 1008 4144 Λευΐτας
1041 4103 1055 4117 ο
1113 4084 1203 4138 καὶ
1261 4085 1362 4153 τήν
1407 4082 1720 4158 περίχωρον
1764 4089 1935 4141 πᾶσαν

297 4162 636 4238 ὶκκλησίαις,
671 4165 1056 4249 πρεσϐυτέροις
1097 4174 1186 4230 καὶ
1236 4171 1508 4236 διακόνοις
1553 4169 1935 4245 διαλαμϐάνει.

367 4275 496 4330 ΛΕ’.
531 4276 586 4329 Ὀ
635 4273 692 4332 δὲ
746 4283 854 4334 τῶν
914 4282 1210 4356 Ἀρμενίων
1287 4280 1542 4357 βασιλεὺς
1602 4277 1938 4353 Τηριδάτης,

298 4361 624 4434 πλησιάζειν
672 4363 780 4436 ἤδη
831 4371 920 4423 τὸν
982 4370 1241 4445 ἀρχιερέα
1286 4371 1494 4443 μαθῶν,
1532 4370 1623 4422 σὺν
1665 4373 1781 4430 ταῖς
1839 4389 1942 4422 πα-

293 4452 512 4525 ρούσαις
574 4451 857 4528 δυνάμεσι,
889 4457 979 4511 καὶ
1040 4463 1107 4532 τῇ
1177 4458 1411 4533 συζύγῳ,
1443 4455 1532 4512 καί
1585 4461 1654 4531 τῇ
1704 4454 1937 4536 ἀδελφῇ,

291 4545 683 4613 προῦπαντῶσι
747 4546 892 4619 παρὰ
946 4547 1045 4613 τήν
1105 4550 1202 4602 τοῦ
1261 4546 1546 4625 Εὐφράτου
1595 4544 1791 4621 ὄχθην,
1849 4545 1938 4600 καὶ

295 4625 403 4698 ἡδύ
431 4649 489 4684 τε
545 4629 832 4703 ἀλλήλους
888 4634 1078 4711 ὁρῶσι,
1111 4636 1201 4691 καὶ
1259 4635 1352 4691 σὺν
1403 4633 1576 4710 ἡδονῇ
1610 4635 1935 4705 ἀσπάζονται

295 4717 386 4773 καὶ
448 4720 634 4792 μεστοὶ
691 4722 1022 4800 εὐφροσύνης
1070 4727 1225 4796 ἦσαν.
1267 4724 1424 4784 Ἀλλ’
1454 4725 1482 4779 ὁ
1527 4725 1621 4798 μὲν
1670 4725 1766 4793 τὴν
1823 4729 1930 4780 τῶν

297 4807 618 4864 ἀποστέλων
699 4809 1035 4869 ἐπεδείκνυτο
1093 4811 1470 4884 διδασκαλίαν,
1522 4815 1573 4870 οἱ
1649 4811 1704 4868 δὲ
1762 4813 1934 4868 σπού-

296 4893 466 4961 δαίως
517 4919 568 4954 τι
625 4897 850 4969 ἤκουον,
882 4903 970 4956 καὶ
1031 4903 1339 4978 θερμότατα
1370 4905 1492 4978 περὶ
1522 4904 1622 4973 τὴν
1683 4903 1933 4977 ἀκρόασίν

295 4988 472 5063 εἶχον.
505 4991 604 5053 Εἷς
658 4992 947 5067 τριάκοντα
1004 4994 1179 5050 τοίνυν
1234 4995 1366 5060 ὅλας
1420 4994 1628 5068 ἡμέρας
1687 4993 1932 5064 νηστείαν

292 5075 480 5141 αὐτοῖς
527 5081 616 5135 καὶ
660 5085 970 5158 προσευχήν
1014 5082 1324 5158 ἐπιτρέψας,
1373 5083 1465 5138 ἀπ’
1510 5083 1674 5138 αὐτοῦ
1732 5104 1787 5138 τε
1840 5081 1931 5157 ἀρ-

291 5187 450 5246 χεται
485 5169 775 5242 βησιλέως,
807 5179 906 5241 τῆς
958 5172 1240 5247 βασιλίδος
1272 5193 1331 5228 τε
1376 5173 1466 5227 καὶ
1523 5179 1622 5242 τῆς
1662 5169 1926 5249 ἀδελφῆς,

288 5257 381 5312 xvi
431 5254 519 5313 διά
561 5263 668 5313 τῶν
721 5259 770 5315 ἐν
820 5260 966 5316 τέλει
1012 5263 1098 5317 καὶ
1136 5260 1225 5317 διὰ
1255 5261 1472 5318 πάντων
1510 5260 1709 5330 ἐλθὼν,
1743 5259 1796 5315 έν
1848 5264 1928 5332 τῷ

285 5347 546 5426 Εὐφράτῃ
600 5349 847 5424 βαπτίζει
912 5350 1132 5424 πάντας,
1188 5352 1279 5407 καὶ
1351 5351 1528 5428 φωτὸς
1597 5350 1748 5411 υἱοὺς
1800 5351 1923 5405 ἄνα·

2042 2047 2092 2094 et
2124 2036 2257 2093 illos
2288 2054 2617 2105 assumens,
2649 2037 2895 2092 adduxit
2925 2037 2982 2091 in
3017 2036 3224 2106 pietate
3254 2032 3358 2090 sibi
3392 2049 3560 2104 opem
3592 2033 3674 2087 la-

2043 2132 2225 2197 turos,
2277 2128 2616 2197 futurosque
2670 2126 2996 2182 sacerdotes
3055 2124 3239 2195 ipsius
3296 2121 3580 2177 Armenias
3627 2128 3679 2176 et

2042 2215 2494 2286 propinquarum
2529 2216 2782 2270 urbium.
2817 2215 2960 2270 Cum
3000 2217 3193 2267 autem
3220 2212 3346 2281 jam
3377 2210 3681 2281 ingressus

2042 2309 2194 2358 esset
2224 2304 2368 2359 {lues
2416 2305 2725 2370 Armeniae,
2777 2303 3082 2357 nuntiatur
3129 2301 3180 2355 ei
3233 2298 3504 2354 relictura
3552 2312 3680 2353 esse

2045 2393 2336 2463 quoddam
2372 2392 2655 2462 templum
2707 2390 2991 2454 Herculis,
3043 2389 3221 2443 situm
3255 2402 3432 2457 super
3461 2385 3677 2440 ﬂumen

2041 2481 2416 2550 Euphratem,
2448 2487 2506 2536 et
2535 2481 2593 2535 in
2627 2496 2692 2534 eo
2716 2494 2842 2534 esse
2873 2494 3057 2547 aram,
3080 2477 3141 2531 in
3173 2493 3284 2547 qua
3315 2473 3678 2528 daemonibus

2042 2574 2099 2624 et
2129 2568 2358 2624 Herculi
2391 2569 2540 2623 ﬁunt
2588 2567 2893 2623 sacriﬁcia.
2940 2566 3080 2621 Cum
3122 2581 3256 2636 ergo
3289 2564 3358 2618 ad
3393 2562 3501 2616 hoc
3529 2566 3679 2616 tem-

2043 2657 2203 2729 plum
2253 2658 2524 2723 venisset,
2577 2655 2698 2711 sola
2747 2655 3006 2710 oratione
3054 2653 3263 2722 (neque
3291 2650 3445 2706 enim
3489 2649 3540 2704 ei
3574 2650 3685 2704 huc

2045 2761 2248 2800 manas
2275 2746 2564 2818 quispiam
2598 2745 2857 2799 admovit
2907 2757 3152 2796 manus:
3207 2739 3307 2810 qui
3336 2738 3394 2792 in
3427 2753 3492 2793 eo
3524 2742 3686 2792 erant

2045 2835 2428 2901 daemonibus,
2480 2834 2770 2890 machinis
2800 2831 3078 2888 omnibus
3108 2834 3165 2885 et
3212 2827 3459 2899 spectris
3502 2828 3684 2896 depu-

2047 2921 2360 2992 gnantibus
2409 2924 2684 2977 adversus
2737 2919 3113 2986 eversionem)
3173 2917 3243 2972 ab
3293 2916 3437 2988 ipsis
3485 2913 3688 2969 evertit

2049 3009 2461 3079 fundamentis,
2494 3016 2551 3066 et
2593 3011 2841 3066 alterum
2888 3008 3097 3064 excitat
3127 3006 3396 3069 Domino,
3436 3004 3590 3074 quod
3633 3003 3688 3057 ei

2048 3113 2116 3152 ex
2147 3099 2388 3154 adverso
2421 3101 2810 3168 responderet,
2852 3103 2909 3153 et
2936 3097 2994 3152 in
3036 3112 3102 3151 eo
3135 3093 3372 3161 deponit
3401 3092 3680 3162 reliquias

2049 3187 2428 3242 Praecursoris
2485 3193 2542 3242 et
2595 3187 2885 3258 Baptistae,
2945 3189 3001 3239 et
3040 3181 3310 3254 martyris
3368 3180 3685 3249 Athenoge-

2049 3275 2178 3331 nis:
2241 3291 2319 3331 ea
2366 3275 2521 3331 enim
2589 3273 3005 3328 inferebantur.
3071 3269 3449 3325 Postmodum
3507 3267 3681 3322 etiam

2049 3383 2210 3422 aram
2243 3369 2560 3432 consecrat,
2593 3368 2650 3418 et
2679 3364 2737 3417 in
2770 3377 2837 3416 ea
2887 3361 3000 3416 Deo
3047 3359 3353 3414 incruenta
3391 3357 3559 3412 oil'ert
3589 3373 3682 3412 sa-

2047 3456 2280 3513 crificia.
2311 3455 2459 3510 Tum
2489 3471 2586 3509 eos
2616 3451 2876 3524 quidem,
2900 3449 3000 3521 qui
3032 3463 3225 3504 secum
3249 3450 3433 3515 erant,
3466 3444 3682 3516 primos

2047 3547 2294 3617 baptizat
2324 3554 2604 3614 satrapas.
2653 3540 2868 3596 Deinde
2917 3543 3109 3594 autem
3143 3552 3275 3590 cum
3321 3533 3526 3602 viginti
3557 3533 3680 3588 dies

2046 3633 2164 3688 illic
2195 3637 2348 3689 esset
2381 3637 2655 3698 moratus,
2681 3629 2876 3701 plures
2898 3641 3072 3698 quam
3098 3624 3366 3679 undecim
3395 3622 3680 3694 myriades

2045 3718 2237 3774 divino
2289 3719 2550 3789 impertit
2597 3716 2959 3785 baptismate.
3010 3712 3154 3766 Cum
3206 3709 3384 3780 igitur
3433 3707 3681 3778 septimo

2045 3808 2309 3865 Octobris
2341 3807 2425 3862 eis
2461 3805 2734 3875 jussisset
2765 3804 2971 3858 festum
3004 3815 3172 3870 agere
3204 3799 3279 3861 (in
3314 3812 3380 3852 eo
3411 3796 3562 3851 enim
3590 3795 3681 3850 die

2045 3915 2204 3956 aram
2237 3897 2396 3952 illam
2438 3895 2553 3950 Deo
2585 3892 3064 3961 consecraverat),
3098 3887 3423 3943 sacerdotes
3454 3885 3680 3940 consti-

2043 3988 2471 4046 tuitetLevitas
2497 4001 2509 4039 :
2533 3989 2590 4041 et
2615 3984 2971 4049 universam,
2995 3995 3117 4050 quae
3156 3982 3240 4033 est
3279 3975 3680 4040 circumcirca,

2045 4079 2336 4150 regionem
2385 4079 2553 4133 ornat
2601 4073 2908 4142 munitque
2964 4066 3251 4134 ecclesiis,
3303 4064 3680 4137 presbyteris,

2045 4173 2103 4224 et
2131 4166 2413 4222 diaconis.

2118 4270 2337 4327 XXXV.
2371 4268 2774 4324 Armeniorum
2826 4271 3017 4319 autem
3065 4278 3164 4317 rex
3191 4259 3515 4327 Teridates,
3547 4275 3681 4316 cum

2037 4363 2163 4437 jam
2195 4358 2511 4431 accepisset
2540 4353 3005 4426 appropinquare
3036 4349 3388 4422 pontiﬁcem,
3422 4363 3552 4403 cum
3587 4349 3680 4418 iis,

2046 4435 2169 4522 qua:
2209 4449 2471 4515 aderant,
2513 4449 2570 4500 et
2607 4442 2875 4513 conjuge,
2916 4443 2975 4494 et
3005 4453 3218 4504 sorore,
3271 4435 3594 4507 procedunt
3631 4436 3683 4492 ei

2045 4541 2273 4600 obviam
2307 4539 2540 4611 propter
2584 4533 2769 4604 ripam
2803 4529 2961 4585 fluvii
3011 4526 3359 4598 Euphratis:
3411 4530 3467 4582 et
3497 4541 3559 4580 se
3583 4526 3681 4596 ju-

2047 4631 2232 4688 cunde
2287 4626 2530 4684 invicem
2588 4623 2910 4688 intuentur,
2962 4621 3018 4674 et
3069 4631 3202 4672 cum
3260 4613 3469 4688 gaudio
3519 4629 3680 4668 com-

1964 4693 2022 4760 D
2047 4722 2411 4796 plectuntur:
2443 4719 2500 4772 et
2535 4717 2702 4771 erant
2730 4709 2886 4783 pleni
2919 4709 3132 4764 laetitia.
3167 4707 3277 4762 Sed
3311 4705 3408 4761 ille
3441 4705 3679 4776 quidem

2043 4794 2436 4884 apostolorum
2491 4803 2832 4861 ostendebat
2887 4797 3247 4884 doctrlnam:
3300 4794 3424 4884 ipsi
3484 4797 3677 4849 autem

2043 4883 2346 4970 diligenter
2392 4894 2725 4958 audiebant,
2771 4893 2828 4945 et
2871 4886 2933 4943 in
2964 4883 3352 4942 auscultando
3384 4888 3545 4970 erant
3576 4885 3675 4936 at-

2041 4969 2376 5046 tentissimi.
2409 4986 2550 5041 Cum
2588 4985 2740 5036 totos
2780 4992 2914 5048 ergo
2961 4973 3210 5045 triginta
3239 4971 3361 5026 dies
3393 4969 3477 5025 eis
3513 4969 3673 5039 jeju-

2041 5077 2202 5135 nium
2237 5075 2578 5145 imperasset
2624 5072 2680 5122 et
2721 5064 3061 5128 orationem,
3111 5057 3181 5113 ab
3211 5057 3337 5129 ipso
3370 5071 3499 5126 rege
3529 5055 3672 5111 inci-

2041 5168 2226 5240 piens,
2262 5143 2564 5232 ebregina,
2605 5160 2660 5212 et
2697 5168 2912 5221 sorore,
2959 5152 3016 5205 et
3048 5162 3148 5219 per
3194 5149 3538 5240 eospostea,
3573 5143 3676 5214 qui

2038 5235 2414 5327 magistratus
2443 5247 2741 5318 gerebant,
2772 5246 2828 5296 et
2873 5255 2973 5310 per
3015 5239 3248 5327 cisteros
3279 5235 3514 5289 demum
3547 5249 3673 5327 per-

2037 5321 2276 5411 vadens,
2309 5336 2563 5410 baptizat
2590 5346 2796 5388 omnes
2828 5329 2888 5384 in
2929 5326 3237 5398 Euphrate,
3260 5324 3567 5395 redditque
3598 5321 3673 5376 il-

359 5597 653 5673 (7)_llujus
683 5601 1135 5660 consecrationis
1167 5599 1436 5659 meminit
1483 5601 1541 5658 S.
1573 5601 1750 5659 Nicon
1787 5603 1844 5658 in
1876 5599 2058 5673 Epist.
2102 5594 2174 5653 ad
2205 5585 2580 5661 Enclystium,
2615 5599 2741 5656 que
2772 5583 2960 5639 exstat
2989 5586 3128 5637 tom.
3165 5595 3203 5634 ι.
3236 5575 3510 5634 Biblioth.
3560 5572 3663 5629 SS.

285 5669 570 5728 PP.’Vide
601 5674 908 5732 Baronium
940 5675 1011 5732 ad
1041 5691 1134 5731 an.
1168 5674 1291 5729 311.
