4142 6248
511 338 621 395 691

1805 326 2088 388 MENSIS
2133 322 2619 385 SEPTEMBER.

3782 307 3906 368 992

509 496 623 551 lios
652 494 801 550 lucis
843 500 895 548 et
943 493 1074 547 diei.
1127 492 1344 546 Deinde
1388 490 1543 545 aliud
1599 489 1884 559 templum
1937 489 2141 546 excitat

2257 483 2485 539 δείκνυσι
2543 482 2631 535 καὶ
2701 476 2933 552 ἡμέρας,
2986 475 3079 531 εἶθ’
3138 474 3282 543 ἑξῆς,
3314 473 3439 527 ναὸν
3473 474 3617 547 παρὰ
3660 476 3741 543 τῷ
3794 472 3910 527 Εὐ-

511 588 750 655 propter
796 582 1177 652 Euphratem,
1209 578 1353 635 etin
1386 595 1451 633 eo
1499 578 1697 633 divina
1734 578 1988 634 celebrat
2030 594 2148 650 my-

510 670 707 731 steria,
754 672 922 736 atque
972 672 1035 720 ut
1081 680 1181 735 par
1219 674 1327 733 est,
1377 666 1682 720 sacriﬁcat.
1726 664 1877 720 Deus
1914 680 2046 719 vero
2078 678 2149 718 ne

511 755 605 811 hic
636 755 869 825 quidem
905 754 959 807 in
994 769 1092 809 eos
1140 769 1375 808 suorum
1426 752 1789 808 obliviscitur
1830 750 2144 807 miraculo-

513 859 664 897 rum.
708 842 817 897 Sed
860 842 944 896 illi
992 842 1227 911 quidem
1276 842 1719 913 baptizabantur
1766 842 1824 897 in
1857 840 2148 912 Euphrate

510 932 611 1001 (8),
644 931 770 1001 ejus
810 936 1003 986 autem
1046 930 1401 986 retinebatur
1448 930 1775 986 ﬂuentum:
1826 934 1880 985 et
1914 930 2147 985 videba-

514 1030 607 1076 tur
635 1019 907 1075 columna
954 1018 1121 1084 lucis,
1171 1022 1451 1088 tanquam
1500 1035 1676 1089 super
1714 1018 1925 1082 basim,
1959 1018 2147 1089 posita

512 1125 693 1181 super
720 1125 921 1179 aquas,
955 1107 1113 1177 ipsos
1144 1107 1285 1162 solis
1333 1108 1542 1174 radios,
1584 1109 1735 1178 quod
1770 1110 1838 1164 ad
1872 1107 2149 1179 splendo-

514 1198 591 1253 ris
638 1198 844 1252 attinet
890 1198 1196 1264 rationem,
1257 1196 1426 1268 longo
1484 1196 1780 1252 intervallo
1837 1211 2144 1267 superans.

514 1285 696 1342 Simul
728 1294 920 1341 autem
953 1301 1085 1340 cum
1118 1300 1184 1340 ea
1215 1301 1355 1340 crux
1387 1302 1619 1357 quoque
1649 1286 1941 1340 oriebatur
1972 1284 2029 1338 in
2054 1300 2147 1339 ca-

514 1375 646 1446 pite.
684 1374 749 1430 Et
781 1379 904 1429 erat
933 1374 985 1429 id
1016 1374 1250 1445 quidem
1301 1376 1422 1431 visu
1461 1373 1741 1431 mirabile.
1778 1375 1923 1431 Toto
1952 1379 2146 1429 autem

516 1463 618 1519 illo
666 1464 758 1519 die
797 1463 1135 1519 cernebatur
1166 1464 1350 1519 oculis
1389 1480 1609 1531 eorum,
1659 1462 1757 1536 qui
1790 1463 2020 1519 fuerant
2053 1461 2146 1517 ba-

513 1553 727 1623 ptizati.
761 1551 949 1623 Ipsius
990 1558 1178 1607 autem
1212 1550 1607 1607 multitudinis
1646 1552 1850 1624 plenus
1881 1554 1939 1606 et
1971 1550 2129 1622 perfe

513 1646 643 1697 ctus
675 1656 976 1707 numerus,
1000 1645 1123 1696 erat
1152 1640 1481 1711 quindecim
1517 1642 1827 1711 myriades.
1879 1640 2022 1695 Cum
2064 1654 2149 1695 se-

515 1734 673 1802 ptem
712 1745 846 1785 vero
878 1728 997 1783 dies
1028 1729 1283 1799 pontifex
1311 1735 1467 1786 esset
1494 1747 1625 1786 cum
1655 1731 1739 1786 eis
1770 1734 2054 1796 versatus,
2091 1733 2149 1784 et

2253 574 2430 651 φράτῃ
2480 569 2650 625 ἄλλον
2710 566 2931 643 ἐγείρει,
2986 566 3077 621 καὶ
3142 563 3212 618 τὰ
3281 564 3556 651 μυστήρια
3612 560 3717 651 ἐπ’,
3754 561 3912 651 αὐτῷ

2250 646 2487 717 τελεῖται
2543 660 2609 713 τὰ
2658 659 2795 725 θεῖα,
2826 655 2918 710 καὶ
2955 655 3023 708 τὰ
3080 651 3265 709 εἰκότα
3304 650 3597 727 ἱερουργεῖ.
3631 649 3762 711 Θεὸς
3826 646 3909 717 δὲ,

2251 746 2376 804 οὐδὲ
2418 748 2637 811 ἐνταῦθα
2685 750 2788 800 τῶν
2836 743 3050 799 οἰκείων
3096 741 3219 815 περὶ
3269 738 3469 801 αὐτοὺς
3519 737 3725 810 ἠμέλει
3776 740 3907 791 θαυ-

2255 841 2459 913 μάτων.
2498 833 2655 893 Ἀλλ’
2684 837 2737 889 οἱ
2766 836 2857 907 μὲν
2892 828 3241 901 ἐϐαπτίζοντο
3280 827 3332 884 ἐν
3380 834 3459 901 τῷ
3502 827 3779 913 Εύςρρίᾼτῃ,
3828 826 3891 881 τὸ

2252 910 2462 1002 ῥεῖθρον
2522 923 2579 980 δὲ
2642 924 2787 994 αὐτῷ
2859 922 3139 1000 ἐπείγετο,
3205 921 3295 976 καὶ
3358 919 3536 998 φωτὸς
3607 910 3899 991 βεϐηκέναι

2252 1017 2447 1077 στῦλος
2478 1015 2565 1070 ἐπὶ
2597 1019 2705 1070 τῶν
2754 1011 2963 1069 ὑδάτων
3004 1010 3203 1084 ἐδόκει,
3236 1011 3401 1078 αὐτὴν
3440 1010 3539 1077 τὴν
3588 1009 3684 1061 τοῦ
3732 1003 3899 1074 ἡλίου

2250 1109 2441 1161 ὰκτῖνα
2496 1106 2634 1159 κατά
2678 1125 2737 1177 γε
2776 1104 2867 1158 τὸν
2920 1109 3021 1172 τῆς
3055 1100 3450 1176 λαμπρότητος
3475 1094 3665 1170 λόγον,
3695 1092 3901 1166 πολλῷ

2250 1199 2329 1267 τῷ
2376 1195 2569 1267 μεταξὺ
2627 1193 2860 1268 παριών.
2897 1189 3266 1247 Συνανέτελλε
3324 1188 3382 1244 δὲ
3442 1186 3588 1257 αύτῷ
3654 1183 3744 1239 ἐπῖ
3800 1189 3902 1252 τῆς

2250 1283 2491 1361 κεφαλῆς
2548 1284 2638 1338 καὶ
2697 1282 2943 1356 σταυρὸς,
2994 1280 3084 1337 καὶ
3168 1280 3269 1335 ὅσα
3349 1279 3443 1351 μὲν
3517 1276 3679 1335 οὗτος
3760 1269 3898 1341 εἶδε,

2252 1374 2431 1448 θαῦμα
2488 1376 2576 1443 ἧν.
2610 1375 2744 1447 Ηαρ’
2776 1372 2912 1442 ὅλην
2966 1369 3023 1427 δὲ
3087 1374 3185 1441 τὴν
3246 1368 3455 1443 ἡμέραν
3508 1365 3746 1435 ἐκείνην,
3783 1368 3901 1425 τοῖς

2251 1468 2357 1520 τῶν
2401 1461 2818 1538 βαπτισαμένων
2860 1460 3168 1539 ὀφθαλμοῖς
3199 1460 3431 1533 ἑωρᾶτο,
3464 1457 3527 1510 τὸ
3576 1453 3633 1509 δί
3679 1452 3904 1539 πλῆθος

2252 1536 2409 1622 αὐτὸ,
2447 1552 2604 1607 πέντε
2641 1552 2776 1624 πρὸς
2811 1536 2932 1613 ταῖς
2989 1546 3115 1604 δέκα
3177 1543 3445 1621 μυριάδας
3476 1544 3505 1599 6
3550 1536 3783 1616 ἀκριϐὴς
3834 1541 3911 1595 εί-

2250 1662 2335 1695 ναι
2368 1640 2535 1716 λόγος
2567 1636 2706 1715 ἔχει.
2738 1640 2907 1695 Ἑπτᾶ
2947 1635 3005 1693 δὲ
3044 1634 3329 1710 διατρίψας
3379 1636 3406 1689 6
3457 1632 3755 1708 ἀρχιερεὺς
3810 1630 3906 1685 ἐπὶ

2248 1735 2345 1786 τοῦ
2395 1732 2568 1786 τόπου
2621 1728 2830 1802 ἡμέρας
2878 1728 2965 1783 καὶ
3010 1726 3223 1795 πλῆθος
3273 1722 3417 1779 ἄλλο
3475 1721 3741 1795 βαπτίσας
3786 1719 3908 1794 ἀρι-

515 1818 690 1874 aliam
749 1816 1180 1873 multitudinem
1247 1819 1596 1891 baptizasset
1658 1817 2144 1874 innumerabilem

2258 1824 2400 1893 θμοῦ
2428 1823 2696 1894 κρεῖττον,
2727 1817 2797 1889 (εἰ
2830 1814 2886 1872 δὲ
2917 1818 3029 1894 χρὴ
3063 1814 3334 1870 πιστεύειν
3380 1816 3462 1884 τῷ
3518 1809 3595 1871 είς
3644 1808 3903 1871 πολλοὺς

2262 1908 2283 1917 -
2501 1910 2511 1917 .
2719 1906 2736 1917 .
2772 1907 2783 1917 .
2972 1906 2985 1917 .
3257 1901 3281 1917 ..
3678 1899 3691 1917 ,
3818 1896 3845 1917 ν

515 1907 585 1978 (si
633 1911 823 1962 autem
872 1907 1223 1962 credendum
1286 1913 1374 1963 est
1422 1909 1610 1977 famae,
1662 1925 1787 1980 quae
1838 1907 1895 1963 in
1940 1906 2146 1976 vulgus

515 1994 794 2062 manavit,
846 1994 1295 2065 quadringentae
1338 1997 1666 2069 myriadas),
1716 2004 1915 2053 octavo
1954 1996 2047 2051 die
2076 1994 2145 2051 il-

515 2082 634 2138 linc
678 2083 973 2151 recedens,
1019 2088 1076 2138 et
1118 2084 1391 2140 ecclesias
1422 2085 1727 2140 aedificavit
1776 2101 1875 2155 per
1916 2085 2147 2140 ueiver-

512 2188 637 2228 sam
665 2174 1026 2239 Armeniam,
1058 2178 1114 2229 et
1144 2175 1476 2231 sacerdotes
1506 2175 1565 2230 in
1596 2175 1679 2231 eis
1709 2175 2037 2232 constituit.

580 2260 823 2318 XXXVI.
856 2261 1277 2319 Communibus
1308 2268 1503 2319 autem
1535 2264 1741 2320 usibus
1771 2263 2147 2319 ecclesiarum

512 2365 610 2405 rex
638 2349 814 2404 etiam
845 2350 1109 2406 inserviit
1137 2351 1449 2416 Teridates,
1484 2368 1596 2407 non
1628 2368 1799 2422 parce
1828 2368 1931 2408 nec
1963 2367 2150 2408 socor-

512 2439 682 2503 diter,
714 2438 816 2494 sed
864 2443 921 2494 et
949 2439 1309 2496 sufficientes
1348 2441 1431 2497 eis
1480 2441 1728 2511 providit
1770 2440 2051 2509 redditus,
2092 2443 2149 2495 et

514 2526 835 2582 latissimas
876 2528 1275 2599 possessiones
1317 2530 1477 2601 larga
1510 2535 1567 2585 et
1601 2530 1825 2586 liberali
1856 2544 2027 2584 manu
2061 2529 2145 2584 eis

513 2613 777 2684 praebuit.
813 2615 934 2670 Non
969 2616 1252 2672 hactenus
1280 2623 1475 2672 autem
1508 2618 1665 2673 sistit
1691 2618 1943 2687 pontifex
1970 2634 2144 2672 suum

512 2703 772 2758 studium
806 2709 862 2758 et
887 2704 1268 2776 diligentiam,
1293 2707 1391 2760 sed
1426 2706 1597 2761 etiam
1630 2706 1801 2762 ludos
1831 2706 2146 2762 litterarios

516 2791 838 2846 construxit
894 2808 994 2863 per
1044 2809 1244 2849 omnes
1292 2794 1575 2863 civitates,
1626 2794 1823 2865 eisque
1881 2796 2145 2850 doctores

512 2888 566 2936 et
598 2880 908 2952 magistros
938 2882 1263 2952 constituit,
1297 2900 1429 2956 rege
1450 2884 1813 2956 itajubente,
1837 2890 1894 2941 et
1920 2885 1991 2940 ad
2025 2884 2144 2940 haec

514 2970 848 3040 adjuvante,
885 2978 943 3027 et
984 2974 1273 3043 pontificis
1320 2976 1511 3031 animo
1543 2991 1816 3047 magnam
1867 2990 2034 3046 opem
2070 2976 2146 3031 fe-

514 3063 694 3126 rente,
744 3059 974 3130 publice
1022 3060 1258 3132 quidem
1306 3080 1406 3135 per
1453 3064 1713 3119 civitates
1765 3064 2140 3136 predicatum

514 3148 624 3201 fuit
653 3164 686 3202 a
730 3149 1019 3219 pontiﬁce,
1052 3155 1113 3205 ut
1154 3150 1258 3206 filii
1308 3152 1708 3209 Armeniorum
1762 3154 2023 3224 undique
2072 3155 2141 3209 ad

2257 1908 2668 1986 διαφοιτήσαντι
2719 1906 2890 1982 λόγῳ,
2942 1906 3018 1965 εἷς
3083 1901 3347 1978 μυριαδας
3406 1899 3759 1976 τετρακοσίας
3816 1896 3903 1953 ὄν-

2253 2004 2393 2067 τας),
2452 1998 2521 2067 τῇ
2579 1993 2750 2070 ὀγδόη
2812 1995 3011 2058 ἐκεῖθεν
3056 1995 3286 2067 ὰπάρας,
3344 1989 3635 2060 ἐκκλησίας
3687 2008 3745 2043 τε
3801 1988 3903 2043 ἀνὰ

2255 2090 2425 2141 πᾶσαν
2477 2082 2753 2157 ᾠκοδόμει
2803 2084 2902 2152 τήν
2932 2082 3245 2158 Ἀρμενίαν,
3272 2081 3361 2135 καὶ
3393 2080 3555 2153 ἱερεῖς
3600 2077 3652 2132 ἐν
3706 2077 3898 2140 αὐταῖς

2261 2176 2510 2240 καθίστα.

2327 2266 2440 2328 Λς’.
2473 2265 2819 2338 Ὑπηρετεῖτο
2879 2259 2935 2317 δὲ
2984 2267 3105 2323 ταῖς
3160 2264 3368 2321 κοιναῖς
3424 2262 3532 2314 τῶν
3589 2255 3899 2328 ἐκκλησιῶν

2256 2354 2490 2431 χρείαις,
2522 2353 2611 2408 καὶ
2669 2355 2697 2407 6
2750 2352 3004 2428 βασιλεὺς
3058 2346 3388 2425 Τηριόάτης,
3448 2345 3573 2403 οὐδὲ
3634 2347 3900 2425 μικρολό-

2258 2466 2369 2521 γως
2403 2440 2526 2498 ούδὲ
2559 2442 2838 2519 ῥᾳθύμως,
2872 2440 3015 2497 ἀλλὰ
3046 2436 3352 2513 προσόδους
3409 2458 3469 2494 τε
3510 2438 3707 2499 αὐταῖς
3751 2434 3898 2511 διαρ-

2253 2538 2367 2594 κεῖς
2451 2530 2680 2605 ἐπενόει,
2737 2531 2827 2586 καὶ
2908 2532 3164 2603 κτήματα
3253 2534 3361 2583 τῶν
3448 2527 3895 2600 όνομαστοτᾶτων

2256 2620 2477 2697 δαψιλεῖ
2528 2625 2595 2695 τῇ
2654 2622 2799 2696 χειρὶ
2849 2621 2936 2675 καὶ
2993 2618 3388 2698 φιλοτιμοτέρα
3451 2616 3765 2693 παρείχετο.
3822 2616 3894 2674 Ού

2260 2714 2423 2790 μέχρι
2457 2709 2515 2766 δὲ
2542 2709 2749 2766 τούτων
2791 2707 2982 2780 ’ίστησι
3010 2709 3111 2776 τὴν
3142 2704 3460 2779 ἐπιμέλειαν
3500 2707 3528 2762 6
3561 2705 3849 2781 ἀρχιεραύς
3875 2721 3890 2738 ⁸

2255 2800 2400 2857 ἀλλὰ
2440 2801 2528 2855 καὶ
2573 2805 2821 2873 μουσεῖα,
2854 2798 2944 2853 καὶ
2994 2794 3374 2870 παιδευτήρια,
3414 2793 3511 2850 ἄνᾶ
3555 2798 3715 2850 πᾶσαν
3764 2813 3882 2848 κατι

2255 2889 2576 2945 εσκευάσατο
2624 2890 2724 2959 τὴν
2778 2887 2965 2955 πόλιν,
3024 2886 3113 2942 καὶ
3159 2883 3450 2946 παιδευτὰς
3516 2884 3697 2945 αὐτοῖς
3760 2903 3885 2938 κατ-

2255 2981 2516 3050 εστήσατο
2569 2979 2659 3034 καὶ
2718 2974 3104 3047 διδασκάλους,
3146 2978 3245 3030 τοῦ
3304 2972 3579 3049 βασιλέως
3632 2974 3719 3028 καὶ
3760 2973 3885 3048 πρὸς

2251 3072 2411 3124 τοῦτο
2467 3068 2528 3123 τὸ
2590 3069 2750 3144 μέρος
2808 3061 3249 3138 συλλαϐομένου,
3280 3065 3366 3120 καὶ
3425 3067 3493 3138 τῇ
3549 3068 3647 3118 τοῦ
3704 3062 3888 3137 ἀρχιε-

2255 3157 2389 3233 ρέως
2433 3159 2626 3234 γνώμῃ
2684 3156 3097 3213 συντελέσαντος
3172 3154 3239 3209 τὰ
3297 3153 3530 3227 μεγάλα,
3590 3149 3883 3226 κεκήρυκτό

510 3250 608 3291 eos
637 3236 1006 3304 ventitarent,
1038 3243 1091 3293 et
1123 3256 1317 3296 sacras
1359 3241 1705 3298 docerentur
1735 3244 1995 3298 Litteras.
2032 3244 2142 3298 De-

2257 3269 2311 3320 γε
2344 3250 2452 3320 μην
2480 3248 2579 3302 ἀνὰ
2614 3249 2714 3317 τήν
2758 3244 2921 3301 πόλιν
2976 3246 3076 3300 ὑπὸ
3133 3248 3229 3299 τοῦ
3265 3243 3583 3316 ἆρχιερέως,
3610 3243 3742 3303 τοὺς
3784 3243 3888 3295 τῶν

513 3323 648 3378 hinc
682 3341 794 3381 non
827 3327 1006 3383 solam
1036 3328 1370 3385 Armeniam
1404 3330 1734 3401 cemplexus
1760 3335 1847 3387 est
1879 3332 2146 3400 praedica-

514 3414 665 3467 tione
684 3413 1005 3487 Evangelii:
1026 3417 1123 3471 sed
1141 3417 1313 3473 etiam
1334 3418 1663 3484 Persarum,
1681 3426 1738 3476 et
1755 3420 2145 3491 Assyriorum,

515 3508 567 3554 et
603 3501 963 3570 Hunnorum,
1004 3508 1061 3560 et
1090 3504 1387 3562 Medorum
1430 3525 1542 3564 non
1577 3525 1785 3579 paucos
1818 3508 2067 3580 benigno
2096 3514 2152 3563 et

515 3586 670 3642 facili
702 3588 911 3645 Christi
936 3592 1079 3663 jugo
1109 3594 1429 3665 subjunxit.
1461 3598 1566 3651 Sed
1599 3596 1754 3652 enim
1796 3601 1857 3651 ut
1886 3598 1956 3652 ad
1987 3596 2149 3668 agni-

517 3675 737 3732 tionem
784 3679 1015 3747 quidem
1064 3683 1324 3739 veritatis
1366 3684 1633 3741 homines
1665 3687 1993 3754 deduceret,
2030 3689 2155 3741 erat

522 3766 665 3821 adeo
716 3765 895 3834 velox,
942 3776 1004 3823 ut
1051 3787 1083 3825 a
1121 3771 1284 3827 nulla
1340 3789 1563 3841 eorum,
1615 3790 1744 3846 qua;
1792 3776 2151 3841 accidebant,

519 3853 861 3911 difﬁcultate
892 3857 1329 3928 prohiberetur:
1375 3866 1441 3916 ut
1483 3867 1677 3919 autem
1722 3864 1815 3933 iis,
1857 3864 1955 3936 qui
2002 3864 2152 3921 male

520 3942 911 4013 patiebantur,
959 3962 1127 4016 opem
1174 3949 1366 4015 ferret,
1418 3952 1657 4009 minime
1695 3971 1890 4011 socors
1934 3958 2059 4010 erat
2097 3956 2153 4009 et

522 4031 768 4094 otiosus,
808 4038 861 4086 et
897 4033 1178 4091 minorem
1225 4038 1538 4096 adhibebat
1580 4058 1778 4098 curam
1813 4047 1869 4099 et
1897 4041 2153 4113 diligen—

521 4118 683 4189 tiam,
742 4120 858 4177 imo
917 4124 1189 4181 omnibus
1247 4127 1346 4198 qui
1402 4129 1745 4188 laborabant
1792 4133 2150 4203 corporibus.

523 4216 858 4281 promptum
906 4213 1313 4285 suppeditabat
1361 4218 1678 4277 auxilium:
1722 4227 1778 4278 et
1811 4222 2154 4278 medebatur

523 4298 596 4353 iis
627 4315 879 4372 quoque,
921 4304 1019 4374 qui
1063 4303 1398 4364 laborabant
1444 4312 1666 4381 animis,
1710 4328 2031 4385 eorumque
2062 4313 2154 4367 in-

522 4386 766 4444 testinas
808 4391 1048 4447 sedebat
1095 4395 1428 4462 seditiones,
1476 4408 1531 4454 et
1578 4401 1648 4455 ad
1700 4402 1856 4471 prius
1899 4403 2151 4457 dandam

523 4476 877 4531 curationem
910 4484 1033 4533 erat
1071 4480 1328 4552 celerior,
1378 4499 1553 4553 quam
1607 4488 1676 4541 ad
1721 4490 2026 4559 petendam
2062 4489 2151 4545 in-

2256 3335 2559 3409 ’Δρμενίων
2634 3332 2829 3397 παῖδας
2913 3335 3164 3390 ἑκάστοτε
3238 3331 3361 3405 παρ’
3406 3328 3594 3389 αὐτοῖς
3671 3332 3891 3403 φοιτᾷν.

2255 3426 2346 3479 καὶ
2394 3426 2459 3481 τὰ
2517 3426 2633 3499 ἱερὰ
2707 3422 3051 3487 παιδεύεσθαι
3129 3423 3442 3498 Γρᾶμματα.
3494 3418 3773 3473 ’Σντεῦθεν
3826 3414 3895 3471 οὗ

2258 3516 2357 3585 τήν
2388 3515 2672 3590 Ἀρμενίαν
2718 3514 2882 3589 μόνον
2929 3518 3008 3586 τῷ
3050 3518 3148 3568 τοῦ
3188 3508 3521 3585 Εὐαγγελίου
3576 3506 3901 3581 κηρύγματι

2259 3599 2600 3679 περιέλαϐεν,
2658 3602 2805 3659 ἀλλὰ
2869 3603 2958 3658 καὶ
3018 3604 3239 3677 Περσῶν
3293 3597 3383 3654 καὶ
3439 3594 3741 3670 Ἀσσυρίων
3809 3594 3902 3648 καὶ

2262 3693 2475 3749 Οὕννων
2532 3694 2623 3749 καὶ
2684 3690 2890 3763 Μήδων
2944 3692 3045 3747 οὐκ
3102 3688 3347 3765 ὀλίγους,
3383 3691 3463 3759 τῷ
3516 3688 3745 3761 χρηστῷ
3801 3686 3901 3740 τοῦ

2261 3789 2505 3859 Χριστοῦ
2563 3788 2706 3860 ζυγῷ
2735 3781 3036 3857 προθύμως
3086 3781 3381 3856 ὑπήγαγεν.
3415 3775 3593 3834 Ἀλλὰ
3629 3774 3734 3853 γὰρ
3792 3772 3904 3853 οὐχ

2262 3875 2399 3929 ὥστε
2432 3875 2527 3948 μὲν
2578 3874 2713 3949 πρὸς
2771 3872 3062 3948 ἐπίγνωσιν
3113 3872 3351 3946 ἀγαγεῖν,
3383 3867 3525 3923 οὕτω
3588 3863 3761 3940 ταχὺς
3808 3864 3902 3932 ἦν,

2261 3962 2351 4017 καὶ
2409 3960 2580 4017 οὐδενὶ
2638 3964 2746 4015 τῶν
2819 3961 2895 4023 ὡς
2959 3957 3104 4021 εῗκὸς
3151 3953 3559 4031 συμϐαινύντων
3615 3952 3900 4030 δυσχερῶν

2257 4049 2625 4125 κωλυόμενος.
2686 4047 2824 4104 ὥστε
2879 4045 2936 4103 δὲ
2986 4051 3166 4108 κακῶς
3210 4047 3514 4121 πάσχουσιν
3555 4043 3904 4118 ἀμῦναι,

2262 4153 2429 4215 θυμον
2477 4134 2672 4195 ἐϐλεπε
2735 4137 2824 4193 καὶ
2882 4136 3045 4212 ἀργὸν
3092 4136 3182 4190 καὶ
3228 4135 3430 4203 ¹ἥττονα
3486 4134 3589 4201 τὴν
3636 4128 3897 4207 πρόνοιαν

2259 4231 2348 4286 καὶ
2402 4232 2500 4300 τήν
2561 4226 2800 4299 σπουδὴν
2856 4221 3351 4304 εἷσειρέρετο,ἆλλὰ
3406 4222 3496 4278 καὶ
3544 4223 3611 4277 τὰ
3670 4222 3901 4294 σώματα

2259 4320 2578 4396 κάμνουσιν,
2638 4318 2859 4394 ἕτοιμον
2905 4319 3003 4389 τήν
3051 4315 3285 4391 ἱατρείαν
3345 4312 3593 4388 ἐπήρκει,
3645 4311 3735 4366 καὶ
3801 4312 3901 4373 τας

2262 4413 2443 4490 ψυχὰς
2499 4416 2810 4479 νοσοῦντας,
2870 4407 2989 4464 ἰᾶτο
3044 4407 3135 4462 καὶ
3191 4404 3286 4467 τὰς
3338 4399 3644 4479 ἐμφυλίους
3715 4398 3905 4461 αὐτοῖς

2265 4485 2509 4574 ἐκοίμιζε
2573 4503 2808 4569 στάσεις,
2867 4498 2956 4554 καὶ
3022 4497 3088 4565 ἧν
3146 4500 3243 4551 τοῦ
3300 4493 3517 4562 αἰτῆσαι
3566 4485 3777 4560 λαϐεῖν,
3838 4489 3903 4544 τὸ

521 4562 675 4665 firmi
741 4570 807 4620 ut
851 4567 1191 4665 acciperent,
1242 4573 1298 4624 et
1350 4571 1447 4628 illo
1489 4574 1615 4645 ipso
1645 4582 1769 4632 erat
1815 4582 2013 4648 pastor
2059 4579 2147 4638 ille

2265 4590 2460 4665 φθάσαι
2511 4588 2695 4645 δοῦναι
2751 4589 2850 4657 τὴν
2908 4585 3188 4661 θεραπείαν
3237 4582 3533 4656 [ὀξύτερος,
3590 4580 3681 4635 καὶ
3731 4582 3902 4635 τοῦτο

520 4650 731 4722 bonus,
763 4656 865 4724 qui
895 4671 998 4711 nec
1030 4656 1140 4729 ipsi
1173 4660 1431 4730 quidem,
1484 4664 1533 4717 si
1565 4681 1708 4736 opus
1752 4676 1923 4734 esset,
1950 4668 2148 4726 animas

522 4756 645 4798 sum
692 4748 951 4814 parceret
1008 4762 1111 4817 pro
1168 4748 1393 4805 ovibus.
1452 4751 1947 4813 Exinaniebantur
1996 4764 2151 4817 certe

522 4846 803 4903 carceres,
853 4836 1174 4893 debitorum
1217 4856 1350 4897 vero
1380 4845 1803 4916 rumpebantur
1831 4848 2148 4919 schedulte,

522 4928 575 4977 et
605 4923 894 4991 profunda
912 4942 1050 4996 pace
1070 4927 1371 4986 fruebatur
1391 4934 1687 4991 Armenia.
1714 4936 1807 4992 Sic
1837 4953 1973 5011 ergo
2003 4941 2151 4997 citra

520 5011 895 5069 offensionem
949 5020 1005 5071 et
1042 5019 1401 5089 aequabiliter
1448 5026 1791 5094 procedente
1830 5027 2062 5097 pietate,
2093 5036 2151 5087 et

519 5099 786 5156 universa
832 5102 1065 5174 virtute,
1117 5112 1174 5163 et
1220 5110 1407 5180 gratia
1455 5112 1609 5169 circa
1656 5129 1753 5170 eos
1793 5114 2000 5174 choros
2044 5119 2149 5175 du-

517 5189 903 5279 cente,_multi
949 5196 1187 5265 quidem
1219 5199 1396 5255 vitam
1426 5199 1712 5271 eligebant
1744 5208 2144 5279 monasticam,

516 5279 573 5330 et
602 5276 659 5331 in
691 5276 934 5335 diversis
963 5282 1104 5340 locis
1130 5291 1506 5347 exstruebant
1538 5293 1912 5362 monasteria,
1943 5301 2001 5352 et
2028 5276 2146 5353 am-

519 5363 924 5434 plectebantur
956 5372 1229 5442 quietem.

582 5632 661 5703 (8)
691 5632 957 5693 Citantur
984 5638 1107 5701 hac
1136 5645 1351 5709 ibidem
1384 5653 1549 5731 apud.
1574 5653 1965 5727 Euthymium.

2261 4680 2453 4752 ἐκεῖνο,
2503 4680 2530 4733 6
2578 4678 2787 4751 ποιμὴν
2828 4677 2857 4731 ό
2913 4674 3079 4737 καλὸς
3130 4674 3368 4747 ὑπῆρχε,
3430 4668 3570 4745 μηδὲ
3628 4669 3802 4738 αὐτῆς
3844 4667 3903 4723 ἃν

2264 4770 2308 4826 εί
2340 4769 2451 4825 δέοι
2507 4770 2607 4837 τῆς
2662 4767 2848 4840 ψυχῆς
2881 4764 3013 4838 ὑπὲρ
3050 4768 3157 4819 τῶν
3210 4758 3497 4836 προϐάτων
3548 4755 3901 4835 φειδόμενος.

2260 4855 2482 4931 ’Δμέλει
2536 4855 2623 4909 καὶ
2690 4851 3041 4927 δεσμωτήρια
3100 4852 3194 4925 μὶν
3254 4848 3552 4917 ἐκενοῢντο,
3584 4851 3761 4923 χρεῶν
3821 4843 3905 4902 8s-

2262 4944 2614 5022 διερρήγνυτο
2668 4946 3036 5019 γραμματεῖα,
3086 4940 3177 4996 καὶ
3244 4938 3463 5015 εἰρήνης
3529 4936 3804 4993 ἀπέλαυον
3864 4938 3903 5006 ἠ

2258 5034 2518 5110 ’Λρμενία
2580 5031 2816 5109 βαθείας.
2876 5032 2979 5089 Καὶ
3037 5034 3366 5106 ἡμερώτατα
3420 5024 3554 5100 ἔζων
3610 5026 3753 5083 οὕτω
3812 5048 3906 5083 τοι

2260 5127 2459 5203 γαροῦν
2491 5121 2802 5185 ἀπταίστως
2832 5121 2921 5178 καὶ
2954 5122 2981 5177 6
3014 5119 3241 5195 ὁμαλῶς
3275 5117 3568 5189 ὁδευούσης
3598 5124 3699 5187 τῆς
3737 5117 3905 5173 εὗσε-

2260 5209 2431 5278 ϐείας,
2462 5212 2553 5267 καὶ
2594 5211 2788 5287 ἀρετῆς
2836 5210 3052 5282 ἀπάσης
3098 5211 3189 5268 καὶ
3237 5211 3467 5285 χάριτος
3522 5206 3646 5281 περὶ
3698 5204 3908 5272 αὐτοὺς

2260 5300 2622 5380 χορευούσης,
2654 5299 2859 5357 πολλοὶ
2894 5301 2987 5374 μὶν
3019 5299 3110 5356 τὸν
3147 5301 3481 5375 μονότροπον
3523 5294 3907 5371 ἐπανῃροῦντυ

2264 5390 2401 5465 βίον,
2480 5391 2571 5445 καὶ
2655 5392 2961 5465 ἁσκητήρια
3031 5389 3166 5444 κατᾶ
3260 5385 3550 5464 διαφόρους
3643 5382 3907 5459 ίδρυοντα

2254 5479 2481 5555 τόπους,
2511 5480 2601 5535 καὶ
2639 5481 2740 5551 τὴν
2770 5480 2805 5550 ἡ
2840 5478 3030 5555 συχίαν
3064 5478 3394 5549 ἠσπάζοντο.
