4142 6248
294 319 416 382 993

1297 317 1483 381 VITA
1526 321 1589 382 S.
1637 322 2016 386 GREGORII
2061 324 2695 396 ILLUMINATORIS.

3575 332 3691 394 994

359 483 477 540 AZ‘.
509 479 614 540 Καὶ
669 483 866 543 παῖδας
927 476 984 536 δὲ
1039 482 1214 537 ἀυτῶν
1247 481 1511 556 πρότερον
1552 479 1793 538 ἀπίστων
1825 503 1933 537 πα-

2120 485 2402 544 ΧΧΧνΙΙ.
2436 489 2608 546 Porro
2637 493 2829 546 autem
2853 507 2987 548 cum
3019 491 3336 550 nonnullos
3365 507 3596 567 quoque
3620 493 3688 550 ιι-

291 567 608 648 ραλαϐὼνὸ
640 572 784 648 ίερὸς
841 572 1168 646 Γρηγόριος,
1225 573 1316 627 καὶ
1374 573 1600 649 ἀγωγῆς
1655 573 1938 646 ἀμείνονος

289 663 381 716 καὶ
436 660 683 722 παιδείας
729 660 1133 736 ἐμμελεπέρας
1188 661 1440 734 ἀξιώσας,
1501 660 1591 716 καὶ
1650 666 1748 716 τοῦ
1781 683 1946 718 πνευ-

296 757 526 826 ματικοῦ
586 751 707 829 βίου
774 753 862 807 καὶ
913 759 1012 822 τῆς
1062 753 1290 828 χάριτος
1324 749 1606 826 μεταδοὺς,
1639 752 1719 817 εἷς
1775 759 1942 810 τοῦτο

293 841 644 914 τελειότητος
681 841 774 897 καὶ
831 842 1035 915 ἀρετῶν
1097 839 1426 916 ἤγαγεν,ὡς
1464 841 1554 896 καὶ
1613 841 1690 904 εἰς
1748 841 1944 906 αὐτοὺς

294 928 361 1001 δὴ
408 951 513 986 που
561 929 687 992 τοὺς
740 928 1010 1006 μεγάλους
1057 933 1166 985 τῶν
1248 929 1556 986 ἐπισκόπων
1620 926 1941 986 ἀναϐιϐάσαι

295 1019 540 1094 θρόνους,
597 1019 689 1073 καὶ
744 1022 824 1090 τῷ
865 1019 961 1091 μὲν
1009 1019 1077 1073 τά
1133 1017 1278 1092 παρᾶ
1303 1019 1394 1074 τὸν
1432 1018 1720 1096 Εὐφράτην
1761 1018 1943 1096 ἐγχει-

296 1127 462 1184 ρισαι·
515 1107 768 1170 Ἀλκῖνος
817 1103 992 1180 ὄνομα
1034 1107 1122 1178 ἦν,
1188 1111 1269 1180 τῷ
1318 1104 1376 1164 δὲ
1430 1106 1718 1181 (Εὐθάλιος
1785 1106 1941 1171 οὗτος

294 1194 566 1270 ἐκαλεῖτο)
610 1197 713 1266 τήν
782 1198 1021 1252 Βασινῶν
1094 1194 1425 1270 περίχωρον.
1490 1194 1592 1253 Εαὶ
1642 1215 1826 1271 τριτος
1884 1194 1943 1251 δὲ

292 1283 512 1364 ὕπῆρχε
562 1286 790 1356 Βᾶσσος,
838 1284 929 1340 καὶ
981 1285 1147 1359 μέχρι
1195 1288 1292 1339 τοῦ
1339 1281 1564 1341 δεκάτου
1599 1284 1879 1359 προῆλθεν
1911 1285 1940 1340 6

290 1375 542 1452 ἀριθμός.
591 1373 838 1438 Πολλοῖς
890 1373 1075 1448 μέντοι
1123 1375 1211 1430 καὶ
1275 1373 1471 1437 ἄλλοις
1527 1373 1716 1450 γένους
1757 1375 1942 1450 ἑτερου

291 1465 638 1536 Ἐκκλησιῶν
688 1462 988 1535 ἐπισκοπὴν
1047 1464 1286 1522 ἀνέθετο.
1341 1463 1446 1522 Καὶ
1489 1466 1693 1528 πάντας
1741 1466 1817 1528 εἷς
1846 1486 1942 1521 τε-

288 1555 608 1631 τρακοσίους
654 1553 706 1610 ἐν
760 1555 959 1629 βραχεῖ
1011 1556 1091 1625 τῷ
1146 1554 1330 1628 χρόνῳ
1402 1553 1646 1627 γενέσθαι
1703 1551 1938 1630 λέγεται.

289 1646 390 1702 Τὸν
423 1665 486 1721 γε
519 1645 628 1716 μὴν
668 1641 921 1698 Ἀλκῖνον
972 1641 1074 1698 ὅσα
1123 1643 1261 1717 πρὸς
1290 1641 1486 1716 ἀρετῆς
1517 1639 1741 1712 ἄσκησιν
1774 1641 1938 1716 ἄκρον

290 1731 440 1800 ὄντα,
467 1733 558 1788 καὶ
615 1731 803 1792 ἄλλως
850 1730 1061 1801 ἐπιεικῆ
1094 1734 1184 1786 καί
1220 1729 1462 1805 μέτριον,
1502 1729 1663 1801 ἡνίκα
1711 1733 1740 1787 ὁ
1772 1732 1938 1807 μέγας

291 1824 449 1885 οὗτος
482 1819 569 1877 ἐπὶ
611 1820 678 1877 τὰ
711 1819 1029 1894 ὑψηλότατα
1057 1824 1163 1876 τῶν
1195 1822 1532 1895 Ἀρμενικῶν
1565 1820 1705 1896 ὀρῶν
1772 1821 1934 1877 ἀπαί-
1961 1846 2017 1912 Β

290 1933 406 1970 πειν
422 1909 623 1984 ἔμελλε
634 1913 701 1985 τῇ
715 1907 850 1988 φίλῃ
874 1910 1223 1983 συνεσόμενος
1249 1909 1460 1984 ἐρήμῳ,
1483 1914 1599 1971 τοῖς
1634 1909 1933 1984 βασιλείοις

293 2000 454 2057 αὐτὸν
485 1998 552 2071 δὴ
609 2001 700 2056 τον
757 1997 1004 2057 ’Λλκῖνον
1060 1999 1273 2076 ἐφίστη,
1309 1999 1483 2055 ἐκεῖνα
1539 2003 1714 2054 ποιεῖν
1765 1996 1940 2054 ἐντελ-

292 2091 550 2166 λόμενος,
609 2093 744 2166 ἅπερ
799 2089 861 2146 ἂν
912 2089 1004 2145 καὶ
1051 2089 1216 2153 αὐτὸς
1268 2089 1315 2144 εἰ
1370 2095 1571 2163 παρῆν,
1611 2088 1828 2145 καίτοι
1876 2109 1939 2165 γε

287 2179 463 2243 πολὺς
507 2180 576 2250 ἦν
625 2179 677 2235 ἐν
723 2183 792 2254 τῇ
839 2176 1079 2254 ἐκδημίᾳ
1134 2177 1269 2251 μετά
1313 2181 1412 2234 τοῦ
1443 2177 1703 2251 ποιμνίου
1730 2179 1758 2233 6
1794 2179 1941 2252 βασι-

289 2269 418 2333 λεὺς
468 2273 548 2342 τῷ
605 2270 894 2345 Γρηγορίῳ
947 2266 1358 2342 προσκείμενοι,
1421 2264 1694 2340 μηδαμῶς
1762 2265 1938 2323 αὐτῶν

294 2357 442 2432 μηδὲ·
462 2358 525 2413 τὸ
560 2356 739 2432 Βραχὺ
797 2355 1100 2427 διαστῆναι,
1133 2353 1262 2411 ἀλλ’
1310 2355 1459 2410 ἐνίκα
1497 2353 1651 2428 ὅμως
1683 2357 1711 2411 6
1741 2358 1840 2424 τῆς
1879 2357 1942 2425 ἡ.

292 2445 487 2522 συχίας
544 2444 682 2522 ἔρως
733 2446 834 2514 τήν
886 2442 1094 2516 δέησιν,
1144 2444 1236 2499 καὶ
1279 2443 1495 2499 ἀπιὲναν
1546 2442 1673 2499 ὅσον
1723 2441 1940 2499 οὐδέπω

292 2533 551 2595 ἐϐούλετο
575 2579 590 2595 .
634 2579 650 2596 .
680 2580 695 2594 .
729 2581 746 2594 .
774 2579 788 2594 .
824 2581 839 2596 .
865 2577 880 2592 .
904 2536 996 2590 σὺν
1047 2532 1262 2611 ὀλίγοις
1292 2539 1401 2588 τῶν
1433 2535 1688 2606 μαθητῶν
1719 2535 1943 2601 πέτραις

294 2627 574 2703 ὑπογείοις
641 2627 853 2698 οἰκήσει
909 2626 1204 2700 χρήσαιτο,
1262 2623 1353 2678 καὶ
1394 2620 1635 2678 κατιδίαν
1681 2623 1942 2696 ὁμιλήσει

290 2721 372 2790 τῷ
425 2717 766 2790 ποθουμὲνῳ,
830 2712 971 2788 μηδέ
1008 2714 1174 2787 ολίγα
1223 2715 1295 2786 τῇ
1346 2716 1443 2768 τοῦ
1490 2713 1745 2785 σώματος
1783 2714 1946 2786 θερα-

293 2803 420 2877 πείᾳ
473 2801 994 2879 προσκολλώμενος.
1055 2803 1258 2875 Ἀρτου
1325 2802 1426 2875 γὰρ
1485 2801 1520 2869 ἢ
1592 2803 1698 2854 τῶν
1758 2798 1944 2855 ἄλλων

296 2891 374 2954 είς
424 2893 626 2966 βρῶσιν
683 2887 1008 2960 ἐπιτηδείων
1057 2893 1182 2962 παρ’
1215 2885 1347 2948 ὅλας
1376 2886 1776 2960 τεσσαράκοντα
1804 2887 1948 2960 ἡμέ-

297 3001 394 3056 ρας
423 2982 558 3052 ἄπαξ
579 2976 811 3056 ἐγεύετο.

365 3068 498 3126 ΑΠ’.
529 3064 818 3134 Βασιλεὺς,
846 3062 905 3120 δὲ
941 3062 1260 3140 Τηριὸάτης
1283 3061 1460 3138 ὀλίγῳ
1492 3059 1942 3136 ὕστερον,ἔπειδὴ

291 3162 371 3229 τῷ
417 3153 730 3230 Γρηγοφίου
775 3157 1052 3230 χωρισμῷ
1109 3151 1337 3228 ἤχθετο,
1386 3150 1476 3206 καὶ
1521 3151 1795 3226 βαρύτατα
1841 3151 1940 3219 τήν

2055 575 2162 633 lios
2185 575 2433 645 illorum,
2458 578 2556 649 qui
2591 578 2752 649 prius
2767 584 2933 636 erant
2962 581 3246 651 inﬁdeles,
3281 588 3688 640 sacrosanctus

2053 665 2472 735 assumpsisset
2502 667 2838 740 Gregorius,
2867 669 3195 742 meliusque
3224 672 3558 729 educandos
3588 690 3689 729 cu-

2052 761 2242 810 rasset
2269 761 2328 810 et
2355 755 2727 824 erudiendos,
2753 758 2988 828 vitaque
3017 758 3264 828 spiritali
3295 764 3351 816 et
3379 763 3563 833 gratia
3591 778 3690 819 eos

2052 843 2432 915 impertiisset
2485 860 2550 900 eo
2585 845 2957 916 perfectionis
3015 846 3251 902 deduxit
3318 853 3377 904 et
3437 849 3689 920 virtutis,

2053 933 2315 988 utetiam
2347 933 2405 987 in
2439 932 2595 1004 ipsas
2643 949 2885 1004 magnas
2924 935 3324 1006 episcoporum
3378 939 3545 994 sedes
3593 955 3692 995 eos

2050 1021 2406 1092 provexerit:
2432 1026 2488 1078 et
2511 1022 2609 1077 uni
2632 1024 2867 1093 quidem
2897 1040 3024 1080 eam
3051 1024 3354 1081 tradiderit
3376 1029 3690 1099 regionem,

2051 1125 2178 1180 qua
2232 1114 2323 1166 est
2378 1112 2447 1166 ad
2507 1111 2858 1182 Euphratem
2906 1130 2920 1169 :
2973 1113 3022 1169 ei
3057 1119 3256 1170 autem
3310 1132 3520 1172 nomen
3567 1124 3693 1177 erat

2050 1197 2292 1255 Alcinus
2326 1213 2341 1254 ε
2374 1197 2535 1254 alteri
2569 1215 2701 1254 vero
2722 1201 3058 1270 (vocabatur
3088 1203 3138 1258 is
3169 1203 3494 1277 Euthalius)
3529 1207 3689 1262 Basi-

2051 1301 2283 1355 norum,
2336 1303 2461 1357 quas
2527 1293 2614 1343 est
2679 1289 3077 1359 circumcirca,
3140 1292 3455 1361 regionem.
3513 1295 3687 1351 Porro

2051 1380 2244 1431 autem
2275 1376 2482 1432 tertius
2510 1392 2744 1448 quoque
2774 1376 2883 1433 fuit
2911 1377 3126 1435 Bassus
3160 1395 3173 1434 :
3207 1384 3264 1436 et
3292 1382 3362 1436 ad
3394 1383 3686 1442 decimum

2049 1479 2239 1535 usque
2268 1464 2551 1537 processit
2581 1481 2885 1521 numerus.
2908 1469 3038 1523 Jam
3071 1484 3201 1524 vero
3233 1470 3434 1527 multis
3455 1488 3687 1544 quoque

2049 1551 2181 1608 aliis
2219 1551 2458 1609 alterius
2498 1553 2748 1624 generis,
2779 1554 3166 1612 Ecclesiarum
3207 1558 3504 1615 mandavit
3534 1561 3687 1632 epis-

2049 1646 2312 1712 copatus.
2345 1642 2746 1714 Dicunturque
2775 1643 2932 1700 brevi
2976 1649 3231 1717 tempore
3280 1647 3458 1704 fuisse
3488 1664 3688 1707 omnes

2049 1730 2482 1802 quadringenti.
2516 1731 2776 1786 Alcinum
2819 1737 3038 1799 autem,
3070 1734 3171 1806 qui
3230 1742 3566 1807 pervenerat
3613 1741 3686 1796 ad

2048 1833 2344 1875 summam
2389 1818 2621 1875 virtutis
2668 1821 3155 1892 exercittaionem,
3197 1832 3252 1880 et
3293 1830 3416 1881 erat
3471 1826 3690 1897 alioqui

2043 1907 2204 1963 mitis
2224 1911 2284 1962 et
2314 1908 2668 1975 moderatus,
2697 1909 2929 1980 quando
2961 1925 3211 1983 magnus
3251 1913 3342 1969 hic
3373 1913 3686 1988 Gregorius

2042 1997 2252 2054 eratad
2271 1995 2594 2053 altissimos
2605 2002 2831 2054 montes
2843 2000 3129 2056 Armeniae
3151 2001 3534 2072 profecturus,
3551 2004 3681 2061 utin

2043 2085 2220 2143 chara
2239 2086 2478 2156 degeret
2512 2085 2848 2155 solitudine,
2879 2087 3097 2159 ipsum,
3128 2089 3374 2161 inquam,
3409 2091 3682 2150 Alcinum

2044 2175 2285 2248 praeﬁcit
2299 2175 2492 2248 regiae,
2502 2176 2723 2246 jubens
2745 2181 2809 2231 ut
2832 2175 2933 2234 illa
2951 2178 3177 2248 faceret,
3201 2196 3328 2251 quis
3350 2180 3364 2234 i
3372 2195 3497 2252 pse,
3513 2182 3562 2238 si
3579 2183 3683 2238 ad-

2043 2269 2214 2320 esset.
2231 2266 2568 2334 Quanquam
2583 2281 2714 2322 vero
2739 2265 2872 2322 dum
2887 2271 3040 2323 esset
3059 2283 3420 2340 recessurus,
3437 2287 3532 2327 rex
3546 2287 3680 2328 cum

2043 2368 2216 2425 grege
2234 2369 2267 2408 a
2287 2353 2556 2425 Gregorio
2585 2354 2950 2410 vehementer
2970 2355 3286 2425 contendit,
3306 2366 3364 2412 ut
3386 2359 3458 2415 ab
3480 2359 3566 2416 eis
3588 2375 3684 2416 ne-

2045 2459 2338 2514 quaquam
2388 2443 2703 2500 discederet
2756 2460 2772 2500 :
2829 2444 2964 2500 vicit
3012 2448 3205 2502 tamen
3236 2463 3438 2504 eorum
3486 2465 3685 2522 preces

2047 2547 2212 2588 amor
2263 2531 2482 2603 quietis
2511 2541 2564 2588 et
2602 2533 2816 2588 silentii
2849 2549 2864 2588 :
2897 2537 2956 2589 et
2987 2550 3119 2590 mox
3169 2551 3235 2592 eo
3273 2536 3454 2593 voluit
3503 2538 3682 2606 abire,

2046 2620 2146 2676 ubi
2167 2636 2299 2677 cum
2323 2622 2523 2693 paucis
2543 2622 2846 2694 discipulis
2863 2623 2922 2678 in
2945 2624 3122 2694 petris
3145 2625 3545 2684 subterraneis
3564 2633 3688 2684 ute-

2044 2718 2201 2766 retur
2220 2709 2598 2777 habitatione,
2622 2714 2834 2767 etcum
2868 2727 2958 2778 eo,
2981 2728 3154 2783 quem
3186 2714 3571 2784 desiderabat,
3596 2733 3687 2773 se-

2045 2815 2244 2855 orsum
2261 2799 2498 2855 haberet
2514 2799 3018 2867 consuetudinem,
3035 2817 3108 2857 ne
3127 2802 3435 2859 minimum
3453 2806 3689 2877 quidem

2045 2901 2260 2942 vacans
2288 2885 2544 2941 curando
2575 2887 2824 2956 corpori.
2849 2889 3060 2944 Panem
3094 2891 3248 2946 enim
3279 2895 3380 2946 aut
3401 2891 3513 2948 alia
3534 2910 3690 2949 escu-

2047 2971 2227 3037 lenta,
2265 2974 2717 3046 quadragesimo
2763 2992 2998 3049 quoque
3036 2977 3128 3034 die
3185 2980 3365 3036 semel
3397 2983 3688 3053 gustabat.

2120 3059 2421 3116 XXXVIII.
2439 3062 2557 3116 Rex
2570 3070 2766 3119 autem
2789 3065 3087 3122 Teridates
3108 3068 3277 3135 paulo
3295 3071 3690 3142 posl,quiGre-

2052 3149 2200 3221 gorii
2214 3165 2365 3222 egre
2382 3149 2600 3205 ferebat
2616 3154 3036 3222 separationem
3048 3155 3345 3228 ,illiusquc
3357 3161 3388 3213 d
3401 3160 3694 3228 isjunctio-

305 3209 316 3212 ⁷
331 3209 362 3229 Τ
418 3209 439 3212 ’⁷
459 3209 478 3230 Γ
500 3209 526 3227 ἡ.
546 3209 557 3230 Ι
581 3209 591 3211 ⁷
616 3209 628 3229 Ι
680 3209 685 3210 ⁷
779 3209 817 3230 ἢ.
870 3209 879 3228 l
963 3209 974 3228 I
1026 3209 1036 3226 Ι
1133 3209 1192 3228 ιη.
1324 3209 1336 3224 1
1521 3209 1530 3226 ι
1596 3209 1606 3225 ι
1898 3209 1908 3219 υ

291 3244 492 3301 ἐκείνου
544 3242 815 3300 διάστασιν
866 3241 957 3297 καὶ
1003 3243 1102 3310 τὴν
1171 3237 1484 3312 ἀποδημίαν
1528 3237 1766 3309 ἒπένθει,
1799 3238 1937 3294 ἀνα-

2058 3253 2185 3293 nem
2200 3237 2592 3294 etabsentiam
2609 3238 2842 3310 lugebat
2854 3242 3349 3310 gravissime,cum
3367 3248 3694 3304 rescivisset

294 3335 479 3410 μαθὼν
511 3330 608 3390 δύο
654 3329 850 3395 παῖδας
899 3329 952 3404 ἐξ
983 3329 1148 3386 αὐτοῦ
1185 3349 1243 3384 τε
1282 3328 1374 3384 καὶ
1414 3328 1669 3404 γυναικὸς
1715 3327 1942 3405 γνησίας

290 3422 380 3479 ἐπὶ
406 3429 506 3491 τῆς
562 3421 766 3477 ἐκείνου
811 3418 1066 3487 νεότητος
1115 3411 1192 3474 ἔτι
1222 3417 1314 3473 καὶ
1363 3415 1543 3489 ἀκμῆς
1571 3416 1942 3492 γεγεννῆσθαι,

295 3512 369 3566 ὧν
401 3515 482 3584 τῷ
515 3511 610 3584 μὶν
641 3510 908 3584 Ὀρθάνης
939 3507 1117 3581 ὂνομα
1144 3506 1234 3577 ἦν,
1281 3504 1361 3578 τῷ
1414 3501 1648 3579 δευτὲρῲ
1681 3501 1738 3559 δὲ
1768 3509 1944 3578 Ἀρω-

298 3602 493 3670 στάνης
524 3600 720 3676 φίλους
752 3599 946 3674 ἀρετῆς
995 3595 1161 3674 ἄμφω
1206 3596 1297 3650 καὶ
1347 3593 1590 3672 φύλακας
1645 3588 1940 3655 εὐσεϐείας.

300 3690 447 3746 ἀλλά
495 3688 712 3756 τρύτοιν
742 3707 802 3763 γε
833 3691 949 3741 τοῖν
1000 3683 1148 3741 δυοῖν
1198 3681 1415 3740 παίδοιν
1465 3683 1556 3737 τὸν
1601 3682 1694 3754 μὲν
1745 3682 1834 3736 καὶ
1865 3681 1941 3744 είς

295 3776 664 3857 πρεσϐυτέρου
719 3775 1086 3847 καταλεγῆναι
1141 3774 1370 3848 βαθμὸν,
1403 3772 1696 3848 (Ὀρθάνης
1728 3771 1886 3834 οὗτος
1912 3773 1941 3828 6

297 3869 560 3943 πρότερος
599 3867 713 3941 ἧν,)
753 3865 1100 3940 Ἀρωστάνην
1152 3860 1211 3918 δὲ
1249 3864 1338 3918 τὸν
1399 3860 1661 3937 ἒρημικὸν
1705 3861 1822 3936 βίον
1851 3862 1940 3916 καὶ

296 3958 666 4027 ἀκοινώνητον
695 3954 744 4025 ἐξ
776 3955 943 4011 αὐτοῦ
969 3951 1241 4029 γάλακτος
1272 3949 1351 4009 ἔτι
1371 3947 1580 4024 κομιδῆ
1605 3947 1772 4006 παῖδα
1815 3948 1940 4006 ἐλέ-

295 4049 437 4105 σθαι.
490 4044 853 4121 Μονοχίτωνά
899 4063 959 4100 τε
1007 4043 1112 4118 γάρ
1137 4041 1222 4098 ἐπὶ
1254 4047 1354 4111 τῆς
1385 4039 1616 4115 ἐρημίας
1649 4034 1939 4112 διατρίϐειν

295 4135 515 4214 ἐλέγετο
565 4133 730 4210 ψύχει
787 4132 878 4189 καὶ
927 4132 1124 4198 θάλπει
1191 4128 1508 4200 παλαίοντα,
1575 4129 1662 4184 καὶ
1723 4126 1940 4206 λάχανα

294 4228 552 4282 σιτεῖσθαι
587 4224 746 4299 μόνα,
779 4222 1093 4299 παννύχους
1139 4218 1197 4277 δὶ
1243 4221 1455 4281 στάσεις
1503 4217 1594 4273 καὶ
1643 4217 1940 4290 ἀγρυπνίας

291 4317 382 4373 καὶ
434 4316 802 4391 μεθημερινὰς
851 4311 1187 4387 προσευχὰς,
1220 4307 1312 4365 καὶ
1342 4312 1566 4384 Γραφῶν
1615 4304 1774 4362 θείων
1809 4305 1937 4377 ὁμι-

295 4404 443 4474 λίαν,
473 4405 532 4460 ἐκ
583 4400 778 4463 παιδὸς
818 4400 910 4455 καὶ
964 4403 1130 4454 ταῦτα
1175 4401 1258 4468 τῷ
1311 4393 1619 4470 Ἀρωστάνᾳ
1666 4393 1940 4465 συνηυξή-

297 4505 438 4558 σθαι.
489 4491 686 4550 Μαθὼν
731 4487 824 4544 οὖν
880 4490 1048 4544 ταῦτα
1107 4487 1137 4542 6
1188 4482 1468 4560 βασιλεὺς,
1510 4480 1697 4552 ἐπειδή
1739 4483 1935 4558 ἀρετήν

2054 3330 2200 3385 duos
2231 3327 2381 3383 ﬁlios
2411 3342 2479 3383 ex
2501 3327 2623 3399 ipso
2654 3333 2712 3384 et
2739 3327 3001 3400 legitima
3031 3334 3345 3404 conjugein
3372 3335 3509 3393 ﬂore
3535 3336 3693 3395 illius

2047 3415 2370 3489 juventutis
2399 3429 2526 3471 esse
2562 3421 2754 3481 natos,
2786 3432 3037 3488 quorum
3069 3419 3172 3476 uni
3203 3422 3440 3492 quidem
3475 3441 3688 3484 nomen

2053 3510 2178 3563 erat
2232 3505 2498 3571 Orthaes,
2532 3505 2788 3563 secundo
2842 3514 3037 3565 autem
3094 3516 3428 3582 Arostanes,
3487 3515 3690 3571 ambos

2055 3593 2278 3650 amicos
2324 3599 2382 3648 et
2433 3595 2705 3650 custodes
2745 3595 2979 3667 pietatis
3025 3599 3174 3655 :sed
3210 3616 3279 3655 ex
3308 3600 3400 3656 his
3457 3603 3690 3672 quidem

2052 3682 2278 3739 duobus
2319 3681 2457 3739 ﬁliis
2488 3683 2730 3739 alterum
2765 3685 2946 3741 fuisse
2984 3688 3231 3743 relatum
3266 3689 3324 3745 in
3374 3707 3688 3749 numerum

2051 3772 2271 3845 gradus
2302 3772 2740 3844 presbyteratus
2769 3774 2928 3841 (Erat
2957 3782 3154 3832 autem
3186 3777 3236 3832 is
3256 3779 3538 3837 Orthanes
3565 3798 3688 3838 ma-

2041 3859 2140 3931 jor
2160 3859 2346 3932 natu),
2369 3862 2707 3917 Arostanem
2740 3871 2933 3918 autem
2957 3863 3130 3920 vitam
3155 3866 3494 3939 solitariam,
3520 3874 3577 3926 et
3597 3871 3690 3927 cui

2049 3964 2184 4006 cum
2233 3949 2395 4006 nullo
2425 3950 2728 4007 intercedit
2774 3954 3132 4024 congressio,
3163 3955 3234 4012 ab
3273 3957 3400 4028 ipso
3439 3957 3585 4016 lacte
3631 3966 3688 4017 et

2047 4039 2238 4095 adhuc
2286 4037 2458 4110 plane
2487 4039 2767 4094 infantem
2796 4041 3037 4112 elegisse
3069 4058 3084 4097 :
3128 4059 3260 4098 nam
3306 4051 3363 4100 et
3394 4046 3567 4102 unica
3594 4046 3688 4104 in-

2047 4129 2228 4183 dutus
2257 4131 2475 4194 tunica,
2508 4127 2809 4183 dicebatur
2836 4130 3050 4184 versari
3083 4130 3140 4185 in
3181 4130 3515 4202 solitudine,
3549 4151 3683 4193 cum

2049 4215 2243 4286 algore
2275 4218 2332 4270 et
2377 4214 2568 4268 calore
2599 4215 2924 4284 decertans,
2955 4223 3010 4273 et
3044 4219 3186 4274 solis
3214 4221 3366 4276 vesci
3406 4222 3683 4291 oleribus,

2048 4307 2362 4359 nocturnas
2408 4305 2602 4358 autem
2661 4303 2946 4361 stationes
2997 4311 3056 4362 et
3091 4307 3318 4380 vigilias
3346 4315 3404 4366 et
3447 4312 3686 4368 diurnas

2047 4388 2430 4463 precationes,
2462 4393 2521 4445 et
2548 4405 2683 4446 cum
2716 4390 2928 4447 divinis
2955 4392 3273 4464 Scripturis
3310 4397 3686 4456 familiarita-

2045 4487 2160 4537 tem
2185 4478 2257 4536 ab
2275 4479 2512 4535 inuenta
2531 4482 2697 4534 aetate
2719 4478 2772 4536 ei
2788 4481 3240 4540 coaluisse.Cum
3257 4485 3396 4554 haec,
3419 4486 3682 4560 inquam,

297 4602 356 4638 τε
408 4578 518 4650 ἤδη
569 4578 659 4634 καὶ
707 4577 869 4638 οὗτος
920 4574 1099 4649 ἐτίμα,
1158 4572 1489 4648 μεταμέλειά
1542 4592 1602 4628 τε
1650 4571 1812 4627 αὐτὸν
1853 4570 1940 4626 ἐπὶ

2051 4584 2152 4626 rex
2181 4567 2531 4634 rescivisset,
2565 4569 2842 4639 quoniam
2873 4569 2924 4626 is
2948 4571 3074 4640 jam
3105 4582 3158 4628 et
3205 4577 3476 4632 virtutem
3507 4577 3688 4635 habe-

298 4673 418 4732 τοῖς
471 4668 759 4744 προτίροις
806 4669 997 4727 κακοῖς
1045 4664 1184 4740 εἶχε,
1215 4663 1308 4718 καὶ
1349 4659 1522 4732 δῆλος
1559 4663 1626 4730 ἦν
1675 4658 1942 4733 ἀπονίψαι

299 4759 418 4814 σθαι
471 4754 640 4812 ταῦτα
693 4760 809 4818 τοῖς
853 4752 1189 4816 τελευταίοις
1246 4749 1732 4828 φιλοτιμούμενος,
1798 4754 1946 4824 τρεῖς

297 4851 407 4904 τῶν
462 4843 878 4918 ἐπισημοτάτων
946 4840 1138 4917 ἄνδρας
1193 4843 1329 4897 κατὰ
1398 4842 1621 4912 ζήτησιν
1685 4842 1795 4896 τῶν
1849 4842 1946 4895 τοῦ

305 4937 610 5014 Γρηγορίου
656 4931 862 4990 παίδων
917 4933 1054 5006 πρὸς
1112 4931 1427 5006 Καισάρειαν
1467 4930 1800 5002 ἀποπέμπει.
1835 4934 1946 4983 Πα-

301 5027 650 5104 ραγενόμενοι
690 5023 866 5078 τοίνυν
915 5022 1088 5090 οὗτοι,
1119 5020 1210 5075 καὶ
1251 5020 1342 5076 τὸν
1380 5020 1474 5091 μὲν
1513 5017 1945 5089 ἐκκλησιάζοντα

296 5109 717 5180 καταλαϐόντες,
748 5112 838 5166 τὸν
869 5107 925 5165 δὲ
953 5107 1048 5164 ἀνά
1077 5108 1176 5176 τήν
1230 5106 1463 5181 ἐρημίαν
1517 5105 1941 5184 φιλοσοφοῦντα,

301 5203 464 5277 μόλις
510 5207 602 5258 καῖ
661 5221 755 5256 συν
824 5198 1020 5272 μόχθῳ
1082 5195 1176 5250 τὸν
1253 5195 1599 5270 Ἀρωστάνην
1667 5195 1942 5256 πείσαντες

296 5291 483 5368 όίγουσι
511 5289 658 5366 παρά
685 5290 779 5345 τὸν
827 5284 1078 5364 βασιλέα.
1110 5287 1171 5345 Ὀ
1213 5282 1292 5354 δὲ,
1343 5285 1673 5360 χαριέστατα
1712 5283 1940 5346 τούτους

293 5382 386 5440 καὶ
453 5385 544 5438 σὺν
589 5377 762 5455 ἡδονῇ
821 5375 1241 5450 ἀποδεξάμενος,
1296 5373 1580 5449 ἐκλιπαρεῖ
1646 5374 1738 5430 τὸν
1791 5373 1938 5447 ἱερὸν

296 5472 601 5548 Γρηγόριον
661 5467 796 5544 μετᾶ
841 5469 937 5522 τοῦ
993 5463 1265 5536 πληθους,
1305 5463 1542 5537 καθάπερ
1584 5463 1706 5517 τινὰ
1761 5460 1938 5518 εἰκόνα

295 5560 385 5616 καὶ
434 5559 741 5636 ἀρχέτυπον
792 5558 1008 5622 laurei},
1036 5555 1127 5610 τὸν
1181 5553 1531 5628 Ἀρωστάνην
1578 5549 1803 5611 τούτους
1832 5569 1932 5606 καο

293 5647 561 5719 ταλιπεῖν,
619 5647 709 5703 καὶ
747 5639 1065 5702 ἀναϐιϐάσαι
1120 5661 1179 5698 τε
1236 5641 1394 5697 αὐτὸν
1454 5638 1540 5695 ἐπὶ
1595 5640 1689 5695 τὸν
1721 5638 1928 5713 θρόνον,

2052 4659 2154 4715 bat
2181 4658 2241 4715 in
2267 4656 2501 4724 honore,
2531 4662 2588 4715 et
2618 4658 2874 4728 priorum
2909 4661 3191 4719 malorum
3225 4665 3544 4722 ducebatur
3573 4685 3684 4739 pm-

2053 4748 2322 4815 nitentia,
2379 4751 2436 4804 et
2463 4751 2660 4818 aperte
2713 4750 3055 4806 ostendebat
3103 4768 3165 4808 se
3211 4757 3574 4827 contendere,
3624 4762 3689 4814 ut

2056 4834 2247 4908 prima
2299 4833 2518 4891 ultimis
2561 4835 2728 4892 factis
2774 4835 3009 4906 clueret,
3060 4846 3172 4896 tres
3228 4842 3382 4898 viros
3439 4845 3690 4903 maxime

2052 4923 2311 4994 insignes
2366 4923 2544 4980 mittit
2625 4925 2937 4981 Cesaream
2996 4929 3067 4983 ad
3132 4931 3469 4998 quaerendos
3533 4933 3685 4990 filios

2053 5013 2334 5085 Gregorii.
2366 5013 2509 5070 Cum
2558 5012 2600 5068 ii
2655 5029 2791 5084 ergo
2821 5015 3055 5086 profecti
3093 5023 3308 5086 essent,
3340 5023 3398 5075 et
3434 5020 3682 5082 alterum

2052 5101 2288 5174 quidem
2329 5101 2686 5158 invenissent
2719 5101 3182 5175 concionantem,
3211 5106 3454 5165 alterum
3486 5116 3680 5171 autem

2051 5189 2556 5261 philosophantem
2590 5190 2651 5245 in
2683 5190 3018 5261 solitudine,
3051 5209 3182 5250 cum
3212 5196 3302 5252 vix
3331 5202 3387 5253 et
3417 5215 3534 5256 non
3556 5200 3680 5258 sine

2050 5294 2258 5351 magno
2287 5277 2486 5334 labore
2536 5280 2967 5350 persuasissent
3010 5284 3302 5354 Arostani,
3330 5303 3429 5343 eos
3458 5290 3679 5347 ducunt

2047 5367 2119 5422 ad
2167 5382 2381 5432 regem.
2417 5366 2520 5423 Ille
2549 5371 2740 5423 autem
2771 5383 2898 5425 cum
2941 5386 3040 5428 eos
3070 5374 3404 5444 gratissime
3433 5381 3490 5434 et
3541 5395 3676 5437 cum

2044 5454 2346 5527 voluptate
2400 5455 2734 5525 accepisset,
2791 5467 3231 5520 sacrosanctum
3289 5481 3392 5538 per
3440 5468 3678 5527 nuntios

2043 5543 2311 5601 obsecrat
2341 5543 2680 5616 Gregorium
2719 5546 2896 5604 simul
2940 5563 3073 5609 cum
3103 5553 3339 5626 populo,
3371 5559 3436 5611 ut
3463 5557 3552 5612 sui
3581 5574 3679 5616 ve-

2041 5631 2147 5692 luti
2180 5631 2490 5704 quamdam
2521 5633 2834 5708 imaginem
2867 5641 2924 5696 et
2954 5641 3248 5716 exemplar
3275 5644 3674 5717 archetypum,
