  <div class='ocr_page' id='page_1' title='image "/cluster/home/n/w/nwhite01/storage/ocr_20150623/115/mdp.39015028574336/515.png"; bbox 0 0 4142 6248; ppageno 0'>
   <div class='ocr_carea' id='block_1_1' title="bbox 459 367 576 427">
    <p class='ocr_par' dir='ltr' id='par_1_1' title="bbox 459 367 576 427">
     <span class='ocr_line' id='line_1_1' title="bbox 459 367 576 427; baseline 0.017 -2"><span class='ocrx_word' id='word_1_1' title='bbox 459 367 576 427; x_wconf 76' lang='grc'><strong>995</strong></span> 
     </span>
    </p>
   </div>
   <div class='ocr_carea' id='block_1_2' title="bbox 1740 340 2561 409">
    <p class='ocr_par' dir='ltr' id='par_1_2' title="bbox 1740 340 2561 409">
     <span class='ocr_line' id='line_1_2' title="bbox 1740 340 2561 409; baseline -0.013 1"><span class='ocrx_word' id='word_1_2' title='bbox 1740 344 2027 409; x_wconf 86' lang='lat' dir='ltr'><strong>MENSIS</strong></span> <span class='ocrx_word' id='word_1_3' title='bbox 2074 340 2561 405; x_wconf 82' lang='lat' dir='ltr'><strong>SEPTEMBER.</strong></span> 
     </span>
    </p>
   </div>
   <div class='ocr_carea' id='block_1_3' title="bbox 3737 333 3861 395">
    <p class='ocr_par' dir='ltr' id='par_1_3' title="bbox 3737 333 3861 395">
     <span class='ocr_line' id='line_1_3' title="bbox 3737 333 3861 395; baseline -0.016 0"><span class='ocrx_word' id='word_1_4' title='bbox 3737 333 3861 395; x_wconf 81' lang='lat'><strong>996</strong></span> 
     </span>
    </p>
   </div>
   <div class='ocr_carea' id='block_1_4' title="bbox 457 492 2097 586">
    <p class='ocr_par' dir='ltr' id='par_1_4' title="bbox 457 510 2089 586">
     <span class='ocr_line' id='line_1_4' title="bbox 457 510 2089 586; baseline -0.013 -4"><span class='ocrx_word' id='word_1_5' title='bbox 457 528 797 584; x_wconf 80' lang='lat' dir='ltr'><strong>Arostanem</strong></span> <span class='ocrx_word' id='word_1_6' title='bbox 846 520 930 579; x_wconf 92' lang='lat' dir='ltr'><strong>eis</strong></span> <span class='ocrx_word' id='word_1_7' title='bbox 977 519 1345 586; x_wconf 78' lang='lat' dir='ltr'><strong>relinqueret,</strong></span> <span class='ocrx_word' id='word_1_8' title='bbox 1377 519 1434 571; x_wconf 89' lang='lat' dir='ltr'><strong>et</strong></span> <span class='ocrx_word' id='word_1_9' title='bbox 1462 528 1595 569; x_wconf 89' lang='lat' dir='ltr'><strong>eum</strong></span> <span class='ocrx_word' id='word_1_10' title='bbox 1629 513 1688 568; x_wconf 88' lang='lat' dir='ltr'><strong>in</strong></span> <span class='ocrx_word' id='word_1_11' title='bbox 1735 510 1927 566; x_wconf 87' lang='lat' dir='ltr'><strong>sedem</strong></span> <span class='ocrx_word' id='word_1_12' title='bbox 1957 522 2089 578; x_wconf 91' lang='lat' dir='ltr'><strong>pro-</strong></span> 
     </span>
    </p>
   </div>
   <div class='ocr_carea' id='block_1_5' title="bbox 2207 492 3861 586">
    <p class='ocr_par' dir='ltr' id='par_1_5' title="bbox 2207 492 3861 573">
     <span class='ocr_line' id='line_1_5' title="bbox 2207 492 3861 573; baseline -0.002 -17"><span class='ocrx_word' id='word_1_13' title='bbox 2207 502 2287 556; x_wconf 80' lang='grc' dir='ltr'><strong>καὶ</strong></span> <span class='ocrx_word' id='word_1_14' title='bbox 2326 502 2504 571; x_wconf 79' lang='grc' dir='ltr'>τούτῳ</span> <span class='ocrx_word' id='word_1_15' title='bbox 2534 500 2632 567; x_wconf 70' lang='grc' dir='ltr'>τὴν</span> <span class='ocrx_word' id='word_1_16' title='bbox 2684 497 3073 572; x_wconf 76' lang='grc' dir='ltr'><strong>ἀρχιερατικὴν</strong></span> <span class='ocrx_word' id='word_1_17' title='bbox 3117 495 3295 573; x_wconf 72' lang='grc' dir='ltr'>ἀρχὴν</span> <span class='ocrx_word' id='word_1_18' title='bbox 3341 492 3666 573; x_wconf 80' lang='grc' dir='ltr'>ἐγχειρίσαί.</span> <span class='ocrx_word' id='word_1_19' title='bbox 3700 499 3757 555; x_wconf 91' lang='grc' dir='ltr'><strong>Ὀ</strong></span> <span class='ocrx_word' id='word_1_20' title='bbox 3800 494 3861 553; x_wconf 71' lang='grc' dir='ltr'>δὲ</span> 
     </span>
    </p>
   </div>
   <div class='ocr_carea' id='block_1_6' title="bbox 460 598 2091 681">
    <p class='ocr_par' dir='ltr' id='par_1_6' title="bbox 460 598 2091 681">
     <span class='ocr_line' id='line_1_6' title="bbox 460 598 2091 681; baseline -0.012 -12"><span class='ocrx_word' id='word_1_21' title='bbox 460 616 712 681; x_wconf 81' lang='lat' dir='ltr'><strong>veheret,</strong></span> <span class='ocrx_word' id='word_1_22' title='bbox 763 616 818 666; x_wconf 90' lang='lat' dir='ltr'><strong>et</strong></span> <span class='ocrx_word' id='word_1_23' title='bbox 880 610 930 665; x_wconf 93' lang='lat' dir='ltr'><strong>ei</strong></span> <span class='ocrx_word' id='word_1_24' title='bbox 990 605 1379 679; x_wconf 81' lang='lat' dir='ltr'><strong>pontiﬁcalem</strong></span> <span class='ocrx_word' id='word_1_25' title='bbox 1436 603 1689 657; x_wconf 82' lang='lat' dir='ltr'><strong>traderet</strong></span> <span class='ocrx_word' id='word_1_26' title='bbox 1755 598 2091 653; x_wconf 79' lang='lat' dir='ltr'><strong>rectionem.</strong></span> 
     </span>
    </p>
   </div>
   <div class='ocr_carea' id='block_1_7' title="bbox 466 684 2095 761">
    <p class='ocr_par' dir='ltr' id='par_1_7' title="bbox 466 684 2095 761">
     <span class='ocr_line' id='line_1_7' title="bbox 466 684 2095 761; baseline -0.012 -2"><span class='ocrx_word' id='word_1_27' title='bbox 466 704 568 761; x_wconf 90' lang='lat' dir='ltr'><strong>Ille</strong></span> <span class='ocrx_word' id='word_1_28' title='bbox 601 706 791 756; x_wconf 88' lang='lat' dir='ltr'><strong>autem</strong></span> <span class='ocrx_word' id='word_1_29' title='bbox 832 713 947 753; x_wconf 92' lang='lat' dir='ltr'><strong>non</strong></span> <span class='ocrx_word' id='word_1_30' title='bbox 995 696 1192 750; x_wconf 91' lang='lat' dir='ltr'><strong>leviter</strong></span> <span class='ocrx_word' id='word_1_31' title='bbox 1237 702 1289 748; x_wconf 86' lang='lat' dir='ltr'><strong>et</strong></span> <span class='ocrx_word' id='word_1_32' title='bbox 1343 701 1553 748; x_wconf 85' lang='lat' dir='ltr'><strong>temere</strong></span> <span class='ocrx_word' id='word_1_33' title='bbox 1610 690 1717 744; x_wconf 92' lang='lat' dir='ltr'><strong>hoc</strong></span> <span class='ocrx_word' id='word_1_34' title='bbox 1761 687 1900 743; x_wconf 83' lang='lat' dir='ltr'><strong>facit</strong></span> <span class='ocrx_word' id='word_1_35' title='bbox 1950 684 2095 740; x_wconf 87' lang='lat' dir='ltr'><strong>:sed</strong></span> 
     </span>
    </p>
   </div>
   <div class='ocr_carea' id='block_1_8' title="bbox 464 772 2095 863">
    <p class='ocr_par' dir='ltr' id='par_1_8' title="bbox 464 772 2095 863">
     <span class='ocr_line' id='line_1_8' title="bbox 464 772 2095 863; baseline -0.012 -18"><span class='ocrx_word' id='word_1_36' title='bbox 464 790 740 863; x_wconf 89' lang='lat' dir='ltr'><strong>quoniam</strong></span> <span class='ocrx_word' id='word_1_37' title='bbox 791 785 1006 841; x_wconf 83' lang='lat' dir='ltr'><strong>sciebat</strong></span> <span class='ocrx_word' id='word_1_38' title='bbox 1071 797 1301 837; x_wconf 88' lang='lat' dir='ltr'><strong>omnem</strong></span> <span class='ocrx_word' id='word_1_39' title='bbox 1359 780 1625 834; x_wconf 85' lang='lat' dir='ltr'><strong>virtutem</strong></span> <span class='ocrx_word' id='word_1_40' title='bbox 1683 777 1997 846; x_wconf 88' lang='lat' dir='ltr'><strong>plantatam</strong></span> <span class='ocrx_word' id='word_1_41' title='bbox 2035 772 2095 825; x_wconf 93' lang='lat' dir='ltr'><strong>in</strong></span> 
     </span>
    </p>
   </div>
   <div class='ocr_carea' id='block_1_9' title="bbox 464 864 2097 941">
    <p class='ocr_par' dir='ltr' id='par_1_9' title="bbox 464 864 2097 941">
     <span class='ocr_line' id='line_1_9' title="bbox 464 864 2097 941; baseline -0.012 -7"><span class='ocrx_word' id='word_1_42' title='bbox 464 878 663 934; x_wconf 88' lang='lat' dir='ltr'><strong>anima</strong></span> <span class='ocrx_word' id='word_1_43' title='bbox 690 875 872 941; x_wconf 88' lang='lat' dir='ltr'><strong>illius,</strong></span> <span class='ocrx_word' id='word_1_44' title='bbox 905 873 1019 928; x_wconf 93' lang='lat' dir='ltr'><strong>cito</strong></span> <span class='ocrx_word' id='word_1_45' title='bbox 1051 887 1249 926; x_wconf 88' lang='lat' dir='ltr'><strong>sacras</strong></span> <span class='ocrx_word' id='word_1_46' title='bbox 1280 869 1363 923; x_wconf 84' lang='lat' dir='ltr'><strong>illi</strong></span> <span class='ocrx_word' id='word_1_47' title='bbox 1394 883 1603 923; x_wconf 87' lang='lat' dir='ltr'><strong>manus</strong></span> <span class='ocrx_word' id='word_1_48' title='bbox 1630 864 1895 936; x_wconf 87' lang='lat' dir='ltr'><strong>imponit.</strong></span> <span class='ocrx_word' id='word_1_49' title='bbox 1927 866 2097 918; x_wconf 92' lang='lat' dir='ltr'><strong>Cum-</strong></span> 
     </span>
    </p>
   </div>
   <div class='ocr_carea' id='block_1_10' title="bbox 462 951 2099 1039">
    <p class='ocr_par' dir='ltr' id='par_1_10' title="bbox 462 951 2099 1039">
     <span class='ocr_line' id='line_1_10' title="bbox 462 951 2099 1039; baseline -0.012 -15"><span class='ocrx_word' id='word_1_50' title='bbox 462 984 574 1039; x_wconf 86' lang='lat' dir='ltr'><strong>que</strong></span> <span class='ocrx_word' id='word_1_51' title='bbox 606 982 739 1021; x_wconf 90' lang='lat' dir='ltr'><strong>eum</strong></span> <span class='ocrx_word' id='word_1_52' title='bbox 786 965 1201 1025; x_wconf 88' lang='lat' dir='ltr'><strong>consecrasset,</strong></span> <span class='ocrx_word' id='word_1_53' title='bbox 1236 962 1291 1013; x_wconf 89' lang='lat' dir='ltr'><strong>et</strong></span> <span class='ocrx_word' id='word_1_54' title='bbox 1338 958 1665 1013; x_wconf 84' lang='lat' dir='ltr'><strong>universam</strong></span> <span class='ocrx_word' id='word_1_55' title='bbox 1724 951 2099 1008; x_wconf 88' lang='lat' dir='ltr'><strong>circumcirca</strong></span> 
     </span>
    </p>
   </div>
   <div class='ocr_carea' id='block_1_11' title="bbox 464 1043 2099 1129">
    <p class='ocr_par' dir='ltr' id='par_1_11' title="bbox 464 1043 2099 1129">
     <span class='ocr_line' id='line_1_11' title="bbox 464 1043 2099 1129; baseline -0.013 -16"><span class='ocrx_word' id='word_1_56' title='bbox 464 1056 755 1129; x_wconf 85' lang='lat' dir='ltr'><strong>regionem</strong></span> <span class='ocrx_word' id='word_1_57' title='bbox 788 1068 920 1107; x_wconf 90' lang='lat' dir='ltr'><strong>cum</strong></span> <span class='ocrx_word' id='word_1_58' title='bbox 953 1067 1015 1106; x_wconf 92' lang='lat' dir='ltr'><strong>eo</strong></span> <span class='ocrx_word' id='word_1_59' title='bbox 1066 1048 1361 1113; x_wconf 91' lang='lat' dir='ltr'><strong>obivisset,</strong></span> <span class='ocrx_word' id='word_1_60' title='bbox 1395 1050 1451 1101; x_wconf 90' lang='lat' dir='ltr'><strong>et</strong></span> <span class='ocrx_word' id='word_1_61' title='bbox 1483 1045 1653 1100; x_wconf 85' lang='lat' dir='ltr'><strong>verbo</strong></span> <span class='ocrx_word' id='word_1_62' title='bbox 1687 1043 1814 1097; x_wconf 78' lang='lat' dir='ltr'><strong>fidei</strong></span> <span class='ocrx_word' id='word_1_63' title='bbox 1846 1057 1943 1097; x_wconf 91' lang='lat' dir='ltr'><strong>eos</strong></span> <span class='ocrx_word' id='word_1_64' title='bbox 1975 1055 2099 1095; x_wconf 90' lang='lat' dir='ltr'><strong>am-</strong></span> 
     </span>
    </p>
   </div>
   <div class='ocr_carea' id='block_1_12' title="bbox 464 1130 2094 1217">
    <p class='ocr_par' dir='ltr' id='par_1_12' title="bbox 464 1130 2094 1217">
     <span class='ocr_line' id='line_1_12' title="bbox 464 1130 2094 1217; baseline -0.011 -18"><span class='ocrx_word' id='word_1_65' title='bbox 464 1146 619 1217; x_wconf 89' lang='lat' dir='ltr'><strong>plius</strong></span> <span class='ocrx_word' id='word_1_66' title='bbox 646 1141 1058 1205; x_wconf 82' lang='lat' dir='ltr'><strong>conﬁrmasset,</strong></span> <span class='ocrx_word' id='word_1_67' title='bbox 1093 1137 1152 1192; x_wconf 92' lang='lat' dir='ltr'><strong>in</strong></span> <span class='ocrx_word' id='word_1_68' title='bbox 1196 1152 1346 1203; x_wconf 90' lang='lat' dir='ltr'><strong>eam,</strong></span> <span class='ocrx_word' id='word_1_69' title='bbox 1379 1150 1554 1206; x_wconf 90' lang='lat' dir='ltr'><strong>quam</strong></span> <span class='ocrx_word' id='word_1_70' title='bbox 1582 1135 1702 1203; x_wconf 88' lang='lat' dir='ltr'><strong>jam</strong></span> <span class='ocrx_word' id='word_1_71' title='bbox 1736 1130 1873 1186; x_wconf 84' lang='lat' dir='ltr'><strong>olim</strong></span> <span class='ocrx_word' id='word_1_72' title='bbox 1902 1137 2094 1201; x_wconf 87' lang='lat' dir='ltr'><strong>partu-</strong></span> 
     </span>
    </p>
   </div>
   <div class='ocr_carea' id='block_1_13' title="bbox 468 1226 1425 1299">
    <p class='ocr_par' dir='ltr' id='par_1_13' title="bbox 468 1226 1425 1299">
     <span class='ocr_line' id='line_1_13' title="bbox 468 1226 1425 1299; baseline -0.011 -11"><span class='ocrx_word' id='word_1_73' title='bbox 468 1234 662 1299; x_wconf 84' lang='lat' dir='ltr'><strong>rierat,</strong></span> <span class='ocrx_word' id='word_1_74' title='bbox 695 1228 1009 1285; x_wconf 82' lang='lat' dir='ltr'><strong>revertitur</strong></span> <span class='ocrx_word' id='word_1_75' title='bbox 1027 1226 1425 1281; x_wconf 84' lang='lat' dir='ltr'><strong>solitudinem.</strong></span> 
     </span>
    </p>
   </div>
   <div class='ocr_carea' id='block_1_14' title="bbox 537 1308 2099 1387">
    <p class='ocr_par' dir='ltr' id='par_1_14' title="bbox 537 1308 2099 1387">
     <span class='ocr_line' id='line_1_14' title="bbox 537 1308 2099 1387; baseline -0.01 -11"><span class='ocrx_word' id='word_1_76' title='bbox 537 1319 791 1376; x_wconf 80' lang='lat' dir='ltr'><strong>XXXIX.</strong></span> <span class='ocrx_word' id='word_1_77' title='bbox 824 1318 964 1387; x_wconf 85' lang='lat' dir='ltr'><strong>Ejus</strong></span> <span class='ocrx_word' id='word_1_78' title='bbox 986 1320 1178 1371; x_wconf 89' lang='lat' dir='ltr'><strong>autem</strong></span> <span class='ocrx_word' id='word_1_79' title='bbox 1211 1319 1469 1384; x_wconf 91' lang='lat' dir='ltr'><strong>tempore</strong></span> <span class='ocrx_word' id='word_1_80' title='bbox 1508 1308 1927 1365; x_wconf 81' lang='lat' dir='ltr'><strong>Constantinus</strong></span> <span class='ocrx_word' id='word_1_81' title='bbox 1961 1322 2099 1377; x_wconf 89' lang='lat' dir='ltr'><strong>quo-</strong></span> 
     </span>
    </p>
   </div>
   <div class='ocr_carea' id='block_1_15' title="bbox 463 1396 2099 1482">
    <p class='ocr_par' dir='ltr' id='par_1_15' title="bbox 463 1396 2099 1482">
     <span class='ocr_line' id='line_1_15' title="bbox 463 1396 2099 1482; baseline -0.011 -16"><span class='ocrx_word' id='word_1_82' title='bbox 463 1426 575 1482; x_wconf 89' lang='lat' dir='ltr'><strong>que</strong></span> <span class='ocrx_word' id='word_1_83' title='bbox 597 1405 921 1464; x_wconf 82' lang='lat' dir='ltr'><strong>Constantii</strong></span> <span class='ocrx_word' id='word_1_84' title='bbox 946 1404 1119 1470; x_wconf 81' lang='lat' dir='ltr'><strong>ﬁlius,</strong></span> <span class='ocrx_word' id='word_1_85' title='bbox 1153 1400 1519 1458; x_wconf 77' lang='lat' dir='ltr'><strong>renuntiatur</strong></span> <span class='ocrx_word' id='word_1_86' title='bbox 1547 1399 1862 1470; x_wconf 82' lang='lat' dir='ltr'><strong>imperator</strong></span> <span class='ocrx_word' id='word_1_87' title='bbox 1894 1396 2099 1450; x_wconf 84' lang='lat' dir='ltr'><strong>Roma-</strong></span> 
     </span>
    </p>
   </div>
   <div class='ocr_carea' id='block_1_16' title="bbox 464 1484 2099 1567">
    <p class='ocr_par' dir='ltr' id='par_1_16' title="bbox 464 1484 2099 1567">
     <span class='ocr_line' id='line_1_16' title="bbox 464 1484 2099 1567; baseline -0.01 -14"><span class='ocrx_word' id='word_1_88' title='bbox 464 1513 669 1553; x_wconf 91' lang='lat' dir='ltr'><strong>norum</strong></span> <span class='ocrx_word' id='word_1_89' title='bbox 706 1511 719 1549; x_wconf 88' lang='lat'><strong>:</strong></span> <span class='ocrx_word' id='word_1_90' title='bbox 753 1494 1009 1567; x_wconf 89' lang='lat' dir='ltr'><strong>quicum</strong></span> <span class='ocrx_word' id='word_1_91' title='bbox 1031 1492 1237 1547; x_wconf 86' lang='lat' dir='ltr'><strong>virtute</strong></span> <span class='ocrx_word' id='word_1_92' title='bbox 1268 1490 1545 1558; x_wconf 87' lang='lat' dir='ltr'><strong>crucis,et</strong></span> <span class='ocrx_word' id='word_1_93' title='bbox 1574 1488 1633 1542; x_wconf 91' lang='lat' dir='ltr'><strong>in</strong></span> <span class='ocrx_word' id='word_1_94' title='bbox 1665 1486 1960 1542; x_wconf 85' lang='lat' dir='ltr'><strong>Christum</strong></span> <span class='ocrx_word' id='word_1_95' title='bbox 1986 1484 2099 1553; x_wconf 86' lang='lat' dir='ltr'><strong>pie-</strong></span> 
     </span>
    </p>
   </div>
   <div class='ocr_carea' id='block_1_17' title="bbox 460 1572 2099 1656">
    <p class='ocr_par' dir='ltr' id='par_1_17' title="bbox 460 1572 2099 1656">
     <span class='ocr_line' id='line_1_17' title="bbox 460 1572 2099 1656; baseline -0.009 -15"><span class='ocrx_word' id='word_1_96' title='bbox 460 1588 578 1641; x_wconf 86' lang='lat' dir='ltr'><strong>tate</strong></span> <span class='ocrx_word' id='word_1_97' title='bbox 591 1589 863 1656; x_wconf 79' lang='lat' dir='ltr'><strong>tyrannos</strong></span> <span class='ocrx_word' id='word_1_98' title='bbox 885 1580 1209 1651; x_wconf 85' lang='lat' dir='ltr'><strong>dejecisset,</strong></span> <span class='ocrx_word' id='word_1_99' title='bbox 1225 1580 1349 1650; x_wconf 89' lang='lat' dir='ltr'><strong>ipse</strong></span> <span class='ocrx_word' id='word_1_100' title='bbox 1372 1578 1528 1633; x_wconf 85' lang='lat' dir='ltr'><strong>solus</strong></span> <span class='ocrx_word' id='word_1_101' title='bbox 1540 1575 1765 1631; x_wconf 86' lang='lat' dir='ltr'><strong>obtinet</strong></span> <span class='ocrx_word' id='word_1_102' title='bbox 1785 1572 2099 1644; x_wconf 89' lang='lat' dir='ltr'><strong>imperium</strong></span> 
     </span>
    </p>
   </div>
   <div class='ocr_carea' id='block_1_18' title="bbox 464 1662 2097 1737">
    <p class='ocr_par' dir='ltr' id='par_1_18' title="bbox 464 1662 2097 1737">
     <span class='ocr_line' id='line_1_18' title="bbox 464 1662 2097 1737; baseline -0.009 -7"><span class='ocrx_word' id='word_1_103' title='bbox 464 1677 882 1729; x_wconf 84' lang='lat' dir='ltr'><strong>Romanorum.</strong></span> <span class='ocrx_word' id='word_1_104' title='bbox 906 1670 1052 1725; x_wconf 89' lang='lat' dir='ltr'><strong>Eum</strong></span> <span class='ocrx_word' id='word_1_105' title='bbox 1077 1669 1224 1723; x_wconf 90' lang='lat' dir='ltr'><strong>inter</strong></span> <span class='ocrx_word' id='word_1_106' title='bbox 1254 1667 1633 1737; x_wconf 88' lang='lat' dir='ltr'><strong>imperatores</strong></span> <span class='ocrx_word' id='word_1_107' title='bbox 1665 1663 1906 1719; x_wconf 84' lang='lat' dir='ltr'><strong>dixerim</strong></span> <span class='ocrx_word' id='word_1_108' title='bbox 1926 1662 2097 1717; x_wconf 90' lang='lat' dir='ltr'><strong>etiam</strong></span> 
     </span>
    </p>
   </div>
   <div class='ocr_carea' id='block_1_19' title="bbox 464 1750 2095 1829">
    <p class='ocr_par' dir='ltr' id='par_1_19' title="bbox 464 1750 2095 1829">
     <span class='ocr_line' id='line_1_19' title="bbox 464 1750 2095 1829; baseline -0.01 -10"><span class='ocrx_word' id='word_1_109' title='bbox 464 1762 677 1820; x_wconf 87' lang='lat' dir='ltr'><strong>Christi</strong></span> <span class='ocrx_word' id='word_1_110' title='bbox 710 1757 1080 1829; x_wconf 86' lang='lat' dir='ltr'><strong>discipulum,</strong></span> <span class='ocrx_word' id='word_1_111' title='bbox 1114 1761 1170 1811; x_wconf 89' lang='lat' dir='ltr'><strong>et</strong></span> <span class='ocrx_word' id='word_1_112' title='bbox 1226 1756 1414 1827; x_wconf 90' lang='lat' dir='ltr'><strong>ipsius</strong></span> <span class='ocrx_word' id='word_1_113' title='bbox 1473 1768 1793 1825; x_wconf 70' lang='lat' dir='ltr'><strong>praeconem</strong></span> <span class='ocrx_word' id='word_1_114' title='bbox 1846 1750 2095 1822; x_wconf 86' lang='lat' dir='ltr'><strong>pietatis,</strong></span> 
     </span>
    </p>
   </div>
   <div class='ocr_carea' id='block_1_20' title="bbox 2205 583 3860 665">
    <p class='ocr_par' dir='ltr' id='par_1_20' title="bbox 2205 583 3860 665">
     <span class='ocr_line' id='line_1_20' title="bbox 2205 583 3860 665; baseline -0.002 -22"><span class='ocrx_word' id='word_1_115' title='bbox 2205 589 2266 643; x_wconf 84' lang='grc' dir='ltr'><strong>οὐ</strong></span> <span class='ocrx_word' id='word_1_116' title='bbox 2316 588 2603 665; x_wconf 72' lang='grc' dir='ltr'><strong>παρέργως</strong></span> <span class='ocrx_word' id='word_1_117' title='bbox 2650 592 2810 642; x_wconf 79' lang='grc' dir='ltr'>τοῦτο</span> <span class='ocrx_word' id='word_1_118' title='bbox 2860 593 3026 658; x_wconf 84' lang='grc' dir='ltr'>ποιεῖ,</span> <span class='ocrx_word' id='word_1_119' title='bbox 3078 586 3203 641; x_wconf 86' lang='grc' dir='ltr'>ἀλλ’</span> <span class='ocrx_word' id='word_1_120' title='bbox 3239 605 3250 615; x_wconf 94' lang='grc'>·</span> <span class='ocrx_word' id='word_1_121' title='bbox 3302 584 3489 656; x_wconf 70' lang='grc' dir='ltr'>ἐπειδὴ</span> <span class='ocrx_word' id='word_1_122' title='bbox 3532 591 3703 640; x_wconf 75' lang='grc' dir='ltr'>πᾶσαν</span> <span class='ocrx_word' id='word_1_123' title='bbox 3734 583 3860 661; x_wconf 74' lang='grc' dir='ltr'>ᾔδει</span> 
     </span>
    </p>
   </div>
   <div class='ocr_carea' id='block_1_21' title="bbox 2201 672 3855 753">
    <p class='ocr_par' dir='ltr' id='par_1_21' title="bbox 2201 672 3855 753">
     <span class='ocr_line' id='line_1_21' title="bbox 2201 672 3855 753; baseline -0.002 -21"><span class='ocrx_word' id='word_1_124' title='bbox 2201 679 2300 745; x_wconf 77' lang='grc' dir='ltr'><strong>τήν</strong></span> <span class='ocrx_word' id='word_1_125' title='bbox 2356 680 2551 753; x_wconf 72' lang='grc' dir='ltr'>ἀρετὴν</span> <span class='ocrx_word' id='word_1_126' title='bbox 2613 675 2665 732; x_wconf 84' lang='grc' dir='ltr'>ἐν</span> <span class='ocrx_word' id='word_1_127' title='bbox 2716 682 2784 751; x_wconf 88' lang='grc' dir='ltr'><strong>τῇ</strong></span> <span class='ocrx_word' id='word_1_128' title='bbox 2835 679 2988 750; x_wconf 77' lang='grc' dir='ltr'>ψυχῇ</span> <span class='ocrx_word' id='word_1_129' title='bbox 3041 679 3137 729; x_wconf 77' lang='grc' dir='ltr'><strong>τοῦ</strong></span> <span class='ocrx_word' id='word_1_130' title='bbox 3195 672 3387 736; x_wconf 86' lang='grc' dir='ltr'>παιδὸς</span> <span class='ocrx_word' id='word_1_131' title='bbox 3445 677 3855 751; x_wconf 72' lang='grc' dir='ltr'><strong>πεφυτευμένην</strong></span> 
     </span>
    </p>
   </div>
   <div class='ocr_carea' id='block_1_22' title="bbox 2203 763 3859 842">
    <p class='ocr_par' dir='ltr' id='par_1_22' title="bbox 2203 763 3859 842">
     <span class='ocr_line' id='line_1_22' title="bbox 2203 763 3859 842; baseline -0.002 -20"><span class='ocrx_word' id='word_1_132' title='bbox 2203 769 2424 842; x_wconf 77' lang='grc' dir='ltr'>ταχάως</span> <span class='ocrx_word' id='word_1_133' title='bbox 2486 767 2568 821; x_wconf 78' lang='grc' dir='ltr'><strong>ἐπ’</strong></span> <span class='ocrx_word' id='word_1_134' title='bbox 2616 765 2763 837; x_wconf 86' lang='grc' dir='ltr'>αὐτῷ</span> <span class='ocrx_word' id='word_1_135' title='bbox 2817 766 2911 826; x_wconf 79' lang='grc' dir='ltr'><strong>τὰς</strong></span> <span class='ocrx_word' id='word_1_136' title='bbox 2968 765 3115 838; x_wconf 75' lang='grc' dir='ltr'>ἱερὰς</span> <span class='ocrx_word' id='word_1_137' title='bbox 3174 763 3446 833; x_wconf 77' lang='grc' dir='ltr'>ἐπιτίθησι</span> <span class='ocrx_word' id='word_1_138' title='bbox 3505 770 3715 838; x_wconf 88' lang='grc' dir='ltr'>χεῖρας.</span> <span class='ocrx_word' id='word_1_139' title='bbox 3756 768 3859 822; x_wconf 79' lang='grc' dir='ltr'>Καὶ</span> 
     </span>
    </p>
   </div>
   <div class='ocr_carea' id='block_1_23' title="bbox 2202 852 3857 934">
    <p class='ocr_par' dir='ltr' id='par_1_23' title="bbox 2202 852 3857 934">
     <span class='ocr_line' id='line_1_23' title="bbox 2202 852 3857 934; baseline -0.001 -25"><span class='ocrx_word' id='word_1_140' title='bbox 2202 858 2600 934; x_wconf 72' lang='grc' dir='ltr'><strong>χειροτονήσας</strong></span> <span class='ocrx_word' id='word_1_141' title='bbox 2632 859 2845 909; x_wconf 76' lang='grc' dir='ltr'>τοῦτον.</span> <span class='ocrx_word' id='word_1_142' title='bbox 2897 852 2987 907; x_wconf 81' lang='grc' dir='ltr'><strong>καὶ</strong></span> <span class='ocrx_word' id='word_1_143' title='bbox 3030 854 3129 921; x_wconf 73' lang='grc' dir='ltr'>τήν</span> <span class='ocrx_word' id='word_1_144' title='bbox 3168 854 3484 928; x_wconf 74' lang='grc' dir='ltr'><strong>περίχωρον</strong></span> <span class='ocrx_word' id='word_1_145' title='bbox 3523 852 3671 925; x_wconf 85' lang='grc' dir='ltr'><strong>αὐτῷ</strong></span> <span class='ocrx_word' id='word_1_146' title='bbox 3717 875 3857 927; x_wconf 86' lang='grc' dir='ltr'>συμ-</span> 
     </span>
    </p>
   </div>
   <div class='ocr_carea' id='block_1_24' title="bbox 2201 940 3859 1020">
    <p class='ocr_par' dir='ltr' id='par_1_24' title="bbox 2201 940 3859 1020">
     <span class='ocr_line' id='line_1_24' title="bbox 2201 940 3859 1020; baseline 0 -22"><span class='ocrx_word' id='word_1_147' title='bbox 2201 945 2523 1020; x_wconf 84' lang='grc' dir='ltr'>περιελθὼν,</span> <span class='ocrx_word' id='word_1_148' title='bbox 2574 944 2663 998; x_wconf 86' lang='grc' dir='ltr'><strong>καὶ</strong></span> <span class='ocrx_word' id='word_1_149' title='bbox 2711 948 2789 1014; x_wconf 83' lang='grc' dir='ltr'><strong>τῷ</strong></span> <span class='ocrx_word' id='word_1_150' title='bbox 2844 942 2993 1017; x_wconf 75' lang='grc' dir='ltr'>λόγῳ</span> <span class='ocrx_word' id='word_1_151' title='bbox 3036 948 3135 1010; x_wconf 80' lang='grc' dir='ltr'><strong>τῆς</strong></span> <span class='ocrx_word' id='word_1_152' title='bbox 3176 941 3411 1002; x_wconf 87' lang='grc' dir='ltr'>πίστεως</span> <span class='ocrx_word' id='word_1_153' title='bbox 3442 940 3700 997; x_wconf 84' lang='grc' dir='ltr'>ἐπιπλέον</span> <span class='ocrx_word' id='word_1_154' title='bbox 3729 946 3859 998; x_wconf 84' lang='grc' dir='ltr'>τού-</span> 
     </span>
    </p>
   </div>
   <div class='ocr_carea' id='block_1_25' title="bbox 2200 1028 3854 1107">
    <p class='ocr_par' dir='ltr' id='par_1_25' title="bbox 2200 1028 3854 1107">
     <span class='ocr_line' id='line_1_25' title="bbox 2200 1028 3854 1107; baseline -0.001 -18"><span class='ocrx_word' id='word_1_155' title='bbox 2200 1056 2326 1096; x_wconf 85' lang='grc' dir='ltr'>τους</span> <span class='ocrx_word' id='word_1_156' title='bbox 2378 1034 2654 1107; x_wconf 77' lang='grc' dir='ltr'>στηρίξας,</span> <span class='ocrx_word' id='word_1_157' title='bbox 2722 1034 2799 1093; x_wconf 69' lang='grc' dir='ltr'>εἷς</span> <span class='ocrx_word' id='word_1_158' title='bbox 2860 1033 2919 1099; x_wconf 78' lang='grc' dir='ltr'>ἦν</span> <span class='ocrx_word' id='word_1_159' title='bbox 2980 1030 3039 1086; x_wconf 83' lang='grc' dir='ltr'>ἐκ</span> <span class='ocrx_word' id='word_1_160' title='bbox 3079 1028 3296 1086; x_wconf 79' lang='grc' dir='ltr'>πολλοῦ</span> <span class='ocrx_word' id='word_1_161' title='bbox 3356 1028 3547 1085; x_wconf 81' lang='grc' dir='ltr'>ὤδινεν</span> <span class='ocrx_word' id='word_1_162' title='bbox 3598 1030 3854 1106; x_wconf 78' lang='grc' dir='ltr'>ἐρημίαν,</span> 
     </span>
    </p>
   </div>
   <div class='ocr_carea' id='block_1_26' title="bbox 2204 1122 2829 1196">
    <p class='ocr_par' dir='ltr' id='par_1_26' title="bbox 2204 1122 2829 1196">
     <span class='ocr_line' id='line_1_26' title="bbox 2204 1122 2829 1196; baseline 0 -18"><span class='ocrx_word' id='word_1_163' title='bbox 2204 1126 2292 1178; x_wconf 87' lang='grc' dir='ltr'>καὶ</span> <span class='ocrx_word' id='word_1_164' title='bbox 2333 1126 2482 1185; x_wconf 72' lang='grc' dir='ltr'>αὖθις</span> <span class='ocrx_word' id='word_1_165' title='bbox 2534 1122 2829 1196; x_wconf 79' lang='grc' dir='ltr'><strong>ἀναχωρεῖ.</strong></span> 
     </span>
    </p>
   </div>
   <div class='ocr_carea' id='block_1_27' title="bbox 2275 1295 3859 1372">
    <p class='ocr_par' dir='ltr' id='par_1_27' title="bbox 2275 1295 3859 1372">
     <span class='ocr_line' id='line_1_27' title="bbox 2275 1295 3859 1372; baseline 0 -18"><span class='ocrx_word' id='word_1_166' title='bbox 2275 1304 2397 1357; x_wconf 81' lang='grc' dir='ltr'><strong>ΛΘ’.</strong></span> <span class='ocrx_word' id='word_1_167' title='bbox 2430 1300 2559 1353; x_wconf 84' lang='grc' dir='ltr'>Ὑπό</span> <span class='ocrx_word' id='word_1_168' title='bbox 2592 1295 2650 1352; x_wconf 68' lang='grc' dir='ltr'>δὲ</span> <span class='ocrx_word' id='word_1_169' title='bbox 2704 1297 2830 1359; x_wconf 78' lang='grc' dir='ltr'>τοὺς</span> <span class='ocrx_word' id='word_1_170' title='bbox 2880 1296 3074 1358; x_wconf 76' lang='grc' dir='ltr'>αὐτοὺς</span> <span class='ocrx_word' id='word_1_171' title='bbox 3134 1299 3377 1372; x_wconf 86' lang='grc' dir='ltr'>χρόνους</span> <span class='ocrx_word' id='word_1_172' title='bbox 3428 1296 3517 1352; x_wconf 89' lang='grc' dir='ltr'><strong>καὶ</strong></span> <span class='ocrx_word' id='word_1_173' title='bbox 3575 1304 3859 1355; x_wconf 82' lang='grc' dir='ltr'>Κωνσταν-</span> 
     </span>
    </p>
   </div>
   <div class='ocr_carea' id='block_1_28' title="bbox 2203 1386 3857 1461">
    <p class='ocr_par' dir='ltr' id='par_1_28' title="bbox 2203 1386 3857 1461">
     <span class='ocr_line' id='line_1_28' title="bbox 2203 1386 3857 1461; baseline -0.001 -17"><span class='ocrx_word' id='word_1_174' title='bbox 2203 1394 2350 1451; x_wconf 90' lang='grc' dir='ltr'>τῖνος</span> <span class='ocrx_word' id='word_1_175' title='bbox 2381 1390 2409 1444; x_wconf 81' lang='grc' dir='ltr'><strong>ὁ</strong></span> <span class='ocrx_word' id='word_1_176' title='bbox 2468 1386 2846 1443; x_wconf 81' lang='grc' dir='ltr'>Κωνσταντίου</span> <span class='ocrx_word' id='word_1_177' title='bbox 2904 1392 3031 1448; x_wconf 86' lang='grc' dir='ltr'>παῖς</span> <span class='ocrx_word' id='word_1_178' title='bbox 3096 1386 3349 1461; x_wconf 79' lang='grc' dir='ltr'>βασιλεὺς</span> <span class='ocrx_word' id='word_1_179' title='bbox 3401 1387 3685 1460; x_wconf 86' lang='grc' dir='ltr'>Ῥωμαίων</span> <span class='ocrx_word' id='word_1_180' title='bbox 3728 1388 3857 1443; x_wconf 82' lang='grc' dir='ltr'>ἀνα-</span> 
     </span>
    </p>
   </div>
   <div class='ocr_carea' id='block_1_29' title="bbox 2202 1473 3859 1553">
    <p class='ocr_par' dir='ltr' id='par_1_29' title="bbox 2202 1473 3859 1553">
     <span class='ocr_line' id='line_1_29' title="bbox 2202 1473 3859 1553; baseline -0.002 -21"><span class='ocrx_word' id='word_1_181' title='bbox 2202 1477 2503 1553; x_wconf 73' lang='grc' dir='ltr'>γορεύεται,</span> <span class='ocrx_word' id='word_1_182' title='bbox 2562 1477 2650 1531; x_wconf 79' lang='grc' dir='ltr'><strong>καὶ</strong></span> <span class='ocrx_word' id='word_1_183' title='bbox 2708 1481 2776 1550; x_wconf 86' lang='grc' dir='ltr'><strong>τῇ</strong></span> <span class='ocrx_word' id='word_1_184' title='bbox 2835 1481 2932 1529; x_wconf 74' lang='grc' dir='ltr'><strong>τοῦ</strong></span> <span class='ocrx_word' id='word_1_185' title='bbox 2985 1479 3233 1549; x_wconf 83' lang='grc' dir='ltr'>Σταυροῦ</span> <span class='ocrx_word' id='word_1_186' title='bbox 3293 1473 3521 1547; x_wconf 84' lang='grc' dir='ltr'>δῦνάμει</span> <span class='ocrx_word' id='word_1_187' title='bbox 3551 1476 3640 1530; x_wconf 85' lang='grc' dir='ltr'><strong>καὶ</strong></span> <span class='ocrx_word' id='word_1_188' title='bbox 3669 1480 3739 1550; x_wconf 87' lang='grc' dir='ltr'><strong>τῇ</strong></span> <span class='ocrx_word' id='word_1_189' title='bbox 3772 1475 3859 1531; x_wconf 72' lang='grc' dir='ltr'><strong>ἐπὶ</strong></span> 
     </span>
    </p>
   </div>
   <div class='ocr_carea' id='block_1_30' title="bbox 2203 1560 3856 1640">
    <p class='ocr_par' dir='ltr' id='par_1_30' title="bbox 2203 1560 3856 1640">
     <span class='ocr_line' id='line_1_30' title="bbox 2203 1560 3856 1640; baseline 0 -20"><span class='ocrx_word' id='word_1_190' title='bbox 2203 1566 2432 1640; x_wconf 86' lang='grc' dir='ltr'>Χριστὸν</span> <span class='ocrx_word' id='word_1_191' title='bbox 2486 1560 2749 1636; x_wconf 75' lang='grc' dir='ltr'>εὐσεϐείᾳ,</span> <span class='ocrx_word' id='word_1_192' title='bbox 2798 1564 2923 1626; x_wconf 83' lang='grc' dir='ltr'>τοὺς</span> <span class='ocrx_word' id='word_1_193' title='bbox 2986 1564 3267 1637; x_wconf 81' lang='grc' dir='ltr'>τυράννους</span> <span class='ocrx_word' id='word_1_194' title='bbox 3314 1560 3655 1634; x_wconf 76' lang='grc' dir='ltr'>καταϐαλὼν,</span> <span class='ocrx_word' id='word_1_195' title='bbox 3697 1564 3856 1629; x_wconf 83' lang='grc' dir='ltr'>αὐτὸς</span> 
     </span>
    </p>
   </div>
   <div class='ocr_carea' id='block_1_31' title="bbox 2208 1653 3858 1727">
    <p class='ocr_par' dir='ltr' id='par_1_31' title="bbox 2208 1653 3858 1727">
     <span class='ocr_line' id='line_1_31' title="bbox 2208 1653 3858 1727; baseline -0.001 -18"><span class='ocrx_word' id='word_1_196' title='bbox 2208 1656 2371 1727; x_wconf 83' lang='grc' dir='ltr'><strong>μόνος</strong></span> <span class='ocrx_word' id='word_1_197' title='bbox 2411 1656 2510 1723; x_wconf 81' lang='grc' dir='ltr'>τήν</span> <span class='ocrx_word' id='word_1_198' title='bbox 2550 1654 2836 1725; x_wconf 86' lang='grc' dir='ltr'>Ῥωμαίων</span> <span class='ocrx_word' id='word_1_199' title='bbox 2884 1653 3124 1723; x_wconf 75' lang='grc' dir='ltr'><strong>ἐξουσίαν</strong></span> <span class='ocrx_word' id='word_1_200' title='bbox 3178 1653 3267 1707; x_wconf 85' lang='grc' dir='ltr'><strong>καὶ</strong></span> <span class='ocrx_word' id='word_1_201' title='bbox 3322 1657 3423 1723; x_wconf 86' lang='grc' dir='ltr'><strong>τήν</strong></span> <span class='ocrx_word' id='word_1_202' title='bbox 3475 1653 3657 1727; x_wconf 72' lang='grc' dir='ltr'>ἀρχὴν</span> <span class='ocrx_word' id='word_1_203' title='bbox 3708 1673 3858 1727; x_wconf 89' lang='grc' dir='ltr'>περι-</span> 
     </span>
    </p>
   </div>
   <div class='ocr_carea' id='block_1_32' title="bbox 2205 1738 3858 1816">
    <p class='ocr_par' dir='ltr' id='par_1_32' title="bbox 2205 1738 3858 1816">
     <span class='ocr_line' id='line_1_32' title="bbox 2205 1738 3858 1816; baseline 0 -20"><span class='ocrx_word' id='word_1_204' title='bbox 2205 1738 2490 1798; x_wconf 75' lang='grc' dir='ltr'>ϐάλλεται.</span> <span class='ocrx_word' id='word_1_205' title='bbox 2549 1747 2748 1797; x_wconf 78' lang='grc' dir='ltr'>Τοῦτον</span> <span class='ocrx_word' id='word_1_206' title='bbox 2810 1741 2862 1796; x_wconf 79' lang='grc' dir='ltr'><strong>ἐν</strong></span> <span class='ocrx_word' id='word_1_207' title='bbox 2918 1739 3209 1798; x_wconf 85' lang='grc' dir='ltr'>Βασιλεῦσι</span> <span class='ocrx_word' id='word_1_208' title='bbox 3265 1742 3355 1796; x_wconf 80' lang='grc' dir='ltr'>καὶ</span> <span class='ocrx_word' id='word_1_209' title='bbox 3405 1745 3645 1816; x_wconf 81' lang='grc' dir='ltr'>Χριστοῦ</span> <span class='ocrx_word' id='word_1_210' title='bbox 3680 1754 3858 1815; x_wconf 83' lang='grc' dir='ltr'>μαθη-</span> 
     </span>
    </p>
   </div>
   <div class='ocr_carea' id='block_1_33' title="bbox 462 1826 2097 1935">
    <p class='ocr_par' dir='ltr' id='par_1_33' title="bbox 462 1826 2096 1921">
     <span class='ocr_line' id='line_1_33' title="bbox 462 1826 2096 1921; baseline -0.007 -16"><span class='ocrx_word' id='word_1_211' title='bbox 462 1855 529 1905; x_wconf 87' lang='lat' dir='ltr'><strong>ut</strong></span> <span class='ocrx_word' id='word_1_212' title='bbox 560 1849 657 1921; x_wconf 86' lang='lat' dir='ltr'><strong>qui</strong></span> <span class='ocrx_word' id='word_1_213' title='bbox 691 1826 1045 1902; x_wconf 75' lang='lat' dir='ltr'><strong>exsecranda</strong></span> <span class='ocrx_word' id='word_1_214' title='bbox 1078 1826 1406 1899; x_wconf 69' lang='lat' dir='ltr'><strong>daemonum</strong></span> <span class='ocrx_word' id='word_1_215' title='bbox 1440 1841 1657 1913; x_wconf 87' lang='lat' dir='ltr'><strong>templa</strong></span> <span class='ocrx_word' id='word_1_216' title='bbox 1687 1847 1743 1895; x_wconf 92' lang='lat' dir='ltr'><strong>et</strong></span> <span class='ocrx_word' id='word_1_217' title='bbox 1778 1839 1983 1895; x_wconf 86' lang='lat' dir='ltr'><strong>altaria</strong></span> <span class='ocrx_word' id='word_1_218' title='bbox 2012 1839 2096 1893; x_wconf 88' lang='lat' dir='ltr'><strong>di-</strong></span> 
     </span>
    </p>
   </div>
   <div class='ocr_carea' id='block_1_34' title="bbox 2207 1826 3859 1935">
    <p class='ocr_par' dir='ltr' id='par_1_34' title="bbox 2207 1826 3859 1935">
     <span class='ocr_line' id='line_1_34' title="bbox 2207 1826 3859 1905; baseline 0.001 -20"><span class='ocrx_word' id='word_1_219' title='bbox 2207 1833 2305 1899; x_wconf 77' lang='grc' dir='ltr'>τὴν</span> <span class='ocrx_word' id='word_1_220' title='bbox 2366 1830 2576 1903; x_wconf 77' lang='grc' dir='ltr'>εἶ’ποιμι</span> <span class='ocrx_word' id='word_1_221' title='bbox 2637 1829 2695 1884; x_wconf 73' lang='grc' dir='ltr'>ἂν</span> <span class='ocrx_word' id='word_1_222' title='bbox 2766 1826 2956 1905; x_wconf 78' lang='grc' dir='ltr'>ἔγωγε,</span> <span class='ocrx_word' id='word_1_223' title='bbox 3015 1830 3105 1884; x_wconf 80' lang='grc' dir='ltr'><strong>καὶ</strong></span> <span class='ocrx_word' id='word_1_224' title='bbox 3164 1829 3330 1898; x_wconf 74' lang='grc' dir='ltr'>αὐτῆς</span> <span class='ocrx_word' id='word_1_225' title='bbox 3406 1832 3617 1903; x_wconf 85' lang='grc' dir='ltr'>κήρυκα</span> <span class='ocrx_word' id='word_1_226' title='bbox 3701 1830 3859 1886; x_wconf 83' lang='grc' dir='ltr'>εὐσε-</span> 
     </span>
     <span class='ocr_line' id='line_1_35' title="bbox 2212 1916 3812 1935; baseline -0.001 0"><span class='ocrx_word' id='word_1_227' title='bbox 2212 1916 2241 1935; x_wconf 75' lang='grc' dir='ltr'><strong><em>ο</em></strong></span> <span class='ocrx_word' id='word_1_228' title='bbox 2281 1920 2290 1935; x_wconf 87' lang='grc' dir='ltr'><strong><em>Ι</em></strong></span> <span class='ocrx_word' id='word_1_229' title='bbox 2472 1921 2481 1935; x_wconf 81' lang='grc'><strong><em>1</em></strong></span> <span class='ocrx_word' id='word_1_230' title='bbox 2803 1920 2814 1935; x_wconf 80' lang='lat'><strong><em>\</em></strong></span> <span class='ocrx_word' id='word_1_231' title='bbox 2927 1919 2951 1929; x_wconf 80' lang='lat'><strong>&quot;’</strong></span> <span class='ocrx_word' id='word_1_232' title='bbox 3050 1916 3074 1935; x_wconf 53' lang='grc' dir='ltr'><strong>λ</strong></span> <span class='ocrx_word' id='word_1_233' title='bbox 3199 1919 3209 1935; x_wconf 78' lang='grc' dir='ltr'><strong><em>Ι</em></strong></span> <span class='ocrx_word' id='word_1_234' title='bbox 3499 1922 3508 1935; x_wconf 83' lang='grc' dir='ltr'><strong>Ι</strong></span> <span class='ocrx_word' id='word_1_235' title='bbox 3685 1919 3699 1935; x_wconf 79' lang='lat'><strong><em>\</em></strong></span> <span class='ocrx_word' id='word_1_236' title='bbox 3801 1920 3812 1934; x_wconf 68' lang='grc' dir='ltr'>ι</span> 
     </span>
    </p>
   </div>
   <div class='ocr_carea' id='block_1_35' title="bbox 460 1929 2098 1995">
    <p class='ocr_par' dir='ltr' id='par_1_35' title="bbox 460 1929 2098 1995">
     <span class='ocr_line' id='line_1_36' title="bbox 460 1929 2098 1995; baseline -0.007 -2"><span class='ocrx_word' id='word_1_237' title='bbox 460 1937 685 1994; x_wconf 90' lang='lat' dir='ltr'><strong>ruerit:</strong></span> <span class='ocrx_word' id='word_1_238' title='bbox 721 1942 774 1989; x_wconf 89' lang='lat' dir='ltr'><strong>et</strong></span> <span class='ocrx_word' id='word_1_239' title='bbox 823 1950 1017 1989; x_wconf 88' lang='lat' dir='ltr'><strong>sacras</strong></span> <span class='ocrx_word' id='word_1_240' title='bbox 1061 1933 1211 1987; x_wconf 69' lang='lat' dir='ltr'><strong>aedes</strong></span> <span class='ocrx_word' id='word_1_241' title='bbox 1259 1933 1372 1985; x_wconf 92' lang='lat' dir='ltr'><strong>Deo</strong></span> <span class='ocrx_word' id='word_1_242' title='bbox 1411 1929 1776 1992; x_wconf 82' lang='lat' dir='ltr'><strong>exstruxerit,</strong></span> <span class='ocrx_word' id='word_1_243' title='bbox 1811 1932 1867 1983; x_wconf 93' lang='lat' dir='ltr'><strong>et</strong></span> <span class='ocrx_word' id='word_1_244' title='bbox 1910 1942 2098 1995; x_wconf 84' lang='lat' dir='ltr'><strong>puram</strong></span> 
     </span>
    </p>
   </div>
   <div class='ocr_carea' id='block_1_36' title="bbox 461 2014 2101 2087">
    <p class='ocr_par' dir='ltr' id='par_1_36' title="bbox 461 2014 2101 2087">
     <span class='ocr_line' id='line_1_37' title="bbox 461 2014 2101 2087; baseline -0.008 -7"><span class='ocrx_word' id='word_1_245' title='bbox 461 2028 523 2081; x_wconf 88' lang='lat' dir='ltr'><strong>in</strong></span> <span class='ocrx_word' id='word_1_246' title='bbox 554 2024 842 2079; x_wconf 87' lang='lat' dir='ltr'><strong>Christum</strong></span> <span class='ocrx_word' id='word_1_247' title='bbox 869 2020 1313 2081; x_wconf 84' lang='lat' dir='ltr'><strong>confessionem,</strong></span> <span class='ocrx_word' id='word_1_248' title='bbox 1340 2022 1394 2073; x_wconf 90' lang='lat' dir='ltr'><strong>et</strong></span> <span class='ocrx_word' id='word_1_249' title='bbox 1417 2024 1637 2072; x_wconf 91' lang='lat' dir='ltr'><strong>rectum</strong></span> <span class='ocrx_word' id='word_1_250' title='bbox 1666 2018 1877 2087; x_wconf 85' lang='lat' dir='ltr'><strong>dogma</strong></span> <span class='ocrx_word' id='word_1_251' title='bbox 1898 2014 2101 2069; x_wconf 75' lang='lat' dir='ltr'><strong>litteris</strong></span> 
     </span>
    </p>
   </div>
   <div class='ocr_carea' id='block_1_37' title="bbox 462 2104 2097 2185">
    <p class='ocr_par' dir='ltr' id='par_1_37' title="bbox 462 2104 2097 2185">
     <span class='ocr_line' id='line_1_38' title="bbox 462 2104 2097 2185; baseline -0.007 -16"><span class='ocrx_word' id='word_1_252' title='bbox 462 2114 639 2185; x_wconf 87' lang='lat' dir='ltr'><strong>regiis</strong></span> <span class='ocrx_word' id='word_1_253' title='bbox 668 2116 723 2167; x_wconf 90' lang='lat' dir='ltr'><strong>et</strong></span> <span class='ocrx_word' id='word_1_254' title='bbox 754 2111 977 2175; x_wconf 88' lang='lat' dir='ltr'><strong>edictis,</strong></span> <span class='ocrx_word' id='word_1_255' title='bbox 1013 2109 1313 2172; x_wconf 66' lang='lat' dir='ltr'><strong>universae,</strong></span> <span class='ocrx_word' id='word_1_256' title='bbox 1347 2124 1468 2176; x_wconf 67' lang='lat' dir='ltr'><strong>qua:</strong></span> <span class='ocrx_word' id='word_1_257' title='bbox 1500 2108 1625 2175; x_wconf 89' lang='lat' dir='ltr'><strong>ejus</strong></span> <span class='ocrx_word' id='word_1_258' title='bbox 1657 2104 1893 2159; x_wconf 90' lang='lat' dir='ltr'><strong>dictioni</strong></span> <span class='ocrx_word' id='word_1_259' title='bbox 1935 2118 2097 2175; x_wconf 74' lang='lat' dir='ltr'><strong>pare-</strong></span> 
     </span>
    </p>
   </div>
   <div class='ocr_carea' id='block_1_38' title="bbox 462 2196 2100 2271">
    <p class='ocr_par' dir='ltr' id='par_1_38' title="bbox 462 2196 2100 2271">
     <span class='ocr_line' id='line_1_39' title="bbox 462 2196 2100 2271; baseline -0.009 -12"><span class='ocrx_word' id='word_1_260' title='bbox 462 2203 583 2270; x_wconf 89' lang='lat' dir='ltr'><strong>bat,</strong></span> <span class='ocrx_word' id='word_1_261' title='bbox 643 2199 862 2271; x_wconf 88' lang='lat' dir='ltr'><strong>regioni</strong></span> <span class='ocrx_word' id='word_1_262' title='bbox 912 2196 1243 2268; x_wconf 86' lang='lat' dir='ltr'><strong>exposuerit</strong></span> <span class='ocrx_word' id='word_1_263' title='bbox 1292 2212 1305 2250; x_wconf 90' lang='lat'><strong>:</strong></span> <span class='ocrx_word' id='word_1_264' title='bbox 1347 2199 1405 2251; x_wconf 87' lang='lat' dir='ltr'><strong>et</strong></span> <span class='ocrx_word' id='word_1_265' title='bbox 1453 2212 1555 2266; x_wconf 92' lang='lat' dir='ltr'><strong>pro</strong></span> <span class='ocrx_word' id='word_1_266' title='bbox 1609 2196 1820 2266; x_wconf 90' lang='lat' dir='ltr'><strong>pietate</strong></span> <span class='ocrx_word' id='word_1_267' title='bbox 1872 2198 2100 2247; x_wconf 88' lang='lat' dir='ltr'><strong>tantum</strong></span> 
     </span>
    </p>
   </div>
   <div class='ocr_carea' id='block_1_39' title="bbox 462 2281 2102 2360">
    <p class='ocr_par' dir='ltr' id='par_1_39' title="bbox 462 2281 2102 2360">
     <span class='ocr_line' id='line_1_40' title="bbox 462 2281 2102 2360; baseline -0.008 -13"><span class='ocrx_word' id='word_1_268' title='bbox 462 2290 725 2348; x_wconf 85' lang='lat' dir='ltr'><strong>studium</strong></span> <span class='ocrx_word' id='word_1_269' title='bbox 768 2287 1044 2360; x_wconf 89' lang='lat' dir='ltr'><strong>posuerit,</strong></span> <span class='ocrx_word' id='word_1_270' title='bbox 1081 2291 1144 2340; x_wconf 89' lang='lat' dir='ltr'><strong>ut</strong></span> <span class='ocrx_word' id='word_1_271' title='bbox 1174 2290 1459 2340; x_wconf 90' lang='lat' dir='ltr'><strong>trecentos</strong></span> <span class='ocrx_word' id='word_1_272' title='bbox 1490 2285 1688 2339; x_wconf 88' lang='lat' dir='ltr'><strong>decem</strong></span> <span class='ocrx_word' id='word_1_273' title='bbox 1729 2290 1783 2338; x_wconf 91' lang='lat' dir='ltr'><strong>et</strong></span> <span class='ocrx_word' id='word_1_274' title='bbox 1826 2285 1953 2337; x_wconf 89' lang='lat' dir='ltr'><strong>octo</strong></span> <span class='ocrx_word' id='word_1_275' title='bbox 1997 2281 2102 2335; x_wconf 87' lang='lat' dir='ltr'><strong>Pa-</strong></span> 
     </span>
    </p>
   </div>
   <div class='ocr_carea' id='block_1_40' title="bbox 459 2371 2098 2445">
    <p class='ocr_par' dir='ltr' id='par_1_40' title="bbox 459 2371 2098 2445">
     <span class='ocr_line' id='line_1_41' title="bbox 459 2371 2098 2445; baseline -0.008 -8"><span class='ocrx_word' id='word_1_276' title='bbox 459 2387 579 2437; x_wconf 89' lang='lat' dir='ltr'><strong>tres</strong></span> <span class='ocrx_word' id='word_1_277' title='bbox 618 2376 1033 2445; x_wconf 81' lang='lat' dir='ltr'><strong>convocaverit,</strong></span> <span class='ocrx_word' id='word_1_278' title='bbox 1061 2380 1118 2431; x_wconf 91' lang='lat' dir='ltr'><strong>et</strong></span> <span class='ocrx_word' id='word_1_279' title='bbox 1163 2390 1397 2430; x_wconf 88' lang='lat' dir='ltr'><strong>sacrum</strong></span> <span class='ocrx_word' id='word_1_280' title='bbox 1439 2372 1581 2428; x_wconf 89' lang='lat' dir='ltr'><strong>illud</strong></span> <span class='ocrx_word' id='word_1_281' title='bbox 1615 2371 1928 2428; x_wconf 90' lang='lat' dir='ltr'><strong>concilium</strong></span> <span class='ocrx_word' id='word_1_282' title='bbox 1960 2386 2098 2426; x_wconf 90' lang='lat' dir='ltr'><strong>con-</strong></span> 
     </span>
    </p>
   </div>
   <div class='ocr_carea' id='block_1_41' title="bbox 466 2458 2101 2541">
    <p class='ocr_par' dir='ltr' id='par_1_41' title="bbox 466 2458 2101 2541">
     <span class='ocr_line' id='line_1_42' title="bbox 466 2458 2101 2541; baseline -0.007 -18"><span class='ocrx_word' id='word_1_283' title='bbox 466 2468 799 2541; x_wconf 86' lang='lat' dir='ltr'><strong>gregaverit,</strong></span> <span class='ocrx_word' id='word_1_284' title='bbox 835 2470 898 2521; x_wconf 88' lang='lat' dir='ltr'><strong>ut</strong></span> <span class='ocrx_word' id='word_1_285' title='bbox 927 2470 985 2520; x_wconf 89' lang='lat' dir='ltr'><strong>et</strong></span> <span class='ocrx_word' id='word_1_286' title='bbox 1014 2481 1141 2535; x_wconf 65' lang='lat' dir='ltr'><strong>quae</strong></span> <span class='ocrx_word' id='word_1_287' title='bbox 1172 2468 1365 2519; x_wconf 84' lang='lat' dir='ltr'><strong>exorta</strong></span> <span class='ocrx_word' id='word_1_288' title='bbox 1411 2467 1574 2518; x_wconf 83' lang='lat' dir='ltr'><strong>erant</strong></span> <span class='ocrx_word' id='word_1_289' title='bbox 1603 2461 1821 2516; x_wconf 82' lang='lat' dir='ltr'><strong>zizania</strong></span> <span class='ocrx_word' id='word_1_290' title='bbox 1873 2458 2101 2515; x_wconf 79' lang='lat' dir='ltr'><strong>exscin-</strong></span> 
     </span>
    </p>
   </div>
   <div class='ocr_carea' id='block_1_42' title="bbox 466 2550 2103 2622">
    <p class='ocr_par' dir='ltr' id='par_1_42' title="bbox 466 2550 2103 2622">
     <span class='ocr_line' id='line_1_43' title="bbox 466 2550 2103 2622; baseline -0.007 -9"><span class='ocrx_word' id='word_1_291' title='bbox 466 2560 644 2622; x_wconf 89' lang='lat' dir='ltr'><strong>deret,</strong></span> <span class='ocrx_word' id='word_1_292' title='bbox 676 2562 733 2611; x_wconf 90' lang='lat' dir='ltr'><strong>et</strong></span> <span class='ocrx_word' id='word_1_293' title='bbox 761 2573 793 2611; x_wconf 88' lang='lat' dir='ltr'><strong>a</strong></span> <span class='ocrx_word' id='word_1_294' title='bbox 843 2554 1123 2609; x_wconf 80' lang='lat' dir='ltr'><strong>frumento</strong></span> <span class='ocrx_word' id='word_1_295' title='bbox 1154 2558 1319 2608; x_wconf 76' lang='lat' dir='ltr'><strong>rectae</strong></span> <span class='ocrx_word' id='word_1_296' title='bbox 1370 2552 1500 2605; x_wconf 80' lang='lat' dir='ltr'><strong>fidei</strong></span> <span class='ocrx_word' id='word_1_297' title='bbox 1547 2554 1895 2621; x_wconf 84' lang='lat' dir='ltr'><strong>segregaret.</strong></span> <span class='ocrx_word' id='word_1_298' title='bbox 1928 2550 2103 2604; x_wconf 85' lang='lat' dir='ltr'><strong>Erant</strong></span> 
     </span>
    </p>
   </div>
   <div class='ocr_carea' id='block_1_43' title="bbox 467 2636 2098 2711">
    <p class='ocr_par' dir='ltr' id='par_1_43' title="bbox 467 2636 2098 2711">
     <span class='ocr_line' id='line_1_44' title="bbox 467 2636 2098 2711; baseline -0.007 -10"><span class='ocrx_word' id='word_1_299' title='bbox 467 2655 659 2701; x_wconf 85' lang='lat' dir='ltr'><strong>autem</strong></span> <span class='ocrx_word' id='word_1_300' title='bbox 720 2644 801 2711; x_wconf 90' lang='lat' dir='ltr'><strong>hi,</strong></span> <span class='ocrx_word' id='word_1_301' title='bbox 852 2643 1281 2707; x_wconf 85' lang='lat' dir='ltr'><strong>Constantinus,</strong></span> <span class='ocrx_word' id='word_1_302' title='bbox 1337 2640 1599 2710; x_wconf 88' lang='lat' dir='ltr'><strong>inquam,</strong></span> <span class='ocrx_word' id='word_1_303' title='bbox 1660 2644 1717 2693; x_wconf 90' lang='lat' dir='ltr'><strong>et</strong></span> <span class='ocrx_word' id='word_1_304' title='bbox 1780 2636 2098 2704; x_wconf 88' lang='lat' dir='ltr'><strong>&#39;l‘eridates,</strong></span> 
     </span>
    </p>
   </div>
   <div class='ocr_carea' id='block_1_44' title="bbox 467 2726 2100 2803">
    <p class='ocr_par' dir='ltr' id='par_1_44' title="bbox 467 2726 2100 2803">
     <span class='ocr_line' id='line_1_45' title="bbox 467 2726 2100 2803; baseline -0.007 -15"><span class='ocrx_word' id='word_1_305' title='bbox 467 2738 744 2803; x_wconf 88' lang='lat' dir='ltr'><strong>tanquam</strong></span> <span class='ocrx_word' id='word_1_306' title='bbox 786 2730 990 2785; x_wconf 64' lang='lat' dir='ltr'><strong>lucidas</strong></span> <span class='ocrx_word' id='word_1_307' title='bbox 1024 2728 1226 2793; x_wconf 72' lang='lat' dir='ltr'><strong>stellae,</strong></span> <span class='ocrx_word' id='word_1_308' title='bbox 1260 2728 1405 2782; x_wconf 87' lang='lat' dir='ltr'><strong>alter</strong></span> <span class='ocrx_word' id='word_1_309' title='bbox 1439 2726 1673 2797; x_wconf 90' lang='lat' dir='ltr'><strong>quidem</strong></span> <span class='ocrx_word' id='word_1_310' title='bbox 1707 2726 2100 2789; x_wconf 89' lang='lat' dir='ltr'><strong>Occidentem,</strong></span> 
     </span>
    </p>
   </div>
   <div class='ocr_carea' id='block_1_45' title="bbox 464 2814 2101 2883">
    <p class='ocr_par' dir='ltr' id='par_1_45' title="bbox 464 2814 2101 2883">
     <span class='ocr_line' id='line_1_46' title="bbox 464 2814 2101 2883; baseline -0.005 -6"><span class='ocrx_word' id='word_1_311' title='bbox 464 2821 884 2877; x_wconf 85' lang='lat' dir='ltr'><strong>Constantinus</strong></span> <span class='ocrx_word' id='word_1_312' title='bbox 907 2817 1143 2883; x_wconf 82' lang='lat' dir='ltr'><strong>scilicet,</strong></span> <span class='ocrx_word' id='word_1_313' title='bbox 1168 2816 1307 2871; x_wconf 88' lang='lat' dir='ltr'><strong>alter</strong></span> <span class='ocrx_word' id='word_1_314' title='bbox 1328 2821 1523 2870; x_wconf 85' lang='lat' dir='ltr'><strong>autem</strong></span> <span class='ocrx_word' id='word_1_315' title='bbox 1545 2815 1831 2869; x_wconf 82' lang='lat' dir='ltr'><strong>Orientem</strong></span> <span class='ocrx_word' id='word_1_316' title='bbox 1859 2814 2101 2868; x_wconf 83' lang='lat' dir='ltr'><strong>lustran-</strong></span> 
     </span>
    </p>
   </div>
   <div class='ocr_carea' id='block_1_46' title="bbox 465 2903 2097 2978">
    <p class='ocr_par' dir='ltr' id='par_1_46' title="bbox 465 2903 2097 2978">
     <span class='ocr_line' id='line_1_47' title="bbox 465 2903 2097 2978; baseline -0.006 -14"><span class='ocrx_word' id='word_1_317' title='bbox 465 2915 573 2977; x_wconf 90' lang='lat' dir='ltr'><strong>tes,</strong></span> <span class='ocrx_word' id='word_1_318' title='bbox 599 2909 955 2978; x_wconf 85' lang='lat' dir='ltr'><strong>honesteque</strong></span> <span class='ocrx_word' id='word_1_319' title='bbox 976 2911 1031 2960; x_wconf 89' lang='lat' dir='ltr'><strong>et</strong></span> <span class='ocrx_word' id='word_1_320' title='bbox 1052 2907 1306 2960; x_wconf 87' lang='lat' dir='ltr'><strong>suaviter</strong></span> <span class='ocrx_word' id='word_1_321' title='bbox 1328 2904 1783 2972; x_wconf 77' lang='lat' dir='ltr'><strong>reaplemlentes.</strong></span> <span class='ocrx_word' id='word_1_322' title='bbox 1799 2903 2097 2957; x_wconf 85' lang='lat' dir='ltr'><strong>Evaserat-</strong></span> 
     </span>
    </p>
   </div>
   <div class='ocr_carea' id='block_1_47' title="bbox 464 2992 2095 3071">
    <p class='ocr_par' dir='ltr' id='par_1_47' title="bbox 464 2992 2095 3071">
     <span class='ocr_line' id='line_1_48' title="bbox 464 2992 2095 3071; baseline -0.004 -19"><span class='ocrx_word' id='word_1_323' title='bbox 464 3015 577 3071; x_wconf 90' lang='lat' dir='ltr'><strong>que</strong></span> <span class='ocrx_word' id='word_1_324' title='bbox 636 2997 935 3052; x_wconf 86' lang='lat' dir='ltr'><strong>Teridates</strong></span> <span class='ocrx_word' id='word_1_325' title='bbox 987 2996 1111 3063; x_wconf 89' lang='lat' dir='ltr'><strong>jam</strong></span> <span class='ocrx_word' id='word_1_326' title='bbox 1174 2994 1232 3048; x_wconf 91' lang='lat' dir='ltr'><strong>in</strong></span> <span class='ocrx_word' id='word_1_327' title='bbox 1268 2994 1473 3061; x_wconf 86' lang='lat' dir='ltr'><strong>pietate</strong></span> <span class='ocrx_word' id='word_1_328' title='bbox 1533 2992 2011 3058; x_wconf 82' lang='lat' dir='ltr'><strong>ferventissimus,</strong></span> <span class='ocrx_word' id='word_1_329' title='bbox 2045 2999 2095 3046; x_wconf 89' lang='lat' dir='ltr'><strong>et</strong></span> 
     </span>
    </p>
   </div>
   <div class='ocr_carea' id='block_1_48' title="bbox 458 3080 2099 3155">
    <p class='ocr_par' dir='ltr' id='par_1_48' title="bbox 458 3080 2099 3155">
     <span class='ocr_line' id='line_1_49' title="bbox 458 3080 2099 3155; baseline -0.005 -12"><span class='ocrx_word' id='word_1_330' title='bbox 458 3083 862 3155; x_wconf 88' lang='lat' dir='ltr'><strong>nullijejuniis</strong></span> <span class='ocrx_word' id='word_1_331' title='bbox 886 3084 1097 3138; x_wconf 88' lang='lat' dir='ltr'><strong>cedens</strong></span> <span class='ocrx_word' id='word_1_332' title='bbox 1128 3086 1185 3137; x_wconf 92' lang='lat' dir='ltr'><strong>et</strong></span> <span class='ocrx_word' id='word_1_333' title='bbox 1215 3082 1493 3151; x_wconf 77' lang='lat' dir='ltr'><strong>oratione,</strong></span> <span class='ocrx_word' id='word_1_334' title='bbox 1531 3097 1598 3135; x_wconf 90' lang='lat' dir='ltr'><strong>ne</strong></span> <span class='ocrx_word' id='word_1_335' title='bbox 1632 3081 1929 3135; x_wconf 86' lang='lat' dir='ltr'><strong>monachis</strong></span> <span class='ocrx_word' id='word_1_336' title='bbox 1964 3080 2099 3151; x_wconf 85' lang='lat' dir='ltr'><strong>qui-</strong></span> 
     </span>
    </p>
   </div>
   <div class='ocr_carea' id='block_1_49' title="bbox 460 3169 2095 3245">
    <p class='ocr_par' dir='ltr' id='par_1_49' title="bbox 460 3169 2095 3245">
     <span class='ocr_line' id='line_1_50' title="bbox 460 3169 2095 3245; baseline -0.004 -14"><span class='ocrx_word' id='word_1_337' title='bbox 460 3178 612 3243; x_wconf 90' lang='lat' dir='ltr'><strong>dem,</strong></span> <span class='ocrx_word' id='word_1_338' title='bbox 637 3174 735 3245; x_wconf 91' lang='lat' dir='ltr'><strong>qui</strong></span> <span class='ocrx_word' id='word_1_339' title='bbox 769 3190 829 3228; x_wconf 90' lang='lat' dir='ltr'><strong>se</strong></span> <span class='ocrx_word' id='word_1_340' title='bbox 860 3172 918 3227; x_wconf 90' lang='lat' dir='ltr'><strong>in</strong></span> <span class='ocrx_word' id='word_1_341' title='bbox 952 3172 1042 3226; x_wconf 87' lang='lat' dir='ltr'><strong>his</strong></span> <span class='ocrx_word' id='word_1_342' title='bbox 1073 3176 1340 3225; x_wconf 82' lang='lat' dir='ltr'><strong>exercent</strong></span> <span class='ocrx_word' id='word_1_343' title='bbox 1374 3170 1429 3224; x_wconf 92' lang='lat' dir='ltr'><strong>in</strong></span> <span class='ocrx_word' id='word_1_344' title='bbox 1465 3170 1857 3225; x_wconf 88' lang='lat' dir='ltr'><strong>monasteriis.</strong></span> <span class='ocrx_word' id='word_1_345' title='bbox 1895 3169 1957 3223; x_wconf 90' lang='lat' dir='ltr'><strong>In</strong></span> <span class='ocrx_word' id='word_1_346' title='bbox 1988 3170 2095 3224; x_wconf 88' lang='lat' dir='ltr'><strong>hac</strong></span> 
     </span>
    </p>
   </div>
   <div class='ocr_carea' id='block_1_50' title="bbox 2210 1916 3859 1992">
    <p class='ocr_par' dir='ltr' id='par_1_50' title="bbox 2210 1916 3859 1992">
     <span class='ocr_line' id='line_1_51' title="bbox 2210 1916 3859 1992; baseline 0.001 -18"><span class='ocrx_word' id='word_1_347' title='bbox 2210 1916 2375 1989; x_wconf 73' lang='grc' dir='ltr'>ϐείας,</span> <span class='ocrx_word' id='word_1_348' title='bbox 2422 1921 2487 1973; x_wconf 78' lang='grc' dir='ltr'><strong>τά</strong></span> <span class='ocrx_word' id='word_1_349' title='bbox 2542 1940 2600 1973; x_wconf 86' lang='grc' dir='ltr'><strong>τε</strong></span> <span class='ocrx_word' id='word_1_350' title='bbox 2661 1920 2827 1992; x_wconf 85' lang='grc' dir='ltr'>μιαρὰ</span> <span class='ocrx_word' id='word_1_351' title='bbox 2878 1919 2986 1973; x_wconf 78' lang='grc' dir='ltr'>τῶν</span> <span class='ocrx_word' id='word_1_352' title='bbox 3047 1916 3319 1991; x_wconf 85' lang='grc' dir='ltr'>διαμὸνων</span> <span class='ocrx_word' id='word_1_353' title='bbox 3386 1922 3581 1992; x_wconf 84' lang='grc' dir='ltr'>τεμένη</span> <span class='ocrx_word' id='word_1_354' title='bbox 3614 1919 3859 1983; x_wconf 75' lang='grc' dir='ltr'>καὶτοὺς</span> 
     </span>
    </p>
   </div>
   <div class='ocr_carea' id='block_1_51' title="bbox 2212 2006 3862 2083">
    <p class='ocr_par' dir='ltr' id='par_1_51' title="bbox 2212 2006 3862 2083">
     <span class='ocr_line' id='line_1_52' title="bbox 2212 2006 3862 2083; baseline 0.002 -20"><span class='ocrx_word' id='word_1_355' title='bbox 2212 2008 2435 2083; x_wconf 71' lang='grc' dir='ltr'>βωμοὺς</span> <span class='ocrx_word' id='word_1_356' title='bbox 2484 2006 2803 2075; x_wconf 80' lang='grc' dir='ltr'>καθελόντα,</span> <span class='ocrx_word' id='word_1_357' title='bbox 2858 2008 3039 2076; x_wconf 75' lang='grc' dir='ltr'>ἱεροὺς</span> <span class='ocrx_word' id='word_1_358' title='bbox 3092 2028 3150 2062; x_wconf 88' lang='grc' dir='ltr'><strong>τε</strong></span> <span class='ocrx_word' id='word_1_359' title='bbox 3196 2012 3275 2079; x_wconf 77' lang='grc' dir='ltr'>τῷ</span> <span class='ocrx_word' id='word_1_360' title='bbox 3332 2013 3447 2081; x_wconf 87' lang='grc' dir='ltr'><strong>Θεῷ</strong></span> <span class='ocrx_word' id='word_1_361' title='bbox 3490 2010 3862 2079; x_wconf 85' lang='grc' dir='ltr'>ἀναστήσαντα</span> 
     </span>
    </p>
   </div>
   <div class='ocr_carea' id='block_1_52' title="bbox 2210 2096 3861 2174">
    <p class='ocr_par' dir='ltr' id='par_1_52' title="bbox 2210 2096 3861 2174">
     <span class='ocr_line' id='line_1_53' title="bbox 2210 2096 3861 2174; baseline 0.001 -22"><span class='ocrx_word' id='word_1_362' title='bbox 2210 2097 2421 2165; x_wconf 74' lang='grc' dir='ltr'>οἷ’κους,</span> <span class='ocrx_word' id='word_1_363' title='bbox 2462 2100 2551 2153; x_wconf 86' lang='grc' dir='ltr'><strong>καὶ</strong></span> <span class='ocrx_word' id='word_1_364' title='bbox 2599 2099 2697 2165; x_wconf 79' lang='grc' dir='ltr'>τήν</span> <span class='ocrx_word' id='word_1_365' title='bbox 2759 2097 2837 2161; x_wconf 87' lang='grc' dir='ltr'><strong>εἰς</strong></span> <span class='ocrx_word' id='word_1_366' title='bbox 2887 2098 3120 2167; x_wconf 79' lang='grc' dir='ltr'>Χριστὸν</span> <span class='ocrx_word' id='word_1_367' title='bbox 3169 2098 3403 2172; x_wconf 74' lang='grc' dir='ltr'>καθαρὰν</span> <span class='ocrx_word' id='word_1_368' title='bbox 3438 2096 3743 2174; x_wconf 76' lang='grc' dir='ltr'>ὁμολογίαν</span> <span class='ocrx_word' id='word_1_369' title='bbox 3773 2101 3861 2155; x_wconf 87' lang='grc' dir='ltr'><strong>καὶ</strong></span> 
     </span>
    </p>
   </div>
   <div class='ocr_carea' id='block_1_53' title="bbox 2211 2184 3860 2262">
    <p class='ocr_par' dir='ltr' id='par_1_53' title="bbox 2211 2184 3860 2262">
     <span class='ocr_line' id='line_1_54' title="bbox 2211 2184 3860 2262; baseline 0.001 -21"><span class='ocrx_word' id='word_1_370' title='bbox 2211 2189 2272 2242; x_wconf 86' lang='grc' dir='ltr'>τὸ</span> <span class='ocrx_word' id='word_1_371' title='bbox 2341 2185 2628 2262; x_wconf 79' lang='grc' dir='ltr'>ὀρθὸδοξον</span> <span class='ocrx_word' id='word_1_372' title='bbox 2677 2184 2860 2262; x_wconf 76' lang='grc' dir='ltr'>δόγμα</span> <span class='ocrx_word' id='word_1_373' title='bbox 2913 2186 3004 2241; x_wconf 86' lang='grc' dir='ltr'><strong>καὶ</strong></span> <span class='ocrx_word' id='word_1_374' title='bbox 3063 2186 3347 2261; x_wconf 82' lang='grc' dir='ltr'>γράμμασι</span> <span class='ocrx_word' id='word_1_375' title='bbox 3394 2185 3705 2261; x_wconf 75' lang='grc' dir='ltr'>βασιλικοῖς</span> <span class='ocrx_word' id='word_1_376' title='bbox 3773 2189 3860 2245; x_wconf 87' lang='grc' dir='ltr'><strong>καὶ</strong></span> 
     </span>
    </p>
   </div>
   <div class='ocr_carea' id='block_1_54' title="bbox 2208 2274 3860 2352">
    <p class='ocr_par' dir='ltr' id='par_1_54' title="bbox 2208 2274 3860 2352">
     <span class='ocr_line' id='line_1_55' title="bbox 2208 2274 3860 2352; baseline 0.002 -23"><span class='ocrx_word' id='word_1_377' title='bbox 2208 2295 2589 2352; x_wconf 85' lang='grc' dir='ltr'>προσταγμασι</span> <span class='ocrx_word' id='word_1_378' title='bbox 2654 2280 2723 2348; x_wconf 85' lang='grc' dir='ltr'><strong>τῇ</strong></span> <span class='ocrx_word' id='word_1_379' title='bbox 2802 2275 2904 2329; x_wconf 76' lang='grc' dir='ltr'><strong>ὑπὸ</strong></span> <span class='ocrx_word' id='word_1_380' title='bbox 2980 2280 3142 2349; x_wconf 84' lang='grc' dir='ltr'>χεῖρα</span> <span class='ocrx_word' id='word_1_381' title='bbox 3215 2276 3358 2349; x_wconf 80' lang='grc' dir='ltr'>πάσῃ</span> <span class='ocrx_word' id='word_1_382' title='bbox 3424 2274 3713 2348; x_wconf 78' lang='grc' dir='ltr'>ἐκθέμενον</span> <span class='ocrx_word' id='word_1_383' title='bbox 3773 2278 3860 2333; x_wconf 80' lang='grc' dir='ltr'><strong>καὶ</strong></span> 
     </span>
    </p>
   </div>
   <div class='ocr_carea' id='block_1_55' title="bbox 2210 2359 3865 2439">
    <p class='ocr_par' dir='ltr' id='par_1_55' title="bbox 2210 2359 3865 2439">
     <span class='ocr_line' id='line_1_56' title="bbox 2210 2359 3865 2439; baseline 0.002 -20"><span class='ocrx_word' id='word_1_384' title='bbox 2210 2365 2467 2435; x_wconf 73' lang='grc' dir='ltr'>τοιαύτην</span> <span class='ocrx_word' id='word_1_385' title='bbox 2537 2364 2669 2438; x_wconf 70' lang='grc' dir='ltr'>ὑπὲρ</span> <span class='ocrx_word' id='word_1_386' title='bbox 2727 2370 2827 2433; x_wconf 79' lang='grc' dir='ltr'><strong>τῆς</strong></span> <span class='ocrx_word' id='word_1_387' title='bbox 2897 2359 3171 2426; x_wconf 75' lang='grc' dir='ltr'>εὐσεϐείας</span> <span class='ocrx_word' id='word_1_388' title='bbox 3248 2365 3617 2439; x_wconf 83' lang='grc' dir='ltr'>εἰσενεγκόντα</span> <span class='ocrx_word' id='word_1_389' title='bbox 3690 2389 3865 2423; x_wconf 89' lang='grc' dir='ltr'>σπου-</span> 
     </span>
    </p>
   </div>
   <div class='ocr_carea' id='block_1_56' title="bbox 2212 2450 3865 2529">
    <p class='ocr_par' dir='ltr' id='par_1_56' title="bbox 2212 2450 3865 2529">
     <span class='ocr_line' id='line_1_57' title="bbox 2212 2450 3865 2529; baseline 0.002 -21"><span class='ocrx_word' id='word_1_390' title='bbox 2212 2453 2328 2523; x_wconf 73' lang='grc' dir='ltr'>δὴν,</span> <span class='ocrx_word' id='word_1_391' title='bbox 2390 2454 2465 2515; x_wconf 84' lang='grc' dir='ltr'><strong>ὡς</strong></span> <span class='ocrx_word' id='word_1_392' title='bbox 2507 2454 2595 2507; x_wconf 86' lang='grc' dir='ltr'><strong>καὶ</strong></span> <span class='ocrx_word' id='word_1_393' title='bbox 2644 2450 2771 2507; x_wconf 87' lang='grc' dir='ltr'>δέκα</span> <span class='ocrx_word' id='word_1_394' title='bbox 2826 2452 2916 2507; x_wconf 84' lang='grc' dir='ltr'><strong>καὶ</strong></span> <span class='ocrx_word' id='word_1_395' title='bbox 2978 2452 3121 2508; x_wconf 86' lang='grc' dir='ltr'>ὀκτὼ</span> <span class='ocrx_word' id='word_1_396' title='bbox 3176 2452 3264 2507; x_wconf 78' lang='grc' dir='ltr'><strong>ἐπὶ</strong></span> <span class='ocrx_word' id='word_1_397' title='bbox 3334 2459 3450 2516; x_wconf 88' lang='grc' dir='ltr'>τοῖς</span> <span class='ocrx_word' id='word_1_398' title='bbox 3530 2458 3865 2529; x_wconf 76' lang='grc' dir='ltr'>τριακοσίοις</span> 
     </span>
    </p>
   </div>
   <div class='ocr_carea' id='block_1_57' title="bbox 2212 2541 3858 2618">
    <p class='ocr_par' dir='ltr' id='par_1_57' title="bbox 2212 2541 3858 2618">
     <span class='ocr_line' id='line_1_58' title="bbox 2212 2541 3858 2618; baseline 0.002 -21"><span class='ocrx_word' id='word_1_399' title='bbox 2212 2541 2537 2618; x_wconf 81' lang='grc' dir='ltr'>συγκαλέσαι</span> <span class='ocrx_word' id='word_1_400' title='bbox 2588 2541 2763 2605; x_wconf 81' lang='grc' dir='ltr'>θείους</span> <span class='ocrx_word' id='word_1_401' title='bbox 2830 2542 3092 2617; x_wconf 76' lang='grc' dir='ltr'>ΙΙατέρας,</span> <span class='ocrx_word' id='word_1_402' title='bbox 3154 2544 3242 2599; x_wconf 85' lang='grc' dir='ltr'><strong>καὶ</strong></span> <span class='ocrx_word' id='word_1_403' title='bbox 3308 2544 3405 2611; x_wconf 75' lang='grc' dir='ltr'><strong>την</strong></span> <span class='ocrx_word' id='word_1_404' title='bbox 3463 2544 3608 2617; x_wconf 73' lang='grc' dir='ltr'>ἱερὶν</span> <span class='ocrx_word' id='word_1_405' title='bbox 3652 2545 3858 2618; x_wconf 73' lang='grc' dir='ltr'>ἐκείνην</span> 
     </span>
    </p>
   </div>
   <div class='ocr_carea' id='block_1_58' title="bbox 2214 2630 3859 2713">
    <p class='ocr_par' dir='ltr' id='par_1_58' title="bbox 2214 2630 3859 2713">
     <span class='ocr_line' id='line_1_59' title="bbox 2214 2630 3859 2713; baseline 0.002 -25"><span class='ocrx_word' id='word_1_406' title='bbox 2214 2630 2435 2688; x_wconf 73' lang='grc' dir='ltr'>σύνοδον</span> <span class='ocrx_word' id='word_1_407' title='bbox 2511 2639 2893 2706; x_wconf 77' lang='grc' dir='ltr'>συγκροτῆσαι,</span> <span class='ocrx_word' id='word_1_408' title='bbox 2962 2631 3042 2710; x_wconf 75' lang='grc' dir='ltr'><strong>ἐφ’</strong></span> <span class='ocrx_word' id='word_1_409' title='bbox 3109 2634 3153 2705; x_wconf 81' lang='grc' dir='ltr'>ᾧ</span> <span class='ocrx_word' id='word_1_410' title='bbox 3226 2632 3292 2687; x_wconf 74' lang='grc' dir='ltr'><strong>τα</strong></span> <span class='ocrx_word' id='word_1_411' title='bbox 3359 2633 3734 2713; x_wconf 69' lang='grc' dir='ltr'>ὑπαναφυέντα</span> <span class='ocrx_word' id='word_1_412' title='bbox 3800 2658 3859 2691; x_wconf 83' lang='grc' dir='ltr'><strong>τε</strong></span> 
     </span>
    </p>
   </div>
   <div class='ocr_carea' id='block_1_59' title="bbox 2214 2722 3855 2795">
    <p class='ocr_par' dir='ltr' id='par_1_59' title="bbox 2214 2722 3855 2795">
     <span class='ocr_line' id='line_1_60' title="bbox 2214 2722 3855 2795; baseline 0.003 -21"><span class='ocrx_word' id='word_1_413' title='bbox 2214 2723 2422 2793; x_wconf 79' lang='grc' dir='ltr'>ζιζάνια</span> <span class='ocrx_word' id='word_1_414' title='bbox 2480 2722 2744 2793; x_wconf 82' lang='grc' dir='ltr'>ἐκτεμεῖν,</span> <span class='ocrx_word' id='word_1_415' title='bbox 2804 2723 2894 2777; x_wconf 79' lang='grc' dir='ltr'><strong>καὶ</strong></span> <span class='ocrx_word' id='word_1_416' title='bbox 2951 2726 3047 2777; x_wconf 79' lang='grc' dir='ltr'><strong>τοῦ</strong></span> <span class='ocrx_word' id='word_1_417' title='bbox 3107 2725 3204 2791; x_wconf 80' lang='grc' dir='ltr'><strong>τῆς</strong></span> <span class='ocrx_word' id='word_1_418' title='bbox 3259 2724 3427 2795; x_wconf 78' lang='grc' dir='ltr'>ὀρθῆς</span> <span class='ocrx_word' id='word_1_419' title='bbox 3477 2724 3703 2786; x_wconf 87' lang='grc' dir='ltr'>πίστεως</span> <span class='ocrx_word' id='word_1_420' title='bbox 3736 2722 3855 2779; x_wconf 83' lang='grc' dir='ltr'>δια-</span> 
     </span>
    </p>
   </div>
   <div class='ocr_carea' id='block_1_60' title="bbox 2209 2813 3841 2890">
    <p class='ocr_par' dir='ltr' id='par_1_60' title="bbox 2209 2813 3841 2890">
     <span class='ocr_line' id='line_1_61' title="bbox 2209 2813 3841 2890; baseline 0.001 -22"><span class='ocrx_word' id='word_1_421' title='bbox 2209 2821 2369 2890; x_wconf 88' lang='grc' dir='ltr'>κρῖνα</span> <span class='ocrx_word' id='word_1_422' title='bbox 2427 2813 2596 2873; x_wconf 88' lang='grc' dir='ltr'>σίτου.</span> <span class='ocrx_word' id='word_1_423' title='bbox 2659 2814 2757 2869; x_wconf 86' lang='grc' dir='ltr'>Καὶ</span> <span class='ocrx_word' id='word_1_424' title='bbox 2810 2814 2945 2883; x_wconf 70' lang='grc' dir='ltr'>ἦσάν</span> <span class='ocrx_word' id='word_1_425' title='bbox 2999 2835 3060 2887; x_wconf 95' lang='grc' dir='ltr'><strong>γε</strong></span> <span class='ocrx_word' id='word_1_426' title='bbox 3113 2815 3286 2883; x_wconf 78' lang='grc' dir='ltr'>οὗτοι,</span> <span class='ocrx_word' id='word_1_427' title='bbox 3342 2822 3724 2876; x_wconf 85' lang='grc' dir='ltr'>Κωνσταντῖνος</span> <span class='ocrx_word' id='word_1_428' title='bbox 3755 2817 3841 2870; x_wconf 74' lang='grc' dir='ltr'><strong>καὶ</strong></span> 
     </span>
    </p>
   </div>
   <div class='ocr_carea' id='block_1_61' title="bbox 2209 2901 3853 2981">
    <p class='ocr_par' dir='ltr' id='par_1_61' title="bbox 2209 2901 3853 2981">
     <span class='ocr_line' id='line_1_62' title="bbox 2209 2901 3853 2981; baseline 0.001 -22"><span class='ocrx_word' id='word_1_429' title='bbox 2209 2901 2539 2975; x_wconf 75' lang='grc' dir='ltr'>Τηριδάτης,</span> <span class='ocrx_word' id='word_1_430' title='bbox 2600 2903 2738 2957; x_wconf 81' lang='grc' dir='ltr'>κατᾶ</span> <span class='ocrx_word' id='word_1_431' title='bbox 2791 2904 2918 2966; x_wconf 68' lang='grc' dir='ltr'>τοὺς</span> <span class='ocrx_word' id='word_1_432' title='bbox 2974 2901 3250 2976; x_wconf 72' lang='grc' dir='ltr'>διαφανεῖς</span> <span class='ocrx_word' id='word_1_433' title='bbox 3296 2905 3541 2981; x_wconf 84' lang='grc' dir='ltr'>ἀστέρας,</span> <span class='ocrx_word' id='word_1_434' title='bbox 3573 2907 3599 2959; x_wconf 83' lang='grc' dir='ltr'>ὁ</span> <span class='ocrx_word' id='word_1_435' title='bbox 3637 2906 3725 2977; x_wconf 72' lang='grc' dir='ltr'>μὶν</span> <span class='ocrx_word' id='word_1_436' title='bbox 3785 2904 3853 2960; x_wconf 70' lang='grc' dir='ltr'>τὶ</span> 
     </span>
    </p>
   </div>
   <div class='ocr_carea' id='block_1_62' title="bbox 2209 2990 3855 3070">
    <p class='ocr_par' dir='ltr' id='par_1_62' title="bbox 2209 2990 3855 3070">
     <span class='ocr_line' id='line_1_63' title="bbox 2209 2990 3855 3070; baseline -0.007 -23"><span class='ocrx_word' id='word_1_437' title='bbox 2209 2990 2487 3065; x_wconf 80' lang='grc' dir='ltr'>Ἐσπέρια,</span> <span class='ocrx_word' id='word_1_438' title='bbox 2523 2991 2550 3045; x_wconf 87' lang='grc' dir='ltr'>ὀ</span> <span class='ocrx_word' id='word_1_439' title='bbox 2609 2996 3039 3060; x_wconf 84' lang='grc' dir='ltr'>Κωνσταντῖνος,</span> <span class='ocrx_word' id='word_1_440' title='bbox 3093 2991 3261 3070; x_wconf 73' lang='grc' dir='ltr'>φημὶ,</span> <span class='ocrx_word' id='word_1_441' title='bbox 3305 2994 3332 3046; x_wconf 78' lang='grc' dir='ltr'><strong>ὁ</strong></span> <span class='ocrx_word' id='word_1_442' title='bbox 3379 2992 3436 3048; x_wconf 73' lang='grc' dir='ltr'>δὲ</span> <span class='ocrx_word' id='word_1_443' title='bbox 3484 2995 3550 3049; x_wconf 69' lang='grc' dir='ltr'><strong>τὰ</strong></span> <span class='ocrx_word' id='word_1_444' title='bbox 3576 2994 3707 3067; x_wconf 74' lang='grc' dir='ltr'>πρὸς</span> <span class='ocrx_word' id='word_1_445' title='bbox 3742 2994 3855 3050; x_wconf 80' lang='grc' dir='ltr'>Ἕω</span> 
     </span>
    </p>
   </div>
   <div class='ocr_carea' id='block_1_63' title="bbox 2208 3078 3859 3155">
    <p class='ocr_par' dir='ltr' id='par_1_63' title="bbox 2208 3078 3859 3155">
     <span class='ocr_line' id='line_1_64' title="bbox 2208 3078 3859 3155; baseline 0.001 -21"><span class='ocrx_word' id='word_1_446' title='bbox 2208 3079 2628 3155; x_wconf 79' lang='grc' dir='ltr'>περιπολοῦντες</span> <span class='ocrx_word' id='word_1_447' title='bbox 2687 3080 2774 3135; x_wconf 78' lang='grc' dir='ltr'><strong>καὶ</strong></span> <span class='ocrx_word' id='word_1_448' title='bbox 2833 3080 2999 3135; x_wconf 84' lang='grc' dir='ltr'>καλὸν</span> <span class='ocrx_word' id='word_1_449' title='bbox 3059 3082 3148 3134; x_wconf 86' lang='grc' dir='ltr'><strong>καὶ</strong></span> <span class='ocrx_word' id='word_1_450' title='bbox 3206 3078 3309 3150; x_wconf 77' lang='grc' dir='ltr'><strong>ἡδὺ</strong></span> <span class='ocrx_word' id='word_1_451' title='bbox 3355 3081 3688 3154; x_wconf 83' lang='grc' dir='ltr'>λαμποντες.</span> <span class='ocrx_word' id='word_1_452' title='bbox 3739 3089 3859 3155; x_wconf 87' lang='grc' dir='ltr'>Θερ.</span> 
     </span>
    </p>
   </div>
   <div class='ocr_carea' id='block_1_64' title="bbox 2213 3166 3859 3243">
    <p class='ocr_par' dir='ltr' id='par_1_64' title="bbox 2213 3166 3859 3243">
     <span class='ocr_line' id='line_1_65' title="bbox 2213 3166 3859 3243; baseline 0.001 -20"><span class='ocrx_word' id='word_1_453' title='bbox 2213 3169 2445 3242; x_wconf 84' lang='grc' dir='ltr'>μὸτατός</span> <span class='ocrx_word' id='word_1_454' title='bbox 2477 3190 2534 3224; x_wconf 90' lang='grc' dir='ltr'><strong>τε</strong></span> <span class='ocrx_word' id='word_1_455' title='bbox 2562 3169 2664 3243; x_wconf 70' lang='grc' dir='ltr'><strong>γὰρ</strong></span> <span class='ocrx_word' id='word_1_456' title='bbox 2696 3170 2761 3237; x_wconf 75' lang='grc' dir='ltr'>ἦν</span> <span class='ocrx_word' id='word_1_457' title='bbox 2803 3169 2891 3223; x_wconf 85' lang='grc' dir='ltr'><strong>καὶ</strong></span> <span class='ocrx_word' id='word_1_458' title='bbox 2940 3166 3255 3243; x_wconf 73' lang='grc' dir='ltr'>Τηριδάτης</span> <span class='ocrx_word' id='word_1_459' title='bbox 3291 3172 3390 3240; x_wconf 76' lang='grc' dir='ltr'>τήν</span> <span class='ocrx_word' id='word_1_460' title='bbox 3421 3167 3693 3227; x_wconf 80' lang='grc' dir='ltr'>εὐσέϐειαν</span> <span class='ocrx_word' id='word_1_461' title='bbox 3726 3168 3859 3241; x_wconf 68' lang='grc' dir='ltr'>ἤδη,</span> 
     </span>
    </p>
   </div>
   <div class='ocr_carea' id='block_1_65' title="bbox 457 3236 2097 3336">
    <p class='ocr_par' dir='ltr' id='par_1_65' title="bbox 457 3259 2094 3336">
     <span class='ocr_line' id='line_1_66' title="bbox 457 3259 2094 3336; baseline -0.005 -16"><span class='ocrx_word' id='word_1_462' title='bbox 457 3281 593 3336; x_wconf 89' lang='lat' dir='ltr'><strong>ergo</strong></span> <span class='ocrx_word' id='word_1_463' title='bbox 624 3280 787 3318; x_wconf 86' lang='lat' dir='ltr'><strong>sacra</strong></span> <span class='ocrx_word' id='word_1_464' title='bbox 809 3262 1050 3333; x_wconf 84' lang='lat' dir='ltr'><strong>synodo,</strong></span> <span class='ocrx_word' id='word_1_465' title='bbox 1073 3267 1131 3315; x_wconf 90' lang='lat' dir='ltr'><strong>et</strong></span> <span class='ocrx_word' id='word_1_466' title='bbox 1152 3259 1297 3314; x_wconf 89' lang='lat' dir='ltr'><strong>alter</strong></span> <span class='ocrx_word' id='word_1_467' title='bbox 1327 3260 1573 3314; x_wconf 86' lang='lat' dir='ltr'><strong>alterum</strong></span> <span class='ocrx_word' id='word_1_468' title='bbox 1601 3260 1879 3330; x_wconf 87' lang='lat' dir='ltr'><strong>juverunt</strong></span> <span class='ocrx_word' id='word_1_469' title='bbox 1909 3274 2094 3329; x_wconf 85' lang='lat' dir='ltr'><strong>reges,</strong></span> 
     </span>
    </p>
   </div>
   <div class='ocr_carea' id='block_1_66' title="bbox 2207 3236 3862 3336">
    <p class='ocr_par' dir='ltr' id='par_1_66' title="bbox 2207 3255 3862 3335">
     <span class='ocr_line' id='line_1_67' title="bbox 2207 3255 3862 3335; baseline 0.002 -24"><span class='ocrx_word' id='word_1_470' title='bbox 2207 3258 2295 3311; x_wconf 90' lang='grc' dir='ltr'>καὶ</span> <span class='ocrx_word' id='word_1_471' title='bbox 2357 3255 2572 3317; x_wconf 85' lang='grc' dir='ltr'>οὐδενὸς</span> <span class='ocrx_word' id='word_1_472' title='bbox 2610 3256 2677 3310; x_wconf 82' lang='grc' dir='ltr'>τὰ</span> <span class='ocrx_word' id='word_1_473' title='bbox 2733 3278 2795 3331; x_wconf 92' lang='grc' dir='ltr'><strong>γε</strong></span> <span class='ocrx_word' id='word_1_474' title='bbox 2854 3256 2931 3317; x_wconf 80' lang='grc' dir='ltr'>εἷς</span> <span class='ocrx_word' id='word_1_475' title='bbox 2960 3256 3209 3327; x_wconf 74' lang='grc' dir='ltr'>νηστείαν</span> <span class='ocrx_word' id='word_1_476' title='bbox 3239 3261 3325 3313; x_wconf 82' lang='grc' dir='ltr'>καί</span> <span class='ocrx_word' id='word_1_477' title='bbox 3374 3280 3687 3335; x_wconf 89' lang='grc' dir='ltr'>προσευχας</span> <span class='ocrx_word' id='word_1_478' title='bbox 3721 3262 3862 3315; x_wconf 83' lang='grc' dir='ltr'>ἀπο-</span> 
     </span>
    </p>
   </div>
   <div class='ocr_carea' id='block_1_67' title="bbox 461 3348 2093 3413">
    <p class='ocr_par' dir='ltr' id='par_1_67' title="bbox 461 3348 2093 3413">
     <span class='ocr_line' id='line_1_68' title="bbox 461 3348 2093 3413; baseline -0.007 -3"><span class='ocrx_word' id='word_1_479' title='bbox 461 3358 518 3410; x_wconf 88' lang='lat' dir='ltr'><strong>et</strong></span> <span class='ocrx_word' id='word_1_480' title='bbox 567 3369 700 3408; x_wconf 91' lang='lat' dir='ltr'><strong>cum</strong></span> <span class='ocrx_word' id='word_1_481' title='bbox 760 3352 872 3406; x_wconf 90' lang='lat' dir='ltr'><strong>alio</strong></span> <span class='ocrx_word' id='word_1_482' title='bbox 932 3350 1148 3405; x_wconf 90' lang='lat' dir='ltr'><strong>honore</strong></span> <span class='ocrx_word' id='word_1_483' title='bbox 1205 3364 1267 3405; x_wconf 92' lang='lat' dir='ltr'><strong>se</strong></span> <span class='ocrx_word' id='word_1_484' title='bbox 1309 3348 1548 3403; x_wconf 89' lang='lat' dir='ltr'><strong>invicem</strong></span> <span class='ocrx_word' id='word_1_485' title='bbox 1596 3350 1932 3413; x_wconf 78' lang='lat' dir='ltr'><strong>affecerunt,</strong></span> <span class='ocrx_word' id='word_1_486' title='bbox 1967 3352 2093 3400; x_wconf 91' lang='lat' dir='ltr'><strong>tum</strong></span> 
     </span>
    </p>
   </div>
   <div class='ocr_carea' id='block_1_68' title="bbox 460 3436 2093 3508">
    <p class='ocr_par' dir='ltr' id='par_1_68' title="bbox 460 3436 2093 3508">
     <span class='ocr_line' id='line_1_69' title="bbox 460 3436 2093 3508; baseline -0.006 -11"><span class='ocrx_word' id='word_1_487' title='bbox 460 3440 633 3497; x_wconf 88' lang='lat' dir='ltr'><strong>etiam</strong></span> <span class='ocrx_word' id='word_1_488' title='bbox 698 3453 799 3508; x_wconf 88' lang='lat' dir='ltr'><strong>per</strong></span> <span class='ocrx_word' id='word_1_489' title='bbox 828 3437 1051 3493; x_wconf 88' lang='lat' dir='ltr'><strong>litteras</strong></span> <span class='ocrx_word' id='word_1_490' title='bbox 1103 3436 1369 3491; x_wconf 53' lang='lat' dir='ltr'><strong>colta&#39;tati</strong></span> <span class='ocrx_word' id='word_1_491' title='bbox 1424 3442 1564 3490; x_wconf 87' lang='lat' dir='ltr'><strong>sunt</strong></span> <span class='ocrx_word' id='word_1_492' title='bbox 1595 3436 1898 3489; x_wconf 62' lang='lat' dir='ltr'><strong>sententiae</strong></span> <span class='ocrx_word' id='word_1_493' title='bbox 1930 3449 2093 3487; x_wconf 90' lang='lat' dir='ltr'><strong>com—</strong></span> 
     </span>
    </p>
   </div>
   <div class='ocr_carea' id='block_1_69' title="bbox 460 3523 2095 3595">
    <p class='ocr_par' dir='ltr' id='par_1_69' title="bbox 460 3523 2095 3595">
     <span class='ocr_line' id='line_1_70' title="bbox 460 3523 2095 3595; baseline -0.005 -11"><span class='ocrx_word' id='word_1_494' title='bbox 460 3528 737 3584; x_wconf 91' lang='lat' dir='ltr'><strong>munione</strong></span> <span class='ocrx_word' id='word_1_495' title='bbox 759 3527 816 3581; x_wconf 91' lang='lat' dir='ltr'><strong>in</strong></span> <span class='ocrx_word' id='word_1_496' title='bbox 838 3542 971 3580; x_wconf 84' lang='lat' dir='ltr'><strong>vera</strong></span> <span class='ocrx_word' id='word_1_497' title='bbox 995 3526 1220 3595; x_wconf 90' lang='lat' dir='ltr'><strong>pietate.</strong></span> <span class='ocrx_word' id='word_1_498' title='bbox 1248 3525 1422 3579; x_wconf 90' lang='lat' dir='ltr'><strong>Porro</strong></span> <span class='ocrx_word' id='word_1_499' title='bbox 1445 3529 1635 3578; x_wconf 88' lang='lat' dir='ltr'><strong>autem</strong></span> <span class='ocrx_word' id='word_1_500' title='bbox 1663 3523 1902 3578; x_wconf 84' lang='lat' dir='ltr'><strong>accessit</strong></span> <span class='ocrx_word' id='word_1_501' title='bbox 1922 3525 2095 3576; x_wconf 87' lang='lat' dir='ltr'><strong>etiam</strong></span> 
     </span>
    </p>
   </div>
   <div class='ocr_carea' id='block_1_70' title="bbox 456 3611 2097 3686">
    <p class='ocr_par' dir='ltr' id='par_1_70' title="bbox 456 3611 2097 3686">
     <span class='ocr_line' id='line_1_71' title="bbox 456 3611 2097 3686; baseline -0.004 -14"><span class='ocrx_word' id='word_1_502' title='bbox 456 3616 744 3672; x_wconf 68' lang='lat' dir='ltr'><strong>Armeniae</strong></span> <span class='ocrx_word' id='word_1_503' title='bbox 766 3616 1075 3686; x_wconf 90' lang='lat' dir='ltr'><strong>episcopus</strong></span> <span class='ocrx_word' id='word_1_504' title='bbox 1097 3615 1426 3678; x_wconf 85' lang='lat' dir='ltr'><strong>Arostanes,</strong></span> <span class='ocrx_word' id='word_1_505' title='bbox 1454 3628 1585 3666; x_wconf 91' lang='lat' dir='ltr'><strong>cum</strong></span> <span class='ocrx_word' id='word_1_506' title='bbox 1621 3611 1935 3682; x_wconf 88' lang='lat' dir='ltr'><strong>imperator</strong></span> <span class='ocrx_word' id='word_1_507' title='bbox 1956 3612 2097 3665; x_wconf 89' lang='lat' dir='ltr'><strong>Con-</strong></span> 
     </span>
    </p>
   </div>
   <div class='ocr_carea' id='block_1_71' title="bbox 457 3699 2096 3770">
    <p class='ocr_par' dir='ltr' id='par_1_71' title="bbox 457 3699 2096 3770">
     <span class='ocr_line' id='line_1_72' title="bbox 457 3699 2096 3770; baseline -0.005 -9"><span class='ocrx_word' id='word_1_508' title='bbox 457 3708 748 3761; x_wconf 86' lang='lat' dir='ltr'><strong>stantinus</strong></span> <span class='ocrx_word' id='word_1_509' title='bbox 814 3719 948 3758; x_wconf 90' lang='lat' dir='ltr'><strong>eum</strong></span> <span class='ocrx_word' id='word_1_510' title='bbox 1002 3702 1362 3765; x_wconf 86' lang='lat' dir='ltr'><strong>accersisset,</strong></span> <span class='ocrx_word' id='word_1_511' title='bbox 1396 3700 1493 3770; x_wconf 90' lang='lat' dir='ltr'><strong>qui</strong></span> <span class='ocrx_word' id='word_1_512' title='bbox 1544 3700 1666 3770; x_wconf 92' lang='lat' dir='ltr'><strong>ipse</strong></span> <span class='ocrx_word' id='word_1_513' title='bbox 1717 3716 1945 3770; x_wconf 89' lang='lat' dir='ltr'><strong>quoque</strong></span> <span class='ocrx_word' id='word_1_514' title='bbox 1988 3699 2096 3754; x_wconf 85' lang='lat' dir='ltr'><strong>fuit</strong></span> 
     </span>
    </p>
   </div>
   <div class='ocr_carea' id='block_1_72' title="bbox 458 3788 2098 3865">
    <p class='ocr_par' dir='ltr' id='par_1_72' title="bbox 458 3788 2098 3865">
     <span class='ocr_line' id='line_1_73' title="bbox 458 3788 2098 3865; baseline -0.004 -17"><span class='ocrx_word' id='word_1_515' title='bbox 458 3810 593 3865; x_wconf 90' lang='lat' dir='ltr'><strong>pars</strong></span> <span class='ocrx_word' id='word_1_516' title='bbox 623 3792 772 3848; x_wconf 85' lang='lat' dir='ltr'><strong>sacri</strong></span> <span class='ocrx_word' id='word_1_517' title='bbox 803 3797 1006 3846; x_wconf 72' lang='lat' dir='ltr'><strong>coetus.</strong></span> <span class='ocrx_word' id='word_1_518' title='bbox 1041 3790 1272 3843; x_wconf 89' lang='lat' dir='ltr'><strong>Etcum</strong></span> <span class='ocrx_word' id='word_1_519' title='bbox 1315 3804 1445 3859; x_wconf 80' lang='lat' dir='ltr'><strong>quae</strong></span> <span class='ocrx_word' id='word_1_520' title='bbox 1486 3788 1777 3842; x_wconf 88' lang='lat' dir='ltr'><strong>communi</strong></span> <span class='ocrx_word' id='word_1_521' title='bbox 1810 3788 2098 3842; x_wconf 88' lang='lat' dir='ltr'><strong>sententia</strong></span> 
     </span>
    </p>
   </div>
   <div class='ocr_carea' id='block_1_73' title="bbox 460 3876 2097 3947">
    <p class='ocr_par' dir='ltr' id='par_1_73' title="bbox 460 3876 2097 3947">
     <span class='ocr_line' id='line_1_74' title="bbox 460 3876 2097 3947; baseline -0.002 -12"><span class='ocrx_word' id='word_1_522' title='bbox 460 3882 692 3935; x_wconf 75' lang='lat' dir='ltr'><strong>fuerant</strong></span> <span class='ocrx_word' id='word_1_523' title='bbox 741 3879 975 3947; x_wconf 89' lang='lat' dir='ltr'><strong>scripta,</strong></span> <span class='ocrx_word' id='word_1_524' title='bbox 1010 3878 1281 3947; x_wconf 85' lang='lat' dir='ltr'><strong>dogmata</strong></span> <span class='ocrx_word' id='word_1_525' title='bbox 1337 3876 1674 3944; x_wconf 87' lang='lat' dir='ltr'><strong>accepisset,</strong></span> <span class='ocrx_word' id='word_1_526' title='bbox 1707 3892 1971 3931; x_wconf 87' lang='lat' dir='ltr'><strong>reversus</strong></span> <span class='ocrx_word' id='word_1_527' title='bbox 2010 3884 2097 3931; x_wconf 85' lang='lat' dir='ltr'><strong>est</strong></span> 
     </span>
    </p>
   </div>
   <div class='ocr_carea' id='block_1_74' title="bbox 458 3963 2097 4035">
    <p class='ocr_par' dir='ltr' id='par_1_74' title="bbox 458 3963 2097 4035">
     <span class='ocr_line' id='line_1_75' title="bbox 458 3963 2097 4035; baseline -0.002 -11"><span class='ocrx_word' id='word_1_528' title='bbox 458 3969 516 4024; x_wconf 89' lang='lat' dir='ltr'><strong>in</strong></span> <span class='ocrx_word' id='word_1_529' title='bbox 568 3984 737 4023; x_wconf 86' lang='lat' dir='ltr'><strong>suam</strong></span> <span class='ocrx_word' id='word_1_530' title='bbox 771 3967 1080 4034; x_wconf 78' lang='lat' dir='ltr'><strong>civitatem,</strong></span> <span class='ocrx_word' id='word_1_531' title='bbox 1112 3964 1545 4035; x_wconf 88' lang='lat' dir='ltr'><strong>jucundissime</strong></span> <span class='ocrx_word' id='word_1_532' title='bbox 1600 3970 1657 4019; x_wconf 88' lang='lat' dir='ltr'><strong>et</strong></span> <span class='ocrx_word' id='word_1_533' title='bbox 1708 3963 2097 4020; x_wconf 89' lang='lat' dir='ltr'><strong>libentissime</strong></span> 
     </span>
    </p>
   </div>
   <div class='ocr_carea' id='block_1_75' title="bbox 458 4051 2097 4125">
    <p class='ocr_par' dir='ltr' id='par_1_75' title="bbox 458 4051 2097 4125">
     <span class='ocr_line' id='line_1_76' title="bbox 458 4051 2097 4125; baseline -0.002 -14"><span class='ocrx_word' id='word_1_534' title='bbox 458 4056 618 4112; x_wconf 86' lang='lat' dir='ltr'><strong>visus</strong></span> <span class='ocrx_word' id='word_1_535' title='bbox 650 4072 685 4111; x_wconf 90' lang='lat' dir='ltr'><strong>a</strong></span> <span class='ocrx_word' id='word_1_536' title='bbox 731 4054 851 4110; x_wconf 89' lang='lat' dir='ltr'><strong>suis</strong></span> <span class='ocrx_word' id='word_1_537' title='bbox 908 4059 1039 4125; x_wconf 89' lang='lat' dir='ltr'><strong>post</strong></span> <span class='ocrx_word' id='word_1_538' title='bbox 1072 4052 1594 4125; x_wconf 87' lang='lat' dir='ltr'><strong>peregrinationem</strong></span> <span class='ocrx_word' id='word_1_539' title='bbox 1656 4068 1669 4107; x_wconf 91' lang='lat'><strong>:</strong></span> <span class='ocrx_word' id='word_1_540' title='bbox 1721 4051 2097 4123; x_wconf 78' lang='lat' dir='ltr'><strong>religiosissi-</strong></span> 
     </span>
    </p>
   </div>
   <div class='ocr_carea' id='block_1_76' title="bbox 464 4142 2095 4214">
    <p class='ocr_par' dir='ltr' id='par_1_76' title="bbox 464 4142 2095 4214">
     <span class='ocr_line' id='line_1_77' title="bbox 464 4142 2095 4214; baseline -0.001 -15"><span class='ocrx_word' id='word_1_541' title='bbox 464 4160 741 4214; x_wconf 87' lang='lat' dir='ltr'><strong>mumque</strong></span> <span class='ocrx_word' id='word_1_542' title='bbox 773 4159 965 4214; x_wconf 86' lang='lat' dir='ltr'><strong>regem</strong></span> <span class='ocrx_word' id='word_1_543' title='bbox 993 4143 1342 4208; x_wconf 87' lang='lat' dir='ltr'><strong>Teridatem,</strong></span> <span class='ocrx_word' id='word_1_544' title='bbox 1368 4150 1420 4196; x_wconf 85' lang='lat' dir='ltr'><strong>et</strong></span> <span class='ocrx_word' id='word_1_545' title='bbox 1442 4158 1664 4196; x_wconf 89' lang='lat' dir='ltr'><strong>omnem</strong></span> <span class='ocrx_word' id='word_1_546' title='bbox 1690 4142 2095 4198; x_wconf 82' lang='lat' dir='ltr'><strong>Armeniorum</strong></span> 
     </span>
    </p>
   </div>
   <div class='ocr_carea' id='block_1_77' title="bbox 466 4230 2095 4303">
    <p class='ocr_par' dir='ltr' id='par_1_77' title="bbox 466 4230 2095 4303">
     <span class='ocr_line' id='line_1_78' title="bbox 466 4230 2095 4303; baseline 0.001 -16"><span class='ocrx_word' id='word_1_547' title='bbox 466 4231 758 4300; x_wconf 85' lang='lat' dir='ltr'><strong>regionem</strong></span> <span class='ocrx_word' id='word_1_548' title='bbox 782 4230 993 4303; x_wconf 88' lang='lat' dir='ltr'><strong>gaudio</strong></span> <span class='ocrx_word' id='word_1_549' title='bbox 1027 4231 1291 4300; x_wconf 88' lang='lat' dir='ltr'><strong>implevit</strong></span> <span class='ocrx_word' id='word_1_550' title='bbox 1323 4234 1559 4301; x_wconf 91' lang='lat' dir='ltr'><strong>propter</strong></span> <span class='ocrx_word' id='word_1_551' title='bbox 1588 4232 1926 4301; x_wconf 87' lang='lat' dir='ltr'><strong>dogmatum</strong></span> <span class='ocrx_word' id='word_1_552' title='bbox 1960 4248 2095 4287; x_wconf 87' lang='lat' dir='ltr'><strong>con-</strong></span> 
     </span>
    </p>
   </div>
   <div class='ocr_carea' id='block_1_78' title="bbox 462 4319 2099 4391">
    <p class='ocr_par' dir='ltr' id='par_1_78' title="bbox 462 4319 2099 4391">
     <span class='ocr_line' id='line_1_79' title="bbox 462 4319 2099 4391; baseline -0.001 -15"><span class='ocrx_word' id='word_1_553' title='bbox 462 4319 815 4376; x_wconf 88' lang='lat' dir='ltr'><strong>sensionem.</strong></span> <span class='ocrx_word' id='word_1_554' title='bbox 859 4320 989 4383; x_wconf 69' lang='lat' dir='ltr'><strong>Quae</strong></span> <span class='ocrx_word' id='word_1_555' title='bbox 1035 4320 1206 4376; x_wconf 88' lang='lat' dir='ltr'><strong>etiam</strong></span> <span class='ocrx_word' id='word_1_556' title='bbox 1257 4319 1428 4391; x_wconf 92' lang='lat' dir='ltr'><strong>longo</strong></span> <span class='ocrx_word' id='word_1_557' title='bbox 1472 4324 1730 4388; x_wconf 88' lang='lat' dir='ltr'><strong>tempore</strong></span> <span class='ocrx_word' id='word_1_558' title='bbox 1761 4320 1844 4374; x_wconf 88' lang='lat' dir='ltr'><strong>sic</strong></span> <span class='ocrx_word' id='word_1_559' title='bbox 1877 4336 2099 4376; x_wconf 88' lang='lat' dir='ltr'><strong>manse-</strong></span> 
     </span>
    </p>
   </div>
   <div class='ocr_carea' id='block_1_79' title="bbox 457 4407 2100 4479">
    <p class='ocr_par' dir='ltr' id='par_1_79' title="bbox 457 4407 2100 4479">
     <span class='ocr_line' id='line_1_80' title="bbox 457 4407 2100 4479; baseline 0.002 -16"><span class='ocrx_word' id='word_1_560' title='bbox 457 4414 615 4476; x_wconf 88' lang='lat' dir='ltr'><strong>runt,</strong></span> <span class='ocrx_word' id='word_1_561' title='bbox 646 4424 877 4479; x_wconf 90' lang='lat' dir='ltr'><strong>semper</strong></span> <span class='ocrx_word' id='word_1_562' title='bbox 928 4411 1137 4477; x_wconf 86' lang='lat' dir='ltr'><strong>pietate</strong></span> <span class='ocrx_word' id='word_1_563' title='bbox 1168 4409 1225 4463; x_wconf 91' lang='lat' dir='ltr'><strong>in</strong></span> <span class='ocrx_word' id='word_1_564' title='bbox 1288 4407 1497 4478; x_wconf 92' lang='lat' dir='ltr'><strong>populo</strong></span> <span class='ocrx_word' id='word_1_565' title='bbox 1530 4412 1845 4473; x_wconf 81' lang='lat' dir='ltr'><strong>crescente,</strong></span> <span class='ocrx_word' id='word_1_566' title='bbox 1904 4414 1959 4464; x_wconf 90' lang='lat' dir='ltr'><strong>et</strong></span> <span class='ocrx_word' id='word_1_567' title='bbox 2001 4426 2100 4479; x_wconf 91' lang='lat' dir='ltr'><strong>per</strong></span> 
     </span>
    </p>
   </div>
   <div class='ocr_carea' id='block_1_80' title="bbox 459 4494 2098 4567">
    <p class='ocr_par' dir='ltr' id='par_1_80' title="bbox 459 4494 2098 4567">
     <span class='ocr_line' id='line_1_81' title="bbox 459 4494 2098 4567; baseline 0.002 -15"><span class='ocrx_word' id='word_1_568' title='bbox 459 4498 653 4553; x_wconf 84' lang='lat' dir='ltr'><strong>omnia</strong></span> <span class='ocrx_word' id='word_1_569' title='bbox 674 4496 788 4552; x_wconf 88' lang='lat' dir='ltr'><strong>Deo</strong></span> <span class='ocrx_word' id='word_1_570' title='bbox 808 4496 967 4567; x_wconf 89' lang='lat' dir='ltr'><strong>pacis</strong></span> <span class='ocrx_word' id='word_1_571' title='bbox 989 4496 1331 4567; x_wconf 79' lang='lat' dir='ltr'><strong>gloriﬁcato,</strong></span> <span class='ocrx_word' id='word_1_572' title='bbox 1356 4496 1413 4549; x_wconf 92' lang='lat' dir='ltr'><strong>in</strong></span> <span class='ocrx_word' id='word_1_573' title='bbox 1438 4495 1665 4551; x_wconf 89' lang='lat' dir='ltr'><strong>Christo</strong></span> <span class='ocrx_word' id='word_1_574' title='bbox 1686 4494 1821 4551; x_wconf 87' lang='lat' dir='ltr'><strong>Jesu</strong></span> <span class='ocrx_word' id='word_1_575' title='bbox 1861 4498 2098 4555; x_wconf 89' lang='lat' dir='ltr'><strong>Domino</strong></span> 
     </span>
    </p>
   </div>
   <div class='ocr_carea' id='block_1_81' title="bbox 2203 3343 3864 3425">
    <p class='ocr_par' dir='ltr' id='par_1_81' title="bbox 2203 3343 3864 3425">
     <span class='ocr_line' id='line_1_82' title="bbox 2203 3343 3864 3425; baseline 0.002 -25"><span class='ocrx_word' id='word_1_576' title='bbox 2203 3343 2553 3417; x_wconf 85' lang='grc' dir='ltr'>λειπόμενος,</span> <span class='ocrx_word' id='word_1_577' title='bbox 2589 3344 2713 3400; x_wconf 75' lang='grc' dir='ltr'>οὐδὲ</span> <span class='ocrx_word' id='word_1_578' title='bbox 2762 3345 2938 3400; x_wconf 79' lang='grc' dir='ltr'>αὐτῶν</span> <span class='ocrx_word' id='word_1_579' title='bbox 2978 3352 3087 3401; x_wconf 81' lang='grc' dir='ltr'>τῶν</span> <span class='ocrx_word' id='word_1_580' title='bbox 3134 3349 3199 3401; x_wconf 74' lang='grc' dir='ltr'>τὰ</span> <span class='ocrx_word' id='word_1_581' title='bbox 3252 3352 3472 3402; x_wconf 80' lang='grc' dir='ltr'>τοιαῦτα</span> <span class='ocrx_word' id='word_1_582' title='bbox 3530 3349 3582 3402; x_wconf 75' lang='grc' dir='ltr'>ἐν</span> <span class='ocrx_word' id='word_1_583' title='bbox 3634 3369 3864 3425; x_wconf 76' lang='grc' dir='ltr'>φροτνι-</span> 
     </span>
    </p>
   </div>
   <div class='ocr_carea' id='block_1_82' title="bbox 2205 3433 3850 3509">
    <p class='ocr_par' dir='ltr' id='par_1_82' title="bbox 2205 3433 3850 3509">
     <span class='ocr_line' id='line_1_83' title="bbox 2205 3433 3850 3509; baseline 0.002 -21"><span class='ocrx_word' id='word_1_584' title='bbox 2205 3435 2449 3506; x_wconf 82' lang='grc' dir='ltr'>στηρίοις</span> <span class='ocrx_word' id='word_1_585' title='bbox 2514 3438 2769 3509; x_wconf 65' lang='grc' dir='ltr'>μοειαχῶν</span> <span class='ocrx_word' id='word_1_586' title='bbox 2820 3433 3183 3507; x_wconf 77' lang='grc' dir='ltr'>ἀσκουμένων.</span> <span class='ocrx_word' id='word_1_587' title='bbox 3228 3436 3309 3492; x_wconf 86' lang='grc' dir='ltr'><strong>Ἐν</strong></span> <span class='ocrx_word' id='word_1_588' title='bbox 3367 3440 3436 3509; x_wconf 85' lang='grc' dir='ltr'><strong>τῇ</strong></span> <span class='ocrx_word' id='word_1_589' title='bbox 3494 3438 3612 3507; x_wconf 70' lang='grc' dir='ltr'>ἱερᾷ</span> <span class='ocrx_word' id='word_1_590' title='bbox 3667 3436 3850 3492; x_wconf 79' lang='grc' dir='ltr'>τοίνυν</span> 
     </span>
    </p>
   </div>
   <div class='ocr_carea' id='block_1_83' title="bbox 2199 3520 3862 3599">
    <p class='ocr_par' dir='ltr' id='par_1_83' title="bbox 2199 3520 3862 3599">
     <span class='ocr_line' id='line_1_84' title="bbox 2199 3520 3862 3599; baseline 0.002 -22"><span class='ocrx_word' id='word_1_591' title='bbox 2199 3522 2367 3596; x_wconf 79' lang='grc' dir='ltr'>ταύτῃ</span> <span class='ocrx_word' id='word_1_592' title='bbox 2413 3520 2627 3594; x_wconf 80' lang='grc' dir='ltr'>συνόδῳ</span> <span class='ocrx_word' id='word_1_593' title='bbox 2691 3523 2971 3593; x_wconf 74' lang='grc' dir='ltr'>ὠνήσαντο</span> <span class='ocrx_word' id='word_1_594' title='bbox 3031 3524 3315 3593; x_wconf 84' lang='grc' dir='ltr'>ἀλλήλους</span> <span class='ocrx_word' id='word_1_595' title='bbox 3364 3525 3418 3580; x_wconf 73' lang='grc' dir='ltr'>οῗ</span> <span class='ocrx_word' id='word_1_596' title='bbox 3466 3524 3734 3599; x_wconf 80' lang='grc' dir='ltr'>βασιλεῖς,</span> <span class='ocrx_word' id='word_1_597' title='bbox 3767 3533 3862 3585; x_wconf 88' lang='grc' dir='ltr'><strong>καὶ</strong></span> 
     </span>
    </p>
   </div>
   <div class='ocr_carea' id='block_1_84' title="bbox 2201 3605 3863 3683">
    <p class='ocr_par' dir='ltr' id='par_1_84' title="bbox 2201 3605 3863 3683">
     <span class='ocr_line' id='line_1_85' title="bbox 2201 3605 3863 3683; baseline 0.001 -20"><span class='ocrx_word' id='word_1_598' title='bbox 2201 3612 2269 3681; x_wconf 89' lang='grc' dir='ltr'><strong>τῇ</strong></span> <span class='ocrx_word' id='word_1_599' title='bbox 2302 3629 2359 3664; x_wconf 91' lang='grc' dir='ltr'><strong>τε</strong></span> <span class='ocrx_word' id='word_1_600' title='bbox 2388 3607 2559 3681; x_wconf 80' lang='grc' dir='ltr'>λοιπῇ</span> <span class='ocrx_word' id='word_1_601' title='bbox 2592 3613 2728 3681; x_wconf 83' lang='grc' dir='ltr'>τιμῇ</span> <span class='ocrx_word' id='word_1_602' title='bbox 2770 3610 2861 3664; x_wconf 87' lang='grc' dir='ltr'>τὸν</span> <span class='ocrx_word' id='word_1_603' title='bbox 2916 3608 3097 3683; x_wconf 81' lang='grc' dir='ltr'>ἕτερον</span> <span class='ocrx_word' id='word_1_604' title='bbox 3149 3607 3374 3675; x_wconf 74' lang='grc' dir='ltr'>ἕκαστος</span> <span class='ocrx_word' id='word_1_605' title='bbox 3403 3608 3724 3681; x_wconf 75' lang='grc' dir='ltr'>ἐδεξιοῦντο.</span> <span class='ocrx_word' id='word_1_606' title='bbox 3765 3605 3863 3665; x_wconf 74' lang='grc' dir='ltr'><strong>καὶ</strong></span> 
     </span>
    </p>
   </div>
   <div class='ocr_carea' id='block_1_85' title="bbox 2204 3694 3859 3773">
    <p class='ocr_par' dir='ltr' id='par_1_85' title="bbox 2204 3694 3859 3773">
     <span class='ocr_line' id='line_1_86' title="bbox 2204 3694 3859 3773; baseline 0.001 -22"><span class='ocrx_word' id='word_1_607' title='bbox 2204 3696 2271 3766; x_wconf 79' lang='grc' dir='ltr'>δὴ</span> <span class='ocrx_word' id='word_1_608' title='bbox 2304 3698 2393 3751; x_wconf 83' lang='grc' dir='ltr'><strong>καὶ</strong></span> <span class='ocrx_word' id='word_1_609' title='bbox 2423 3701 2493 3763; x_wconf 83' lang='grc' dir='ltr'><strong>τῇ</strong></span> <span class='ocrx_word' id='word_1_610' title='bbox 2552 3699 2677 3771; x_wconf 85' lang='grc' dir='ltr'>περὶ</span> <span class='ocrx_word' id='word_1_611' title='bbox 2725 3699 2825 3765; x_wconf 75' lang='grc' dir='ltr'>τήν</span> <span class='ocrx_word' id='word_1_612' title='bbox 2886 3694 3156 3753; x_wconf 74' lang='grc' dir='ltr'>εὐσέϐειαν</span> <span class='ocrx_word' id='word_1_613' title='bbox 3218 3700 3474 3769; x_wconf 80' lang='grc' dir='ltr'>κοινωνίᾳ</span> <span class='ocrx_word' id='word_1_614' title='bbox 3505 3707 3604 3769; x_wconf 71' lang='grc' dir='ltr'>τῆς</span> <span class='ocrx_word' id='word_1_615' title='bbox 3629 3700 3859 3773; x_wconf 85' lang='grc' dir='ltr'>γνώμης</span> 
     </span>
    </p>
   </div>
   <div class='ocr_carea' id='block_1_86' title="bbox 2207 3784 3857 3863">
    <p class='ocr_par' dir='ltr' id='par_1_86' title="bbox 2207 3784 3857 3863">
     <span class='ocr_line' id='line_1_87' title="bbox 2207 3784 3857 3863; baseline 0.001 -23"><span class='ocrx_word' id='word_1_616' title='bbox 2207 3784 2522 3855; x_wconf 87' lang='grc' dir='ltr'>συνήδοντο.</span> <span class='ocrx_word' id='word_1_617' title='bbox 2575 3786 2927 3863; x_wconf 86' lang='grc' dir='ltr'>Παραγίνεται</span> <span class='ocrx_word' id='word_1_618' title='bbox 2971 3789 3153 3860; x_wconf 87' lang='grc' dir='ltr'>μέντοι</span> <span class='ocrx_word' id='word_1_619' title='bbox 3202 3793 3292 3843; x_wconf 84' lang='grc' dir='ltr'><strong>καί</strong></span> <span class='ocrx_word' id='word_1_620' title='bbox 3353 3790 3380 3844; x_wconf 87' lang='grc' dir='ltr'>ὁ</span> <span class='ocrx_word' id='word_1_621' title='bbox 3442 3789 3728 3863; x_wconf 84' lang='grc' dir='ltr'>Ἀρμενίας</span> <span class='ocrx_word' id='word_1_622' title='bbox 3761 3789 3857 3861; x_wconf 82' lang='grc' dir='ltr'><strong>ἀρ-</strong></span> 
     </span>
    </p>
   </div>
   <div class='ocr_carea' id='block_1_87' title="bbox 2205 3875 3854 3953">
    <p class='ocr_par' dir='ltr' id='par_1_87' title="bbox 2205 3875 3854 3953">
     <span class='ocr_line' id='line_1_88' title="bbox 2205 3875 3854 3953; baseline 0.001 -26"><span class='ocrx_word' id='word_1_623' title='bbox 2205 3875 2569 3953; x_wconf 87' lang='grc' dir='ltr'>χιεπίσκοπος</span> <span class='ocrx_word' id='word_1_624' title='bbox 2629 3876 2995 3950; x_wconf 77' lang='grc' dir='ltr'>Ἀρωστάνης,</span> <span class='ocrx_word' id='word_1_625' title='bbox 3036 3881 3131 3930; x_wconf 79' lang='grc' dir='ltr'><strong>τοῦ</strong></span> <span class='ocrx_word' id='word_1_626' title='bbox 3185 3876 3454 3951; x_wconf 82' lang='grc' dir='ltr'>βασιλέως</span> <span class='ocrx_word' id='word_1_627' title='bbox 3512 3876 3854 3933; x_wconf 84' lang='grc' dir='ltr'>Κωνσταντί-</span> 
     </span>
    </p>
   </div>
   <div class='ocr_carea' id='block_1_88' title="bbox 2204 3963 3850 4040">
    <p class='ocr_par' dir='ltr' id='par_1_88' title="bbox 2204 3963 3850 4040">
     <span class='ocr_line' id='line_1_89' title="bbox 2204 3963 3850 4040; baseline 0.002 -24"><span class='ocrx_word' id='word_1_628' title='bbox 2204 3984 2299 4017; x_wconf 86' lang='grc' dir='ltr'><strong>νου</strong></span> <span class='ocrx_word' id='word_1_629' title='bbox 2365 3968 2556 4019; x_wconf 77' lang='grc' dir='ltr'>τοῦτον</span> <span class='ocrx_word' id='word_1_630' title='bbox 2621 3966 3137 4038; x_wconf 75' lang='grc' dir='ltr'>μεταπεμψαμένου,</span> <span class='ocrx_word' id='word_1_631' title='bbox 3192 3965 3282 4021; x_wconf 84' lang='grc' dir='ltr'><strong>καὶ</strong></span> <span class='ocrx_word' id='word_1_632' title='bbox 3347 3968 3511 4040; x_wconf 79' lang='grc' dir='ltr'>μέρος</span> <span class='ocrx_word' id='word_1_633' title='bbox 3558 3971 3654 4021; x_wconf 79' lang='grc' dir='ltr'><strong>τοῦ</strong></span> <span class='ocrx_word' id='word_1_634' title='bbox 3695 3963 3850 4039; x_wconf 77' lang='grc' dir='ltr'><strong>ἱδροῦ</strong></span> 
     </span>
    </p>
   </div>
   <div class='ocr_carea' id='block_1_89' title="bbox 2204 4049 3853 4133">
    <p class='ocr_par' dir='ltr' id='par_1_89' title="bbox 2204 4049 3853 4133">
     <span class='ocr_line' id='line_1_90' title="bbox 2204 4049 3853 4133; baseline 0.002 -27"><span class='ocrx_word' id='word_1_635' title='bbox 2204 4049 2483 4127; x_wconf 79' lang='grc' dir='ltr'>συλλόγου</span> <span class='ocrx_word' id='word_1_636' title='bbox 2516 4054 2605 4107; x_wconf 78' lang='grc' dir='ltr'><strong>καὶ</strong></span> <span class='ocrx_word' id='word_1_637' title='bbox 2638 4054 2794 4116; x_wconf 74' lang='grc' dir='ltr'>οὗτος</span> <span class='ocrx_word' id='word_1_638' title='bbox 2828 4056 3139 4131; x_wconf 81' lang='grc' dir='ltr'>γενόμενος.</span> <span class='ocrx_word' id='word_1_639' title='bbox 3173 4056 3253 4113; x_wconf 81' lang='grc' dir='ltr'><strong>Τὰ</strong></span> <span class='ocrx_word' id='word_1_640' title='bbox 3288 4060 3441 4129; x_wconf 86' lang='grc' dir='ltr'>κοινῇ</span> <span class='ocrx_word' id='word_1_641' title='bbox 3502 4058 3668 4133; x_wconf 75' lang='grc' dir='ltr'>ψήφῳ</span> <span class='ocrx_word' id='word_1_642' title='bbox 3713 4075 3853 4128; x_wconf 87' lang='grc' dir='ltr'>κρα-</span> 
     </span>
    </p>
   </div>
   <div class='ocr_carea' id='block_1_90' title="bbox 2203 4139 3848 4218">
    <p class='ocr_par' dir='ltr' id='par_1_90' title="bbox 2203 4139 3848 4218">
     <span class='ocr_line' id='line_1_91' title="bbox 2203 4139 3848 4218; baseline 0.001 -23"><span class='ocrx_word' id='word_1_643' title='bbox 2203 4142 2442 4210; x_wconf 86' lang='grc' dir='ltr'>τήσαντα</span> <span class='ocrx_word' id='word_1_644' title='bbox 2500 4139 2746 4215; x_wconf 83' lang='grc' dir='ltr'>δόγμακα</span> <span class='ocrx_word' id='word_1_645' title='bbox 2804 4145 3149 4218; x_wconf 88' lang='grc' dir='ltr'>γεγραμμένα</span> <span class='ocrx_word' id='word_1_646' title='bbox 3206 4141 3414 4214; x_wconf 79' lang='grc' dir='ltr'>λαϐὼν,</span> <span class='ocrx_word' id='word_1_647' title='bbox 3448 4144 3524 4208; x_wconf 80' lang='grc' dir='ltr'>εἷς</span> <span class='ocrx_word' id='word_1_648' title='bbox 3579 4147 3677 4214; x_wconf 72' lang='grc' dir='ltr'>τὴν</span> <span class='ocrx_word' id='word_1_649' title='bbox 3711 4141 3848 4198; x_wconf 78' lang='grc' dir='ltr'>ἰδίαν</span> 
     </span>
    </p>
   </div>
   <div class='ocr_carea' id='block_1_91' title="bbox 2207 4229 3848 4308">
    <p class='ocr_par' dir='ltr' id='par_1_91' title="bbox 2207 4229 3848 4308">
     <span class='ocr_line' id='line_1_92' title="bbox 2207 4229 3848 4308; baseline 0.001 -23"><span class='ocrx_word' id='word_1_650' title='bbox 2207 4230 2459 4299; x_wconf 80' lang='grc' dir='ltr'>ἐπανήκει</span> <span class='ocrx_word' id='word_1_651' title='bbox 2517 4230 2701 4301; x_wconf 67' lang='grc' dir='ltr'>πόλιν,</span> <span class='ocrx_word' id='word_1_652' title='bbox 2756 4231 2983 4308; x_wconf 69' lang='grc' dir='ltr'>γλυκεῖά</span> <span class='ocrx_word' id='word_1_653' title='bbox 3049 4253 3129 4294; x_wconf 83' lang='grc' dir='ltr'><strong>τις</strong></span> <span class='ocrx_word' id='word_1_654' title='bbox 3188 4229 3314 4307; x_wconf 76' lang='grc' dir='ltr'>ὄψις</span> <span class='ocrx_word' id='word_1_655' title='bbox 3366 4235 3452 4289; x_wconf 83' lang='grc' dir='ltr'><strong>καὶ</strong></span> <span class='ocrx_word' id='word_1_656' title='bbox 3496 4231 3721 4303; x_wconf 71' lang='grc' dir='ltr'>ἥδιστον</span> <span class='ocrx_word' id='word_1_657' title='bbox 3744 4232 3848 4287; x_wconf 82' lang='grc' dir='ltr'><strong>ἀπὸ</strong></span> 
     </span>
    </p>
   </div>
   <div class='ocr_carea' id='block_1_92' title="bbox 2203 4317 3850 4396">
    <p class='ocr_par' dir='ltr' id='par_1_92' title="bbox 2203 4317 3850 4396">
     <span class='ocr_line' id='line_1_93' title="bbox 2203 4317 3850 4396; baseline 0.001 -23"><span class='ocrx_word' id='word_1_658' title='bbox 2203 4326 2303 4389; x_wconf 79' lang='grc' dir='ltr'>τῆς</span> <span class='ocrx_word' id='word_1_659' title='bbox 2349 4317 2663 4394; x_wconf 77' lang='grc' dir='ltr'>ἀποδῆμίας</span> <span class='ocrx_word' id='word_1_660' title='bbox 2729 4325 2796 4395; x_wconf 87' lang='grc' dir='ltr'><strong>τῇ</strong></span> <span class='ocrx_word' id='word_1_661' title='bbox 2840 4321 3049 4396; x_wconf 73' lang='grc' dir='ltr'>ποίμνῃ</span> <span class='ocrx_word' id='word_1_662' title='bbox 3097 4320 3393 4396; x_wconf 56' lang='grc' dir='ltr'>ἐπιφανείς</span> <span class='ocrx_word' id='word_1_663' title='bbox 3440 4322 3530 4377; x_wconf 80' lang='grc' dir='ltr'><strong>καὶ</strong></span> <span class='ocrx_word' id='word_1_664' title='bbox 3582 4322 3742 4378; x_wconf 86' lang='grc' dir='ltr'>αὐτὸν</span> <span class='ocrx_word' id='word_1_665' title='bbox 3791 4341 3850 4375; x_wconf 87' lang='grc' dir='ltr'><strong>τε</strong></span> 
     </span>
    </p>
   </div>
   <div class='ocr_carea' id='block_1_93' title="bbox 2204 4408 3845 4488">
    <p class='ocr_par' dir='ltr' id='par_1_93' title="bbox 2204 4408 3845 4488">
     <span class='ocr_line' id='line_1_94' title="bbox 2204 4408 3845 4488; baseline 0 -24"><span class='ocrx_word' id='word_1_666' title='bbox 2204 4408 2297 4464; x_wconf 85' lang='grc' dir='ltr'>τὸν</span> <span class='ocrx_word' id='word_1_667' title='bbox 2358 4408 2765 4488; x_wconf 76' lang='grc' dir='ltr'>φιλοθεώτατον</span> <span class='ocrx_word' id='word_1_668' title='bbox 2845 4412 3070 4486; x_wconf 86' lang='grc' dir='ltr'>βασιλέα</span> <span class='ocrx_word' id='word_1_669' title='bbox 3118 4408 3448 4487; x_wconf 72' lang='grc' dir='ltr'>Τηριδάτην,</span> <span class='ocrx_word' id='word_1_670' title='bbox 3504 4412 3593 4467; x_wconf 85' lang='grc' dir='ltr'>καὶ</span> <span class='ocrx_word' id='word_1_671' title='bbox 3677 4415 3845 4465; x_wconf 80' lang='grc' dir='ltr'>πᾶσαν</span> 
     </span>
    </p>
   </div>
   <div class='ocr_carea' id='block_1_94' title="bbox 2203 4497 3846 4577">
    <p class='ocr_par' dir='ltr' id='par_1_94' title="bbox 2203 4497 3846 4577">
     <span class='ocr_line' id='line_1_95' title="bbox 2203 4497 3846 4577; baseline 0.002 -27"><span class='ocrx_word' id='word_1_672' title='bbox 2203 4498 2301 4565; x_wconf 78' lang='grc' dir='ltr'><strong>τὴν</strong></span> <span class='ocrx_word' id='word_1_673' title='bbox 2364 4498 2655 4571; x_wconf 85' lang='grc' dir='ltr'>’Δρμενίαν</span> <span class='ocrx_word' id='word_1_674' title='bbox 2715 4497 3049 4575; x_wconf 66' lang='grc' dir='ltr'>εὐφροσύνης</span> <span class='ocrx_word' id='word_1_675' title='bbox 3107 4499 3193 4554; x_wconf 81' lang='grc' dir='ltr'>ἐπὶ</span> <span class='ocrx_word' id='word_1_676' title='bbox 3251 4504 3320 4574; x_wconf 86' lang='grc' dir='ltr'><strong>τῇ</strong></span> <span class='ocrx_word' id='word_1_677' title='bbox 3376 4504 3485 4555; x_wconf 83' lang='grc' dir='ltr'><strong>τῶν</strong></span> <span class='ocrx_word' id='word_1_678' title='bbox 3558 4498 3846 4577; x_wconf 77' lang='grc' dir='ltr'>δογμάτων</span> 
     </span>
    </p>
   </div>
   <div class='ocr_carea' id='block_1_95' title="bbox 459 4582 2097 4667">
    <p class='ocr_par' dir='ltr' id='par_1_95' title="bbox 459 4582 2090 4655">
     <span class='ocr_line' id='line_1_96' title="bbox 459 4582 2090 4655; baseline 0.002 -16"><span class='ocrx_word' id='word_1_679' title='bbox 459 4589 658 4639; x_wconf 89' lang='lat' dir='ltr'><strong>nostro</strong></span> <span class='ocrx_word' id='word_1_680' title='bbox 691 4599 705 4639; x_wconf 91' lang='lat'><strong>:</strong></span> <span class='ocrx_word' id='word_1_681' title='bbox 741 4599 873 4637; x_wconf 90' lang='lat' dir='ltr'><strong>cum</strong></span> <span class='ocrx_word' id='word_1_682' title='bbox 907 4600 1021 4654; x_wconf 90' lang='lat' dir='ltr'><strong>quo</strong></span> <span class='ocrx_word' id='word_1_683' title='bbox 1074 4583 1224 4638; x_wconf 88' lang='lat' dir='ltr'><strong>Patri</strong></span> <span class='ocrx_word' id='word_1_684' title='bbox 1254 4582 1432 4638; x_wconf 89' lang='lat' dir='ltr'><strong>simul</strong></span> <span class='ocrx_word' id='word_1_685' title='bbox 1476 4600 1608 4640; x_wconf 90' lang='lat' dir='ltr'><strong>cum</strong></span> <span class='ocrx_word' id='word_1_686' title='bbox 1642 4590 1840 4640; x_wconf 87' lang='lat' dir='ltr'><strong>sancto</strong></span> <span class='ocrx_word' id='word_1_687' title='bbox 1874 4587 2090 4655; x_wconf 89' lang='lat' dir='ltr'><strong>Spiritu</strong></span> 
     </span>
    </p>
   </div>
   <div class='ocr_carea' id='block_1_96' title="bbox 2207 4582 3850 4667">
    <p class='ocr_par' dir='ltr' id='par_1_96' title="bbox 2209 4584 3850 4667">
     <span class='ocr_line' id='line_1_97' title="bbox 2209 4584 3850 4667; baseline 0.002 -29"><span class='ocrx_word' id='word_1_688' title='bbox 2209 4584 2489 4663; x_wconf 68' lang='grc' dir='ltr'>συμφωνίᾳ</span> <span class='ocrx_word' id='word_1_689' title='bbox 2546 4585 2863 4658; x_wconf 84' lang='grc' dir='ltr'>πληρώσας.</span> <span class='ocrx_word' id='word_1_690' title='bbox 2895 4588 2967 4644; x_wconf 78' lang='grc' dir='ltr'><strong>’Ἃ</strong></span> <span class='ocrx_word' id='word_1_691' title='bbox 3025 4585 3090 4657; x_wconf 79' lang='grc' dir='ltr'>δὴ</span> <span class='ocrx_word' id='word_1_692' title='bbox 3124 4589 3213 4643; x_wconf 85' lang='grc' dir='ltr'>καὶ</span> <span class='ocrx_word' id='word_1_693' title='bbox 3246 4585 3507 4661; x_wconf 82' lang='grc' dir='ltr'>διέμεινεν</span> <span class='ocrx_word' id='word_1_694' title='bbox 3538 4587 3681 4644; x_wconf 73' lang='grc' dir='ltr'>οὕτω</span> <span class='ocrx_word' id='word_1_695' title='bbox 3713 4587 3850 4667; x_wconf 81' lang='grc' dir='ltr'>χρό-</span> 
     </span>
    </p>
   </div>
   <div class='ocr_carea' id='block_1_97' title="bbox 456 4672 2093 4745">
    <p class='ocr_par' dir='ltr' id='par_1_97' title="bbox 456 4672 2093 4745">
     <span class='ocr_line' id='line_1_98' title="bbox 456 4672 2093 4745; baseline 0.002 -19"><span class='ocrx_word' id='word_1_696' title='bbox 456 4673 656 4745; x_wconf 87' lang='lat' dir='ltr'><strong>gloria,</strong></span> <span class='ocrx_word' id='word_1_697' title='bbox 694 4672 974 4742; x_wconf 90' lang='lat' dir='ltr'><strong>potentia,</strong></span> <span class='ocrx_word' id='word_1_698' title='bbox 1015 4676 1073 4727; x_wconf 89' lang='lat' dir='ltr'><strong>et</strong></span> <span class='ocrx_word' id='word_1_699' title='bbox 1120 4672 1309 4729; x_wconf 88' lang='lat' dir='ltr'><strong>honor</strong></span> <span class='ocrx_word' id='word_1_700' title='bbox 1338 4689 1514 4739; x_wconf 90' lang='lat' dir='ltr'><strong>nunc,</strong></span> <span class='ocrx_word' id='word_1_701' title='bbox 1547 4679 1602 4729; x_wconf 92' lang='lat' dir='ltr'><strong>et</strong></span> <span class='ocrx_word' id='word_1_702' title='bbox 1641 4674 1700 4728; x_wconf 93' lang='lat' dir='ltr'><strong>in</strong></span> <span class='ocrx_word' id='word_1_703' title='bbox 1749 4674 1957 4730; x_wconf 76' lang='lat' dir='ltr'><strong>saecula</strong></span> <span class='ocrx_word' id='word_1_704' title='bbox 1987 4691 2093 4730; x_wconf 73' lang='grc' dir='ltr'>εω-</span> 
     </span>
    </p>
   </div>
   <div class='ocr_carea' id='block_1_98' title="bbox 460 4762 996 4818">
    <p class='ocr_par' dir='ltr' id='par_1_98' title="bbox 460 4762 996 4818">
     <span class='ocr_line' id='line_1_99' title="bbox 460 4762 996 4818; baseline 0.002 -2"><span class='ocrx_word' id='word_1_705' title='bbox 460 4762 747 4818; x_wconf 87' lang='lat' dir='ltr'><strong>culorum.</strong></span> <span class='ocrx_word' id='word_1_706' title='bbox 793 4766 996 4817; x_wconf 80' lang='lat' dir='ltr'><strong>Amen.</strong></span> 
     </span>
    </p>
   </div>
   <div class='ocr_carea' id='block_1_99' title="bbox 2205 4670 3851 4747">
    <p class='ocr_par' dir='ltr' id='par_1_99' title="bbox 2205 4670 3851 4747">
     <span class='ocr_line' id='line_1_100' title="bbox 2205 4670 3851 4747; baseline 0.002 -20"><span class='ocrx_word' id='word_1_707' title='bbox 2205 4694 2295 4728; x_wconf 83' lang='lat' dir='ltr'><strong>vov</strong></span> <span class='ocrx_word' id='word_1_708' title='bbox 2356 4672 2441 4727; x_wconf 82' lang='grc' dir='ltr'><strong>ἐπὶ</strong></span> <span class='ocrx_word' id='word_1_709' title='bbox 2500 4674 2727 4747; x_wconf 88' lang='grc' dir='ltr'>μακρὸν,</span> <span class='ocrx_word' id='word_1_710' title='bbox 2758 4681 2858 4742; x_wconf 79' lang='grc' dir='ltr'><strong>τῆς</strong></span> <span class='ocrx_word' id='word_1_711' title='bbox 2898 4670 3165 4738; x_wconf 76' lang='grc' dir='ltr'>εὐσεϐείας</span> <span class='ocrx_word' id='word_1_712' title='bbox 3220 4677 3473 4733; x_wconf 72' lang='grc' dir='ltr'>ἑκάστοτε</span> <span class='ocrx_word' id='word_1_713' title='bbox 3529 4676 3604 4739; x_wconf 79' lang='grc' dir='ltr'><strong>εἷς</strong></span> <span class='ocrx_word' id='word_1_714' title='bbox 3636 4675 3851 4745; x_wconf 72' lang='grc' dir='ltr'>πλῆθος</span> 
     </span>
    </p>
   </div>
   <div class='ocr_carea' id='block_1_100' title="bbox 2207 4758 3854 4838">
    <p class='ocr_par' dir='ltr' id='par_1_100' title="bbox 2207 4758 3854 4838">
     <span class='ocr_line' id='line_1_101' title="bbox 2207 4758 3854 4838; baseline 0.001 -23"><span class='ocrx_word' id='word_1_715' title='bbox 2207 4758 2586 4833; x_wconf 77' lang='grc' dir='ltr'>ἐπιδιδούσης,</span> <span class='ocrx_word' id='word_1_716' title='bbox 2618 4763 2707 4815; x_wconf 81' lang='grc' dir='ltr'><strong>καὶ</strong></span> <span class='ocrx_word' id='word_1_717' title='bbox 2763 4763 2859 4817; x_wconf 73' lang='grc' dir='ltr'>τοῦ</span> <span class='ocrx_word' id='word_1_718' title='bbox 2917 4771 3016 4832; x_wconf 79' lang='grc' dir='ltr'>τῆς</span> <span class='ocrx_word' id='word_1_719' title='bbox 3049 4765 3290 4838; x_wconf 83' lang='grc' dir='ltr'>εἰρήνης,</span> <span class='ocrx_word' id='word_1_720' title='bbox 3340 4770 3473 4820; x_wconf 77' lang='grc' dir='ltr'>Θεοῦ</span> <span class='ocrx_word' id='word_1_721' title='bbox 3520 4762 3607 4819; x_wconf 74' lang='grc' dir='ltr'><strong>διὰ</strong></span> <span class='ocrx_word' id='word_1_722' title='bbox 3638 4764 3854 4818; x_wconf 77' lang='grc' dir='ltr'>πάντων</span> 
     </span>
    </p>
   </div>
   <div class='ocr_carea' id='block_1_101' title="bbox 467 4854 3853 4937">
    <p class='ocr_par' dir='ltr' id='par_1_101' title="bbox 467 4854 3853 4937">
     <span class='ocr_line' id='line_1_102' title="bbox 467 4854 3853 4937; baseline 0.001 -25"><span class='ocrx_word' id='word_1_723' title='bbox 467 4854 854 4929; x_wconf 75' lang='grc' dir='ltr'>δοξαζομένου,</span> <span class='ocrx_word' id='word_1_724' title='bbox 904 4856 953 4912; x_wconf 76' lang='grc' dir='ltr'><strong>ὲν</strong></span> <span class='ocrx_word' id='word_1_725' title='bbox 1015 4860 1232 4930; x_wconf 83' lang='grc' dir='ltr'>Χριστῷ</span> <span class='ocrx_word' id='word_1_726' title='bbox 1261 4859 1441 4927; x_wconf 74' lang='grc' dir='ltr'>Ἰησοῦ</span> <span class='ocrx_word' id='word_1_727' title='bbox 1498 4863 1577 4931; x_wconf 81' lang='grc' dir='ltr'><strong>τῷ</strong></span> <span class='ocrx_word' id='word_1_728' title='bbox 1636 4859 1816 4933; x_wconf 87' lang='grc' dir='ltr'>Κυρίῳ</span> <span class='ocrx_word' id='word_1_729' title='bbox 1864 4861 2043 4931; x_wconf 77' lang='grc' dir='ltr'>ἡμῶν·</span> <span class='ocrx_word' id='word_1_730' title='bbox 2108 4861 2222 4934; x_wconf 82' lang='grc' dir='ltr'>μεθ’</span> <span class='ocrx_word' id='word_1_731' title='bbox 2253 4860 2312 4913; x_wconf 79' lang='grc' dir='ltr'>οὗ</span> <span class='ocrx_word' id='word_1_732' title='bbox 2370 4862 2447 4930; x_wconf 76' lang='grc' dir='ltr'><strong>τῷ</strong></span> <span class='ocrx_word' id='word_1_733' title='bbox 2476 4858 2644 4933; x_wconf 83' lang='grc' dir='ltr'>Πατρὶ</span> <span class='ocrx_word' id='word_1_734' title='bbox 2677 4860 2787 4933; x_wconf 79' lang='grc' dir='ltr'><strong>ἅμα</strong></span> <span class='ocrx_word' id='word_1_735' title='bbox 2843 4861 2922 4932; x_wconf 80' lang='grc' dir='ltr'>τῷ</span> <span class='ocrx_word' id='word_1_736' title='bbox 2978 4862 3114 4937; x_wconf 84' lang='grc' dir='ltr'>ἁγίῳ</span> <span class='ocrx_word' id='word_1_737' title='bbox 3164 4861 3436 4936; x_wconf 82' lang='grc' dir='ltr'>Πνεύματι</span> <span class='ocrx_word' id='word_1_738' title='bbox 3497 4860 3645 4935; x_wconf 79' lang='grc' dir='ltr'>δόξα,</span> <span class='ocrx_word' id='word_1_739' title='bbox 3688 4865 3853 4934; x_wconf 77' lang='grc' dir='ltr'>τιμὴ,</span> 
     </span>
    </p>
   </div>
   <div class='ocr_carea' id='block_1_102' title="bbox 461 4945 2282 5022">
    <p class='ocr_par' dir='ltr' id='par_1_102' title="bbox 461 4945 2282 5022">
     <span class='ocr_line' id='line_1_103' title="bbox 461 4945 2282 5022; baseline 0.002 -23"><span class='ocrx_word' id='word_1_740' title='bbox 461 4948 657 5021; x_wconf 71' lang='grc' dir='ltr'>κράτος</span> <span class='ocrx_word' id='word_1_741' title='bbox 684 4949 774 5000; x_wconf 74' lang='grc' dir='ltr'><strong>νῦν</strong></span> <span class='ocrx_word' id='word_1_742' title='bbox 800 4945 887 5000; x_wconf 84' lang='grc' dir='ltr'><strong>καὶ</strong></span> <span class='ocrx_word' id='word_1_743' title='bbox 918 4945 1003 5001; x_wconf 84' lang='grc' dir='ltr'><strong>ἀεὶ</strong></span> <span class='ocrx_word' id='word_1_744' title='bbox 1035 4948 1123 5002; x_wconf 79' lang='grc' dir='ltr'><strong>καὶ</strong></span> <span class='ocrx_word' id='word_1_745' title='bbox 1157 4947 1234 5009; x_wconf 78' lang='grc' dir='ltr'><strong>είς</strong></span> <span class='ocrx_word' id='word_1_746' title='bbox 1265 4947 1394 5009; x_wconf 79' lang='grc' dir='ltr'>τοὺς</span> <span class='ocrx_word' id='word_1_747' title='bbox 1430 4946 1529 5001; x_wconf 84' lang='grc' dir='ltr'><strong>αίώ</strong></span> <span class='ocrx_word' id='word_1_748' title='bbox 1562 4968 1651 5009; x_wconf 87' lang='grc' dir='ltr'><strong>νας</strong></span> <span class='ocrx_word' id='word_1_749' title='bbox 1685 4952 1789 5001; x_wconf 79' lang='grc' dir='ltr'><strong>τῶν</strong></span> <span class='ocrx_word' id='word_1_750' title='bbox 1821 4947 2049 5003; x_wconf 80' lang='grc' dir='ltr'>αἰώνων.</span> <span class='ocrx_word' id='word_1_751' title='bbox 2083 4950 2282 5022; x_wconf 86' lang='grc' dir='ltr'>Ἀμήν.</span> 
     </span>
    </p>
   </div>
  </div>
