4142 6248
240 300 358 363 907

1391 296 1864 365 MARTYItIUM
1911 302 1976 363 S.
2021 303 2500 366 CHABITINIE.

3532 313 3649 373 998

253 475 3651 505 mw

868 504 1733 800 MENSIS
1840 602 3010 810 OCTOBER.

1584 1105 1669 1198 Μ
1684 1102 2315 1202 ΑΡΤΥΡΙΟΝ

908 1302 1251 1431 ΤΗΣ
1327 1300 1844 1432 ΑΓΙΑΣ

2008 1302 2965 1433 ἰΑΡΙΤΙΝΗΣ.

1583 1727 2295 1816 ΜᾹΒΤῩΠΙΠΜ

847 1900 1680 2066 SANCT/E
1815 1900 3025 2069 CHARITIN/E.

912 2184 1130 2257 (Graece
1159 2189 1216 2242 et
1247 2185 1445 2244 Latine
1476 2185 1534 2241 in
1576 2185 1739 2242 Actis
1768 2185 1868 2243 SS.
1903 2186 2163 2244 Bolland.
2198 2186 2269 2243 ad
2311 2186 2460 2244 diem
2493 2187 2529 2243 5
2553 2187 2816 2247 Octobris
2848 2190 2966 2263 (⁰).)

308 2536 384 2594 Α’.
418 2533 662 2609 Ἐκράτει
691 2536 827 2590 ποτὶ
854 2535 924 2590 τά
948 2536 1047 2603 τῆς
1075 2528 1341 2605 ἄσεϐείας,
1383 2532 1473 2589 καὶ
1518 2532 1760 2606 βασιλεῖς
1790 2533 1877 2589 ἒπὶ

2064 2536 2107 2592 Ι.
2123 2537 2488 2594 Dominatum
2505 2538 2817 2611 aliquando
2835 2542 3087 2598 obtinuit
3104 2544 3375 2617 impietas
3387 2547 3636 2618 etimpe-

233 2623 362 2687 τοὺς
401 2626 469 2680 τὰ
516 2627 850 2697 Χριστιανῶν
888 2628 1220 2702 φρονοῦντας
1273 2622 1566 2696 ἱξὲμαινεν.
1626 2624 1885 2678 Ὑπασπι-

240 2714 363 2770 σταὶ
420 2710 478 2768 δὶ
516 2713 701 2775 αὐτοῖς
757 2714 845 2768 καὶ
908 2712 1170 2787 ὑπηρέται
1226 2714 1325 2781 τήν
1383 2716 1485 2767 τοῦ
1550 2714 1887 2786 Χριστιανῶν

238 2798 454 2878 ἔρευναν
486 2800 644 2875 ἔργον
684 2801 987 2871 ἐποιοῦντο,
1036 2800 1125 2855 καὶ
1185 2798 1501 2862 πολυειδεῖς
1565 2806 1679 2861 τοῖς
1737 2802 1887 2855 εὐσε-

240 2888 386 2947 ϐέσιν
420 2891 455 2958 ἡ
489 2888 750 2959 πείληντο
784 2890 1031 2963 βάσανοι.
1068 2888 1346 2957 Μηνύεται
1398 2888 1486 2940 οὗν
1544 2887 1748 2959 κόμητι
1785 2889 1888 2941 τινὶ

240 2979 333 3034 καὶ
373 2979 408 3046 ἡ
440 2975 787 3050 γενναιοτάτη
839 2974 1125 3048 Χαριτίνη,
1175 2974 1258 3028 ’ὁτι
1308 2975 1383 3045 μὴ
1438 2976 1603 3047 μόνον
1648 2976 1715 3028 τὰ
1757 2977 1892 3050 Χρι-

244 3070 474 3121 στιανῶν
509 3065 745 3139 ὑπάρχει
798 3068 1039 3136 τιμῶσα,
1098 3061 1238 3117 ἀλκὰ
1294 3062 1383 3117 καὶ
1451 3060 1699 3125 πολλοὺς
1755 3064 1890 3137 πρὸς

241 3156 340 3225 τὴν
371 3154 538 3223 αὐτῆς
588 3151 876 3226 θρησκείαν
930 3153 1215 3226 ὑπάγεται,
1261 3152 1351 3206 καὶ
1411 3148 1477 3219 δὴ
1527 3152 1616 3206 καὶ
1664 3150 1790 3216 τοὺς
1828 3151 1895 3207 τὰ

241 3246 581 3319 Χριστιανῶν
614 3241 913 3313 ἑλομένους
958 3238 1390 3317 ἀσφαλεστέρους
1441 3238 1528 3294 ἐπὶ
1577 3243 1638 3295 τὸ
1687 3240 1890 3295 οἰκεῖον

243 3330 400 3396 σέϐας
462 3331 877 3407 παρασκευάζει.
950 3329 1263 3407 Ἐφίσταται
1322 3330 1414 3385 οὖν
1447 3331 1475 3384 ὁ
1515 3330 1699 3404 κόμης
1754 3329 1890 3404 αὐτῇ

242 3422 325 3478 ἐπ’
397 3419 577 3478 ἐλπίδι
635 3421 964 3493 κατοικούσῃ
1023 3419 1115 3474 καὶ
1191 3419 1326 3474 κατὰ
1386 3418 1555 3491 μόνας
1618 3419 1779 3493 ἑαυτῇ
1834 3440 1893 3475 τε

244 3511 607 3589 συγγινομὲνῃ
638 3509 729 3565 καὶ
784 3514 864 3580 τῷ
921 3513 1060 3580 Θεῷ.
1130 3509 1442 3581 Ἐφισταται
1494 3506 1550 3562 δὲ
1596 3508 1684 3562 καὶ
1718 3510 1892 3580 θυμοῦ

243 3602 488 3674 πλήρης,
528 3599 618 3653 καὶ
648 3596 953 3671 παραυτίκα
982 3595 1205 3671 πληγὰς
1237 3597 1377 3669 αὐτῇ
1418 3595 1654 3667 ἐντείνει,
1702 3596 1891 3651 κλοιόν

244 3709 301 3743 τε
368 3685 623 3761 σιδηροῦν
678 3684 1012 3758 περιτίθησι,
1079 3683 1168 3739 καὶ
1226 3684 1325 3751 τὴν
1381 3680 1589 3738 δικαίαν
1651 3684 1893 3755 ὑπατικῷ

243 3781 326 3847 τῷ
359 3775 504 3849 παρὰ
560 3777 735 3828 παντα
789 3770 959 3844 ἀδίκῳ
1007 3769 1234 3844 δικαστῇ
1292 3768 1682 3845 παραδίδωσιν.
1721 3772 1780 3829 Ὁ
1838 3770 1895 3826 δὲ

246 3862 315 3918 τά
342 3882 401 3917 τε
441 3866 551 3916 τῶν
595 3859 872 3915 κολάσεων
923 3858 1080 3921 εὐθὺς
1136 3858 1457 3932 προτίθησιν
1516 3859 1739 3933 ὃργανα,
1792 3860 1890 3928 τήν

256 3948 502 4027 μάρτυρά
529 3969 588 4003 τε
616 3953 695 4021 τῷ
725 3948 895 4003 αὐτοῦ
928 3948 1137 4021 βήματι
1165 3948 1538 4021 παραστήσας,
1592 3945 1894 4022 Οἷ¹κτειρον,

254 4039 390 4109 εἶπε,
421 4038 527 4112 πρὸ
552 4043 652 4106 τῆς
683 4040 791 4091 τῶν
839 4034 1223 4108 κολαστηρίων
1271 4035 1463 4109 πείρας
1495 4037 1718 4107 σαυτὴν,
1749 4036 1897 4110 σώφ-

255 4149 372 4203 ρονι
404 4124 730 4205 χρησαμένη
762 4129 841 4196 τῷ
871 4124 1158 4198 λογισμῷ,
1195 4123 1283 4179 καὶ
1322 4128 1438 4186 τοῖς
1471 4124 1751 4186 ἀθανάτοις
1804 4126 1897 4178 θυ-

254 4217 373 4272 σίαν
454 4213 793 4289 προσένεγκε.
863 4213 1001 4287 Τρία
1060 4214 1165 4289 γὰρ
1220 4210 1281 4266 ἄν
1348 4210 1490 4266 οὕτω
1544 4210 1613 4265 τὰ
1673 4210 1901 4284 μέγιστα

257 4301 552 4378 κερδανεῖς,
582 4302 645 4359 τό
682 4322 740 4357 τε
768 4306 875 4356 τῶν
921 4306 1055 4365 θεῶν
1102 4301 1299 4374 κράτος
1356 4298 1643 4371 ἐξιλεώσῃ,
1694 4301 1795 4367 τήν
1843 4317 1903 4351 τε

260 4399 369 4448 τῶν
429 4392 766 4468 κρατούντων
826 4388 1101 4461 εὐμένειαν
1162 4384 1430 4459 ἐπισπάσῃ
1477 4387 1567 4439 καὶ
1613 4383 1676 4441 τὸ
1732 4385 1902 4440 ἀπαν-

266 4487 391 4549 θοῦν
421 4488 521 4551 τῆς
550 4480 694 4556 ὥρας
719 4478 779 4534 οὗ
816 4478 1059 4554 βασάνων
1093 4473 1383 4549 δριμύτητι
1426 4480 1698 4547 μαρανεῖς.

342 4752 412 4824 (‘)
443 4753 584 4824 Acta
634 4750 773 4815 haec,
818 4764 947 4819 quas
989 4762 1057 4803 ex
1086 4745 1279 4824 Graeco
1299 4747 1512 4824 _Latine
1542 4760 1706 4801 versa
1734 4743 1905 4824 λης-ξε

274 4816 425 4894 εἱιίεί
445 4822 811 4894 Lipomanua,
834 4816 1191 4894 Veronensis
1222 4817 1554 4894 episcopus,
1585 4816 1907 4894 anpo_1558

273 4893 479 4960 edidit,
499 4886 759 4971 genuina
765 4886 1284 4971 messeﬁymeo‘nis
1306 4886 1714 4971 {ti-etaphrastis
1727 4886 1907 4959 Opus,

277 4959 557 5021 asserenti
596 4962 761 5018 Leoni
812 4959 1043 5017 Allatio‘
1070 4959 1127 5014 in
1160 4959 1413 5015 Diatriba
1442 4959 1512 5014 de
1553 4959 1906 5031 Symeonum

275 5036 513 5107 scriptis
565 5050 695 5106 pag.
745 5034 960 5107 minet
1008 5031 1129 5107 1_26,
1180 5030 1569 5095 consentiunt,
1602 5030 1907 5102 quantum

276 5103 517 5182 quidem
547 5103 701 5182 novi,
734 5103 947 5182 eruditi
978 5103 1049 5157 ad
1080 5117 1267 5182 unum
1298 5117 1535 5182 omnes;
1605 5169 1658 5182 Μ

349 5179 428 5250 (1)
460 5178 618 5242 Vide,
648 5169 774 5250 quas
815 5176 889 5250 de
937 5171 1155 5250 epocha
1202 5173 1466 5250 martyrii
1503 5176 1558 5227 S.
1602 5169 1908 5250 Charitinp

1997 2629 2216 2681 ratores
2250 2627 2440 2681 furore
2473 2629 2783 2684 concitavit
2828 2631 3105 2687 adversus
3137 2650 3252 2700 eos,
3287 2637 3382 2703 qui
3430 2635 3635 2691 Chris—

1998 2712 2290 2769 tianorum
2314 2716 2585 2771 tenebant
2607 2717 2939 2788 opinionem
2964 2722 3063 2791 (1).
3088 2721 3412 2777 Satellitum
3437 2728 3631 2780 autem

1998 2809 2055 2858 et
2086 2802 2489 2858 ministrorum
2521 2811 2645 2860 erat
2671 2805 2930 2860 oiflcium
2961 2809 3197 2863 scrutari
3229 2810 3630 2879 Christianos;

1999 2894 2055 2945 et
2084 2892 2196 2959 piis
2227 2892 2668 2948 intentabantur
2693 2898 2863 2950 mima
2888 2895 3294 2966 multiplicium
3323 2905 3633 2954 tormento-

2000 2991 2153 3030 rum.
2187 2977 2271 3030 Ad
2296 2979 2607 3046 quemdam
2632 2996 2768 3050 ergo
2791 2983 3061 3037 comitem
3084 2984 3158 3054 (2)
3182 3000 3463 3056 generosa
3493 3004 3635 3057 quo-

2002 3078 2113 3133 que
2143 3064 2400 3118 defertur
2442 3066 2601 3136 virgo
2646 3069 2961 3139 Charitine,
3005 3072 3159 3141 quod
3211 3090 3320 3128 non
3358 3073 3545 3129 solum
3579 3075 3636 3130 in

2002 3150 2221 3206 honore
2251 3151 2461 3207 habeat
2488 3156 2871 3225 Christianos,
2899 3159 2997 3213 sed
3024 3160 3194 3214 etiam
3224 3162 3436 3218 multos
3467 3164 3562 3218 ind
3576 3181 3640 3218 u-

2004 3244 2096 3295 cat
2125 3240 2195 3294 ad
2227 3255 2396 3295 suam
2429 3240 2764 3313 religionem
2802 3262 2815 3311 ;
2848 3246 2988 3315 quin
3022 3248 3190 3301 etiam
3228 3267 3347 3317 eos,
3379 3251 3477 3320 qui
3510 3253 3633 3317 opi-

2002 3327 2236 3383 nionem
2263 3335 2651 3399 susceperunt
2672 3330 3153 3400 Christianorum,
3173 3339 3416 3393 tutiores
3439 3341 3637 3395 reddat

2004 3417 2073 3471 ad
2107 3433 2280 3472 suum
2314 3417 2556 3472 cultum.
2580 3418 2666 3473 Ad
2699 3434 2827 3473 eam
2850 3437 2987 3492 ergo
3008 3425 3231 3479 accedit
3253 3442 3446 3481 comes
3474 3428 3553 3497 (3)
3576 3428 3634 3484 in

2003 3520 2104 3575 spe
2152 3504 2533 3574 habitantem,
2566 3510 2623 3562 et
2669 3523 2933 3563 seorsum
2983 3526 3204 3579 secum,
3253 3519 3310 3568 et
3358 3530 3491 3569 cum
3523 3522 3636 3571 Deo

2002 3598 2352 3649 versantem.
2388 3595 2618 3649 Accedit
2664 3599 2856 3650 autem
2905 3597 2988 3651 ira
3043 3598 3245 3669 plenus
3277 3606 3333 3656 et
3361 3603 3558 3657 statim
3586 3604 3635 3658 ei

2003 3680 2206 3753 plagas
2236 3682 2464 3751 inﬂigit,
2490 3690 2542 3737 et
2575 3685 2826 3739 ferreum
2848 3686 2897 3741 ei
2938 3687 3144 3743 collare
3175 3690 3256 3761 (4)
3278 3691 3512 3759 imponit
3539 3710 3553 3758 ;
3586 3697 3643 3748 et

2002 3785 2129 3824 eam
2160 3770 2334 3825 tradit
2366 3772 2659 3827 consulari
2706 3774 3100 3842 injustissimo
3124 3778 3331 3848 judici.
3367 3779 3466 3836 Ille
3507 3798 3638 3837 vero

2006 3863 2060 3913 et
2100 3860 2298 3914 statim
2350 3861 2624 3931 proponit
2674 3861 3063 3919 instrumenta
3092 3866 3553 3937 suppliciorum;
3587 3873 3643 3925 et

2005 3962 2138 4005 cum
2188 3953 2504 4019 martyrem
2534 3956 2797 4005 curasset
2825 3952 2950 4007 sisti
3001 3954 3067 4008 ad
3122 3971 3295 4010 suum
3337 3956 3636 4017 tribunal;

2004 4036 2295 4101 Miserere,
2349 4037 2558 4108 inquit.
2592 4038 2700 4104 tui,
2748 4046 3057 4110 antequam
3109 4042 3429 4111 periculum
3464 4046 3637 4102 facias

2005 4124 2449 4194 suppliciorum,
2473 4126 2720 4194 sapienti
2746 4132 2916 4182 utens
2939 4129 3397 4187 consideratione
3420 4151 3433 4201 ;
3458 4142 3511 4188 et
3534 4133 3641 4188 im-

2008 4209 2353 4264 mortalibus
2379 4210 2522 4264 otl‘er
2550 4212 2927 4269 sacriﬁcium.
2958 4216 3049 4270 Sic
3087 4217 3242 4271 enim
3275 4219 3385 4273 tria
3414 4219 3642 4276 lucrifa-

2007 4298 2122 4352 cies
2145 4296 2419 4351 maxima.
2446 4297 2588 4352 Nam
2613 4304 2669 4353 et
2695 4300 2936 4355 deorum
2961 4305 3282 4372 potentiam
3307 4306 3411 4361 tibi
3434 4310 3640 4365 reddes

2006 4387 2346 4459 prepitiam;
2371 4391 2426 4442 et
2446 4387 2855 4459 imperatorum
2873 4394 3129 4450 attrahas
3151 4394 3606 4454 benevolentiam
3629 4415 3642 4465 ;

2006 4479 2064 4529 et
2093 4473 2388 4531 ﬂorentem
2419 4476 2668 4547 speciem
2702 4478 2932 4535 acribus
2956 4484 3264 4540 tormentis
3309 4501 3422 4542 non
3464 4485 3642 4543 facies

2010 4564 2365 4621 flaccescere.

2013 4746 2098 4803 sic
2146 4748 2392 4816 utraque
2421 4747 2677 4803 narratio
2728 4749 3084 4806 concilianda
3116 4756 3224 4818 est,
3258 4757 3320 4808 ut
3362 4754 3647 4812 Domitius

2013 4832 2227 4895 comee_,
2279 4823 2335 4895 et
2379 4819 2917 4895 Amisenorum,_ut
2962 4822 3423 4895 norbisividetur,
3474 4826 3647 4895 iudex

2014 4887 2362 4965 consularis,
2382 4891 2545 4965 prius
2566 4890 2634 4945 ad
2661 4890 3296 4965 ClaudiumCharitinaa
3320 4887 3645 4965 dominum;

2014 4958 2327 5031 scripserit,
2353 4958 2468 5031 quo
2488 4961 2583 5016 hic
2600 4976 2721 5016 eam
2744 4963 2813 5016 ad
2833 4978 2895 5017 se
2914 4963 3186 5031 mitteret,
3208 4982 3271 5020 ac
3296 4982 3428 5021 mox
3440 4958 3651 5024 comite

2013 5030 2329 5105 quemdam
2362 5030 2430 5086 ex
2459 5032 2821 5105 administris
2852 5033 2978 5089 suis
3020 5030 3250 5105 legarit,
3283 5036 3384 5105 qui
3416 5053 3542 5095 eam
3573 5040 3645 5095 ad

2015 5101 2077 5158 se
2100 5101 2357 5173 vinctam
2383 5103 2741 5173 perduceret,
2774 5120 2994 5173 suoque
3025 5101 3246 5161 sisteret
3274 5101 3572 5165 tribunali.

2086 5172 2161 5252 (ᾇ)
2192 5172 2272 5228 De
2302 5172 2489 5252 plagis
2513 5182 2651 5252 ante
2674 5172 2983 5252 juridicam
3022 5176 3202 5252 ullius
3232 5180 3488 5235 criminis
3522 5198 3647 5252 pro-

280 5242 1036 5326 sx‘conjecturadiximusin
1058 5244 1907 5326 Commentario_nurn.xr.,‘c.t2.
1941 5256 1991 5326 Ο
2019 5242 2313 5326 bationem
2359 5242 3205 5326 Charitinaa'inﬂictis,_!idesis
3234 5266 3357 5319 quas
3388 5252 3458 5326 in_
3477 5242 3646 5326 ciam-

352 5322 430 5388 (2)
454 5314 619 5376 Hunc
648 5318 761 5375 alia
793 5317 1119 5388 Grecorum
1160 5314 1906 5388 monumentaioomitium,

2020 5316 2304 5371 mentario
2327 5317 2436 5372 sub
2458 5316 2690 5373 initium
2715 5318 2941 5373 numeri
2964 5319 3031 5375 15
3047 5319 3201 5376 dicta
3222 5316 3360 5378 sunt
3384 5338 3396 5376 :
3420 5322 3646 5382 Collare

280 5386 797 5449 aliaDomitianum
813 5392 1038 5447 vocant.
1053 5386 1305 5442 Consule
1321 5387 1567 5443 num.13
1586 5390 1641 5442 et
1662 5400 1912 5458 sequens
2019 5391 2236 5462 autem,
2270 5388 2421 5459 quod
2439 5387 2662 5462 _Chri_sti
2710 5391 2948 5462 martyri
2992 5390 3269 5458 iniectum
3301 5393 3480 5451 fuisse
3511 5410 3649 5452 nar-

285 5469 648 5520 annotatum.

2018 5461 2201 5546 ratur,
2224 5463 2372 5546 erat.
2399 5459 2612 5546 vinculi
2660 5459 3013 5546 genu-8,;an
3042 5464 3400 5546 captivorum
3431 5466 3648 5525 collum

357 5534 436 5607 (5)
457 5528 1156 5613 Dissonatppnnibilhec
1175 5527 1580 5613 Metaphrastis
1605 5525 1912 5613 nar-rstica
2021 5525 2550 5613 constringebatur,
2578 5525 2711 5613 nere
2740 5525 3059 5592 satellitum
3085 5525 3187 5594 a°ut
3217 5537 3488 5596 lictorum
3521 5554 3648 5596 ma-

290 5599 591 5679 Men'ologii
624 5604 889 5663 Basiliani
914 5607 970 5661 et
1002 5601 1349 5658 Mensorum
1386 5600 1595 5657 verbis.
1618 5599 1728 5656 Sed
1770 5599 1913 5655 forte
2022 5599 2188 5657 nibus
2219 5599 2364 5657 elabi
2399 5600 2512 5657 ullo
2545 5601 2711 5660 modo
2742 5613 2995 5676 possent.
