4142 6248
462 344 579 401 939

1804 325 2085 385 MENSIS
2131 323 2509 387 OCTOBER.

3712 322 3873 385 1000

530 507 600 561 II.
635 501 763 558 Haec
793 513 925 556 cum
948 495 1221 552 audiisset
1246 496 1483 563 martyr,
1516 489 1587 546 ad
1620 486 1826 544 coelum
1859 486 2095 559 quidem

2282 486 2355 542 B'.
2386 482 2609 538 Τούτων
2641 481 2675 549 ἡ
2713 500 2916 555 μαρτυς
2979 476 3252 534 ἀκούσασα
3298 477 3434 556 πρὸς
3492 478 3722 556 οὐρανὸν
3772 484 3871 557 μὲν

460 592 613 650 tollit
629 590 844 657 oculos,
870 587 1022 660 quod
1051 584 1209 640 illinc
1238 580 1645 654 proﬁciscitur.
1667 594 1912 633 evocans
1941 579 2095 633 auxi-

463 683 649 747 lium;
683 681 848 751 signo
874 681 1066 730 autem
1101 671 1307 728 Christi
1338 669 1558 724 munita
1589 671 1703 738 (5):
1738 668 1808 722 Es
1845 669 2098 722 moribus

462 771 721 843 quidem,
756 768 855 831 ait,
878 764 1092 831 varius,
1118 779 1149 817 ο
1183 758 1525 828 consularis,
1553 758 1819 828 vaferque
1851 763 1906 810 et
1935 756 2096 810 callis

464 860 613 925 dus;
648 856 750 912 sed
796 857 860 909 ad
898 851 1116 907 nullam
1170 847 1479 904 utilitatem
1512 851 1708 917 aperte
1758 845 1860 898 tibi
1893 843 2099 899 redibit

462 947 583 1002 haec
618 944 998 1015 perversitas;
1042 954 1230 1008 neque
1280 938 1435 991 enim
1482 952 1563 990 me
1594 933 1785 1006 capies
1830 933 2096 1001 adulans,

462 1053 567 1093 nec
601 1052 692 1091 me
724 1033 955 1089 minans
998 1027 1448 1102 perterrefacies,
1500 1042 1603 1080 nec
1650 1022 1961 1079 consulens
2013 1040 2100 1078 me

460 1123 759 1199 poterisin
782 1121 952 1175 aliam
987 1118 1290 1174 traducere
1331 1114 1699 1178 sententiam,
1740 1129 1843 1168 nec
1874 1113 2099 1168 mollire

462 1216 542 1278 id,
575 1214 727 1284 quod
780 1217 863 1264 est
911 1209 970 1262 in
1018 1223 1109 1261 me
1155 1209 1485 1275 promptum
1541 1208 1774 1273 pr0ptcr
1804 1202 2097 1257 Christum

463 1299 721 1374 patiendi
773 1297 1050 1352 studium.
1086 1294 1319 1349 Conﬁdo
1378 1293 1533 1346 enim
1586 1291 1644 1346 in
1694 1291 1814 1346 solo
1864 1295 1922 1346 et
1969 1306 2100 1346 vero

464 1391 601 1455 Deo,
659 1395 713 1443 et
762 1386 821 1441 in
878 1400 944 1439 eo
987 1398 1220 1439 omnem
1270 1381 1447 1436 vitam
1498 1395 1685 1435 meam
1742 1380 1991 1450 reposui.
2043 1378 2103 1434 Si

472 1476 614 1533 mihi
643 1491 779 1546 ergo
811 1474 1031 1540 credas,
1066 1471 1334 1525 miserere
1366 1469 1551 1539 potius
1582 1468 1664 1523 tui
1695 1468 1927 1524 erroris.
1961 1467 2105 1523 Con-

473 1566 597 1622 sule
628 1565 733 1620 tibi
783 1580 869 1631 ea,
904 1578 1032 1632 quas
1064 1564 1202 1616 sunt
1248 1559 1501 1626 utiliora,
1538 1574 1747 1630 nempe
1778 1558 1957 1613 surda
1988 1575 2102 1614 non

465 1656 654 1712 colere
703 1652 1058 1718 simulacra;
1092 1650 1162 1704 de
1194 1650 1410 1720 quibus
1458 1647 1671 1702 alicubi
1722 1647 1865 1703 dixit
1911 1654 2107 1703 noster

466 1745 747 1818 propheta
794 1742 855 1796 in
903 1741 1153 1812 spiritu:
1194 1761 1217 1791 ι
1253 1737 1363 1805 Dii,
1411 1737 1508 1808 qui
1554 1738 1762 1792 coelum
1808 1746 1861 1792 et
1894 1743 2104 1794 terram

474 1856 499 1887 ι
536 1849 650 1888 non
696 1832 969 1895 fecerunt,
1003 1832 1242 1898 pereant
1271 1827 1387 1897 (6):
1435 1847 1463 1875 ››
1509 1832 1565 1881 et
1609 1843 1621 1881 :
1664 1848 1691 1877 «
1725 1826 1814 1881 Dii
1848 1828 2104 1895 gentium

2217 571 2356 645 αἶ’ρει
2387 571 2452 625 τὰ
2483 568 2706 643 ὄμματα
2761 572 2859 639 τὴν
2890 568 3085 624 ἐκεῖθεν
3135 568 3547 642 ἐκκαλουμένην
3587 573 3869 645 βοήθειαν,

2213 665 2291 732 τῷ
2339 658 2396 714 δὲ
2453 664 2550 714 τοῦ
2616 663 2849 732 σταυροῦ
2915 658 3227 733 φραξαμένη
3295 661 3536 732 σημείῳ,
3605 662 3871 724 Ποικίλος

2219 751 2311 822 μὲν
2346 752 2395 804 εἴ
2422 749 2513 803 τὸν
2546 748 2775 822 τρόπον,
2814 748 3059 817 ὑπατικὲ,
3092 749 3179 802 καὶ
3231 748 3293 802 τὸ
3341 748 3473 815 ἦθος
3523 748 3762 812 ὕπουλὸς
3812 774 3871 807 τε

2214 840 2301 893 καὶ
2337 837 2639 909 ἀπατηλὸς,
2665 835 2787 913 ἔφη*
2822 835 2948 891 ἀλλ’
2982 836 3056 898 εἷς
3107 836 3371 907 ἀνόνητόν
3403 840 3486 893 σοι
3530 840 3593 893 τὸ
3643 840 3866 897 σκολιὸν

2213 932 2374 983 τοῦτο
2415 931 2594 1003 σαφῶς
2654 920 3009 995 ἀποϐήσεται.
3070 925 3209 981 Οὕτε
3265 926 3365 1001 γάρ
3431 948 3497 1000 με
3554 928 3867 985 κολακεύων

2216 1019 2482 1091 αἱρήσεις,
2542 1014 2665 1071 οὔτε
2732 1014 2971 1071 ἀπειλῶν
3038 1015 3424 1087 καταπλήξεις,
3488 1017 3550 1072 οὐ
3619 1016 3867 1093 συμϐου-

2220 1106 2391 1161 λεύων
2426 1112 2738 1179 μεταπεῖσαι
2798 1102 3028 1179 δυνήσῃ,
3086 1102 3214 1160 οὐδὲ
3256 1107 3491 1180 μαλαξαι
3520 1108 3582 1163 τὸ
3633 1108 3684 1163 ἐν
3739 1108 3864 1181 ἐμοὶ

2215 1200 2311 1249 τοῦ
2343 1193 2429 1249 διὰ
2461 1195 2694 1266 Χριστὸν
2737 1196 2921 1248 παθεῖν
2963 1195 3266 1269 πρόθυμον
3302 1194 3389 1250 ἐπὶ
3429 1202 3506 1267 τῷ
3560 1199 3711 1271 μόνῳ
3761 1199 3866 1273 γαρ

2217 1287 2303 1340 καί
2335 1284 2528 1353 ἀληθεῖ
2596 1288 2710 1355 Θεῷ
2749 1284 3003 1353 πέποιθα,
3072 1284 3161 1338 καὶ
3221 1284 3405 1357 ταῦτῳ
3470 1287 3533 1342 τὸ
3599 1292 3701 1343 πᾶν
3764 1296 3866 1357 τῆς

2220 1374 2357 1447 ἐμῆς
2391 1378 2536 1442 ζωῆς
2566 1371 2894 1429 ἆνατέθεικα.
2928 1373 2991 1429 El.
3034 1394 3089 1427 τι
3139 1373 3232 1428 οὗν
3292 1374 3420 1447 ἐμοὶ
3478 1375 3663 1451 πείθῃ,
3733 1399 3867 1431 σαω-

2216 1467 2308 1519 τὸν
2341 1462 2552 1536 μᾶλλον
2592 1460 2856 1537 οἷ’κτειρον
2915 1468 3017 1531 τῆς
3085 1462 3313 1533 ἀπάτης.
3377 1470 3569 1538 Σαυτῷ
3619 1461 3867 1537 συμϐού-

2219 1551 2410 1607 λευσον
2457 1553 2524 1606 τὰ
2591 1550 2952 1629 χρηστότερα·
3019 1552 3151 1626 ὅπερ
3218 1551 3329 1606 ἐστὶ
3387 1556 3449 1608 τὸ
3510 1555 3587 1626 μή
3655 1556 3869 1624 ξοάνοις

2218 1647 2423 1719 κωφοῖς
2482 1643 2837 1715 προσανέχειν
2904 1641 3029 1715 περὶ
3087 1638 3159 1694 ὧν
3218 1641 3336 1696 εἶπέ
3393 1645 3556 1697 πουὸ
3601 1644 3869 1721 ἡμέτερος

2218 1732 2504 1807 προφήτης
2544 1729 2594 1784 ἐν
2625 1728 2909 1801 πνεύματι·
2980 1752 3007 1780 ‹‹
3042 1729 3187 1799 Θεοὶ,
3245 1729 3299 1784 οἳ
3348 1730 3439 1785 τὸν
3500 1731 3721 1805 οὐρανὸν
3778 1733 3867 1789 καὶ

2218 1820 2314 1884 τήν
2366 1825 2470 1893 γῆν
2527 1818 2624 1873 οὐκ
2690 1819 2973 1889 ἐποίησαν,
3035 1817 3442 1876 ἀπολέσθωσαν.
3502 1845 3531 1873 ››
3579 1823 3666 1877 καὶ
3739 1824 3867 1882 «Οἱ

474 1943 503 1972 ‹‹
536 1918 844 1984 daemonia,
882 1916 1156 1973 Dominus
1188 1923 1379 1970 autem
1411 1913 1586 1969 caelos
1627 1914 1822 1973 fecit‘.
1849 1937 1875 1963 ››
1899 1920 1969 1970 Et
1994 1934 2108 1971 rur-

2223 1907 2333 1971 θεοὶ
2373 1913 2480 1962 τῶν
2520 1906 2685 1971 ἐθνῶν
2738 1905 3067 1980 δαιμόνια.»
3099 1909 3189 1963 καὶ
3238 1909 3425 1965 πάλιν·
3470 1934 3498 1962 ‹‹
3531 1910 3613 1968 Τὰ
3660 1910 3867 1967 εἷ’δωλα

473 2029 623 2071 sus:
668 2033 697 2062 ‹‹
741 2008 1062 2065 Simulacra
1110 2005 1367 2079 gentium
1420 2010 1724 2075 argentum
1774 2014 1827 2061 et
1876 2023 2105 2075 aurum,

475 2120 501 2152 α
537 2115 707 2170 opera
740 2113 1022 2154 manuum
1072 2094 1401 2151 hominum.
1436 2093 1667 2150 Similes
1704 2094 1785 2150 eis
1816 2096 1975 2163 ﬁant,
2011 2098 2110 2168 qui

475 2210 505 2238 ‹‹
535 2187 732 2243 colunt
752 2186 851 2243 ea3
883 2186 982 2258 (7).
1018 2207 1047 2235 »

545 2277 644 2333 Ill.
678 2278 988 2347 Postquam
1024 2275 1142 2330 haec
1174 2273 1393 2328 audivit
1438 2274 1637 2343 judex,
1669 2274 1756 2329 ira
1787 2289 1987 2331 rursus
2020 2291 2110 2332 re-

402 2438 403 2441 ,
470 2365 683 2437 pletus,
710 2365 887 2435 jussit
922 2365 1157 2436 quidem
1190 2363 1316 2433 ejus
1347 2362 1589 2432 capillos
1620 2362 1745 2418 radi
1771 2364 1826 2418 in
1859 2365 2110 2436 superﬁ-

472 2454 560 2511 cie
594 2455 696 2525 (8).
732 2453 878 2509 Illud
916 2462 1105 2508 autem
1142 2452 1355 2507 factum
1398 2456 1500 2515 est,
1534 2457 1591 2506 et
1622 2453 1940 2508 maximum
1972 2471 2111 2510 con-

480 2552 742 2600 secutum
774 2548 862 2598 est
883 2541 1253 2597 miraculum.
1279 2542 1460 2613 Caput
1483 2542 1635 2596 enim
1664 2559 1868 2598 rursus
1891 2544 1998 2598 fuit
2022 2561 2109 2600 co-

477 2638 721 2688 matum.
745 2632 825 2687 Ex
849 2647 963 2702 quo
988 2631 1169 2701 judex
1203 2635 1421 2697 majore
1455 2630 1540 2685 ira
1562 2632 1961 2702 motus,jubet
1984 2650 2112 2700 pru-

474 2736 581 2777 nas
642 2721 911 2775 ardentes
973 2718 1196 2790 imponi
1247 2719 1373 2788 ejus
1423 2719 1621 2787 capiti,
1682 2720 1887 2774 deinde
1934 2723 2107 2777 etiam

473 2813 701 2863 acetum
746 2809 797 2863 ei
846 2807 1098 2874 infundi,
1148 2807 1376 2862 dolores
1407 2806 1491 2861 sic
1532 2808 1794 2879 praebens
1836 2809 2107 2866 acriores.

471 2900 709 2967 Pr0pter
740 2913 865 2969 quas
896 2912 1167 2965 generosa
1208 2895 1390 2966 virgo,
1420 2896 1654 2951 Domine
1698 2899 1831 2952 Jesu
1862 2898 2108 2966 Christe,

475 2987 642 3050 dixit,
676 3001 894 3052 eorum,
926 2986 1024 3054 qui
1051 2985 1109 3039 in
1138 2989 1192 3039 te
1224 2984 1495 3039 ﬁduciam
1522 2991 1853 3055 posuerunt,
1886 2992 2108 3043 certum

475 3082 529 3130 et
574 3076 809 3129 ﬁrmum
858 3073 1161 3139 auxilium,
1207 3073 1304 3144 qui
1355 3078 1486 3129 tuos
1532 3079 1764 3129 sanctos
1813 3080 1927 3131 tres
1970 3093 2109 3147 pue-

477 3181 573 3221 ros
604 3164 661 3219 iu
695 3164 882 3219 medio
904 3164 1151 3218 ﬂammae
1174 3163 1430 3218 ardentis
1452 3163 1853 3221 incombustos
1876 3183 2111 3223 conser-

474 3254 618 3309 vasti
649 3254 749 3325 (9),
786 3261 842 3309 tu
890 3268 1116 3323 quoque
1166 3268 1320 3307 nunc
1372 3252 1515 3307 mihi
1564 3253 1741 3322 adsis,
1793 3261 1850 3309 et
1900 3258 1969 3311 ad
2018 3274 2105 3325 ea,

2217 2000 2326 2051 τῶν
2358 1995 2520 2051 ἐθνῶν
2555 1995 2808 2071 ἀργύριον
2865 1997 2956 2052 καὶ
3013 1999 3266 2072 χρυσίον,
3324 1996 3457 2073 ἔργα
3508 2005 3710 2074 χειρῶν
3779 2004 3868 2056 ἂν·

2219 2087 2475 2159 θρώπων.
2511 2110 2538 2137 ››
2561 2089 2790 2159 ’Ὀμοιοι
2826 2086 3007 2149 αὐτοῖς
3037 2088 3275 2162 γένοιντο
3309 2090 3359 2143 οἱ
3390 2095 3661 2164 τιμῶντες
3707 2091 3862 2149 αὐτά.

2291 2267 2364 2321 Γ’.
2399 2263 2621 2335 Ἐπειδὴ
2653 2267 2860 2320 τούτων
2897 2267 3127 2335 ἤκουσεν
3161 2268 3188 2322 ὁ
3221 2264 3477 2339 δικάζων,
3507 2272 3665 2343 θυμῷ
3698 2268 3864 2325 πάλιν

2174 2394 2177 2397 ‹
2220 2354 2610 2425 ὑποπλησθεὶς,
2644 2355 2803 2417 αὑτὸς
2830 2356 2924 2427 μὲν
2959 2354 3201 2411 ἐκέλευεν
3233 2356 3283 2412 ἐν
3315 2362 3441 2433 χρῷ
3491 2359 3586 2421 τὰς
3630 2362 3729 2428 τῆς
3779 2381 3868 2416 κε-

2220 2444 2401 2515 φαλῆς
2457 2446 2649 2520 τρίχας
2704 2446 2967 2520 ἐκτεμεῖν*
3026 2448 3088 2502 τὸ
3143 2446 3200 2503 δὲ
3255 2448 3474 2523 ἐγίνετο,
3544 2451 3633 2505 καὶ
3689 2452 3866 2525 τούτῳ

2218 2535 2397 2606 θαῦμα
2444 2536 2696 2608 μέγιστον
2740 2534 3057 2605 ἠκολούθει·
3104 2538 3254 2601 αὖθις
3304 2539 3408 2613 γὰρ
3439 2541 3474 2608 ἡ
3506 2540 3713 2616 κεφαλή
3766 2563 3863 2597 κα-

2217 2625 2457 2695 τακομος
2501 2624 2586 2692 ἦν’
2639 2626 2729 2679 καὶ
2764 2627 2791 2678 ὁ
2824 2623 3080 2695 δικαστὴς
3125 2626 3335 2682 πλείονι
3376 2633 3457 2699 τῷ
3507 2634 3659 2702 θυμῷ
3708 2645 3864 2701 κινη-

2218 2712 2326 2774 θεὶς
2396 2713 2684 2787 ἀνθρακιὰν
2753 2712 3064 2779 ἐπιτεθῆναι
3120 2719 3190 2789 τῇ
3258 2718 3467 2791 κεφαλῇ
3516 2720 3858 2793 προστάττει·

2220 2801 2334 2857 εἶτα
2364 2804 2455 2857 καὶ
2487 2798 2607 2875 ὅξος
2665 2805 2834 2875 αὐτῆς
2882 2806 3262 2879 καταγέεσθαι,
3329 2807 3393 2862 τὰ
3445 2813 3546 2861 τῶν
3607 2807 3849 2881 ἀλγηδό-

2216 2912 2317 2944 νων
2344 2891 2488 2946 οὓτω
2520 2888 2819 2967 δριμ·3τερα
2848 2893 3252 2969 παρέχὸμενος.
3290 2896 3403 2973 Ἐφ’
3429 2896 3507 2957 οἷς
3554 2897 3589 2964 ἡ
3617 2894 3843 2970 γενναία,

2219 2981 2379 3055 Κύριε
2413 2984 2594 3051 Ἰησοῦ
2626 2984 2844 3056 Χριστὲ,
2878 2987 3018 3055 εἷπε,
3059 2989 3168 3039 τῶν
3231 2983 3321 3041 ἐπὶ
3379 2985 3464 3040 σοὶ
3520 2987 3852 3041 πεποιθότων

2217 3073 2251 3139 ἡ
2296 3069 2544 3148 ἀσφαλὴς
2589 3072 2835 3146 βοήθεια,
2870 3074 2897 3127 6
2927 3075 3055 3136 τοὺς
3088 3073 3214 3136 σοὺς
3264 3074 3450 3149 ἁγίους
3483 3080 3617 3147 τρεῖ,
3665 3071 3858 3138 παῖδας

2216 3160 2271 3216 ἐν
2320 3162 2469 3233 μέσῳ
2514 3163 2811 3233 καιομένης
2869 3161 3078 3239 φλογὸς
3132 3162 3438 3241 ἂφλέκτους
3506 3162 3860 3239 διατηρήσας,

2231 3251 2389 3312 αὑτὸς
2425 3272 2519 3323 μοι
2546 3249 2634 3305 καί
2677 3257 2767 3306 νῦν
2814 3253 3086 3327 παραστὰς
3131 3252 3264 3325 πρὸς
3310 3256 3405 3316 τὰς
3442 3252 3531 3308 διὰ
3595 3256 3654 3309 σὶ
3707 3252 3867 3309 κυλά-

477 3360 604 3415 quae
627 3348 859 3415 prepter
881 3350 933 3397 te
956 3340 1378 3410 suscipiuntur,
1408 3344 1684 3397 conlirma
1707 3343 2014 3415 supplicia,
2039 3363 2108 3401 ne

2222 3359 2332 3401 σεις
2380 3338 2689 3417 ἐνίσχυσον,
2753 3344 2967 3413 μήποτε
3012 3348 3130 3404 τοῖς
3186 3349 3283 3412 τῆς
3324 3343 3587 3414 ἀληθείας
3648 3342 3868 3419 ἐχθροῖς

472 3434 702 3504 quando
732 3432 801 3487 de
832 3446 925 3485 me
946 3429 1116 3485 liceat
1136 3431 1325 3485 dicere
1350 3430 1605 3485 inimicis
1630 3432 1888 3487 veritatis
1913 3450 1928 3485 :
1952 3456 1980 3482 «
2009 3435 2112 3489 Ubi

471 3525 562 3575 est
593 3524 742 3575 Deus
770 3535 970 3575 eorum
994 3518 1016 3552 ⁴
1049 3518 1077 3573 ’ἰ
1129 3540 1156 3566 ››
1189 3520 1327 3574 Post
1371 3535 1568 3588 preces
1617 3528 1808 3575 autem
1862 3520 2116 3578 relaxata

478 3608 589 3666 luit
621 3614 839 3679 martyr
868 3625 901 3663 a
932 3606 1252 3675 doloribus,
1278 3613 1334 3664 et
1363 3607 1548 3663 Deum
1571 3606 1841 3663 laudabat
1862 3611 1909 3664 ei
1934 3626 2114 3682 agens

478 3697 713 3769 gratias.
743 3696 874 3760 Quae
901 3697 1135 3769 quidem
1162 3697 1359 3751 statim
1383 3713 1530 3768 aegre
1554 3697 1741 3752 ferens
1764 3700 2110 3768 consularis,

478 3789 695 3843 ferreos
713 3788 1019 3842 candentes
1035 3786 1316 3840 obeliscos
1336 3787 1450 3855 (tO)
1472 3786 1636 3853 jubet
1656 3787 1818 3859 inﬁgi
1838 3789 2114 3845 uberibus

478 3875 771 3946 martyris.
797 3874 915 3929 Hoc
947 3890 1082 3944 ergo
1113 3874 1273 3944 gravi
1301 3875 1352 3928 ei
1384 3874 1545 3929 illato
1576 3879 1884 3943 tormento,
1908 3895 2113 3934 carnes

473 3963 713 4035 quidem
746 3961 947 4019 ferreis
978 3961 1089 4017 illis
1119 3960 1393 4017 obeliscis
1424 3965 1957 4032 consumebantur;
1991 3984 2113 4022 cor-

472 4051 562 4107 dis
587 4056 778 4107 autem
811 4052 941 4122 ejus
968 4067 1134 4106 amor
1154 4051 1210 4105 in
1235 4051 1526 4106 Christum
1552 4053 1735 4123 magis
1757 4055 2113 4111 accendeba-

474 4145 611 4208 tur;
635 4140 844 4196 deinde
874 4141 1045 4196 etiam
1071 4139 1239 4209 jubet
1266 4138 1567 4210 lampades
1591 4139 1740 4212 ignis
1760 4142 1886 4213 eius
1908 4143 2112 4200 admo-

472 4228 591 4286 veri
637 4228 938 4286 lateribus.
1002 4227 1107 4284 Illa
1162 4243 1318 4295 vero,
1378 4227 1551 4285 etiam
1610 4230 1752 4286 dum
1812 4230 2109 4306 lampades

2223 3428 2390 3481 εἰπεῖν
2419 3426 2500 3482 ἐπ’
2531 3427 2656 3501 ἐμοὶ
2687 3431 2920 3504 γένοιτο·
2960 3455 2988 3483 ‹‹
3020 3436 3137 3487 Ποῦ
3166 3431 3305 3487 ἐστιν
3335 3433 3363 3487 6
3396 3432 3524 3495 Θεὸς
3583 3432 3760 3488 αὐτῶν
3786 3454 3801 3503 ;
3835 3455 3865 3486 ιι

2218 3516 2321 3573 Καὶ
2359 3517 2491 3589 μετὰ
2518 3520 2617 3587 τὴν
2650 3518 2820 3593 εὐχὴν
2876 3525 2983 3576 τῶν
3040 3519 3243 3577 ὀδυνῶν
3301 3523 3335 3590 ἡ
3392 3522 3599 3596 μάρτυς
3638 3522 3867 3592 ἀνίεται,

2218 3604 2306 3661 καὶ
2337 3606 2402 3674 ἧν
2451 3605 2592 3662 οὕτω
2643 3609 2880 3682 ῥήμασιν
2939 3609 3376 3685 εὖχαριστηρίοις
3436 3608 3733 3681 δοξάζουσα
3776 3612 3868 3666 τὸν

2220 3700 2372 3758 Θεὸν.
2421 3699 2562 3772 Πρὸς
2588 3697 2722 3761 ἅπερ
2754 3702 2906 3762 αὖθις
2957 3701 2984 3754 6
3028 3701 3287 3761 ὑπατικὸς
3334 3700 3656 3775 χαλεπήνας
3704 3698 3863 3770 σιδη-

2219 3795 2345 3864 ροῦς
2391 3787 2711 3851 ὀϐελίσκους
2739 3788 3141 3864 ἐκπυρωθέντας
3187 3790 3321 3844 κατὰ
3350 3794 3457 3845 τῶν
3502 3793 3721 3860 μαστῶν
3763 3796 3863 3858 τῆς

2223 3881 2494 3953 μάρτυρος
2549 3877 2862 3955 ἐμπαγῆναι
2920 3880 3260 3953 προστάττει.
3310 3880 3423 3946 Τῆς
3476 3876 3565 3933 οὖν
3610 3876 3866 3952 χαλεπῆς

2216 3967 2356 4041 αὐτῇ
2399 3967 2855 4042 προσενεχθείσης
2927 3968 3182 4042 βασάνου,
3241 3967 3295 4021 αἱ
3352 3967 3447 4039 μὲν
3497 3968 3688 4041 σάρκες
3744 3972 3861 4027 τοῖς

2217 4053 2465 4129 σιδηροῖς
2496 4056 2722 4119 ἐκεῖνοις
2754 4053 3066 4119 ὀϐελίσκοις
3117 4054 3481 4115 ἐδαπανῶντο.
3542 4058 3604 4112 τὸ
3657 4055 3715 4111 δὲ
3760 4062 3860 4125 τῆς

2213 4143 2437 4219 καρδίας
2503 4150 2599 4200 τοῦ
2658 4147 2795 4222 πρὸς
2854 4147 3087 4220 Χριστὸν
3166 4143 3427 4221 διάπυρον
3482 4140 3684 4221 ἔρωτος
3767 4144 3858 4199 ἐπὶ

2214 4234 2380 4289 πλέον
2434 4234 2725 4306 ἀνήπτετο·
2779 4237 2898 4290 εἶτα
2953 4234 3041 4289 καὶ
3095 4233 3387 4308 λαμπάδας
3424 4234 3594 4310 πυρὸς
3646 4232 3858 4289 κελεύει

545 4374 563 4411 ί
595 4373 801 4429 Jerem.
831 4389 889 4441 x,
924 4373 1010 4427 11.
1046 4372 1065 4406 ³
1091 4370 1243 4427 Psal.
1274 4388 1398 4440 xcv,
1430 4372 1484 4426 5.
1518 4372 1539 4407 ³
1561 4372 1713 4430 Psal.
1746 4392 1900 4445 CXIII,
1933 4377 1986 4435 8.
2019 4378 2041 4411 ⁴
2065 4378 2215 4436 Psal.
2249 4396 2405 4451 CXIII,
2434 4382 2489 4436 2.

544 4513 625 4583 (5)
654 4514 830 4577 Quam
864 4511 1040 4567 fuerit
1071 4511 1337 4583 abpomni
1370 4515 1522 4567 retro
1544 4515 1802 4579 tempore
1833 4517 2114 4573 Christiav

473 4581 567 4640 nis
606 4581 907 4658 usitatum
957 4598 1022 4635 ac
1070 4581 1380 4658 solemne,
1416 4585 1755 4658 prrrsertim,
1789 4588 1928 4642 dum
1974 4590 2117 4658 quid

514 4654 691 4708 rande
721 4654 1106 4720 inceptarent,
1139 4668 1200 4706 se
1230 4652 1417 4707 crucis
1452 4657 1616 4719 signo
1641 4672 1889 4723 munire,
1918 4652 2017 4715 seu
2054 4670 2116 4716 ut

514 4671 691 4708 ranae
721 4671 1106 4720 inceptarenr,
1139 4671 1200 4706 se
1230 4671 1417 4707 crucrs
1452 4671 1616 4719 Signo
1641 4672 1889 4723 munire,
1918 4677 2017 4715 seu
2054 4671 2111 4716 ut

473 4671 824 4800 iactantius
858 4725 929 4779 De
954 4724 1250 4800 _mortibu.§
1298 4732 1708 4800 persecuturum
1751 4743 1876 4800 cap.
1912 4749 1968 4798 x,
2009 4733 2111 4799 ait,

474 4796 595 4852 suis
631 4795 932 4871 frontibus
952 4793 1283 4871 immortale
1305 4797 1507 4871 crucis
1543 4796 1771 4871 signum
1797 4793 2112 4871 imponere,

474 4872 632 4941 patet
664 4872 884 4941 tamex
918 4865 1027 4941 hoc
1059 4867 1117 4922 S.
1141 4864 1458 4941 _Charitina3
1489 4864 1771 4941 exemplo,
1804 4864 1916 4928 tum
1942 4864 2114 4931 etiam

480 4937 551 5011 ex
571 4938 923 5011 Tertulliano
954 4937 1101 5011 libro
1134 4938 1205 4992 De
1232 4953 1428 4993 corona
1460 4937 1806 5011 inilitis‘cap.
1836 4960 1921 5011 ιιι,
1947 4947 2043 5001 ubi
2068 4950 2116 5004 is

476 5009 558 5063 ita
582 5010 839 5086 loquitur
872 5028 886 5064 :
920 5030 947 5058 α
980 5010 1059 5063 Ad
1101 5025 1330 5086 omnem
1381 5009 1958 5086 progressum‘atqu'e
1992 5035 2116 5086 pro-

481 5086 727 5153 motum,
754 5082 821 5135 ad
858 5095 1091 5137 omnem
1124 5081 1435 5153 aditumiet
1465 5084 1709 5153 exitum,
1743 5089 1812 5139 ad
1848 5081 2115 5144 vestitum

475 5156 533 5206 et
553 5150 866 5227 calceatum
894 5170 907 5218 ;
935 5153 1004 5227 ad_
1019 5153 1271 5227 lavacra,
1295 5152 1362 5205 ad
1392 5168 1642 5222 mensas,
1672 5150 1742 5210 ad
1776 5157 2018 5227 lumina,
2044 5162 2111 5214 ad

476 5222 714 5288 cubilia,
759 5223 845 5294 _ad
909 5223 1134 5288 sedilia,
1194 5239 1540 5294 quacunque
1598 5242 1702 5280 nos
1757 5222 2114 5286 conversatio

480 5298 725 5365 exercet,
750 5291 992 5348 frontem
1026 5295 1215 5349 crucis
1246 5291 1545 5365 signaculo
1578 5298 1838 5350 terimus.
1870 5320 1898 5349 ››

548 5363 629 5431 (6)
660 5365 865 5431 Voces,
901 5379 1029 5437 quas
1064 5363 1456 5437 respondeant
1488 5366 1581 5420 his
1619 5367 1836 5423 Latinis
1869 5384 1881 5423 :
1917 5370 2112 5427 Domi-

478 5437 812 5511 nu‘snautem
847 5436 1019 5511 omlos
1052 5435 1201 5503 fecit,
1228 5454 1260 5511 a_
1290 5435 1484 5492 Graeco
1516 5443 1672 5511 tegtu
1705 5438 1934 5511 absunt.

660 5502 823 5583 Prior
853 5502 1361 5583 t_extus_reperilur
1390 5509 1541 5583 apud
1558 5508 1874 5583 geremiam
1908 5527 2031 5581 cap.
2056 5530 2111 5580 x,

464 5575 507 5712 ξ
538 5572 599 5625 11
625 5586 640 5635 ;
674 5573 1024 5639 posteriores
1060 5572 1287 5633 Psalmo
1335 5572 1461 5643 xcv,
1494 5579 1528 5645 7
1555 5580 1591 5633 5
1620 5572 1673 5633 et
1702 5580 1929 5638 Psalmo
1960 5572 2112 5651 6x111,

538 5638 797 5694 secundo
831 5641 861 5694 4
893 5647 948 5699 et
972 5647 1023 5700 8.
1051 5647 1223 5706 Porro
1258 5662 1370 5704 non
1404 5662 1533 5701 esse
1563 5665 1595 5704 a
1622 5651 1735 5706 veri
1761 5654 1947 5712 specie
1973 5652 2109 5708 alie-

538 5638 797 5694 secundo
831 5641 861 5694 4
893 5647 948 5699 et
972 5647 1023 5700 8.
1051 5647 1223 5706 Porro
1258 5662 1370 5704 non
1404 5638 1533 5701 esse
1563 5665 1595 5704 a
1622 5651 1735 5706 veri
1761 5654 1947 5724 specie
1973 5638 2109 5708 alie:

2228 4539 2393 4593 num,
2447 4524 2600 4594 quod
2661 4522 2901 4578 duriora
2949 4522 3069 4578 haec
3116 4521 3176 4577 in
3206 4524 3563 4594 tyrannum
3605 4519 3783 4594 verba
3827 4534 3861 4574 ιι

2226 4592 2437 4649 Christi
2464 4592 2733 4665 martyre
2761 4600 3033 4666 congesta
3071 4592 3305 4661 fuerint,
3339 4592 3566 4649 ostendi
3600 4592 3661 4647 in
3692 4594 3859 4647 Com-

2226 4666 2511 4720 mentario
2544 4682 2705 4720 num.
2744 4667 2828 4720 15.

2295 4738 2372 4808 (8)
2404 4738 2661 4808 summa;
2689 4734 3019 4806 ignominiae
3042 4742 3175 4808 nota
3195 4731 3713 4808 mulieribusinuri
3730 4736 3854 4808 tum

2224 4804 2506 4877 temporis
2532 4804 2897 4873 credebatur,
2930 4808 2976 4862 si
3006 4807 3089 4861 eis
3119 4824 3351 4863 summa
3382 4806 3587 4876 capitis
3608 4804 3854 4877 superﬁ-

2226 4876 2781 4934 cies'decalvaretur.
2815 4877 2956 4932 Vide
3005 4877 3311 4934 Galonium
3359 4881 3606 4932 tractatu
3657 4876 3733 4930 De
3764 4876 3857 4929 in-

2223 4951 2548 5073 :Itrpzizentis
2565 4956 2875 5020 martyrum
2892 4965 3188 5019 eorumque
3214 4948 3569 5014 cruciatibus,
3592 4962 3723 5019 pag.
3759 4946 3858 5001 140

2224 5025 2280 5075 et
2312 5023 2432 5074 142.

2294 5090 2373 5164 (9)
2392 5089 2629 5164 Legesis
2661 5090 2916 5164 Danielis
2946 5095 3122 5164 caput
3150 5108 3232 5148 ιιι.

2297 5161 2407 5231 (10)
2470 5161 2720 5216 Obelisci
2763 5162 2845 5217 illi
2894 5161 3077 5219 ferrea
3123 5166 3288 5219 erant
3332 5161 3744 5225 instrumenta,
3784 5173 3862 5231 rex

2224 5230 2503 5306 crassiore
2536 5234 2623 5287 sui
2658 5240 2819 5306 parte
2848 5234 2908 5289 in
2933 5240 3161 5289 acutam
3186 5233 3487 5306 cuspidem
3510 5230 3858 5306 desinentia,

2223 5304 2540 5358 cerdonum
2572 5301 2801 5359 subtilis
2849 5321 2961 5360 non
3013 5301 3325 5376 absimilis,
3353 5322 3476 5375 qua:
3506 5307 3563 5359 et
3592 5301 3861 5358 acumine

2224 5390 2329 5428 suo
2361 5381 2417 5429 et
2451 5376 2615 5443 igneo
2645 5378 2848 5431 ardore
2878 5392 2991 5432 non
3024 5380 3291 5446 poterant
3316 5393 3431 5432 non
3458 5378 3515 5430 in
3546 5379 3664 5429 tam
3698 5377 3862 5446 tene-

2222 5448 2305 5499 ris
2359 5446 2601 5518 virginei
2669 5448 2927 5518 corporis
2977 5443 3257 5503 membris
3313 5443 3861 5518 vehementissimos

2222 5516 2516 5642 gruiiatus
2574 5516 2840 5587 excitare,
2898 5518 3032 5575 dum
3093 5535 3297 5575 carnes
3344 5520 3422 5575 ita
3466 5517 3621 5575 lente
3667 5519 3860 5572 torre-

2261 5602 2331 5641 an
2365 5625 2379 5641 .

2261 5602 2379 5641 ant.
