4142 6248
297 339 444 401 1001

1447 339 1919 402 MABTYRIUM
1963 338 2023 400 S.
2073 341 2537 408 CHARITINIE.

3535 361 3688 423 1002

288 502 408 560 ταῖς
466 495 727 571 πλευραῖς
803 493 962 565 αέτῆς
1016 495 1392 562 ἓπικαίεσθάι·
1445 502 1480 568 ἡ
1540 497 1618 567 δέ,
1675 498 1765 553 καὶ
1825 501 1932 552 τῶν

2063 504 2514 563 iccendebantur
2545 507 2680 580 (11),
2713 509 2998 568 intensius
3028 517 3432 583 perseverabat
3470 519 3527 575 in
3558 537 3690 578 ora-

293 583 601 660 λαμπάδων
661 586 1082 661 ὑφαπτομένων,
1143 591 1250 641 τῶν
1328 586 1506 660 εὐχῶν
1576 587 1937 660 ἐκτενέστερον

298 673 506 753 εἷ’χετο,
553 676 642 730 καὶ
701 681 801 742 τῆς
857 674 1127 748 τιμωρίας
1175 677 1421 732 ἂνεθεῖσα
1477 678 1612 751 πρὸς
1669 676 1732 731 τὸ
1786 680 1940 740 θῦσαι

296 770 415 828 τοῖς
445 769 588 828 θεοῖς
619 765 979 837 ἠναγκάζετο.

371 859 421 906 ΔΙ
484 853 540 906 Ἐ
619 852 632 870 \
689 850 731 869 \‘
773 873 784 884 .
847 853 860 872 κ
1031 849 1078 872 "I
1245 854 1258 870 ι
1394 853 1404 872 1
1619 852 1639 872 3.
1767 855 1779 871 r
1824 874 1842 884 ‘-

431 895 444 911 .
548 873 634 906 πει
685 867 744 906 οε
775 873 862 906 και
918 869 1116 927 καροιᾳ
1171 874 1260 907 και
1319 853 1560 929 χειλεσιν
1611 855 1943 927 αμεταοετος

296 943 361 1010 ἦν
397 942 495 1010 τήν
555 939 879 1014 ὁμολογίαν,
911 941 1103 1012 ἐπίσης
1150 941 1286 1016 αὐτῇ
1327 945 1415 997 καὶ
1465 944 1494 996 ό
1543 941 1798 1012 δικάζων,
1837 944 1939 1011 τήν

295 1031 384 1086 ἐπὶ
416 1029 496 1103 τῷ
527 1035 678 1102 κακῷ
725 1025 962 1085 ἔνστασιν
1013 1029 1295 1093 ἀνένδοτος
1343 1029 1440 1102 ὢν,
1473 1033 1683 1087 κελεύει
1740 1033 1941 1100 ταύτην

299 1119 452 1183 λίθον
509 1123 606 1173 τοῦ
652 1118 942 1193 τραχήλου
1017 1116 1318 1193 ἐκδεθῇναι,
1390 1122 1476 1174 καὶ
1541 1122 1717 1182 οὕτως
1773 1119 1941 1187 αὐτὴν

299 1211 434 1264 κατὰ
485 1210 654 1282 βυθοῦ
687 1207 963 1277 θαλάσσης
995 1209 1360 1287 ἀπορῥιφῆναι
1395 1231 1406 1243 ·
1444 1211 1608 1284 οὗπερ
1669 1208 1733 1278 δὴ
1782 1230 1939 1284 γενο-

303 1297 488 1370 μένου,
530 1297 856 1372 Εὐχάριστῶ
917 1319 1023 1366 σοι,
1085 1298 1271 1372 Κύριε,
1321 1300 1355 1367 ἡ
1417 1301 1620 1373 μάρτυς
1674 1294 1823 1367 ἐϐόα,
1857 1297 1939 1352 ὅτι

304 1408 370 1459 με
401 1383 634 1441 διελθεῖν
667 1383 736 1440 δι’
767 1383 960 1448 ὕδατος
991 1383 1283 1442 θαλαττίου
1334 1384 1424 1443 διὰ
1467 1389 1528 1442 τὸ
1560 1387 1649 1442 σὸν
1703 1384 1941 1460 εὐλογη-

294 1477 386 1530 τὸν
436 1471 628 1546 ὄνομα,
674 1474 812 1530 ὥστε
875 1475 966 1529 καὶ
1038 1475 1277 1549 καθαράν
1328 1475 1608 1548 εὑρεθῆναι
1656 1475 1790 1529 κατᾶ
1844 1475 1942 1543 τήν

295 1563 505 1638 ἡμέραν
551 1571 646 1632 τῆς
703 1564 1046 1626 ἀναστάσεως
1081 1607 1094 1620 .
1146 1563 1294 1620 ἀλλά
1351 1585 1446 1618 σου
1507 1563 1698 1634 δεῖξον,
1731 1565 1806 1626 ὡς
1856 1562 1938 1616 ἀεὶ

297 1655 388 1708 καὶ
445 1657 533 1707 νῦν
581 1653 662 1707 ἐπ’
695 1652 823 1725 ἐμοὶ
879 1653 946 1708 τά
1003 1655 1294 1725 θαυμάσια,
1320 1651 1388 1707 δι’
1418 1655 1492 1706 ὧν
1524 1651 1611 1708 ἐπὶ
1642 1651 1810 1707 πλέον
1854 1649 1943 1706 δο-

299 1745 613 1816 ξασθήσεεαι
671 1743 732 1797 τὸ
802 1741 940 1816 μέγα
989 1763 1085 1797 σου
1140 1738 1315 1816 ὄνομα
1399 1741 1474 1804 εἷς
1531 1741 1658 1803 τοὺς
1723 1741 1936 1804 αἰῶνας.

2052 592 2334 651 tionibus.
2369 597 2473 653 Sed
2509 613 2543 654 a
2573 598 2829 656 cruciatu
2861 601 3123 660 relaxatae
3157 605 3242 661 vis
3266 607 3459 676 fiebat,
3484 613 3546 666 ut
3576 610 3692 670 diis

2050 681 2418 740 sacriﬁcaret.

2121 861 2210 919 IV.
2243 863 2389 920 Cum
2417 870 2613 922 autem
2657 873 2715 924 et
2745 871 2916 927 corde
2945 875 3002 928 et
3030 873 3210 931 labris
3241 875 3300 931 in
3324 877 3692 936 confessione

2050 956 2203 1008 esset
2254 953 2659 1025 immutabilis,
2686 959 2888 1029 judex,
2921 962 3022 1032 qui
3080 980 3242 1034 aeque
3274 972 3443 1036 atque
3472 967 3598 1038 ipsa
3627 969 3688 1024 in

2049 1042 2353 1097 tormentis
2384 1047 2680 1111 constans,
2723 1047 2794 1101 ad
2819 1048 3035 1103 malum
3067 1055 3186 1106 erat
3218 1052 3572 1123 obstinatus,
3598 1057 3691 1126 ju-

2051 1127 2144 1183 bet
2179 1128 2427 1198 lapidem
2459 1131 2605 1187 collo
2654 1135 2780 1203 ejus
2809 1135 3036 1207 alligari
3069 1146 3122 1193 et
3152 1139 3237 1196 sic
3267 1157 3394 1196 eam
3427 1143 3596 1212 dejici
3628 1145 3688 1199 in

2052 1218 2402 1287 profundum
2436 1221 2615 1276 maris
2647 1223 2779 1293 (12).
2812 1225 2973 1287 Quod
3025 1227 3259 1296 quidem
3300 1246 3433 1286 cum
3468 1232 3685 1289 factum

2051 1310 2224 1374 esset,
2254 1309 2378 1379 Ago
2419 1309 2522 1364 tibi
2553 1311 2784 1380 gratias,
2817 1312 3084 1382 Domine,
3117 1315 3404 1374 clamabat
3453 1329 3688 1393 martyr,

2051 1395 2206 1465 quod
2248 1403 2308 1451 ut
2364 1413 2462 1468 per
2517 1415 2733 1472 aquam
2775 1403 3056 1460 marinam
3091 1407 3424 1479 transirem,
3458 1418 3690 1482 pr0pter

2049 1487 2309 1540 sanctum
2343 1490 2512 1542 tuum
2541 1504 2773 1555 nomen,
2804 1490 2908 1546 tibi
2941 1492 3128 1549 visum
3160 1495 3254 1564 sit,
3285 1513 3399 1567 quo
3431 1497 3693 1556 inveniar

2052 1573 2273 1628 munda
2325 1573 2384 1629 in
2415 1575 2508 1632 die
2536 1579 3018 1649 resurrectionis;
3070 1583 3169 1637 sed
3204 1586 3304 1638 tua
3332 1588 3590 1656 ostende,
3625 1593 3690 1644 ut

2051 1674 2298 1732 semper,
2347 1679 2502 1719 nunc
2559 1681 2792 1737 quoque
2840 1667 2900 1724 in
2931 1684 3024 1724 me
3081 1669 3384 1742 miracula,
3436 1691 3534 1745 per
3564 1692 3686 1744 quas

2051 1763 2326 1819 magnum
2356 1754 2524 1806 tuum
2549 1769 2761 1809 nomen
2784 1756 2974 1828 magis
2997 1757 3356 1828 gloriﬁcatur
3383 1761 3442 1815 in
3475 1763 3691 1819 saecula

299 1833 704 1904 Ἀμήν.Ταῦτα
761 1830 932 1892 οὕτως
993 1829 1170 1900 ἐκείνη
1227 1851 1286 1886 τε
1315 1829 1685 1904 προσηύχετο,
1734 1830 1824 1883 καὶ
1874 1830 1942 1884 τά

2063 1838 2413 1894 saeculorum.
2444 1842 2648 1896 Amen.
2682 1841 2810 1897 Haec
2841 1843 2942 1898 illa
2974 1845 3058 1901 sic
3089 1847 3292 1915 oravit,
3317 1851 3373 1903 et
3399 1849 3689 1906 dissoluta

299 1918 472 1992 δεσμὰ
501 1918 769 1988 διελύετο,
807 1921 973 1993 μόνος
1003 1939 1059 1974 τε
1080 1920 1107 1973 ὁ
1141 1918 1293 1981 λίθος
1323 1923 1402 1973 τῶ
1442 1920 1590 1992 βυθῶ
1627 1916 1939 1975 κατεδύετο.

300 2010 364 2064 Ἣ
392 2006 449 2063 δὲ
481 2006 548 2080 (ὢ
576 2012 672 2062 τοῦ
704 2009 978 2080 θαύματος
1005 2010 1044 2082 l)
1074 2009 1303 2082 ἀτρόμῳ
1355 2005 1483 2062 ποδὶ
1539 2012 1654 2069 τοῖς
1699 2014 1798 2077 τῆς
1850 2018 1942 2070 θα-

306 2097 512 2168 λάσσης
539 2099 734 2160 νώτοις
785 2097 1035 2176 ἐφίστατο
1092 2099 1182 2152 καὶ
1233 2102 1340 2152 τῶν
1375 2096 1578 2152 ὑδάτων
1609 2099 1702 2152 οἶα
1733 2101 1948 2171 στερεᾶς

306 2182 656 2242 ἐπιϐαίνουσα
687 2187 822 2260 πρὸς
871 2188 962 2241 τὸν
1005 2185 1257 2261 αίγιάλὸν
1307 2184 1614 2257 ἐπορεύετο.
1651 2187 1735 2241 Ἐν
1765 2184 1946 2256 τούτῳ

311 2273 485 2330 δὲκαὶ
543 2277 633 2330 τὸν
665 2277 924 2330 ὑπατικὸν
960 2273 1148 2330 ἰδοῦσα
1204 2275 1579 2349 προσμένοντά
1636 2297 1694 2330 τε
1740 2275 1830 2330 καὶ
1885 2276 1946 2330 τὸ

309 2370 406 2420 τοῦ
464 2366 780 2440 πράγματος
839 2368 1004 2438 πέρας
1059 2362 1209 2435 ἰδεῖν,
1243 2363 1374 2439 ὅπερ
1425 2363 1484 2419 ἂν
1533 2365 1766 2440 γένοιτο,
1799 2361 1950 2419 ἐκδε-

312 2454 570 2527 χόμενον,
613 2454 859 2528 Χαίροις,
923 2454 1164 2522 ὑπατικὲ,
1210 2451 1406 2527 λέγει’
1457 2450 1582 2508 οὐδὲ
1640 2453 1805 2526 μέχρι
1857 2453 1944 2507 καὶ

309 2546 396 2596 νῦν
441 2547 675 2610 συνῆκας
730 2544 832 2610 τὴν
890 2541 966 2602 εἷς
1025 2538 1122 2614 ἐμὲ
1167 2541 1268 2594 τοῦ
1306 2539 1654 2616 ἐνεργοῦντος
1710 2539 1762 2594 ἐν
1823 2539 1947 2612 ἐμοὶ

311 2635 545 2706 Χριστοῦ
604 2629 869 2704 δύναμιν;
935 2633 1005 2688 “li
1076 2629 1412 2708 τυφλώττειν
1469 2626 1545 2686 ἔτι
1595 2629 1949 2708 φιλονεικεῖς,

309 2724 398 2778 καὶ
453 2726 587 2797 πρὸς
630 2722 728 2790 τήν
791 2721 1050 2792 ἀλήθειαν
1109 2721 1627 2794 ἀπομάχεσθαιςΕἶ
1689 2721 1783 2792 μὲν
1833 2717 1946 2786 οὖν,

307 2811 404 2865 τοῦ
477 2809 700 2871 σκότους
785 2811 1050 2886 ἀφέμενος
1133 2815 1214 2880 τῷ
1289 2811 1536 2878 ἀΛηθινῶ
1593 2806 1946 2883 προσδράμῃς

311 2899 473 2975 φωτὶ,
532 2903 738 2953 σεαυτῶ
820 2899 1206 2971 πραγματεύσῃ
1259 2899 1360 2965 τὴν
1422 2896 1690 2970 σωτηρίαν
1724 2915 1737 2926 ⁸
1798 2897 1842 2950 εἷ
1893 2896 1949 2950 δὶ

308 2987 399 3040 καὶ
450 2985 527 3040 ἔτι
565 2991 681 3046 τοῖς
719 2988 1008 3058 προτέροις
1064 2983 1316 3056 ἐμμεῖναι
1372 2983 1645 3053 θελήσεις,
1677 2983 1800 3054 ἐμοὶ
1855 2983 1946 3054 μὲν

309 3073 537 3130 πολλῶν
593 3074 766 3134 αἳτιος
824 3074 1062 3146 ἀγαθῶν,
1094 3075 1162 3144 τῇ
1222 3068 1278 3126 δὲ
1333 3075 1401 3144 σῇ
1460 3075 1613 3146 ψυχῇ
1672 3070 1949 3133 ἀπωλείας

311 3163 566 3237 πρόξενος
622 3157 734 3236 ἔσῃ.
777 3162 991 3231 Ταύτην
1042 3162 1070 3215 ὁ
1125 3161 1425 3235 κατάρατος
1487 3161 1587 3228 τήν
1642 3157 1944 3234 παρρησίαν

313 3253 410 3309 οὐκ
429 3252 686 3328 ἐνεγκὼν,
715 3249 793 3308 ἔτι
826 3249 883 3307 δὲ
936 3253 1022 3306 καὶ
1073 3251 1136 3305 τὸ
1165 3252 1289 3324 περὶ
1336 3249 1501 3319 αὐτὴν
1553 3253 1736 3322 Θαῦμα
1791 3269 1949 3304 κατα-

314 3342 539 3417 πλαγεὶς
578 3342 815 3413 ἐξίστατό
873 3362 929 3396 τε
973 3342 1184 3410 ἑαυτοῦ,
1213 3341 1302 3394 καὶ
1350 3339 1561 3414 ἀφωνία
1590 3338 1952 3410 κατείληπτο.

312 3433 445 3504 Ὀψὲ
475 3431 531 3486 δέ
560 3452 691 3487 ποτε
728 3432 816 3486 καὶ
880 3428 1041 3503 μόλις
1101 3428 1394 3503 ἀνενεγκὼν
1426 3428 1656 3484 συνιέναι
1693 3428 1786 3500 μὲν
1855 3428 1956 3482 οὐκ

315 3516 577 3575 ἐϐούλετο
612 3541 625 3554 ·
659 3521 792 3597 φησί
829 3517 886 3574 δὶ
921 3538 933 3550 ·
979 3517 1234 3593 Μεγάλην
1269 3517 1470 3572 οἴεσθαί
1523 3539 1590 3591 με
1643 3521 1740 3572 τοῦ
1800 3515 1957 3570 Γαλι-

318 3609 473 3664 λαίου
525 3611 623 3677 τήν
684 3606 914 3679 δύναμιν
965 3609 1210 3661 πειθουσι
1275 3608 1342 3660 τὰ
1407 3606 1767 3682 γεγενημένα,
1826 3603 1953 3659 ἀλλ’

316 3695 492 3771 ἔγωγε
528 3697 748 3770 γοητείᾳ
810 3694 1022 3768 μᾶλλον
1079 3693 1460 3769 ἐξειργασμένα
1519 3691 1760 3762 διαλέξαι
1787 3697 1956 3748 ταῦτα

316 3786 664 3858 πειράσομαι.
716 3782 898 3844 Οὕτως
948 3779 1074 3855 ἔφη,
1129 3780 1218 3836 καί
1273 3787 1390 3844 τοῖς
1454 3785 1788 3855 παρεστῶσιν
1851 3781 1951 3836 αὐ-

315 3875 438 3928 τίκα
491 3893 585 3934 τας
617 3869 768 3946 ὄψεις
801 3865 1080 3926 ἐπιϐαλὼν
1112 3870 1396 3944 γυμνῶσαί
1430 3891 1488 3926 τε
1524 3873 1626 3940 τήν
1686 3870 1949 3944 μακαρίαν

317 3961 472 4025 εὐθὺς
553 3962 643 4016 καὶ
723 3967 1167 4036 περιαγκωνῆσαι
1244 3958 1567 4035 προστάττει
1647 3963 1836 4034 τροχῶ
1892 3980 1951 4015 τε

385 4106 493 4176 (11)
516 4109 790 4162 Incensas
823 4106 998 4174 faces,
1033 4121 1147 4161 non
1171 4109 1398 4162 tantum
1431 4105 1714 4162 lateribus
1737 4108 1951 4175 marty—

317 4194 469 4244 rum,
489 4180 584 4233 sed
610 4182 667 4233 et
689 4177 934 4248 singulis
957 4193 1156 4233 eorum
1178 4177 1451 4233 membris
1469 4178 1733 4231 admotas
1765 4191 1948 4243 quan-

314 4250 504 4320 doque
534 4249 736 4326 fuis_se,
770 4253 1012 4326 testatur
1037 4249 1360 4326 Lactantius
1396 4250 1466 4326 De
1497 4248 1662 4326 Mart;
1685 4253 1947 4326 persecat:

315 4315 446 4396 cap.
489 4336 604 4396 xxi.
642 4321 956 4396 Lampadas
989 4328 1177 4396 autem
1201 4319 1358 4396 illae,
1409 4321 1581 4396 utﬁex.
1623 4315 1862 4396 Galqnio
1893 4319 1951 4370 et

318 4387 629 4446 Laurentio
670 4393 741 4446 de
773 4392 966 4445 Rebus
1000 4389 1248 4459 publicis
1279 4391 1446 4443 docet
1478 4387 1720 4459 Pitiscus
1751 4387 1810 4459 i_n
1843 4401 1948 4439 suo

319 4461 514 4516 Lexico
566 4455 1270 4531 Antiquitatumfﬁebant
1296 4459 1404 4531 hoc
1453 4458 1624 4512 modo
1657 4473 1670 4512 :
1705 4478 1730 4505 α
1765 4455 1948 4531 Desu-

321 4533 650 4597 mebantur,
685 4527 872 4597 inquit
910 4529 1183 4584 laudatus
1220 4529 1484 4593 Pitiscus,
1517 4544 1653 4582 vasa
1684 4527 1943 4597 quaedam

318 4603 438 4656 lata
489 4603 666 4656 unius
709 4601 886 4669 palmi
947 4601 1350 4671 longitudinis,
1405 4599 1490 4654 vel
1521 4598 1948 4671 aliquantulum

323 4673 574 4741 majoris.
607 4689 732 4742 qua)
755 4671 963 4726 deinde
985 4689 1016 4726 a
1039 4670 1270 4726 summo
1290 4672 1360 4726 ad
1387 4671 1685 4742 arctiorem
1705 4670 1954 4742 formam

322 4739 452 4814 paul
465 4743 556 4814 ulu
568 4739 1002 4814 m_praeposterte
1017 4759 1414 4813 perversaque
1439 4759 1565 4814 pyra
1578 4739 1690 4795 mid
1703 4740 1751 4796 is
1772 4741 1956 4796 instar

322 4813 812 4892 contrahebantur
833 4813 1550 4892 atqueadstringe‘banlur.
1565 4816 1736 4867 Erant
1759 4815 1953 4892 autem

318 4901 474 4950 vasa,
507 4885 590 4939 vel
633 4890 838 4952 terrea,
870 4882 1041 4942 sicuti
1072 4882 1332 4940 indica-nt
1363 4884 1480 4952 illa,
1515 4900 1640 4954 quas
1670 4898 1738 4937 ex
1769 4882 1956 4954 ruinis

319 4957 564 5024 hujusce
586 4955 755 5011 Urbis
785 4957 1023 5026 (Romae)
1051 4972 1473 5026 nonnunquam
1506 4953 1823 5021 eruuntur;
1866 4953 1953 5008 vel

318 5029 524 5093 ferrea,
559 5032 624 5082 ut
672 5027 859 5080 innuit
899 5027 1123 5082 Colum.
1157 5044 1257 5096 xu,
1293 5028 1376 5093 18,
1593 5026 1793 5080 Postea
1825 5039 1954 5096 vero

316 5115 453 5154 vasa
485 5098 601 5153 haec
651 5097 897 5152 hastulis
942 5095 1290 5167 quibusdam
1343 5098 1642 5168 quadratis
1689 5101 1748 5168 et
1777 5095 1954 5150 simul

318 5169 611 5234 colligatis
642 5173 826 5240 septa,
861 5185 986 5238 quae
1019 5169 1088 5222 ad
1118 5167 1388 5240 vasorum
1425 5167 1869 5240 similitudinem
1900 5171 1956 5220 et

317 5242 454 5308 ipsa;
511 5258 542 5296 a
625 5239 855 5294 summo
913 5239 1191 5309 paulatim
1272 5239 1756 5309 astringebantur,
1822 5239 1956 5306 igne

320 5312 612 5367 flammam
640 5311 934 5366 emittente
966 5309 1173 5382 repleri
1205 5310 1484 5366 solebant.
1511 5311 1682 5382 Porro
1717 5311 1818 5363 has
1850 5309 1956 5382 ha-

320 5382 529 5446 stulas,
553 5383 601 5436 si
633 5383 701 5436 ad
740 5398 822 5448 ea,
859 5383 925 5436 ad
962 5381 1084 5452 quae
1127 5381 1424 5452 lampades
1462 5381 1590 5436 usui
1623 5385 1802 5444 erant,
1837 5381 1960 5452 ani-

319 5471 480 5509 mum
515 5455 855 5520 referamus,
881 5450 1298 5522 intelligemus,
1325 5453 1584 5523 quinque
1605 5456 1820 5506 autsex
1845 5450 1960 5523 pul-

323 5525 436 5580 mis
469 5524 599 5595 plus
625 5525 888 5580 minusve
909 5526 1204 5579 exstitisse
1225 5522 1527 5593 oblongas.
1549 5545 1576 5572 »
1601 5528 1814 5578 Harum
1839 5522 1960 5595 otti-

323 5594 743 5672 giem’cxhibet
804 5595 1076 5672 Qalonius
1130 5596 1300 5649 citato
1346 5595 1614 5672 Tractatu
1677 5610 1806 5672 pug.
1865 5594 1955 5672 7t").

325 5667 630 5736 Caeterum,
691 5672 752 5721 ut
810 5669 1163 5732 Lactantius,
1224 5681 1401 5737 supra
1440 5664 1731 5730 laudatus,
1767 5664 1960 5720 innuit

642 5791 905 5852 PATROL.
954 5792 1060 5852 Gn.
1109 5791 1276 5851 CXV.

1981 3211 2031 3280 C

2053 1933 2190 1981 sunt
2214 1927 2464 1994 vincula,
2497 1933 2554 1984 et
2578 1930 2733 1986 solus
2763 1931 2908 2002 lapis
2930 1933 3038 1988 fuit
3066 1934 3124 1988 in
3148 1936 3434 2005 profundo
3465 1939 3693 1994 demer-

2053 2030 2176 2070 sus.
2233 2015 2333 2070 Illa
2367 2020 2559 2072 autem
2619 2017 2674 2088 (ο
2705 2019 3048 2076 miraculum
3082 2021 3136 2092 ι)
3176 2023 3345 2080 ﬁrmo
3383 2039 3449 2080 ac
3496 2026 3690 2082 stabili

2056 2103 2201 2174 pede
2247 2105 2435 2160 stabat
2495 2121 2669 2177 super
2724 2108 2963 2164 dorsum
3008 2110 3212 2179 maris,
3253 2114 3310 2167 et
3338 2127 3439 2183 per
3485 2130 3689 2184 aquas,

2057 2194 2335 2261 tanquam
2360 2208 2457 2261 per
2478 2199 2686 2249 terram
2706 2194 2949 2252 solidam
2973 2197 3330 2268 ingrediens,
3366 2201 3691 2269 proﬁcisce-

2059 2279 2226 2334 batur
2254 2281 2324 2335 ad
2358 2280 2523 2336 littus
2554 2282 2690 2354 (t3).
2724 2284 2960 2340 Interim
2982 2302 3114 2341 vero
3141 2302 3274 2341 cum
3306 2287 3540 2344 vidisset
3573 2305 3690 2344 ma-

2057 2371 2290 2424 nentem
2321 2369 2683 2426 consularem
2723 2378 2776 2426 et
2816 2377 3260 2443 exspectantem,
3294 2376 3566 2446 quisnam
3601 2378 3694 2432 fu-

2057 2460 2226 2512 turus
2264 2461 2418 2513 esset
2447 2458 2529 2514 rei
2560 2459 2772 2530 exitus,
2797 2460 2938 2517 dicit
2969 2477 2983 2516 :
3017 2462 3201 2526 Salve,
3233 2465 3582 2520 consularis.
3617 2468 3695 2521 No

2057 2560 2213 2600 nunc
2243 2546 2474 2616 quidem
2527 2547 2863 2604 intellexisti
2919 2549 3193 2606 virtutem
3231 2551 3468 2621 Christi,
3499 2554 3599 2625 qui
3632 2555 3693 2609 in

2058 2651 2150 2690 me
2179 2642 2451 2704 operatur
2473 2636 2501 2690 ‘I
2530 2640 2616 2691 An
2647 2637 2839 2693 adhuc
2877 2641 3183 2696 contendis
3211 2642 3481 2699 caecutire
3509 2650 3563 2699 et
3601 2661 3692 2700 re-

2056 2739 2317 2794 pugnare
2336 2723 2561 2780 veritati
2583 2725 2682 2780 ?Si
2711 2742 2844 2798 ergo
2876 2728 3092 2784 relictis
3112 2730 3368 2786 tenebris
3401 2732 3469 2786 ad
3505 2748 3693 2788 veram

2056 2809 2247 2867 lucem
2279 2812 2610 2878 accesseris,
2643 2813 2750 2869 tibi
2781 2815 3120 2885 procurabis
3144 2815 3417 2872 salutem.
3451 2819 3614 2884 Quod
3646 2818 3696 2874 si

2059 2899 2358 2967 persistere
2383 2900 2524 2956 velis
2543 2901 2599 2955 in
2623 2901 2934 2971 prioribus,
2964 2904 3109 2958 mihi
3129 2905 3362 2975 quidem
3385 2906 3498 2961 eris
3522 2923 3697 2961 causa

2060 2983 2378 3040 multorum
2410 2987 2718 3057 bonorum,
2750 2993 2862 3044 tua:
2895 2995 3089 3046 autem
3138 2994 3345 3048 animas
3396 2993 3696 3048 interitum

2058 3075 2414 3131 conciliabis.
2455 3075 2616 3132 Hanc
2648 3079 2876 3134 dicendi
2907 3080 3236 3136 libertatem
3269 3097 3398 3136 cum
3435 3098 3550 3137 non
3584 3082 3694 3138 fer-

2061 3167 2147 3219 ret
2176 3164 2263 3218 vir
2317 3167 2722 3234 exsecrandus,
2766 3183 2833 3223 eo
2863 3172 3078 3237 autem,
3111 3169 3265 3240 quod
3294 3170 3354 3226 in
3386 3185 3508 3225 eam
3543 3173 3699 3227 acci-

2062 3252 2242 3319 derat,
2276 3251 2553 3307 miraculo
2583 3257 2737 3308 esset
2765 3255 3224 3325 obstupefactus,
3255 3275 3289 3311 a
3319 3273 3382 3312 se
3414 3257 3698 3325 discessit,

2059 3357 2314 3412 eumque
2342 3357 2449 3398 vox
2473 3349 2524 3397 et
2557 3357 2748 3396 sermo
2787 3343 3016 3398 defecit.
3049 3348 3193 3399 Cum
3223 3349 3416 3400 autem
3447 3346 3542 3400 vix
3573 3354 3696 3402 tan-

2059 3431 2190 3486 dem
2239 3431 2310 3484 ad
2361 3445 2424 3486 se
2481 3429 2776 3496 rediisset,
2811 3429 3044 3487 nolebat
3073 3433 3308 3503 quidem
3349 3433 3693 3506 intelligere.

2057 3518 2205 3573 Dixit
2234 3528 2428 3574 autem
2463 3535 2478 3574 :
2525 3523 2600 3574 Ut
2628 3533 2902 3589 magnam
2934 3519 3154 3575 Galilei
3185 3519 3297 3590 (14)
3332 3524 3532 3591 putem
3571 3538 3699 3578 esse

2059 3606 2398 3678 potentiam,
2431 3607 2784 3677 persuadent
2812 3623 2898 3677 ea,
2922 3623 3044 3678 quis
3073 3609 3226 3665 facta
3255 3614 3426 3678 sunt;
3459 3611 3558 3666 sed
3593 3627 3698 3682 ego

2058 3695 2309 3752 conabor
2355 3697 2679 3764 ostendere,
2729 3712 2794 3752 ea
2849 3697 3045 3768 potius
3093 3697 3248 3754 facta
3297 3715 3426 3754 esse
3479 3701 3700 3769 praesti-

2058 3785 2168 3856 giis
2199 3784 2332 3855 (15).
2386 3784 2478 3839 Sic
2511 3785 2673 3854 dixit,
2705 3788 2764 3840 et
2792 3785 2852 3841 in
2883 3801 3002 3852 eos,
3038 3787 3136 3856 qui
3175 3788 3460 3856 astabant,
3492 3787 3695 3844 statim

2057 3873 2256 3929 oculos
2286 3873 2810 3944 conjicicns,jubet
2833 3888 2932 3931 eos
2960 3875 3159 3930 statim
3183 3877 3404 3932 nudare
3437 3885 3696 3933 sanctam

2055 3965 2111 4017 et
2141 3961 2410 4017 manibus
2449 3965 2582 4032 post
2605 3966 2837 4033 tergum
2868 3963 3083 4020 vinctis
3113 3979 3240 4020 eam
3262 3969 3398 4020 rota:
3430 3966 3540 4036 (16)
3567 3966 3694 4021 alli-

2055 4123 2182 4174 cap.
2211 4105 2302 4178 21,
2323 4121 2753 4178 nonnunquam
2776 4110 3022 4178 tortores
3047 4107 3344 4178 lampades
3359 4107 3490 4164 illas
3521 4125 3701 4178 quan-

2054 4181 2177 4248 tum
2212 4177 2281 4229 ad
2315 4175 2684 4248 ﬂammantia
2715 4175 2958 4248 lumina,
2995 4175 3288 4232 hautvero
3318 4175 3599 4248 quantum
3625 4181 3698 4234 ad

2055 4245 2332 4320 calorem,
2351 4245 2524 4314 paulo
2548 4251 2680 4320 ante
2697 4245 3361 4320 exstinguebant,quam
3379 4254 3700 4320 martyrum

2055 4313 2396 4390 corporibus
2428 4331 2526 4369 eas
2551 4313 2946 4390 admoverent,
2979 4318 3146 4390 utsic
3170 4313 3398 4374 léntiori
3429 4313 3562 4390 igne
3583 4336 3703 4375 cre-

2057 4386 2286 4457 mandis
2313 4391 2637 4457 martyrum
2662 4386 2936 4442 membris
2959 4389 3206 4457 aptiores
3236 4395 3454 4446 essent.

2125 4457 2237 4527 (12)
2271 4456 2426 4511 Mare
2455 4456 2611 4512 istud
2639 4457 2820 4512 fuisse
2853 4456 3100 4514 Pontum
3150 4460 3466 4525 Euxinum,
3501 4461 3700 4517 Amiso

1978 4557 2036 4624 D
2062 4527 2593 4624 urp‘iopre‘xirgugr,‘
2615 4543 2682 4582 ex
2711 4529 3244 4624 coniectura‘docui
3277 4547 3446 4624 num].
3470 4533 3556 4624 1‘3.

2136 4599 2246 4670 (13)
2285 4599 2360 4653 lta
2411 4598 2470 4654 S.
2505 4599 2726 4668 Petrus,
2773 4606 2839 4655 ut
2869 4605 3153 4656 testantur
3192 4603 3576 4670 evangelista,
3618 4603 3703 4656 di-

2061 4671 2197 4726 vina
2230 4669 2446 4744 virtute
2466 4669 2998 4744 ambulavitsuper
3038 4689 3270 4744 aquam,
3303 4669 3458 4743 quod
3487 4679 3544 4728 et
3573 4673 3701 4729 aliis

2063 4741 2278 4796 sanctis
2326 4741 2659 4813 contigisse,
2693 4741 2995 4812 perhibent
3039 4741 3452 4800 Ecclesiae—tice
3510 4745 3701 4799 Histo-

2063 4829 2180 4868 ΓΗΒ.

2133 4883 2250 4956 (14)
2282 4881 2408 4956 Hoc,
2430 4883 2664 4956 nomine
2703 4883 2920 4954 impius
2941 4885 3117 4956 judex
3145 4901 3243 4956 per
3275 4884 3699 4954 blasphemiam

2062 4953 2354 5010 Chrislum
2393 4955 2704 5009 Dominum
2738 4953 2922 5021 vocat,
2949 4953 3195 5012 sceleris
3226 4956 3316 5010 sui
3348 4953 3702 5011 imitatorem

2065 5025 2384 5096 pessimum
2411 5031 2826 5094 posteanactus
2847 5026 3141 5081 Julianum
3168 5027 3705 5096 Apostatam,quiet

2064 5095 2361 5151 victricem
2420 5096 2519 5152 Dei
2581 5096 2782 5153 ultoris
2839 5114 3076 5153 manum
3137 5095 3444 5168 agnoscere
3475 5095 3705 5153 coactus

2067 5168 2194 5222 fuit.

2137 5239 2250 5310 (15)
2273 5239 2488 5310 Nempe
2522 5252 2651 5292 cum
2685 5239 2947 5310 prodigia
2968 5238 3089 5303 illa,
3119 5243 3238 5295 lota
3258 5240 3608 5309 quandoque
3629 5241 3707 5294 ci-

2065 5309 2628 5381 vitateinspectante
2660 5309 2905 5380 patrata,
2937 5325 3149 5381 negare
3181 5327 3294 5366 non
3335 5320 3566 5375 possent
3599 5311 3708 5365 ini-

2067 5380 2339 5450 quissimi
2377 5380 2623 5448 judices,
2677 5397 2749 5435 ne
2793 5380 3149 5437 Christianos
3185 5382 3298 5437 veri
3327 5381 3424 5436 Dei
3459 5382 3708 5438 cultores

2066 5467 2214 5514 esse,
2249 5452 2411 5504 fateri
2442 5456 2806 5517 cogerentur,
2841 5469 2940 5521 per
2961 5470 3250 5508 summam
3281 5453 3570 5507 insaniam
3606 5455 3711 5507 mi-

2068 5522 2266 5594 racula
2297 5523 2416 5594 illa,
2437 5522 2766 5594 daemonum
2801 5525 3115 5594 prazstigiis
3145 5525 3527 5579 ascribebant.

2141 5593 2252 5662 (16)
2313 5592 2660 5661 Hujusmodi
2713 5592 2828 5650 fere
2877 5592 3062 5651 rotam
3129 5597 3363 5651 exhibet
3411 5594 3711 5650 Gallonius

2076 5681 2207 5736 pag.
2241 5665 2310 5717 27
2353 5663 2544 5719 littera
2575 5663 2638 5732 B,
2691 5666 2801 5722 nisi
2833 5669 2985 5738 quod
3024 5668 3350 5723 ardentium
3391 5665 3710 5721 carbonum

3313 5789 3387 5846 32
