4142 6248
513 351 664 412 1003

1850 324 2125 387 MENSIS
2170 321 2553 386 OCTOBEB.

3751 318 3913 380 1004

510 528 644 585 gare
664 514 717 567 et
748 509 1065 566 carbonum
1089 498 1391 561 cumulum
1414 513 1550 553 cum
1574 494 1773 551 ferreis
1797 490 2141 562 quibusdam

2257 483 2559 556 προσδησαι
2589 485 2679 538 καὶ
2721 481 2947 555 σωρείαν
2999 480 3275 553 ἀνθράκων
3326 481 3566 536 κάτωθεν
3619 482 3911 555 ὑποστρῶ-

2472 573 2485 585 .
2552 572 2605 585 κ.
2747 572 2760 585 .
2868 570 2879 585 ι
3127 571 3139 585 .
3251 568 3330 585 μ,
3709 573 3719 585 .

511 578 843 657 secantibus
873 591 1276 650 instrumentis
1316 589 1687 643 substernere
1726 589 1779 636 et
1809 585 1995 635 rotam
2031 578 2142 631 fre-

511 689 781 759 quentius
813 686 1219 748 circumagere,
1255 682 1337 742 ut,
1364 675 1629 731 contritis
1655 668 1935 742 paulatim
1970 681 2147 720 mem-

510 757 655 845 bris,
694 790 828 829 cum
878 770 1035 843 gravi
1093 768 1289 823 dolore
1345 768 1622 834 martyre
1675 760 1793 814 vita
1823 757 2143 813 excederet.

509 868 694 936 Atque
725 860 997 916 machina
1027 857 1256 928 quidem
1290 853 1482 908 statim
1506 852 1615 906 fuit
1637 850 1906 921 perfecta.
1939 846 2147 914 Super-

512 969 652 1008 num
695 956 887 1005 autem
947 962 1151 1001 rursus
1205 943 1487 998 auxilium
1522 941 1693 995 solita
1732 950 1959 1007 quoque
1991 946 2146 987 nunc

512 1037 809 1102 ostendit;
861 1050 993 1088 nam
1037 1030 1392 1085 descendens
1442 1025 1684 1097 angelus
1741 1028 1798 1079 et
1854 1024 2147 1076 ﬂammam

511 1127 824 1182 carbonum
858 1119 1148 1185 exstinxit,
1190 1121 1247 1172 et
1279 1117 1456 1171 robur
1494 1114 1831 1171 carnificum
1855 1108 2144 1174 dissolvit,

510 1220 711 1271 utnec
769 1216 954 1267 rotam
1012 1208 1245 1280 quidem
1306 1208 1545 1277 possent
1600 1200 1837 1257 omnino
1897 1199 2145 1253 circum-

510 1319 695 1375 agere.

581 1392 643 1445 V.
671 1390 815 1445 Hinc
855 1387 1047 1442 animo
1070 1385 1393 1456 perplexus,
1427 1385 1483 1436 et
1513 1380 1682 1450 plane
1718 1378 1978 1447 ignarus,
2004 1373 2143 1444 quid

511 1484 723 1551 ageret,
757 1492 972 1549 praeses
1020 1491 1134 1529 non
1176 1470 1463 1527 dubitavit
1511 1468 1622 1523 alia
1662 1464 1979 1533 excogitare
2008 1478 2144 1532 sup-

510 1550 699 1641 plicia.
739 1566 909 1621 Jubet
949 1580 1082 1635 ergo
1135 1576 1415 1616 manuum
1465 1566 1515 1612 et
1574 1556 1785 1627 pedum
1828 1567 2053 1623 ungues
2092 1550 2144 1605 ei

510 1639 695 1713 evelli.
747 1656 815 1710 Et
855 1654 938 1709 illi
970 1652 1204 1723 quidem
1253 1648 1521 1720 protinus
1571 1645 1803 1699 fuerunt
1835 1639 2142 1712 amputati.

510 1748 888 1801 Tormentum
925 1747 1116 1797 autem
1160 1741 1232 1794 ab
1262 1739 1361 1793 illa
1400 1734 1789 1807 reputabitur,
1819 1731 2057 1803 perinde
2079 1746 2144 1785 ac

2256 593 2341 625 σαι
2400 573 2489 626 καὶ
2548 572 2613 639 δὴ
2673 572 2762 626 καὶ
2827 570 2918 624 τὸν
2974 571 3179 642 τροχὸν
3246 568 3476 624 ἐλίττειν
3555 573 3910 645 συχνότερον,

2256 661 2403 714 ὅπως
2451 666 2518 735 τῇ
2559 663 2693 716 κατὰ
2751 662 2931 736 βραχὺ
2987 657 3168 730 μελῶν
3210 654 3439 732 ἓκτριϐῇ
3501 658 3832 720 κατωδύνως
3874 663 3908 727 ἡ

2260 751 2461 821 μάρτυς
2492 748 2787 822 ἀπαλλαγῇ
2829 748 2924 813 τῆς
2958 752 3127 814 ζωῆς,
3168 748 3249 801 Τὰ
3312 746 3405 817 μὲν
3467 744 3533 814 δὴ
3575 751 3672 801 τοῦ
3722 766 3913 820 μηχα-

2254 839 2498 909 νήματος
2529 838 2662 891 κατὰ
2690 837 2862 910 τάχος
2894 837 3196 907 ἀπήρτιστο
3231 852 3242 863 ·
3294 836 3328 902 ἠ
3383 831 3580 888 ἄνωθεν
3621 832 3677 888 δὲ
3737 834 3908 889 πάλιν

2256 925 2543 1000 ἐπικουρία
2599 928 2665 979 τά
2717 926 2921 993 συνήθη
2982 923 3071 976 καὶ
3121 926 3213 976 νῦν
3271 920 3613 977 ἐπεδείκνυτο
3671 924 3767 977 καὶ
3812 926 3907 997 ἆγ-

2256 1015 2418 1089 γελος
2451 1015 2724 1076 καταπτὰς
2772 1016 2871 1083 τήν
2930 1034 2987 1066 τε
3039 1016 3145 1067 τῶν
3180 1013 3454 1085 ἀνθράκων
3488 1012 3668 1090 φλόγα
3732 1009 3908 1067 ὲσὸἐνο

2252 1125 2364 1173 νυε,
2395 1105 2483 1157 καὶ
2523 1101 2587 1172 δὴ
2621 1104 2708 1157 καὶ
2737 1104 2837 1171 τὴν
2868 1106 2973 1155 τῶν
3004 1098 3219 1173 δημίων
3252 1101 3409 1175 ἰσχὺν
3443 1101 3672 1171 ἐξέλυεν,
3708 1102 3758 1156 ὼ
3796 1125 3904 1176 μη-

2256 1189 2312 1245 δὲ
2341 1193 2431 1246 τὸν
2462 1190 2664 1267 τροχὸν
2699 1190 2923 1246 έλίττειν
2966 1187 3237 1262 μηδαμῶς
3278 1187 3559 1254 δύνασθαι.

2328 1376 2406 1427 Ε’.
2442 1373 2719 1436 Κάνταῦθα
2756 1372 2933 1427 τοίνυν
2965 1374 2991 1425 ὁ
3024 1370 3213 1447 ἅρχων
3255 1369 3714 1445 διαπορούμενος,
3754 1372 3905 1445 ὅμως

2259 1460 2309 1515 έν
2368 1467 2486 1523 ταῖς
2547 1462 2795 1535 βασάνοις
2828 1459 3001 1521 ἄλλας
3058 1461 3286 1515 ἆπινοεῖν
3348 1460 3445 1514 ούκ
3491 1460 3712 1534 ἠπόρει.
3769 1461 3903 1526 Τοὺς

2256 1555 2362 1603 τῶν
2394 1554 2593 1624 χειρῶν
2624 1547 2715 1603 οὖν
2767 1544 2967 1623 ὄνυχας
3016 1550 3187 1617 αὐτῆς
3225 1550 3314 1603 καὶ
3356 1547 3539 1603 ποδῶν
3598 1547 3901 1619 έκσπασθῆ-

2255 1657 2337 1691 ναι
2366 1642 2710 1712 προστάττει.
2753 1638 2854 1692 Καὶ
2917 1639 2968 1690 οἱ
3031 1638 3123 1710 μὲν
3167 1637 3322 1698 εὐθὺς
3376 1637 3733 1707 ὲξεκόπτοντο
3762 1659 3774 1671 ·
3834 1643 3896 1713 τῇ

2257 1723 2332 1796 δὲ,
2366 1728 2439 1787 ὡς
2485 1726 2665 1800 ἑτέρου
2721 1726 3055 1799 πάσχοντος,
3084 1729 3117 1794 ἠ
3184 1726 3407 1800 βάσανος
3456 1726 3766 1799 ἐνομίζετο.
3801 1728 3895 1784 Καὶ

513 1836 563 1889 si
592 1834 742 1889 alius
766 1829 1214 1902 pateretur(t7).
1249 1827 1376 1897 Ipse
1395 1828 1588 1880 autem
1621 1838 1822 1877 rursus
1855 1820 2144 1891 prioribus

2257 1814 2415 1869 πάλιν
2467 1815 2625 1877 αὐτὸς
2676 1820 2791 1877 τοῖς
2841 1817 3132 1889 προτέροις
3174 1813 3329 1889 ἕτερα
3383 1817 3896 1889 προστιθεὶς,έκκο-

514 1922 629 1977 alia
659 1919 959 1991 adjiciens,
992 1918 1043 1972 ei
1070 1915 1483 1987 quoquejubet
1518 1914 1721 1967 dentes
1752 1909 1970 1965 extrahi
2009 1925 2021 1962 :
2048 1908 2147 1963 sed

518 2009 809 2081 quomodo
869 2022 1079 2078 praeses
1153 2004 1210 2058 in
1293 2002 1563 2075 gravibus
1629 1997 2012 2060 inveniendis,
2072 1996 2154 2051 ita

520 2115 625 2153 nec
677 2096 778 2150 illa
854 2098 912 2149 in
992 2092 1267 2165 gravibus
1334 2088 1589 2144 ferendis
1668 2084 1971 2157 suppliciis
2047 2084 2153 2138 fuit

520 2186 850 2253 defatigata.
912 2187 1110 2253 Itaque
1169 2196 1379 2252 purum
1455 2179 1577 2247 ejus
1654 2191 1862 2244 corpus
1944 2174 2153 2243 probro

521 2275 748 2329 afﬁcere
779 2271 1050 2342 cogitavit
1078 2269 1419 2325 sceleratus.
1463 2268 1531 2320 Et
1570 2265 1641 2319 ad
1683 2262 1982 2317 ministros
2011 2276 2152 2315 con-

516 2377 735 2429 versus,
757 2360 919 2423 Eam,
954 2357 1169 2428 inquit,
1198 2355 1437 2425 accipite
1470 2360 1522 2409 et
1552 2352 1609 2407 in
1634 2350 1922 2407 excelsum
1952 2354 2009 2405 et
2041 2364 2155 2403 me-

517 2451 676 2506 dium
702 2449 952 2517 aliquem
982 2446 1175 2501 locum
1200 2444 1391 2498 ducite
1423 2446 1479 2497 et
1505 2454 1795 2512 przecones
1818 2443 2020 2494 euntes
2053 2454 2155 2506 per

518 2539 851 2594 universam
874 2537 1162 2605 regionem
1196 2534 1529 2597 finitimam,
1560 2532 1629 2585 ad
1672 2531 1946 2601 probrum
1986 2530 2035 2582 ei
2068 2528 2154 2581 af-

519 2628 818 2682 ferendum
880 2626 1197 2680 convocent
1236 2622 1478 2676 chorum
1510 2618 1961 2688 impudicorum.
2000 2619 2156 2670 Post-

519 2731 694 2787 quam
728 2718 919 2769 autem
947 2712 1155 2783 probro
1188 2714 1243 2763 et
1273 2706 1619 2764 contumelia
1649 2706 1791 2761 satis
1825 2705 1990 2758 fuerit
2023 2704 2155 2759 affe-

521 2808 632 2869 cta,
665 2818 789 2857 eam
824 2801 892 2854 ad
955 2815 1045 2853 me
1103 2797 1377 2861 reducite,
1433 2799 1498 2848 ut
1545 2811 1629 2860 ea,
1665 2810 1793 2864 quas
1833 2792 2061 2858 desunt,
2104 2792 2154 2846 ei

521 2889 818 2961 adjiciam.
873 2888 1089 2957 Martyr
1136 2888 1324 2939 autem
1358 2882 1566 2937 Christi
1601 2882 1648 2936 ei
1682 2880 1980 2951 respondit
2014 2896 2027 2933 :
2057 2881 2157 2934 Est

525 2976 668 3031 mihi
710 2974 994 3041 Christus,
1028 2974 1125 3043 qui
1158 2971 1355 3027 omnia
1388 2971 1512 3025 sola
1541 2969 1833 3024 voluntate
1863 2975 2153 3023 transmu-

520 3069 629 3125 tat,
671 3067 729 3116 et
760 3061 881 3117 solo
914 3064 1080 3127 nutu,
1132 3058 1233 3130 qui
1264 3057 1435 3112 etiam
1468 3072 1654 3110 meam
1695 3054 1950 3109 animam
1985 3054 2155 3109 hodie

521 3150 795 3221 suscipiet
842 3146 1300 3211 immaculatam,
1330 3144 1467 3211 tuis,
1499 3159 1531 3199 0
1579 3143 1838 3213 profane,
1879 3141 2153 3212 dispersis

2256 1912 2423 1973 πῆναι
2460 1905 2661 1973 ταύτης
2726 1905 2816 1958 καὶ
2866 1906 2991 1965 τοὺς
3058 1901 3276 1965 ὀδόντας
3335 1902 3708 1960 διεκελεύετο·
3775 1906 3890 1961 ἀλλ’

2256 1992 2438 2066 ὥσπερ
2486 1993 2656 2062 ἐκείνη
2690 1994 2755 2047 τὰ
2787 1990 2929 2046 δεινὰ
2983 1990 3185 2066 φέρειν,
3219 1992 3360 2047 οὕτω
3423 1996 3530 2067 μὴν
3571 1991 3697 2049 οὐδὲ
3744 1995 3894 2059 αὐτὸς

2258 2080 2418 2135 πάλιν
2468 2082 2533 2134 τὰ
2602 2078 2745 2134 δεινὰ
2802 2080 3118 2154 ἐξευρίσκειν
3187 2078 3443 2153 οὐδαμῶς
3504 2082 3893 2158 ἀπηγόρευκεν.

2255 2166 2494 2244 Ὑϐρίσαι
2524 2170 2699 2224 τοίνυν
2748 2170 2811 2224 τὸ
2868 2170 3099 2243 καθαρὸν
3164 2169 3331 2239 αὐτῆς
3389 2176 3551 2243 σῶμα
3609 2172 3636 2224 6
3702 2175 3891 2247 μιαρὸς

2256 2259 2459 2314 ἐπενόει
2500 2259 2588 2313 καὶ
2647 2260 2780 2333 πρὸς
2844 2259 2972 2320 τοὺς
3041 2258 3307 2333 ὑπηρέτας
3357 2259 3725 2337 ἐπιστραφεὶς,
3786 2265 3886 2316 Λά-

2257 2344 2396 2415 ϐετε,
2432 2348 2586 2425 φησὶ,
2645 2347 2867 2417 ταύτην,
2899 2348 2989 2401 καὶ
3038 2346 3124 2402 ἐπί
3189 2368 3309 2402 τινα
3364 2353 3470 2403 τῶν
3529 2349 3759 2423 ὑψηλῶν
3805 2352 3885 2405 καὶ

2262 2437 2595 2509 μεσαιτάτων
2626 2436 2811 2490 τόπων
2853 2438 3083 2512 ἀγάγετε
3140 2436 3371 2509 κήρυκές
3419 2458 3478 2491 τε
3534 2438 3670 2492 κατὰ
3719 2439 3886 2507 πάσης

2255 2532 2354 2592 τῆς
2410 2524 2816 2601 πλησιοχώρου
2874 2529 3167 2600 φοιτῶντες
3228 2524 3309 2601 ἐφ’
3365 2521 3517 2600 ὕϐρει
3698 2528 3888 2595 ταύτης

2257 2613 2573 2667 ἀκολάστων
2621 2614 2789 2687 χορὸν
2832 2610 3288 2688 συγκαλείτωσαν.
3319 2615 3464 2669 Μετά
3496 2620 3625 2687 γοῦν
3666 2617 3728 2670 τὸ
3774 2617 3885 2669 ἱκα-

2256 2706 2361 2764 νῶς
2412 2697 2734 2775 ὑϐρισθῆναι
2781 2704 2917 2776 πρός
2978 2723 3045 2774 με
3088 2701 3251 2756 πάλιν
3313 2701 3693 2779 έπαναγάγετε,
3751 2705 3886 2759 ὥστε

2258 2794 2621 2863 προστεθῆναι
2675 2792 2844 2862 ταύτῃ
2926 2791 3012 2844 καὶ
3098 2792 3165 2845 τὰ
3216 2790 3526 2864 λειπόμενα.
3564 2794 3621 2847 Ἠ
3680 2790 3734 2845 δὲ
3787 2796 3883 2846 τοῦ

2258 2883 2501 2952 Χριστοῦ
2562 2884 2761 2952 μάρτνς
2815 2879 2951 2953 πρὸς
3008 2880 3194 2935 αὐτὸν.
3242 2883 3397 2937 Ἔστι
3473 2880 3563 2953 μόι
3634 2882 3881 2950 Χριστὸς,

2258 2968 2598 3042 ἀπεκρίνατο,
2640 2969 2810 3022 πάντα
2872 2971 3278 3041 μετασκευάζων
3335 2968 3556 3039 θελήσει
3618 2970 3747 3043 μόνῃ
3800 2971 3877 3023 καὶ

2260 3055 2404 3130 ῥοπῇ
2436 3056 2703 3129 νεύματος
2725 3074 2738 3087 ·
2773 3058 2831 3118 ὃς
2862 3058 2950 3111 καὶ
2980 3058 3080 3125 την
3110 3058 3246 3129 έμήν
3269 3060 3457 3133 ψυχὴν
3488 3056 3519 3112 ἄ
3543 3056 3729 3114 σπιλον
3745 3077 3870 3129 προσ

2262 3143 2463 3215 δέξεται
2528 3148 2787 3219 σήμερον,
2828 3145 2894 3200 τὰ
2941 3148 3025 3203 σὰ.
3081 3142 3304 3221 βέϐηλε,
3357 3145 3709 3209 διασκεδάσας
3750 3147 3867 3218 βου-

521 3244 577 3295 et
608 3237 900 3308 dissipatis
923 3235 1203 3292 consiliis.
1239 3234 1368 3288 Haec
1390 3248 1517 3286 cum
1544 3231 1803 3295 dixisset,
1837 3247 2046 3285 manus
2068 3231 2145 3285 si-

2264 3232 2525 3304 λεύματα.
2560 3236 2737 3290 Ταῦτα
2792 3234 3015 3288 εἰποῦσα
3067 3237 3257 3309 χεῖράς
3284 3256 3343 3290 τε
3390 3234 3505 3309 ἅμα
3562 3237 3653 3291 καὶ
3710 3236 3875 3309 φρένας

520 3328 662 3395 mul,
697 3332 947 3382 mentem
1007 3328 1063 3380 et
1110 3322 1304 3379 oculos
1348 3322 1406 3377 in
1447 3320 1658 3376 caelum
1707 3318 1939 3383 tollens,
1971 3318 2153 3374 oravit

518 3423 719 3483 Deum,
755 3432 925 3487 quem
957 3414 1342 3469 desiderabat.
1377 3412 1688 3479 Postquam
1722 3412 1913 3462 autem
1946 3409 2148 3471 oravit,

515 3522 643 3561 cum
680 3521 818 3576 pace
866 3504 1017 3573 apud
1051 3518 1184 3557 eum
1238 3499 1507 3571 deposuit
1535 3497 1788 3551 animam
1822 3494 2149 3551 sacriﬁcans

521 3610 733 3665 purum
766 3609 973 3663 corpus
999 3595 1054 3645 et
1084 3590 1351 3661 spiritum
1382 3588 1454 3650 ei,
1497 3592 1731 3657 propter
1755 3599 1923 3655 quem
1954 3583 2150 3638 omnia

518 3698 620 3752 pro
651 3680 831 3735 nihilo
868 3678 1195 3748 reputabat,
1231 3673 1736 3744 meliusjudicans
1768 3672 1935 3737 mori,
1970 3688 2147 3742 quam

514 3784 751 3840 peccare
783 3768 956 3822 etiam
985 3770 1190 3834 praeter
1216 3763 1562 3818 sententiam
1596 3762 1728 3830 (18).

586 3858 672 3912 Vl.
706 3856 808 3919 Qui
844 3858 1059 3921 autem,
1092 3852 1263 3906 etiam
1299 3855 1427 3921 post
1457 3851 1581 3919 ejus
1609 3855 1868 3914 mortem,
1903 3848 2054 3918 apud
2084 3864 2146 3903 se

516 3944 906 3999 immortalem
962 3941 1187 3996 volebat
1243 3940 1394 3993 alere
1446 3937 1759 4001 insaniam,
1820 3936 2144 3992 consularis

514 4035 648 4105 quid
685 4032 1052 4087 machinatur
1082 4030 1108 4083 ?
1153 4028 1321 4085 Jubet
1368 4027 1497 4097 ejus
1539 4040 1746 4096 corpus
1785 4041 1910 4079 cum
1961 4026 2146 4080 multa

513 4139 690 4178 arena
720 4123 777 4175 in
839 4136 1068 4175 saccum
1127 4118 1287 4187 injici
1345 4121 1402 4171 et
1434 4114 1638 4187 projici
1688 4115 1745 4168 in
1792 4116 2141 4184 profundum

513 4212 707 4278 maris,
742 4227 857 4265 non
892 4209 1078 4278 magis
1122 4206 1285 4262 illam
1335 4205 1607 4274 deinceps
1655 4204 1936 4272 crucicns,
1970 4220 2143 4273 quam

509 4299 887 4362 Christianos,
920 4302 974 4350 et
1004 4295 1201 4351 volens
1242 4310 1337 4350 eos
1384 4295 1608 4363 privare
1639 4292 1850 4346 divitiis
1881 4296 1935 4346 et
1964 4293 2146 4361 gloria

510 4386 886 4458 reliquiarum
920 4386 1050 4455 (19).
1078 4389 1264 4455 Atque
1288 4383 1373 4437 sic
1396 4381 1627 4451 quidem
1663 4382 1730 4434 ad
1764 4381 2034 4435 affectum
2059 4389 2143 4435 est

508 4472 1129 4529 deductusconsularis
1157 4473 1352 4539 jussus
1389 4473 1482 4534 ;et
1508 4468 1563 4520 in
1599 4468 1784 4521 undas
1818 4470 2141 4536 projectum

2261 3321 2349 3375 καὶ
2381 3320 2605 3393 ὅμςιατα
2646 3322 2778 3393 πρὸς
2801 3322 3022 3391 ούρανὸν
3056 3320 3225 3394 ἄρασα
3271 3324 3351 3394 τῷ
3408 3324 3734 3397 ποθουμένῳ
3779 3325 3881 3391 Θεῷ

2257 3408 2628 3482 προσηύχετο.
2661 3409 2808 3464 Ἐπεῖ
2852 3407 2908 3463 δὲ
2945 3410 3034 3463 καὶ
3084 3408 3283 3480 ηὔξατο
3338 3413 3453 3482 μετ’
3485 3411 3709 3486 εἰρήνης
3748 3412 3883 3479 αὐτῷ

2257 3498 2318 3552 τὸ
2366 3502 2580 3569 πνεῦμα
2626 3498 2913 3571 παρέθετο,
2971 3502 3204 3574 καθαρὸν
3288 3500 3491 3555 θύσασα
3561 3502 3651 3555 καὶ
3736 3506 3882 3570 σῶμα

2256 3586 2346 3641 καὶ
2394 3591 2606 3658 πνεῦμα
2652 3592 2749 3658 τῷ,
2794 3585 2865 3641 δι’
2895 3588 2951 3642 ’ὸν
2994 3589 3167 3643 πάντα
3213 3591 3337 3662 παρ’
3387 3587 3539 3644 οὐδὲν
3594 3589 3881 3663 ἐλογίζετο,

2262 3677 2475 3749 βέλτιον
2545 3677 2827 3731 ἀπαθσνεῖν
2892 3676 3127 3748 μᾶλλον,
3188 3679 3222 3747 ἢ
3276 3677 3548 3752 καὶπαρά
3594 3681 3743 3751 γνῶα
3797 3680 3885 3750 [an

2255 3767 2482 3837 γνώμην
2502 3766 2548 3836 ?]
2588 3765 2844 3837 ἁμαρτεῖν
2878 3765 3120 3839 κρίνασα.

2328 3854 2393 3915 ς’.
2428 3855 2489 3909 Ὀ
2522 3851 2578 3906 δὲ
2612 3854 2700 3906 καὶ
2731 3855 2866 3907 κατά
2904 3854 2993 3908 τὸν
3023 3855 3190 3923 αὐτῆς
3217 3856 3440 3909 θάνατον
3474 3855 3732 3910 ἀθάνατον
3764 3860 3883 3928 παρ’

2253 3942 2425 4010 ἑαυτῷ
2475 3940 2572 4006 τὴν
2636 3939 2822 4011 μανίαν
2879 3943 3120 4018 στρέφειν
3180 3945 3273 4014 [an
3327 3945 3538 4021 τρέφειν
3580 3946 3630 4016 ⁵2]
3689 3942 3882 3998 ἐθέλων

2255 4028 2513 4089 ὑπατικὸς
2541 4028 2952 4105 τίμηχανᾶταις
2989 4031 3070 4084 Ἐν
3129 4032 3311 4103 σάκκῳ
3367 4032 3429 4085 τὸ
3468 4032 3668 4101 ταύτης
3730 4037 3883 4104 σῶμα

2257 4119 2390 4189 μετᾶ
2444 4138 2505 4191 γε
2535 4120 2763 4190 ψάμμου
2794 4116 3014 4186 πολλῆς
3069 4118 3347 4192 βληθῆναι
3388 4119 3620 4187 κελεύει,
3664 4120 3753 4175 σαὶ
3813 4125 3883 4191 τῷ

2250 4214 2347 4275 τῆς
2377 4205 2649 4275 θαλάσσης
2684 4205 3103 4283 ἐναπορῥίφῆναι
3132 4210 3301 4283 βυθῷ,
3336 4210 3397 4263 οὑ
3433 4208 3645 4281 μᾶλλον
3680 4208 3882 4277 ἐκείιην

2251 4298 2284 4365 ἢ
2319 4298 2672 4369 Χριστιανοὺς
2702 4297 2762 4349 τὸ
2797 4296 2993 4350 λοιπὸν
3023 4297 3458 4371 τιμωρούμενος,
3490 4299 3579 4352 καὶ
3641 4296 3879 4352 πλούτου

2250 4385 2338 4439 καὶ
2368 4383 2526 4455 δόξης
2561 4386 2692 4453 ὅσης
2726 4384 3034 4460 ἀποστερεῖν
3065 4387 3258 4448 αὐτοὺς
3287 4392 3392 4440 τῶν
3442 4386 3710 4459 λειψάνων
3764 4388 3878 4460 βου-

2250 4473 2505 4544 λόμενος.
2538 4473 2674 4546 Εἶχε
2728 4475 2820 4544 μὲν
2865 4475 2954 4527 οὗν
2987 4474 3157 4536 οὕτως
3185 4480 3263 4548 τῷ
3318 4478 3563 4547 ὑπατικῷ
3630 4476 3796 4550 πέρας
3823 4474 3876 4529 τὸ

508 4563 614 4617 fuit
644 4578 852 4632 corpus
883 4559 1172 4629 martyris.
1208 4558 1317 4611 Sed
1352 4572 1421 4609 ne
1454 4564 1587 4608 tunc
1621 4555 1856 4625 quidem
1888 4555 1971 4607 tui
2002 4556 2143 4609 obli-

2257 4558 2543 4631 κέλευσμα,
2576 4561 2665 4613 καὶ
2697 4562 2829 4613 κατὰ
2861 4563 3114 4631 κυμάτων
3168 4564 3194 4616 ὁ
3234 4564 3422 4636 νεκρὸς
3472 4570 3570 4631 τῆς
3615 4564 3880 4635 μάρτυρος

508 4657 602 4706 tus
631 4654 737 4717 est,
773 4667 803 4704 ο
835 4648 1147 4713 Charitine,
1184 4646 1361 4712 Deus,
1392 4644 1490 4715 qui
1550 4643 1802 4696 vicissim
1860 4642 2144 4712 gloriﬁcat

511 4758 628 4807 eos,
664 4738 761 4809 qui
806 4739 996 4808 ipsum
1032 4735 1363 4806 gloriﬁcent
1396 4751 1409 4799 ;
1454 4746 1587 4785 nam
1621 4736 1755 4784 tunc
1802 4747 2046 4799 quoque,
2081 4738 2144 4787 ut

510 4829 670 4897 solet,
695 4831 965 4883 ostensus
990 4834 1073 4879 est
1105 4823 1317 4879 faciens
1350 4818 1663 4890 magnalia;
1691 4822 1881 4874 ettres
1911 4820 2140 4891 quidem

506 4988 778 5043 cumulus
835 4987 987 5041 inter
1023 4984 1252 5040 aculeos
1310 4983 1523 5035 ferreos
1555 4979 1645 5033 hic
1684 4994 1991 5049 expressus
2024 4998 2135 5037 non

507 5060 602 5113 sit.
642 5058 753 5111 Hoc
786 5064 975 5112 autem
1010 5064 1143 5111 rota:
1186 5054 1534 5123 supplicium
1596 5067 1989 5123 smpenumero
2025 5070 2136 5109 non

506 5146 629 5183 esse
659 5130 783 5182 sine
804 5129 937 5199 igne
961 5130 1208 5192 illatum,
1242 5122 1576 5199 ex'rApuleio
1597 5127 1651 5177 et
1675 5122 1941 5192 Euripide
1972 5124 2139 5180 docet

505 5200 753 5253 Pitiscus
784 5195 855 5252 in—
875 5217 979 5254 suo
1005 5200 1201 5253 Lexico
1224 5198 1393 5253 verbo
1419 5195 1578 5248 Rots.

573 5270 682 5337 (17)
735 5269 959 5340 Nempe
1005 5272 1091 5325 vel
1144 5287 1253 5340 prae
1292 5263 1705 5340 consolationﬁis
1762 5263 1986 5330 divinae,
2021 5284 2136 5335 qua

503 5334 979 5407 perfundebatur,
1032 5334 1434 5403 abundantia;
1494 5335 1579 5389 vel
1630 5334 1755 5407 Dec
1784 5334 2131 5392 concursum

502 5405 675 5487 suum
732 5411 1122 5488 subtrahente,
1167 5428 1238 5465 ne
1278 5407 1692 5478 suppliciorum
1744 5405 2135 5465 instrumenta

501 5482 819 5555 vircssuas
853 5482 906 5555 in
942 5493 1196 5535 sanctam
1234 5487 1535 5555 martyrem
1573 5482 1918 5555 exercerent.

572 5548 683 5621 (ιδ)
720 5546 777 5621 ld
813 5553 918 5607 est,
964 5568 1133 5618 quam
1188 5546 1549 5621 libidinosam
1602 5547 1840 5621 virginei
1874 5552 2131 5618 corporis

502 5619 1123 5696 contagioneiu'etiam
1164 5622 1339 5696 invite
1387 5620 1503 5688 pati
1541 5636 1557 5696 ;_
1598 5623 1660 5671 ut
1689 5619 1866 5696 enim,
1901 5637 2030 5674 cum
2073 5628 2126 5675 S.

502 5681 807 5737 Ambrosio
839 5686 1078 5751 quilibet
1102 5691 1296 5763 pudici
1327 5681 1587 5753 censent,
1612 5681 1927 5756 periculum
1953 5692 2127 5759 pudo-

2252 4642 2471 4722 ἔρριπτο
2508 4668 2519 4679 ·
2553 4646 2681 4701 ἀλλ’
2714 4646 2863 4701 οὐδὲν
2889 4650 3065 4720 τούτῳ
3098 4671 3215 4716 σου,
3258 4652 3546 4724 Χαριτίνη,
3577 4652 3604 4705 ὁ
3634 4653 3767 4715 τοὺς
3795 4651 3880 4704 αύ-

2248 4739 2338 4791 τὸν
2399 4736 2715 4805 δοξάζοντας
2785 4734 3141 4808 ἀντιδοξάζων
3196 4740 3324 4799 Θεὸς
3376 4737 3706 4793 ἐπελάθετο·
3747 4738 3882 4795 ἀλλὰ

2248 4827 2332 4879 καὶ
2376 4830 2485 4891 νῦν,
2518 4826 2592 4884 ὡς
2632 4822 2772 4894 ἔθος,
2835 4824 3097 4899 μεγαλεῖα
3153 4834 3324 4882 ποιῶν
3385 4825 3755 4901 ἐπεδείκνυτο,
3800 4827 3885 4881 καὶ

2248 4984 2523 5058 ris_bon_i_s
2555 4982 2786 5038 feminis
2818 4990 2906 5039 est
2938 4992 3121 5042 morte
3152 4989 3405 5058 gravius.

2285 5056 2427 5135 .(lQ)
2461 5055 2584 5135 Huc
2612 5061 2880 5135 spectant
2931 5055 3179 5135 Eusebii
3198 5062 3370 5135 verba
3402 5059 3500 5114 lib.
3550 5075 3642 5113 vni
3693 5059 3884 5135 Eccle-

2244 5128 2475 5207 siastz'caf
2510 5128 2977 5207 [{1'5107‘1'EEICBB:6
3002 5146 3012 5207 ξ
3042 5130 3211 5207 «βοά
3236 5136 3291 5185 et
3314 5147 3552 5201 corpora
3586 5131 3883 5199 regiorum

2243 5198 2728 5278 cubiculariorum
2766 5201 2819 5267 (υ
2840 5199 3211 5278 “Diocletiano
3243 5208 3296 5255 et
3339 5198 3689 5256 Maximiano
3724 5200 3885 5255 Gale-

2242 5267 2809 5350 rio.pro.Christia_na
2836 5271 2945 5349 fide
2978 5272 3503 5350 interfectorum)...
3532 5272 3643 5341 ipsi
3676 5288 3883 5326 eorum

2244 5340 2485 5410 legitimi
2518 5340 2739 5393 domini
2764 5342 2884 5395 erui
2910 5358 2978 5395 ex
3008 5343 3276 5413 sepulcro
3306 5349 3363 5397 et
3394 5340 3451 5396 in
3486 5340 3639 5397 mare
3671 5342 3881 5412 projici

2239 5417 2904 5491 oportereeensuerunt,
2931 5429 3013 5491 n_e_
3041 5414 3166 5481 quis
3198 5414 3329 5491 illos
3372 5414 3654 5483 sepuicris
3686 5414 3885 5467 condi-

2240 5492 2347 5564 tos,
2382 5498 2480 5564 pro
2502 5482 2630 5548 diis,
2657 5486 2717 5564 u‘t
2743 5482 2851 5551 ipsi
2879 5482 3109 5564 quidem
3136 5482 3542 5564 opinabantur,
3565 5493 3882 5564 reputans,

2240 5554 2596 5632 i-nposterum
2632 5554 2917 5632 admoraret,
2946 5576 2970 5602 ››
2999 5571 3100 5611 seu
3134 5572 3335 5612 eorum
3370 5554 3648 5626 reliquias
3680 5556 3881 5611 debito

2238 5623 2408 5679 duliae
2434 5623 2595 5679 cultu
2628 5624 2897 5681 alliceret.
