4142 6248
482 283 630 343 1007

1823 277 1980 336 ΜΕΝ
1993 275 2104 335 SIS
2150 271 2524 334 OCTOBER.

3721 270 3868 331 1008

479 442 634 511 apud
665 442 876 514 Regem
910 444 965 497 et
993 441 1174 496 Deum
1206 437 1618 504 immortalem,
1641 433 1818 503 utqui
1842 432 2109 488 taberna-

2226 427 2468 498 ἀθανάτῳ
2541 424 2756 499 βασιλεῖ
2823 423 2911 478 καὶ
2979 427 3094 496 Θεῷ
3161 421 3462 498 παρῥησίαν
3521 425 3868 499 κτησάμενοι,

479 530 677 586 culum
709 530 944 601 quidem
977 534 1033 584 et
1060 527 1401 597 incolatum,
1430 533 1486 582 et
1513 522 1806 592 exsilium,
1826 526 1882 576 et
1902 520 1952 576 si
1974 519 2116 591 quid

482 619 637 674 aliud
670 624 755 674 est
783 619 875 674 his
906 617 1100 684 vilius,
1133 618 1284 672 hanc
1315 617 1486 670 vitam
1520 612 1935 668 existimarent.
1971 611 2114 664 Cum

479 711 677 762 essent
707 710 900 762 autem
933 705 1070 761 boni
1103 708 1453 761 mercatores
1481 718 1597 758 suae
1619 701 1847 766 salutis,
1880 703 1954 766 et,
1989 712 2114 767 qua:

481 802 566 852 est
597 797 652 850 in
687 795 1099 863 futuro,vitam
1132 797 1536 865 compararent
1561 808 1661 863 per
1683 788 2004 861 praesentia,
2029 802 2117 842 ve-

483 886 907 954 lutiquamdam
939 890 1121 940 artem
1145 884 1214 938 ad
1246 882 1407 937 illam
1431 880 1864 952 acquirendam,
1889 876 2115 932 divinas

483 975 823 1029 exercebant
851 973 1203 1044 Scripturas,
1229 976 1285 1026 et
1314 986 1405 1026 eas
1428 985 1655 1038 semper
1683 967 1974 1022 habebant
2003 982 2114 1036 prae

482 1062 771 1116 manibus.
820 1062 1092 1126 Quocirca
1139 1061 1258 1114 haec
1307 1074 1420 1112 non
1464 1057 1650 1128 potuit
1693 1055 1937 1110 tolerare
1969 1053 2114 1108 invi-

484 1149 574 1204 dia
600 1167 612 1203 :
639 1153 848 1205 etcum
874 1150 1104 1221 quidam
1137 1147 1257 1218 alii,
1281 1149 1406 1200 tum
1431 1145 1572 1199 alias
1597 1159 1828 1214 quoque
1849 1143 2114 1207 virtutes,

481 1243 606 1293 tum
639 1238 790 1308 apud
820 1237 1014 1307 ipsum
1045 1237 1457 1306 imperatorem
1490 1231 1783 1296 ﬁduciam,
1815 1229 1954 1284 viris
1978 1245 2117 1300 prae-

481 1325 655 1381 claris
686 1325 1034 1394 inviderent,
1067 1323 1222 1395 apud
1256 1320 1424 1376 illum
1448 1321 1642 1392 ipsum
1665 1335 1865 1374 eorum
1893 1317 2116 1372 ﬁduciae

484 1419 800 1480 auctorem,
855 1428 1064 1483 nempe
1134 1411 1571 1482 imperatorem,
1632 1423 1728 1463 eos
1795 1411 2114 1463 accusant:

485 1503 641 1574 quod
675 1502 834 1558 illius
861 1503 1097 1572 quidem
1128 1501 1597 1569 contempserunt
1619 1496 1958 1562 amicitiam,
1978 1496 2116 1551 deo-

483 1608 736 1663 rumque
779 1591 1002 1647 cultum
1052 1605 1283 1660 quoque
1323 1589 1733 1658 neglexerunt:
1760 1586 1887 1655 jam
1920 1591 2114 1641 autem

486 1681 558 1734 ad
589 1680 762 1735 aliam
795 1679 1164 1734 declinarunt
1193 1676 1553 1748 religionem,
1579 1693 1640 1732 se
1669 1675 2030 1733 Christianos
2062 1679 2119 1730 et

485 1769 584 1822 Dei
616 1785 808 1823 servos
837 1772 1132 1823 vocantes.

557 1857 624 1912 II.
662 1856 1045 1912 Maximianus
1069 1858 1283 1921 autem,
1313 1853 1543 1909 etiamsi
1571 1853 1760 1920 sciret,
1793 1853 1947 1924 quod
1966 1867 2118 1922 saepe

487 1944 658 2000 multi
688 1943 992 2000 calumniae
1022 1943 1296 1998 invidiam
1321 1957 1554 1998 causam
1578 1941 1816 2008 habent,
1838 1958 1952 1997 non
1977 1941 2122 1997 veri-

490 2040 688 2103 tatem,
722 2032 972 2088 maxime
1012 2037 1205 2088 autem
1239 2048 1372 2087 eum
1407 2047 1522 2086 non
1553 2032 1864 2103 ignoraret,
1896 2034 2119 2101 quanta

487 2127 642 2178 esset
689 2137 884 2177 eorum
923 2122 980 2176 in
1041 2122 1236 2190 ipsum
1296 2119 1738 2176 benevolentia:
1799 2120 2116 2191 quinetiam

485 2211 680 2267 animo
729 2213 982 2267 versaret
1029 2225 1199 2265 suam
1240 2209 1517 2264 saevitiam
1551 2213 1608 2264 et
1636 2209 2008 2265 acerbitatem
2029 2209 2120 2278 (ea

485 2301 640 2355 enim
667 2299 756 2354 vel
787 2299 1036 2354 maxime
1072 2297 1203 2353 aliis
1251 2296 1638 2353 contendebat
1675 2295 2030 2366 antecellere)
2063 2301 2120 2352 et

482 2388 634 2459 quod
664 2387 710 2443 si
734 2388 874 2444 forte
905 2388 1143 2442 deorum
1175 2385 1654 2452 benevolentiam,
1685 2389 1743 2441 et
1773 2385 1933 2442 illius
1966 2385 2115 2439 ami-

481 2476 673 2532 citiam
732 2475 1076 2530 statuissent
1130 2474 1448 2544 despicere,
1496 2473 1824 2544 periculurn
1881 2473 2114 2543 quidem

482 2569 636 2620 certe
665 2563 1003 2618 timuissent
1036 2579 1048 2616 :
1081 2561 1557 2632 existimaretque
1593 2577 1714 2617 esse
1763 2578 1877 2616 non
1911 2562 2114 2632 proba-

481 2652 640 2721 bilia,
676 2654 774 2707 sed
810 2650 970 2718 falsa,
997 2667 1118 2721 quas
1156 2649 1499 2705 dicebantur
1532 2665 1546 2704 :
1587 2665 1653 2704 ea
1683 2653 1879 2705 tamen
1911 2650 2116 2704 admit-

482 2741 660 2796 tenda
694 2755 811 2794 non
842 2755 969 2794 esse
999 2738 1144 2793 citra
1172 2737 1675 2804 examinationem,
1710 2745 1766 2793 ut
1806 2741 2114 2793 consenta-

483 2845 659 2884 neum
717 2831 854 2893 erat,
906 2826 1328 2883 considerabat.
1363 2827 1504 2892 Quid
1551 2842 1686 2898 ergo
1743 2827 1930 2882 facit?
1973 2829 2115 2882 Cum

485 2917 860 2987 splendidum
883 2920 940 2970 et
959 2915 1333 2986 magniﬁcum
1369 2921 1629 2986 parasset
1657 2916 2037 2984 sacriﬁcium,
2061 2921 2120 2972 et

487 3005 818 3074 quicunque
847 3010 1015 3059 erant
1046 3003 1188 3059 clari
1211 3011 1264 3059 et
1284 3003 1564 3071 illustres,
1587 3005 1646 3060 in
1668 3005 1954 3076 templum
1986 3022 2117 3062 con-

484 3094 702 3161 venire,
735 3095 790 3147 et
826 3092 1097 3147 sacriﬁcii
1140 3108 1272 3147 cum
1320 3108 1384 3146 eo
1431 3109 1561 3147 esse
1610 3094 1919 3163 participes
1956 3094 2116 3164 prius

479 3182 774 3252 jussisset,
794 3195 916 3234 rem
940 3179 1209 3251 deinceps
1231 3179 1560 3235 examinare
1581 3182 1902 3238 constituit.
1935 3187 2121 3252 Atque

483 3270 608 3337 ipse
641 3269 872 3338 quidem
903 3268 1124 3339 primus
1154 3268 1482 3338 ingreditur
1512 3285 1523 3322 :
1551 3269 1727 3324 simul
1759 3275 1953 3323 autem
1984 3285 2115 3322 cum

485 3373 550 3411 eo
582 3357 906 3427 ingreditur
935 3355 1108 3411 etiam
1143 3373 1349 3428 magna
1381 3356 1714 3423 multitudo,
1748 3361 1804 3412 et
1833 3361 1956 3411 erat
1986 3358 2120 3410 uni-

484 3445 718 3500 versain
745 3444 960 3514 templo
981 3449 1346 3515 congregata.
1366 3444 1540 3500 Etalii
1566 3445 1791 3514 quidem
1811 3446 2121 3516 diligenter

484 3534 837 3604 peragebant
867 3532 1240 3599 sacriﬁcium,
1273 3537 1328 3588 et
1360 3538 1703 3604 praesentem
1735 3532 2121 3589 observabant

487 3622 920 3675 Maximianum.
957 3620 1192 3691 Sergius
1214 3637 1346 3675 vero
1379 3627 1434 3675 et
1465 3622 1724 3677 Bacchus
1748 3623 1852 3677 viri
1879 3639 2118 3694 genero-

489 3710 723 3775 sissimi,
760 3724 832 3762 ne
876 3708 1077 3777 templi
1127 3710 1362 3778 quidem
1406 3714 1631 3779 portam
1683 3712 1952 3782 ingressi,
1983 3713 2121 3766 foris

491 3798 728 3853 stabant
784 3796 1020 3864 alicubi,
1055 3796 1163 3867 ipsi
1213 3796 1327 3851 Deo
1360 3798 1552 3866 potius
1584 3815 1794 3868 purum
1828 3804 1884 3855 et
1919 3816 2120 3855 verum

490 3889 832 3958 peragentes
873 3884 1248 3953 sacriﬁcium,
1280 3889 1337 3941 et
1370 3901 1471 3956 pro
1504 3886 1634 3942 aliis
1664 3893 1934 3958 rogantes
1961 3905 1973 3942 :
2007 3889 2120 3944 Do-

491 3976 670 4041 mine,
712 3973 973 4040 Domine,
1023 3972 1316 4041 dicebant,
1353 3975 1501 4030 Deus
1557 3978 1674 4030 Rex
1730 3977 2122 4047 singulorum,

491 4064 693 4120 exaudi
741 4079 940 4119 vocem
991 4069 1200 4119 nostrae
1251 4064 1548 4133 orationis,
1591 4069 1648 4121 et
1687 4067 1971 4139 prepitius
2001 4074 2124 4124 esto

489 4152 811 4208 haereditati
836 4157 964 4206 tuae.
989 4152 1183 4221 Parce,
1204 4152 1463 4221 Domine,
1488 4158 1544 4209 et
1573 4171 1644 4211 ne
1673 4171 1771 4211 eos
1802 4157 2030 4213 dederis
2053 4160 2122 4213 ad

489 4241 857 4313 gloriandum
883 4241 1228 4296 adversario.
1246 4243 1354 4298 Sed
1376 4243 1667 4312 illumina,
1700 4245 1964 4315 Domine,
1991 4246 2124 4301 illu-

493 4330 646 4385 mina
675 4330 872 4384 oculos
913 4330 1176 4384 cordium
1207 4347 1429 4390 eorum,
1465 4337 1520 4384 et
1549 4347 1647 4386 eos
1695 4334 1880 4390 deduc
1929 4336 1997 4389 ad
2041 4338 2124 4390 tui

489 4419 871 4489 agnitionem,
907 4418 1003 4485 qui
1045 4433 1197 4470 nunc
1238 4417 1296 4470 in
1337 4418 1594 4474 tenebris
1626 4420 1927 4476 ambulant
1959 4424 2122 4494 igno-

2221 515 2314 568 ἅτε
2362 514 2562 582 σκηνὴν
2625 511 2717 583 μὲν
2761 511 2852 565 τὸν
2883 507 3016 584 τῇδε
3069 510 3189 584 βίον
3239 509 3332 564 καί
3377 511 3666 586 παροικίαν
3699 512 3786 567 καὶ
3823 515 3867 569 εἲ

2218 624 2269 657 τι
2302 600 2443 656 ἄλλο
2489 604 2597 656 τῶν
2644 598 2878 655 εὐτελῶν
2930 597 3256 674 ἡγούμενοι,
3293 596 3528 673 ἔμποροί
3580 597 3638 655 δὲ
3685 601 3866 678 ἀγαθοὶ

2217 697 2317 759 τῆς
2350 692 2551 745 ἑαυτῶν
2604 688 2882 765 γινόμενοι
2943 688 3242 762 σωτηρίας,
3275 689 3364 742 καὶ
3395 690 3496 757 τὴν
3530 687 3582 743 ἐν
3612 693 3693 761 τῷ
3741 692 3863 763 μὲλ-

2222 781 2550 848 λοντιζωήν
2591 777 2678 833 διά
2732 781 2839 833 τῶν
2894 778 3174 852 παρόντων
3221 777 3751 852 πραγματευόμενοι,
3783 781 3864 834 καὶ

2221 868 2401 943 ὥσπερ
2457 870 2576 923 τινά
2629 869 2764 941 πρὸς
2811 868 2911 936 τὴν
2970 865 3180 936 ἐκείνης
3237 867 3478 935 κτήσεως
3521 864 3861 922 διδασκαλίαν

2219 959 2307 1014 καὶ
2365 959 2565 1031 τέχνην
2621 959 2716 1017 τὰς
2785 958 2928 1020 θείας
2991 956 3268 1029 μετιόντες
3318 957 3531 1030 Γραφὰς
3556 957 3862 1018 καὶταὺτας

2223 1046 2311 1102 διὰ
2367 1049 2552 1121 χειρὸς
2626 1041 2863 1118 ἔχοντες.
2921 1045 3081 1102 ’Όθεν
3142 1043 3269 1099 οὐδὲ
3324 1045 3518 1100 ἀνεκτά
3586 1049 3752 1100 ταῦτα
3791 1052 3864 1118 τῷ

2223 1138 2402 1212 φθόνῳ
2449 1135 2702 1209 κατέστη,
2761 1132 2908 1188 ἀλλά
2953 1154 3094 1195 τινες
3154 1139 3268 1196 τοῖς
3345 1134 3609 1209 γενναίοις
3665 1141 3763 1204 τῆς
3813 1157 3865 1190 τε

2221 1223 2401 1294 ἄλλης
2462 1225 2655 1297 ἀρετῆς
2711 1224 2801 1278 καὶ
2860 1221 2926 1293 δὴ
2983 1224 3073 1278 καὶ
3121 1229 3221 1294 τῆς
3279 1224 3356 1286 εἰς
3422 1224 3586 1280 αὐτὸν
3649 1224 3864 1300 βασιλέα

2222 1314 2527 1388 παῤῥησιας
2583 1315 2848 1390 χήναντες
2895 1313 3030 1387 πρὸς
3063 1313 3265 1368 ἐκεῖνον
3314 1314 3404 1368 τὸν
3436 1319 3532 1382 τῆς
3564 1313 3862 1389 παρρησίας

2225 1400 2399 1458 αἴτιον
2461 1401 2708 1478 βασιλέα,
2784 1401 2915 1464 τοὺς
2988 1401 3185 1474 ἄνδρας
3254 1397 3724 1458 ἒνδιαϐάλλουσιν·
3798 1404 3866 1467 ὡς

2223 1493 2618 1567 ὠλιγωρήκασι
2680 1494 2773 1564 μέν
2832 1491 3038 1547 ἐκείνου
3095 1489 3306 1568 φιλίας,
3365 1491 3648 1566 ἠλόγησαν
3703 1489 3864 1547 δὲκαὶ

2223 1589 2322 1652 τῆς
2368 1582 2503 1654 πρὸς
2551 1583 2702 1645 θεοὺς
2737 1583 3046 1655 θεραπείας,
3081 1581 3172 1635 καὶ
3221 1582 3355 1653 πρὸς
3387 1581 3570 1656 ἑτέραν
3601 1579 3712 1651 ἤδη
3744 1584 3862 1656 θρηα

2224 1673 2400 1726 σκείαν
2448 1669 2764 1741 ἀπέκλιναν,
2806 1669 3161 1746 Χριστιανοὺς
3208 1669 3429 1731 ἑαυτοὺς
3481 1670 3570 1725 καὶ
3632 1673 3861 1746 Χριστοῦ

2147 1796 2202 1861 Β
2228 1758 2458 1821 δούλους
2496 1758 2561 1815 ἐπ
2574 1782 2663 1838 εφη
2677 1760 2949 1832 μὲζοντες.

2295 1851 2365 1920 Β’,
2407 1849 2744 1920 Μαξιμιανὸς
2789 1847 2973 1921 μέντοι
3010 1848 3100 1902 καὶ
3141 1847 3302 1910 αὐτὸς
3333 1845 3493 1911 εἰδὼς
3524 1848 3608 1904 ὅτι
3638 1847 3860 1910 πολλοῖς

2221 1937 2492 2000 πολλάκις
2552 1941 2606 1993 αἱ
2667 1932 2922 1993 διαϐολαὶ
2990 1935 3192 2013 φθόνου
3260 1938 3434 1992 αἰτίαν
3493 1931 3717 2012 ἔχουσιν
3775 1939 3862 1994 οὐκ

2221 2025 2500 2096 ἀλήθειαν,
2559 2024 2748 2088 ἄλλως
2805 2047 2863 2081 τε
2911 2023 2968 2081 δὲ
3015 2027 3105 2080 καὶ
3150 2027 3248 2095 τὴν
3279 2030 3385 2081 τῶν
3425 2023 3632 2101 ἀνδρῶν
3667 2025 3861 2082 εὔνοιαν

2221 2115 2395 2185 ὁπόση
2434 2115 2510 2187 μὴ
2568 2115 2802 2188 ἀγνοῶν,
2835 2113 2981 2169 ἀλλά
3038 2114 3127 2169 καὶ
3157 2115 3255 2183 τὴν
3289 2113 3491 2170 οἰκείαν
3523 2117 3779 2186 ἀπήνειάν
3811 2139 3862 2172 τε

2219 2204 2307 2258 καὶ
2365 2202 2656 2279 αὒστηρίαν
2717 2205 2805 2259 ἐπὶ
2860 2208 2983 2259 νοῦν
3057 2198 3226 2280 ἔχων·
3283 2204 3452 2279 ταύτῃ
3500 2224 3586 2260 τοι
3629 2207 3729 2281 γὰρ
3778 2209 3858 2261 καὶ

2224 2292 2462 2366 μάλιστα
2505 2291 2775 2372 διαφέρειν
2835 2298 2944 2348 τῶν
2995 2292 3183 2349 ἄλλων
3225 2293 3414 2355 αὐτοῖς
3471 2294 3853 2372 ἐφιλοτιμεῖτο,

2218 2380 2307 2434 καὶ
2352 2381 2425 2441 ὡς
2475 2381 2520 2435 εἷ
2559 2381 2706 2455 τάχα
2744 2381 2966 2450 καὶτῆς
3017 2381 3226 2443 εὐνοιας
3279 2382 3474 2436 ἐκεῖνοι
3529 2386 3731 2454 ταύτης
3774 2385 3854 2438 καὶ

2218 2473 2316 2533 τῆς
2370 2469 2554 2545 φιλίας
2605 2468 2880 2544 ὑπεριδεῖν
2931 2467 3164 2544 ἔκριναν,
3214 2469 3358 2526 ἀλλά
3410 2471 3502 2526 τὸν
3531 2470 3771 2527 κίνδυνον
3800 2471 3853 2527 ἃν

2217 2551 2583 2632 ἐφοϐήθησαν·
2645 2559 2880 2613 ἀπίθανά
2919 2579 2976 2613 τε
3034 2561 3220 2635 ἠγεῖτο
3267 2565 3359 2614 καῖ
3402 2557 3570 2633 ψευδῆ
3593 2563 3674 2632 ,τά
3704 2561 3853 2636 λεγό-

2221 2666 2374 2718 μενα,
2423 2648 2510 2700 καὶ
2563 2645 2646 2701 ὅτι
2709 2648 2784 2720 μή
2841 2642 3210 2710 ἀϐασανίστως
3258 2652 3426 2704 ταῦτα
3474 2647 3849 2723 προσδέχεσθαι

2219 2731 2322 2804 δεῖ,
2380 2735 2514 2788 κατά
2561 2733 2728 2808 λόγον
2787 2735 3023 2792 ἐσκόπει.
3076 2737 3144 2793 Τί
3203 2733 3297 2790 οὖν
3335 2743 3481 2792 ποιεῖ
3510 2757 3523 2807 ;
3556 2737 3740 2792 Θυσίαν
3761 2759 3846 2814 φι-

2219 2821 2448 2896 λότιμον
2490 2822 2578 2878 καὶ
2637 2822 2918 2894 πολυτελῆ
2952 2826 3521 2899 παρασκευασάμενος,
3550 2828 3640 2881 καὶ
3669 2828 3840 2881 συνελ-

2219 2911 2330 2965 θεῖν
2391 2911 2466 2973 εἰς
2524 2912 2586 2966 τὸ
2643 2913 2788 2985 ἱερὸν
2849 2913 2972 2968 ὅσον
3039 2915 3164 2988 περί
3223 2915 3383 2970 αὐτὸν
3453 2914 3692 2994 ἐπιφανὲς
3758 2916 3830 2982 ἦν·

2219 2998 2552 3068 κοινωνῆσαί
2610 3021 2668 3054 τε
2719 2999 2865 3072 αὐτῷ
2920 3007 3022 3070 τῆς
3080 3001 3264 3062 θοσῗας
3335 3001 3600 3076 πρότερον
3662 3020 3838 3073 παραγ-

2224 3085 2434 3160 γείλας,
2495 3088 2734 3152 ἐντεῦθεν
2789 3087 3085 3162 δοκιμάσαι
3128 3091 3190 3144 τὸ
3243 3094 3469 3166 πρᾶγμα
3507 3096 3600 3146 καῖ
3629 3092 3718 3160 τὴν
3750 3088 3847 3144 δια-

2151 3156 2200 3224 C
2231 3171 2403 3245 ϐολήν
2446 3175 2780 3250 διεσκέψατο.
2814 3177 3003 3252 Εἵσῄει
3029 3179 3125 3251 μὲν
3159 3177 3252 3234 οὖν
3286 3179 3446 3243 αὐτὸς
3477 3185 3711 3255 πρῶτος,
3743 3201 3848 3234 συν-

2227 3265 2396 3336 εισῄει
2446 3263 2503 3318 δὲ
2558 3265 2704 3337 αὐτῷ
2761 3267 2850 3321 καὶ
2883 3267 3026 3322 πολὺ
3069 3289 3119 3321 τι
3177 3268 3411 3338 πλῆθος.
3449 3272 3538 3325 καὶ
3577 3269 3702 3326 ὅσον
3732 3271 3854 3325 κατά

2225 3351 2286 3404 τὸ
2318 3352 2460 3423 ἱερὸν
2490 3350 2769 3428 ἤθροιστο.
2813 3355 2914 3411 Καὶ
2947 3356 3000 3409 οἱ
3051 3357 3143 3428 μὲν
3190 3359 3288 3426 τὴν
3346 3357 3531 3412 θυσίαν
3592 3358 3853 3431 ἐπιμελῶς

2230 3436 2520 3510 διετέλουν,
2571 3441 2662 3496 καὶ
2709 3444 2948 3517 παρόντα
2995 3445 3086 3499 τὸν
3135 3447 3471 3519 Μαξιμιανὸν
3527 3448 3854 3519 ἐθεράπευον.

2232 3529 2458 3603 Σὲργιος
2492 3527 2548 3584 δὲ
2579 3531 2666 3585 καὶ
2716 3533 2934 3607 Βάκχος
2966 3534 3018 3587 οἱ
3047 3537 3428 3607 γενναιότατοι,
3465 3534 3606 3610 μηδὲ
3635 3542 3702 3612 τῇ
3734 3541 3855 3611 θύρᾳ

2228 3623 2324 3674 τοῦ
2381 3619 2528 3691 ἱεροῦ
2575 3615 2993 3693 προσϐαλόντες,
3054 3622 3153 3696 ἔξω
3235 3645 3341 3679 που
3418 3629 3856 3700 παρειστήκεσαν,

2233 3707 2383 3762 αὐτοὶ
2418 3707 2628 3782 μᾶλλον
2671 3715 2787 3782 Θεῷ
2814 3712 2913 3780 τὴν
2944 3714 3174 3788 καθαράν
3210 3734 3267 3768 τε
3306 3715 3394 3769 καὶ
3426 3715 3606 3786 ἀληθῆ
3655 3716 3859 3772 τελοῦν-

2230 3816 2315 3858 τες
2348 3800 2556 3868 θυσίαν,
2585 3799 2675 3854 καὶ
2735 3800 2864 3874 ὑπὲρ
2919 3801 3134 3856 ἐκείνων
3183 3801 3456 3876 δεόμενοι,
3497 3807 3679 3881 Κύριε,
3715 3809 3864 3882 Κύριε

2234 3882 2502 3960 λέγοντες,
2553 3890 2580 3942 ὁ
2633 3888 2885 3962 βασιλεὺς
2933 3895 3039 3945 τῶν
3073 3892 3300 3962 αἰώνων,
3333 3893 3580 3949 ἐνὼτισαι
3612 3898 3714 3965 τήν
3756 3918 3863 3973 φω-

2232 3976 2328 4042 νήν
2357 3982 2456 4044 τῆς
2507 3974 2740 4047 δεήσεως
2771 3980 2953 4051 ἡμῶν,
2985 3979 3240 4050 ἱλάσθητι
3283 3986 3350 4056 τῇ
3381 3981 3734 4057 κληρονομίᾳ
3754 4007 3860 4039 σου.

2236 4069 2445 4134 Φεῖσαι,
2497 4065 2677 4139 Κύριε,
2727 4067 2817 4120 καὶ
2869 4070 2945 4141 μή
2999 4067 3103 4141 δῳς
3154 4071 3346 4133 αὐτοὺς
3395 4072 3470 4135 εἰς
3501 4075 3774 4151 καύχημα
3797 4073 3865 4145 τῷ

2233 4155 2609 4228 ἀντικειμένῳ,
2665 4154 2809 4210 ἀλλά
2886 4157 3142 4233 φώτισον,
3211 4156 3395 4235 Κύριε,
3455 4161 3694 4238 φώτισον
3749 4163 3866 4222 τοὺς

2235 4241 2552 4323 ἀφθαλμοὺς
2597 4249 2704 4298 τῶν
2762 4242 2994 4319 καρδιῶν
3028 4248 3228 4314 αὐτῶν,
3262 4249 3350 4302 καὶ
3391 4249 3466 4311 εἰς
3498 4253 3596 4320 τὴν
3628 4254 3731 4319 σὴν
3762 4251 3869 4305 ἐπί-

2231 4352 2427 4406 γνωσιν
2487 4331 2680 4393 αὐτοὺς
2735 4331 3132 4409 καθοδήγησον,
3191 4334 3245 4390 ο¹ί
3296 4335 3348 4391 ἐν
3409 4339 3586 4392 σκότει
3634 4345 3728 4394 νῦν
3783 4341 3870 4406 τῆς

2232 4419 2451 4492 ἀγνοίας
2502 4420 2842 4494 πορεύονται,
2892 4425 2981 4476 καὶ
3046 4421 3355 4494 ἠλλάξαντο
3415 4427 3514 4494 τήν
3576 4425 3736 4496 δόξαν
3785 4449 3869 4481 σου

489 4506 710 4574 rantiae,
735 4512 787 4559 et
809 4526 836 4552 ‹‹
866 4503 1500 4574 mutaveruntgloriam
1534 4514 1714 4572 tuam,
1747 4509 1842 4578 qui
1875 4525 1935 4565 es
1967 4511 2118 4568 solus

2230 4515 2326 4564 τοῦ
2370 4515 2692 4584 μονογενοῦς
2746 4511 2832 4564 καὶ
2890 4511 3164 4586 ἀφθάρτου
3235 4518 3388 4580 Θεοῦ,
3447 4515 3497 4569 ἐν
3558 4517 3869 4590 ὁμοιώματι

493 4598 662 4660 Deus,
703 4603 757 4649 et
815 4592 1042 4649 alienus
1107 4594 1176 4648 ab
1235 4594 1498 4660 interitu,
1562 4596 1616 4650 in
1675 4597 2118 4656 similitudinem

490 4686 830 4749 bestiarum,
851 4685 1320 4756 quadrupedum,
1345 4690 1399 4739 et
1414 4687 1772 4756 serpentium
1800 4692 1842 4755 ί,
1872 4710 1900 4738 ››
1927 4696 1983 4745 et
2013 4698 2121 4747 ate

494 4775 850 4844 defecerunt,
898 4779 956 4828 et
996 4773 1395 4828 sacriﬁcarunt
1423 4789 1621 4830 eorum
1663 4777 2029 4848 sculptilibus
2068 4789 2122 4836 et

489 4878 699 4918 nomen
730 4868 1001 4919 sanctum
1034 4868 1201 4918 tuum
1225 4864 1582 4934 contemptui
1604 4864 1948 4924 habuerunt.
1972 4871 2122 4926 Con-

489 4957 647 5007 verte
675 4968 794 5018 eos,
828 4953 1093 5017 Domine,
1125 4956 1183 5007 et
1221 4960 1569 5021 cognoscant
1595 4954 1881 5010 mirabilia
1911 4961 2030 5023 tua,
2063 4965 2121 5016 et

490 5041 856 5111 unigenitum
893 5053 1051 5096 tuum
1084 5040 1319 5106 Filium,
1348 5044 1406 5095 et
1445 5040 1796 5098 Salvatorem
1830 5050 2118 5118 nostrum,

489 5130 583 5196 qui
619 5129 947 5184 voluntaria
987 5146 1157 5185 cruce
1187 5134 1243 5184 et
1292 5133 1471 5184 morte
1502 5135 1755 5186 nostram
1791 5140 2123 5202 procuravit

487 5218 751 5270 salutem.
788 5221 964 5274 Porro
997 5227 1187 5274 autem
1221 5236 1321 5274 nos
1353 5235 1580 5289 quoque
1611 5237 1884 5278 conserva
1902 5224 2122 5283 alienos

486 5320 520 5358 a
552 5303 998 5373 reprehensione
1047 5308 1104 5361 in
1135 5308 1227 5363 via
1275 5308 1737 5363 testimoniorum
1782 5318 2034 5382 tuorum,
2069 5322 2125 5371 et

488 5391 546 5444 in
578 5390 846 5445 custodia
900 5399 1130 5449 tuorum
1191 5397 1624 5451 mandatorum.
1677 5400 1855 5469 Atque
1886 5402 2120 5471 quidem

485 5477 630 5531 foris
663 5482 888 5534 stantes
919 5486 1077 5537 extra
1097 5488 1289 5553 portas
1307 5482 1532 5552 templi,
1563 5482 1685 5540 hinc
1714 5489 2122 5561 precabantur,

487 5568 544 5616 et
572 5563 655 5619 sic
679 5563 864 5618 Deum
899 5568 1225 5638 placabunt.

554 5668 570 5700 ¹
604 5667 768 5721 Rom.
803 5666 849 5732 Ι,
885 5673 975 5732 23,

2234 4595 2462 4670 θηρίων,
2511 4597 2601 4650 καὶ
2650 4595 2992 4669 τετραπόδων
3039 4600 3126 4652 καὶ
3177 4600 3415 4674 ἑρπετῶν
3461 4602 3776 4673 ἀπέστησάν
3822 4625 3873 4657 τε

2233 4684 2338 4739 ἀπὸ
2407 4690 2522 4755 σοῦ,
2575 4685 2664 4738 καὶ
2722 4680 2908 4749 ἔθυσαν
2964 4693 3078 4749 τοῖς
3135 4687 3397 4763 γλυπτοῖς
3447 4690 3645 4759 αὐτῶν,
3698 4694 3790 4747 καὶ
3819 4695 3869 4746 τὸ

2235 4770 2410 4846 ὄνομα
2436 4774 2497 4827 τὸ
2555 4773 2704 4846 ἅγιόν
2756 4795 2850 4827 σου
2906 4775 3194 4846 ἠθέτησαν.
3255 4779 3608 4852 Ἐπίστρεψον
3662 4781 3877 4850 αὐτοὺς,

2239 4865 2429 4938 Κύριε,
2487 4864 2575 4917 καὶ
2634 4865 2923 4939 γνώτωσαν
2973 4867 3038 4920 τά
3077 4867 3347 4940 θαυμάσιά
3376 4889 3492 4937 σου,
3525 4870 3743 4926 καὶτὸν
3783 4893 3878 4945 μο⁶

2237 4961 2428 5028 νογενῆ
2483 4975 2576 5008 σου
2626 4955 2747 5009 Υἱὸν
2785 4956 2873 5009 καὶ
2925 4963 3155 5028 Σωτῆρα
3202 4956 3483 5031 ἡμέτερον·
3535 4960 3594 5021 ὃς
3647 4959 3885 5031 ἑκουσίῳ

2237 5048 2450 5118 σταυρῷ
2486 5044 2572 5096 καὶ
2635 5043 2843 5116 θανάτῳ
2897 5047 2995 5113 τήν
3056 5047 3213 5116 ἡμῶν
3255 5043 3743 5120 ἐπραγματεύσατο
3778 5071 3883 5104 σω-

2235 5132 2450 5205 τηρίαν.
2484 5131 2586 5188 Καὶ
2644 5135 2788 5204 ἡμᾶς
2850 5131 2906 5186 δὲ
2963 5134 3228 5205 ἀμώμους
3273 5135 3325 5188 ἐν
3357 5139 3423 5208 τῇ
3457 5133 3568 5208 ὁδῷ
3598 5141 3706 5191 τῶν
3744 5159 3888 5211 μαρ-

2233 5220 2431 5292 τυρίων
2491 5226 2586 5274 σου
2635 5223 2720 5276 καὶ
2780 5225 2848 5295 τῇ
2896 5226 3001 5276 τῶν
3034 5221 3276 5279 ἐντολῶν
3307 5245 3400 5277 σου
3434 5224 3652 5300 φυλακῇ
3687 5223 3890 5295 διατη-

2238 5330 2428 5383 ρησον.
2457 5311 2522 5366 Οἱ
2560 5312 2651 5384 μὲν
2700 5311 2788 5365 οῦν
2830 5307 2930 5379 ἔξω
2961 5312 3067 5384 πρὸ
3106 5316 3212 5366 τῶν
3244 5312 3432 5367 πυλῶν
3468 5318 3566 5369 τοῦ
3598 5315 3754 5389 ἱεροῦ
3800 5317 3892 5369 ἔσ-

2235 5406 2403 5462 τῶτες
2432 5408 2652 5457 τοιαῦτα
2684 5403 3089 5477 προσηύχοντο.
