4142 6248
372 301 519 360 1011

1708 285 1991 345 MENSIS
2035 283 2412 344 OCTOBER.

3602 282 3757 341 1012

371 464 648 532 quoniam
697 467 759 516 tu
806 460 1104 516 nobiscum
1136 472 1219 523 es,
1251 452 1493 509 Domine
1532 450 1574 503 ³.
1614 470 1641 497 ››
1695 450 2003 517 Propterea

2135 444 2212 496 tta‘t
2267 446 2431 496 τοῦτο
2462 440 2849 516 ἀγαλλιάσεται
2901 442 3120 515 ἡψυχὴ
3162 443 3321 512 ἡμῶν
3374 440 3461 494 ἐπὶ
3520 439 3627 509 σοὶ,
3670 437 3757 491 ὅτι

380 550 696 606 exsultabit
726 549 922 604 anima
946 549 1141 601 nostra
1171 544 1230 598 in
1254 546 1328 609 te,
1347 539 1618 611 quoniam
1640 536 1881 592 induisti
1908 550 2009 589 nos

378 642 722 695 vestimento
745 636 1029 700 salutaris,
1047 638 1099 689 et
1124 633 1315 688 tunica
1336 630 1545 685 laetitiae
1570 623 2007 684 circumdedisti

366 744 491 783 nos.
515 727 623 783 Sed
655 740 916 793 exsurge.
951 720 1212 786 Domine,
1246 719 1303 773 in
1336 714 1693 787 adjutorium
1718 716 2003 775 nostrum,

367 821 424 869 et
453 815 664 869 redime
688 828 793 867 nos
816 814 1047 882 propter
1077 823 1286 863 nomen
1321 814 1505 859 tuum.
1541 802 1803 857 Nondum
1833 798 2007 853 ﬁnitae

366 908 533 959 erant
559 917 773 973 preces,
798 905 855 956 et
878 898 1142 970 producti
1174 898 1406 951 fuerunt
1428 908 1618 948 coram
1641 891 2005 961 imperatore,

370 993 468 1062 qui
499 1008 529 1046 e
560 990 776 1060 templo
797 989 1046 1043 redierat
1071 987 1130 1041 in
1163 985 1403 1055 regiam.
1440 982 1539 1036 Ille
1579 996 1715 1051 ergo
1758 994 1888 1033 cum
1915 992 2006 1030 as-

367 1082 759 1135 sentationem
782 1092 914 1132 cum
945 1078 1226 1132 consueta
1256 1074 1747 1141 contemperasset
1770 1066 2009 1133 saevitia,

369 1173 429 1224 et
470 1168 637 1223 vellet
679 1164 852 1222 simul
893 1164 1072 1220 lenire
1106 1162 1405 1233 pudorem,
1438 1175 1553 1229 quo
1594 1156 1783 1212 affecti
1820 1157 2008 1220 erant,

372 1261 436 1312 ut
488 1256 808 1322 videbatur,
841 1269 909 1309 ex
951 1253 1060 1307 hac
1090 1250 1173 1306 eis
1221 1249 1381 1305 illata
1422 1244 1743 1318 ignominia
1786 1242 2012 1297 :Grave

370 1350 479 1413 est,
503 1354 553 1401 et
572 1343 735 1399 valde
766 1358 956 1413 grave,
981 1358 1012 1396 ο
1042 1355 1141 1395 vos
1166 1338 1266 1410 qui
1296 1337 1536 1403 adestis,
1558 1332 1808 1399 dicebat,
1835 1328 2011 1384 maxi-

373 1449 502 1489 mos
533 1433 781 1487 honores
808 1434 928 1485 tam
960 1428 1163 1483 leviter
1193 1430 1245 1481 et
1276 1424 1702 1480 inconsiderate
1746 1420 2009 1490 prodere.

372 1520 567 1576 Solent
596 1520 751 1575 enim
782 1535 867 1586 ea,
901 1533 1027 1587 quae
1059 1514 1366 1570 immeritis
1398 1511 1640 1567 feliciter
1673 1508 2011 1571 succedunt,

377 1609 587 1666 stultos
628 1624 738 1663 non
776 1611 893 1661 tam
924 1604 1164 1661 incitare
1207 1603 1276 1657 ad
1310 1598 1797 1663 benevolentiam,
1832 1612 2008 1667 quam

378 1698 595 1771 erigere
616 1700 686 1753 ad
721 1696 1104 1751 temeritatem
1138 1695 1409 1749 adversus
1463 1690 1876 1745 henefactores.
1912 1685 2011 1741 Isti

379 1787 555 1855 enim,
579 1790 642 1840 ut
663 1784 887 1852 videtis,
922 1798 1189 1854 magnam
1217 1782 1369 1851 apud
1405 1796 1510 1835 nos
1542 1777 1786 1849 gloriam
1809 1790 2013 1831 conse-

383 1875 522 1939 cuti,
555 1877 931 1942 nostramque
976 1870 1171 1942 adepti
1221 1869 1559 1934 amicitiam,
1591 1871 1647 1922 et
1702 1864 2015 1921 maximam

384 1962 678 2029 ﬁduciam,
711 1966 767 2017 et
805 1960 1104 2016 nobiscum
1154 1957 1426 2029 loquendi
1480 1957 1849 2027 potestatem,
1882 1952 2019 2008 adeo

383 2056 450 2107 ut
481 2068 595 2107 non
624 2050 815 2107 solum
844 2049 957 2120 ipsi
990 2049 1208 2121 primas
1226 2055 1416 2117 partes
1439 2047 1655 2102 ferrent
1683 2044 1741 2099 in
1774 2042 2020 2099 familia-

385 2140 576 2205 ritate,
611 2140 710 2195 sed
744 2137 887 2194 alios
919 2153 1147 2209 quoque
1179 2136 1344 2193 nobis
1373 2141 1606 2206 possent
1636 2133 1821 2189 facere
1853 2131 2021 2187 fami-

393 2229 585 2296 liares,
619 2229 937 2297 beatosque
984 2225 1141 2281 brevi
1196 2225 1455 2292 reddere,
1488 2226 1544 2278 et
1592 2220 2021 2293 suspiciendas,

392 2316 602 2372 horum
637 2315 901 2370 omnium
933 2312 1120 2382 obliti,
1155 2318 1448 2384 postremo
1489 2310 1760 2367 maximis
1795 2323 2024 2381 quoque

390 2405 522 2472 diis,
555 2412 608 2460 et
638 2404 764 2475 ipso
792 2403 930 2459 Jove
960 2406 1308 2473 contempto,
1342 2401 1441 2473 qui
1489 2400 1749 2457 omnium
1784 2398 2021 2469 quidem

388 2493 595 2565 opifex,
632 2492 893 2547 omnium
927 2496 1119 2546 autem
1159 2491 1393 2546 deorum
1438 2497 1490 2545 et
1524 2489 1825 2544 hominum
1859 2489 2023 2557 pater

386 2597 513 2637 esse
545 2581 774 2649 dicitur,
807 2580 1008 2636 Jesum
1043 2579 1441 2650 praetulerunt,
1475 2578 1574 2648 qui
1608 2578 1821 2631 dicitur
1852 2575 2023 2629 fuisse

388 2670 543 2723 ﬁlius
577 2668 836 2723 mulieris
878 2673 936 2723 et
980 2667 1141 2732 fabri,
1178 2671 1233 2721 et
1263 2668 1333 2721 ad
1365 2680 1595 2721 crucem
1627 2679 1760 2720 cum
1794 2662 2020 2718 duobus

389 2757 667 2812 maleficia
706 2757 812 2811 fuit
868 2757 1181 2811 damnatus
1212 2772 1245 2811 a
1289 2754 1528 2823 Judaeis,
1559 2758 1615 2810 et
1658 2752 1838 2807 subiit
1869 2769 2021 2807 mor-

386 2849 504 2900 tem
554 2858 747 2899 revera
786 2842 1247 2898 acerbissimam.
1299 2843 1403 2897 Sed
1451 2858 1555 2912 ego
1604 2856 1733 2897 sum
1782 2840 2021 2897 omnino

388 2948 560 2987 causa
588 2931 871 3000 omnium,
904 2931 1157 3001 quicum
1188 2930 1393 2987 vellem
1419 2946 1541 2986 esse
1573 2946 1751 3000 supra
1782 2930 2020 2984 modum

393 3020 702 3091 benignus,
725 3034 824 3075 eos
850 3020 956 3075 feci
988 3020 1206 3076 amicos
1237 3028 1289 3075 et
1320 3019 1506 3077 socios
1533 3018 1839 3075 felicitatis.

459 3197 527 3254 V.
562 3199 702 3254 Cum
738 3198 885 3253 hanc
914 3202 1033 3254 tam
1066 3198 1459 3255 vehementem
1509 3199 1856 3257 intendisset
1885 3217 2022 3256 ora-

390 3286 629 3355 tionem,
661 3303 759 3342 eos
805 3305 1010 3343 rursus
1042 3287 1276 3344 blandis
1321 3289 1507 3344 verbis
1540 3305 1755 3346 conans
1787 3289 2021 3357 illicere,

391 3392 606 3445 eosque
637 3376 882 3447 benigne
921 3394 987 3433 ac
1045 3377 1226 3433 amice
1256 3378 1492 3434 intuens
1526 3396 1539 3433 :
1570 3379 1678 3431 Sed
1728 3377 1777 3433 si
1826 3378 2022 3443 iidem,

392 3464 604 3534 inquit,
638 3480 793 3519 nunc
826 3481 1053 3536 quoque
1084 3466 1223 3521 estis
1252 3467 1486 3537 Sergius
1520 3470 1575 3520 et
1604 3465 1887 3531 Bacchus,
1922 3482 2024 3522 nea

394 3567 506 3622 que
535 3560 779 3607 vestram
832 3558 1083 3609 mentem
1145 3555 1374 3610 invidus
1421 3554 1723 3610 occaecavit
1776 3556 2024 3623 daemon,

392 3641 771 3695 revereamini
840 3657 1107 3712 magnam
1183 3644 1604 3709 auctoritatem,
1665 3644 2030 3699 revereamini

397 3743 605 3798 puram
638 3732 694 3782 et
725 3744 838 3784 non
878 3729 1081 3783 falsam
1111 3730 1448 3795 amicitiam,
1481 3744 1667 3798 neque
1698 3731 2029 3799 conspicia-

401 3816 544 3870 mini
574 3832 671 3870 vos
695 3816 751 3869 in
785 3816 921 3869 deos
953 3819 1068 3869 tam
1102 3815 1275 3883 impie
1298 3831 1517 3884 gerere,
1550 3831 1758 3871 novam
1787 3821 1843 3871 et
1874 3819 2028 3873 inso-

398 3904 563 3959 litam
603 3903 946 3958 inducentes
995 3901 1357 3972 religionem,
1389 3909 1442 3958 et
1474 3903 1534 3957 in
1583 3919 1781 3959 eorum
1810 3905 1964 3960 cultu
1997 3922 2031 3959 a

402 3993 571 4049 nobis
628 3990 996 4061 dissidentes,
1057 4008 1203 4062 quos
1246 3998 1468 4064 Oportet
1528 3992 1696 4048 etiam
1729 4010 1915 4064 usque
1958 3994 2028 4049 ad

402 4084 587 4152 ipsam
622 4084 863 4134 mortem
916 4080 974 4135 in
1033 4080 1286 4136 amicitia
1316 4082 1617 4138 nobiscum
1675 4084 2029 4153 conspirare.

400 4171 545 4225 Nam
578 4184 680 4239 ego
714 4169 947 4239 quidem
979 4186 1109 4225 cum
1136 4171 1497 4242 gravioribus
1521 4172 1602 4227 uti
1637 4188 1867 4244 possem
1901 4188 2036 4243 sup-

402 4257 614 4329 pliciis,
645 4262 701 4314 et
745 4260 1041 4328 tyrannice
1071 4261 1256 4326 vobis,
1299 4278 1330 4317 o
1380 4261 1572 4329 amici,
1600 4262 1714 4318 vim
1774 4262 1987 4318 inferre
2022 4280 2034 4317 :

403 4348 611 4420 (adhuc
651 4350 803 4405 enim
835 4355 1110 4407 consueta
1141 4356 1273 4408 utar
1318 4353 1720 4424 appellatione)
1758 4359 2034 4423 attamen,

401 4453 434 4493 ο
466 4438 568 4505 dii,
592 4453 851 4493 revereor
871 4440 1212 4509 amicitiam,
1236 4444 1291 4493 et
1320 4446 1619 4511 propterea
1649 4444 1875 4498 retardo
1905 4458 2035 4498 cru-

402 4527 611 4594 ciatus,
644 4532 697 4579 et
726 4525 839 4579 vim
872 4525 1076 4581 lubens
1109 4526 1332 4583 differo.

472 4612 567 4668 Vl.
602 4614 729 4667 Haec
763 4629 894 4667 cum
930 4614 1252 4669 audiissent
1294 4614 1397 4669 viri
1438 4618 1677 4688 egregii,
1710 4619 1871 4687 scite,
1900 4620 2032 4689 pla-

402 4702 513 4758 cite
561 4706 618 4757 et
647 4702 817 4773 plane
855 4702 1124 4758 dixerunt
1156 4719 1167 4757 :
1202 4704 1364 4768 Quod
1396 4708 1509 4759 tuae
1540 4706 1775 4776 quidem
1809 4723 1922 4765 non
1954 4711 2031 4764 si-

405 4808 540 4847 mus
596 4792 759 4848 obliti
792 4793 1079 4861 amicitiae,
1113 4810 1215 4848 nec
1266 4794 1542 4851 fuerimus
1582 4796 1791 4868 ingrati
1835 4798 1893 4854 in
1934 4802 2035 4855 tua

403 4881 685 4937 beneﬁcia
729 4890 781 4937 et
811 4882 1056 4938 honores
1088 4900 1100 4937 :
1135 4883 1235 4938 sed
1267 4888 1323 4939 te
1361 4889 1417 4941 et
1446 4901 1717 4955 amemus,
1752 4888 1799 4943 si
1848 4888 2032 4945 ullum

404 4970 605 5036 alium,
624 4977 678 5025 et
699 4972 995 5027 dominum
1015 4973 1505 5041 existimemus,et
1525 4980 1587 5031 tu
1612 4976 1693 5031 sis
1717 4976 1882 5033 nobis
1905 4995 2032 5033 om-

405 5059 520 5124 nia,
553 5059 787 5128 signum
825 5067 911 5116 est
946 5062 1342 5133 manifestum,
1370 5064 1523 5135 quod
1547 5069 1605 5120 et
1645 5066 1891 5121 fideliter
1921 5067 2032 5121 hu-

404 5162 617 5215 cusque
650 5148 1017 5216 servivimus,
1048 5154 1105 5206 et
1134 5155 1323 5207 tecum
1372 5152 1678 5225 diligenter
1709 5155 2029 5225 rempubli-

398 5248 527 5289 cam
560 5234 975 5306 sustinuimus,
1001 5255 1186 5310 neque
1216 5239 1335 5295 ulla
1356 5240 1412 5295 in
1447 5257 1526 5311 re,
1551 5258 1655 5298 nec
1685 5260 1881 5314 parva,
1925 5260 2029 5300 nec

396 5336 631 5390 magna,
692 5326 983 5395 conspecti
1039 5343 1245 5383 sumus
1291 5329 1521 5402 ingrati,
1579 5348 1764 5404 neque
1812 5333 2025 5403 aliquid

394 5409 777 5479 prodidimus,
816 5419 907 5467 aut
953 5415 1333 5488 neglcxinaus,
1370 5436 1592 5491 eorum,
1628 5438 1747 5492 qua:
1782 5427 2024 5493 oportet.

468 5576 491 5610 ³
515 5580 667 5637 Psal.
700 5598 837 5651 xxxi,
874 5586 923 5643 4.

2122 528 2363 591 ένέδυσας
2395 533 2542 601 ἡμᾶς
2589 530 2807 601 ἰμάτιον
2836 529 3108 603 σωτηρίου
3156 531 3246 582 καὶ
3297 535 3504 602 χιτῶνα
3558 528 3752 602 εὐφρο-

2120 620 2278 689 σύνης
2336 614 2650 693 περιέϐαλες
2701 621 2870 691 ἡμᾶς.
2926 617 3080 674 Ἀλλ’
3128 618 3409 687 ἀνάστηθι,
3447 620 3625 691 Κύριε,
3680 616 3759 680 εἷς

2118 710 2216 776 τήν
2254 709 2500 781 βοήθειαν
2536 709 2719 779 ἡμῶν,
2764 706 2853 760 καὶ
2904 705 3177 779 λύτρωσαι
3227 709 3373 779 ἡμᾶς
3428 703 3605 760 ἕνεκεν
3658 710 3759 759 τοῦ

2120 796 2388 869 ὀνόματός
2420 817 2534 852 σου.
2578 792 2745 852 Οὔπω
2776 793 2939 869 πέρας
2972 795 3115 869 εἶχεν
3158 796 3341 856 αὐτοῖς
3392 797 3426 864 ἡ
3476 793 3637 869 εὐχὴ,
3667 794 3757 847 καὶ

2116 889 2194 955 τῷ
2250 882 2465 959 βασιλεῖ
2520 885 2858 957 παρέστησαν
2908 880 3059 944 αὐθις
3115 884 3441 937 ἀνασωθέντι
3508 883 3644 957 πρὸς
3690 884 3761 936 τὰ

2124 972 2392 1047 βασίλεια.
2440 973 2681 1027 Θωπείαν
2724 970 2813 1026 οῦν
2867 972 3068 1034 ἐκεῖνος
3128 976 3193 1045 τῇ
3244 975 3457 1042 συνήθει
3526 971 3760 1043 ἀπονοίᾳ

2120 1063 2613 1135 συγκερασάμενος,
2653 1060 2742 1115 καὶ
2799 1064 2887 1115 οἷα
2944 1062 3031 1115 καὶ
3090 1056 3274 1138 φοϐεῖν
3329 1062 3440 1135 ἅμα
3479 1063 3568 1115 καὶ
3620 1061 3759 1116 λεαί-

2120 1171 2225 1203 νειν
2267 1151 2366 1217 τήν
2409 1148 2785 1223 ἐπενεχθεῖσαν
2832 1150 3040 1219 αὐτοῖς,
3097 1154 3177 1221 τῷ
3226 1147 3425 1220 δοκεῖν,
3486 1149 3757 1228 αἰσχύνην

2122 1238 2179 1293 ἐκ
2208 1240 2309 1307 τῆς
2340 1238 2556 1311 ἀτιμίας
2606 1238 2804 1310 ταύτης
2850 1240 3209 1314 βουλόμενος,
3242 1241 3445 1311 Δεινὸν,
3477 1238 3680 1315 ἔλεγεν,
3714 1242 3759 1293 ὦ

2121 1328 2404 1402 παρόντες.
2434 1328 2523 1381 καὶ
2556 1326 2761 1405 σφόδρα
2811 1326 3003 1396 δεινὸν,
3036 1330 3097 1383 τὸ
3145 1330 3239 1391 τὰς
3285 1328 3541 1405 μεγίστας
3597 1330 3761 1403 τιμὰς

2123 1416 2311 1477 ἁπλῶς
2337 1416 2479 1471 οὕτω
2522 1416 2611 1471 καὶ
2659 1417 2969 1491 ἀλογίστως
3017 1417 3318 1491 προΐεσθαι.
3367 1418 3604 1474 Ειώθατι
3658 1418 3760 1493 γὰρ

2121 1506 2175 1558 αἱ
2226 1506 2350 1578 παρ’
2406 1505 2554 1577 ἀξίαν
2632 1505 2917 1579 εὐπραγίαι
2973 1504 3101 1567 τοὺς
3174 1507 3443 1576 ἀνοήτους
3498 1507 3560 1561 οὐ
3624 1508 3761 1581 πρὸς

2123 1592 2328 1647 εὔνοιαν
2358 1592 2610 1668 ἐρεθίζειν
2663 1592 2898 1666 μᾶλλον,
2940 1592 3067 1648 ἀλλ’
3097 1594 3175 1656 εἰς
3226 1596 3419 1667 θράσος
3472 1597 3604 1649 κατὰ
3652 1597 3760 1650 τῶν

2122 1678 2489 1737 εὐσεϐούντων
2523 1682 2776 1755 ἐπαίρειν.
2812 1684 2980 1740 Οὗται
3007 1685 3111 1758 γὰρ
3157 1684 3232 1744 ὡς
3291 1685 3451 1759 ὁρᾶτε
3521 1683 3767 1758 μεγάλης

2122 1771 2249 1843 παρ’
2288 1773 2421 1843 ἡμῖν
2484 1767 2642 1842 δόξης
2702 1769 3077 1843 ἐπιτυχόντες,
3139 1770 3328 1843 φιλίας
3384 1792 3442 1825 τε
3498 1770 3767 1846 ἡμετέρας

2130 1860 2215 1913 καὶ
2276 1857 2577 1932 παῤῥησίας
2636 1856 2753 1913 οὐδ’
2802 1858 2934 1928 ὅσης
2986 1858 3154 1913 εἰπεῖν
3214 1858 3641 1928 ἀπολαύσαντες,
3692 1862 3767 1921 ὡς

2134 1950 2208 2021 μὴ
2272 1948 2431 2021 μόνον
2484 1947 2639 2002 αὐτοὶ
2697 1948 2763 2001 τὰ
2817 1951 3007 2020 πρῶτα
3064 1948 3239 2026 φέρειν
3298 1947 3372 2010 είς
3431 1948 3764 2018 οἰκειότητα,

2130 2035 2275 2092 ἀλλά
2304 2038 2389 2091 καὶ
2426 2037 2640 2108 ἑτέρους
2682 2037 2971 2105 ἐξοικειούν
3019 2038 3154 2108 ἡμῖν
3206 2034 3482 2106 δύνασθαι,
3514 2037 3603 2091 καὶ
3662 2043 3767 2107 ζη-

2131 2125 2344 2187 λωτοὺς
2378 2126 2427 2180 ἐν
2481 2127 2680 2199 βραχεῖ
2725 2126 2815 2180 καὶ
2868 2120 3262 2198 περιϐλέπτους
3295 2124 3609 2202 ἐργάζεσθαι
3642 2126 3772 2180 τού-

2130 2235 2245 2275 τοις
2305 2218 2467 2269 ἅπασι
2528 2214 2726 2287 μεκρὰν
2790 2214 3061 2277 ἐπιθέντες
3120 2212 3322 2284 λήθην,
3354 2213 3512 2275 τέλος
3573 2213 3629 2269 δὶ
3681 2215 3773 2269 καὶ

2130 2309 2239 2361 τῶν
2292 2305 2560 2381 μεγίστων
2617 2306 2749 2358 θεῶν
2809 2305 2898 2357 καὶ
2947 2305 3113 2358 αὐτοῦ
3148 2304 3269 2365 Διὸς
3299 2303 3775 2379 κατολιγωρήσαν-

2129 2416 2235 2462 τες,
2277 2395 2336 2455 ’ὸς
2366 2395 2575 2448 πάντων
2611 2395 2704 2466 μὶν
2732 2391 3085 2468 δημιουργὸς,
3110 2395 3319 2447 πάντων
3354 2391 3409 2447 δὲ
3432 2395 3566 2448 θεῶν
3596 2415 3653 2449 τε
3684 2395 3773 2449 καὶ

2131 2483 2424 2556 ἀνθρώπων
2455 2484 2633 2555 πατὴρ
2667 2482 2796 2535 εἶναι
2831 2481 3160 2549 πιστεύεται,
3191 2482 3283 2536 τὸν
3318 2482 3612 2557 λεγόμενον
3642 2504 3773 2557 προ-

2129 2573 2480 2643 τετιμήκασιν
2514 2574 2745 2640 Ἰησοῦν,
2797 2571 3050 2644 γυναικὸς
3108 2570 3225 2626 υἱὸν
3275 2566 3403 2625 ὄντα
3442 2571 3531 2625 καὶ
3592 2571 3774 2626 τέκτο-

2129 2681 2237 2727 νος,
2298 2659 2387 2713 καὶ
2446 2661 2673 2733 σταυρὸν
2731 2660 2845 2732 ἅμα
2903 2657 3019 2714 δυσὶ
3097 2660 3423 2734 κακούργοις
3481 2659 3586 2715 ἀπὸ
3644 2664 3772 2717 Ἰου-

2132 2749 2296 2805 δαίων
2328 2752 2717 2823 κατακριθέντα
2744 2751 2835 2804 καὶ
2882 2748 3209 2827 πικρότατον
3260 2747 3430 2805 ὅντως
3489 2752 3764 2825 ὑπομεμε-

2130 2840 2337 2910 νηκότα
2371 2841 2616 2903 θάνατον.
2649 2836 2809 2894 Ἀλλ’
2839 2838 2943 2914 ἐγὼ
2984 2840 3199 2901 πάντως
3247 2840 3454 2894 τούτων
3487 2839 3675 2907 αἴτιος,
3708 2840 3762 2902 ὅς

2128 2950 2188 3006 γε
2239 2930 2329 2984 καὶ
2382 2927 2519 3001 πέρα
2556 2932 2652 2982 τοῦ
2695 2927 2915 3002 μετρίου
2969 2926 3350 3004 φιλάνθρωπος
3386 2929 3519 2983 εἶναι
3564 2928 3757 3004 βουλό-

2136 3040 2313 3092 μενος,
2346 3018 2538 3096 φίλους
2579 3016 2771 3078 οὐτοὺς
2825 3018 2914 3072 καὶ
2945 3018 3243 3080 κοινωνοὺς
3271 3024 3372 3087 τῆς
3419 3015 3765 3092 εὐδαιμονίας

2133 3109 2500 3181 ἐποιησάμην.

2204 3203 2277 3255 Ε’.
2312 3197 2468 3255 Οὕτω
2498 3194 2731 3273 σφοδρὸν
2771 3195 3083 3258 κατατείνας
3111 3198 3203 3251 τὸν
3231 3196 3425 3273 λύγον,
3448 3194 3630 3251 ἔπειτα
3660 3199 3765 3252 πά-

2134 3290 2217 3342 λιν
2272 3284 2626 3340 ὑποκλέπτειν
2681 3283 2877 3346 αὐτοὺς
2930 3290 3008 3357 τῷ
3085 3284 3352 3361 μειλιχίῳ
3408 3287 3763 3360 πειρώμενος,

2133 3374 2338 3449 ἥμερόν
2366 3396 2417 3428 τι
2454 3372 2658 3449 βλέψας
2697 3374 2787 3429 καὶ
2846 3371 3086 3449 φιλικὸν,
3123 3372 3282 3430 Ἀλλ’
3313 3374 3464 3449 εἷ’περ
3512 3376 3568 3429 οἱ
3618 3375 3768 3430 αὐτοὶ

2133 3465 2219 3519 καὶ
2269 3468 2357 3518 νῦν
2418 3462 2554 3532 ἐστε,
2617 3461 2738 3541 ἔφη.
2803 3464 3024 3538 Σέργιός
3096 3484 3154 3518 τε
3230 3464 3319 3518 καὶ
3382 3466 3642 3541 Βάκχος·
3684 3465 3775 3519 καὶ

2141 3556 2215 3626 μή
2293 3574 2375 3614 τις
2453 3554 2603 3626 ὑμῶν
2682 3555 2782 3622 τὴν
2869 3550 3104 3607 διάνοιαν
3196 3555 3451 3630 φθονερὸς
3531 3553 3781 3629 ἐπήρωσε

2139 3641 2372 3715 δαίμων,
2427 3640 2711 3713 αἰδέσθητε
2788 3642 2883 3715 μὲν
2952 3643 3014 3696 τὸ
3077 3640 3210 3718 μέγα
3280 3647 3375 3697 τοῦ
3445 3644 3779 3717 ἀξιώματος,

2138 3730 2418 3801 αἰδέσθητε
2449 3728 2509 3785 δὲ
2536 3732 2598 3786 τὸ
2628 3732 2856 3806 καθαρὸν
2898 3731 2987 3785 καὶ
3020 3730 3283 3804 ἄψευστον
3316 3739 3417 3801 τῆς
3451 3734 3666 3807 φιψίας,
3689 3733 3782 3787 καὶ

2142 3821 2215 3888 μή
2274 3820 2340 3871 τὰ
2394 3818 2467 3877 εἷς
2524 3818 2651 3881 τοὺς
2701 3819 2851 3879 θεοὺς
2886 3819 3059 3879 οὕτως
3093 3815 3436 3881 εὐσεϐοῦντες
3507 3821 3780 3900 ὀφθείητε,

2138 3904 2378 3972 ἀσυνήθη
2428 3904 2517 3956 καὶ
2575 3904 2725 3972 ξένην
2788 3907 3078 3977 θρησκείαν
3138 3908 3450 3982 εἰσάγοντες
3506 3911 3599 3964 καὶ
3648 3913 3784 3982 ἡμῖν

2137 3994 2261 4065 περὶ
2318 3993 2378 4047 τὸ
2446 3986 2605 4049 σέϐας
2666 3989 3066 4067 διαφερόμενοι,
3128 3994 3218 4053 οὒς
3282 3994 3452 4067 ἐχρῆν
3500 3996 3633 4070 ἄχρι
3693 4000 3784 4052 καὶ

2140 4081 2303 4137 αὐτοῦ
2335 4079 2563 4135 θανάτου
2592 4080 2682 4135 τὸν
2710 4087 2812 4149 τῆς
2845 4078 3030 4153 φιλίας
3078 4082 3212 4151 ἡμῖν
3265 4088 3526 4152 συμπνεῖν
3584 4083 3779 4157 ἔρωτα,

2138 4175 2227 4232 Ὠς
2274 4165 2449 4245 ἔγωγε
2494 4168 2583 4223 καὶ
2646 4170 2967 4244 βαρυτάταις
3019 4168 3276 4222 κολάσεσι
3326 4175 3565 4242 χρῆσθαι
3617 4168 3779 4224 δυνά-

2149 4282 2328 4336 μενος,
2360 4260 2448 4315 καὶ
2478 4263 2801 4331 τυραννικῶς
2836 4260 2998 4331 ὑμᾶς,
3028 4259 3073 4311 ὦ
3103 4256 3280 4334 φίλοι,
3308 4259 3580 4333 βίαζεσθαι
3615 4263 3782 4335 (χρή-

2145 4373 2309 4425 σομαι
2348 4351 2447 4424 γὰρ
2493 4348 2569 4404 ἔτι
2616 4354 2696 4421 τῷ
2740 4349 2951 4418 συνήθει
3002 4349 3377 4423 προσρήματι)
3411 4368 3424 4382 ·
3484 4348 3631 4404 ἀλλὰ
3684 4351 3783 4418 τήν

2145 4440 2423 4515 φιλίαν,ὧ
2483 4440 2619 4508 θεοὶ,
2676 4436 3033 4509 δυσωποῦμαι
3072 4436 3163 4490 καὶ
3214 4433 3305 4491 διὰ
3359 4441 3520 4493 τοῦτο
3550 4438 3639 4492 καὶ
3688 4440 3782 4501 τὰς

2140 4529 2409 4603 τιμωρίας
2464 4528 2628 4599 ὀκνῶ,
2662 4529 2749 4581 καὶ
2806 4529 2903 4595 τήν
2967 4528 3087 4601 βίαν
3165 4527 3301 4580 ἑκὼν
3378 4523 3781 4600 ἀναϐάλλομαι.

2215 4620 2278 4683 ς’.
2338 4618 2556 4673 Τούτων
2632 4616 2955 4675 ἀκούσαντες
3024 4616 3074 4669 οἱ
3150 4620 3407 4690 γενναῖοι,
3486 4616 3782 4691 χαριέντως

2145 4707 2323 4781 ἠρέμα
2371 4708 2458 4760 καὶ
2500 4704 2745 4778 ὁμαλῶς,
2790 4705 2912 4760 ’Ότι
2965 4703 3059 4775 μὲν
3112 4702 3212 4756 οὐκ
3268 4703 3640 4778 ἐπελαθόμεθά
3690 4728 3782 4760 σου

2142 4805 2240 4866 τῆς
2291 4797 2500 4873 φιλίας,
2534 4794 2706 4864 εἶπον,
2748 4790 2879 4845 οὐδὲ
2928 4790 3217 4867 ἀχάριστοι
3267 4793 3389 4865 περὶ
3433 4792 3529 4854 τὰς
3572 4794 3775 4870 εὐεργε-

2145 4886 2262 4949 σίας
2312 4885 2401 4939 καὶ
2452 4882 2614 4955 τιμὰς
2670 4880 3040 4956 γεγενήμεθαο
3076 4877 3223 4933 ἀλλά
3280 4886 3367 4934 καὶ
3408 4880 3696 4956 φιλοῦμεν,
3735 4882 3777 4936 εἱ

2142 4974 2228 5027 καί
2286 4994 2401 5028 τινα
2456 4970 2657 5046 ἕτερον,
2690 4970 2779 5023 καὶ
2830 4966 3102 5038 δοσπότην
3151 4969 3452 5043 ἡγούμεθα,
3476 4972 3566 5024 χχί
3615 4970 3781 5026 πάντα

2141 5066 2275 5135 ἡμῖν
2329 5061 2372 5115 εἷ
2416 5059 2498 5129 σὺ,
2530 5061 2824 5131 τεκμήριον
2873 5057 3107 5130 ὑπάρχει
3156 5058 3319 5134 σαφὲς
3354 5058 3416 5112 τὸ
3455 5058 3542 5112 καὶ
3574 5064 3777 5121 πιστῶς

2141 5153 2215 5213 εἷς
2258 5149 2411 5225 δεῦρο
2479 5148 2875 5222 ὕπηρετεῖσθαι,
2944 5146 3030 5199 καὶ
3106 5144 3472 5223 συνδιαφέρειν
3547 5169 3629 5203 σοι
3711 5150 3778 5202 τὰ

2138 5262 2291 5315 κοινπρ
2343 5236 2667 5305 ςπουδαίως,
2731 5235 2820 5291 καὶ
2910 5234 3078 5307 μηδὲν
3157 5237 3295 5307 μήτε
3362 5238 3553 5310 μικρὸν
3634 5239 3778 5308 μήτε

2143 5337 2349 5407 μεῖζον,
2404 5330 2835 5405 ἀγνωμονοῦντες
2887 5332 3136 5405 φανῆναι,
3189 5323 3329 5398 μηδέ
3383 5347 3432 5379 τι
3478 5324 3777 5401 προδιδόν-

2135 5422 2293 5492 ταςῆ
2353 5416 2691 5492 ἀμελοῦντας
2750 5420 2858 5473 τῶν
2913 5414 3283 5485 καθηκόντων.
3334 5412 3542 5473 Οῦκουν
3584 5418 3774 5490 ἡμεῖς,
