4142 6248
375 312 528 376 1013

1354 317 1824 382 MARTYRIUM
1873 320 1980 383 SS.
2034 321 2288 384 SEGRII
2335 322 2431 384 ET
2477 325 2776 386 BACCHI.

3606 329 3760 390 1014

372 473 632 548 οὐδεμίαν
671 474 1062 550 ἀγνωμοσύνην
1104 473 1138 542 ἢ
1182 471 1368 548 φιλίας
1412 475 1710 551 ὀλιγωρίαν
1770 477 1998 552 ἐγκαλεῖι

2126 482 2241 536 Nos
2289 498 2422 552 ergo
2475 498 2578 536 nec
2631 484 2842 552 ingrati
2897 485 3077 539 animi
3137 484 3420 552 criminis,
3473 489 3573 541 aut
3620 502 3763 542 con-

369 575 491 626 σθαι
550 565 710 635 ἄξιοι,
761 562 876 616 οὐδ’
925 563 1009 617 ’ὁτι
1067 584 1151 616 σοι
1202 564 1338 618 κατά
1394 569 1555 636 μῖσος
1630 565 2013 644 διαφερόμεθα,

369 651 847 728 φιλανθρωπότατε
912 650 1156 727 βασιλεῦ.
1219 651 1392 707 Ἀλλὰ
1451 651 1726 724 διέστησεν
1782 658 1928 726 ἡμᾶς
1981 659 2014 725 ἡ

368 742 495 810 κενὴ
549 739 682 807 αὕτη
730 740 853 813 περὶ
911 742 978 795 τά
1027 739 1232 794 εἷ’δωλα
1278 739 1454 810 πλάνη
1506 744 1593 796 καὶ
1637 744 1699 798 τὸ
1759 745 1833 806 εἷς
1872 751 2012 823 σαφῆ

369 831 426 884 σὲ
471 851 529 884 τε
579 831 668 884 καὶ
719 829 1179 903 ὸμολογουμὲνηο
1210 831 1563 886 καταπίπτειν
1596 833 1891 902 ἀπώλειαν,
1921 837 2008 888 καί

365 917 498 990 πρὸς
556 917 646 971 τὸν
701 915 815 970 ἴσον
880 919 1272 991 κατενεχθῆναι
1355 917 1597 973 κίνδυνον
1669 921 2007 997 ἀναγκάζειν.

362 1007 508 1067 ’Ἐως
571 1005 800 1079 μὲνγὰρ
857 1005 979 1079 περὶ
1041 1005 1211 1076 μόνην
1261 1007 1360 1074 τήν
1420 1010 1689 1081 κοσμικὴν
1731 1011 2009 1084 στρατείαν

363 1092 748 1166 ἐξηταζόμεθα,
809 1091 961 1148 οὐδὲν
1002 1097 1108 1148 τῶν
1179 1092 1404 1150 δεόντων
1465 1099 1628 1169 ἡμεῖς
1669 1097 2006 1172 ἐνελίπομεν.

363 1184 743 1258 Μαρτυρήσεις
799 1185 933 1255 ἡμῖν
992 1183 1081 1237 καὶ
1140 1183 1302 1247 αὐτὸς
1378 1185 1564 1260 ὅτιπερ
1615 1187 1675 1241 ού
1747 1189 2010 1260 ῥᾳθυμίαν

360 1271 477 1325 τινὰ
535 1269 664 1326 οὐδὲ
719 1269 978 1344 ἀμέλειαν
1036 1277 1144 1327 τῶν
1205 1273 1256 1328 ἐν
1327 1276 1485 1352 χερσὶ
1534 1278 2006 1351 κατεγνώσθημεν,

359 1359 506 1414 ἀλλά
535 1360 735 1436 θερμὸν
767 1363 886 1436 περὶ
921 1366 1090 1416 ταῦτα
1116 1363 1208 1417 τὸν
1268 1363 1436 1432 ζῆλον
1478 1363 1726 1439 εἴχομεν,
1789 1367 1878 1420 καὶ
1909 1365 2007 1420 ὅσα

359 1447 526 1503 πάλιν
596 1446 648 1502 ἒν
727 1451 881 1521 νόμῳ
957 1455 1308 1524 Χριπιανοῖς
1381 1451 1673 1526 ἐτελοῦμεν
1733 1454 2002 1524 ἑκάστοτε,

357 1537 446 1591 καὶ
484 1537 574 1591 τὸν
604 1537 732 1592 Θεὸν
769 1537 835 1592 τὰ
866 1535 1062 1593 δυνατά
1093 1540 1226 1614 ὑπὲρ
1256 1541 1412 1612 ὕμῶν
1443 1540 1757 1613 ἱλεούμεθα.
1779 1540 2001 1611 Ἐπειδή

359 1627 445 1680 καὶ
479 1625 606 1682 οὐτὸ
643 1627 750 1680 τῶν
789 1623 972 1681 καλῶν
1038 1629 1101 1682 τὸ
1146 1629 1440 1707 κεφάλαιον
1492 1629 1779 1706 ἀφελέσθαι
1838 1629 2001 1707 φιλο-

356 1720 551 1777 νεικεῖς
601 1717 771 1787 ἡμᾶς,
827 1717 926 1784 τὴν
960 1711 1226 1786 ἀσέϐειαν,
1258 1718 1348 1772 καὶ
1407 1720 1533 1774 Θεὸν
1586 1724 1865 1791 ζημιῶσαι
1901 1720 2000 1788 τήν

2133 570 2464 640 temptionis
2483 570 2746 626 amicitiae
2762 572 2895 642 jure
2918 589 3231 643 possumus
3249 575 3502 630 accusari
3531 592 3544 641 ;
3579 590 3763 643 neque

2132 660 2284 729 quod
2317 664 2427 714 ate
2460 664 2692 730 propter
2720 660 2918 715 odium
2951 662 3361 730 dissideamus,
3397 678 3428 716 ο
3468 662 3762 732 benignis-

2129 748 2277 802 sime
2293 747 2631 818 imperator.
2656 748 2766 802 Sed
2795 765 2900 803 nos
2922 749 3207 819 disjunxit
3225 750 3349 821 ipse
3370 765 3553 805 vanus
3577 767 3754 815 error,

2127 837 2319 892 cultus
2351 837 2822 904 simulacrorum,
2856 841 2912 892 et
2941 838 3096 908 quod
3126 837 3277 893 tuin
3299 843 3516 892 certum
3551 854 3615 892 ac
3641 853 3756 892 ma-

2125 925 2400 981 nifestum
2433 927 2656 980 incidas
2689 926 3008 994 interitum,
3039 930 3096 980 et
3121 942 3225 981 nos
3248 942 3479 996 quoque
3501 942 3672 997 cogas
3693 927 3753 980 in

2126 1014 2276 1069 idem
2310 1014 2604 1069 deturbari
2657 1013 2997 1084 periculum.
3049 1016 3190 1068 Nam
3225 1015 3483 1084 quandiu
3517 1015 3753 1085 quidem

2122 1102 2396 1173 agebatur
2425 1104 2495 1158 de
2523 1102 2646 1158 sola
2675 1103 2975 1157 mundana
3020 1101 3249 1168 militia,
3293 1119 3398 1157 nos
3431 1102 3578 1156 nihil
3611 1118 3750 1172 pras-

2121 1190 2485 1246 termisimus
2505 1207 2727 1256 eorum,
2752 1206 2878 1260 quae
2902 1194 3142 1259 oportet.
3164 1189 3245 1243 Tu
3271 1189 3394 1258 ipse
3415 1191 3583 1245 nobis
3605 1191 3749 1246 feres

2119 1278 2546 1347 testimonium,
2596 1294 2702 1333 nos
2750 1277 2810 1332 in
2860 1277 3020 1332 nulla
3068 1293 3148 1344 re,
3197 1293 3328 1348 quae
3375 1280 3528 1333 esset
3576 1294 3746 1347 expe-

2119 1365 2351 1434 dienda,
2397 1365 2574 1420 ullius
2622 1366 2892 1421 socordiae
2938 1370 3038 1420 aut
3086 1364 3447 1436 negligentiae
3494 1382 3746 1436 unquam

2118 1455 2296 1509 fuisse
2343 1455 2666 1520 damnatos,
2730 1454 2829 1508 sed
2875 1453 2936 1508 in
2993 1453 3067 1508 iis
3123 1455 3296 1508 rebus
3353 1454 3519 1508 nobis
3565 1454 3748 1510 fuisse

2116 1558 2302 1598 acrem
2334 1542 2537 1598 zelum.
2573 1545 2638 1596 Et
2664 1558 2868 1596 rursus
2889 1557 3254 1612 quaecunque
3281 1542 3352 1596 de
3375 1557 3533 1597 more
3553 1541 3746 1599 Chris-

2114 1631 2432 1687 stianorum
2466 1632 2818 1702 peregimus,
2851 1631 2922 1684 iis
2952 1631 3125 1686 Deum
3149 1647 3379 1701 quoque
3403 1647 3501 1701 pro
3530 1630 3747 1686 viribus

2111 1721 2274 1776 vobis
2293 1719 2651 1776 reddidimus
2669 1719 3007 1790 propitium.
3030 1718 3315 1782 Quoniam
3336 1724 3526 1774 autem
3550 1719 3744 1789 ipsum

358 1805 593 1881 ἐσχάτην
651 1804 853 1875 ταύτην
911 1799 1114 1878 ζημίαν
1159 1808 1249 1861 καὶ
1308 1807 1374 1877 ἢν
1429 1805 1559 1862 οὐδὲ
1608 1809 1916 1883 ὑπενεγκεῖν
1947 1807 1998 1862 ἂν

2113 1825 2345 1881 quoque
2395 1810 2678 1865 bonorum
2729 1812 2923 1879 caput,
2973 1823 3176 1877 nempe
3229 1809 3519 1878 pietatem,
3571 1810 3739 1864 nobis

357 1889 584 1963 εὐσεϐῆς
613 1894 766 1967 ψυχὴ
801 1890 1040 1965 δύναιτο,
1073 1901 1251 1967 τιμῶν
1292 1916 1350 1950 τε
1379 1893 1471 1950 διὰ
1516 1901 1678 1951 τοῦτο
1726 1897 1815 1951 καὶ
1847 1897 2004 1974 φιλο-

353 1984 540 2057 τιμίας
596 1986 1050 2058 ἀναμιμνήσκεις,
1078 1990 1196 2048 πῶς
1239 1986 1338 2041 οὐκ
1367 1987 1590 2059 ἀμαθῶς
1621 1982 1769 2062 ἔχειν
1801 2008 1858 2042 σε
1911 1992 2006 2042 τοῦ

353 2073 526 2128 καλοῦ
578 2071 803 2138 δικαίως
857 2071 917 2128 ἂν
986 2075 1233 2148 ε’ίποιμεν
1265 2095 1278 2110 ο
1348 2077 1430 2130 ὅτι
1483 2077 1569 2131 καὶ
1631 2073 2003 2151 παραϐάλλεις

356 2161 502 2217 ὅλως
556 2163 690 2218 αὐτᾶ
755 2161 1124 2235 προσάλληλα
1179 2166 1264 2219 καὶ
1325 2165 1488 2220 οἱονεὶ
1545 2169 1640 2220 τοῦ
1697 2165 2003 2241 κρείττονος

355 2253 491 2324 ἡμῖν
544 2254 643 2321 τὴν
701 2251 905 2326 αἵρεσιν
969 2248 1294 2327 ἐπιτρέπεις,
1341 2249 1586 2316 ἀσεϐείας
1657 2255 1848 2332 φαμὲν,
1903 2261 2002 2322 τῆς

354 2339 492 2412 πρὸς
522 2339 614 2394 τὸν
653 2339 805 2407 Θεὸν,
835 2341 928 2393 καὶ
961 2338 1148 2414 φιλίας
1194 2341 1541 2414 ἀνθρωπίνης
1570 2341 1660 2395 καὶ
1713 2339 1872 2411 δόξης
1902 2347 2004 2409 τῆς

350 2425 443 2482 ’ίσα
499 2425 912 2502 παραρῥεούσης
975 2426 1176 2498 ὕδατις
1235 2432 1359 2488 Πῶς
1410 2427 1466 2483 δὲ
1497 2449 1580 2484 σοι
1613 2429 1702 2482 καὶ
1733 2431 2001 2498 κοινωνή-

351 2535 517 2589 σομεν
547 2515 636 2570 ἐπὶ
667 2514 866 2588 τούτῳ,
897 2516 988 2570 καὶ
1022 2517 1153 2591 οὐχὶ
1181 2516 1493 2571 τούναντίον
1534 2519 1626 2571 καὶ
1653 2519 1754 2586 τήν
1813 2516 2001 2593 φιλίαν

349 2605 439 2660 καὶ
495 2607 594 2674 τὴν
652 2607 820 2678 τιμήν
880 2605 970 2660 καὶ
1021 2604 1067 2660 ε’ί
1128 2628 1181 2662 τι
1230 2603 1373 2662 ἄλλο
1430 2612 1617 2679 μεῖζον
1651 2608 2000 2682 ἧν,ἀρνησό-

351 2704 522 2767 μεθαε
561 2697 683 2756 Πῶς
724 2692 780 2748 δὲ
812 2695 874 2748 οὐ
933 2693 995 2748 σὺ
1050 2693 1263 2766 μᾶλλον
1319 2696 1650 2770 ἀγνωμονῶν
1678 2696 1742 2750 νά
1773 2717 1835 2772 γε
1864 2698 1998 2771 πρὸς

349 2782 477 2835 Θεὸν
538 2779 736 2854 ἁλίσκῃ
789 2783 880 2836 τὸν
936 2781 1026 2837 καὶ
1073 2783 1206 2837 αὐτό
1256 2803 1341 2836 σοι
1382 2785 1444 2837 τὸ
1476 2784 1728 2838 εἶναικαὶ
1769 2786 1829 2839 τὸ
1867 2785 1998 2839 ἀνα-

349 2872 503 2922 πνεῖν
561 2870 1006 2942 παρασχόμενον,
1057 2870 1114 2930 ὅς
1163 2870 1402 2943 ἄναρχος
1451 2869 1526 2922 ὢν
1577 2871 1669 2924 καὶ
1729 2869 1996 2933 συναϊδιος

346 2960 425 3026 τῷ
481 2956 848 3030 γεγεννηκότι,
898 2957 990 3010 καὶ
1043 2957 1170 3019 τοὺς
1235 2958 1498 3032 οὐρανοὺς
1573 2961 1651 3028 τῷ
1699 2957 1849 3032 λόγῳ
1907 2954 1997 3014 καὶ

346 3044 446 3112 τήν
504 3049 607 3118 γῆν
661 3043 992 3113 ΰποστήσας,
1038 3045 1129 3099 τὸν
1159 3041 1436 3120 ἄνθρωπόν
1463 3065 1523 3100 τε
1555 3046 1743 3119 χερσὶν
1773 3045 1999 3108 οἰκείαις

2116 1898 2422 1955 contendis
2469 1898 2741 1965 adimere,
2783 1902 2840 1952 et
2875 1901 2985 1951 Deo
3035 1912 3139 1951 nos
3179 1897 3421 1966 privare,
3455 1898 3609 1967 quod
3655 1903 3744 1953 est

2115 1989 2396 2044 damnum
2427 1996 2767 2056 extremum,
2815 1993 2868 2040 et
2898 1986 3050 2057 quod
3099 1985 3191 2056 pia
3222 2001 3336 2040 non
3381 1986 3565 2057 possit
3597 1988 3743 2042 ferre

2115 2077 2335 2146 anima,
2375 2083 2428 2131 et
2455 2076 2760 2147 propterea
2792 2074 3035 2129 honores
3064 2079 3114 2129 et
3148 2072 3349 2128 laudes
3382 2074 3549 2129 nobis
3581 2090 3740 2130 revo-

2114 2182 2209 2221 cas
2255 2167 2314 2220 in
2367 2164 2734 2228 memoriam,
2789 2163 3078 2232 quomodo
3127 2166 3184 2217 te
3228 2162 3364 2216 boni
3412 2167 3469 2217 et
3515 2161 3742 2217 honesti

2111 2252 2379 2324 ignarum
2407 2268 2524 2306 non
2551 2253 2680 2321 jure
2729 2250 3071 2316 dixerimus,
3112 2249 3266 2318 quod
3298 2252 3354 2303 et
3383 2265 3471 2317 ea,
3503 2256 3565 2302 ut
3595 2265 3740 2318 quo-

2111 2341 2424 2397 dammodo
2457 2337 2870 2411 prestantioris
2901 2337 3068 2392 nobis
3100 2337 3277 2391 facias
3307 2337 3616 2405 cptionem,
3649 2337 3742 2392 iu-

2110 2437 2197 2488 ter
2235 2448 2294 2488 se
2324 2433 2572 2488 invicem
2603 2429 2841 2486 omnino
2873 2429 3121 2494 confers,
3149 2428 3440 2498 pietatem,
3473 2428 3736 2498 inquam,

2109 2523 2168 2576 in
2199 2522 2405 2588 Deum,
2436 2525 2492 2576 et
2521 2521 2838 2576 humanam
2879 2517 3193 2573 amicitiam
3225 2521 3282 2572 et
3309 2517 3579 2588 gloriam,
3613 2533 3736 2586 quas

2109 2625 2270 2680 aeque
2287 2626 2352 2664 ac
2373 2626 2526 2680 aqua
2547 2606 2917 2679 praterﬂuit?
2939 2605 3238 2671 Quomodo
3261 2614 3450 2660 autem
3470 2604 3658 2660 hacin
3677 2620 3737 2659 re

2106 2702 2300 2755 tecum
2345 2697 2778 2760 conveniemus,
2829 2700 3029 2750 etnon
3076 2699 3298 2761 contra,
3333 2692 3649 2748 amicitiam
3681 2696 3737 2747 et

2107 2788 2408 2852 honorem,
2441 2791 2497 2842 et
2526 2785 2575 2841 si
2607 2785 2746 2856 quid
2795 2784 2872 2840 sit
2912 2782 3073 2839 aliud
3104 2782 3314 2852 majus,
3347 2781 3736 2852 negabimus?

2107 2876 2406 2939 Quomodo
2452 2878 2646 2929 autem
2697 2889 2812 2928 non
2864 2877 2928 2927 tu
2974 2871 3159 2942 magis
3203 2869 3415 2941 ingrati
3457 2869 3516 2924 in
3548 2868 3733 2924 Deum

2106 2962 2285 3018 animi
2313 2961 2574 3016 criminis
2595 2958 3100 3028 convinceris,qui
3133 2957 3391 3028 idipsum
3417 2956 3539 3026 tibi,
3577 2957 3732 3026 quod

2105 3054 2162 3105 et
2186 3049 2288 3114 sis,
2319 3058 2372 3105 et
2403 3049 2672 3121 respiras,
2706 3047 2997 3119 praebuit?
3025 3046 3131 3110 Qui
3162 3061 3292 3100 cum
3338 3048 3526 3100 careat
3573 3044 3731 3115 prin-

348 3129 773 3207 ἐδημιούργησε,
821 3133 912 3187 καὶ
962 3133 1220 3205 ἀθανασίᾳ
1299 3137 1487 3188 τοῦτον
1576 3133 1822 3208 ἒτίμησε,
1881 3136 1993 3203 καί,

2108 3137 2280 3208 cipio,
2339 3137 2512 3191 verbo
2561 3138 2745 3192 eﬂ‘ecit
2784 3140 2849 3191 ut
2895 3136 3103 3191 cmlum
3156 3139 3213 3189 et
3257 3138 3411 3188 terra
3459 3131 3731 3187 consiste-

351 3219 582 3294 βασιλέα
637 3225 745 3276 τῶν
807 3219 894 3276 ἒπὶ
955 3228 1058 3295 γῆς
1128 3225 1514 3292 κατεστήσατο,
1581 3223 1816 3298 καθάπερ
1873 3227 1994 3279 τινὰ

351 3309 600 3384 βασιλεια
647 3311 709 3366 τὸ
762 3310 1059 3367 κάλλιστον
1090 3312 1363 3383 ιὰπάντων
1403 3311 1671 3383 ἀποτάξας
1700 3313 1848 3385 αὐτῷ
1903 3316 1994 3369 τὸν

345 3397 692 3474 παράδεισον.

415 3667 486 3722 Z'.
529 3665 680 3734 Πλήν
715 3665 859 3720 ἁλλὰ
919 3664 1086 3738 μηδὲν
1140 3669 1274 3738 ἡμῖν
1325 3668 1619 3741 ἀχθεσθῇς,
1664 3664 1708 3721 ὦ
1741 3667 1990 3742 βασιλεῦ,

345 3753 391 3806 εἰ
438 3753 528 3806 καὶ
592 3754 924 3827 μακροτέραν
997 3755 1024 3807 ὁ
1072 3752 1238 3828 λόγος
1263 3756 1548 3825 ποιήσεται
1576 3757 1675 3826 τὴν
1710 3753 1989 3831 διήγησιν.

344 3841 446 3895 Καὶ
495 3841 523 3893 ὸ
572 3841 700 3901 Θεὸς
770 3841 863 3912 μὲν
939 3840 1082 3895 οὕτω
1147 3841 1466 3916 φιλότιμος,
1523 3845 1619 3906 τὰς
1685 3845 1990 3920 εὐεργεσίας

343 3929 489 4005 φημὶ
545 3929 682 4003 πρὸς
739 3929 830 3983 τὸν
887 3931 1172 4004 ἄνθρωπον
1207 3951 1220 3966 ’
1254 3933 1282 3986 ὁ
1333 3928 1389 3985 δὲ
1431 3931 1614 4009 φθόνῳ
1642 3932 1870 3994 κλαπεὶς
1901 3934 1991 3988 καὶ

343 4014 515 4090 ἡδονῇ
575 4019 696 4090 (φεῦ
757 4021 896 4092 μοι),
953 4015 1257 4084 δελεασθεὶς
1305 4018 1513 4084 ἀθλίώς
1550 4021 1754 4077 τούτων
1782 4020 1992 4092 ἐξέπεσε

342 4107 581 4161 πάντων·
631 4105 721 4162 καὶ
752 4108 780 4162 ὁ
811 4109 938 4184 πρὶν
979 4108 1229 4179 ζηλωτὸς
1266 4107 1500 4171 ἐλεεινὸς
1541 4111 1748 4183 ἑωρᾶτο
1776 4112 1868 4166 καὶ
1900 4110 1992 4164 δα-

342 4195 519 4271 κρύων
553 4193 641 4251 διὰ
669 4197 768 4264 τήν
800 4199 1094 4275 ᾕσυμφορὰν
1129 4197 1294 4267 ἄξιος.
1329 4200 1389 4256 Ὀ
1418 4197 1628 4260 πλάσας
1684 4198 1864 4253 τοίνυν
1902 4199 1993 4252 καὶ

343 4282 755 4361 δημιουργήσας
805 4289 952 4359 ἡμᾶς
1004 4287 1153 4353 Θεὸς,
1196 4288 1608 4362 φιλανθρώποις
1656 4285 1824 4341 πάλιν
1864 4285 1995 4340 ἰδὼν

340 4371 651 4450 ἀφθαλμοῖς
707 4374 768 4427 τὸ
823 4377 932 4426 τῶν
1002 4372 1219 4427 οἰκείων
1289 4377 1488 4447 χειρῶν
1548 4368 1706 4450 ἔργον
1768 4377 1830 4430 τὸ
1863 4377 1992 4438 Θεὸς

2105 3230 2266 3284 rent:
2291 3230 2347 3281 et
2377 3225 2668 3279 hominem
2703 3223 2948 3294 propriis
2988 3223 3258 3277 manibus
3288 3229 3372 3278 est
3403 3220 3730 3289 fabricatus,

2103 3320 2160 3372 et
2222 3312 2524 3370 honoravit
2576 3327 2707 3368 cum
2739 3310 3191 3377 immortalitate,
3224 3314 3281 3365 et
3327 3324 3546 3376 eorum,
3607 3323 3730 3379 quas

2102 3409 2242 3461 sunt
2269 3403 2331 3459 in
2353 3410 2526 3465 terra,
2559 3400 2730 3457 veluti
2755 3399 3068 3471 quemdam
3097 3413 3291 3469 regem
3323 3396 3641 3465 constituit,
3672 3396 3729 3450 id

2103 3494 2253 3564 quod
2304 3497 2392 3548 est
2436 3491 2698 3546 omnium
2745 3487 3221 3560 pulcherrimum,
3275 3501 3480 3556 nempe
3512 3485 3734 3555 paradi-

2101 3597 2256 3648 sum,
2287 3580 2338 3636 ei
2369 3579 2713 3635 attribuens.

2172 3667 2288 3723 VII.
2323 3667 2603 3724 Ceterum
2635 3683 2708 3722 ne
2739 3665 2904 3723 nobis
2933 3679 3302 3729 succenseas,
3329 3680 3360 3718 ο
3393 3663 3725 3733 imperator,

2099 3757 2148 3812 si
2205 3756 2389 3812 oratio
2447 3754 2764 3826 longiorem
2821 3755 3042 3809 factura
3083 3753 3159 3808 sit
3203 3751 3611 3808 narrationem.
3661 3750 3729 3804 Et

2101 3846 2255 3902 Deus
2277 3843 2514 3916 quidem
2539 3844 2669 3912 fuit,
2694 3847 2759 3898 ut
2780 3842 2920 3908 dixi,
2943 3846 3060 3897 tam
3085 3841 3400 3896 munificus
3427 3839 3485 3893 in
3515 3837 3728 3894 benefi-

2100 3933 2206 3990 ciis
2236 3934 2292 3988 in
2339 3932 2636 3988 hominem
2686 3931 3068 3988 conferendis.
3123 3929 3221 3985 Ille
3271 3936 3459 3984 autem
3511 3926 3728 3980 invidia

2098 4023 2391 4088 seductus,
2422 4027 2479 4076 et
2496 4020 2786 4092 voluptate
2808 4019 2921 4090 (hei
2947 4019 3088 4074 mihi
3110 4018 3146 4088 ι)
3179 4019 3490 4085 inescatus,
3521 4015 3729 4070 misere

2100 4109 2338 4165 omnino
2369 4109 2440 4163 ab
2463 4109 2536 4162 iis
2557 4108 2768 4162 excidit
2793 4123 2806 4162 :
2829 4110 2884 4162 et
2914 4106 3015 4175 qui
3045 4104 3204 4175 prius
3227 4103 3574 4159 censebatur
3603 4102 3732 4157 bea-

2099 4201 2212 4257 tus,
2256 4199 2600 4265 conspectus
2622 4200 2710 4250 est
2736 4194 3103 4260 miserabilis,
3137 4198 3192 4248 et
3223 4193 3492 4263 lacrymis
3524 4193 3732 4261 dignus

2102 4285 2333 4355 propter
2398 4281 2808 4336 calamitatem.
2880 4281 2985 4345 Qui
3053 4281 3242 4348 itaque
3291 4296 3397 4335 nos
3457 4279 3623 4333 ﬁnxit
3679 4287 3736 4334 et

2103 4369 2416 4427 fabricatus
2465 4374 2553 4425 est
2603 4370 2766 4437 Deus,
2817 4385 2949 4424 cum
2992 4367 3259 4439 benignis
3305 4383 3510 4422 rursus
3551 4365 3736 4422 oculis

343 4461 477 4515 εἶναι
519 4461 596 4532 μή
638 4456 961 4532 μεταϐαλὼν
1014 4461 1147 4534 ὅπερ
1196 4460 1285 4529 ἦν,
1326 4459 1534 4533 ἐγένετο
1566 4459 1636 4516 δι’
1684 4465 1831 4536 ἡμᾶς
1864 4463 1990 4518 ἀνα-

2108 4459 2343 4516 vidisset
2393 4474 2536 4528 opus
2584 4474 2826 4515 suarum
2875 4472 3180 4523 manuum,
3233 4457 3410 4512 Deum
3461 4471 3587 4511 esse
3618 4471 3734 4510 non

347 4551 640 4622 μαρτήτως
690 4550 822 4623 ὅπερ
891 4550 1078 4622 ἡμεῖς.
1139 4550 1240 4606 Καὶ
1298 4550 1526 4624 σταυρὸν
1585 4549 1843 4614 ἑκουσίως
1901 4552 1990 4607 καὶ

345 4635 571 4690 θάνατον
623 4633 871 4699 ὑπελθὼν
915 4636 1008 4690 τὸν
1075 4633 1272 4701 ἄνωθέν
1319 4657 1377 4692 τε
1431 4641 1510 4708 τῷ
1568 4639 1821 4713 ἡμετέρῳ
1851 4640 1992 4715 γένει

343 4718 744 4794 καταϐεϐλήκει
800 4723 1090 4798 πολᾶμιον,
1139 4725 1230 4780 καὶ
1297 4727 1444 4799 ἡμᾶς
1497 4732 1597 4796 τῆς
1625 4733 1822 4801 πικρᾶς
1855 4727 1993 4782 ἑκεί-

345 4837 440 4886 νης
517 4815 970 4893 αἷχρμαλωσίας,
1032 4819 1475 4892 ἀνασωσάμενος,
1552 4821 1650 4889 τὴν
1725 4823 1991 4896 προτέραν

347 4900 597 4959 ἀπέδωκε
637 4901 950 4980 φιλαγάθως
1001 4904 1330 4981 ἐλευθερίαν,
1389 4908 1476 4962 καὶ
1544 4908 1661 4962 ὅθεν
1737 4906 1825 4963 διὰ
1888 4912 1989 4979 τήν

346 4993 628 5068 παρακοήν
661 4992 1082 5068 ἐκπεπτώκαμεν
1132 4993 1270 5050 ἐκεῖν
1320 4993 1486 5050 πάλιν
1543 4993 1630 5050 διὰ
1680 4994 1990 5074 φιλανθρω-

348 5083 477 5144 πίας
527 5084 674 5154 ἡμᾶς
729 5081 1054 5160 ἐπανήγαγε.
1108 5085 1216 5140 Τὸν
1277 5081 1344 5154 δὴ
1388 5090 1610 5140 τοιαῦτα
1657 5084 1748 5140 διά
1785 5107 1842 5141 σε
1886 5108 1989 5142 πα-

350 5171 511 5226 θόντα
575 5171 664 5225 καὶ
729 5171 992 5226 τοιούτων
1047 5192 1104 5226 σε
1158 5171 1326 5228 πάλιν
1363 5174 1783 5245 καταξιώσαντα,
1815 5179 1988 5248 (κοινὴ

348 5261 452 5334 γὰρ
507 5257 818 5334 ἀνθρώποις
884 5258 1063 5333 ὥσπερ
1118 5263 1152 5328 ἡ
1209 5259 1453 5316 ἀπώλεια
1506 5261 1787 5338 πρότερον,
1847 5265 1990 5320 οὕτω

346 5347 502 5418 καὶὴ
565 5347 888 5422 ἰλευθερία),
919 5353 1107 5404 τοῦτον
1156 5348 1317 5410 αὐτὸς
1376 5351 1575 5413 ἀθετῶν
1627 5354 1716 5407 καὶ
1773 5353 1847 5416 είς
1901 5355 1993 5409 τὸν

348 5436 555 5492 ἐκείνου
608 5439 836 5512 σταυρὸν
897 5439 1272 5493 ἀποσκώπτων
1355 5439 1513 5493 ποίαν
1607 5442 1993 5516 ἀγνωμοσύνης

349 5521 660 5598 ὕπερϐολήν
691 5524 1077 5600 καταλείπεις;
1110 5528 1244 5591 Ἰσθι
1283 5528 1464 5582 τοίνυν
1507 5529 1579 5591 ὡς
1629 5531 1692 5584 ού
1724 5535 1993 5602 κοινωνή-

353 5615 515 5691 σομεν
562 5636 646 5671 σοι
703 5621 804 5686 τῆς
833 5617 1097 5688 τοιαύτης
1152 5615 1492 5692 ἀχαριστίας,
1545 5615 1668 5673 οἷ)δέ
1722 5620 1810 5674 τὸν
1853 5619 1993 5693 ἡμέο

2103 4555 2359 4616 mutans,
2393 4549 2546 4620 quod
2581 4547 2815 4618 quidem
2847 4551 2988 4613 erat,
3034 4546 3219 4600 factus
3249 4549 3335 4600 est
3365 4546 3599 4615 propter
3628 4558 3734 4598 nos

2101 4642 2248 4700 citra
2295 4644 2594 4712 peccatum
2645 4640 2725 4708 id,
2757 4642 2909 4711 quod
2943 4656 3070 4695 nos.
3122 4639 3380 4708 Cumque
3420 4651 3645 4692 crucem
3676 4639 3734 4689 et

2098 4736 2346 4788 mortem
2377 4747 2487 4787 sua
2515 4734 2720 4802 sponte
2751 4730 3038 4793 subiisset,
3072 4735 3126 4783 et
3147 4727 3506 4798 superiorem
3538 4724 3732 4780 inimi-

2098 4839 2232 4878 cum
2288 4828 2483 4878 nostro
2532 4837 2739 4892 genere
2799 4818 3129 4890 prostravit,
3189 4821 3246 4871 et
3293 4814 3460 4870 nobis
3509 4813 3580 4868 ab
3627 4813 3730 4868 illa

2098 4915 2304 4970 acerba
2333 4911 2576 4968 servatis
2601 4910 2950 4976 calamitate,
2983 4907 3232 4978 benigne
3257 4904 3505 4976 priorem
3539 4901 3728 4956 reddi-

2096 5003 2180 5058 dit
2208 5001 2573 5066 libertatem;
2607 5001 2664 5054 et
2704 4997 2858 5053 unde
2889 4996 3210 5051 excidimus
3252 4994 3484 5063 propter
3526 4988 3726 5043 inobe-

2097 5092 2396 5161 dientiam,
2444 5089 2583 5144 illuc
2613 5105 2720 5144 nos
2751 5087 2979 5143 reduxit
3008 5087 3242 5156 propter
3271 5097 3439 5136 suam
3473 5080 3728 5135 clemen-

2097 5181 2258 5237 tiam.
2299 5185 2440 5235 Eum
2474 5183 2690 5249 autem,
2733 5177 2832 5247 qui
2859 5178 3088 5246 prapter
3117 5175 3172 5226 te
3209 5169 3347 5226 talia
3379 5184 3583 5239 passus
3614 5167 3729 5223 fue-

2097 5275 2205 5337 rat,
2228 5271 2404 5341 idque
2429 5285 2561 5324 cum
2578 5277 2724 5323 esset
2751 5269 2914 5334 Deus,
2939 5271 2991 5318 et
3015 5267 3069 5318 te
3093 5260 3271 5317 tantis
3293 5258 3463 5314 rebus
3484 5257 3728 5329 dignum

2100 5363 2404 5416 censuerat
2446 5355 2800 5429 [communis
2851 5357 2938 5408 est
2987 5352 3140 5407 enim
3184 5347 3540 5415 hominibus,
3575 5346 3727 5402 sicut

2099 5449 2263 5519 prius
2291 5447 2583 5512 interitus,
2634 5445 2714 5500 ita
2745 5459 2900 5499 nunc
2951 5438 3224 5511 libertas],
3255 5441 3320 5494 tu
3367 5437 3560 5506 ipsum
3595 5452 3730 5490 con¢

2098 5540 2388 5604 temnens,
2419 5539 2476 5591 et
2505 5549 2736 5590 crucem
2777 5532 2936 5588 illius
2966 5530 3182 5597 ridens,
3217 5525 3501 5599 quomodo
3529 5540 3641 5580 non
3671 5540 3730 5580 es

2101 5626 2271 5698 longe
2287 5623 2756 5696 ingratissimus?
2775 5621 2936 5681 Scias
2957 5634 3092 5692 ergo
3114 5635 3219 5676 nos
3241 5633 3356 5673 non
3379 5615 3604 5670 futuros
3627 5612 3730 5667 tibi
