4142 6248
380 296 535 357 1015

1722 297 1876 355 ΜΕΝ
1889 294 2000 354 SIS
2044 291 2425 354 OCTOBEIt.

3609 233 3774 340 iam

378 456 566 514 socios
599 456 809 527 ingrati
839 455 1017 511 animi
1051 455 1309 519 crimine,
1337 468 1521 523 neque
1554 455 1812 507 nostrum
1837 452 2010 506 bene-

2143 466 2273 519 τερον
2306 442 2592 517 εὐεργέτην
2622 442 2711 495 καὶ
2760 440 2942 509 ἀληθῆ
2996 440 3122 493 Θεὸν
3184 437 3549 511 ἀρνησόμεθα.
3585 437 3665 491 Τά
3716 437 3777 489 δὲ

378 547 653 600 factorem
703 548 760 599 et
806 560 1012 600 verum
1059 544 1242 599 Deum
1292 557 1421 598 esse
1482 546 1815 613 negaturos.
1874 543 2007 607 Quae

380 637 570 688 autem
625 650 657 689 a
704 636 762 688 te
810 633 1203 703 proferuntur,
1253 648 1284 688 o
1333 632 1664 701 imperator,
1716 630 1834 685 sive
1890 629 2010 684 sint

381 721 554 788 bona,
587 720 705 775 sive
737 720 1017 789 difﬁcilia,
1066 726 1122 776 et
1158 720 1245 775 vel
1276 720 1455 790 ipsam
1488 723 1727 775 mortem
1760 718 2011 773 inferen-

381 810 483 875 tia,
515 813 655 864 sunt
700 824 863 880 aeque
906 827 940 865 a
990 810 1156 866 nobis
1204 814 1437 881 propter
1484 809 1780 864 Christum
1819 808 2008 878 despi-

381 897 601 966 cienda,
636 905 691 952 et
718 914 751 952 a
782 898 948 953 nobis
978 914 1091 953 non
1132 898 1407 954 curanda.

454 986 602 1041 VIII.
656 986 757 1041 IIis
819 987 960 1042 adeo
1007 995 1329 1059 opportune
1377 992 1434 1042 et
1467 988 1731 1058 jucunde
1770 984 1943 1041 dictis
1982 1000 2016 1038 a

386 1075 761 1146 martyribus.
795 1076 1174 1131 Maximianus
1219 1076 1455 1147 quidem
1486 1077 1597 1132 fuit
1625 1077 1706 1132 ita
1734 1079 1929 1131 motus
1957 1077 2016 1129 et

384 1164 612 1219 volebat
642 1164 845 1220 acerbe
871 1165 1080 1235 punire
1110 1170 1365 1221 sanctos.
1400 1165 1620 1221 Rursus
1654 1167 1845 1220 autem
1870 1179 2012 1217 cun-

385 1254 674 1318 ctabatur,
724 1258 779 1308 et
827 1252 1129 1309 differebat
1180 1254 1438 1324 aggredi,
1471 1253 1785 1324 respiciens
1816 1266 2015 1307 eorum

388 1340 773 1410 splendorem,
802 1345 858 1395 et
886 1357 1001 1396 non
1049 1342 1245 1398 volens
1292 1342 1497 1399 talium
1536 1343 1785 1399 virorum
1830 1341 2017 1397 facere

381 1432 694 1500 jacturam.
724 1428 1045 1485 Verebatur
1074 1432 1251 1499 enim,
1300 1446 1370 1487 ne
1400 1431 1664 1499 cruciati,
1710 1446 1842 1486 cum
1871 1429 2017 1485 veri-

387 1520 565 1571 tatem
613 1516 674 1572 in
726 1516 915 1572 medio
963 1518 1284 1575 multorum
1326 1519 1502 1576 libere
1552 1525 1746 1576 essent
1784 1519 2017 1585 elocuti,

389 1606 599 1661 deinde
628 1614 1032 1677 permanerent
1060 1611 1296 1664 omnino
1319 1609 1667 1665 immobiles.
1693 1611 1802 1665 Eos
1826 1609 2021 1679 itaque

390 1695 595 1750 statuit
626 1694 1018 1751 transmittere
1048 1696 1119 1752 ad
1142 1697 1489 1754 Antiochum
1521 1698 1723 1753 ducem
1747 1697 2018 1762 Orientis,

390 1790 454 1836 ut
486 1782 587 1853 qui
619 1782 902 1849 omnium,
935 1785 1033 1854 qui
1062 1788 1227 1839 erant
1273 1786 1329 1840 in
1362 1786 1489 1855 ejus
1539 1790 1845 1857 potestate,
1876 1793 2023 1841 esset

388 1871 855 1937 crudelissimus,
905 1879 957 1927 et
986 1872 1072 1927 vel
1123 1872 1244 1929 solo
1275 1875 1513 1932 nomine
1544 1881 1737 1947 posset
1765 1891 1863 1933 eos
1891 1893 2024 1947 per-

393 1966 602 2015 terrere
635 1976 647 2014 :
681 1964 737 2016 et
766 1961 920 2031 quod
971 1965 1205 2032 propter
1245 1964 1481 2033 majoris
1523 1965 1759 2021 honoris
1796 1966 2021 2021 deside-

392 2051 568 2120 rium,
598 2050 696 2107 ille
735 2051 1150 2109 Maximianum
1191 2055 1535 2111 observandi
1568 2072 1765 2112 curam
1796 2073 2020 2129 gerens,

394 2156 427 2194 a
457 2138 639 2195 nullis
668 2140 985 2196 abstinebit
1014 2142 1321 2213 machinis,
1355 2160 1469 2215 quo
1499 2161 1597 2201 eos
1626 2154 1935 2217 oppugnet,
1968 2152 2025 2202 et

393 2229 462 2282 ad
498 2243 666 2282 suam
699 2230 963 2283 traducat
1003 2233 1372 2287 sententiam.
1414 2233 1695 2290 Praeterea
1724 2240 1788 2290 ut
1819 2239 1875 2291 et
1908 2236 2027 2291 lon-

395 2331 530 2386 gum
564 2318 671 2371 iter
700 2324 754 2370 et
784 2318 1240 2387 ignominiosum
1273 2324 1393 2377 tam
1423 2322 1714 2379 intensam
1748 2324 2029 2379 relaxaret

397 2406 806 2471 constantiam,
837 2412 894 2461 et
922 2424 1019 2463 eos
1050 2409 1265 2464 sensim
1297 2428 1330 2467 a
1362 2413 1572 2482 pietate
1602 2414 1940 2479 dimoveret,
1973 2417 2029 2469 et

397 2495 645 2550 maxime
675 2496 828 2565 quod
855 2496 978 2566 ipse
1011 2514 1234 2569 quoque
1262 2501 1577 2558 Antiochus
1599 2509 1721 2560 erat
1752 2505 1835 2560 eis
1866 2505 2027 2574 prius

398 2583 716 2652 subjectus,
741 2586 892 2655 apud
927 2602 1101 2655 quem
1134 2592 1299 2643 erant
1344 2589 1610 2659 sistendi,
1644 2596 1700 2646 et
1728 2609 1761 2647 a
1791 2609 1904 2663 quo
1928 2594 2028 2663 ju-

400 2671 656 2726 dicandi.
688 2672 748 2726 Id
791 2672 946 2727 enim
994 2674 1243 2730 maxime
1286 2678 1475 2748 tangit
1513 2680 1774 2735 animum
1804 2697 2027 2749 eorum,

401 2759 501 2828 qui
530 2763 667 2813 sunt
696 2758 937 2815 honesto
985 2762 1108 2819 loco
1148 2765 1286 2833 nati,
1338 2768 1488 2836 quod
1532 2768 1631 2838 qui
1674 2767 1835 2838 prius
1866 2786 2029 2840 pare-

399 2847 556 2915 bant,
613 2845 697 2902 eis
746 2852 945 2917 postea
988 2850 1296 2921 imperent,
1348 2858 1405 2909 et
1452 2854 1534 2911 eis
1580 2860 1842 2926 utantur,
1900 2862 2030 2912 tan-

400 2950 571 3004 quam
603 2934 905 3005 subjectis,
938 2954 1053 2993 non
1083 2940 1266 2996 multo
1288 2947 1424 2999 ante
1455 2944 1681 3000 fuerant
1706 2961 1904 3001 eorum
1936 2946 2033 3001 duo

402 3022 549 3077 mini
607 3030 661 3079 et
710 3023 1122 3083 benefactores.
1173 3028 1527 3087 Consecutus
1558 3050 1810 3105 namque
1848 3036 2035 3090 fuerat

404 3112 559 3166 hunc
589 3113 835 3168 ducatus
868 3115 1267 3186 magistratum
1292 3120 1612 3177 Antiochus
1643 3122 1830 3194 ipsius
1855 3123 2036 3180 admi-

2118 535 2253 608 οαρά
2311 536 2404 586 σοῦ
2462 532 2870 605 προτεινόμενα,
2933 527 3176 603 βασιλεῦ,
3208 525 3259 581 εἷ’
3311 547 3366 580 τε
3424 526 3601 600 ἀγαθά
3644 526 3769 593 εἶεν,

2119 620 2223 676 εἴτε
2274 621 2362 676 καὶ
2414 618 2676 694 δυσχερῆ,
2721 620 2810 674 καὶ
2851 619 3006 672 αὑτὸν
3040 617 3313 691 ἐπάγοντα
3357 614 3612 680 θάνατον,
3646 612 3770 667 ἐπί-

2122 735 2219 783 σης
2277 716 2415 787 ἡμῖν
2468 715 2673 767 ἅπαντα
2731 710 3013 785 παροπτέα
3074 706 3162 763 διὰ
3201 708 3441 783 Χριστὸν
3481 706 3569 760 καὶ
3602 726 3769 781 φρον-

2120 800 2270 864 τίδος
2299 800 2557 875 οὐδεμιᾶς
2590 802 2731 872 ἄξια.

2195 984 2272 1040 η’.
2305 981 2526 1038 Τούτων
2560 980 2823 1051 εὐκαίρως
2855 977 2995 1031 οὓτω
3035 976 3125 1031 καὶ
3164 972 3339 1045 ἡδέως
3384 979 3501 1038 τοῖς
3567 974 3771 1046 μάρτυ-

2124 1092 2203 1124 σιν
2283 1070 2778 1146 ὑπαγορευθέντων,
2840 1070 2866 1122 6
2944 1067 3283 1138 Μαξιμιανὸς
3360 1064 3588 1119 ἐκινεῖτο
3675 1064 3770 1136 μὲν

2128 1161 2229 1215 ὑπὸ
2286 1166 2383 1215 τοῦ
2429 1164 2626 1231 θυμοῦ,
2676 1159 2765 1212 καὶ
2815 1162 3023 1231 πικρῶς
3083 1157 3309 1224 αἰκίζειν
3380 1154 3508 1215 τοὺς
3582 1153 3772 1227 ἁγίους

2127 1248 2420 1319 ἠϐούλετο·
2456 1248 2616 1301 ὤκνει
2677 1246 2733 1301 δῖε
2789 1245 2951 1301 πάλιν
2994 1246 3083 1299 καὶ
3138 1240 3470 1299 ἀνεϐάλλετο
3527 1244 3625 1310 τὴν
3685 1242 3774 1315 ἐγ-

2128 1340 2401 1415 χείρησιν,
2458 1339 2520 1391 τὸ
2581 1336 2863 1412 περιφανὲς
2916 1334 3091 1389 αὐτῶν
3171 1328 3598 1405 εὐλαϐούμενος,
3685 1330 3774 1385 καὶ

2132 1430 2231 1483 οὐκ
2296 1428 2496 1482 ἐθέλων
2555 1423 2759 1499 ἀνδρῶν
2823 1423 3083 1479 τοιούτων
3171 1424 3468 1491 ὑποστῆναι
3555 1422 3774 1495 ζημίαν.

2132 1514 2358 1573 Ἐδεδίει
2424 1516 2527 1589 γὰρ
2586 1515 2661 1587 μὴ
2706 1514 2795 1567 καὶ
2852 1510 3253 1587 τιμωρηθέντες
3319 1512 3418 1578 τὴν
3474 1510 3654 1585 ἀρχην
3685 1511 3774 1563 καὶ

2129 1604 2627 1679 παῤῥησιασάμενοι
2686 1599 2919 1658 εὐσεϐῶν
2979 1601 3028 1657 ἒν
3092 1603 3240 1675 μέσῳ
3288 1602 3533 1674 πολλῶν,
3575 1603 3685 1656 εἶτα
3712 1602 3777 1656 τὸ

2130 1697 2376 1769 παράπαν
2436 1694 2757 1766 ἆμετάθετοι
2808 1690 3177 1764 διαμείνωσιν.
3238 1691 3462 1764 Ἀμέλει
3515 1693 3605 1745 καὶ
3650 1693 3779 1748 Ἀν-

2131 1788 2309 1860 τιόχῳ
2364 1788 2443 1856 τῷ
2480 1789 2579 1853 τῆς
2629 1782 2929 1857 ,Ανατολῆς
2986 1780 3139 1836 δουκὶ
3170 1780 3548 1853 παραπέμπειν
3580 1781 3777 1841 αὐτοὺς

2129 1872 2290 1951 ἔγνω,
2347 1873 2421 1933 ὡς
2480 1873 2537 1926 ἂν
2599 1871 2869 1944 ὠμοτάτῳ
2926 1870 3140 1925 πάντων
3168 1875 3274 1925 τῶν
3320 1870 3406 1924 ὑπ’
3437 1871 3609 1924 αὐτοῦ
3640 1869 3781 1938 ὃντι,

2129 1965 2219 2019 καί
2251 1964 2355 2017 ἀπὸ
2413 1960 2583 2035 ψιλοῦ
2641 1962 2786 2039 τάχα
2842 1959 2931 2014 καὶ
2958 1964 3054 2015 τοῦ
3090 1961 3383 2033 ὀνόματος,
3411 1957 3780 2029 καταπλήξειν

2132 2052 2325 2112 αὐτοὺς
2377 2048 2679 2123 δυναμένῳ·
2743 2050 2831 2102 καὶ
2889 2050 2972 2102 ὅτι
3022 2048 3110 2102 διὰ
3170 2047 3417 2121 μείζονος
3467 2055 3637 2121 τιμῆς
3668 2045 3783 2124 ἔφε-

2135 2164 2214 2196 σιν
2273 2143 2373 2210 τὴν
2432 2142 2776 2211 Μαξιμιανοῦ
2847 2138 3128 2213 θεραπείαν
3180 2136 3378 2200 ἐκεῖνος
3439 2135 3779 2206 σπουδάζων,

2135 2229 2395 2303 οὐδεμιᾶς
2453 2228 2695 2304 ἀφέξεναι
2750 2234 3030 2302 μηχανῆς,
3090 2228 3237 2289 ’ὁπως
3316 2227 3479 2288 αὐτὸς
3535 2225 3636 2299 ’ὲλῃ
3696 2227 3788 2281 καὶ

2140 2319 2497 2396 μεταπείσειε.
2536 2319 2675 2392 Πρὸς
2706 2317 2944 2386 τούτοις,
2976 2314 3065 2369 ’ίνα
3093 2316 3185 2370 καὶ
3214 2318 3247 2385 ἡ
3297 2316 3477 2389 μακρὰ
3502 2313 3788 2388 ὁδοιπορία

2136 2412 2224 2465 καὶ
2282 2409 2477 2480 ἄτιμος
2536 2413 2635 2475 τῆς
2684 2406 2973 2467 ἐνστάσεως
3042 2404 3223 2465 αὐτοῖς
3285 2404 3614 2479 ὕποχαλάσῃ
3665 2408 3782 2477 ξτὴν

2136 2498 2401 2563 εὐτονίαν,
2460 2496 2549 2550 καὶ
2602 2494 2783 2570 ἠρέμα
2848 2498 3158 2569 μεταστήσῃ
3210 2498 3308 2563 τῆς
3362 2490 3659 2563 εὐσεϐείας,
3694 2496 3783 2549 καὶ

2142 2586 2380 2661 μάλιστα
2420 2587 2502 2640 ὅτι
2560 2586 2651 2639 καὶ
2699 2585 2800 2639 ὑπὸ
2857 2590 3020 2659 χεῖρα
3075 2585 3342 2657 πρότερον
3380 2584 3571 2645 αὐτοῖς
3626 2585 3691 2652 ἦν
3753 2587 3781 2638 6

2138 2676 2414 2750 Ἀντίοχος
2450 2694 2462 2706 ·
2523 2676 2567 2745 ᾧ
2626 2672 2714 2728 καί
2760 2674 3097 2748 παραστῆναί
3154 2694 3214 2727 τε
3259 2675 3348 2727 καὶ
3382 2673 3466 2745 ὑφ’
3497 2673 3557 2725 οὗ
3597 2674 3780 2745 κριθή-

2139 2768 2317 2820 σεσθαι
2362 2762 2619 2835 ἔμελλον.
2667 2765 2735 2820 ’Ὀ
2782 2760 2846 2831 δὴ
2908 2763 2997 2817 καὶ
3044 2761 3212 2817 πλέον
3254 2766 3352 2830 τῆς
3397 2766 3498 2815 τῶν
3534 2758 3589 2814 εὖ
3625 2781 3781 2836 γεγο-

2138 2855 2311 2910 νότων
2367 2857 2552 2927 ψυχῆς
2611 2849 2940 2921 ἅπτεται,τὸ
2970 2850 3099 2914 τοὺς
3142 2851 3403 2927 πρότερον
3446 2851 3780 2923 ἀρχομένους

2141 2944 2330 3021 ἄρχειν
2380 2963 2437 2997 τε
2492 2941 2667 2997 αὐτῶν
2717 2941 2933 3017 ὕστερον
2980 2942 3065 2997 καὶ
3116 2942 3379 3011 ὑπηκόοις
3411 2943 3646 3015 χρῆσθαι
3678 2946 3793 3003 τοῖς

2143 3033 2205 3088 οὐ
2237 3034 2342 3106 πρὸ
2381 3030 2596 3087 πολλοῦ
2650 3030 2934 3092 δεσπόταις
2978 3032 3151 3085 αὐτῶν
3210 3029 3299 3084 καὶ
3348 3029 3654 3105 εὐεργέταις
3697 3050 3792 3103 γε-

2144 3122 2484 3198 γενημένοις.
2534 3120 2826 3193 Ἑτύγχανε
2881 3120 2982 3193 γὰρ
3032 3121 3130 3188 τὴν
3176 3119 3433 3188 τοιαύτην
3477 3122 3575 3173 τοῦ
3609 3116 3798 3177 δουκὸς

404 3198 603 3255 rabilis
635 3200 813 3271 Sergii
848 3202 1283 3265 intercessione.
1325 3209 1435 3264 Sed
1480 3226 1673 3267 revera
1704 3213 1849 3267 nihil
1878 3215 2033 3269 vide-

2146 3190 2323 3287 άρχην
2358 3212 2386 3263 ὁ
2419 3190 2993 3281 Ἀντίοχοςνμεσιτείᾳ
3038 3207 3300 3282 πρότερον
3341 3211 3439 3262 τοῦ
3482 3205 3795 3281 θαυμαστοῦ

406 3294 501 3342 tur
556 3293 673 3345 tam
724 3292 887 3348 facile
938 3311 1311 3365 marcescere,
1365 3303 1539 3371 atque
1586 3302 1932 3358 beneﬁcium
1979 3304 2039 3357 in

408 3376 602 3431 animo
632 3377 858 3449 ingrato
883 3382 1229 3452 plantatum.
1266 3389 1319 3440 Is
1341 3389 1495 3442 enim
1520 3406 1632 3444 non
1657 3391 1846 3446 solum
1870 3408 2042 3462 appa-

409 3465 526 3520 ruit
548 3466 784 3524 minime
809 3486 931 3526 esse
954 3474 1289 3530 recordatus
1317 3475 1599 3545 beneﬁcii,
1634 3483 1698 3533 ut
1728 3482 2041 3551 procedens

412 3554 678 3611 ostendet
722 3558 940 3627 oratio;
991 3563 1090 3617 sed
1140 3564 1380 3633 perinde
1431 3582 1496 3621 ac
1544 3566 1615 3622 ab
1662 3567 1781 3624 illis
1813 3586 2045 3626 summa

414 3643 659 3699 afl‘ectus
699 3644 936 3717 injuria,
971 3665 1065 3705 eos
1111 3654 1391 3722 tractavit,
1427 3660 1482 3710 et
1513 3656 1595 3710 eis
1626 3659 1819 3727 gravia
1848 3659 2046 3714 intulit

415 3733 715 3803 supplicia.
783 3740 971 3808 Atque
1036 3742 1416 3798 mittebantur
1480 3747 1705 3814 quidem
1769 3749 1839 3802 ad
1910 3765 2041 3804 eum

417 3821 625 3889 sancti,
665 3823 840 3880 vincti
872 3826 1032 3895 gravi
1066 3833 1287 3883 catena.
1320 3832 1403 3885 Ad
1436 3849 1569 3887 eum
1602 3841 1795 3889 autem
1828 3836 2046 3905 scripta

418 3914 539 3964 erat
566 3912 738 3966 etiam
778 3912 1020 3981 epistola
1063 3916 1133 3969 ab
1184 3916 1546 3987 imperatore,
1595 3937 1725 3990 quae
1757 3923 1841 3978 sic
1872 3923 2045 3979 habe-

418 3999 551 4053 bat:
585 3998 834 4054 Deorum
882 4003 1135 4058 maxima
1184 4006 1540 4075 providentia
1582 4026 1779 4066 omnes
1809 4012 2044 4081 quidem

418 4087 703 4154 homines,
737 4088 989 4146 maxime
1038 4097 1232 4149 autem
1273 4097 1385 4151 mei
1425 4097 1653 4168 imperii
1684 4101 1966 4157 satellites
1993 4104 2050 4158 et

419 4174 750 4245 stipatores,
802 4177 861 4233 in
907 4178 1036 4237 illos
1086 4198 1210 4239 esse
1258 4184 1405 4255 pios,
1450 4188 1605 4245 etiis
1649 4206 1873 4256 rursus,
1907 4206 2050 4262 quos

422 4262 509 4318 illi
540 4264 744 4335 dignos
776 4276 1120 4327 censuerunt
1159 4274 1424 4346 imperio,
1464 4277 1587 4333 vult
1618 4280 1870 4351 obedire,
1905 4285 1961 4337 et
1990 4280 2050 4338 in

420 4367 517 4406 eos
549 4369 675 4409 esse
706 4360 869 4425 grato
910 4360 1124 4417 animo.
1168 4362 1473 4434 Propterea
1512 4366 1667 4421 hunc
1697 4370 1960 4439 Sergium
1994 4374 2051 4424 et

420 4440 728 4511 Bacchum,
762 4447 860 4514 qui
892 4447 951 4501 in
983 4450 1122 4504 deos
1165 4451 1402 4519 quidem
1444 4464 1833 4522 apparuerunt
1862 4458 2044 4527 impii,

420 4533 476 4584 et
505 4544 566 4583 se
597 4530 1049 4589 Christianorum
1102 4537 1438 4606 adjunxisse
1481 4541 1768 4613 religioni,
1800 4546 2046 4600 convicti

421 4623 554 4673 sunt
584 4625 775 4673 autem
815 4621 1076 4679 criminis
1106 4623 1317 4695 ingrati
1366 4628 1425 4682 in
1476 4645 1566 4685 me
1612 4632 1814 4698 animi,
1846 4640 1899 4689 et
1924 4635 2044 4705 jam

420 4710 619 4762 nostro
669 4708 967 4777 tribunali,
1019 4715 1075 4767 et
1114 4721 1309 4770 nostra
1349 4719 1775 4776 examinatione
1798 4722 2046 4791 judicati

423 4800 564 4850 sunt
595 4796 841 4868 indigni,
875 4800 983 4854 sub
1011 4803 1303 4859 tutissima
1333 4807 1597 4864 custodia
1625 4817 1678 4863 et
1707 4811 1955 4868 vinculis
1975 4814 2043 4867 ad

420 4886 585 4937 tuam
617 4886 1050 4944 transmisimus
1079 4894 1479 4950 constantiam.
1515 4896 1569 4949 Si
1600 4913 1736 4969 ergo
1768 4901 2047 4969 poeniten-

420 4972 505 5026 tia
561 4972 720 5028 ducti
779 4974 891 5032 diis
948 4978 1416 5051 sacriﬁcaverint,
1479 4985 1779 5042 solvantur
1836 4989 1906 5042 ab
1965 4991 2046 5045 eis

420 5060 714 5128 impositis
758 5066 1023 5137 vinculis,
1064 5073 1121 5123 et
1164 5070 1326 5141 digni
1364 5080 1711 5130 censeantur
1748 5077 1964 5133 honore
1993 5084 2051 5134 et

420 5152 841 5209 benevolentia.
887 5157 1322 5216 Revocabuntur
1364 5164 1519 5218 enim
1552 5180 1757 5221 rursus
1788 5185 1820 5223 a
1849 5173 2050 5224 nostra

420 5238 699 5309 potentia,
734 5243 1129 5316 recipientque
1176 5250 1395 5319 priores
1444 5251 1711 5322 honores,
1747 5260 1847 5310 aut
1875 5256 2047 5311 etiam

418 5326 689 5394 majores,
723 5337 1013 5402 eruntque
1057 5337 1328 5409 deinceps
1367 5340 1427 5395 in
1476 5341 1601 5397 loco
1650 5348 1707 5399 et
1737 5346 1937 5402 ordine
1966 5348 2049 5402 eis

418 5412 801 5503 convenienti.
830 5420 925 5473 Sin
960 5428 1153 5481 autem
1186 5427 1562 5486 immobiliter
1592 5432 1769 5503 priori
1797 5435 2050 5492 haereant

417 5500 748 5596 sententiae,
778 5504 973 5596 legum
1003 5514 1246 5583 subjecti
1286 5517 1405 5573 sint
1434 5500 1777 5592 austeritati,
1810 5525 2051 5596 ipsaque

416 5586 669 5643 essentia
700 5593 755 5645 et
784 5592 898 5646 vita
924 5610 1064 5654 ense
1094 5604 1391 5674 priventur
1430 5624 1564 5665 cum
1597 5586 1939 5671 aliis.’Vale.

2145 3298 2368 3372 Σεργίου
2420 3295 2797 3373 παρειληφώς.
2862 3295 3013 3352 Ἀλλ’
3081 3292 3253 3351 ἔοικεν
3330 3294 3553 3366 ἀληθῶς
3639 3294 3792 3351 οὐδὲν

2146 3387 2317 3446 οὕτως
2368 3384 2699 3458 εὐμάραντον
2748 3384 2901 3454 εἶναι,
2957 3385 3029 3446 ὡς
3110 3386 3424 3460 ἀνθρωπίνη
3501 3388 3666 3462 χάρις
3738 3386 3793 3441 ἐν

2146 3476 2427 3551 ἀχαρίστῳ
2457 3478 2610 3549 ψυχῇ
2661 3476 2996 3553 φυτευθεῖσα,
3029 3475 3201 3537 Οὗτος
3250 3475 3349 3552 γὰρ
3400 3473 3551 3530 οὐδὲν
3601 3474 3791 3549 ἀπομ-

2148 3565 2487 3639 νημονεύσας
2549 3565 2712 3637 μόνον
2770 3564 2952 3625 αὐτοῖς
2998 3571 3098 3633 τῆς
3149 3564 3452 3639 εὐεργεσίας
3484 3563 3676 3641 ἐφάνη,
3718 3566 3791 3625 ὡς

2147 3656 2215 3710 τὰ
2268 3659 2364 3709 τοῦ
2416 3653 2585 3728 λόγου
2635 3655 2899 3728 προϊόντα
2948 3650 3213 3723 δηλώσει,
3254 3653 3401 3708 ἀλλὰ
3449 3656 3687 3726 καθάπερ
3722 3656 3800 3709 τὰ

2150 3742 2352 3815 ἔσχατα
2412 3744 2501 3797 ὑπ’
2544 3742 2763 3797 ἐκείνων
2813 3741 3115 3812 ἀδικηθεὶς,
3165 3742 3339 3805 οὕτως
3387 3744 3572 3807 αὐτοῖς
3623 3744 3801 3817 ἐχρη-

2149 3850 2298 3883 σατο⁸
2359 3832 2447 3883 καὶ
2490 3830 2633 3884 οὕτω
2683 3831 2929 3907 χαλεπὰς
2986 3832 3231 3906 ἐπήγαγε
3265 3832 3554 3905 τιμωρίας.
3589 3833 3790 3905 Ἐπέμο

2147 3938 2312 3972 ποντο
2375 3918 2467 3987 μὲν
2531 3917 2619 3970 οὖν
2668 3920 2718 3970 oi
2766 3918 2913 3992 ἅγιοι
2972 3920 3109 3992 πρὸς
3160 3921 3343 3987 αὐτὸν,
3393 3922 3577 3976 ἁλύσει
3613 3922 3803 3997 βαρείᾳ

2149 4002 2446 4076 δεδεμένοι.
2496 4004 2830 4077 Ἐγέγραπτο
2872 4003 2928 4059 δὲ
2986 4007 3134 4078 αὐτῷ
3182 4010 3271 4060 καὶ
3334 4008 3599 4078 ἐπιστολὴ
3658 4010 3807 4084 παρᾶ

2153 4092 2421 4169 βασιλέως
2509 4090 2711 4168 ἔχουσα
2797 4094 2992 4154 οὓτως,
3049 4095 3112 4150 Ἡ
3189 4099 3293 4149 τῶν
3362 4100 3494 4159 θεῶν
3571 4101 3802 4171 μεγίστη

2150 4182 2402 4258 πρόνοια,
2451 4183 2544 4238 καὶ
2591 4183 2792 4245 πάντας
2862 4184 2955 4256 μὶν
3016 4183 3361 4258 ἀνθρώπους,
3436 4182 3674 4256 μάλιστα
3744 4184 3805 4240 δέ

2154 4273 2280 4335 τοὺς
2324 4280 2422 4342 τῆς
2480 4275 2618 4346 ἐμῆς
2671 4271 2946 4346 βασιλείας
2999 4272 3331 4334 ὑπασπιστάς
3384 4293 3442 4327 τε
3507 4271 3596 4326 καὶ
3647 4270 3807 4348 δορυ-

2156 4363 2377 4439 φόρους,
2438 4357 2670 4423 εὐσεϐεῖς
2739 4383 2797 4417 τε
2851 4362 2917 4415 τὰ
2973 4361 3049 4424 εἷς
3098 4359 3331 4420 ἐκείνους
3380 4362 3469 4415 καὶ
3531 4367 3646 4423 τοῖς
3716 4363 3807 4418 ὑπ’

2163 4452 2379 4506 ἐκείνων
2434 4452 2596 4508 πάλιν
2655 4451 2847 4526 ἄργειν
2893 4452 3244 4523 ἠξιωμένοις,
3302 4452 3436 4523 ἡμῖν
3495 4453 3804 4521 πειθηνίους

2164 4540 2293 4594 εἶναι
2345 4540 2625 4614 βούλεται,
2676 4541 2761 4593 καὶ
2818 4539 3183 4612 εὐγνώμονας.
3235 4537 3331 4593 Διά
3370 4540 3537 4593 ταῦτά
3582 4560 3667 4594 τοι
3716 4540 3806 4594 καὶ

2158 4631 2382 4705 Σέργιον
2414 4634 2607 4684 τοῦτον
2640 4628 2730 4682 καὶ
2760 4628 2859 4702 τὸγ
2893 4627 2987 4682 σὺν
3017 4630 3166 4699 αὐτῷ
3197 4628 3414 4701 Βάκχον
3465 4624 3677 4691 ἀσεϐεῖς
3710 4630 3803 4701 μὲν

2153 4724 2221 4773 τᾶ
2261 4718 2387 4792 περὶ
2438 4717 2565 4777 τοὺς
2614 4718 2767 4781 θεοὺς
2814 4716 3189 4793 ἀναφανέντας,
3239 4716 3330 4771 καὶ
3377 4722 3445 4791 τῇ
3500 4722 3605 4771 τῶν
3666 4720 3802 4791 Χρι-

2157 4812 2386 4862 στιανῶν
2428 4806 2828 4882 προσθεμένους
2879 4805 3157 4877 θρησκείᾳ,
3210 4804 3332 4879 περὶ
3401 4808 3549 4878 ἡμᾶς
3604 4804 3659 4861 δὲ
3713 4806 3798 4878 ἀγ-

2155 4898 2409 4968 νώμονάς
2448 4917 2504 4950 τε
2551 4896 2639 4950 καὶ
2682 4893 3007 4970 ἀχαρίστους
3068 4893 3492 4970 ἐληλεγμένους,
3522 4896 3613 4950 καί
3662 4896 3800 4969 παρὰ

2154 4987 2314 5041 τοῦτο
2370 4986 2609 5046 πολλαῖς
2660 4984 2947 5058 τιμωρίαις
3003 4981 3383 5055 ὑπυϐληθῆναι
3466 4985 3803 5061 ὀφείλοντας,

2157 5074 2399 5148 ἄναξίους
2463 5072 2570 5144 ἤδη
2621 5075 2717 5129 τοῦ
2776 5074 3051 5149 ἡμετέρου
3103 5076 3354 5149 βήματος
3393 5075 3482 5128 καὶ
3539 5082 3640 5143 τῆς
3677 5076 3806 5149 παρ’

2156 5168 2315 5237 ἡμῶν
2374 5163 2547 5219 αὐτῶν
2609 5164 2893 5234 ἐξετάσεως
2957 5164 3324 5238 νομισθέντας,
3397 5165 3499 5218 ὑπὸ
3567 5163 3801 5241 ἀσφαλε-

2159 5256 2320 5325 στάτῃ
2375 5257 2582 5329 φρουρᾷ
2629 5253 2717 5306 καὶ
2768 5252 2987 5325 δεσμοῖς
3035 5258 3104 5327 τῇ
3147 5256 3213 5326 σῇ
3272 5250 3588 5325 στεῤῥότητι
3633 5272 3801 5325 παρε-

2156 5346 2461 5416 πέμψαμεν.
2496 5343 2559 5400 Ei
2596 5343 2689 5417 μὲν
2748 5341 2839 5396 οὖν
2899 5340 3361 5414 μεταμεληθέντες
3421 5340 3631 5396 θύσειαν
3683 5348 3803 5404 τοῖς

2158 5437 2321 5505 θεοῖς,
2353 5436 2457 5486 τῶν
2510 5429 2723 5504 δεσμῶν
2779 5452 2837 5486 τε
2879 5436 2986 5486 τῶν
3025 5432 3375 5504 ἐπικειμένων
3408 5431 3590 5493 αὐτοῖς
3625 5428 3797 5501 λυθή-

2154 5542 2356 5593 τωσαν,
2400 5523 2488 5577 καὶ
2538 5524 2705 5595 τιμῆς
2752 5521 3133 5590 ἀξιωθητωσαν
3198 5520 3409 5595 μᾶλλον
3483 5521 3571 5575 καὶ
3635 5520 3800 5593 εὐμε-

2157 5612 2343 5674 νείας³
2414 5611 2885 5684 ἀνακληθησονται
2952 5613 3054 5688 γὰρ
3124 5613 3272 5676 αὖθις
3337 5610 3424 5666 καὶ
3493 5611 3634 5685 παρὰ
3703 5610 3801 5671 τοῦ
