  <div class='ocr_page' id='page_1' title='image "/cluster/home/n/w/nwhite01/storage/ocr_20150623/115/mdp.39015028574336/526.png"; bbox 0 0 4142 6248; ppageno 0'>
   <div class='ocr_carea' id='block_1_1' title="bbox 280 337 432 398">
    <p class='ocr_par' dir='ltr' id='par_1_1' title="bbox 280 337 432 398">
     <span class='ocr_line' id='line_1_1' title="bbox 280 337 432 398; baseline 0 -4"><span class='ocrx_word' id='word_1_1' title='bbox 280 337 432 398; x_wconf 75' lang='grc'>1017</span> 
     </span>
    </p>
   </div>
   <div class='ocr_carea' id='block_1_2' title="bbox 1277 339 3679 408">
    <p class='ocr_par' dir='ltr' id='par_1_2' title="bbox 1277 339 3679 408">
     <span class='ocr_line' id='line_1_2' title="bbox 1277 339 3679 408; baseline 0.002 -8"><span class='ocrx_word' id='word_1_2' title='bbox 1277 339 1762 406; x_wconf 80' lang='lat' dir='ltr'>MARTYRIUM</span> <span class='ocrx_word' id='word_1_3' title='bbox 1809 345 1923 407; x_wconf 91' lang='lat' dir='ltr'>SS.</span> <span class='ocrx_word' id='word_1_4' title='bbox 1971 346 2226 408; x_wconf 84' lang='lat' dir='ltr'>SERGII</span> <span class='ocrx_word' id='word_1_5' title='bbox 2275 348 2372 406; x_wconf 87' lang='lat' dir='ltr'><strong>ET</strong></span> <span class='ocrx_word' id='word_1_6' title='bbox 2418 346 2714 406; x_wconf 84' lang='lat' dir='ltr'>BACCHI.</span> <span class='ocrx_word' id='word_1_7' title='bbox 3525 347 3679 405; x_wconf 74' lang='grc'>1018</span> 
     </span>
    </p>
   </div>
   <div class='ocr_carea' id='block_1_3' title="bbox 277 495 3680 576">
    <p class='ocr_par' dir='ltr' id='par_1_3' title="bbox 277 495 3680 576">
     <span class='ocr_line' id='line_1_3' title="bbox 277 495 3680 576; baseline 0.002 -28"><span class='ocrx_word' id='word_1_8' title='bbox 277 496 550 569; x_wconf 78' lang='grc' dir='ltr'>ἡμετέρου</span> <span class='ocrx_word' id='word_1_9' title='bbox 598 495 849 566; x_wconf 77' lang='grc' dir='ltr'>κράτους·</span> <span class='ocrx_word' id='word_1_10' title='bbox 882 495 970 548; x_wconf 81' lang='grc' dir='ltr'>καὶ</span> <span class='ocrx_word' id='word_1_11' title='bbox 1009 497 1101 558; x_wconf 81' lang='grc' dir='ltr'>τάς</span> <span class='ocrx_word' id='word_1_12' title='bbox 1135 516 1192 550; x_wconf 92' lang='grc' dir='ltr'>τε</span> <span class='ocrx_word' id='word_1_13' title='bbox 1241 503 1506 571; x_wconf 84' lang='grc' dir='ltr'>προτέρας</span> <span class='ocrx_word' id='word_1_14' title='bbox 1555 499 1939 575; x_wconf 72' lang='grc' dir='ltr'>ἀπολήψονται</span> <span class='ocrx_word' id='word_1_15' title='bbox 1969 504 2132 576; x_wconf 77' lang='grc' dir='ltr'>τιμὰς</span> <span class='ocrx_word' id='word_1_16' title='bbox 2185 503 2220 572; x_wconf 77' lang='grc' dir='ltr'><strong>ἢ</strong></span> <span class='ocrx_word' id='word_1_17' title='bbox 2279 502 2370 558; x_wconf 77' lang='grc' dir='ltr'>καὶ</span> <span class='ocrx_word' id='word_1_18' title='bbox 2431 503 2664 575; x_wconf 82' lang='grc' dir='ltr'>μείζους,</span> <span class='ocrx_word' id='word_1_19' title='bbox 2723 503 2812 556; x_wconf 76' lang='grc' dir='ltr'>καὶ</span> <span class='ocrx_word' id='word_1_20' title='bbox 2863 503 2914 555; x_wconf 85' lang='grc' dir='ltr'>έν</span> <span class='ocrx_word' id='word_1_21' title='bbox 2955 503 3099 571; x_wconf 70' lang='grc' dir='ltr'>ταξτι</span> <span class='ocrx_word' id='word_1_22' title='bbox 3133 505 3201 574; x_wconf 78' lang='grc' dir='ltr'>τῇ</span> <span class='ocrx_word' id='word_1_23' title='bbox 3233 503 3584 576; x_wconf 70' lang='grc' dir='ltr'>προσηκούσῃ</span> <span class='ocrx_word' id='word_1_24' title='bbox 3617 503 3680 555; x_wconf 87' lang='grc' dir='ltr'>τὸ</span> 
     </span>
    </p>
   </div>
   <div class='ocr_carea' id='block_1_4' title="bbox 283 581 3682 670">
    <p class='ocr_par' dir='ltr' id='par_1_4' title="bbox 283 581 3682 670">
     <span class='ocr_line' id='line_1_4' title="bbox 283 581 3682 670; baseline 0.002 -31"><span class='ocrx_word' id='word_1_25' title='bbox 283 585 476 640; x_wconf 85' lang='grc' dir='ltr'>λοιπὸν</span> <span class='ocrx_word' id='word_1_26' title='bbox 527 582 755 638; x_wconf 85' lang='grc' dir='ltr'>ἔσονται·</span> <span class='ocrx_word' id='word_1_27' title='bbox 817 583 862 637; x_wconf 85' lang='grc' dir='ltr'>εἰ</span> <span class='ocrx_word' id='word_1_28' title='bbox 925 581 982 638; x_wconf 77' lang='grc' dir='ltr'>δὲ</span> <span class='ocrx_word' id='word_1_29' title='bbox 1021 591 1120 653; x_wconf 84' lang='grc' dir='ltr'>τῆς</span> <span class='ocrx_word' id='word_1_30' title='bbox 1175 582 1567 660; x_wconf 84' lang='grc' dir='ltr'>προλαϐούσης</span> <span class='ocrx_word' id='word_1_31' title='bbox 1625 590 1968 664; x_wconf 76' lang='grc' dir='ltr'>ἀμεταθέτως</span> <span class='ocrx_word' id='word_1_32' title='bbox 2026 587 2250 670; x_wconf 75' lang='grc' dir='ltr'>ἔχονται</span> <span class='ocrx_word' id='word_1_33' title='bbox 2305 593 2532 666; x_wconf 84' lang='grc' dir='ltr'>γνώμης</span> <span class='ocrx_word' id='word_1_34' title='bbox 2590 596 2659 665; x_wconf 82' lang='grc' dir='ltr'>τῇ</span> <span class='ocrx_word' id='word_1_35' title='bbox 2718 591 3080 664; x_wconf 74' lang='grc' dir='ltr'>αὐστηρότητι</span> <span class='ocrx_word' id='word_1_36' title='bbox 3138 596 3243 646; x_wconf 82' lang='grc' dir='ltr'>τῶν</span> <span class='ocrx_word' id='word_1_37' title='bbox 3297 591 3482 664; x_wconf 86' lang='grc' dir='ltr'>νόμων</span> <span class='ocrx_word' id='word_1_38' title='bbox 3541 591 3682 646; x_wconf 81' lang='grc' dir='ltr'>ὐπο-</span> 
     </span>
    </p>
   </div>
   <div class='ocr_carea' id='block_1_5' title="bbox 282 671 3112 761">
    <p class='ocr_par' dir='ltr' id='par_1_5' title="bbox 282 671 3112 761">
     <span class='ocr_line' id='line_1_5' title="bbox 282 671 3112 761; baseline 0.004 -33"><span class='ocrx_word' id='word_1_39' title='bbox 282 671 595 744; x_wconf 81' lang='grc' dir='ltr'>ϐληθέντες,</span> <span class='ocrx_word' id='word_1_40' title='bbox 618 675 707 728; x_wconf 77' lang='grc' dir='ltr'>καὶ</span> <span class='ocrx_word' id='word_1_41' title='bbox 737 673 866 728; x_wconf 82' lang='grc' dir='ltr'>αύτό</span> <span class='ocrx_word' id='word_1_42' title='bbox 903 677 1036 748; x_wconf 80' lang='grc' dir='ltr'>μετὰ</span> <span class='ocrx_word' id='word_1_43' title='bbox 1058 681 1164 731; x_wconf 79' lang='grc' dir='ltr'>τῶν</span> <span class='ocrx_word' id='word_1_44' title='bbox 1197 674 1382 732; x_wconf 79' lang='grc' dir='ltr'>ἄλλων</span> <span class='ocrx_word' id='word_1_45' title='bbox 1413 680 1476 734; x_wconf 87' lang='grc' dir='ltr'>τὸ</span> <span class='ocrx_word' id='word_1_46' title='bbox 1499 680 1744 736; x_wconf 74' lang='grc' dir='ltr'>εἶναικαὶ</span> <span class='ocrx_word' id='word_1_47' title='bbox 1783 683 1845 737; x_wconf 89' lang='grc' dir='ltr'>τὸ</span> <span class='ocrx_word' id='word_1_48' title='bbox 1879 688 1974 756; x_wconf 79' lang='grc' dir='ltr'>ζῇν</span> <span class='ocrx_word' id='word_1_49' title='bbox 2008 681 2096 738; x_wconf 88' lang='grc' dir='ltr'>δια</span> <span class='ocrx_word' id='word_1_50' title='bbox 2124 685 2310 761; x_wconf 80' lang='grc' dir='ltr'>ξίφους</span> <span class='ocrx_word' id='word_1_51' title='bbox 2342 683 2808 760; x_wconf 70' lang='grc' dir='ltr'>ἀφαιρεθητῶσαν.</span> <span class='ocrx_word' id='word_1_52' title='bbox 2843 682 3112 756; x_wconf 71' lang='grc' dir='ltr'>Ἐῥρωσο.</span> 
     </span>
    </p>
   </div>
   <div class='ocr_carea' id='block_1_6' title="bbox 305 765 1967 874">
    <p class='ocr_par' dir='ltr' id='par_1_6' title="bbox 305 765 1967 874">
     <span class='ocr_line' id='line_1_6' title="bbox 354 765 1967 846; baseline 0.007 -30"><span class='ocrx_word' id='word_1_53' title='bbox 354 773 424 822; x_wconf 82' lang='grc' dir='ltr'>Θ“.</span> <span class='ocrx_word' id='word_1_54' title='bbox 457 765 535 822; x_wconf 75' lang='grc' dir='ltr'>Τὰ</span> <span class='ocrx_word' id='word_1_55' title='bbox 580 769 803 819; x_wconf 67' lang='grc' dir='ltr'>τοιαῦτα</span> <span class='ocrx_word' id='word_1_56' title='bbox 850 765 1142 839; x_wconf 69' lang='grc' dir='ltr'>γράλματα</span> <span class='ocrx_word' id='word_1_57' title='bbox 1193 765 1450 832; x_wconf 87' lang='grc' dir='ltr'>λαϐόντες</span> <span class='ocrx_word' id='word_1_58' title='bbox 1491 773 1541 824; x_wconf 77' lang='grc' dir='ltr'>οἱ</span> <span class='ocrx_word' id='word_1_59' title='bbox 1574 776 1920 846; x_wconf 82' lang='grc' dir='ltr'>στρατιῶται,</span> <span class='ocrx_word' id='word_1_60' title='bbox 1959 831 1967 840; x_wconf 34' lang='grc' dir='ltr'><em>Α</em></span> 
     </span>
     <span class='ocr_line' id='line_1_7' title="bbox 305 853 1736 874; baseline 0.003 -5"><span class='ocrx_word' id='word_1_61' title='bbox 305 855 332 874; x_wconf 68' lang='grc' dir='ltr'>Ἴ·</span> <span class='ocrx_word' id='word_1_62' title='bbox 521 854 535 870; x_wconf 83' lang='lat'><strong><em>\</em></strong></span> <span class='ocrx_word' id='word_1_63' title='bbox 655 855 664 868; x_wconf 63' lang='grc' dir='ltr'><strong>ε</strong></span> <span class='ocrx_word' id='word_1_64' title='bbox 773 855 784 868; x_wconf 62' lang='grc'><em>⁸</em></span> <span class='ocrx_word' id='word_1_65' title='bbox 841 854 851 874; x_wconf 83' lang='grc' dir='ltr'><strong><em>Ι</em></strong></span> <span class='ocrx_word' id='word_1_66' title='bbox 1165 855 1184 874; x_wconf 52' lang='grc' dir='ltr'><strong>Χ</strong></span> <span class='ocrx_word' id='word_1_67' title='bbox 1239 853 1299 874; x_wconf 64' lang='grc' dir='ltr'>ρ’</span> <span class='ocrx_word' id='word_1_68' title='bbox 1487 857 1540 874; x_wconf 56' lang='grc' dir='ltr'>εκ</span> <span class='ocrx_word' id='word_1_69' title='bbox 1581 865 1604 874; x_wconf 59' lang='grc' dir='ltr'><strong><em>ν</em></strong></span> <span class='ocrx_word' id='word_1_70' title='bbox 1715 860 1736 874; x_wconf 67' lang='grc'>1.</span> 
     </span>
    </p>
   </div>
   <div class='ocr_carea' id='block_1_7' title="bbox 2078 765 3680 874">
    <p class='ocr_par' dir='ltr' id='par_1_7' title="bbox 2111 774 3680 845">
     <span class='ocr_line' id='line_1_8' title="bbox 2111 774 3680 845; baseline -0.001 -15"><span class='ocrx_word' id='word_1_71' title='bbox 2111 776 2204 832; x_wconf 84' lang='grc' dir='ltr'>ΙΧ.</span> <span class='ocrx_word' id='word_1_72' title='bbox 2237 778 2382 831; x_wconf 89' lang='lat' dir='ltr'>Cum</span> <span class='ocrx_word' id='word_1_73' title='bbox 2434 777 2538 832; x_wconf 89' lang='lat' dir='ltr'>has</span> <span class='ocrx_word' id='word_1_74' title='bbox 2585 776 2808 832; x_wconf 79' lang='lat' dir='ltr'>litteras</span> <span class='ocrx_word' id='word_1_75' title='bbox 2839 780 2894 831; x_wconf 88' lang='lat' dir='ltr'>et</span> <span class='ocrx_word' id='word_1_76' title='bbox 2923 780 3159 830; x_wconf 87' lang='lat' dir='ltr'>sanctos</span> <span class='ocrx_word' id='word_1_77' title='bbox 3209 775 3364 830; x_wconf 87' lang='lat' dir='ltr'>viros</span> <span class='ocrx_word' id='word_1_78' title='bbox 3415 774 3680 845; x_wconf 87' lang='lat' dir='ltr'>accepis-</span> 
     </span>
    </p>
   </div>
   <div class='ocr_carea' id='block_1_8' title="bbox 283 853 1967 960">
    <p class='ocr_par' dir='ltr' id='par_1_8' title="bbox 283 853 1929 960">
     <span class='ocr_line' id='line_1_9' title="bbox 283 853 1929 935; baseline 0.005 -28"><span class='ocrx_word' id='word_1_79' title='bbox 283 855 393 908; x_wconf 70' lang='grc' dir='ltr'>εἶτα</span> <span class='ocrx_word' id='word_1_80' title='bbox 448 854 538 908; x_wconf 79' lang='grc' dir='ltr'>καὶ</span> <span class='ocrx_word' id='word_1_81' title='bbox 585 855 712 915; x_wconf 75' lang='grc' dir='ltr'>τοὺς</span> <span class='ocrx_word' id='word_1_82' title='bbox 761 854 950 928; x_wconf 80' lang='grc' dir='ltr'>ἁγίους</span> <span class='ocrx_word' id='word_1_83' title='bbox 1015 853 1424 929; x_wconf 80' lang='grc' dir='ltr'>παραλαϐόντες</span> <span class='ocrx_word' id='word_1_84' title='bbox 1481 857 1610 914; x_wconf 79' lang='grc' dir='ltr'>ὁδοῦ</span> <span class='ocrx_word' id='word_1_85' title='bbox 1687 860 1929 935; x_wconf 76' lang='grc' dir='ltr'>εἷ’γοντο.</span> 
     </span>
     <span class='ocr_line' id='line_1_10' title="bbox 284 925 1894 960; baseline 0.004 -5"><span class='ocrx_word' id='word_1_86' title='bbox 284 945 364 960; x_wconf 73' lang='grc' dir='ltr'>..η-ν</span> <span class='ocrx_word' id='word_1_87' title='bbox 489 943 502 960; x_wconf 65' lang='grc' dir='ltr'>ς</span> <span class='ocrx_word' id='word_1_88' title='bbox 716 940 756 960; x_wconf 57' lang='grc' dir='ltr'><strong>θη</strong></span> <span class='ocrx_word' id='word_1_89' title='bbox 1065 949 1090 959; x_wconf 62' lang='grc' dir='ltr'>ς..</span> <span class='ocrx_word' id='word_1_90' title='bbox 1189 956 1196 960; x_wconf 91' lang='grc'>.</span> <span class='ocrx_word' id='word_1_91' title='bbox 1261 947 1273 960; x_wconf 72' lang='grc' dir='ltr'>ρ</span> <span class='ocrx_word' id='word_1_92' title='bbox 1372 948 1382 960; x_wconf 86' lang='grc' dir='ltr'>ι</span> <span class='ocrx_word' id='word_1_93' title='bbox 1589 951 1601 960; x_wconf 70' lang='grc' dir='ltr'>ι</span> <span class='ocrx_word' id='word_1_94' title='bbox 1697 951 1706 960; x_wconf 87' lang='grc'>.</span> <span class='ocrx_word' id='word_1_95' title='bbox 1759 925 1777 936; x_wconf 59' lang='grc'>’⁸</span> <span class='ocrx_word' id='word_1_96' title='bbox 1817 951 1830 960; x_wconf 72' lang='grc' dir='ltr'>ι</span> <span class='ocrx_word' id='word_1_97' title='bbox 1885 950 1894 960; x_wconf 90' lang='grc'>.</span> 
     </span>
    </p>
   </div>
   <div class='ocr_carea' id='block_1_9' title="bbox 2078 853 3684 960">
    <p class='ocr_par' dir='ltr' id='par_1_9' title="bbox 2078 863 3684 936">
     <span class='ocr_line' id='line_1_11' title="bbox 2078 863 3684 936; baseline -0.002 -16"><span class='ocrx_word' id='word_1_98' title='bbox 2078 869 2174 920; x_wconf 89' lang='lat' dir='ltr'>ent</span> <span class='ocrx_word' id='word_1_99' title='bbox 2203 865 2438 935; x_wconf 85' lang='lat' dir='ltr'>milites,</span> <span class='ocrx_word' id='word_1_100' title='bbox 2469 865 2620 919; x_wconf 91' lang='lat' dir='ltr'>viam</span> <span class='ocrx_word' id='word_1_101' title='bbox 2653 869 2788 920; x_wconf 87' lang='lat' dir='ltr'>sunt</span> <span class='ocrx_word' id='word_1_102' title='bbox 2817 864 3084 936; x_wconf 89' lang='lat' dir='ltr'>ingressi.</span> <span class='ocrx_word' id='word_1_103' title='bbox 3110 863 3354 928; x_wconf 84' lang='lat' dir='ltr'>Quidam</span> <span class='ocrx_word' id='word_1_104' title='bbox 3393 867 3584 918; x_wconf 90' lang='lat' dir='ltr'>autem</span> <span class='ocrx_word' id='word_1_105' title='bbox 3615 879 3684 917; x_wconf 82' lang='lat' dir='ltr'>ex</span> 
     </span>
    </p>
   </div>
   <div class='ocr_carea' id='block_1_10' title="bbox 284 940 1967 1024">
    <p class='ocr_par' dir='ltr' id='par_1_10' title="bbox 284 940 1932 1022">
     <span class='ocr_line' id='line_1_12' title="bbox 284 940 1932 1022; baseline 0.006 -27"><span class='ocrx_word' id='word_1_106' title='bbox 284 945 406 1000; x_wconf 76' lang='grc' dir='ltr'>Τῶν</span> <span class='ocrx_word' id='word_1_107' title='bbox 455 943 679 997; x_wconf 75' lang='grc' dir='ltr'>οἰκετῶν</span> <span class='ocrx_word' id='word_1_108' title='bbox 713 940 770 997; x_wconf 76' lang='grc' dir='ltr'>δὲ</span> <span class='ocrx_word' id='word_1_109' title='bbox 824 964 984 1012; x_wconf 87' lang='grc' dir='ltr'>τινες,</span> <span class='ocrx_word' id='word_1_110' title='bbox 1024 949 1103 1015; x_wconf 82' lang='grc' dir='ltr'>τῷ</span> <span class='ocrx_word' id='word_1_111' title='bbox 1147 956 1204 1000; x_wconf 78' lang='grc' dir='ltr'>τι</span> <span class='ocrx_word' id='word_1_112' title='bbox 1253 947 1432 1020; x_wconf 80' lang='grc' dir='ltr'>ὁμοίῳ</span> <span class='ocrx_word' id='word_1_113' title='bbox 1481 951 1604 1022; x_wconf 86' lang='grc' dir='ltr'>περί</span> <span class='ocrx_word' id='word_1_114' title='bbox 1651 951 1750 1018; x_wconf 78' lang='grc' dir='ltr'>τήν</span> <span class='ocrx_word' id='word_1_115' title='bbox 1781 950 1932 1005; x_wconf 75' lang='grc' dir='ltr'>εύσέο</span> 
     </span>
    </p>
   </div>
   <div class='ocr_carea' id='block_1_11' title="bbox 2078 940 3686 1024">
    <p class='ocr_par' dir='ltr' id='par_1_11' title="bbox 2078 951 3686 1024">
     <span class='ocr_line' id='line_1_13' title="bbox 2078 951 3686 1024; baseline -0.002 -15"><span class='ocrx_word' id='word_1_116' title='bbox 2078 953 2298 1022; x_wconf 77' lang='grc' dir='ltr'>ιωυιίε,</span> <span class='ocrx_word' id='word_1_117' title='bbox 2330 957 2388 1008; x_wconf 89' lang='lat' dir='ltr'>et</span> <span class='ocrx_word' id='word_1_118' title='bbox 2416 953 2592 1009; x_wconf 84' lang='lat' dir='ltr'>simili</span> <span class='ocrx_word' id='word_1_119' title='bbox 2636 954 2758 1010; x_wconf 84' lang='lat' dir='ltr'>zelo</span> <span class='ocrx_word' id='word_1_120' title='bbox 2787 953 2846 1007; x_wconf 95' lang='lat' dir='ltr'>in</span> <span class='ocrx_word' id='word_1_121' title='bbox 2874 952 3168 1024; x_wconf 76' lang='lat' dir='ltr'>pietatem,</span> <span class='ocrx_word' id='word_1_122' title='bbox 3214 956 3271 1008; x_wconf 88' lang='lat' dir='ltr'>et</span> <span class='ocrx_word' id='word_1_123' title='bbox 3305 953 3366 1006; x_wconf 91' lang='lat' dir='ltr'>in</span> <span class='ocrx_word' id='word_1_124' title='bbox 3414 951 3686 1007; x_wconf 90' lang='lat' dir='ltr'>dominos</span> 
     </span>
    </p>
   </div>
   <div class='ocr_carea' id='block_1_12' title="bbox 286 1027 1967 1138">
    <p class='ocr_par' dir='ltr' id='par_1_12' title="bbox 286 1027 1936 1138">
     <span class='ocr_line' id='line_1_14' title="bbox 286 1027 1936 1108; baseline 0.004 -23"><span class='ocrx_word' id='word_1_125' title='bbox 286 1027 432 1086; x_wconf 80' lang='grc' dir='ltr'>ϐειαν</span> <span class='ocrx_word' id='word_1_126' title='bbox 469 1031 623 1103; x_wconf 67' lang='grc' dir='ltr'>ζήλῳ</span> <span class='ocrx_word' id='word_1_127' title='bbox 655 1031 744 1086; x_wconf 77' lang='grc' dir='ltr'>καὶ</span> <span class='ocrx_word' id='word_1_128' title='bbox 796 1029 861 1100; x_wconf 78' lang='grc' dir='ltr'>δὴ</span> <span class='ocrx_word' id='word_1_129' title='bbox 916 1032 1006 1086; x_wconf 77' lang='grc' dir='ltr'>καὶ</span> <span class='ocrx_word' id='word_1_130' title='bbox 1056 1034 1190 1108; x_wconf 85' lang='grc' dir='ltr'>πρὸς</span> <span class='ocrx_word' id='word_1_131' title='bbox 1249 1035 1377 1098; x_wconf 78' lang='grc' dir='ltr'>τοὺς</span> <span class='ocrx_word' id='word_1_132' title='bbox 1437 1035 1698 1100; x_wconf 81' lang='grc' dir='ltr'>δεσπότας</span> <span class='ocrx_word' id='word_1_133' title='bbox 1751 1039 1936 1108; x_wconf 81' lang='grc' dir='ltr'>εὐνοίᾳ</span> 
     </span>
     <span class='ocr_line' id='line_1_15' title="bbox 527 1120 1926 1138; baseline 0.001 -1"><span class='ocrx_word' id='word_1_134' title='bbox 527 1122 536 1138; x_wconf 81' lang='grc'><strong><em>,</em></strong></span> <span class='ocrx_word' id='word_1_135' title='bbox 845 1120 856 1138; x_wconf 81' lang='grc' dir='ltr'>ι</span> <span class='ocrx_word' id='word_1_136' title='bbox 1164 1122 1176 1137; x_wconf 81' lang='lat'>.</span> <span class='ocrx_word' id='word_1_137' title='bbox 1309 1125 1320 1138; x_wconf 84' lang='lat'>.</span> <span class='ocrx_word' id='word_1_138' title='bbox 1401 1124 1414 1138; x_wconf 67' lang='grc' dir='ltr'>ι</span> <span class='ocrx_word' id='word_1_139' title='bbox 1616 1129 1670 1138; x_wconf 73' lang='grc'>-.</span> <span class='ocrx_word' id='word_1_140' title='bbox 1914 1127 1926 1138; x_wconf 87' lang='grc'><strong>.</strong></span> 
     </span>
    </p>
   </div>
   <div class='ocr_carea' id='block_1_13' title="bbox 2078 1027 3686 1138">
    <p class='ocr_par' dir='ltr' id='par_1_13' title="bbox 2079 1039 3686 1113">
     <span class='ocr_line' id='line_1_16' title="bbox 2079 1039 3686 1113; baseline -0.002 -15"><span class='ocrx_word' id='word_1_141' title='bbox 2079 1043 2178 1098; x_wconf 90' lang='lat' dir='ltr'>icti</span> <span class='ocrx_word' id='word_1_142' title='bbox 2231 1041 2645 1112; x_wconf 85' lang='lat' dir='ltr'>benevolentia,</span> <span class='ocrx_word' id='word_1_143' title='bbox 2689 1058 2786 1099; x_wconf 91' lang='lat' dir='ltr'>eos</span> <span class='ocrx_word' id='word_1_144' title='bbox 2823 1057 3057 1113; x_wconf 89' lang='lat' dir='ltr'>quoque</span> <span class='ocrx_word' id='word_1_145' title='bbox 3104 1045 3239 1097; x_wconf 89' lang='lat' dir='ltr'>sunt</span> <span class='ocrx_word' id='word_1_146' title='bbox 3283 1040 3485 1108; x_wconf 84' lang='lat' dir='ltr'>secuti,</span> <span class='ocrx_word' id='word_1_147' title='bbox 3515 1039 3686 1111; x_wconf 88' lang='lat' dir='ltr'>quasi</span> 
     </span>
    </p>
   </div>
   <div class='ocr_carea' id='block_1_14' title="bbox 285 1120 1967 1204">
    <p class='ocr_par' dir='ltr' id='par_1_14' title="bbox 285 1120 1936 1201">
     <span class='ocr_line' id='line_1_17' title="bbox 285 1120 1936 1201; baseline 0.005 -29"><span class='ocrx_word' id='word_1_148' title='bbox 285 1122 648 1192; x_wconf 68' lang='grc' dir='ltr'>νενικημένοι,</span> <span class='ocrx_word' id='word_1_149' title='bbox 717 1120 1025 1176; x_wconf 80' lang='grc' dir='ltr'>συνείποντο</span> <span class='ocrx_word' id='word_1_150' title='bbox 1090 1122 1180 1176; x_wconf 83' lang='grc' dir='ltr'>καὶ</span> <span class='ocrx_word' id='word_1_151' title='bbox 1262 1124 1439 1192; x_wconf 77' lang='grc' dir='ltr'>αὐτοὶ,</span> <span class='ocrx_word' id='word_1_152' title='bbox 1542 1129 1780 1201; x_wconf 77' lang='grc' dir='ltr'>καθάπερ</span> <span class='ocrx_word' id='word_1_153' title='bbox 1875 1127 1936 1180; x_wconf 79' lang='grc' dir='ltr'>ού</span> 
     </span>
    </p>
   </div>
   <div class='ocr_carea' id='block_1_15' title="bbox 2078 1120 3689 1204">
    <p class='ocr_par' dir='ltr' id='par_1_15' title="bbox 2078 1128 3689 1204">
     <span class='ocr_line' id='line_1_18' title="bbox 2078 1128 3689 1204; baseline -0.002 -18"><span class='ocrx_word' id='word_1_154' title='bbox 2078 1149 2162 1188; x_wconf 76' lang='grc' dir='ltr'>,οη</span> <span class='ocrx_word' id='word_1_155' title='bbox 2193 1148 2434 1202; x_wconf 89' lang='lat' dir='ltr'>corpora</span> <span class='ocrx_word' id='word_1_156' title='bbox 2464 1131 2652 1188; x_wconf 92' lang='lat' dir='ltr'>solum</span> <span class='ocrx_word' id='word_1_157' title='bbox 2686 1131 2820 1204; x_wconf 85' lang='lat' dir='ltr'>legi,</span> <span class='ocrx_word' id='word_1_158' title='bbox 2845 1131 2943 1186; x_wconf 91' lang='lat' dir='ltr'>sed</span> <span class='ocrx_word' id='word_1_159' title='bbox 2975 1132 3150 1186; x_wconf 90' lang='lat' dir='ltr'>etiam</span> <span class='ocrx_word' id='word_1_160' title='bbox 3181 1131 3405 1186; x_wconf 87' lang='lat' dir='ltr'>animas</span> <span class='ocrx_word' id='word_1_161' title='bbox 3433 1128 3689 1185; x_wconf 88' lang='lat' dir='ltr'>volentes</span> 
     </span>
    </p>
   </div>
   <div class='ocr_carea' id='block_1_16' title="bbox 2047 1219 3696 1285">
    <p class='ocr_par' dir='ltr' id='par_1_16' title="bbox 2047 1219 3696 1285">
     <span class='ocr_line' id='line_1_19' title="bbox 2047 1219 3696 1285; baseline -0.004 -9"><span class='ocrx_word' id='word_1_162' title='bbox 2047 1221 2162 1276; x_wconf 90' lang='lat' dir='ltr'>Deo</span> <span class='ocrx_word' id='word_1_163' title='bbox 2193 1221 2427 1276; x_wconf 81' lang='lat' dir='ltr'>servire.</span> <span class='ocrx_word' id='word_1_164' title='bbox 2461 1219 2568 1285; x_wconf 87' lang='lat' dir='ltr'>Qui</span> <span class='ocrx_word' id='word_1_165' title='bbox 2597 1221 2772 1276; x_wconf 88' lang='lat' dir='ltr'>etiam</span> <span class='ocrx_word' id='word_1_166' title='bbox 2827 1221 3136 1276; x_wconf 89' lang='lat' dir='ltr'>audierunt</span> <span class='ocrx_word' id='word_1_167' title='bbox 3184 1223 3420 1274; x_wconf 89' lang='lat' dir='ltr'>sanctos</span> <span class='ocrx_word' id='word_1_168' title='bbox 3451 1221 3604 1272; x_wconf 88' lang='lat' dir='ltr'>inter</span> <span class='ocrx_word' id='word_1_169' title='bbox 3635 1231 3696 1271; x_wconf 89' lang='lat' dir='ltr'>se</span> 
     </span>
    </p>
   </div>
   <div class='ocr_carea' id='block_1_17' title="bbox 1542 1127 1936 1201">
    <p class='ocr_par' dir='ltr' id='par_1_17' title="bbox 1542 1127 1936 1201">
     <span class='ocr_line' id='line_1_20' title="bbox 1542 1127 1936 1201; baseline -0.005 -19"><span class='ocrx_word' id='word_1_170' title='bbox 1542 1129 1780 1201; x_wconf 77' lang='grc' dir='ltr'>καθάπερ</span> <span class='ocrx_word' id='word_1_171' title='bbox 1875 1127 1936 1180; x_wconf 79' lang='grc' dir='ltr'>ού</span> 
     </span>
    </p>
   </div>
   <div class='ocr_carea' id='block_1_18' title="bbox 290 1208 1938 1286">
    <p class='ocr_par' dir='ltr' id='par_1_18' title="bbox 290 1208 1938 1286">
     <span class='ocr_line' id='line_1_21' title="bbox 290 1208 1938 1286; baseline 0.005 -24"><span class='ocrx_word' id='word_1_172' title='bbox 290 1209 438 1282; x_wconf 80' lang='grc' dir='ltr'>μόνῳ</span> <span class='ocrx_word' id='word_1_173' title='bbox 491 1209 558 1263; x_wconf 74' lang='grc' dir='ltr'>τὰ</span> <span class='ocrx_word' id='word_1_174' title='bbox 593 1209 820 1281; x_wconf 83' lang='grc' dir='ltr'>σώματα</span> <span class='ocrx_word' id='word_1_175' title='bbox 853 1208 1221 1266; x_wconf 78' lang='grc' dir='ltr'>δεδουλῶσθαι</span> <span class='ocrx_word' id='word_1_176' title='bbox 1257 1213 1446 1286; x_wconf 89' lang='grc' dir='ltr'>μόνον,</span> <span class='ocrx_word' id='word_1_177' title='bbox 1477 1213 1622 1271; x_wconf 83' lang='grc' dir='ltr'>ἀλλὰ</span> <span class='ocrx_word' id='word_1_178' title='bbox 1661 1217 1750 1270; x_wconf 87' lang='grc' dir='ltr'>καὶ</span> <span class='ocrx_word' id='word_1_179' title='bbox 1784 1217 1938 1286; x_wconf 83' lang='grc' dir='ltr'>πόθῳ</span> 
     </span>
    </p>
   </div>
   <div class='ocr_carea' id='block_1_19' title="bbox 286 1298 1942 1378">
    <p class='ocr_par' dir='ltr' id='par_1_19' title="bbox 286 1298 1942 1378">
     <span class='ocr_line' id='line_1_22' title="bbox 286 1298 1942 1378; baseline 0.006 -26"><span class='ocrx_word' id='word_1_180' title='bbox 286 1298 380 1361; x_wconf 69' lang='grc' dir='ltr'>τὰς</span> <span class='ocrx_word' id='word_1_181' title='bbox 449 1299 629 1375; x_wconf 71' lang='grc' dir='ltr'>ψυχὰς</span> <span class='ocrx_word' id='word_1_182' title='bbox 689 1299 1045 1371; x_wconf 85' lang='grc' dir='ltr'>βουλόμενοι.</span> <span class='ocrx_word' id='word_1_183' title='bbox 1105 1299 1172 1358; x_wconf 68' lang='grc' dir='ltr'>Οἳ</span> <span class='ocrx_word' id='word_1_184' title='bbox 1225 1303 1314 1357; x_wconf 84' lang='grc' dir='ltr'>καὶ</span> <span class='ocrx_word' id='word_1_185' title='bbox 1370 1308 1477 1358; x_wconf 82' lang='grc' dir='ltr'>τῶν</span> <span class='ocrx_word' id='word_1_186' title='bbox 1538 1305 1704 1378; x_wconf 76' lang='grc' dir='ltr'>ἀγῖων</span> <span class='ocrx_word' id='word_1_187' title='bbox 1741 1307 1942 1374; x_wconf 71' lang='grc' dir='ltr'>ἤκουον</span> 
     </span>
    </p>
   </div>
   <div class='ocr_carea' id='block_1_20' title="bbox 289 1385 1944 1473">
    <p class='ocr_par' dir='ltr' id='par_1_20' title="bbox 289 1385 1944 1473">
     <span class='ocr_line' id='line_1_23' title="bbox 289 1385 1944 1473; baseline 0.007 -33"><span class='ocrx_word' id='word_1_188' title='bbox 289 1388 424 1461; x_wconf 80' lang='grc' dir='ltr'>πρὸς</span> <span class='ocrx_word' id='word_1_189' title='bbox 471 1385 755 1456; x_wconf 73' lang='grc' dir='ltr'>ἀλλήλους</span> <span class='ocrx_word' id='word_1_190' title='bbox 819 1389 1012 1461; x_wconf 83' lang='grc' dir='ltr'>μεταξὺ</span> <span class='ocrx_word' id='word_1_191' title='bbox 1077 1389 1604 1466; x_wconf 83' lang='grc' dir='ltr'>κοινολογουμένων·</span> <span class='ocrx_word' id='word_1_192' title='bbox 1689 1397 1761 1458; x_wconf 87' lang='grc' dir='ltr'>ὡς</span> <span class='ocrx_word' id='word_1_193' title='bbox 1839 1397 1944 1473; x_wconf 76' lang='grc' dir='ltr'>ἄρα</span> 
     </span>
    </p>
   </div>
   <div class='ocr_carea' id='block_1_21' title="bbox 289 1474 1941 1558">
    <p class='ocr_par' dir='ltr' id='par_1_21' title="bbox 289 1474 1941 1558">
     <span class='ocr_line' id='line_1_24' title="bbox 289 1474 1941 1558; baseline 0.007 -29"><span class='ocrx_word' id='word_1_194' title='bbox 289 1483 388 1543; x_wconf 81' lang='grc' dir='ltr'>τῆς</span> <span class='ocrx_word' id='word_1_195' title='bbox 418 1475 607 1538; x_wconf 83' lang='grc' dir='ltr'>νυκτὸς</span> <span class='ocrx_word' id='word_1_196' title='bbox 665 1478 784 1539; x_wconf 85' lang='grc' dir='ltr'>καθ’</span> <span class='ocrx_word' id='word_1_197' title='bbox 841 1474 907 1545; x_wconf 74' lang='grc' dir='ltr'>ἤν</span> <span class='ocrx_word' id='word_1_198' title='bbox 949 1484 1049 1546; x_wconf 77' lang='grc' dir='ltr'>τῆς</span> <span class='ocrx_word' id='word_1_199' title='bbox 1103 1477 1318 1542; x_wconf 79' lang='grc' dir='ltr'>πόλεως</span> <span class='ocrx_word' id='word_1_200' title='bbox 1351 1483 1639 1555; x_wconf 84' lang='grc' dir='ltr'>Ῥωμαίων</span> <span class='ocrx_word' id='word_1_201' title='bbox 1693 1484 1941 1558; x_wconf 75' lang='grc' dir='ltr'>ἐξῄεσαν,</span> 
     </span>
    </p>
   </div>
   <div class='ocr_carea' id='block_1_22' title="bbox 294 1563 1946 1644">
    <p class='ocr_par' dir='ltr' id='par_1_22' title="bbox 294 1563 1946 1644">
     <span class='ocr_line' id='line_1_25' title="bbox 294 1563 1946 1644; baseline 0.006 -26"><span class='ocrx_word' id='word_1_202' title='bbox 294 1563 536 1638; x_wconf 84' lang='grc' dir='ltr'>θειοτέρα</span> <span class='ocrx_word' id='word_1_203' title='bbox 593 1584 672 1625; x_wconf 87' lang='grc' dir='ltr'>τις</span> <span class='ocrx_word' id='word_1_204' title='bbox 730 1563 854 1637; x_wconf 74' lang='grc' dir='ltr'>ὄψις</span> <span class='ocrx_word' id='word_1_205' title='bbox 911 1564 1248 1642; x_wconf 69' lang='grc' dir='ltr'>ἐπιφανεῖσα,</span> <span class='ocrx_word' id='word_1_206' title='bbox 1303 1567 1520 1644; x_wconf 75' lang='grc' dir='ltr'>Οαῤῥεῖν</span> <span class='ocrx_word' id='word_1_207' title='bbox 1587 1571 1771 1634; x_wconf 76' lang='grc' dir='ltr'>αὐτοῖς</span> <span class='ocrx_word' id='word_1_208' title='bbox 1833 1572 1946 1628; x_wconf 80' lang='grc' dir='ltr'>ἐκέ·</span> 
     </span>
    </p>
   </div>
   <div class='ocr_carea' id='block_1_23' title="bbox 295 1652 1946 1730">
    <p class='ocr_par' dir='ltr' id='par_1_23' title="bbox 295 1652 1946 1730">
     <span class='ocr_line' id='line_1_26' title="bbox 295 1652 1946 1730; baseline 0.005 -23"><span class='ocrx_word' id='word_1_209' title='bbox 295 1653 416 1709; x_wconf 86' lang='grc' dir='ltr'>λευε</span> <span class='ocrx_word' id='word_1_210' title='bbox 445 1654 538 1708; x_wconf 86' lang='grc' dir='ltr'>τὸν</span> <span class='ocrx_word' id='word_1_211' title='bbox 587 1652 789 1728; x_wconf 84' lang='grc' dir='ltr'>ἀγῶνα,</span> <span class='ocrx_word' id='word_1_212' title='bbox 833 1654 924 1708; x_wconf 86' lang='grc' dir='ltr'>καὶ</span> <span class='ocrx_word' id='word_1_213' title='bbox 971 1658 1380 1730; x_wconf 79' lang='grc' dir='ltr'>προθυμότερον</span> <span class='ocrx_word' id='word_1_214' title='bbox 1438 1665 1536 1728; x_wconf 82' lang='grc' dir='ltr'>τῆς</span> <span class='ocrx_word' id='word_1_215' title='bbox 1577 1658 1753 1729; x_wconf 80' lang='grc' dir='ltr'>καλῆς</span> <span class='ocrx_word' id='word_1_216' title='bbox 1811 1661 1946 1716; x_wconf 83' lang='grc' dir='ltr'>ἐκεί-</span> 
     </span>
    </p>
   </div>
   <div class='ocr_carea' id='block_1_24' title="bbox 299 1738 1948 1825">
    <p class='ocr_par' dir='ltr' id='par_1_24' title="bbox 299 1738 1948 1825">
     <span class='ocr_line' id='line_1_27' title="bbox 299 1738 1948 1825; baseline 0.004 -27"><span class='ocrx_word' id='word_1_217' title='bbox 299 1765 399 1814; x_wconf 82' lang='grc' dir='ltr'>νης</span> <span class='ocrx_word' id='word_1_218' title='bbox 457 1739 547 1796; x_wconf 76' lang='grc' dir='ltr'>διὰ</span> <span class='ocrx_word' id='word_1_219' title='bbox 611 1744 843 1818; x_wconf 85' lang='grc' dir='ltr'>Χριστὸν</span> <span class='ocrx_word' id='word_1_220' title='bbox 895 1738 1114 1818; x_wconf 80' lang='grc' dir='ltr'>ἔχεσθαι</span> <span class='ocrx_word' id='word_1_221' title='bbox 1171 1748 1416 1820; x_wconf 79' lang='grc' dir='ltr'>πορείας.</span> <span class='ocrx_word' id='word_1_222' title='bbox 1451 1749 1543 1804; x_wconf 84' lang='grc' dir='ltr'>Διὸ</span> <span class='ocrx_word' id='word_1_223' title='bbox 1600 1750 1689 1804; x_wconf 82' lang='grc' dir='ltr'>καὶ</span> <span class='ocrx_word' id='word_1_224' title='bbox 1741 1751 1844 1805; x_wconf 81' lang='grc' dir='ltr'>ὑπὸ</span> <span class='ocrx_word' id='word_1_225' title='bbox 1881 1750 1948 1825; x_wconf 71' lang='grc' dir='ltr'>τῇ</span> 
     </span>
    </p>
   </div>
   <div class='ocr_carea' id='block_1_25' title="bbox 298 1828 1946 1913">
    <p class='ocr_par' dir='ltr' id='par_1_25' title="bbox 298 1828 1946 1913">
     <span class='ocr_line' id='line_1_28' title="bbox 298 1828 1946 1913; baseline 0.005 -27"><span class='ocrx_word' id='word_1_226' title='bbox 298 1832 484 1888; x_wconf 82' lang='grc' dir='ltr'>ἁλύσει</span> <span class='ocrx_word' id='word_1_227' title='bbox 515 1837 583 1906; x_wconf 80' lang='grc' dir='ltr'>τῇ</span> <span class='ocrx_word' id='word_1_228' title='bbox 625 1828 822 1905; x_wconf 82' lang='grc' dir='ltr'>σιδηρᾷ</span> <span class='ocrx_word' id='word_1_229' title='bbox 870 1832 1146 1906; x_wconf 81' lang='grc' dir='ltr'>βαίνοντες</span> <span class='ocrx_word' id='word_1_230' title='bbox 1205 1835 1401 1891; x_wconf 77' lang='grc' dir='ltr'>ἐκεῖνοι</span> <span class='ocrx_word' id='word_1_231' title='bbox 1432 1838 1520 1892; x_wconf 68' lang='grc' dir='ltr'>καῖ</span> <span class='ocrx_word' id='word_1_232' title='bbox 1551 1844 1667 1901; x_wconf 86' lang='grc' dir='ltr'>τοῖς</span> <span class='ocrx_word' id='word_1_233' title='bbox 1701 1837 1946 1913; x_wconf 82' lang='grc' dir='ltr'>δεσμοῖς,</span> 
     </span>
    </p>
   </div>
   <div class='ocr_carea' id='block_1_26' title="bbox 297 1917 1947 2002">
    <p class='ocr_par' dir='ltr' id='par_1_26' title="bbox 297 1917 1947 2002">
     <span class='ocr_line' id='line_1_29' title="bbox 297 1917 1947 2002; baseline 0.005 -27"><span class='ocrx_word' id='word_1_234' title='bbox 297 1921 521 1982; x_wconf 86' lang='grc' dir='ltr'>ἀλύπως</span> <span class='ocrx_word' id='word_1_235' title='bbox 557 1921 675 1994; x_wconf 81' lang='grc' dir='ltr'>μεθ’</span> <span class='ocrx_word' id='word_1_236' title='bbox 705 1917 908 1990; x_wconf 78' lang='grc' dir='ltr'>ἡδονῆς</span> <span class='ocrx_word' id='word_1_237' title='bbox 935 1922 1204 1994; x_wconf 60' lang='grc' dir='ltr'>ἔψαλλον.</span> <span class='ocrx_word' id='word_1_238' title='bbox 1234 1926 1320 1980; x_wconf 89' lang='grc' dir='ltr'>Ἐν</span> <span class='ocrx_word' id='word_1_239' title='bbox 1353 1929 1420 1998; x_wconf 77' lang='grc' dir='ltr'>τῇ</span> <span class='ocrx_word' id='word_1_240' title='bbox 1461 1924 1574 1998; x_wconf 82' lang='grc' dir='ltr'>ὁδῷ</span> <span class='ocrx_word' id='word_1_241' title='bbox 1601 1931 1709 1982; x_wconf 80' lang='grc' dir='ltr'>τῶν</span> <span class='ocrx_word' id='word_1_242' title='bbox 1747 1949 1947 2002; x_wconf 88' lang='grc' dir='ltr'>μαρτυ-</span> 
     </span>
    </p>
   </div>
   <div class='ocr_carea' id='block_1_27' title="bbox 301 2005 1947 2089">
    <p class='ocr_par' dir='ltr' id='par_1_27' title="bbox 301 2005 1947 2089">
     <span class='ocr_line' id='line_1_30' title="bbox 301 2005 1947 2089; baseline 0.006 -27"><span class='ocrx_word' id='word_1_243' title='bbox 301 2010 430 2084; x_wconf 86' lang='grc' dir='ltr'>ρίων</span> <span class='ocrx_word' id='word_1_244' title='bbox 475 2029 570 2062; x_wconf 88' lang='grc' dir='ltr'>σου</span> <span class='ocrx_word' id='word_1_245' title='bbox 629 2005 978 2086; x_wconf 65' lang='grc' dir='ltr'>ἐτέρφθημεν,</span> <span class='ocrx_word' id='word_1_246' title='bbox 1031 2011 1216 2086; x_wconf 87' lang='grc' dir='ltr'>Κύριε,</span> <span class='ocrx_word' id='word_1_247' title='bbox 1250 2013 1323 2074; x_wconf 84' lang='grc' dir='ltr'>ὡς</span> <span class='ocrx_word' id='word_1_248' title='bbox 1374 2013 1458 2068; x_wconf 78' lang='grc' dir='ltr'>ἐπὶ</span> <span class='ocrx_word' id='word_1_249' title='bbox 1510 2015 1670 2070; x_wconf 85' lang='grc' dir='ltr'>παντὶ</span> <span class='ocrx_word' id='word_1_250' title='bbox 1701 2015 1947 2089; x_wconf 87' lang='grc' dir='ltr'>πλούτῳ·</span> 
     </span>
    </p>
   </div>
   <div class='ocr_carea' id='block_1_28' title="bbox 2051 1304 3691 1379">
    <p class='ocr_par' dir='ltr' id='par_1_28' title="bbox 2051 1304 3691 1379">
     <span class='ocr_line' id='line_1_31' title="bbox 2051 1304 3691 1379; baseline -0.003 -15"><span class='ocrx_word' id='word_1_251' title='bbox 2051 1309 2468 1379; x_wconf 90' lang='lat' dir='ltr'>colloquentes,</span> <span class='ocrx_word' id='word_1_252' title='bbox 2499 1313 2556 1365; x_wconf 91' lang='lat' dir='ltr'>et</span> <span class='ocrx_word' id='word_1_253' title='bbox 2584 1308 2864 1374; x_wconf 84' lang='lat' dir='ltr'>dicentes,</span> <span class='ocrx_word' id='word_1_254' title='bbox 2897 1309 3052 1379; x_wconf 84' lang='lat' dir='ltr'>quod</span> <span class='ocrx_word' id='word_1_255' title='bbox 3097 1311 3287 1378; x_wconf 87' lang='lat' dir='ltr'>nocte,</span> <span class='ocrx_word' id='word_1_256' title='bbox 3321 1323 3436 1378; x_wconf 89' lang='lat' dir='ltr'>qua</span> <span class='ocrx_word' id='word_1_257' title='bbox 3473 1304 3691 1377; x_wconf 75' lang='lat' dir='ltr'>egressi</span> 
     </span>
    </p>
   </div>
   <div class='ocr_carea' id='block_1_29' title="bbox 2053 1396 3694 1466">
    <p class='ocr_par' dir='ltr' id='par_1_29' title="bbox 2053 1396 3694 1466">
     <span class='ocr_line' id='line_1_32' title="bbox 2053 1396 3694 1466; baseline -0.003 -14"><span class='ocrx_word' id='word_1_258' title='bbox 2053 1401 2187 1452; x_wconf 88' lang='lat' dir='ltr'>sunt</span> <span class='ocrx_word' id='word_1_259' title='bbox 2217 1413 2248 1452; x_wconf 97' lang='lat' dir='ltr'>e</span> <span class='ocrx_word' id='word_1_260' title='bbox 2277 1397 2507 1453; x_wconf 82' lang='lat' dir='ltr'>civitate</span> <span class='ocrx_word' id='word_1_261' title='bbox 2534 1398 2948 1463; x_wconf 83' lang='lat' dir='ltr'>Romanorum,</span> <span class='ocrx_word' id='word_1_262' title='bbox 2981 1396 3179 1452; x_wconf 88' lang='lat' dir='ltr'>divina</span> <span class='ocrx_word' id='word_1_263' title='bbox 3221 1396 3484 1466; x_wconf 71' lang='lat' dir='ltr'>quaedam</span> <span class='ocrx_word' id='word_1_264' title='bbox 3519 1410 3694 1464; x_wconf 89' lang='lat' dir='ltr'>appa-</span> 
     </span>
    </p>
   </div>
   <div class='ocr_carea' id='block_1_30' title="bbox 2053 1482 3695 1557">
    <p class='ocr_par' dir='ltr' id='par_1_30' title="bbox 2053 1482 3695 1557">
     <span class='ocr_line' id='line_1_33' title="bbox 2053 1482 3695 1557; baseline -0.002 -17"><span class='ocrx_word' id='word_1_265' title='bbox 2053 1502 2186 1542; x_wconf 86' lang='lat' dir='ltr'>rens</span> <span class='ocrx_word' id='word_1_266' title='bbox 2217 1486 2360 1542; x_wconf 81' lang='lat' dir='ltr'>visio</span> <span class='ocrx_word' id='word_1_267' title='bbox 2383 1486 2564 1556; x_wconf 84' lang='lat' dir='ltr'>jussit</span> <span class='ocrx_word' id='word_1_268' title='bbox 2591 1503 2690 1542; x_wconf 89' lang='lat' dir='ltr'>eos</span> <span class='ocrx_word' id='word_1_269' title='bbox 2721 1487 3032 1557; x_wconf 82' lang='lat' dir='ltr'>confidere,</span> <span class='ocrx_word' id='word_1_270' title='bbox 3063 1493 3116 1542; x_wconf 89' lang='lat' dir='ltr'>et</span> <span class='ocrx_word' id='word_1_271' title='bbox 3149 1487 3298 1542; x_wconf 90' lang='lat' dir='ltr'>bono</span> <span class='ocrx_word' id='word_1_272' title='bbox 3329 1500 3454 1540; x_wconf 87' lang='lat' dir='ltr'>esse</span> <span class='ocrx_word' id='word_1_273' title='bbox 3498 1482 3695 1538; x_wconf 90' lang='lat' dir='ltr'>animo</span> 
     </span>
    </p>
   </div>
   <div class='ocr_carea' id='block_1_31' title="bbox 2055 1571 3697 1646">
    <p class='ocr_par' dir='ltr' id='par_1_31' title="bbox 2055 1571 3697 1646">
     <span class='ocr_line' id='line_1_34' title="bbox 2055 1571 3697 1646; baseline -0.004 -15"><span class='ocrx_word' id='word_1_274' title='bbox 2055 1576 2126 1631; x_wconf 88' lang='lat' dir='ltr'>ad</span> <span class='ocrx_word' id='word_1_275' title='bbox 2185 1581 2500 1642; x_wconf 83' lang='lat' dir='ltr'>certamen,</span> <span class='ocrx_word' id='word_1_276' title='bbox 2559 1581 2616 1632; x_wconf 89' lang='lat' dir='ltr'>et</span> <span class='ocrx_word' id='word_1_277' title='bbox 2671 1575 2940 1631; x_wconf 85' lang='lat' dir='ltr'>alacriter</span> <span class='ocrx_word' id='word_1_278' title='bbox 3013 1575 3236 1646; x_wconf 81' lang='lat' dir='ltr'>ingredi</span> <span class='ocrx_word' id='word_1_279' title='bbox 3315 1575 3530 1629; x_wconf 90' lang='lat' dir='ltr'>bonum</span> <span class='ocrx_word' id='word_1_280' title='bbox 3587 1571 3697 1626; x_wconf 90' lang='lat' dir='ltr'>iter</span> 
     </span>
    </p>
   </div>
   <div class='ocr_carea' id='block_1_32' title="bbox 2056 1661 3701 1736">
    <p class='ocr_par' dir='ltr' id='par_1_32' title="bbox 2056 1661 3701 1736">
     <span class='ocr_line' id='line_1_35' title="bbox 2056 1661 3701 1736; baseline -0.004 -16"><span class='ocrx_word' id='word_1_281' title='bbox 2056 1669 2288 1736; x_wconf 87' lang='lat' dir='ltr'>propter</span> <span class='ocrx_word' id='word_1_282' title='bbox 2328 1665 2647 1721; x_wconf 84' lang='lat' dir='ltr'>Christum.</span> <span class='ocrx_word' id='word_1_283' title='bbox 2681 1665 3062 1730; x_wconf 83' lang='lat' dir='ltr'>Quamobrem</span> <span class='ocrx_word' id='word_1_284' title='bbox 3111 1663 3218 1720; x_wconf 87' lang='lat' dir='ltr'>etsi</span> <span class='ocrx_word' id='word_1_285' title='bbox 3267 1665 3466 1718; x_wconf 85' lang='lat' dir='ltr'>essent</span> <span class='ocrx_word' id='word_1_286' title='bbox 3513 1661 3701 1716; x_wconf 84' lang='lat' dir='ltr'>ferrea</span> 
     </span>
    </p>
   </div>
   <div class='ocr_carea' id='block_1_33' title="bbox 2055 1749 3702 1824">
    <p class='ocr_par' dir='ltr' id='par_1_33' title="bbox 2055 1749 3702 1824">
     <span class='ocr_line' id='line_1_36' title="bbox 2055 1749 3702 1824; baseline -0.005 -16"><span class='ocrx_word' id='word_1_287' title='bbox 2055 1753 2154 1808; x_wconf 89' lang='lat' dir='ltr'>illa</span> <span class='ocrx_word' id='word_1_288' title='bbox 2177 1753 2352 1808; x_wconf 88' lang='lat' dir='ltr'>vincti</span> <span class='ocrx_word' id='word_1_289' title='bbox 2385 1755 2608 1824; x_wconf 87' lang='lat' dir='ltr'>catena,</span> <span class='ocrx_word' id='word_1_290' title='bbox 2631 1753 2775 1808; x_wconf 87' lang='lat' dir='ltr'>citra</span> <span class='ocrx_word' id='word_1_291' title='bbox 2807 1753 3135 1808; x_wconf 86' lang='lat' dir='ltr'>molestiam</span> <span class='ocrx_word' id='word_1_292' title='bbox 3160 1755 3214 1808; x_wconf 90' lang='lat' dir='ltr'>et</span> <span class='ocrx_word' id='word_1_293' title='bbox 3245 1765 3378 1805; x_wconf 90' lang='lat' dir='ltr'>cum</span> <span class='ocrx_word' id='word_1_294' title='bbox 3411 1749 3702 1818; x_wconf 82' lang='lat' dir='ltr'>voluptate</span> 
     </span>
    </p>
   </div>
   <div class='ocr_carea' id='block_1_34' title="bbox 2056 1833 3706 1914">
    <p class='ocr_par' dir='ltr' id='par_1_34' title="bbox 2056 1833 3706 1914">
     <span class='ocr_line' id='line_1_37' title="bbox 2056 1833 3706 1914; baseline -0.007 -16"><span class='ocrx_word' id='word_1_295' title='bbox 2056 1840 2424 1914; x_wconf 88' lang='lat' dir='ltr'>psallebant:</span> <span class='ocrx_word' id='word_1_296' title='bbox 2451 1841 2516 1896; x_wconf 84' lang='lat' dir='ltr'>In</span> <span class='ocrx_word' id='word_1_297' title='bbox 2546 1842 2640 1896; x_wconf 87' lang='lat' dir='ltr'>via</span> <span class='ocrx_word' id='word_1_298' title='bbox 2667 1841 3136 1897; x_wconf 87' lang='lat' dir='ltr'>testimoniorum</span> <span class='ocrx_word' id='word_1_299' title='bbox 3169 1847 3400 1894; x_wconf 87' lang='lat' dir='ltr'>tuorum</span> <span class='ocrx_word' id='word_1_300' title='bbox 3433 1833 3706 1892; x_wconf 86' lang='lat' dir='ltr'>delectati</span> 
     </span>
    </p>
   </div>
   <div class='ocr_carea' id='block_1_35' title="bbox 2058 1923 3701 2001">
    <p class='ocr_par' dir='ltr' id='par_1_35' title="bbox 2058 1923 3701 2001">
     <span class='ocr_line' id='line_1_38' title="bbox 2058 1923 3701 2001; baseline -0.007 -14"><span class='ocrx_word' id='word_1_301' title='bbox 2058 1947 2282 1998; x_wconf 88' lang='lat' dir='ltr'>sumus,</span> <span class='ocrx_word' id='word_1_302' title='bbox 2314 1929 2576 1998; x_wconf 89' lang='lat' dir='ltr'>Domine,</span> <span class='ocrx_word' id='word_1_303' title='bbox 2609 1933 2890 2001; x_wconf 87' lang='lat' dir='ltr'>tanquam</span> <span class='ocrx_word' id='word_1_304' title='bbox 2939 1929 2998 1984; x_wconf 90' lang='lat' dir='ltr'>in</span> <span class='ocrx_word' id='word_1_305' title='bbox 3047 1927 3321 1984; x_wconf 92' lang='lat' dir='ltr'>omnibus</span> <span class='ocrx_word' id='word_1_306' title='bbox 3365 1923 3604 1981; x_wconf 79' lang='lat' dir='ltr'>divitiis.</span> <span class='ocrx_word' id='word_1_307' title='bbox 3637 1923 3701 1977; x_wconf 91' lang='lat' dir='ltr'>In</span> 
     </span>
    </p>
   </div>
   <div class='ocr_carea' id='block_1_36' title="bbox 2055 2012 3701 2092">
    <p class='ocr_par' dir='ltr' id='par_1_36' title="bbox 2055 2012 3701 2092">
     <span class='ocr_line' id='line_1_39' title="bbox 2055 2012 3701 2092; baseline -0.007 -15"><span class='ocrx_word' id='word_1_308' title='bbox 2055 2018 2566 2092; x_wconf 87' lang='lat' dir='ltr'>justiﬁcationibus</span> <span class='ocrx_word' id='word_1_309' title='bbox 2615 2019 2734 2074; x_wconf 90' lang='lat' dir='ltr'>tuis</span> <span class='ocrx_word' id='word_1_310' title='bbox 2777 2019 3040 2074; x_wconf 83' lang='lat' dir='ltr'>meditati</span> <span class='ocrx_word' id='word_1_311' title='bbox 3070 2033 3301 2083; x_wconf 90' lang='lat' dir='ltr'>sumus,</span> <span class='ocrx_word' id='word_1_312' title='bbox 3331 2018 3388 2072; x_wconf 91' lang='lat' dir='ltr'>et</span> <span class='ocrx_word' id='word_1_313' title='bbox 3413 2012 3558 2085; x_wconf 86' lang='lat' dir='ltr'>legis</span> <span class='ocrx_word' id='word_1_314' title='bbox 3588 2015 3701 2066; x_wconf 59' lang='lat' dir='ltr'>ture</span> 
     </span>
    </p>
   </div>
   <div class='ocr_carea' id='block_1_37' title="bbox 300 2097 1967 2205">
    <p class='ocr_par' dir='ltr' id='par_1_37' title="bbox 300 2097 1949 2205">
     <span class='ocr_line' id='line_1_40' title="bbox 300 2097 1949 2180; baseline 0.004 -25"><span class='ocrx_word' id='word_1_315' title='bbox 300 2100 387 2155; x_wconf 83' lang='grc' dir='ltr'>Ἐν</span> <span class='ocrx_word' id='word_1_316' title='bbox 417 2103 534 2161; x_wconf 87' lang='grc' dir='ltr'>τοῖς</span> <span class='ocrx_word' id='word_1_317' title='bbox 593 2097 921 2172; x_wconf 84' lang='grc' dir='ltr'>δικαιώμασί</span> <span class='ocrx_word' id='word_1_318' title='bbox 977 2121 1072 2155; x_wconf 90' lang='grc' dir='ltr'>σου</span> <span class='ocrx_word' id='word_1_319' title='bbox 1106 2102 1479 2177; x_wconf 70' lang='grc' dir='ltr'>μελετήσομεν</span> <span class='ocrx_word' id='word_1_320' title='bbox 1510 2105 1600 2160; x_wconf 87' lang='grc' dir='ltr'>καὶ</span> <span class='ocrx_word' id='word_1_321' title='bbox 1650 2111 1746 2162; x_wconf 82' lang='grc' dir='ltr'>τοῦ</span> <span class='ocrx_word' id='word_1_322' title='bbox 1777 2108 1949 2180; x_wconf 88' lang='grc' dir='ltr'>νόμου</span> 
     </span>
     <span class='ocr_line' id='line_1_41' title="bbox 467 2187 1880 2205; baseline 0 0"><span class='ocrx_word' id='word_1_323' title='bbox 467 2187 1630 2205; x_wconf 54' lang='grc' dir='ltr'>,,κ,..-..,..,.,.</span> <span class='ocrx_word' id='word_1_324' title='bbox 1830 2193 1880 2205; x_wconf 59' lang='grc' dir='ltr'>..ι</span> 
     </span>
    </p>
   </div>
   <div class='ocr_carea' id='block_1_38' title="bbox 2078 2097 3704 2205">
    <p class='ocr_par' dir='ltr' id='par_1_38' title="bbox 2078 2099 3704 2167">
     <span class='ocr_line' id='line_1_42' title="bbox 2078 2099 3704 2167; baseline -0.007 -2"><span class='ocrx_word' id='word_1_325' title='bbox 2078 2126 2173 2165; x_wconf 77' lang='lat' dir='ltr'>ion</span> <span class='ocrx_word' id='word_1_326' title='bbox 2209 2125 2418 2164; x_wconf 90' lang='lat' dir='ltr'>sumus</span> <span class='ocrx_word' id='word_1_327' title='bbox 2456 2107 2638 2164; x_wconf 88' lang='lat' dir='ltr'>obliti.</span> <span class='ocrx_word' id='word_1_328' title='bbox 2661 2107 2724 2163; x_wconf 93' lang='lat' dir='ltr'>In</span> <span class='ocrx_word' id='word_1_329' title='bbox 2757 2105 3182 2163; x_wconf 86' lang='lat' dir='ltr'>mandatistuis</span> <span class='ocrx_word' id='word_1_330' title='bbox 3204 2099 3704 2167; x_wconf 86' lang='lat' dir='ltr'>meditabimur,et</span> 
     </span>
    </p>
   </div>
   <div class='ocr_carea' id='block_1_39' title="bbox 301 2187 1948 2262">
    <p class='ocr_par' dir='ltr' id='par_1_39' title="bbox 301 2187 1948 2262">
     <span class='ocr_line' id='line_1_43' title="bbox 301 2187 1948 2262; baseline 0.004 -20"><span class='ocrx_word' id='word_1_331' title='bbox 301 2209 394 2242; x_wconf 87' lang='grc' dir='ltr'>σου</span> <span class='ocrx_word' id='word_1_332' title='bbox 426 2187 524 2242; x_wconf 80' lang='grc' dir='ltr'>οὐκ</span> <span class='ocrx_word' id='word_1_333' title='bbox 579 2187 1080 2262; x_wconf 79' lang='grc' dir='ltr'>έπιλησθησόμεθα.</span> <span class='ocrx_word' id='word_1_334' title='bbox 1127 2193 1214 2246; x_wconf 83' lang='lat' dir='ltr'>’Ev</span> <span class='ocrx_word' id='word_1_335' title='bbox 1245 2196 1366 2254; x_wconf 85' lang='grc' dir='ltr'>ταῖς</span> <span class='ocrx_word' id='word_1_336' title='bbox 1417 2192 1657 2255; x_wconf 75' lang='grc' dir='ltr'>ἐντολαῖς</span> <span class='ocrx_word' id='word_1_337' title='bbox 1688 2217 1786 2250; x_wconf 91' lang='grc' dir='ltr'>σου</span> <span class='ocrx_word' id='word_1_338' title='bbox 1819 2193 1948 2250; x_wconf 83' lang='grc' dir='ltr'>ἀδο-</span> 
     </span>
    </p>
   </div>
   <div class='ocr_carea' id='block_1_40' title="bbox 299 2275 1922 2354">
    <p class='ocr_par' dir='ltr' id='par_1_40' title="bbox 299 2275 1922 2354">
     <span class='ocr_line' id='line_1_44' title="bbox 299 2275 1922 2354; baseline 0.003 -22"><span class='ocrx_word' id='word_1_339' title='bbox 299 2275 666 2352; x_wconf 75' lang='grc' dir='ltr'>λεσχήσομεν,</span> <span class='ocrx_word' id='word_1_340' title='bbox 706 2277 795 2331; x_wconf 84' lang='grc' dir='ltr'>καὶ</span> <span class='ocrx_word' id='word_1_341' title='bbox 853 2277 1225 2352; x_wconf 80' lang='grc' dir='ltr'>έκζητήσομεν</span> <span class='ocrx_word' id='word_1_342' title='bbox 1283 2281 1379 2341; x_wconf 84' lang='grc' dir='ltr'>τὰς</span> <span class='ocrx_word' id='word_1_343' title='bbox 1413 2279 1575 2346; x_wconf 80' lang='grc' dir='ltr'>ὁδούς</span> <span class='ocrx_word' id='word_1_344' title='bbox 1629 2305 1744 2338; x_wconf 86' lang='grc' dir='ltr'>σου.</span> <span class='ocrx_word' id='word_1_345' title='bbox 1781 2283 1922 2354; x_wconf 84' lang='grc' dir='ltr'>Ζησό</span> 
     </span>
    </p>
   </div>
   <div class='ocr_carea' id='block_1_41' title="bbox 303 2363 1952 2444">
    <p class='ocr_par' dir='ltr' id='par_1_41' title="bbox 303 2363 1952 2444">
     <span class='ocr_line' id='line_1_45' title="bbox 303 2363 1952 2444; baseline 0.004 -25"><span class='ocrx_word' id='word_1_346' title='bbox 303 2367 438 2436; x_wconf 86' lang='grc' dir='ltr'>μεθα</span> <span class='ocrx_word' id='word_1_347' title='bbox 467 2365 554 2420; x_wconf 84' lang='grc' dir='ltr'>καὶ</span> <span class='ocrx_word' id='word_1_348' title='bbox 585 2363 895 2444; x_wconf 71' lang='grc' dir='ltr'>φυλὰξομεν</span> <span class='ocrx_word' id='word_1_349' title='bbox 924 2368 1050 2428; x_wconf 77' lang='grc' dir='ltr'>τοὺς</span> <span class='ocrx_word' id='word_1_350' title='bbox 1097 2365 1299 2443; x_wconf 86' lang='grc' dir='ltr'>λόγους</span> <span class='ocrx_word' id='word_1_351' title='bbox 1343 2389 1460 2426; x_wconf 92' lang='grc' dir='ltr'>σου.</span> <span class='ocrx_word' id='word_1_352' title='bbox 1496 2376 1672 2426; x_wconf 66' lang='lat' dir='ltr'>llic-1v</span> <span class='ocrx_word' id='word_1_353' title='bbox 1704 2372 1798 2428; x_wconf 79' lang='grc' dir='ltr'>οὖν</span> <span class='ocrx_word' id='word_1_354' title='bbox 1855 2372 1952 2440; x_wconf 76' lang='grc' dir='ltr'>τήν</span> 
     </span>
    </p>
   </div>
   <div class='ocr_carea' id='block_1_42' title="bbox 301 2451 1952 2536">
    <p class='ocr_par' dir='ltr' id='par_1_42' title="bbox 301 2451 1952 2536">
     <span class='ocr_line' id='line_1_46' title="bbox 301 2451 1952 2536; baseline 0.004 -29"><span class='ocrx_word' id='word_1_355' title='bbox 301 2451 423 2508; x_wconf 84' lang='grc' dir='ltr'>ὁδὸν</span> <span class='ocrx_word' id='word_1_356' title='bbox 481 2453 685 2526; x_wconf 83' lang='grc' dir='ltr'>ἐκείνην</span> <span class='ocrx_word' id='word_1_357' title='bbox 738 2453 950 2520; x_wconf 75' lang='grc' dir='ltr'>ἀπόνως</span> <span class='ocrx_word' id='word_1_358' title='bbox 994 2456 1297 2522; x_wconf 68' lang='grc' dir='ltr'>ἀνύσαντες,</span> <span class='ocrx_word' id='word_1_359' title='bbox 1355 2453 1407 2512; x_wconf 79' lang='grc' dir='ltr'>ἕν</span> <span class='ocrx_word' id='word_1_360' title='bbox 1449 2480 1558 2514; x_wconf 91' lang='grc' dir='ltr'>τινι</span> <span class='ocrx_word' id='word_1_361' title='bbox 1606 2457 1952 2536; x_wconf 77' lang='grc' dir='ltr'>Βαρϐαλησὼ</span> 
     </span>
    </p>
   </div>
   <div class='ocr_carea' id='block_1_43' title="bbox 298 2543 1956 2621">
    <p class='ocr_par' dir='ltr' id='par_1_43' title="bbox 298 2543 1956 2621">
     <span class='ocr_line' id='line_1_47' title="bbox 298 2543 1956 2621; baseline 0.004 -23"><span class='ocrx_word' id='word_1_362' title='bbox 298 2543 459 2599; x_wconf 83' lang='grc' dir='ltr'>πόλει</span> <span class='ocrx_word' id='word_1_363' title='bbox 509 2549 608 2612; x_wconf 83' lang='grc' dir='ltr'>τῆς</span> <span class='ocrx_word' id='word_1_364' title='bbox 687 2544 1045 2616; x_wconf 83' lang='grc' dir='ltr'>Διμητανέων</span> <span class='ocrx_word' id='word_1_365' title='bbox 1129 2543 1288 2620; x_wconf 80' lang='grc' dir='ltr'>ἐγγὺς</span> <span class='ocrx_word' id='word_1_366' title='bbox 1381 2549 1724 2621; x_wconf 81' lang='grc' dir='ltr'>κατάγονται.</span> <span class='ocrx_word' id='word_1_367' title='bbox 1791 2551 1956 2605; x_wconf 77' lang='grc' dir='ltr'>Ἔνθα</span> 
     </span>
    </p>
   </div>
   <div class='ocr_carea' id='block_1_44' title="bbox 302 2627 1956 2712">
    <p class='ocr_par' dir='ltr' id='par_1_44' title="bbox 302 2627 1956 2712">
     <span class='ocr_line' id='line_1_48' title="bbox 302 2627 1956 2712; baseline 0.005 -26"><span class='ocrx_word' id='word_1_368' title='bbox 302 2627 639 2705; x_wconf 86' lang='grc' dir='ltr'>διατρίϐοντι</span> <span class='ocrx_word' id='word_1_369' title='bbox 667 2633 748 2704; x_wconf 84' lang='grc' dir='ltr'>τῷ</span> <span class='ocrx_word' id='word_1_370' title='bbox 790 2629 940 2686; x_wconf 82' lang='grc' dir='ltr'>δουκὶ</span> <span class='ocrx_word' id='word_1_371' title='bbox 975 2634 1318 2706; x_wconf 77' lang='grc' dir='ltr'>παρέστησαν</span> <span class='ocrx_word' id='word_1_372' title='bbox 1353 2637 1648 2712; x_wconf 83' lang='grc' dir='ltr'>Ἀντιόχῳ,</span> <span class='ocrx_word' id='word_1_373' title='bbox 1679 2638 1956 2712; x_wconf 83' lang='grc' dir='ltr'>χαρίεντες</span> 
     </span>
    </p>
   </div>
   <div class='ocr_carea' id='block_1_45' title="bbox 307 2717 1958 2800">
    <p class='ocr_par' dir='ltr' id='par_1_45' title="bbox 307 2717 1958 2800">
     <span class='ocr_line' id='line_1_49' title="bbox 307 2717 1958 2800; baseline 0.003 -24"><span class='ocrx_word' id='word_1_374' title='bbox 307 2723 398 2793; x_wconf 78' lang='grc' dir='ltr'>μὲν</span> <span class='ocrx_word' id='word_1_375' title='bbox 434 2719 525 2776; x_wconf 85' lang='grc' dir='ltr'>καὶ</span> <span class='ocrx_word' id='word_1_376' title='bbox 584 2718 802 2798; x_wconf 79' lang='grc' dir='ltr'>φαιδροὶ</span> <span class='ocrx_word' id='word_1_377' title='bbox 859 2722 958 2788; x_wconf 73' lang='grc' dir='ltr'>τὴν</span> <span class='ocrx_word' id='word_1_378' title='bbox 1019 2717 1167 2794; x_wconf 64' lang='grc' dir='ltr'>ὄψιν,</span> <span class='ocrx_word' id='word_1_379' title='bbox 1202 2724 1300 2790; x_wconf 74' lang='grc' dir='ltr'>τὴν</span> <span class='ocrx_word' id='word_1_380' title='bbox 1331 2721 1388 2778; x_wconf 75' lang='grc' dir='ltr'>δὲ</span> <span class='ocrx_word' id='word_1_381' title='bbox 1427 2731 1526 2794; x_wconf 82' lang='grc' dir='ltr'>τῆς</span> <span class='ocrx_word' id='word_1_382' title='bbox 1585 2729 1770 2800; x_wconf 79' lang='grc' dir='ltr'>ψυχῆς</span> <span class='ocrx_word' id='word_1_383' title='bbox 1815 2725 1958 2800; x_wconf 81' lang='grc' dir='ltr'>εὐγέ-</span> 
     </span>
    </p>
   </div>
   <div class='ocr_carea' id='block_1_46' title="bbox 303 2808 1959 2885">
    <p class='ocr_par' dir='ltr' id='par_1_46' title="bbox 303 2808 1959 2885">
     <span class='ocr_line' id='line_1_50' title="bbox 303 2808 1959 2885; baseline 0.002 -21"><span class='ocrx_word' id='word_1_384' title='bbox 303 2831 444 2864; x_wconf 85' lang='grc' dir='ltr'>νειαν</span> <span class='ocrx_word' id='word_1_385' title='bbox 471 2813 550 2881; x_wconf 82' lang='grc' dir='ltr'>τῷ</span> <span class='ocrx_word' id='word_1_386' title='bbox 603 2813 702 2864; x_wconf 78' lang='grc' dir='ltr'>τοῦ</span> <span class='ocrx_word' id='word_1_387' title='bbox 731 2809 896 2877; x_wconf 73' lang='grc' dir='ltr'>ἤθους</span> <span class='ocrx_word' id='word_1_388' title='bbox 927 2811 982 2862; x_wconf 72' lang='grc' dir='ltr'>εὖ</span> <span class='ocrx_word' id='word_1_389' title='bbox 1039 2809 1190 2881; x_wconf 77' lang='grc' dir='ltr'>μάλα</span> <span class='ocrx_word' id='word_1_390' title='bbox 1240 2808 1629 2874; x_wconf 86' lang='grc' dir='ltr'>διαδεικνύντες</span> <span class='ocrx_word' id='word_1_391' title='bbox 1665 2814 1959 2885; x_wconf 76' lang='grc' dir='ltr'>ἐλευθερίῳ</span> 
     </span>
    </p>
   </div>
   <div class='ocr_carea' id='block_1_47' title="bbox 310 2897 1964 2974">
    <p class='ocr_par' dir='ltr' id='par_1_47' title="bbox 310 2897 1964 2974">
     <span class='ocr_line' id='line_1_51' title="bbox 310 2897 1964 2974; baseline 0.002 -22"><span class='ocrx_word' id='word_1_392' title='bbox 310 2897 534 2970; x_wconf 76' lang='grc' dir='ltr'>Ἀμέλει</span> <span class='ocrx_word' id='word_1_393' title='bbox 564 2898 653 2952; x_wconf 86' lang='grc' dir='ltr'>καὶ</span> <span class='ocrx_word' id='word_1_394' title='bbox 685 2897 737 2950; x_wconf 81' lang='lat' dir='ltr'>oi.</span> <span class='ocrx_word' id='word_1_395' title='bbox 766 2902 873 2950; x_wconf 80' lang='grc' dir='ltr'>τῶν</span> <span class='ocrx_word' id='word_1_396' title='bbox 902 2899 1282 2972; x_wconf 85' lang='grc' dir='ltr'>περιεστώτων</span> <span class='ocrx_word' id='word_1_397' title='bbox 1332 2899 1608 2974; x_wconf 77' lang='grc' dir='ltr'>ὀφθαλμοὶ</span> <span class='ocrx_word' id='word_1_398' title='bbox 1669 2905 1768 2970; x_wconf 73' lang='grc' dir='ltr'>τῆς</span> <span class='ocrx_word' id='word_1_399' title='bbox 1831 2901 1964 2956; x_wconf 80' lang='grc' dir='ltr'>ἐκεί-</span> 
     </span>
    </p>
   </div>
   <div class='ocr_carea' id='block_1_48' title="bbox 311 2983 1962 3060">
    <p class='ocr_par' dir='ltr' id='par_1_48' title="bbox 311 2983 1962 3060">
     <span class='ocr_line' id='line_1_52' title="bbox 311 2983 1962 3060; baseline 0.002 -21"><span class='ocrx_word' id='word_1_400' title='bbox 311 3007 416 3040; x_wconf 89' lang='grc' dir='ltr'>νων</span> <span class='ocrx_word' id='word_1_401' title='bbox 450 2985 568 3046; x_wconf 83' lang='grc' dir='ltr'>θέας</span> <span class='ocrx_word' id='word_1_402' title='bbox 601 2985 746 3046; x_wconf 84' lang='grc' dir='ltr'>ὅλως</span> <span class='ocrx_word' id='word_1_403' title='bbox 797 2983 1114 3059; x_wconf 72' lang='grc' dir='ltr'>ἔξήρτηντοο</span> <span class='ocrx_word' id='word_1_404' title='bbox 1147 2987 1238 3040; x_wconf 83' lang='grc' dir='ltr'>καὶ</span> <span class='ocrx_word' id='word_1_405' title='bbox 1285 2985 1410 3042; x_wconf 72' lang='grc' dir='ltr'>οὐδὲ</span> <span class='ocrx_word' id='word_1_406' title='bbox 1437 2985 1634 3060; x_wconf 78' lang='grc' dir='ltr'>ῥᾳδίως</span> <span class='ocrx_word' id='word_1_407' title='bbox 1664 2990 1754 3042; x_wconf 86' lang='grc' dir='ltr'>ἀπ’</span> <span class='ocrx_word' id='word_1_408' title='bbox 1785 2990 1962 3044; x_wconf 76' lang='grc' dir='ltr'>αὐτῶν</span> 
     </span>
    </p>
   </div>
   <div class='ocr_carea' id='block_1_49' title="bbox 321 3069 1964 3151">
    <p class='ocr_par' dir='ltr' id='par_1_49' title="bbox 321 3069 1964 3151">
     <span class='ocr_line' id='line_1_53' title="bbox 321 3069 1964 3151; baseline 0.001 -23"><span class='ocrx_word' id='word_1_409' title='bbox 321 3073 646 3150; x_wconf 82' lang='grc' dir='ltr'>ἀφίστασθαι</span> <span class='ocrx_word' id='word_1_410' title='bbox 695 3069 920 3143; x_wconf 71' lang='grc' dir='ltr'>ἤθελον,</span> <span class='ocrx_word' id='word_1_411' title='bbox 978 3071 1106 3128; x_wconf 87' lang='grc' dir='ltr'>ἀλλ’</span> <span class='ocrx_word' id='word_1_412' title='bbox 1151 3072 1376 3138; x_wconf 82' lang='grc' dir='ltr'>ἐκτενῶς</span> <span class='ocrx_word' id='word_1_413' title='bbox 1425 3075 1501 3137; x_wconf 84' lang='grc' dir='ltr'>εἷς</span> <span class='ocrx_word' id='word_1_414' title='bbox 1531 3076 1726 3138; x_wconf 82' lang='grc' dir='ltr'>αὐτοὺς</span> <span class='ocrx_word' id='word_1_415' title='bbox 1755 3078 1964 3151; x_wconf 72' lang='grc' dir='ltr'>ἑώρων,</span> 
     </span>
    </p>
   </div>
   <div class='ocr_carea' id='block_1_50' title="bbox 323 3163 1542 3242">
    <p class='ocr_par' dir='ltr' id='par_1_50' title="bbox 323 3163 1542 3242">
     <span class='ocr_line' id='line_1_54' title="bbox 323 3163 1542 3242; baseline 0.002 -24"><span class='ocrx_word' id='word_1_416' title='bbox 323 3163 416 3218; x_wconf 85' lang='grc' dir='ltr'>καὶ</span> <span class='ocrx_word' id='word_1_417' title='bbox 444 3163 670 3240; x_wconf 82' lang='grc' dir='ltr'>γλυκεῖά</span> <span class='ocrx_word' id='word_1_418' title='bbox 697 3184 781 3226; x_wconf 91' lang='grc' dir='ltr'>τις</span> <span class='ocrx_word' id='word_1_419' title='bbox 809 3165 944 3232; x_wconf 76' lang='grc' dir='ltr'>ἦσαν</span> <span class='ocrx_word' id='word_1_420' title='bbox 975 3165 1184 3238; x_wconf 76' lang='grc' dir='ltr'>θεάτρῳ</span> <span class='ocrx_word' id='word_1_421' title='bbox 1213 3167 1542 3242; x_wconf 74' lang='grc' dir='ltr'>πανήγυρις.</span> 
     </span>
    </p>
   </div>
   <div class='ocr_carea' id='block_1_51' title="bbox 397 3251 1966 3330">
    <p class='ocr_par' dir='ltr' id='par_1_51' title="bbox 397 3251 1966 3330">
     <span class='ocr_line' id='line_1_55' title="bbox 397 3251 1966 3330; baseline 0.003 -23"><span class='ocrx_word' id='word_1_422' title='bbox 397 3253 453 3307; x_wconf 82' lang='lat' dir='ltr'>l&#39;.</span> <span class='ocrx_word' id='word_1_423' title='bbox 489 3253 824 3325; x_wconf 78' lang='grc' dir='ltr'>Θεασάμενός</span> <span class='ocrx_word' id='word_1_424' title='bbox 882 3251 1060 3307; x_wconf 87' lang='grc' dir='ltr'>τοίνυν</span> <span class='ocrx_word' id='word_1_425' title='bbox 1125 3254 1318 3316; x_wconf 80' lang='grc' dir='ltr'>αὐτοὺς</span> <span class='ocrx_word' id='word_1_426' title='bbox 1375 3253 1525 3317; x_wconf 76' lang='grc' dir='ltr'>ὅπως</span> <span class='ocrx_word' id='word_1_427' title='bbox 1577 3257 1728 3330; x_wconf 71' lang='grc' dir='ltr'>εἶχον</span> <span class='ocrx_word' id='word_1_428' title='bbox 1761 3258 1788 3310; x_wconf 90' lang='grc' dir='ltr'><strong>ὁ</strong></span> <span class='ocrx_word' id='word_1_429' title='bbox 1822 3255 1966 3326; x_wconf 80' lang='grc' dir='ltr'>δοὺξ.</span> 
     </span>
    </p>
   </div>
   <div class='ocr_carea' id='block_1_52' title="bbox 323 3341 1969 3423">
    <p class='ocr_par' dir='ltr' id='par_1_52' title="bbox 323 3341 1969 3423">
     <span class='ocr_line' id='line_1_56' title="bbox 323 3341 1969 3423; baseline 0.013 -26"><span class='ocrx_word' id='word_1_430' title='bbox 323 3341 435 3397; x_wconf 79' lang='grc' dir='ltr'>εἶτα</span> <span class='ocrx_word' id='word_1_431' title='bbox 465 3341 552 3396; x_wconf 70' lang='grc' dir='ltr'>καὶ</span> <span class='ocrx_word' id='word_1_432' title='bbox 582 3341 648 3395; x_wconf 84' lang='grc' dir='ltr'>τὰ</span> <span class='ocrx_word' id='word_1_433' title='bbox 683 3341 950 3415; x_wconf 78' lang='grc' dir='ltr'>βασιλέως</span> <span class='ocrx_word' id='word_1_434' title='bbox 1007 3341 1268 3416; x_wconf 78' lang='grc' dir='ltr'>ἀναγνοὺς</span> <span class='ocrx_word' id='word_1_435' title='bbox 1322 3343 1640 3418; x_wconf 75' lang='grc' dir='ltr'>γράμματα,</span> <span class='ocrx_word' id='word_1_436' title='bbox 1683 3349 1812 3423; x_wconf 81' lang='grc' dir='ltr'>σιγῇ</span> <span class='ocrx_word' id='word_1_437' title='bbox 1853 3347 1969 3401; x_wconf 65' lang='grc' dir='ltr'>καθ’</span> 
     </span>
    </p>
   </div>
   <div class='ocr_carea' id='block_1_53' title="bbox 324 3431 1971 3506">
    <p class='ocr_par' dir='ltr' id='par_1_53' title="bbox 324 3431 1971 3506">
     <span class='ocr_line' id='line_1_57' title="bbox 324 3431 1971 3506; baseline 0.003 -20"><span class='ocrx_word' id='word_1_438' title='bbox 324 3431 514 3486; x_wconf 83' lang='grc' dir='ltr'>ἐαυτὸν</span> <span class='ocrx_word' id='word_1_439' title='bbox 575 3431 936 3506; x_wconf 84' lang='grc' dir='ltr'>ἀπεθαύμαζε·</span> <span class='ocrx_word' id='word_1_440' title='bbox 995 3433 1086 3488; x_wconf 79' lang='grc' dir='ltr'>καὶ</span> <span class='ocrx_word' id='word_1_441' title='bbox 1142 3433 1311 3490; x_wconf 68' lang='grc' dir='ltr'>πάλιν</span> <span class='ocrx_word' id='word_1_442' title='bbox 1377 3435 1578 3497; x_wconf 79' lang='grc' dir='ltr'>αὐτοὺς</span> <span class='ocrx_word' id='word_1_443' title='bbox 1652 3435 1971 3501; x_wconf 82' lang='grc' dir='ltr'>ἐπανεθεᾶτο</span> 
     </span>
    </p>
   </div>
   <div class='ocr_carea' id='block_1_54' title="bbox 330 3521 1972 3596">
    <p class='ocr_par' dir='ltr' id='par_1_54' title="bbox 330 3521 1972 3596">
     <span class='ocr_line' id='line_1_58' title="bbox 330 3521 1972 3596; baseline 0.003 -21"><span class='ocrx_word' id='word_1_444' title='bbox 330 3521 468 3596; x_wconf 81' lang='grc' dir='ltr'>μέγα</span> <span class='ocrx_word' id='word_1_445' title='bbox 497 3541 550 3576; x_wconf 88' lang='grc' dir='ltr'>τι</span> <span class='ocrx_word' id='word_1_446' title='bbox 607 3521 694 3576; x_wconf 85' lang='grc' dir='ltr'>καὶ</span> <span class='ocrx_word' id='word_1_447' title='bbox 733 3523 916 3576; x_wconf 87' lang='grc' dir='ltr'>καινὸν</span> <span class='ocrx_word' id='word_1_448' title='bbox 971 3523 1099 3577; x_wconf 75' lang='grc' dir='ltr'>εἶναι</span> <span class='ocrx_word' id='word_1_449' title='bbox 1161 3523 1436 3595; x_wconf 80' lang='grc' dir='ltr'>οἰόμενος,</span> <span class='ocrx_word' id='word_1_450' title='bbox 1493 3524 1642 3585; x_wconf 78' lang='grc' dir='ltr'>ὅπως</span> <span class='ocrx_word' id='word_1_451' title='bbox 1697 3525 1772 3587; x_wconf 81' lang='grc' dir='ltr'>εἷς</span> <span class='ocrx_word' id='word_1_452' title='bbox 1813 3530 1972 3580; x_wconf 78' lang='grc' dir='ltr'>τοῦτο</span> 
     </span>
    </p>
   </div>
   <div class='ocr_carea' id='block_1_55' title="bbox 2058 2188 3706 2270">
    <p class='ocr_par' dir='ltr' id='par_1_55' title="bbox 2058 2188 3706 2270">
     <span class='ocr_line' id='line_1_59' title="bbox 2058 2188 3706 2270; baseline -0.008 -15"><span class='ocrx_word' id='word_1_453' title='bbox 2058 2199 2428 2270; x_wconf 81' lang='lat' dir='ltr'>exquiremus</span> <span class='ocrx_word' id='word_1_454' title='bbox 2475 2197 2600 2254; x_wconf 85' lang='lat' dir='ltr'>vias</span> <span class='ocrx_word' id='word_1_455' title='bbox 2658 2203 2807 2252; x_wconf 89' lang='lat' dir='ltr'>tuas.</span> <span class='ocrx_word' id='word_1_456' title='bbox 2861 2195 3160 2265; x_wconf 84' lang='lat' dir='ltr'>Vivamus,</span> <span class='ocrx_word' id='word_1_457' title='bbox 3207 2201 3264 2250; x_wconf 83' lang='lat' dir='ltr'>et</span> <span class='ocrx_word' id='word_1_458' title='bbox 3311 2188 3706 2247; x_wconf 87' lang='lat' dir='ltr'>custodiemus</span> 
     </span>
    </p>
   </div>
   <div class='ocr_carea' id='block_1_56' title="bbox 2060 2277 3706 2355">
    <p class='ocr_par' dir='ltr' id='par_1_56' title="bbox 2060 2277 3706 2355">
     <span class='ocr_line' id='line_1_60' title="bbox 2060 2277 3706 2355; baseline -0.008 -11"><span class='ocrx_word' id='word_1_459' title='bbox 2060 2305 2358 2344; x_wconf 85' lang='lat' dir='ltr'>sermones</span> <span class='ocrx_word' id='word_1_460' title='bbox 2405 2291 2556 2344; x_wconf 89' lang='lat' dir='ltr'>tuos.</span> <span class='ocrx_word' id='word_1_461' title='bbox 2601 2287 2746 2342; x_wconf 89' lang='lat' dir='ltr'>Cum</span> <span class='ocrx_word' id='word_1_462' title='bbox 2801 2301 2933 2355; x_wconf 85' lang='lat' dir='ltr'>ergo</span> <span class='ocrx_word' id='word_1_463' title='bbox 2983 2289 3168 2340; x_wconf 88' lang='lat' dir='ltr'>totum</span> <span class='ocrx_word' id='word_1_464' title='bbox 3215 2282 3360 2339; x_wconf 90' lang='lat' dir='ltr'>illud</span> <span class='ocrx_word' id='word_1_465' title='bbox 3411 2281 3520 2335; x_wconf 84' lang='lat' dir='ltr'>iter</span> <span class='ocrx_word' id='word_1_466' title='bbox 3559 2277 3706 2333; x_wconf 89' lang='lat' dir='ltr'>citra</span> 
     </span>
    </p>
   </div>
   <div class='ocr_carea' id='block_1_57' title="bbox 2061 2366 3706 2442">
    <p class='ocr_par' dir='ltr' id='par_1_57' title="bbox 2061 2366 3706 2442">
     <span class='ocr_line' id='line_1_61' title="bbox 2061 2366 3706 2442; baseline -0.009 -9"><span class='ocrx_word' id='word_1_467' title='bbox 2061 2377 2314 2435; x_wconf 87' lang='lat' dir='ltr'>laborem</span> <span class='ocrx_word' id='word_1_468' title='bbox 2346 2377 2753 2442; x_wconf 81' lang='lat' dir='ltr'>confecissent,</span> <span class='ocrx_word' id='word_1_469' title='bbox 2784 2375 3150 2432; x_wconf 86' lang='lat' dir='ltr'>diversantur</span> <span class='ocrx_word' id='word_1_470' title='bbox 3177 2372 3238 2428; x_wconf 92' lang='lat' dir='ltr'>in</span> <span class='ocrx_word' id='word_1_471' title='bbox 3269 2369 3520 2442; x_wconf 87' lang='lat' dir='ltr'>quadam</span> <span class='ocrx_word' id='word_1_472' title='bbox 3559 2366 3706 2422; x_wconf 90' lang='lat' dir='ltr'>civi—</span> 
     </span>
    </p>
   </div>
   <div class='ocr_carea' id='block_1_58' title="bbox 2061 2457 3708 2535">
    <p class='ocr_par' dir='ltr' id='par_1_58' title="bbox 2061 2457 3708 2535">
     <span class='ocr_line' id='line_1_62' title="bbox 2061 2457 3708 2535; baseline -0.008 -13"><span class='ocrx_word' id='word_1_473' title='bbox 2061 2471 2201 2534; x_wconf 84' lang='lat' dir='ltr'>tate,</span> <span class='ocrx_word' id='word_1_474' title='bbox 2249 2466 2484 2522; x_wconf 90' lang='lat' dir='ltr'>nomine</span> <span class='ocrx_word' id='word_1_475' title='bbox 2535 2465 2861 2533; x_wconf 86' lang='lat' dir='ltr'>Barbaleso,</span> <span class='ocrx_word' id='word_1_476' title='bbox 2893 2479 3069 2535; x_wconf 89' lang='lat' dir='ltr'>prope</span> <span class='ocrx_word' id='word_1_477' title='bbox 3121 2460 3417 2533; x_wconf 87' lang='lat' dir='ltr'>regionem</span> <span class='ocrx_word' id='word_1_478' title='bbox 3468 2457 3708 2513; x_wconf 89' lang='lat' dir='ltr'>Limita-</span> 
     </span>
    </p>
   </div>
   <div class='ocr_carea' id='block_1_59' title="bbox 2065 2543 3712 2618">
    <p class='ocr_par' dir='ltr' id='par_1_59' title="bbox 2065 2543 3712 2618">
     <span class='ocr_line' id='line_1_63' title="bbox 2065 2543 3712 2618; baseline -0.009 -7"><span class='ocrx_word' id='word_1_479' title='bbox 2065 2571 2328 2611; x_wconf 90' lang='lat' dir='ltr'>neorum.</span> <span class='ocrx_word' id='word_1_480' title='bbox 2345 2555 2469 2618; x_wconf 89' lang='lat' dir='ltr'>Quo</span> <span class='ocrx_word' id='word_1_481' title='bbox 2496 2553 2556 2609; x_wconf 92' lang='lat' dir='ltr'>in</span> <span class='ocrx_word' id='word_1_482' title='bbox 2577 2553 2704 2610; x_wconf 90' lang='lat' dir='ltr'>loco</span> <span class='ocrx_word' id='word_1_483' title='bbox 2727 2569 2858 2608; x_wconf 89' lang='lat' dir='ltr'>cum</span> <span class='ocrx_word' id='word_1_484' title='bbox 2884 2553 3003 2607; x_wconf 79' lang='lat' dir='ltr'>dux</span> <span class='ocrx_word' id='word_1_485' title='bbox 3023 2553 3348 2607; x_wconf 87' lang='lat' dir='ltr'>versaretur</span> <span class='ocrx_word' id='word_1_486' title='bbox 3369 2543 3712 2610; x_wconf 84' lang='lat' dir='ltr'>Antiochus,</span> 
     </span>
    </p>
   </div>
   <div class='ocr_carea' id='block_1_60' title="bbox 2067 2631 3718 2714">
    <p class='ocr_par' dir='ltr' id='par_1_60' title="bbox 2067 2631 3718 2714">
     <span class='ocr_line' id='line_1_64' title="bbox 2067 2631 3718 2714; baseline -0.008 -15"><span class='ocrx_word' id='word_1_487' title='bbox 2067 2647 2199 2699; x_wconf 85' lang='lat' dir='ltr'>ante</span> <span class='ocrx_word' id='word_1_488' title='bbox 2221 2659 2354 2698; x_wconf 91' lang='lat' dir='ltr'>eum</span> <span class='ocrx_word' id='word_1_489' title='bbox 2381 2647 2524 2698; x_wconf 91' lang='lat' dir='ltr'>sunt</span> <span class='ocrx_word' id='word_1_490' title='bbox 2547 2642 2836 2714; x_wconf 88' lang='lat' dir='ltr'>producti,</span> <span class='ocrx_word' id='word_1_491' title='bbox 2862 2640 2976 2696; x_wconf 75' lang='lat' dir='ltr'>laeti</span> <span class='ocrx_word' id='word_1_492' title='bbox 2999 2639 3231 2711; x_wconf 91' lang='lat' dir='ltr'>quidem</span> <span class='ocrx_word' id='word_1_493' title='bbox 3255 2639 3309 2692; x_wconf 90' lang='lat' dir='ltr'>et</span> <span class='ocrx_word' id='word_1_494' title='bbox 3331 2634 3488 2691; x_wconf 87' lang='lat' dir='ltr'>vultu</span> <span class='ocrx_word' id='word_1_495' title='bbox 3513 2631 3718 2700; x_wconf 89' lang='lat' dir='ltr'>alacri,</span> 
     </span>
    </p>
   </div>
   <div class='ocr_carea' id='block_1_61' title="bbox 2067 2723 3715 2790">
    <p class='ocr_par' dir='ltr' id='par_1_61' title="bbox 2067 2723 3715 2790">
     <span class='ocr_line' id='line_1_65' title="bbox 2067 2723 3715 2790; baseline -0.009 0"><span class='ocrx_word' id='word_1_496' title='bbox 2067 2733 2245 2790; x_wconf 88' lang='lat' dir='ltr'>animi</span> <span class='ocrx_word' id='word_1_497' title='bbox 2297 2737 2490 2790; x_wconf 87' lang='lat' dir='ltr'>autem</span> <span class='ocrx_word' id='word_1_498' title='bbox 2545 2732 2906 2790; x_wconf 86' lang='lat' dir='ltr'>nobilitatem</span> <span class='ocrx_word' id='word_1_499' title='bbox 2957 2727 3295 2786; x_wconf 87' lang='lat' dir='ltr'>liberalibus</span> <span class='ocrx_word' id='word_1_500' title='bbox 3343 2723 3715 2782; x_wconf 86' lang='lat' dir='ltr'>ostendentes</span> 
     </span>
    </p>
   </div>
   <div class='ocr_carea' id='block_1_62' title="bbox 2070 2811 3712 2892">
    <p class='ocr_par' dir='ltr' id='par_1_62' title="bbox 2070 2811 3712 2892">
     <span class='ocr_line' id='line_1_66' title="bbox 2070 2811 3712 2892; baseline -0.009 -14"><span class='ocrx_word' id='word_1_501' title='bbox 2070 2823 2348 2878; x_wconf 89' lang='lat' dir='ltr'>moribus.</span> <span class='ocrx_word' id='word_1_502' title='bbox 2371 2827 2582 2878; x_wconf 88' lang='lat' dir='ltr'>Eorum</span> <span class='ocrx_word' id='word_1_503' title='bbox 2613 2823 2831 2890; x_wconf 86' lang='lat' dir='ltr'>itaque,</span> <span class='ocrx_word' id='word_1_504' title='bbox 2857 2819 2958 2892; x_wconf 84' lang='lat' dir='ltr'>qui</span> <span class='ocrx_word' id='word_1_505' title='bbox 2991 2819 3149 2890; x_wconf 90' lang='lat' dir='ltr'>ipsos</span> <span class='ocrx_word' id='word_1_506' title='bbox 3181 2811 3712 2874; x_wconf 87' lang='lat' dir='ltr'>circumsistebant,</span> 
     </span>
    </p>
   </div>
   <div class='ocr_carea' id='block_1_63' title="bbox 2071 2896 3716 2975">
    <p class='ocr_par' dir='ltr' id='par_1_63' title="bbox 2071 2896 3716 2975">
     <span class='ocr_line' id='line_1_67' title="bbox 2071 2896 3716 2975; baseline -0.009 -10"><span class='ocrx_word' id='word_1_507' title='bbox 2071 2909 2222 2965; x_wconf 87' lang='lat' dir='ltr'>oculi</span> <span class='ocrx_word' id='word_1_508' title='bbox 2252 2914 2416 2963; x_wconf 88' lang='lat' dir='ltr'>erant</span> <span class='ocrx_word' id='word_1_509' title='bbox 2463 2925 2668 2964; x_wconf 90' lang='lat' dir='ltr'>omnes</span> <span class='ocrx_word' id='word_1_510' title='bbox 2727 2909 2786 2962; x_wconf 89' lang='lat' dir='ltr'>in</span> <span class='ocrx_word' id='word_1_511' title='bbox 2847 2923 2945 2962; x_wconf 90' lang='lat' dir='ltr'>eos</span> <span class='ocrx_word' id='word_1_512' title='bbox 3004 2903 3288 2975; x_wconf 88' lang='lat' dir='ltr'>conjecti:</span> <span class='ocrx_word' id='word_1_513' title='bbox 3325 2906 3380 2958; x_wconf 90' lang='lat' dir='ltr'>et</span> <span class='ocrx_word' id='word_1_514' title='bbox 3411 2916 3516 2956; x_wconf 90' lang='lat' dir='ltr'>nec</span> <span class='ocrx_word' id='word_1_515' title='bbox 3548 2896 3716 2952; x_wconf 84' lang='lat' dir='ltr'>facile</span> 
     </span>
    </p>
   </div>
   <div class='ocr_carea' id='block_1_64' title="bbox 2075 2985 3721 3068">
    <p class='ocr_par' dir='ltr' id='par_1_64' title="bbox 2075 2985 3721 3068">
     <span class='ocr_line' id='line_1_68' title="bbox 2075 2985 3721 3068; baseline -0.007 -17"><span class='ocrx_word' id='word_1_516' title='bbox 2075 2997 2450 3068; x_wconf 86' lang='lat' dir='ltr'>desistebant,</span> <span class='ocrx_word' id='word_1_517' title='bbox 2484 2999 2583 3053; x_wconf 91' lang='lat' dir='ltr'>sed</span> <span class='ocrx_word' id='word_1_518' title='bbox 2618 2998 2784 3053; x_wconf 82' lang='lat' dir='ltr'>firmo</span> <span class='ocrx_word' id='word_1_519' title='bbox 2814 3001 2871 3052; x_wconf 90' lang='lat' dir='ltr'>et</span> <span class='ocrx_word' id='word_1_520' title='bbox 2901 2997 3126 3051; x_wconf 89' lang='lat' dir='ltr'>intento</span> <span class='ocrx_word' id='word_1_521' title='bbox 3175 2992 3383 3049; x_wconf 90' lang='lat' dir='ltr'>obtutu</span> <span class='ocrx_word' id='word_1_522' title='bbox 3437 3005 3536 3046; x_wconf 91' lang='lat' dir='ltr'>eos</span> <span class='ocrx_word' id='word_1_523' title='bbox 3568 2985 3721 3058; x_wconf 87' lang='lat' dir='ltr'>aspi-</span> 
     </span>
    </p>
   </div>
   <div class='ocr_carea' id='block_1_65' title="bbox 2078 3074 3720 3156">
    <p class='ocr_par' dir='ltr' id='par_1_65' title="bbox 2078 3074 3720 3156">
     <span class='ocr_line' id='line_1_69' title="bbox 2078 3074 3720 3156; baseline -0.006 -18"><span class='ocrx_word' id='word_1_524' title='bbox 2078 3084 2308 3139; x_wconf 90' lang='lat' dir='ltr'>ciebant</span> <span class='ocrx_word' id='word_1_525' title='bbox 2331 3099 2344 3150; x_wconf 95' lang='lat'><strong>;</strong></span> <span class='ocrx_word' id='word_1_526' title='bbox 2369 3089 2652 3156; x_wconf 86' lang='lat' dir='ltr'>erantque</span> <span class='ocrx_word' id='word_1_527' title='bbox 2673 3083 2784 3155; x_wconf 89' lang='lat' dir='ltr'>ipsi</span> <span class='ocrx_word' id='word_1_528' title='bbox 2817 3083 3044 3139; x_wconf 85' lang='lat' dir='ltr'>theatro</span> <span class='ocrx_word' id='word_1_529' title='bbox 3068 3080 3394 3152; x_wconf 89' lang='lat' dir='ltr'>jucundum</span> <span class='ocrx_word' id='word_1_530' title='bbox 3428 3074 3720 3148; x_wconf 84' lang='lat' dir='ltr'>quoddam</span> 
     </span>
    </p>
   </div>
   <div class='ocr_carea' id='block_1_66' title="bbox 2079 3173 2507 3245">
    <p class='ocr_par' dir='ltr' id='par_1_66' title="bbox 2079 3173 2507 3245">
     <span class='ocr_line' id='line_1_70' title="bbox 2079 3173 2507 3245; baseline -0.002 -16"><span class='ocrx_word' id='word_1_531' title='bbox 2079 3173 2507 3245; x_wconf 87' lang='lat' dir='ltr'>spectaculum.</span> 
     </span>
    </p>
   </div>
   <div class='ocr_carea' id='block_1_67' title="bbox 2149 3253 3724 3331">
    <p class='ocr_par' dir='ltr' id='par_1_67' title="bbox 2149 3253 3724 3331">
     <span class='ocr_line' id='line_1_71' title="bbox 2149 3253 3724 3331; baseline -0.007 -15"><span class='ocrx_word' id='word_1_532' title='bbox 2149 3261 2213 3316; x_wconf 89' lang='lat' dir='ltr'>X.</span> <span class='ocrx_word' id='word_1_533' title='bbox 2275 3261 2410 3317; x_wconf 91' lang='lat' dir='ltr'>Cum</span> <span class='ocrx_word' id='word_1_534' title='bbox 2468 3277 2564 3316; x_wconf 85' lang='lat' dir='ltr'>eos</span> <span class='ocrx_word' id='word_1_535' title='bbox 2620 3275 2756 3331; x_wconf 87' lang='lat' dir='ltr'>ergo</span> <span class='ocrx_word' id='word_1_536' title='bbox 2815 3259 3056 3314; x_wconf 84' lang='lat' dir='ltr'>vidisset</span> <span class='ocrx_word' id='word_1_537' title='bbox 3124 3259 3240 3313; x_wconf 82' lang='lat' dir='ltr'>dux</span> <span class='ocrx_word' id='word_1_538' title='bbox 3311 3253 3596 3326; x_wconf 90' lang='lat' dir='ltr'>quomodo</span> <span class='ocrx_word' id='word_1_539' title='bbox 3663 3266 3724 3306; x_wconf 89' lang='lat' dir='ltr'>se</span> 
     </span>
    </p>
   </div>
   <div class='ocr_carea' id='block_1_68' title="bbox 2081 3340 3723 3416">
    <p class='ocr_par' dir='ltr' id='par_1_68' title="bbox 2081 3340 3723 3416">
     <span class='ocr_line' id='line_1_72' title="bbox 2081 3340 3723 3416; baseline -0.009 -10"><span class='ocrx_word' id='word_1_540' title='bbox 2081 3351 2380 3416; x_wconf 88' lang='lat' dir='ltr'>haberent,</span> <span class='ocrx_word' id='word_1_541' title='bbox 2415 3351 2472 3405; x_wconf 88' lang='lat' dir='ltr'>et</span> <span class='ocrx_word' id='word_1_542' title='bbox 2503 3347 2714 3404; x_wconf 90' lang='lat' dir='ltr'>deinde</span> <span class='ocrx_word' id='word_1_543' title='bbox 2742 3347 2917 3403; x_wconf 89' lang='lat' dir='ltr'>etiam</span> <span class='ocrx_word' id='word_1_544' title='bbox 2949 3344 3188 3414; x_wconf 78' lang='lat' dir='ltr'>legisset</span> <span class='ocrx_word' id='word_1_545' title='bbox 3217 3342 3444 3398; x_wconf 87' lang='lat' dir='ltr'>litteras</span> <span class='ocrx_word' id='word_1_546' title='bbox 3471 3340 3723 3410; x_wconf 91' lang='lat' dir='ltr'>impera-</span> 
     </span>
    </p>
   </div>
   <div class='ocr_carea' id='block_1_69' title="bbox 2081 3435 3722 3509">
    <p class='ocr_par' dir='ltr' id='par_1_69' title="bbox 2081 3435 3722 3509">
     <span class='ocr_line' id='line_1_73' title="bbox 2081 3435 3722 3509; baseline -0.009 -13"><span class='ocrx_word' id='word_1_547' title='bbox 2081 3441 2247 3508; x_wconf 86' lang='lat' dir='ltr'>toris,</span> <span class='ocrx_word' id='word_1_548' title='bbox 2277 3441 2488 3495; x_wconf 86' lang='lat' dir='ltr'>tacitus</span> <span class='ocrx_word' id='word_1_549' title='bbox 2535 3438 2688 3509; x_wconf 90' lang='lat' dir='ltr'>apud</span> <span class='ocrx_word' id='word_1_550' title='bbox 2735 3453 2796 3492; x_wconf 85' lang='lat' dir='ltr'>se</span> <span class='ocrx_word' id='word_1_551' title='bbox 2843 3435 3262 3504; x_wconf 87' lang='lat' dir='ltr'>admirabatur,</span> <span class='ocrx_word' id='word_1_552' title='bbox 3294 3437 3349 3489; x_wconf 92' lang='lat' dir='ltr'>et</span> <span class='ocrx_word' id='word_1_553' title='bbox 3386 3447 3482 3488; x_wconf 90' lang='lat' dir='ltr'>eos</span> <span class='ocrx_word' id='word_1_554' title='bbox 3521 3445 3722 3484; x_wconf 84' lang='lat' dir='ltr'>rursus</span> 
     </span>
    </p>
   </div>
   <div class='ocr_carea' id='block_1_70' title="bbox 2084 3517 3730 3599">
    <p class='ocr_par' dir='ltr' id='par_1_70' title="bbox 2084 3517 3730 3599">
     <span class='ocr_line' id='line_1_74' title="bbox 2084 3517 3730 3599; baseline -0.009 -15"><span class='ocrx_word' id='word_1_555' title='bbox 2084 3529 2604 3599; x_wconf 86' lang='lat' dir='ltr'>contemplabatur,</span> <span class='ocrx_word' id='word_1_556' title='bbox 2627 3541 2902 3597; x_wconf 81' lang='lat' dir='ltr'>magnum</span> <span class='ocrx_word' id='word_1_557' title='bbox 2927 3524 3062 3596; x_wconf 91' lang='lat' dir='ltr'>quid</span> <span class='ocrx_word' id='word_1_558' title='bbox 3097 3539 3226 3580; x_wconf 89' lang='lat' dir='ltr'>esse</span> <span class='ocrx_word' id='word_1_559' title='bbox 3255 3525 3312 3578; x_wconf 87' lang='lat' dir='ltr'>et</span> <span class='ocrx_word' id='word_1_560' title='bbox 3343 3533 3552 3577; x_wconf 81' lang='lat' dir='ltr'>novum</span> <span class='ocrx_word' id='word_1_561' title='bbox 3583 3517 3730 3572; x_wconf 87' lang='lat' dir='ltr'>cxis-</span> 
     </span>
    </p>
   </div>
   <div class='ocr_carea' id='block_1_71' title="bbox 325 3607 1967 3688">
    <p class='ocr_par' dir='ltr' id='par_1_71' title="bbox 325 3609 1967 3684">
     <span class='ocr_line' id='line_1_75' title="bbox 325 3609 1967 3684; baseline 0.002 -20"><span class='ocrx_word' id='word_1_562' title='bbox 325 3610 706 3684; x_wconf 82' lang='grc' dir='ltr'>γενναιότητός</span> <span class='ocrx_word' id='word_1_563' title='bbox 737 3629 795 3664; x_wconf 88' lang='grc' dir='ltr'>τε</span> <span class='ocrx_word' id='word_1_564' title='bbox 841 3609 930 3664; x_wconf 86' lang='grc' dir='ltr'>καὶ</span> <span class='ocrx_word' id='word_1_565' title='bbox 973 3610 1188 3684; x_wconf 80' lang='grc' dir='ltr'>τόλμης</span> <span class='ocrx_word' id='word_1_566' title='bbox 1220 3611 1417 3680; x_wconf 85' lang='grc' dir='ltr'>ἦλθον,</span> <span class='ocrx_word' id='word_1_567' title='bbox 1459 3613 1532 3674; x_wconf 87' lang='grc' dir='ltr'>ὡς</span> <span class='ocrx_word' id='word_1_568' title='bbox 1562 3613 1652 3666; x_wconf 85' lang='grc' dir='ltr'>καὶ</span> <span class='ocrx_word' id='word_1_569' title='bbox 1693 3612 1967 3668; x_wconf 75' lang='grc' dir='ltr'>κολάσεων</span> 
     </span>
    </p>
   </div>
   <div class='ocr_carea' id='block_1_72' title="bbox 2078 3607 3724 3688">
    <p class='ocr_par' dir='ltr' id='par_1_72' title="bbox 2087 3607 3724 3688">
     <span class='ocr_line' id='line_1_76' title="bbox 2087 3607 3724 3688; baseline -0.009 -14"><span class='ocrx_word' id='word_1_570' title='bbox 2087 3619 2321 3685; x_wconf 85' lang='lat' dir='ltr'>limans,</span> <span class='ocrx_word' id='word_1_571' title='bbox 2355 3615 2512 3688; x_wconf 92' lang='lat' dir='ltr'>quod</span> <span class='ocrx_word' id='word_1_572' title='bbox 2543 3617 2612 3671; x_wconf 92' lang='lat' dir='ltr'>ad</span> <span class='ocrx_word' id='word_1_573' title='bbox 2645 3619 2862 3670; x_wconf 87' lang='lat' dir='ltr'>tantam</span> <span class='ocrx_word' id='word_1_574' title='bbox 2908 3612 3323 3685; x_wconf 85' lang='lat' dir='ltr'>processissent</span> <span class='ocrx_word' id='word_1_575' title='bbox 3371 3607 3547 3666; x_wconf 89' lang='lat' dir='ltr'>animi</span> <span class='ocrx_word' id='word_1_576' title='bbox 3591 3623 3724 3662; x_wconf 89' lang='lat' dir='ltr'>ma-</span> 
     </span>
    </p>
   </div>
   <div class='ocr_carea' id='block_1_73' title="bbox 326 3695 1973 3776">
    <p class='ocr_par' dir='ltr' id='par_1_73' title="bbox 326 3695 1973 3776">
     <span class='ocr_line' id='line_1_77' title="bbox 326 3695 1973 3776; baseline 0.002 -24"><span class='ocrx_word' id='word_1_577' title='bbox 326 3697 420 3753; x_wconf 84' lang='grc' dir='ltr'>καὶ</span> <span class='ocrx_word' id='word_1_578' title='bbox 461 3695 700 3753; x_wconf 80' lang='grc' dir='ltr'>ἀπειλῶν</span> <span class='ocrx_word' id='word_1_579' title='bbox 733 3697 822 3752; x_wconf 83' lang='grc' dir='ltr'>καὶ</span> <span class='ocrx_word' id='word_1_580' title='bbox 865 3697 1025 3768; x_wconf 81' lang='grc' dir='ltr'>δόξης</span> <span class='ocrx_word' id='word_1_581' title='bbox 1073 3700 1160 3754; x_wconf 83' lang='grc' dir='ltr'>καὶ</span> <span class='ocrx_word' id='word_1_582' title='bbox 1221 3698 1386 3754; x_wconf 79' lang='grc' dir='ltr'>αὐτοῦ</span> <span class='ocrx_word' id='word_1_583' title='bbox 1445 3697 1512 3768; x_wconf 86' lang='grc' dir='ltr'>δὴ</span> <span class='ocrx_word' id='word_1_584' title='bbox 1569 3703 1973 3776; x_wconf 78' lang='grc' dir='ltr'>καταφρονήσαι</span> 
     </span>
    </p>
   </div>
   <div class='ocr_carea' id='block_1_74' title="bbox 330 3786 1976 3862">
    <p class='ocr_par' dir='ltr' id='par_1_74' title="bbox 330 3786 1976 3862">
     <span class='ocr_line' id='line_1_78' title="bbox 330 3786 1976 3862; baseline 0.001 -20"><span class='ocrx_word' id='word_1_585' title='bbox 330 3792 426 3842; x_wconf 80' lang='grc' dir='ltr'>τοῦ</span> <span class='ocrx_word' id='word_1_586' title='bbox 489 3786 758 3860; x_wconf 79' lang='grc' dir='ltr'>βασιλέως</span> <span class='ocrx_word' id='word_1_587' title='bbox 811 3788 900 3842; x_wconf 86' lang='grc' dir='ltr'>καὶ</span> <span class='ocrx_word' id='word_1_588' title='bbox 957 3789 1082 3861; x_wconf 86' lang='grc' dir='ltr'>περὶ</span> <span class='ocrx_word' id='word_1_589' title='bbox 1139 3786 1434 3862; x_wconf 82' lang='grc' dir='ltr'>ἐλαχίστου</span> <span class='ocrx_word' id='word_1_590' title='bbox 1465 3791 1644 3845; x_wconf 77' lang='grc' dir='ltr'>θέσθαι</span> <span class='ocrx_word' id='word_1_591' title='bbox 1673 3792 1766 3846; x_wconf 84' lang='grc' dir='ltr'>τὸν</span> <span class='ocrx_word' id='word_1_592' title='bbox 1823 3791 1976 3845; x_wconf 77' lang='grc' dir='ltr'>Θάνα-</span> 
     </span>
    </p>
   </div>
   <div class='ocr_carea' id='block_1_75' title="bbox 330 3873 1980 3954">
    <p class='ocr_par' dir='ltr' id='par_1_75' title="bbox 330 3873 1980 3954">
     <span class='ocr_line' id='line_1_79' title="bbox 330 3873 1980 3954; baseline 0.004 -24"><span class='ocrx_word' id='word_1_593' title='bbox 330 3896 442 3932; x_wconf 87' lang='grc' dir='ltr'>τον.</span> <span class='ocrx_word' id='word_1_594' title='bbox 474 3877 580 3934; x_wconf 89' lang='grc' dir='ltr'>Τὸν</span> <span class='ocrx_word' id='word_1_595' title='bbox 610 3882 710 3946; x_wconf 80' lang='grc' dir='ltr'>τῆς</span> <span class='ocrx_word' id='word_1_596' title='bbox 767 3875 966 3945; x_wconf 79' lang='grc' dir='ltr'>τάξεως</span> <span class='ocrx_word' id='word_1_597' title='bbox 1025 3873 1080 3930; x_wconf 78' lang='grc' dir='ltr'>δὲ</span> <span class='ocrx_word' id='word_1_598' title='bbox 1129 3877 1285 3949; x_wconf 74' lang='grc' dir='ltr'>’ὀμως</span> <span class='ocrx_word' id='word_1_599' title='bbox 1333 3882 1764 3954; x_wconf 78' lang='grc' dir='ltr'>κομενταρήσιον</span> <span class='ocrx_word' id='word_1_600' title='bbox 1823 3879 1980 3936; x_wconf 82' lang='grc' dir='ltr'>καλέ-</span> 
     </span>
    </p>
   </div>
   <div class='ocr_carea' id='block_1_76' title="bbox 332 3962 1976 4045">
    <p class='ocr_par' dir='ltr' id='par_1_76' title="bbox 332 3962 1976 4045">
     <span class='ocr_line' id='line_1_80' title="bbox 332 3962 1976 4045; baseline 0.004 -27"><span class='ocrx_word' id='word_1_601' title='bbox 332 3985 443 4033; x_wconf 87' lang='grc' dir='ltr'>σας,</span> <span class='ocrx_word' id='word_1_602' title='bbox 500 3965 635 4026; x_wconf 80' lang='grc' dir='ltr'>Τοὺς</span> <span class='ocrx_word' id='word_1_603' title='bbox 693 3962 946 4038; x_wconf 86' lang='grc' dir='ltr'>δεσμίους</span> <span class='ocrx_word' id='word_1_604' title='bbox 1001 3967 1248 4034; x_wconf 84' lang='grc' dir='ltr'>τούτους,</span> <span class='ocrx_word' id='word_1_605' title='bbox 1303 3962 1431 4045; x_wconf 69' lang='grc' dir='ltr'>ἔφη,</span> <span class='ocrx_word' id='word_1_606' title='bbox 1471 3967 1828 4043; x_wconf 87' lang='grc' dir='ltr'>παραλαϐὼν,</span> <span class='ocrx_word' id='word_1_607' title='bbox 1873 3971 1976 4026; x_wconf 86' lang='grc' dir='ltr'>ὑπὸ</span> 
     </span>
    </p>
   </div>
   <div class='ocr_carea' id='block_1_77' title="bbox 330 4054 1976 4134">
    <p class='ocr_par' dir='ltr' id='par_1_77' title="bbox 330 4054 1976 4134">
     <span class='ocr_line' id='line_1_81' title="bbox 330 4054 1976 4134; baseline 0.004 -27"><span class='ocrx_word' id='word_1_608' title='bbox 330 4057 537 4132; x_wconf 78' lang='grc' dir='ltr'>φρουρᾷ</span> <span class='ocrx_word' id='word_1_609' title='bbox 595 4054 689 4127; x_wconf 76' lang='grc' dir='ltr'>μὲν</span> <span class='ocrx_word' id='word_1_610' title='bbox 739 4056 894 4128; x_wconf 68' lang='grc' dir='ltr'>τήρει</span> <span class='ocrx_word' id='word_1_611' title='bbox 947 4073 1041 4127; x_wconf 89' lang='grc' dir='ltr'>μοι</span> <span class='ocrx_word' id='word_1_612' title='bbox 1090 4058 1158 4128; x_wconf 83' lang='grc' dir='ltr'>τῇ</span> <span class='ocrx_word' id='word_1_613' title='bbox 1213 4054 1590 4134; x_wconf 73' lang='grc' dir='ltr'>ἀσφαλεστάτη</span> <span class='ocrx_word' id='word_1_614' title='bbox 1619 4076 1631 4090; x_wconf 90' lang='grc'>·</span> <span class='ocrx_word' id='word_1_615' title='bbox 1664 4056 1810 4127; x_wconf 75' lang='grc' dir='ltr'>πλὴν</span> <span class='ocrx_word' id='word_1_616' title='bbox 1849 4057 1976 4131; x_wconf 86' lang='grc' dir='ltr'>μηδ’</span> 
     </span>
    </p>
   </div>
   <div class='ocr_carea' id='block_1_78' title="bbox 333 4139 1979 4222">
    <p class='ocr_par' dir='ltr' id='par_1_78' title="bbox 333 4139 1979 4222">
     <span class='ocr_line' id='line_1_82' title="bbox 333 4139 1979 4222; baseline 0.002 -24"><span class='ocrx_word' id='word_1_617' title='bbox 333 4144 510 4200; x_wconf 75' lang='grc' dir='ltr'>ὁτιοῦν</span> <span class='ocrx_word' id='word_1_618' title='bbox 562 4142 878 4218; x_wconf 77' lang='grc' dir='ltr'>λυπηρὸνῆ</span> <span class='ocrx_word' id='word_1_619' title='bbox 946 4139 1254 4214; x_wconf 77' lang='grc' dir='ltr'>ἀϐούλητον</span> <span class='ocrx_word' id='word_1_620' title='bbox 1319 4145 1708 4219; x_wconf 84' lang='grc' dir='ltr'>ὑπομένοντας·</span> <span class='ocrx_word' id='word_1_621' title='bbox 1771 4145 1979 4222; x_wconf 77' lang='grc' dir='ltr'>ὄψομαι</span> 
     </span>
    </p>
   </div>
   <div class='ocr_carea' id='block_1_79' title="bbox 334 4231 1977 4312">
    <p class='ocr_par' dir='ltr' id='par_1_79' title="bbox 334 4231 1977 4312">
     <span class='ocr_line' id='line_1_83' title="bbox 334 4231 1977 4312; baseline 0.002 -24"><span class='ocrx_word' id='word_1_622' title='bbox 334 4235 437 4312; x_wconf 75' lang='grc' dir='ltr'>γὰρ</span> <span class='ocrx_word' id='word_1_623' title='bbox 493 4234 586 4288; x_wconf 84' lang='grc' dir='ltr'>καὶ</span> <span class='ocrx_word' id='word_1_624' title='bbox 639 4232 712 4296; x_wconf 72' lang='grc' dir='ltr'>εἷς</span> <span class='ocrx_word' id='word_1_625' title='bbox 765 4231 1018 4308; x_wconf 83' lang='grc' dir='ltr'>δευτέραν</span> <span class='ocrx_word' id='word_1_626' title='bbox 1073 4233 1272 4297; x_wconf 83' lang='grc' dir='ltr'>αὐτοὺς</span> <span class='ocrx_word' id='word_1_627' title='bbox 1329 4232 1585 4303; x_wconf 81' lang='grc' dir='ltr'>ἐξέτασιν.</span> <span class='ocrx_word' id='word_1_628' title='bbox 1653 4238 1823 4291; x_wconf 78' lang='grc' dir='ltr'>Οὗτοι</span> <span class='ocrx_word' id='word_1_629' title='bbox 1885 4237 1977 4308; x_wconf 77' lang='grc' dir='ltr'>μὲν</span> 
     </span>
    </p>
   </div>
   <div class='ocr_carea' id='block_1_80' title="bbox 335 4323 1983 4402">
    <p class='ocr_par' dir='ltr' id='par_1_80' title="bbox 335 4323 1983 4402">
     <span class='ocr_line' id='line_1_84' title="bbox 335 4323 1983 4402; baseline 0.001 -22"><span class='ocrx_word' id='word_1_630' title='bbox 335 4325 448 4394; x_wconf 77' lang='grc' dir='ltr'>οὖν,</span> <span class='ocrx_word' id='word_1_631' title='bbox 481 4327 618 4382; x_wconf 83' lang='grc' dir='ltr'>κατὰ</span> <span class='ocrx_word' id='word_1_632' title='bbox 645 4327 706 4380; x_wconf 84' lang='grc' dir='ltr'>τὸ</span> <span class='ocrx_word' id='word_1_633' title='bbox 738 4323 932 4385; x_wconf 84' lang='grc' dir='ltr'>δουκὸς</span> <span class='ocrx_word' id='word_1_634' title='bbox 965 4325 1291 4400; x_wconf 86' lang='grc' dir='ltr'>πρόσταγμα</span> <span class='ocrx_word' id='word_1_635' title='bbox 1319 4323 1372 4379; x_wconf 72' lang='grc' dir='ltr'>ἐν</span> <span class='ocrx_word' id='word_1_636' title='bbox 1408 4330 1488 4396; x_wconf 82' lang='grc' dir='ltr'>τῷ</span> <span class='ocrx_word' id='word_1_637' title='bbox 1544 4324 1778 4402; x_wconf 80' lang='grc' dir='ltr'>ἀσφαλεῖ</span> <span class='ocrx_word' id='word_1_638' title='bbox 1832 4327 1983 4382; x_wconf 88' lang='grc' dir='ltr'>κλει-</span> 
     </span>
    </p>
   </div>
   <div class='ocr_carea' id='block_1_81' title="bbox 337 4405 1981 4490">
    <p class='ocr_par' dir='ltr' id='par_1_81' title="bbox 337 4405 1981 4490">
     <span class='ocr_line' id='line_1_85' title="bbox 337 4405 1981 4490; baseline 0.001 -20"><span class='ocrx_word' id='word_1_639' title='bbox 337 4417 545 4480; x_wconf 85' lang='grc' dir='ltr'>σθέντες</span> <span class='ocrx_word' id='word_1_640' title='bbox 602 4421 703 4483; x_wconf 86' lang='grc' dir='ltr'>τῆς</span> <span class='ocrx_word' id='word_1_641' title='bbox 759 4405 1008 4488; x_wconf 74' lang='grc' dir='ltr'>φυλακῆς</span> <span class='ocrx_word' id='word_1_642' title='bbox 1074 4412 1299 4486; x_wconf 76' lang='grc' dir='ltr'>ἑσπέρας</span> <span class='ocrx_word' id='word_1_643' title='bbox 1375 4409 1818 4490; x_wconf 86' lang='grc' dir='ltr'>καταλαϐούσης,</span> <span class='ocrx_word' id='word_1_644' title='bbox 1907 4419 1981 4479; x_wconf 78' lang='grc' dir='ltr'>εἰς</span> 
     </span>
    </p>
   </div>
   <div class='ocr_carea' id='block_1_82' title="bbox 335 4497 1982 4583">
    <p class='ocr_par' dir='ltr' id='par_1_82' title="bbox 335 4497 1982 4583">
     <span class='ocr_line' id='line_1_86' title="bbox 335 4497 1982 4583; baseline 0.001 -23"><span class='ocrx_word' id='word_1_645' title='bbox 335 4505 647 4578; x_wconf 75' lang='grc' dir='ltr'>προσευχὴν</span> <span class='ocrx_word' id='word_1_646' title='bbox 711 4501 934 4564; x_wconf 71' lang='grc' dir='ltr'>ἑαυτοὺς</span> <span class='ocrx_word' id='word_1_647' title='bbox 1007 4503 1246 4571; x_wconf 84' lang='grc' dir='ltr'>ἀνῆκαν’</span> <span class='ocrx_word' id='word_1_648' title='bbox 1317 4497 1644 4577; x_wconf 82' lang='grc' dir='ltr'>Ἐπίϐλεψον</span> <span class='ocrx_word' id='word_1_649' title='bbox 1675 4505 1754 4583; x_wconf 72' lang='grc' dir='ltr'>ἐφ’</span> <span class='ocrx_word' id='word_1_650' title='bbox 1811 4509 1982 4580; x_wconf 80' lang='grc' dir='ltr'>ἡμᾶς,</span> 
     </span>
    </p>
   </div>
   <div class='ocr_carea' id='block_1_83' title="bbox 342 4590 1982 4671">
    <p class='ocr_par' dir='ltr' id='par_1_83' title="bbox 342 4590 1982 4671">
     <span class='ocr_line' id='line_1_87' title="bbox 342 4590 1982 4671; baseline 0.004 -25"><span class='ocrx_word' id='word_1_651' title='bbox 342 4593 608 4669; x_wconf 84' lang='grc' dir='ltr'>λέγοντες.</span> <span class='ocrx_word' id='word_1_652' title='bbox 671 4591 722 4662; x_wconf 82' lang='grc' dir='ltr'>ἐξ</span> <span class='ocrx_word' id='word_1_653' title='bbox 807 4591 963 4666; x_wconf 88' lang='grc' dir='ltr'>ἀγίου</span> <span class='ocrx_word' id='word_1_654' title='bbox 1039 4613 1157 4658; x_wconf 84' lang='grc' dir='ltr'>σου,</span> <span class='ocrx_word' id='word_1_655' title='bbox 1217 4590 1477 4662; x_wconf 84' lang='grc' dir='ltr'>Δέσποτα,</span> <span class='ocrx_word' id='word_1_656' title='bbox 1534 4596 1982 4671; x_wconf 89' lang='grc' dir='ltr'>κατοικητηρίου·</span> 
     </span>
    </p>
   </div>
   <div class='ocr_carea' id='block_1_84' title="bbox 338 4678 1984 4758">
    <p class='ocr_par' dir='ltr' id='par_1_84' title="bbox 338 4678 1984 4758">
     <span class='ocr_line' id='line_1_88' title="bbox 338 4678 1984 4758; baseline 0.002 -21"><span class='ocrx_word' id='word_1_657' title='bbox 338 4683 422 4738; x_wconf 81' lang='grc' dir='ltr'>ὅτι</span> <span class='ocrx_word' id='word_1_658' title='bbox 481 4683 510 4736; x_wconf 84' lang='grc' dir='ltr'><strong>ὁ</strong></span> <span class='ocrx_word' id='word_1_659' title='bbox 565 4679 761 4756; x_wconf 75' lang='grc' dir='ltr'>ἕχθρὸς</span> <span class='ocrx_word' id='word_1_660' title='bbox 828 4678 1103 4736; x_wconf 83' lang='grc' dir='ltr'>ὠνείδισεν</span> <span class='ocrx_word' id='word_1_661' title='bbox 1151 4683 1298 4753; x_wconf 76' lang='grc' dir='ltr'>ἡμᾶς</span> <span class='ocrx_word' id='word_1_662' title='bbox 1331 4679 1418 4736; x_wconf 77' lang='grc' dir='ltr'>διὰ</span> <span class='ocrx_word' id='word_1_663' title='bbox 1452 4683 1516 4737; x_wconf 80' lang='grc' dir='ltr'>τὸ</span> <span class='ocrx_word' id='word_1_664' title='bbox 1547 4685 1636 4738; x_wconf 86' lang='grc' dir='ltr'>σὸν</span> <span class='ocrx_word' id='word_1_665' title='bbox 1669 4683 1865 4758; x_wconf 71' lang='grc' dir='ltr'>ὄνομα,</span> <span class='ocrx_word' id='word_1_666' title='bbox 1895 4687 1984 4741; x_wconf 87' lang='grc' dir='ltr'>καὶ</span> 
     </span>
    </p>
   </div>
   <div class='ocr_carea' id='block_1_85' title="bbox 343 4766 1986 4848">
    <p class='ocr_par' dir='ltr' id='par_1_85' title="bbox 343 4766 1986 4848">
     <span class='ocr_line' id='line_1_89' title="bbox 343 4766 1986 4848; baseline 0.001 -23"><span class='ocrx_word' id='word_1_667' title='bbox 343 4770 474 4832; x_wconf 89' lang='grc' dir='ltr'>λαὸς</span> <span class='ocrx_word' id='word_1_668' title='bbox 515 4771 700 4845; x_wconf 77' lang='grc' dir='ltr'>ἄφρων</span> <span class='ocrx_word' id='word_1_669' title='bbox 759 4771 1039 4845; x_wconf 82' lang='grc' dir='ltr'>παρώξυνε</span> <span class='ocrx_word' id='word_1_670' title='bbox 1092 4771 1154 4825; x_wconf 91' lang='grc' dir='ltr'>τὸ</span> <span class='ocrx_word' id='word_1_671' title='bbox 1213 4766 1387 4843; x_wconf 73' lang='grc' dir='ltr'>ὄνομᾶ</span> <span class='ocrx_word' id='word_1_672' title='bbox 1426 4793 1520 4826; x_wconf 91' lang='grc' dir='ltr'>σου</span> <span class='ocrx_word' id='word_1_673' title='bbox 1557 4773 1619 4827; x_wconf 83' lang='grc' dir='ltr'>τὸ</span> <span class='ocrx_word' id='word_1_674' title='bbox 1673 4773 1854 4848; x_wconf 77' lang='grc' dir='ltr'>ἅγιονο</span> <span class='ocrx_word' id='word_1_675' title='bbox 1897 4773 1986 4828; x_wconf 84' lang='grc' dir='ltr'>καὶ</span> 
     </span>
    </p>
   </div>
   <div class='ocr_carea' id='block_1_86' title="bbox 346 4855 1986 4937">
    <p class='ocr_par' dir='ltr' id='par_1_86' title="bbox 346 4855 1986 4937">
     <span class='ocr_line' id='line_1_90' title="bbox 346 4855 1986 4937; baseline 0.002 -23"><span class='ocrx_word' id='word_1_676' title='bbox 346 4861 422 4932; x_wconf 85' lang='grc' dir='ltr'>μὴ</span> <span class='ocrx_word' id='word_1_677' title='bbox 477 4855 734 4933; x_wconf 82' lang='grc' dir='ltr'>παραδῷς</span> <span class='ocrx_word' id='word_1_678' title='bbox 788 4858 1090 4932; x_wconf 80' lang='grc' dir='ltr'>ἀνθρώποις</span> <span class='ocrx_word' id='word_1_679' title='bbox 1140 4859 1342 4932; x_wconf 80' lang='grc' dir='ltr'>θηρίων</span> <span class='ocrx_word' id='word_1_680' title='bbox 1391 4859 1748 4936; x_wconf 72' lang='grc' dir='ltr'>ἀγριωτέρως</span> <span class='ocrx_word' id='word_1_681' title='bbox 1807 4861 1986 4937; x_wconf 65' lang='grc' dir='ltr'>ψυχᾶς</span> 
     </span>
    </p>
   </div>
   <div class='ocr_carea' id='block_1_87' title="bbox 2079 3695 3728 3780">
    <p class='ocr_par' dir='ltr' id='par_1_87' title="bbox 2079 3695 3728 3780">
     <span class='ocr_line' id='line_1_91' title="bbox 2079 3695 3728 3780; baseline -0.009 -17"><span class='ocrx_word' id='word_1_682' title='bbox 2079 3706 2470 3780; x_wconf 88' lang='lat' dir='ltr'>gnitudinem,</span> <span class='ocrx_word' id='word_1_683' title='bbox 2502 3707 2566 3760; x_wconf 89' lang='lat' dir='ltr'>ut</span> <span class='ocrx_word' id='word_1_684' title='bbox 2594 3708 2650 3760; x_wconf 92' lang='lat' dir='ltr'>et</span> <span class='ocrx_word' id='word_1_685' title='bbox 2681 3702 2994 3775; x_wconf 89' lang='lat' dir='ltr'>supplicia,</span> <span class='ocrx_word' id='word_1_686' title='bbox 3025 3704 3083 3757; x_wconf 90' lang='lat' dir='ltr'>et</span> <span class='ocrx_word' id='word_1_687' title='bbox 3113 3701 3329 3768; x_wconf 92' lang='lat' dir='ltr'>minas,</span> <span class='ocrx_word' id='word_1_688' title='bbox 3359 3701 3417 3754; x_wconf 90' lang='lat' dir='ltr'>et</span> <span class='ocrx_word' id='word_1_689' title='bbox 3463 3695 3728 3768; x_wconf 86' lang='lat' dir='ltr'>gloriam,</span> 
     </span>
    </p>
   </div>
   <div class='ocr_carea' id='block_1_88' title="bbox 2080 3785 3728 3866">
    <p class='ocr_par' dir='ltr' id='par_1_88' title="bbox 2080 3785 3728 3866">
     <span class='ocr_line' id='line_1_92' title="bbox 2080 3785 3728 3866; baseline -0.009 -14"><span class='ocrx_word' id='word_1_690' title='bbox 2080 3800 2140 3852; x_wconf 89' lang='lat' dir='ltr'>et</span> <span class='ocrx_word' id='word_1_691' title='bbox 2193 3796 2384 3866; x_wconf 88' lang='lat' dir='ltr'>ipsum</span> <span class='ocrx_word' id='word_1_692' title='bbox 2443 3793 2616 3849; x_wconf 86' lang='lat' dir='ltr'>etiam</span> <span class='ocrx_word' id='word_1_693' title='bbox 2692 3791 3055 3863; x_wconf 87' lang='lat' dir='ltr'>despicerent</span> <span class='ocrx_word' id='word_1_694' title='bbox 3121 3789 3558 3861; x_wconf 87' lang='lat' dir='ltr'>imperatorem,</span> <span class='ocrx_word' id='word_1_695' title='bbox 3611 3785 3728 3838; x_wconf 86' lang='lat' dir='ltr'>imo</span> 
     </span>
    </p>
   </div>
   <div class='ocr_carea' id='block_1_89' title="bbox 2082 3875 3723 3955">
    <p class='ocr_par' dir='ltr' id='par_1_89' title="bbox 2082 3875 3723 3955">
     <span class='ocr_line' id='line_1_93' title="bbox 2082 3875 3723 3955; baseline -0.009 -15"><span class='ocrx_word' id='word_1_696' title='bbox 2082 3888 2324 3942; x_wconf 91' lang='lat' dir='ltr'>mortem</span> <span class='ocrx_word' id='word_1_697' title='bbox 2355 3899 2590 3955; x_wconf 90' lang='lat' dir='ltr'>quoque</span> <span class='ocrx_word' id='word_1_698' title='bbox 2620 3881 2850 3937; x_wconf 89' lang='lat' dir='ltr'>minimi</span> <span class='ocrx_word' id='word_1_699' title='bbox 2901 3881 3175 3937; x_wconf 85' lang='lat' dir='ltr'>facerent.</span> <span class='ocrx_word' id='word_1_700' title='bbox 3209 3875 3495 3934; x_wconf 88' lang='lat' dir='ltr'>Accersilo</span> <span class='ocrx_word' id='word_1_701' title='bbox 3527 3877 3723 3930; x_wconf 89' lang='lat' dir='ltr'>autem</span> 
     </span>
    </p>
   </div>
   <div class='ocr_carea' id='block_1_90' title="bbox 2082 3959 3722 4041">
    <p class='ocr_par' dir='ltr' id='par_1_90' title="bbox 2082 3959 3722 4041">
     <span class='ocr_line' id='line_1_94' title="bbox 2082 3959 3722 4041; baseline -0.01 -12"><span class='ocrx_word' id='word_1_702' title='bbox 2082 3971 2586 4031; x_wconf 88' lang='lat' dir='ltr'>commentariensi</span> <span class='ocrx_word' id='word_1_703' title='bbox 2613 3989 2624 4027; x_wconf 94' lang='lat'><strong>:</strong></span> <span class='ocrx_word' id='word_1_704' title='bbox 2657 3971 2886 4040; x_wconf 91' lang='lat' dir='ltr'>Accipe,</span> <span class='ocrx_word' id='word_1_705' title='bbox 2919 3968 3130 4041; x_wconf 89' lang='lat' dir='ltr'>inquit,</span> <span class='ocrx_word' id='word_1_706' title='bbox 3163 3967 3270 4023; x_wconf 90' lang='lat' dir='ltr'>hos</span> <span class='ocrx_word' id='word_1_707' title='bbox 3299 3966 3544 4030; x_wconf 89' lang='lat' dir='ltr'>vinctos,</span> <span class='ocrx_word' id='word_1_708' title='bbox 3576 3965 3632 4016; x_wconf 91' lang='lat' dir='ltr'>et</span> <span class='ocrx_word' id='word_1_709' title='bbox 3665 3959 3722 4014; x_wconf 90' lang='lat' dir='ltr'>in</span> 
     </span>
    </p>
   </div>
   <div class='ocr_carea' id='block_1_91' title="bbox 2083 4053 3726 4133">
    <p class='ocr_par' dir='ltr' id='par_1_91' title="bbox 2083 4053 3726 4133">
     <span class='ocr_line' id='line_1_95' title="bbox 2083 4053 3726 4133; baseline -0.01 -14"><span class='ocrx_word' id='word_1_710' title='bbox 2083 4062 2346 4119; x_wconf 87' lang='lat' dir='ltr'>custodia</span> <span class='ocrx_word' id='word_1_711' title='bbox 2375 4061 2608 4133; x_wconf 87' lang='lat' dir='ltr'>quidem</span> <span class='ocrx_word' id='word_1_712' title='bbox 2641 4075 2805 4116; x_wconf 87' lang='lat' dir='ltr'>serva</span> <span class='ocrx_word' id='word_1_713' title='bbox 2823 4058 3138 4125; x_wconf 87' lang='lat' dir='ltr'>tutissima,</span> <span class='ocrx_word' id='word_1_714' title='bbox 3163 4053 3311 4110; x_wconf 90' lang='lat' dir='ltr'>nihil</span> <span class='ocrx_word' id='word_1_715' title='bbox 3332 4057 3526 4109; x_wconf 88' lang='lat' dir='ltr'>autem</span> <span class='ocrx_word' id='word_1_716' title='bbox 3553 4065 3726 4121; x_wconf 88' lang='lat' dir='ltr'>grave</span> 
     </span>
    </p>
   </div>
   <div class='ocr_carea' id='block_1_92' title="bbox 2085 4141 3724 4204">
    <p class='ocr_par' dir='ltr' id='par_1_92' title="bbox 2085 4141 3724 4204">
     <span class='ocr_line' id='line_1_96' title="bbox 2085 4141 3724 4204; baseline -0.008 0"><span class='ocrx_word' id='word_1_717' title='bbox 2085 4156 2185 4204; x_wconf 86' lang='lat' dir='ltr'>aut</span> <span class='ocrx_word' id='word_1_718' title='bbox 2250 4150 2562 4204; x_wconf 90' lang='lat' dir='ltr'>molestum</span> <span class='ocrx_word' id='word_1_719' title='bbox 2641 4147 3037 4203; x_wconf 84' lang='lat' dir='ltr'>sustinentes:</span> <span class='ocrx_word' id='word_1_720' title='bbox 3095 4161 3193 4200; x_wconf 91' lang='lat' dir='ltr'>eos</span> <span class='ocrx_word' id='word_1_721' title='bbox 3269 4141 3421 4198; x_wconf 91' lang='lat' dir='ltr'>enim</span> <span class='ocrx_word' id='word_1_722' title='bbox 3496 4153 3724 4194; x_wconf 89' lang='lat' dir='ltr'>reservo</span> 
     </span>
    </p>
   </div>
   <div class='ocr_carea' id='block_1_93' title="bbox 2086 4229 3732 4305">
    <p class='ocr_par' dir='ltr' id='par_1_93' title="bbox 2086 4229 3732 4305">
     <span class='ocr_line' id='line_1_97' title="bbox 2086 4229 3732 4305; baseline -0.007 -12"><span class='ocrx_word' id='word_1_723' title='bbox 2086 4236 2518 4293; x_wconf 86' lang='lat' dir='ltr'>examinationi.</span> <span class='ocrx_word' id='word_1_724' title='bbox 2555 4239 2737 4303; x_wconf 83' lang='lat' dir='ltr'>Atque</span> <span class='ocrx_word' id='word_1_725' title='bbox 2765 4235 2806 4289; x_wconf 92' lang='lat' dir='ltr'>ii</span> <span class='ocrx_word' id='word_1_726' title='bbox 2837 4234 3073 4304; x_wconf 90' lang='lat' dir='ltr'>quidem</span> <span class='ocrx_word' id='word_1_727' title='bbox 3106 4235 3276 4305; x_wconf 87' lang='lat' dir='ltr'>jussu</span> <span class='ocrx_word' id='word_1_728' title='bbox 3319 4229 3484 4284; x_wconf 87' lang='lat' dir='ltr'>ducis</span> <span class='ocrx_word' id='word_1_729' title='bbox 3514 4229 3572 4283; x_wconf 91' lang='lat' dir='ltr'>in</span> <span class='ocrx_word' id='word_1_730' title='bbox 3603 4229 3732 4282; x_wconf 88' lang='lat' dir='ltr'>tuta</span> 
     </span>
    </p>
   </div>
   <div class='ocr_carea' id='block_1_94' title="bbox 2085 4315 3732 4390">
    <p class='ocr_par' dir='ltr' id='par_1_94' title="bbox 2085 4315 3732 4390">
     <span class='ocr_line' id='line_1_98' title="bbox 2085 4315 3732 4390; baseline -0.006 -10"><span class='ocrx_word' id='word_1_731' title='bbox 2085 4324 2300 4380; x_wconf 89' lang='lat' dir='ltr'>inclusi</span> <span class='ocrx_word' id='word_1_732' title='bbox 2349 4323 2635 4390; x_wconf 88' lang='lat' dir='ltr'>custodia,</span> <span class='ocrx_word' id='word_1_733' title='bbox 2697 4338 2830 4378; x_wconf 91' lang='lat' dir='ltr'>cum</span> <span class='ocrx_word' id='word_1_734' title='bbox 2887 4321 3142 4376; x_wconf 89' lang='lat' dir='ltr'>venisset</span> <span class='ocrx_word' id='word_1_735' title='bbox 3191 4335 3445 4389; x_wconf 89' lang='lat' dir='ltr'>vespera,</span> <span class='ocrx_word' id='word_1_736' title='bbox 3506 4315 3732 4386; x_wconf 88' lang='lat' dir='ltr'>seipsos</span> 
     </span>
    </p>
   </div>
   <div class='ocr_carea' id='block_1_95' title="bbox 2089 4403 3729 4481">
    <p class='ocr_par' dir='ltr' id='par_1_95' title="bbox 2089 4403 3729 4481">
     <span class='ocr_line' id='line_1_99' title="bbox 2089 4403 3729 4481; baseline -0.008 -11"><span class='ocrx_word' id='word_1_737' title='bbox 2089 4415 2378 4470; x_wconf 89' lang='lat' dir='ltr'>dederunt</span> <span class='ocrx_word' id='word_1_738' title='bbox 2425 4411 2710 4468; x_wconf 85' lang='lat' dir='ltr'>orationi:</span> <span class='ocrx_word' id='word_1_739' title='bbox 2742 4410 2989 4481; x_wconf 87' lang='lat' dir='ltr'>Adspice</span> <span class='ocrx_word' id='word_1_740' title='bbox 3022 4409 3094 4465; x_wconf 90' lang='lat' dir='ltr'>ad</span> <span class='ocrx_word' id='word_1_741' title='bbox 3137 4425 3258 4478; x_wconf 89' lang='lat' dir='ltr'>nos,</span> <span class='ocrx_word' id='word_1_742' title='bbox 3303 4407 3576 4470; x_wconf 86' lang='lat' dir='ltr'>dicentes,</span> <span class='ocrx_word' id='word_1_743' title='bbox 3608 4403 3729 4458; x_wconf 94' lang='lat' dir='ltr'>Do-</span> 
     </span>
    </p>
   </div>
   <div class='ocr_carea' id='block_1_96' title="bbox 2091 4491 3731 4570">
    <p class='ocr_par' dir='ltr' id='par_1_96' title="bbox 2091 4491 3731 4570">
     <span class='ocr_line' id='line_1_100' title="bbox 2091 4491 3731 4570; baseline -0.007 -12"><span class='ocrx_word' id='word_1_744' title='bbox 2091 4503 2268 4570; x_wconf 88' lang='lat' dir='ltr'>mine,</span> <span class='ocrx_word' id='word_1_745' title='bbox 2301 4517 2330 4557; x_wconf 91' lang='lat' dir='ltr'>e</span> <span class='ocrx_word' id='word_1_746' title='bbox 2361 4505 2562 4557; x_wconf 85' lang='lat' dir='ltr'>sancto</span> <span class='ocrx_word' id='word_1_747' title='bbox 2591 4503 2692 4555; x_wconf 90' lang='lat' dir='ltr'>tuo</span> <span class='ocrx_word' id='word_1_748' title='bbox 2740 4497 3109 4554; x_wconf 86' lang='lat' dir='ltr'>habitaculo:</span> <span class='ocrx_word' id='word_1_749' title='bbox 3143 4495 3416 4568; x_wconf 89' lang='lat' dir='ltr'>quoniam</span> <span class='ocrx_word' id='word_1_750' title='bbox 3457 4491 3731 4550; x_wconf 88' lang='lat' dir='ltr'>inimicus</span> 
     </span>
    </p>
   </div>
   <div class='ocr_carea' id='block_1_97' title="bbox 2091 4581 3729 4663">
    <p class='ocr_par' dir='ltr' id='par_1_97' title="bbox 2091 4581 3729 4663">
     <span class='ocr_line' id='line_1_101' title="bbox 2091 4581 3729 4663; baseline -0.009 -15"><span class='ocrx_word' id='word_1_751' title='bbox 2091 4609 2198 4648; x_wconf 90' lang='lat' dir='ltr'>nos</span> <span class='ocrx_word' id='word_1_752' title='bbox 2247 4589 2474 4663; x_wconf 90' lang='lat' dir='ltr'>probris</span> <span class='ocrx_word' id='word_1_753' title='bbox 2523 4589 2730 4658; x_wconf 81' lang='lat' dir='ltr'>aﬂ&#39;ecit,</span> <span class='ocrx_word' id='word_1_754' title='bbox 2764 4592 2821 4643; x_wconf 90' lang='lat' dir='ltr'>et</span> <span class='ocrx_word' id='word_1_755' title='bbox 2851 4586 3100 4659; x_wconf 86' lang='lat' dir='ltr'>populus</span> <span class='ocrx_word' id='word_1_756' title='bbox 3151 4586 3432 4658; x_wconf 89' lang='lat' dir='ltr'>insipiens</span> <span class='ocrx_word' id='word_1_757' title='bbox 3479 4581 3729 4637; x_wconf 85' lang='lat' dir='ltr'>irritavit</span> 
     </span>
    </p>
   </div>
   <div class='ocr_carea' id='block_1_98' title="bbox 2093 4668 3729 4736">
    <p class='ocr_par' dir='ltr' id='par_1_98' title="bbox 2093 4668 3729 4736">
     <span class='ocr_line' id='line_1_102' title="bbox 2093 4668 3729 4736; baseline -0.009 0"><span class='ocrx_word' id='word_1_758' title='bbox 2093 4695 2302 4736; x_wconf 91' lang='lat' dir='ltr'>nomen</span> <span class='ocrx_word' id='word_1_759' title='bbox 2359 4685 2624 4734; x_wconf 86' lang='lat' dir='ltr'>sanctum</span> <span class='ocrx_word' id='word_1_760' title='bbox 2683 4684 2870 4732; x_wconf 89' lang='lat' dir='ltr'>tuum.</span> <span class='ocrx_word' id='word_1_761' title='bbox 2905 4675 2974 4730; x_wconf 90' lang='lat' dir='ltr'>Et</span> <span class='ocrx_word' id='word_1_762' title='bbox 3021 4691 3092 4730; x_wconf 91' lang='lat' dir='ltr'>ne</span> <span class='ocrx_word' id='word_1_763' title='bbox 3140 4675 3334 4731; x_wconf 88' lang='lat' dir='ltr'>tradas</span> <span class='ocrx_word' id='word_1_764' title='bbox 3394 4668 3729 4727; x_wconf 89' lang='lat' dir='ltr'>hominibus</span> 
     </span>
    </p>
   </div>
   <div class='ocr_carea' id='block_1_99' title="bbox 2093 4757 3729 4825">
    <p class='ocr_par' dir='ltr' id='par_1_99' title="bbox 2093 4757 3729 4825">
     <span class='ocr_line' id='line_1_103' title="bbox 2093 4757 3729 4825; baseline -0.009 0"><span class='ocrx_word' id='word_1_765' title='bbox 2093 4769 2229 4825; x_wconf 85' lang='lat' dir='ltr'>feris</span> <span class='ocrx_word' id='word_1_766' title='bbox 2276 4767 2727 4822; x_wconf 89' lang='lat' dir='ltr'>immanioribus</span> <span class='ocrx_word' id='word_1_767' title='bbox 2777 4765 3002 4820; x_wconf 85' lang='lat' dir='ltr'>animus</span> <span class='ocrx_word' id='word_1_768' title='bbox 3047 4763 3154 4818; x_wconf 89' lang='lat' dir='ltr'>tibi</span> <span class='ocrx_word' id='word_1_769' title='bbox 3198 4761 3584 4819; x_wconf 80' lang='lat' dir='ltr'>confitentes:</span> <span class='ocrx_word' id='word_1_770' title='bbox 3629 4757 3729 4814; x_wconf 88' lang='lat' dir='ltr'>sed</span> 
     </span>
    </p>
   </div>
   <div class='ocr_carea' id='block_1_100' title="bbox 2094 4849 3734 4929">
    <p class='ocr_par' dir='ltr' id='par_1_100' title="bbox 2094 4849 3734 4929">
     <span class='ocr_line' id='line_1_104' title="bbox 2094 4849 3734 4929; baseline -0.008 -15"><span class='ocrx_word' id='word_1_771' title='bbox 2094 4857 2285 4929; x_wconf 87' lang='lat' dir='ltr'>aspice</span> <span class='ocrx_word' id='word_1_772' title='bbox 2351 4857 2420 4911; x_wconf 88' lang='lat' dir='ltr'>ad</span> <span class='ocrx_word' id='word_1_773' title='bbox 2477 4858 2891 4912; x_wconf 86' lang='lat' dir='ltr'>testamentum</span> <span class='ocrx_word' id='word_1_774' title='bbox 2963 4861 3149 4922; x_wconf 86' lang='lat' dir='ltr'>tuum,</span> <span class='ocrx_word' id='word_1_775' title='bbox 3207 4854 3264 4907; x_wconf 91' lang='lat' dir='ltr'>et</span> <span class='ocrx_word' id='word_1_776' title='bbox 3317 4849 3548 4918; x_wconf 88' lang='lat' dir='ltr'>suscipe</span> <span class='ocrx_word' id='word_1_777' title='bbox 3603 4863 3734 4915; x_wconf 89' lang='lat' dir='ltr'>nos,</span> 
     </span>
    </p>
   </div>
   <div class='ocr_carea' id='block_1_101' title="bbox 345 4940 1967 5042">
    <p class='ocr_par' dir='ltr' id='par_1_101' title="bbox 345 4943 1967 5042">
     <span class='ocr_line' id='line_1_105' title="bbox 345 4943 1967 5042; baseline 0.001 -38"><span class='ocrx_word' id='word_1_778' title='bbox 345 4946 844 5022; x_wconf 82' lang='grc' dir='ltr'>έξομολογουμὲνα.</span> <span class='ocrx_word' id='word_1_779' title='bbox 882 4966 1008 5042; x_wconf 43' lang='grc' dir='ltr'>σοι-Α</span> <span class='ocrx_word' id='word_1_780' title='bbox 1028 4945 1155 5002; x_wconf 84' lang='grc' dir='ltr'>ἀλλ’</span> <span class='ocrx_word' id='word_1_781' title='bbox 1186 4943 1482 5022; x_wconf 79' lang='grc' dir='ltr'>ἐπίϐλεψον</span> <span class='ocrx_word' id='word_1_782' title='bbox 1533 4950 1608 5012; x_wconf 82' lang='grc' dir='ltr'>εἰς</span> <span class='ocrx_word' id='word_1_783' title='bbox 1637 4953 1734 5020; x_wconf 82' lang='grc' dir='ltr'>τήν</span> <span class='ocrx_word' id='word_1_784' title='bbox 1789 4949 1967 5022; x_wconf 76' lang='grc' dir='ltr'>διαθή-</span> 
     </span>
    </p>
   </div>
   <div class='ocr_carea' id='block_1_102' title="bbox 2078 4940 3732 5042">
    <p class='ocr_par' dir='ltr' id='par_1_102' title="bbox 2096 4940 3732 5012">
     <span class='ocr_line' id='line_1_106' title="bbox 2096 4940 3732 5012; baseline -0.009 -10"><span class='ocrx_word' id='word_1_785' title='bbox 2096 4945 2361 5012; x_wconf 89' lang='lat' dir='ltr'>Domine,</span> <span class='ocrx_word' id='word_1_786' title='bbox 2419 4948 2476 5000; x_wconf 90' lang='lat' dir='ltr'>et</span> <span class='ocrx_word' id='word_1_787' title='bbox 2530 4943 2754 4998; x_wconf 89' lang='lat' dir='ltr'>redime</span> <span class='ocrx_word' id='word_1_788' title='bbox 2809 4957 2916 4996; x_wconf 90' lang='lat' dir='ltr'>nos</span> <span class='ocrx_word' id='word_1_789' title='bbox 2975 4943 3209 5012; x_wconf 90' lang='lat' dir='ltr'>propter</span> <span class='ocrx_word' id='word_1_790' title='bbox 3265 4952 3475 4992; x_wconf 90' lang='lat' dir='ltr'>nomen</span> <span class='ocrx_word' id='word_1_791' title='bbox 3544 4940 3732 4990; x_wconf 89' lang='lat' dir='ltr'>tuum.</span> 
     </span>
    </p>
   </div>
   <div class='ocr_carea' id='block_1_103' title="bbox 344 5031 1986 5114">
    <p class='ocr_par' dir='ltr' id='par_1_103' title="bbox 344 5031 1986 5114">
     <span class='ocr_line' id='line_1_107' title="bbox 344 5031 1986 5114; baseline 0.001 -22"><span class='ocrx_word' id='word_1_792' title='bbox 344 5059 444 5109; x_wconf 85' lang='grc' dir='ltr'>κην</span> <span class='ocrx_word' id='word_1_793' title='bbox 475 5059 592 5107; x_wconf 90' lang='grc' dir='ltr'>σου,</span> <span class='ocrx_word' id='word_1_794' title='bbox 633 5037 724 5091; x_wconf 88' lang='grc' dir='ltr'>καὶ</span> <span class='ocrx_word' id='word_1_795' title='bbox 781 5031 1076 5092; x_wconf 79' lang='grc' dir='ltr'>ἀντιλαϐοὓ</span> <span class='ocrx_word' id='word_1_796' title='bbox 1114 5038 1298 5109; x_wconf 80' lang='grc' dir='ltr'>ἡμῶν,</span> <span class='ocrx_word' id='word_1_797' title='bbox 1331 5038 1514 5112; x_wconf 85' lang='grc' dir='ltr'>Κύριε,</span> <span class='ocrx_word' id='word_1_798' title='bbox 1573 5040 1662 5094; x_wconf 84' lang='grc' dir='ltr'>καὶ</span> <span class='ocrx_word' id='word_1_799' title='bbox 1712 5038 1986 5114; x_wconf 83' lang='grc' dir='ltr'>λύτρωσαι</span> 
     </span>
    </p>
   </div>
   <div class='ocr_carea' id='block_1_104' title="bbox 345 5121 1988 5206">
    <p class='ocr_par' dir='ltr' id='par_1_104' title="bbox 345 5121 1988 5206">
     <span class='ocr_line' id='line_1_108' title="bbox 345 5121 1988 5206; baseline 0.002 -26"><span class='ocrx_word' id='word_1_800' title='bbox 345 5129 492 5200; x_wconf 81' lang='grc' dir='ltr'>ἡμᾶς</span> <span class='ocrx_word' id='word_1_801' title='bbox 548 5121 722 5181; x_wconf 79' lang='grc' dir='ltr'>ἕνεκεν</span> <span class='ocrx_word' id='word_1_802' title='bbox 752 5130 850 5181; x_wconf 81' lang='grc' dir='ltr'>τοῦ</span> <span class='ocrx_word' id='word_1_803' title='bbox 909 5125 1178 5198; x_wconf 87' lang='grc' dir='ltr'>ὀνόματός</span> <span class='ocrx_word' id='word_1_804' title='bbox 1220 5145 1338 5179; x_wconf 86' lang='grc' dir='ltr'>σου·</span> <span class='ocrx_word' id='word_1_805' title='bbox 1396 5125 1476 5180; x_wconf 83' lang='grc' dir='ltr'>ὅτι</span> <span class='ocrx_word' id='word_1_806' title='bbox 1535 5129 1570 5196; x_wconf 84' lang='grc' dir='ltr'>ἠ</span> <span class='ocrx_word' id='word_1_807' title='bbox 1622 5128 1988 5206; x_wconf 72' lang='grc' dir='ltr'>ὑπερήφανεια</span> 
     </span>
    </p>
   </div>
   <div class='ocr_carea' id='block_1_105' title="bbox 346 5213 1988 5292">
    <p class='ocr_par' dir='ltr' id='par_1_105' title="bbox 346 5213 1988 5292">
     <span class='ocr_line' id='line_1_109' title="bbox 346 5213 1988 5292; baseline 0.001 -20"><span class='ocrx_word' id='word_1_808' title='bbox 346 5220 454 5272; x_wconf 82' lang='grc' dir='ltr'>τῶν</span> <span class='ocrx_word' id='word_1_809' title='bbox 515 5215 818 5289; x_wconf 84' lang='grc' dir='ltr'>μισούντων</span> <span class='ocrx_word' id='word_1_810' title='bbox 884 5235 962 5284; x_wconf 91' lang='grc' dir='ltr'>σε,</span> <span class='ocrx_word' id='word_1_811' title='bbox 1019 5213 1236 5290; x_wconf 87' lang='grc' dir='ltr'>γέγονεν</span> <span class='ocrx_word' id='word_1_812' title='bbox 1297 5213 1379 5290; x_wconf 75' lang='grc' dir='ltr'>ἐφ’</span> <span class='ocrx_word' id='word_1_813' title='bbox 1435 5216 1584 5288; x_wconf 82' lang='grc' dir='ltr'>ἡμᾶς</span> <span class='ocrx_word' id='word_1_814' title='bbox 1638 5217 1855 5292; x_wconf 78' lang='grc' dir='ltr'>ἰσχυρά.</span> <span class='ocrx_word' id='word_1_815' title='bbox 1891 5225 1988 5273; x_wconf 86' lang='grc' dir='ltr'>Και</span> 
     </span>
    </p>
   </div>
   <div class='ocr_carea' id='block_1_106' title="bbox 347 5301 1992 5378">
    <p class='ocr_par' dir='ltr' id='par_1_106' title="bbox 347 5301 1992 5378">
     <span class='ocr_line' id='line_1_110' title="bbox 347 5301 1992 5378; baseline 0.004 -24"><span class='ocrx_word' id='word_1_816' title='bbox 347 5311 446 5374; x_wconf 80' lang='grc' dir='ltr'>τῆς</span> <span class='ocrx_word' id='word_1_817' title='bbox 493 5304 662 5374; x_wconf 74' lang='grc' dir='ltr'>εὐχῆς</span> <span class='ocrx_word' id='word_1_818' title='bbox 711 5303 818 5374; x_wconf 76' lang='grc' dir='ltr'>ἤδη</span> <span class='ocrx_word' id='word_1_819' title='bbox 864 5301 1228 5374; x_wconf 79' lang='grc' dir='ltr'>τελεσθείσης,</span> <span class='ocrx_word' id='word_1_820' title='bbox 1284 5302 1463 5378; x_wconf 77' lang='grc' dir='ltr'>βραχὺ</span> <span class='ocrx_word' id='word_1_821' title='bbox 1510 5305 1647 5378; x_wconf 88' lang='grc' dir='ltr'>πρὸς</span> <span class='ocrx_word' id='word_1_822' title='bbox 1675 5306 1840 5360; x_wconf 77' lang='grc' dir='ltr'>ὕπνον</span> <span class='ocrx_word' id='word_1_823' title='bbox 1871 5305 1992 5361; x_wconf 85' lang='grc' dir='ltr'>δια-</span> 
     </span>
    </p>
   </div>
   <div class='ocr_carea' id='block_1_107' title="bbox 344 5391 1989 5469">
    <p class='ocr_par' dir='ltr' id='par_1_107' title="bbox 344 5391 1989 5469">
     <span class='ocr_line' id='line_1_111' title="bbox 344 5391 1989 5469; baseline 0.001 -21"><span class='ocrx_word' id='word_1_824' title='bbox 344 5393 620 5468; x_wconf 80' lang='grc' dir='ltr'>τραπεῖσιν</span> <span class='ocrx_word' id='word_1_825' title='bbox 678 5391 904 5469; x_wconf 74' lang='grc' dir='ltr'>ἅγγελος</span> <span class='ocrx_word' id='word_1_826' title='bbox 972 5393 1158 5456; x_wconf 84' lang='grc' dir='ltr'>αὐτοῖς</span> <span class='ocrx_word' id='word_1_827' title='bbox 1223 5392 1461 5460; x_wconf 80' lang='grc' dir='ltr'>ἐπιστὰς,</span> <span class='ocrx_word' id='word_1_828' title='bbox 1529 5392 1678 5466; x_wconf 80' lang='grc' dir='ltr'>ἡλίῳ</span> <span class='ocrx_word' id='word_1_829' title='bbox 1739 5396 1832 5466; x_wconf 72' lang='grc' dir='ltr'>μὲν</span> <span class='ocrx_word' id='word_1_830' title='bbox 1889 5396 1989 5464; x_wconf 72' lang='grc' dir='ltr'>τὴν</span> 
     </span>
    </p>
   </div>
   <div class='ocr_carea' id='block_1_108' title="bbox 355 5478 1993 5559">
    <p class='ocr_par' dir='ltr' id='par_1_108' title="bbox 355 5478 1993 5559">
     <span class='ocr_line' id='line_1_112' title="bbox 355 5478 1993 5559; baseline -0.001 -22"><span class='ocrx_word' id='word_1_831' title='bbox 355 5485 570 5557; x_wconf 78' lang='grc' dir='ltr'>μορφὴν</span> <span class='ocrx_word' id='word_1_832' title='bbox 637 5481 852 5551; x_wconf 82' lang='grc' dir='ltr'>ἐοικὼς,</span> <span class='ocrx_word' id='word_1_833' title='bbox 922 5479 1149 5559; x_wconf 77' lang='grc' dir='ltr'>φαιδρὸν</span> <span class='ocrx_word' id='word_1_834' title='bbox 1208 5478 1264 5536; x_wconf 65' lang='grc' dir='ltr'>δὲ</span> <span class='ocrx_word' id='word_1_835' title='bbox 1291 5481 1382 5534; x_wconf 86' lang='grc' dir='ltr'>καὶ</span> <span class='ocrx_word' id='word_1_836' title='bbox 1440 5486 1538 5550; x_wconf 85' lang='grc' dir='ltr'>τῆς</span> <span class='ocrx_word' id='word_1_837' title='bbox 1571 5481 1796 5554; x_wconf 82' lang='grc' dir='ltr'>ἐσθῇτος</span> <span class='ocrx_word' id='word_1_838' title='bbox 1827 5481 1993 5551; x_wconf 78' lang='grc' dir='ltr'>αὓτῆς</span> 
     </span>
    </p>
   </div>
   <div class='ocr_carea' id='block_1_109' title="bbox 351 5569 1994 5646">
    <p class='ocr_par' dir='ltr' id='par_1_109' title="bbox 351 5569 1994 5646">
     <span class='ocr_line' id='line_1_113' title="bbox 351 5569 1994 5646; baseline -0.002 -19"><span class='ocrx_word' id='word_1_839' title='bbox 351 5571 706 5644; x_wconf 80' lang='grc' dir='ltr'>ἀπολάμπον,</span> <span class='ocrx_word' id='word_1_840' title='bbox 777 5576 1048 5646; x_wconf 83' lang='grc' dir='ltr'>Θαρσεῖτε,</span> <span class='ocrx_word' id='word_1_841' title='bbox 1109 5570 1242 5646; x_wconf 78' lang='grc' dir='ltr'>φησί</span> <span class='ocrx_word' id='word_1_842' title='bbox 1297 5570 1432 5642; x_wconf 84' lang='grc' dir='ltr'>πρὸς</span> <span class='ocrx_word' id='word_1_843' title='bbox 1517 5569 1732 5640; x_wconf 80' lang='grc' dir='ltr'>αὐτοὺς,</span> <span class='ocrx_word' id='word_1_844' title='bbox 1795 5571 1846 5625; x_wconf 75' lang='grc' dir='ltr'>οἱ</span> <span class='ocrx_word' id='word_1_845' title='bbox 1898 5575 1994 5624; x_wconf 74' lang='grc' dir='ltr'>τοῦ</span> 
     </span>
    </p>
   </div>
   <div class='ocr_carea' id='block_1_110' title="bbox 352 5653 1997 5736">
    <p class='ocr_par' dir='ltr' id='par_1_110' title="bbox 352 5653 1997 5736">
     <span class='ocr_line' id='line_1_114' title="bbox 352 5653 1997 5736; baseline -0.002 -19"><span class='ocrx_word' id='word_1_846' title='bbox 352 5665 594 5736; x_wconf 75' lang='grc' dir='ltr'>Χριστοῦ</span> <span class='ocrx_word' id='word_1_847' title='bbox 644 5659 856 5734; x_wconf 75' lang='grc' dir='ltr'>δοῦλοι,</span> <span class='ocrx_word' id='word_1_848' title='bbox 889 5660 976 5714; x_wconf 82' lang='grc' dir='ltr'>καὶ</span> <span class='ocrx_word' id='word_1_849' title='bbox 1029 5660 1106 5732; x_wconf 85' lang='grc' dir='ltr'>μή</span> <span class='ocrx_word' id='word_1_850' title='bbox 1157 5655 1426 5734; x_wconf 77' lang='grc' dir='ltr'>φοϐεῖσθε·</span> <span class='ocrx_word' id='word_1_851' title='bbox 1461 5653 1664 5732; x_wconf 69' lang='grc' dir='ltr'>ἑδραῖοι</span> <span class='ocrx_word' id='word_1_852' title='bbox 1699 5657 1754 5714; x_wconf 74' lang='grc' dir='ltr'>δὲ</span> <span class='ocrx_word' id='word_1_853' title='bbox 1787 5659 1997 5732; x_wconf 80' lang='grc' dir='ltr'>μᾶλλον</span> 
     </span>
    </p>
   </div>
   <div class='ocr_carea' id='block_1_111' title="bbox 2096 5027 3736 5107">
    <p class='ocr_par' dir='ltr' id='par_1_111' title="bbox 2096 5027 3736 5107">
     <span class='ocr_line' id='line_1_115' title="bbox 2096 5027 3736 5107; baseline -0.007 -13"><span class='ocrx_word' id='word_1_854' title='bbox 2096 5037 2377 5103; x_wconf 89' lang='lat' dir='ltr'>Quoniam</span> <span class='ocrx_word' id='word_1_855' title='bbox 2427 5033 2703 5107; x_wconf 89' lang='lat' dir='ltr'>superbia</span> <span class='ocrx_word' id='word_1_856' title='bbox 2753 5047 2973 5100; x_wconf 90' lang='lat' dir='ltr'>eorum,</span> <span class='ocrx_word' id='word_1_857' title='bbox 3008 5031 3106 5103; x_wconf 90' lang='lat' dir='ltr'>qui</span> <span class='ocrx_word' id='word_1_858' title='bbox 3137 5039 3190 5085; x_wconf 84' lang='lat' dir='ltr'>te</span> <span class='ocrx_word' id='word_1_859' title='bbox 3224 5029 3488 5094; x_wconf 89' lang='lat' dir='ltr'>oderunt,</span> <span class='ocrx_word' id='word_1_860' title='bbox 3521 5027 3579 5081; x_wconf 91' lang='lat' dir='ltr'>in</span> <span class='ocrx_word' id='word_1_861' title='bbox 3629 5043 3736 5083; x_wconf 91' lang='lat' dir='ltr'>nos</span> 
     </span>
    </p>
   </div>
   <div class='ocr_carea' id='block_1_112' title="bbox 2097 5117 3738 5194">
    <p class='ocr_par' dir='ltr' id='par_1_112' title="bbox 2097 5117 3738 5194">
     <span class='ocr_line' id='line_1_116' title="bbox 2097 5117 3738 5194; baseline -0.009 -10"><span class='ocrx_word' id='word_1_862' title='bbox 2097 5127 2279 5183; x_wconf 88' lang='lat' dir='ltr'>evasit</span> <span class='ocrx_word' id='word_1_863' title='bbox 2321 5125 2632 5180; x_wconf 87' lang='lat' dir='ltr'>vehemens</span> <span class='ocrx_word' id='word_1_864' title='bbox 2662 5139 2726 5179; x_wconf 89' lang='lat' dir='ltr'>ac</span> <span class='ocrx_word' id='word_1_865' title='bbox 2755 5129 2978 5194; x_wconf 90' lang='lat' dir='ltr'>potens.</span> <span class='ocrx_word' id='word_1_866' title='bbox 3012 5117 3264 5175; x_wconf 85' lang='lat' dir='ltr'>Peractis</span> <span class='ocrx_word' id='word_1_867' title='bbox 3311 5120 3504 5172; x_wconf 88' lang='lat' dir='ltr'>autem</span> <span class='ocrx_word' id='word_1_868' title='bbox 3549 5117 3738 5188; x_wconf 86' lang='lat' dir='ltr'>preci-</span> 
     </span>
    </p>
   </div>
   <div class='ocr_carea' id='block_1_113' title="bbox 2098 5205 3734 5281">
    <p class='ocr_par' dir='ltr' id='par_1_113' title="bbox 2098 5205 3734 5281">
     <span class='ocr_line' id='line_1_117' title="bbox 2098 5205 3734 5281; baseline -0.008 -9"><span class='ocrx_word' id='word_1_869' title='bbox 2098 5217 2224 5281; x_wconf 88' lang='lat' dir='ltr'>bus,</span> <span class='ocrx_word' id='word_1_870' title='bbox 2247 5231 2378 5270; x_wconf 90' lang='lat' dir='ltr'>cum</span> <span class='ocrx_word' id='word_1_871' title='bbox 2402 5213 2473 5269; x_wconf 90' lang='lat' dir='ltr'>ad</span> <span class='ocrx_word' id='word_1_872' title='bbox 2505 5227 2775 5270; x_wconf 91' lang='lat' dir='ltr'>somnum</span> <span class='ocrx_word' id='word_1_873' title='bbox 2807 5213 3002 5265; x_wconf 89' lang='lat' dir='ltr'>essent</span> <span class='ocrx_word' id='word_1_874' title='bbox 3031 5206 3313 5276; x_wconf 89' lang='lat' dir='ltr'>conversi,</span> <span class='ocrx_word' id='word_1_875' title='bbox 3335 5205 3417 5261; x_wconf 85' lang='lat' dir='ltr'>eis</span> <span class='ocrx_word' id='word_1_876' title='bbox 3448 5221 3734 5277; x_wconf 86' lang='lat' dir='ltr'>apparens</span> 
     </span>
    </p>
   </div>
   <div class='ocr_carea' id='block_1_114' title="bbox 2101 5295 3735 5377">
    <p class='ocr_par' dir='ltr' id='par_1_114' title="bbox 2101 5295 3735 5377">
     <span class='ocr_line' id='line_1_118' title="bbox 2101 5295 3735 5377; baseline -0.009 -14"><span class='ocrx_word' id='word_1_877' title='bbox 2101 5305 2364 5377; x_wconf 90' lang='lat' dir='ltr'>angelus,</span> <span class='ocrx_word' id='word_1_878' title='bbox 2387 5303 2496 5359; x_wconf 89' lang='lat' dir='ltr'>soli</span> <span class='ocrx_word' id='word_1_879' title='bbox 2527 5301 2758 5373; x_wconf 90' lang='lat' dir='ltr'>quidem</span> <span class='ocrx_word' id='word_1_880' title='bbox 2788 5300 2975 5354; x_wconf 86' lang='lat' dir='ltr'>forma</span> <span class='ocrx_word' id='word_1_881' title='bbox 3005 5297 3230 5365; x_wconf 87' lang='lat' dir='ltr'>similis,</span> <span class='ocrx_word' id='word_1_882' title='bbox 3254 5300 3310 5352; x_wconf 89' lang='lat' dir='ltr'>et</span> <span class='ocrx_word' id='word_1_883' title='bbox 3339 5311 3404 5352; x_wconf 80' lang='lat' dir='ltr'>ex</span> <span class='ocrx_word' id='word_1_884' title='bbox 3434 5295 3559 5366; x_wconf 88' lang='lat' dir='ltr'>ipsa</span> <span class='ocrx_word' id='word_1_885' title='bbox 3592 5311 3735 5366; x_wconf 89' lang='lat' dir='ltr'>quo-</span> 
     </span>
    </p>
   </div>
   <div class='ocr_carea' id='block_1_115' title="bbox 2102 5379 3739 5464">
    <p class='ocr_par' dir='ltr' id='par_1_115' title="bbox 2102 5379 3739 5464">
     <span class='ocr_line' id='line_1_119' title="bbox 2102 5379 3739 5464; baseline -0.009 -14"><span class='ocrx_word' id='word_1_886' title='bbox 2102 5409 2214 5464; x_wconf 88' lang='lat' dir='ltr'>que</span> <span class='ocrx_word' id='word_1_887' title='bbox 2243 5401 2398 5448; x_wconf 83' lang='lat' dir='ltr'>veste</span> <span class='ocrx_word' id='word_1_888' title='bbox 2437 5391 2626 5446; x_wconf 81' lang='lat' dir='ltr'>laetum</span> <span class='ocrx_word' id='word_1_889' title='bbox 2679 5387 3047 5458; x_wconf 82' lang='lat' dir='ltr'>splendorem</span> <span class='ocrx_word' id='word_1_890' title='bbox 3095 5384 3398 5441; x_wconf 86' lang='lat' dir='ltr'>emittens:</span> <span class='ocrx_word' id='word_1_891' title='bbox 3432 5379 3739 5446; x_wconf 81' lang='lat' dir='ltr'>Conﬁdite,</span> 
     </span>
    </p>
   </div>
   <div class='ocr_carea' id='block_1_116' title="bbox 2103 5474 3741 5551">
    <p class='ocr_par' dir='ltr' id='par_1_116' title="bbox 2103 5474 3741 5551">
     <span class='ocr_line' id='line_1_120' title="bbox 2103 5474 3741 5551; baseline -0.009 -12"><span class='ocrx_word' id='word_1_892' title='bbox 2103 5483 2187 5539; x_wconf 88' lang='lat' dir='ltr'>eis</span> <span class='ocrx_word' id='word_1_893' title='bbox 2217 5481 2380 5551; x_wconf 83' lang='lat' dir='ltr'>dixit,</span> <span class='ocrx_word' id='word_1_894' title='bbox 2411 5478 2558 5536; x_wconf 91' lang='lat' dir='ltr'>servi</span> <span class='ocrx_word' id='word_1_895' title='bbox 2589 5475 2822 5545; x_wconf 90' lang='lat' dir='ltr'>Christi,</span> <span class='ocrx_word' id='word_1_896' title='bbox 2864 5479 2921 5531; x_wconf 89' lang='lat' dir='ltr'>et</span> <span class='ocrx_word' id='word_1_897' title='bbox 2969 5476 3145 5532; x_wconf 89' lang='lat' dir='ltr'>nolite</span> <span class='ocrx_word' id='word_1_898' title='bbox 3187 5474 3426 5540; x_wconf 87' lang='lat' dir='ltr'>timere;</span> <span class='ocrx_word' id='word_1_899' title='bbox 3451 5474 3552 5529; x_wconf 90' lang='lat' dir='ltr'>sed</span> <span class='ocrx_word' id='word_1_900' title='bbox 3594 5477 3741 5528; x_wconf 82' lang='lat' dir='ltr'>state</span> 
     </span>
    </p>
   </div>
   <div class='ocr_carea' id='block_1_117' title="bbox 2107 5561 3739 5626">
    <p class='ocr_par' dir='ltr' id='par_1_117' title="bbox 2107 5561 3739 5626">
     <span class='ocr_line' id='line_1_121' title="bbox 2107 5561 3739 5626; baseline -0.008 1"><span class='ocrx_word' id='word_1_901' title='bbox 2107 5571 2258 5626; x_wconf 82' lang='lat' dir='ltr'>ﬁrmi</span> <span class='ocrx_word' id='word_1_902' title='bbox 2307 5573 2363 5624; x_wconf 92' lang='lat' dir='ltr'>et</span> <span class='ocrx_word' id='word_1_903' title='bbox 2407 5567 2650 5624; x_wconf 88' lang='lat' dir='ltr'>stabiles</span> <span class='ocrx_word' id='word_1_904' title='bbox 2701 5567 2758 5622; x_wconf 90' lang='lat' dir='ltr'>in</span> <span class='ocrx_word' id='word_1_905' title='bbox 2807 5565 3038 5623; x_wconf 91' lang='lat' dir='ltr'>Domini</span> <span class='ocrx_word' id='word_1_906' title='bbox 3096 5563 3279 5622; x_wconf 87' lang='lat' dir='ltr'>nostri</span> <span class='ocrx_word' id='word_1_907' title='bbox 3333 5565 3467 5619; x_wconf 85' lang='lat' dir='ltr'>Jesn</span> <span class='ocrx_word' id='word_1_908' title='bbox 3527 5561 3739 5616; x_wconf 87' lang='lat' dir='ltr'>Christi</span> 
     </span>
    </p>
   </div>
   <div class='ocr_carea' id='block_1_118' title="bbox 2107 5651 3733 5729">
    <p class='ocr_par' dir='ltr' id='par_1_118' title="bbox 2107 5651 3733 5729">
     <span class='ocr_line' id='line_1_122' title="bbox 2107 5651 3733 5729; baseline -0.01 -12"><span class='ocrx_word' id='word_1_909' title='bbox 2107 5658 2490 5717; x_wconf 80' lang='lat' dir='ltr'>confessione.</span> <span class='ocrx_word' id='word_1_910' title='bbox 2509 5659 2528 5714; x_wconf 93' lang='lat' dir='ltr'>l</span> <span class='ocrx_word' id='word_1_911' title='bbox 2535 5672 2634 5729; x_wconf 90' lang='lat' dir='ltr'>pse</span> <span class='ocrx_word' id='word_1_912' title='bbox 2648 5655 2805 5714; x_wconf 90' lang='lat' dir='ltr'>enim</span> <span class='ocrx_word' id='word_1_913' title='bbox 2821 5659 2908 5713; x_wconf 84' lang='lat' dir='ltr'>est</span> <span class='ocrx_word' id='word_1_914' title='bbox 2918 5654 3225 5724; x_wconf 90' lang='lat' dir='ltr'>vobiscum,</span> <span class='ocrx_word' id='word_1_915' title='bbox 3245 5652 3512 5709; x_wconf 81' lang='lat' dir='ltr'>defensor</span> <span class='ocrx_word' id='word_1_916' title='bbox 3527 5651 3733 5709; x_wconf 84' lang='lat' dir='ltr'>vester.</span> 
     </span>
    </p>
   </div>
  </div>
