4142 6248
400 325 553 384 1019

1735 314 2014 377 MENSIS
2059 310 2440 375 OCTOBER.

3638 299 3799 359 1020

403 486 501 538 llie
551 482 781 552 quidem
830 482 950 535 haec
1006 480 1166 534 dixit.
1209 480 1294 535 Illi
1356 482 1548 533 autem
1607 491 1738 532 cum
1769 491 1799 531 e
1830 489 2069 540 somno,

2179 491 2195 522 ν
2226 476 2293 537 τῆ
2327 469 2462 542 πρὸς
2491 467 2581 520 τὸν
2633 464 2827 539 Κύριον
2861 464 3019 533 ἡμῶν
3053 461 3267 529 Ἰησοῦν
3314 459 3541 531 Χριστὸν
3581 457 3797 529 ὁμολο-

399 573 649 627 fuissent
692 570 943 636 excitati,
978 577 1029 623 et
1062 570 1211 623 inter
1258 584 1340 635 se,
1382 571 1439 621 et
1470 565 1719 629 famulis,
1752 564 1849 635 qui
1898 579 2028 619 cum

400 663 484 718 eis
514 661 910 726 versabantur,
940 658 1255 726 angelicam
1305 656 1461 711 illam
1517 659 1821 711 narrarunt
1862 653 2034 709 visio-

402 766 555 804 nem.
590 750 658 802 Et
689 764 822 803 cum
856 751 1052 802 essent
1082 746 1313 801 illorum
1364 745 1538 800 animi
1590 760 1788 799 rursus
1836 742 2036 813 repleti

402 837 634 901 ﬁducia,
676 835 788 890 lazti
839 835 1170 907 psallebant
1220 834 1454 905 singuli.
1492 855 1515 885 ι
1562 834 1648 887 Ad
1698 832 2035 897 Dominum,

401 944 531 983 cum
565 925 895 989 tribularer,
929 925 1169 979 clamavi
1199 940 1212 979 :
1244 930 1301 978 et
1331 924 1625 978 exaudivit
1656 937 1746 976 me
1777 922 1847 976 de
1882 937 2043 975 mon-

2141 558 2232 629 γίᾳ
2286 563 2464 624 στῆτε⁸
2526 554 2683 615 αὐτὸς
2737 554 2837 626 γὰρ
2907 550 3019 604 ἐστι
3072 550 3188 621 μεθ’
3249 548 3404 619 ὑμῶν
3438 545 3797 618 ἁντιλήπτωρ

2146 648 2318 718 ὑμῶν.
2352 647 2411 702 Ὁ
2466 646 2557 717 μὲν
2618 641 2683 711 δὴ
2739 646 2905 695 ταῦτα
2964 640 3080 693 εἶπε
3114 657 3125 669 ·
3160 640 3255 691 τοῦ
3305 637 3479 689 ὕπνου
3522 632 3579 688 δὲ
3611 633 3797 688 διανα-

2148 737 2360 795 στάντες
2414 734 2631 797 ἐκεῖνοι,
2662 729 2933 799 ἀλλήλοις
2990 748 3047 781 τε
3097 727 3184 779 καὶ
3215 726 3328 785 τοῖς
3371 727 3617 777 συνοῦσιν
3653 723 3799 777 οἷκέ·

2145 845 2264 885 ταις
2317 824 2416 890 τὴν
2478 818 2772 894 ἀγγελικὴν
2844 815 3051 884 ἐκείνην
3114 812 3451 887 διηγήσαντο
3512 809 3803 877 ὀπτασίαν,

2150 912 2249 967 Καὶ
2284 910 2377 970 τὰς
2434 908 2615 981 ψυχὰς
2644 908 2874 978 θάρσους
2920 900 3381 970 ὑποπλησθέντες,
3445 900 3561 972 μεθ’
3592 895 3802 967 ἡδονῆς

403 1022 458 1071 te
486 1020 686 1071 sancto
717 1030 840 1069 suo.
871 983 987 1085 Ego
1018 1012 1281 1082 dormivi,
1314 1018 1371 1067 et
1401 1017 1701 1083 soporatus
1750 1025 1901 1066 sum.
1931 1011 2042 1064 Ex—

2179 1000 2312 1054 ιάλιν
2368 992 2629 1070 ἔψαλλον·
2692 994 2832 1067 Πρὸς
2902 990 3096 1066 Κύριον
3156 990 3208 1044 ἐν
3273 994 3355 1061 τῷ
3394 983 3675 1052 θλίϐεσθαί
3730 1007 3803 1058 με

408 1104 652 1171 surrexi,
712 1101 985 1173 quoniam
1056 1101 1335 1155 Dominus
1402 1115 1495 1155 me
1551 1100 1875 1169 suscipiet:
1928 1114 2042 1153 non

2179 1087 2425 1159 κέκραξα,
2482 1085 2572 1139 καὶ
2627 1082 2895 1152 ἐπήκουσέ
2955 1101 3058 1153 μου
3116 1079 3166 1151 ἐξ
3221 1078 3379 1150 δρους
3420 1078 3576 1150 ἁγίου
3609 1075 3799 1129 αὐτοῦ.

411 1193 623 1247 timebo
656 1208 687 1244 a
717 1190 973 1244 millibus
1014 1189 1233 1259 populi,
1268 1188 1366 1259 qui
1401 1203 1492 1243 me
1530 1188 1590 1242 in
1629 1187 1826 1242 orbem
1877 1186 2044 1240 inva-

412 1282 578 1337 dunt.
612 1280 817 1346 Surge,
849 1277 1111 1344 Domine,
1145 1293 1306 1332 serva
1347 1292 1457 1331 me.
1492 1277 1775 1341 Quoniam
1822 1278 1925 1329 tua
1964 1277 2049 1329 est

413 1372 594 1437 salus,
621 1374 678 1425 et
714 1384 889 1440 super
930 1368 1205 1438 populum
1258 1373 1419 1423 tuum
1463 1366 1789 1423 benedictio
1822 1373 1920 1421 tua
1942 1364 1981 1417 ⁴.
2018 1384 2047 1413 »

487 1620 585 1677 XI.
618 1621 826 1677 Statim
852 1636 987 1694 ergo
1019 1639 1228 1679 sumno
1261 1640 1447 1691 mane,
1478 1625 1593 1679 dux
1622 1622 1857 1694 quidem
1887 1622 2054 1678 sede-

420 1709 517 1765 bat
572 1710 629 1764 in
687 1710 909 1766 excelso
980 1712 1317 1768 tribunali:
1376 1714 1427 1767 ei
1489 1720 1681 1767 autem
1747 1712 2056 1768 assistebat

2154 1174 2297 1249 Ἐγὼ
2350 1172 2674 1243 ἐκοιμήθην,
2731 1171 2819 1225 καὶ
2852 1170 3088 1223 ὕπνωσα³
3124 1168 3439 1241 ἐξηγέρθην,
3490 1166 3572 1219 δτι
3609 1163 3803 1230 Κύριος

2156 1262 2510 1335 ἄντιλήῴεταί
2573 1279 2697 1333 μου·
2768 1259 2829 1313 ού
2890 1255 3265 1329 σοϐθθήσομαι
3328 1255 3432 1310 ἀπὸ
3520 1251 3802 1328 μυριάδων

2157 1351 2295 1407 λαοῦ
2360 1356 2464 1405 τῶν
2521 1348 2708 1422 κύκλῳ
2782 1348 3264 1420 συνεπιτιθεμένων
3348 1365 3463 1418 μοι.
3545 1344 3804 1410 Ἀνάστα,

2158 1443 2345 1515 Κύριε,
2376 1442 2549 1495 τῶσόν
2614 1460 2699 1511 με,
2731 1439 2816 1493 ὃτι
2873 1442 2968 1491 σοῦ
3019 1435 3157 1490 ἐστιν
3195 1437 3231 1504 ἡ
3284 1432 3530 1507 σωτηρία
3566 1432 3655 1485 καὶ
3715 1430 3807 1485 ἐπὶ

2160 1533 2250 1585 τὸν
2284 1530 2415 1586 λαόν
2444 1552 2539 1584 σου
2565 1532 2600 1598 ἡ
2623 1528 2848 1604 εὐλογία
2869 1549 2983 1582 σου.
3390 1593 3392 1595 ,

2234 1622 2338 1677 IA'.
2372 1618 2545 1681 Εὐθὺς
2576 1616 2633 1673 δὲ
2692 1618 2806 1691 ἅμα
2861 1616 3029 1691 πρωΐ,
3061 1616 3089 1670 ὁ
3120 1613 3245 1684 δοὺξ
3279 1615 3371 1687 μὶν
3404 1613 3491 1668 ἐπὶ
3528 1612 3805 1685 μετεώρου

2163 1712 2405 1777 καθῆστο
2460 1714 2558 1764 τοῦ
2610 1709 2876 1783 βήματος,
2932 1706 3280 1780 παρειστήκει
3339 1701 3396 1758 δὲ
3474 1702 3623 1773 αὐτῷ
3714 1700 3808 1753 καὶ

423 1798 693 1853 universa
761 1815 993 1871 quoque
1067 1805 1292 1856 caterva
1362 1801 1650 1857 milltaris.
1709 1801 1852 1855 Cum
1920 1814 2056 1871 ergo

2179 1797 2302 1855 ’ξπαν
2359 1800 2421 1853 τὸ
2496 1797 2884 1873 στρατιωτικὸν
2946 1794 3243 1866 σύνταγμα.
3303 1791 3813 1864 Μεταπεμψάμενος

2201 1889 2226 1899 ν
2330 1890 2342 1899 η
2400 1889 2412 1899 ι
2516 1890 2542 1899 .-
2708 1883 2727 1899 \
2998 1884 3009 1899 \
3100 1884 3112 1899 ε
3165 1880 3176 1899 Ι
3359 1880 3373 1899 9
3442 1879 3457 1899 9
3529 1881 3542 1899 Ι
3722 1877 3768 1899 γ’

425 1886 818 1942 accersivisset
856 1892 1081 1944 sanctos
1110 1905 1141 1944 e
1166 1890 1445 1957 custodia,
1468 1890 1630 1959 jubet
1677 1888 1791 1961 legi
1834 1888 2059 1943 litteras

2179 1889 2257 1944 35v
2320 1889 2423 1942 ἀπὸ
2478 1890 2577 1951 τῆς
2634 1883 2878 1963 φυλακας
2929 1884 3056 1943 τοὺς
3088 1880 3294 1957 ἁγίους,
3332 1880 3408 1941 εἷς
3441 1879 3680 1948 ἐπήκοον
3711 1877 3812 1931 αύ-

426 1975 509 2030 eis
539 1975 931 2032 audientibus.
956 1976 1118 2040 Quod
1140 1993 1270 2033 cum
1296 1978 1515 2033 factum
1539 1985 1726 2034 esset:
1750 1977 2062 2049 Oportebat

431 2064 689 2134 quidem,
748 2064 957 2135 inquit,
1017 2082 1137 2131 vos,
1216 2071 1484 2134 parentes
1551 2068 1746 2137 jussui
1824 2065 2065 2137 gloriosi

428 2152 813 2222 imperatoris,
840 2154 953 2209 diis
984 2154 1325 2222 sacrificare,
1359 2159 1415 2209 et
1445 2171 1559 2210 non
1599 2154 1755 2209 illius
1786 2152 2065 2209 humani-

428 2244 608 2295 tatem
641 2240 711 2295 ai
744 2240 887 2296 iram
938 2258 1266 2312 provocare.
1300 2243 1583 2307 Quoniam
1631 2248 1823 2298 autem
1872 2241 2064 2298 nescio

430 2329 529 2399 qui
564 2329 778 2384 factum
811 2331 907 2396 sit,
934 2336 998 2386 ut
1027 2340 1080 2386 et
1110 2331 1272 2387 illum
1305 2333 1375 2387 ad
1406 2332 1562 2387 illam
1596 2331 2063 2404 provocaveritis,

429 2420 487 2472 et
527 2433 559 2471 ιι
608 2421 772 2473 tanta
829 2418 1015 2489 gloria
1070 2420 1418 2487 excideritis,
1457 2428 1514 2477 et
1560 2421 1690 2477 illas
1746 2422 2067 2491 profundas

431 2506 747 2563 amiseritis
794 2507 1059 2564 divitias:
1094 2514 1152 2564 at
1182 2526 1336 2565 nunc
1394 2511 1603 2566 saltem
1658 2510 1823 2566 nobis
1882 2507 2066 2563 velitis

430 2594 681 2660 obedire,
717 2595 873 2651 vobis
903 2596 1343 2653 consulentibus
1372 2614 1438 2653 ea
1465 2615 1592 2669 quas
1623 2602 1762 2653 sunt
1799 2596 2067 2653 conduci-

432 2681 594 2737 bilia.
626 2683 716 2738 Sic
746 2683 900 2739 enim
934 2685 1125 2754 priore
1172 2686 1340 2756 longe
1390 2686 1665 2756 majorem
1712 2685 1980 2758 gloriam,
2013 2687 2069 2738 et

434 2770 683 2839 majores
738 2786 895 2841 opes,
956 2776 1011 2826 et
1067 2771 1181 2828 alia
1238 2774 1390 2830 bona
1445 2776 1598 2846 apud
1656 2774 2066 2844 imperatorem

434 2859 891 2929 consequemini.
927 2861 1073 2927 Quid
1118 2862 1273 2917 enim
1315 2867 1400 2918 est
1446 2879 1637 2935 grave,
1670 2864 1719 2919 si
1750 2862 1903 2933 quod
1953 2876 2071 2917 non

432 2945 703 3016 potuistis
752 2948 913 3017 prius
965 2948 1307 3022 intelligere,
1340 2951 1458 3007 sive
1504 2951 1647 3007 forte
1692 2952 1937 3017 fortuna,
1970 2965 2071 3006 seu

436 3032 629 3104 aliquo
661 3034 772 3091 alio
802 3052 962 3104 casu,
996 3054 1151 3094 nunc
1181 3055 1315 3094 cum
1363 3040 1699 3111 diligentius
1741 3038 2072 3095 considera-

434 3122 654 3187 veritis,
677 3122 757 3189 id,
782 3126 935 3195 quod
958 3129 1202 3197 oportet,
1226 3132 1491 3184 accurate
1511 3128 1892 3199 eligatis?Est
1913 3126 2069 3183 enim

2163 1984 2271 2032 τῶν
2331 1978 2739 2053 ἀναγνωσθῆναι
2796 1972 3003 2028 κελεύει
3050 1971 3117 2025 τὰ
3171 1970 3489 2045 γράμματα.
3542 1967 3619 2025 Οὗ
3659 1986 3814 2041 γενο-

2171 2070 2352 2141 μένου,
2417 2060 2713 2121 ὑπολαϐὼν
2779 2063 2959 2131 αὐτὸς,
3019 2058 3125 2115 ἔδει
3186 2060 3278 2132 μὲν
3312 2060 3401 2113 ἀπ’
3451 2052 3811 2133 ἀρχῆς,ἔφη,

2166 2162 2259 2229 Τῷ
2305 2159 2401 2210 τοῦ
2452 2153 2775 2210 καλλινίκου
2823 2149 3089 2227 βασιλέως
3134 2148 3455 2223 πρόσταγμα
3502 2144 3812 2204 πεισθέντας

2172 2247 2331 2319 ὑμᾶς,
2382 2245 2532 2299 θῦσαί
2569 2264 2625 2298 τε
2670 2247 2786 2304 τοῖς
2853 2245 3019 2307 θεοῖς,
3067 2240 3156 2293 καὶ
3211 2238 3308 2305 τὴν
3352 2236 3555 2290 ἐκείνου
3593 2236 3668 2308 μή
3710 2254 3812 2287 πα-

2172 2333 2418 2409 ροργίσαι
2477 2330 2904 2407 φίλανθρωπίαν·
2963 2327 3075 2384 ἐπεὶ
3134 2326 3210 2398 δὲ,
3268 2325 3319 2380 τί
3381 2324 3641 2386 παθόντες
3718 2321 3816 2377 οὐκ

2172 2422 2311 2489 οἶδα,
2373 2419 2573 2475 ἐκεῖνόν
2630 2439 2691 2474 τε
2746 2416 3112 2491 παρωξύνατε,
3162 2414 3253 2470 καὶ
3311 2414 3580 2483 τοσαύτης
3659 2410 3817 2465 ἐκπε-

2172 2511 2420 2565 πτώκατε
2452 2505 2635 2579 δόξης,
2666 2507 2755 2560 καὶ
2786 2505 2877 2560 τὸν
2923 2505 3091 2579 βαθὺν
3146 2502 3351 2558 ἐκεῖνον
3408 2499 3650 2555 πλοῦτον
3684 2500 3816 2553 ἀπο-

2172 2593 2498 2668 ϐεϐλήκατε.
2536 2593 2681 2650 ἀλλὰ
2727 2598 2817 2648 νῦν
2870 2591 2960 2647 οὖν
3019 2592 3317 2647 ὑπακοῦσαί
3366 2612 3424 2646 τε
3450 2593 3581 2662 ἡμῖν
3613 2590 3815 2662 προθυ-

2176 2688 2389 2759 μςιθητε
2434 2685 2500 2739 τὰ
2556 2681 2820 2747 λυσιτελῆ
2880 2676 3340 2755 συμϐουλεύουσι,
3370 2680 3455 2735 καὶ
3510 2682 3624 2738 τοῖς
3671 2681 3815 2740 θεοῖς

2175 2779 2327 2838 θῦσαι
2361 2774 2648 2842 θελήσασι.
2678 2773 2835 2830 Οὕτω
2865 2771 2969 2847 γὰρ
3015 2768 3075 2825 ἂν
3110 2768 3271 2843 δόξης
3316 2790 3375 2825 τε
3434 2768 3671 2841 μείζονος
3702 2784 3803 2819 πα‹

2177 2862 2387 2938 ραπολὺ
2452 2868 2552 2931 τῆς
2609 2862 2875 2936 προτέρας
2930 2861 3019 2915 καὶ
3084 2858 3327 2914 πλούτου
3359 2857 3446 2912 καὶ
3497 2859 3601 2911 τῶν
3629 2852 3809 2909 ἄλλων

2176 2957 2284 3009 τῶν
2337 2953 2482 3025 παρὰ
2543 2949 2760 3026 βασιλεῖ
2818 2949 3004 3004 καλῶν
3064 2947 3418 3004 ἀπολαύσετε.
3473 2943 3577 3002 Καὶ
3634 2942 3683 2997 τί
3715 2940 3814 3017 γὰρ

2176 3047 2337 3097 τοῦτο
2371 3040 2566 3113 δεινὸν,
2597 3041 2659 3094 τὸ
2693 3042 2768 3113 μὴ
2813 3037 3130 3108 δυνηθέντας
3162 3039 3224 3092 τὸ
3270 3034 3387 3091 δέον
3422 3032 3655 3089 συνιδεῖν
3685 3031 3820 3106 πρό-

2180 3152 2353 3207 τερον,
2386 3130 2481 3194 εἴθ’
2546 3130 2649 3185 ὑπὸ
2704 3128 2883 3202 τύχης
2940 3128 3031 3181 καὶ
3077 3147 3226 3187 τινος
3258 3124 3436 3195 ἄλλης
3465 3119 3819 3197 περιπετείας,

437 3210 622 3266 multo
681 3191 864 3268 levius
920 3191 1153 3284 peccare
1189 3191 1446 3290 propter
1500 3191 1891 3289 ignvorantiam
1942 3217 2069 3287 ejus

2182 3191 2271 3275 νῦν
2315 3191 2408 3290 μὶν
2456 3222 2584 3291 γοῦν
2644 3191 3009 3289 σκεψαμένους
3048 3215 3110 3269 τὸ
3159 3191 3434 3287 προσῆκον
3468 3191 3684 3275 ἑλέσθαι
3735 3210 3821 3263 σὺν

437 3300 588 3371 quod
638 3305 724 3356 est
768 3301 984 3358 bonum
1026 3308 1081 3359 et
1129 3306 1513 3376 conducibile,
1547 3323 1719 3379 quam
1760 3307 1858 3362 ubi
1890 3319 2075 3375 agno-

437 3386 589 3443 veris
637 3402 999 3457 perseverare
1043 3390 1102 3446 in
1154 3394 1559 3464 deterioribus,
1594 3399 1649 3450 et
1681 3410 1791 3449 non
1826 3391 2076 3447 transire

441 3475 511 3530 ad
563 3475 620 3530 id
670 3478 817 3548 quod
868 3483 957 3534 est
1009 3481 1238 3539 melius.
1290 3484 1435 3539 Nam
1494 3482 1640 3538 illud
1699 3482 1934 3553 quidem
1989 3481 2079 3535 est

440 3568 738 3634 peccatum
771 3566 1131 3637 ignorantiae,
1161 3570 1269 3627 hoc
1301 3576 1494 3627 autem
1542 3571 1707 3627 make
1756 3571 1991 3634 mentis,
2025 3575 2079 3624 et

439 3667 566 3723 quas
624 3659 762 3710 sunt
819 3656 991 3720 male,
1038 3675 1139 3713 sua
1182 3665 1385 3730 sponte
1442 3661 1729 3730 eligentis.
1778 3660 1925 3715 Nam
1974 3673 2078 3729 ego

439 3740 672 3811 quidem
704 3743 867 3797 valde
897 3747 1202 3811 accendor,
1232 3753 1288 3801 et
1319 3748 1493 3801 aliam
1527 3752 1773 3801 vestram
1806 3754 2080 3815 reputans

442 3828 784 3894 amicitiam,
816 3833 874 3883 et
904 3831 1211 3886 recordans
1241 3833 1388 3902 ejus,
1425 3835 1577 3903 quod
1606 3850 1636 3887 a
1667 3832 1832 3888 vobis
1864 3832 2077 3900 accepi,

440 3916 728 3985 beneﬁcii,
761 3921 817 3972 et
861 3918 1112 3973 maxime
1155 3935 1189 3974 a
1234 3923 1310 3987 te,
1341 3920 1574 3975 domine
1633 3920 1711 3974 mi
1769 3918 1947 3989 Sergi,
1980 3933 2080 3987 per

443 4020 615 4075 quem
659 4005 815 4060 hunc
861 4005 1002 4061 mihi
1052 4008 1243 4078 paravi
1291 4009 1713 4080 magistratum.
1744 4009 1851 4063 Sed
1886 4006 2079 4063 nescio

444 4092 579 4163 quid
613 4107 797 4164 agam,
824 4110 954 4149 cum
990 4095 1217 4152 fortuna
1248 4114 1339 4154 res
1371 4098 1455 4153 sic
1485 4096 1995 4165 administraverit,
2020 4099 2083 4151 ut

445 4194 551 4249 ego
584 4180 813 4250 quidem
842 4182 1012 4239 hodie
1061 4186 1293 4242 sedeam
1344 4187 1555 4256 iudex;
1586 4202 1687 4242 vos
1717 4190 1930 4251 autem,
1964 4188 2084 4240 tan-

444 4286 622 4341 quam
674 4271 777 4339 rei,
828 4273 993 4328 stetis
1049 4278 1182 4331 ante
1230 4292 1418 4332 meum
1478 4275 1753 4346 tribunal,
1804 4273 2087 4331 reddituri

444 4360 727 4416 rationem
758 4364 960 4417 vestras
992 4363 1049 4417 in
1082 4365 1220 4419 deos
1252 4364 1406 4435 ipsos
1450 4364 1695 4419 invictos
1741 4362 2085 4434 impietatis,

444 4457 499 4504 et
530 4449 691 4520 pium
724 4450 1129 4521 imperatorem
1162 4451 1586 4507 inobedientize.

514 4628 644 4685 XII.
676 4628 767 4683 Sic
797 4643 930 4700 ergo
969 4632 1025 4685 et
1062 4629 1153 4684 his
1200 4628 1591 4686 allicientibus
1642 4630 1831 4686 verbis
1878 4629 2079 4685 Antio-

446 4718 595 4775 chus
633 4718 1008 4775 conveniebat
1050 4724 1307 4786 sanctos,
1337 4724 1393 4776 et
1422 4720 1607 4777 amice
1656 4720 2083 4790 quodammodo

449 4824 546 4863 eos
594 4807 993 4880 alloquebatur
1039 4809 1371 4877 consulens,
1404 4818 1457 4864 et
1488 4810 1661 4878 bona,
1694 4812 1756 4865 ut
1785 4809 2086 4864 videbatur

448 4895 530 4950 eis
562 4912 905 4967 suggerens,
937 4912 1053 4968 quo
1085 4897 1196 4951 sibi
1227 4898 1593 4968 imperatoris
1627 4898 2085 4955 benevolentiam

447 4990 828 5056 compararet.
846 4986 1078 5042 Sciebat
1098 4987 1271 5054 enim,
1296 4996 1550 5058 quantus
1573 4992 1722 5043 esset
1743 4988 1899 5044 illius
1924 5004 2087 5046 amor

446 5076 505 5130 in
554 5091 669 5143 eos,
701 5079 756 5130 et
803 5076 955 5146 quod
1016 5075 1248 5145 plurimi
1307 5076 1518 5133 faceret
1568 5078 1706 5132 tales
1759 5076 1915 5132 viros
1970 5093 2084 5132 non

448 5163 711 5217 amittere
737 5180 749 5215 :
784 5162 891 5218 hoc
921 5179 1054 5218 cum
1088 5180 1155 5219 ex
1195 5164 1392 5220 multis
1420 5164 1550 5219 aliis
1581 5166 1931 5234 conjectans,
1960 5168 2083 5219 tum

446 5267 514 5307 ex
546 5250 673 5314 hoc,
705 5251 858 5321 quod
890 5267 986 5307 eos
1018 5252 1177 5309 nullo
1223 5252 1465 5309 voluerit
1512 5257 1799 5309 tormento
1829 5254 2083 5323 subjice-

447 5354 529 5404 re,
576 5338 675 5391 sed
727 5352 825 5406 per
878 5337 1029 5394 hanc
1088 5342 1274 5398 solam
1332 5341 1780 5415 ignominiosam
1817 5343 1887 5396 ad
1920 5341 2083 5398 illum

449 5422 787 5477 missionem
843 5426 1101 5482 studeret
1147 5443 1245 5485 eos
1288 5430 1346 5485 in
1392 5429 1741 5486 contrariam
1791 5429 2087 5489 traducere

520 5593 539 5623 ‘
572 5592 715 5645 Ρέιίι.
751 5607 891 5655 eux,
932 5594 993 5659 ί,
1030 5614 1111 5666 ιιι,
1145 5602 1178 5655 ὁ
1210 5621 1336 5674 sqq.

2182 3304 2471 3383 ἆκριϐείᾳς
2533 3305 2737 3377 Πολλῷ
2789 3305 2893 3381 γὰρ
2947 3306 3276 3381 κουφότερον
3335 3300 3405 3358 δι’
3457 3300 3672 3375 ἄγνοιαν
3728 3301 3824 3352 τοῦ

2181 3397 2353 3452 καλοῦ
2401 3395 2491 3450 καὶ
2550 3396 2923 3471 συμφέροντος
2980 3395 3260 3468 ἁμαρτεῖν,
3294 3392 3329 3461 ἢ
3390 3390 3682 3465 ἐπιγνόντα
3707 3392 3825 3447 τοῖς

2184 3489 2425 3563 χείροσιν
2480 3484 2754 3559 ἐπιμεῖναι
2800 3484 2889 3538 καὶ
2951 3486 3025 3556 μὴ
3065 3487 3381 3557 μεταπεσεῖν
3414 3481 3549 3555 πρὸς
3599 3478 3660 3534 τὸ
3694 3474 3830 3552 βέλ-

2184 3599 2319 3633 τιον.
2354 3576 2431 3634 Τὸ
2486 3578 2579 3648 μὲν
2628 3574 2730 3652 γὰρ
2787 3575 3008 3648 ἂγνοίας
3069 3572 3210 3628 ἐστὶν
3284 3573 3607 3647 ἁμάρτημα,
3651 3569 3713 3623 τὸ
3772 3563 3833 3619 δὶ

2185 3668 2415 3741 γνώμης
2458 3665 2785 3721 ἐθελοκάκου
2841 3663 2931 3719 καὶ
2993 3666 3280 3738 μοχθηρᾶς
3326 3658 3712 3736 προαιρέσεως.
3744 3657 3835 3715 Ὠς

2187 3752 2357 3826 ἔγωγε
2400 3754 2537 3807 πάνυ
2596 3751 2801 3829 σφόδρα
2852 3753 3004 3825 ὑμῶν
3061 3751 3434 3828 περικαίομαι,
3466 3751 3566 3820 τήν
3597 3770 3655 3805 τε
3682 3746 3832 3816 ἄλλη

2185 3840 2643 3911 ἀναλογιζόμενος
2698 3839 3130 3917 φιλανθρωπίαν,
3169 3841 3257 3895 καὶ
3318 3838 3384 3908 δὴ
3442 3840 3532 3895 καί
3600 3836 3836 3910 διαμνη-

2190 3926 2426 3997 μονεύων
2495 3926 2620 3996 ὑμῖν
2678 3930 2775 3980 τοῦ
2831 3926 3004 3981 καλοῦ
3054 3929 3144 3981 καὶ
3210 3936 3307 3997 τῆς
3367 3928 3692 4003 εὐεργεσίας,
3746 3926 3836 3981 καὶ

2192 4012 2425 4087 μάλιστα
2464 4014 2548 4067 σοὶ
2597 4018 2675 4085 τῷ
2730 4015 2903 4087 κυρίῳ
2964 4034 3058 4085 μοι
3116 4016 3350 4089 Σεργίῳ,
3402 4013 3473 4068 δι’
3513 4015 3576 4069 οὗ
3606 4016 3695 4069 καὶ
3734 4017 3839 4083 τὴν

2191 4103 2368 4180 ἀρχὴν
2430 4101 2631 4172 ταύτην
2691 4101 3024 4173 ἐκτησάμην.
3081 4100 3237 4158 Ἀλλ’
3295 4102 3394 4155 οὐκ
3425 4098 3546 4155 οἶδα
3578 4101 3608 4154 6'
3656 4122 3709 4154 τι
3743 4104 3840 4156 καὶ

2194 4190 2395 4266 δράσω,
2454 4197 2553 4260 τῆς
2624 4190 2799 4265 τύχης
2854 4189 2996 4244 οὕτω
3049 4190 3115 4243 τὰ
3178 4209 3472 4265 πραγματα
3531 4185 3840 4258 διαθείσης,

2194 4280 2328 4336 ὥστε
2374 4280 2564 4354 κριτὴν
2618 4279 2708 4333 καὶ
2774 4276 2871 4349 ἐμὶ
2934 4279 3195 4347 καθῆσθαι
3252 4280 3510 4350 τήμερον·
3573 4278 3714 4348 ὑμᾶς
3779 4274 3843 4331 δέ

2188 4370 2284 4424 ’ίσα
2333 4368 2424 4425 καὶ
2464 4366 2773 4429 καταδίκοις
2830 4371 2909 4438 τῷ
2968 4364 3085 4440 ἐμῷ
3168 4366 3523 4440 παρίστασθαι
3600 4366 3835 4438 βήματι,

2196 4458 2362 4532 λόγον
2396 4456 2681 4535 ὑφέξοντας
2708 4458 2782 4511 ὧν
2810 4457 2887 4518 εἷς
2915 4476 2972 4510 τε
3008 4456 3135 4518 τοὺς
3190 4456 3491 4526 ἀηττήτους
3550 4454 3700 4519 θεοὺς
3743 4456 3838 4509 αύ-

2188 4545 2342 4615 τοὺς,
2372 4546 2461 4600 καὶ
2492 4546 2582 4599 τὸν
2625 4538 2817 4612 εὒσεϐῆ
2854 4538 3081 4616 βαςιλέα
3118 4544 3573 4617 παρηνομήσατε.

2262 4636 2363 4693 ΙΒ’.
2406 4635 2564 4692 Οῧτω
2609 4634 2701 4705 μὶν
2741 4631 2830 4686 οὖν
2871 4629 2961 4685 καὶ
3000 4632 3269 4692 τοιούτοις
3302 4630 3617 4707 ἐπαγωγοῖς
3652 4631 3831 4704 ῥήμα-

2195 4746 2275 4779 σιν
2307 4720 2645 4799 ὁἈντίοχος
2698 4724 2815 4781 τοῖς
2862 4718 3038 4793 ἁγίοις
3099 4717 3321 4791 ὡμίλει,
3369 4722 3460 4773 καὶ
3511 4719 3703 4773 ὡσανεῖ
3734 4741 3828 4791 φι-

2193 4812 2324 4875 λίως
2367 4811 2548 4871 αὐτόῖς
2588 4807 2882 4881 διελέγετο,
2916 4803 3307 4879 συμϐουλεύων
3340 4806 3468 4863 ούδὶ
3505 4809 3571 4862 τὰ
3621 4807 3821 4883 χρηστὰ

2191 4901 2411 4961 ἐκείνοις
2463 4896 2749 4959 ὑποτιθείς·
2808 4894 2939 4951 ἄλλ’
2985 4896 3160 4969 ἑαυτῷ
3216 4895 3430 4970 μᾶλλον
3483 4899 3582 4967 τήν
3622 4895 3829 4972 βασιλι-

2190 4992 2290 5058 κὴν
2335 4986 2767 5062 μνηστευόμενος
2832 4985 3137 5059 θεραπείαν.
3178 4984 3332 5055 ’ᾘδει
3371 4988 3475 5062 γὰρ
3523 4988 3641 5047 οἶος
3697 4981 3833 5058 ἔρως

2190 5078 2377 5151 ἐκείνῳ
2424 5080 2503 5148 τῷ
2555 5074 2791 5149 βασιλεῖ,
2848 5075 2937 5129 καὶ
2995 5076 3145 5135 ὅπως
3202 5075 3350 5148 αύτῷ
3398 5077 3521 5149 περὶ
3554 5073 3836 5143 πλείστου,

2190 5169 2252 5222 τὸ
2296 5168 2371 5238 μὴ
2428 5164 2709 5225 τοιούτους
2749 5161 2945 5237 ἄνδρας
3003 5158 3323 5232 ἀποϐαλεῖν,
3373 5163 3433 5219 ἐκ
3481 5162 3708 5219 πολλῶν
3742 5163 3837 5216 καὶ

2191 5254 2376 5310 ἄλλων
2408 5258 2566 5308 τοῦτο
2599 5253 2665 5321 δὴ
2714 5252 3163 5327 τεκμαιρόμενος,
3197 5254 3286 5307 καὶ
3315 5257 3395 5324 τῷ
3430 5250 3672 5325 μηδεμιᾷ
3700 5252 3838 5307 τού-

2189 5365 2315 5405 τους
2374 5342 2628 5411 ἐθελῆσαι
2690 5340 2905 5416 βασάνῳ
2960 5336 3299 5413 περιϐαλεῖν·
3339 5338 3487 5396 ἀλλὰ
3543 5339 3632 5395 διὰ
3660 5339 3838 5412 μόνης

2188 5439 2288 5501 τῆς
2330 5431 2525 5504 ἄτίμου
2580 5429 2780 5500 ταύτης
2837 5429 2972 5504 πρὸς
3024 5427 3220 5485 ἐκεῖνον
3275 5429 3607 5500 ἀποστολῆς,
3670 5449 3836 5504 μετα-
