4142 6248
244 340 392 398 {0'21

1256 334 1731 397 MARTYRIUM
1780 333 1886 396 SS.
1936 332 2188 397 SERGII
2232 340 2329 400 ET
2373 339 2673 400 BACCHI.

3477 337 3628 399 {0'22

238 497 419 549 πείσεν
481 490 676 552 αὐτοὺς
741 489 1104 563 βουληθῆναι,
1163 491 1354 552 ὁποῖος
1423 489 1489 558 δὴ
1551 492 1887 562 Μαξιμιανὸς

1999 497 2369 564 sententiam,
2440 502 2632 568 utpote
2708 498 2859 568 quod
2919 499 2988 551 ad
3061 498 3176 552 haec
3249 497 3626 569 excogitanda

240 583 536 661 τεχνᾶσθαι
595 584 760 635 ταῦτα
823 578 1126 654 βαρύτατός
1196 601 1247 634 τε
1309 581 1398 634 καὶ
1457 578 1880 642 ποικιλώτατος.

243 672 420 727 ’Λλλὰ
476 669 748 729 τοιούτοις
813 668 906 741 μὲν
967 670 994 722 ὁ
1051 669 1365 743 Ἀντίοχος,
1422 667 1601 742 ὥσπερ
1663 663 1882 746 ἔφημεν,

246 758 593 832 θελκτηρίοις
652 755 1009 811 ὑποκλεπτειν
1068 758 1135 811 τὰ
1200 762 1390 831 πρῶτα
1449 757 1640 831 λόγοῖς
1689 757 1886 817 αὐτοὺς

245 850 532 923 ἐπειρνᾶτοζ
568 848 700 903 Εἶτα
730 846 1030 919 προσετίθει
1078 849 1140 900 τὸ
1177 847 1266 900 καὶ
1320 852 1434 907 τοῖς
1482 841 1882 924 φοϐερωτέροις

241 943 336 993 τοῦ
386 941 592 991 σκοποῦ
635 941 1010 1008 μετακινῆσαι,
1062 935 1150 988 καὶ
1199 942 1297 1004 τῆς
1340 934 1630 1011 ἐργάσεως.
1661 934 1723 991 Ei
1780 933 1881 1010 γάρ

246 1030 322 1101 μὴ
409 1025 716 1094 πεισθείητέ
802 1045 927 1097 μου,
1014 1024 1212 1100 Λέγων,
1269 1028 1410 1098 frui:
1494 1023 1880 1097 παραινέσεσιν,

240 1117 449 1189 ἀνάγκη
518 1136 610 1188 μοι
672 1114 888 1175 πάντως
940 1109 1086 1168 ἔσται
1143 1114 1232 1168 καὶ
1307 1116 1373 1168 τά
1437 1114 1884 1189 προστεταγμένα

517 1202 606 1256 καὶ
654 1201 726 1262 ὡς
777 1201 971 1278 ἐχθρὸν
1024 1199 1237 1274 μᾶλλον
1283 1205 1352 1274 τῇ
1391 1200 1621 1274 ὑμετέρᾳ
1647 1202 1882 1278 προσφε-

242 1303 421 1364 ρεσθαι
467 1287 931 1363 μεγαλοπρεπείᾳ.
965 1290 1065 1344 Καὶ
1097 1288 1270 1351 πολὺς
1302 1291 1367 1358 ἦν
1403 1288 1590 1366 ἐφεξῆς
1622 1295 1738 1350 τοῖς
1776 1292 1884 1342 τῶν

238 1380 617 1452 κολαστηρίων
685 1378 913 1450 ὀνόμασι
972 1381 1061 1432 καί
1125 1383 1242 1440 ταῖς
1300 1376 1572 1440 ἀπειλαῖς.
1630 1378 1790 1434 Ἀλλ’
1833 1378 1884 1430 οἱ

241 1464 392 1545 ἅγιοι
453 1468 718 1541 μάρτυρες
777 1465 900 1521 οὕτε
956 1467 1214 1528 θωπείαις
1277 1465 1704 1539 μαλαττόμενοι,
1762 1463 1884 1519 οὔτε

239 1556 493 1620 ἀπειλαῖς
548 1555 979 1628 ταπεινοῦμενοι,
1043 1558 1173 1616 Τοῖς
1250 1555 1340 1610 τὸν
1398 1556 1636 1628 Χριστὸν
1695 1555 1879 1626 μόνον,

239 1646 414 1714 εἶπον,
457 1647 500 1698 ὧ
540 1642 786 1715 δικαστά,
816 1644 906 1698 καὶ
961 1644 1062 1711 τήν
1119 1644 1246 1717 παρ’
1300 1644 1450 1714 αὐτῷ
1494 1644 1877 1716 κρυπτομένην

242 1737 386 1804 ζωήν
416 1730 666 1808 κερδάναι
705 1730 1121 1807 προελομένοις,
1155 1731 1370 1794 οὐδενὸς
1404 1732 1555 1805 μὲλει
1596 1736 1704 1787 τῶν
1731 1730 1882 1807 ῥεόν-

240 1209 417 1257 ποιεῖν
452 1219 465 1232 ·

1995 584 2380 641 Maximianus
2431 590 2578 642 esset
2624 585 2966 641 vaferrimus
3003 589 3060 641 et
3098 585 3630 656 ingeniosissimus.

1997 671 2105 725 Sed
2157 672 2250 727 his
2297 674 2526 744 quidem
2567 674 2795 730 blandis
2843 683 2894 727 et
2953 673 3382 744 pellicientibus
3439 674 3628 728 verbis

1996 760 2157 829 prius
2218 764 2536 819 conabatur
2598 780 2695 819 eos
2746 763 2963 819 illicere
3020 763 3360 818 Antiochus.
3417 762 3626 817 Deinde

1995 861 2235 906 conatus
2265 857 2349 906 est
2378 853 2550 907 etiam
2583 857 2798 908 terrore
2828 868 2925 908 eos
2967 869 2998 907 a
3033 868 3204 923 scopo
3239 851 3538 907 traducere
3569 855 3626 905 et

1995 941 2316 995 constantia
2351 957 2364 994 :
2398 941 2457 997 Si
2507 942 2662 996 enim
2711 941 2872 1010 meis,
2903 942 3124 1008 dicens,
3157 955 3271 996 non
3321 938 3624 1011 parueritis

1994 1026 2523 1100 adhortationibus,
2551 1030 2661 1085 erit
2702 1028 2843 1084 mihi
2895 1028 3132 1084 omnino
3181 1043 3411 1084 necesse
3442 1027 3626 1082 facere

1994 1129 2115 1182 qua:
2155 1120 2293 1170 sunt
2349 1117 2632 1188 imperata
2665 1133 2679 1170 :
2727 1122 2783 1172 et
2824 1133 2937 1188 me,
2974 1121 3252 1188 tanquam
3297 1115 3626 1182 inimicum,

1995 1217 2191 1272 gerere
2239 1203 2299 1259 in
2349 1209 2601 1261 vestram
2652 1205 3167 1277 magniﬁcentiam.
3211 1208 3274 1258 Et
3326 1207 3457 1274 post
3503 1202 3626 1257 haec

1991 1291 2210 1347 multus
2244 1292 2353 1348 fuit
2390 1293 2448 1347 in
2491 1294 2902 1348 enumerandis
2945 1292 3278 1349 nominibus
3310 1294 3624 1348 tormento-

1995 1395 2146 1445 rum,
2183 1383 2238 1435 et
2284 1380 2461 1436 minis
2518 1381 2892 1438 intentandis.
2924 1382 3032 1437 Sed
3082 1380 3267 1437 sancti
3325 1383 3624 1451 martyres,

1994 1485 2183 1539 neque
2222 1469 2522 1526 blanditiis
2544 1470 2807 1537 emolliti,
2835 1487 3023 1541 neque
3054 1470 3228 1526 minis
3252 1470 3494 1540 dejecti:
3528 1468 3630 1535 Iis,

1993 1558 2281 1625 dixerunt,
2326 1559 2426 1630 qui
2470 1559 2761 1616 Christum
2809 1560 3023 1627 solum,
3066 1576 3098 1616 ο
3151 1560 3346 1630 judex,
3396 1565 3450 1613 et
3501 1573 3626 1628 quae

1992 1647 2144 1717 apud
2177 1646 2370 1718 ipsum
2403 1647 2689 1705 absconsa
2711 1653 2819 1719 est,
2851 1649 3029 1704 vitam
3061 1648 3269 1703 lucrati
3292 1647 3624 1714 statuerint,

1991 1736 2136 1792 nihil
2174 1740 2264 1793 est
2295 1753 2445 1795 cum
2483 1755 2551 1793 ex
2590 1739 2660 1795 iis
2692 1756 2815 1808 quas
2847 1739 3038 1794 ﬂuunt
3067 1743 3122 1794 et
3154 1739 3469 1803 intereunt,
3505 1751 3619 1790 non

235 1845 344 1879 των
381 1822 588 1878 τούτων
629 1823 718 1875 xui
776 1822 1170 1898 φθειρομένων,
1215 1823 1277 1877 οὐ
1325 1828 1517 1894 τιμῆς,
1579 1823 1640 1875 ού
1693 1817 1877 1891 δόξης,

1999 1826 2196 1894 honor,
2231 1842 2346 1883 non
2379 1827 2580 1897 gloria,
2608 1844 2719 1883 non
2754 1827 3030 1898 potentia,
3062 1843 3176 1883 non
3211 1825 3431 1896 aliquid
3463 1823 3618 1880 aliud

241 1911 302 1965 οὐ
361 1909 694 1984 δυναμένων.
747 1909 857 1967 Ἴδε
914 1911 1038 1984 γὰρ,
1096 1913 1280 1984 ἡμεῖς,
1339 1911 1428 1965 καὶ
1481 1909 1720 1964 ἀπειλῶν
1779 1913 1882 1964 τῶν

240 2001 385 2074 παρά
458 2005 555 2056 σοῦ
621 2000 712 2054 καὶ
775 1999 1078 2055 καλακειῶν
1154 1999 1347 2070 ἐπίσης
1421 2003 1885 2076 καταφρονοῦμεν,

239 2090 332 2144 καὶ
367 2088 584 2152 οὐδενὸς
615 2089 760 2152 ὅλως
794 2093 901 2144 τῶν
957 2089 1231 2163 ὑμετέρων
1273 2089 1658 2165 φροντίζομεν.
1681 2091 1886 2145 Παῦσαι

240 2184 528 2255 τοιγαροῦν
585 2179 804 2252 πονηρά
858 2178 994 2234 κατά
1047 2178 1138 2233 τὸν
1194 2174 1316 2254 ὅφιν
1368 2181 1503 2250 ἡμῖν
1568 2178 1659 2232 xui
1729 2177 1888 2238 αὐτὸς

243 2264 652 2341 συμϐουλεύων.
686 2269 934 2341 Ὀρῶμεν
982 2267 1083 2342 γὰρ
1149 2269 1254 2322 ὑπό
1309 2269 1375 2322 τὰ
1426 2266 1593 2341 χείλη
1645 2287 1740 2321 σου
1796 2267 1888 2320 τὸν

243 2355 344 2422 ἱὸν,
376 2356 464 2411 καὶ
525 2355 613 2410 διά
642 2360 803 2410 τοῦτο
833 2355 922 2410 καὶ
975 2358 1073 2423 τῆν
1135 2352 1454 2428 συμϐουλὴν
1508 2356 1582 2416 ὡς
1635 2355 1888 2429 χαλεπὴν

245 2444 402 2500 οῦσον
463 2439 763 2512 ἐπιϐουλὴν
815 2443 1200 2517 ἐκτρεπόμεθα.
1255 2446 1344 2512 Μὴ
1419 2444 1598 2498 τοίνυν
1644 2443 1889 2512 ἐξαπατῶ

245 2535 340 2589 τὸν
398 2533 584 2608 καιρὸν
644 2532 720 2592 εἷς
781 2532 954 2604 μάτην
989 2531 1297 2587 ἀναλίσκων
1329 2532 1419 2586 καὶ
1449 2536 1617 2586 κενῶν
1651 2529 1888 2586 ἐλπίδων

246 2623 532 2699 ἐχόμενος.
588 2619 725 2678 Οῦτε
778 2623 878 2698 γὰρ
926 2621 1182 2690 κολάζων
1242 2623 1509 2696 αἱρήσεις,
1563 2619 1686 2677 οὕτε
1740 2622 1889 2676 ἀπει-

243 2712 353 2768 λῶν
411 2713 615 2774 πείσεις
670 2709 989 2778 καταλιπεῖν
1063 2713 1155 2766 τὸν
1230 2716 1404 2781 ζῶντα
1460 2712 1613 2778 Θεὸν,
1665 2709 1886 2782 δαίμοσι

247 2799 304 2856 δε
358 2805 564 2876 κωφοῖς
632 2799 721 2853 καὶ
798 2800 1144 2869 ἀναισθήτοις
1231 2799 1414 2879 θυσίαν
1489 2805 1886 2873 προσενεγκεῖν.

241 2894 408 2960 Ἡμῖν
468 2890 571 2960 γάρ
611 2888 700 2941 καὶ
744 2907 806 2940 το
865 2885 953 2940 διὰ
1007 2888 1245 2959 Χριστὸν
1297 2887 1515 2958 ἀγαθὸν,
1557 2887 1648 2940 καὶ
1705 2888 1768 2940 τὸ
1820 2884 1889 2939 δι’

253 2976 412 3031 αὐτὸν
470 2973 638 3029 πάλιν
696 2974 980 3037 ἀποθανεῖν
1036 2972 1247 3048 κὲρόος.
1290 2975 1366 3028 Σὺ
1406 2971 1463 3027 δὲ
1494 2972 1619 3028 ἀλλ’
1667 2974 1766 3027 οῦκ
1827 2973 1885 3026 ἂν

253 3065 406 3138 ἐχοις
435 3063 599 3118 τικαῖ
627 3064 787 3125 αὐτὸς
824 3066 1072 3117 τοιοῦτον
1108 3063 1227 3137 περὶ
1257 3067 1366 3119 τῶν
1400 3062 1610 3116 οἰκείων
1645 3059 1891 3116 εἰδώλων

256 3153 448 3208 εἰπεῖν.
484 3151 740 3222 Ἀληθῶς
771 3152 872 3227 γὰρ
901 3150 1156 3225 ἀργύριόν
1190 3151 1291 3206 ςίσι
1340 3151 1431 3205 καὶ
1479 3149 1706 3228 χρυσίον
1736 3148 1889 3226 ἔργα,

1998 1930 2220 1980 eorum,
2253 1931 2378 1985 quae
2429 1920 2529 1986 aut
2572 1916 2897 1972 demulcere
2940 1918 3202 1986 possunt,
3236 1921 3334 1970 aut
3363 1911 3632 1969 molestia

1998 2003 2248 2060 afﬁcere.
2281 2004 2396 2060 Nos
2425 2004 2580 2060 enim
2610 2008 2667 2060 et
2713 2007 2843 2060 tuas
2883 2005 3094 2070 minas,
3126 2007 3182 2058 et
3219 2001 3536 2058 blanditias
3565 2017 3634 2055 ex

1998 2108 2163 2162 asque
2205 2093 2654 2149 contemnimus.
2688 2097 2862 2149 Cessa
2908 2109 3041 2163 ergo
3092 2095 3154 2146 tu
3197 2105 3447 2162 quoque,
3481 2089 3634 2144 sicut

1999 2197 2238 2252 serpens
2268 2182 2438 2237 nobis
2471 2181 2621 2238 mala
2651 2181 2971 2239 consulere.
2990 2181 3266 2236 Videmus
3291 2177 3447 2234 enim
3473 2177 3630 2232 virus

1999 2270 2111 2324 sub
2143 2270 2256 2325 tuis
2287 2269 2465 2325 labris
2497 2287 2509 2326 :
2542 2273 2598 2326 et
2636 2271 2764 2326 ideo
2796 2269 3106 2325 consilium
3146 2273 3314 2323 tuum
3346 2271 3629 2336 tanquam

2000 2373 2200 2429 graves
2251 2374 2590 2414 aversamur
2635 2358 2896 2414 insidias.
2930 2357 3013 2412 Ne
3042 2372 3177 2427 ergo
3211 2354 3448 2421 fallaris,
3479 2357 3630 2408 tem-

1999 2465 2111 2519 pus
2167 2449 2380 2503 frustra
2426 2463 2800 2516 consumens,
2831 2451 2888 2503 et
2931 2465 2961 2502 a
3001 2462 3148 2501 vana
3195 2460 3298 2515 spe
3328 2443 3628 2513 pendens:

1999 2554 2188 2608 neque
2225 2539 2382 2593 enim
2432 2538 2684 2608 puniens
2739 2536 3124 2609 expugnabis,
3156 2549 3346 2605 neque
3399 2533 3631 2588 minans

1998 2625 2402 2697 persuadebis,
2436 2630 2501 2681 ut
2548 2625 2834 2682 viventem
2857 2625 3088 2696 quidem
3120 2629 3298 2679 Deum
3333 2620 3632 2693 relinqua-

1998 2730 2151 2783 mus,
2183 2715 2548 2771 daemonibus
2569 2719 2759 2771 autem
2791 2713 2987 2770 surdis
3015 2717 3073 2770 et
3093 2712 3253 2769 nullo
3283 2727 3455 2766 sensu
3488 2725 3633 2780 prae-

1999 2803 2138 2858 ditis
2169 2805 2480 2859 offeramus
2510 2805 2881 2862 sacriﬁcium.
2916 2802 3094 2859 Nobis
3133 2801 3284 2856 enim
3316 2803 3371 2854 et
3402 2801 3633 2869 prepter

2000 2891 2293 2946 Christum
2340 2892 2552 2960 vivere,
2604 2897 2692 2948 est
2732 2892 3000 2947 bonum:
3051 2894 3108 2945 et
3156 2893 3388 2960 propter
3439 2886 3631 2956 ipsum

2003 2993 2206 3033 rursus
2238 2981 2406 3047 mori,
2439 2980 2687 3036 lucrum.
2721 2982 2802 3036 Tu
2835 2985 3031 3036 autem
3064 2978 3206 3033 nihil
3237 2976 3348 3032 tale
3381 2974 3636 3047 potueris

2002 3065 2194 3121 dicere
2243 3069 2312 3122 de
2359 3068 2476 3123 tuis
2534 3069 2887 3125 simulacris.
2932 3068 3076 3123 Vere
3113 3066 3269 3121 enim
3311 3067 3449 3119 sunt
3483 3085 3503 3112 α
3541 3077 3635 3116 ar-

2001 3155 2236 3223 gentum
2253 3158 2309 3208 et
2322 3171 2552 3222 aurum,
2569 3172 2743 3227 opera
2765 3171 3044 3210 manuum
3059 3153 3367 3208 hominum
3386 3150 3431 3218 ⁵,
3457 3170 3484 3200 α
3507 3165 3632 3220 qua!

256 3247 460 3317 χειρῶν
522 3241 838 3316 ἀνθρώπων,
873 3238 1023 3294 οὐδὲν
1071 3240 1197 3301 τοὺς
1253 3239 1327 3302 εἷς
1386 3240 1521 3295 αὐτά
1566 3240 1887 3304 πεποιθότας

2008 3221 2152 3296 nihil
2186 3246 2436 3312 possunt
2467 3221 2736 3314 prudesse
2766 3243 2859 3311 iis,
2887 3243 2985 3312 qui
3006 3243 3064 3297 in
3095 3241 3234 3311 ipsis
3264 3255 3429 3296 suam
3461 3238 3636 3293 collo-

256 3331 461 3398 ὠνῆσαι
493 3327 781 3403 δυνάμενα.
814 3331 1040 3402 ’Ὀμοιοι
1090 3328 1272 3390 αὐτοῖς
1307 3332 1546 3404 γένοιντο
1598 3331 1649 3384 οἱ
1689 3335 1901 3402 τιμῶν-

250 3438 339 3478 τες
361 3417 515 3486 αὐτὰ,
547 3416 637 3471 καὶ
667 3418 860 3478 πάντες
893 3417 944 3471 οἱ
970 3416 1291 3480 πεποιθότες
1323 3417 1404 3472 ἐπ’
1435 3418 1647 3480 αὐτοῖς.

325 3514 422 3564 ll".
453 3509 514 3566 Ὁ
547 3505 672 3577 δοὺξ
703 3506 883 3562 τοίνυν
911 3511 1137 3561 τοιαῦτα
1185 3511 1427 3580 φανερῶς
1474 3509 1892 3585 φθεγξαμένους,

246 3596 337 3652 xui
371 3596 545 3658 οὕτως
577 3595 896 3669 ἐλευθερίως
947 3591 1176 3669 ἔχοντας
1225 3597 1352 3658 τοὺς
1401 3596 1673 3669 γενναίους
1739 3594 1890 3666 ἰδὼν,

245 3688 336 3741 καὶ
369 3687 533 3762 γνοὺς
577 3685 650 3746 ὡς
689 3683 787 3739 οὐκ
828 3682 887 3740 ἄν
915 3705 1049 3740 ποτε
1096 3684 1284 3758 λόγοις
1331 3685 1524 3746 αὐτοὺς
1571 3692 1888 3756 μεταπεῖσαι

250 3773 506 3844 δονηθείη
543 3773 677 3848 πρὸς
707 3774 804 3841 τήν
840 3770 928 3828 διὰ
985 3774 1230 3844 βασάνων
1280 3779 1463 3848 πεῖραι
1510 3775 1710 3850 ἐχώρει
1749 3796 1762 3808 ο
1798 3776 1882 3830 καὶ

246 3863 338 3917 τὸν
419 3863 512 3933 μὲν
586 3862 839 3933 μεκάριον
921 3860 1140 3938 Σὲργιον
1226 3861 1602 3938 ἀσφαλεστάτη
1678 3869 1888 3942 φρουρᾷ

247 3948 544 4024 παρεδίδου
625 3949 803 4022 τούτῳ
871 3948 1030 4019 δῆθεν
1115 3947 1480 4026 ἀμειϐόμενος
1556 3954 1718 4008 αὐτὸν
1783 3961 1881 4022 τῆς

247 4039 552 4113 εὐεργεσίας
589 4058 602 4072 ⁸
661 4040 750 4094 τὸν
807 4041 1024 4114 Βάκχον
1067 4037 1124 4096 δὲ
1171 4038 1260 4096 διά
1313 4042 1584 4116 τεσσάρων
1641 4043 1881 4118 ἰσχυρῶς

246 4127 554 4199 ἐκταθέντα,
611 4128 923 4203 βουνεόρόις
974 4130 1141 4202 ὠμῶς
1198 4129 1410 4186 ἐκέλευε
1463 4131 1880 4202 καταξαίνεσθαι.

246 4217 407 4274 Ἀλλ’
437 4220 503 4287 ἦν
562 4217 690 4273 ἰδεῖν
745 4221 970 4294 γνώμην
1016 4218 1216 4292 πολλῷ
1247 4222 1458 4296 φύσεως
1499 4221 1887 4294 ἰσγυροτέραν,

245 4307 336 4362 καὶ
384 4307 699 4383 προαίρεσιν
757 4317 1075 4382 σωματικῆς
1123 4309 1300 4378 πάσης
1353 4311 1472 4381 βίας
1515 4309 1879 4384 ὑψηλοτέραν.

247 4396 398 4470 Μέρη
449 4397 542 4468 μὶν
600 4396 702 4470 γάρ
751 4401 851 4451 τοῦ
905 4397 1166 4470 παναγίου
1207 4397 1458 4469 σώματος
1515 4397 1718 4453 ἐκείνου
1764 4406 1880 4462 ταῖς

251 4485 492 4557 μάστιξιν
566 4485 953 4558 ἀποσπώμενα,
1027 4485 1162 4558 πρὸς
1247 4485 1405 4540 αὐτὸν
1480 4487 1608 4560 ἀέρα
1687 4485 1880 4563 διεβρι·

2007 3335 2217 3387 carunt
2249 3331 2540 3389 ﬁduciam.
2575 3332 2808 3388 Similes
2839 3348 2974 3403 ergo
3006 3331 3088 3386 eis
3119 3331 3260 3386 ﬁant
3292 3330 3352 3394 ii,
3385 3328 3482 3398 qui
3514 3327 3636 3398 ipsa

2006 3419 2224 3487 colunt,
2255 3426 2313 3476 et
2336 3439 2535 3479 omnes
2565 3422 2660 3494 qui
2691 3421 2993 3478 conﬁdunt
3023 3420 3082 3476 in
3114 3419 3218 3476 eis.

2074 3508 2214 3564 XIII.
2252 3512 2394 3565 Cum
2439 3525 2574 3581 ergo
2607 3511 2724 3565 dux
2761 3510 2996 3566 vidisset
3033 3525 3130 3564 eos
3167 3513 3285 3564 tam
3315 3512 3507 3578 aperte
3547 3505 3636 3559 Io—

2001 3600 2184 3662 cutos,
2219 3603 2494 3670 tantaque
2550 3614 2679 3655 esse
2719 3599 2986 3669 praeditos
3044 3597 3308 3653 libertate
3346 3599 3403 3650 et
3453 3592 3634 3648 animi

2000 3685 2402 3757 magnitudine
2437 3704 2449 3754 ;
2483 3695 2537 3742 et
2595 3686 2974 3744 intellexisset
3021 3685 3146 3742 ﬁeri
3205 3701 3320 3741 non
3360 3696 3530 3754 posse
3570 3685 3635 3734 ut

1995 3774 2186 3830 verbis
2219 3775 2303 3830 eis
2329 3776 2720 3846 persuaderet,
2752 3776 3035 3847 processit
3067 3775 3137 3831 ad
3164 3771 3488 3846 periculum
3526 3785 3628 3841 per

1993 3865 2282 3919 tormenta
2330 3863 2659 3920 faciendum
2689 3882 2702 3920 :
2735 3869 2791 3921 et
2820 3866 3055 3922 beatum
3100 3863 3335 3935 quidem
3365 3857 3626 3928 Sergium

1990 3951 2052 4007 in
2105 3952 2464 4009 tutissimam
2530 3953 2770 4010 tradidit
2829 3953 3178 4022 custodiam,
3239 3968 3340 4023 pro
3396 3950 3626 4017 accepto

1990 4042 2271 4097 beneﬁcio
2305 4057 2434 4097 eum
2468 4042 2548 4097 sic
2580 4057 2966 4098 remunerans
2997 4060 3010 4099 :
3043 4040 3337 4097 Bacchum
3367 4040 3558 4093 autem
3593 4051 3626 4088 a

1989 4135 2237 4198 quatuor
2265 4130 2485 4184 fortiter
2515 4135 2837 4200 extensum,
2869 4132 3046 4186 boum
3077 4129 3268 4184 nervis
3291 4127 3471 4197 jussit
3491 4123 3629 4180 caedi

1992 4219 2320 4273 crudeliter.
2353 4220 2461 4273 Sed
2511 4220 2722 4274 licebat
2768 4221 2961 4276 videre
3009 4227 3260 4275 mentem
3312 4217 3482 4288 longe
3525 4231 3628 4269 na-

1991 4310 2123 4362 tura
2161 4306 2481 4374 fortiorem,
2515 4311 2572 4362 et
2609 4307 2785 4364 animi
2817 4308 3150 4362 institutum
3183 4307 3234 4362 vi
3266 4303 3471 4377 quavis
3501 4319 3630 4358 cor-

1990 4397 2150 4467 poris
2172 4395 2473 4452 excelsius.
2508 4395 2654 4453 Nam
2686 4396 3038 4453 sanctissimi
3059 4397 3294 4467 quidem
3319 4393 3476 4450 illius
3506 4408 3629 4447 cor-

1992 4485 2150 4555 poris
2165 4488 2360 4557 partes
2379 4484 2583 4541 avulsa)
2605 4485 2872 4558 ﬂagellis,
2888 4485 3332 4556 disjiciebantur
3351 4483 3410 4539 in
3432 4481 3628 4553 ipsum

246 4577 520 4628 πτοῦντο·
587 4573 836 4644 αἱμάτων
894 4570 951 4628 δὲ
1006 4575 1139 4628 κατὰ
1203 4581 1302 4650 γῆς
1357 4573 1608 4653 ἐφέροντο
1667 4576 1881 4653 ῥόακες,

1999 4590 2212 4644 aerem,
2245 4589 2346 4644 per
2384 4577 2596 4630 terram
2630 4578 2821 4631 autem
2871 4575 3207 4630 ferebantur
3244 4573 3350 4629 rivi
3397 4572 3630 4642 sangui-

247 4662 341 4716 καὶ
399 4659 692 4735 σπλάγχνα
739 4663 832 4733 μὲν
878 4666 984 4718 τῶν
1016 4668 1225 4738 σαρκῶν
1281 4663 1608 4738 ἐγυμνοῦντο
1638 4670 1739 4738 τῆν
1787 4675 1886 4738 τῆς

253 4750 466 4827 φύσεως
549 4751 720 4820 αὑτῆς
789 4749 1078 4807 διάπλασιν
1139 4759 1254 4816 τοῖς
1311 4759 1570 4828 παροῦσιν
1621 4757 1892 4813 ἀνακαλύ-

254 4859 482 4894 πτοντα.
517 4840 687 4914 Ψυχή
729 4838 787 4894 δὲ
841 4841 932 4896 καὶ
977 4841 1109 4911 αὐτὴ
1157 4842 1445 4898 ἀπολιπεῖν
1495 4846 1588 4901 τὸν
1643 4847 1892 4918 ἀθλητὴν

256 4926 405 4989 ὅλως
462 4926 806 5004 ἐπειγομένη,
867 4929 1021 5002 ὅμως
1067 4931 1286 5004 ἐπέμενε
1340 4935 1431 4987 xui
1503 4934 1727 4998 πλείους
1784 4935 1897 4993 ἒπε-

258 5023 499 5089 ζητοῦσα
552 5019 826 5091 κολάσεις,
875 5019 965 5076 τίνα
1020 5022 1452 5101 φιλοτιμοτὲρων
1508 5028 1723 5090 πάντως
1782 5029 1898 5085 ἐπι-

251 5107 398 5182 τύχῃ
427 5107 514 5162 ταὶ
543 5108 650 5165 τῶν
683 5104 974 5182 βραϐείων.
1009 5111 1272 5185 Ἐχαιρον
1323 5113 1550 5187 ἄγγελοι
1589 5116 1688 5182 τήν
1743 5118 1896 5191 ὑπερ-

253 5201 363 5270 φυᾶ
440 5200 536 5251 τοῦ
625 5197 897 5272 μάρτυρος
980 5200 1262 5274 καρτερίαν
1331 5201 1581 5271 ὁρῶντες.
1628 5205 1896 5260 Ἠνιῶντο

253 5281 507 5356 δαίμονές
553 5305 610 5339 τε
655 5285 858 5340 ἑαυτῶν
916 5289 1082 5356 ἧτταν
1135 5289 1238 5342 ὑπὸ
1292 5295 1409 5352 ταῖς
1479 5293 1691 5346 πάντων
1745 5288 1897 5366 ὄψεσι

253 5368 692 5447 θριαμϐεύοντες.
751 5376 1215 5451 ’Δπαγορεύοντες
1298 5379 1350 5432 οἳ
1425 5377 1620 5452 δήμιοι
1678 5384 1746 5454 τῇ
1827 5381 1901 5456 γῇ

252 5460 636 5518 κατεκλίνοντο
671 5483 686 5498 ο
715 5464 812 5519 καὶ
874 5466 901 5519 ὁ
964 5464 1189 5539 μάρτυς,
1218 5466 1362 5529 εἶπες
1401 5465 1460 5524 ἃν
1517 5468 1672 5525 αὐτὸν
1731 5465 1900 5533 ὄντως

330 5626 350 5660 ⁸
383 5627 530 5686 Psal.
562 5647 718 5702 exui,
750 5632 804 5687 4.

1998 4663 2090 4718 nis
2117 4680 2130 4718 :
2156 4665 2211 4718 et
2232 4663 2454 4719 viscera
2476 4663 2709 4734 quidem
2734 4663 3109 4719 nudabantur
3124 4663 3414 4731 carnibus,
3447 4659 3633 4730 ipsius

2001 4755 2218 4806 natura:
2258 4751 2665 4809 formationem
2715 4750 3031 4823 aperientia
3077 4751 3148 4805 iis
3195 4749 3294 4820 qui
3343 4749 3629 4804 aderant:

2002 4839 2198 4895 anima
2227 4843 2440 4907 autem,
2475 4857 2602 4911 quae
2649 4841 2775 4911 ipsa
2813 4855 3040 4910 quoque
3071 4838 3350 4894 athletam
3386 4835 3634 4890 festina-

2003 4929 2105 4985 bat
2152 4928 2502 5000 relinquere,
2535 4928 2862 4985 sustinebat
2895 4934 3112 4998 tamen,
3146 4928 3318 4984 etiam
3350 4925 3516 4997 plura
3545 4941 3635 4980 re-

2005 5015 2246 5087 quirens
2277 5015 2582 5087 supplicia,
2618 5019 2679 5070 ut
2708 5014 2946 5071 omnino
2977 5012 3441 5069 muniﬁcentiora
3475 5028 3636 5067 assc-

2006 5109 2285 5175 queretur
2322 5103 2538 5161 bravia.
2574 5103 2941 5159 Lmtabantur
2983 5101 3190 5170 angeli,
3233 5102 3490 5158 videntes
3537 5102 3640 5156 ad-

2007 5192 2325 5248 mirabilem
2353 5193 2628 5264 martyris
2651 5195 3062 5248 constantiam.
3087 5191 3507 5246 Cruciabantur
3527 5192 3640 5245 daa-

2007 5297 2233 5352 mones,
2266 5283 2418 5353 quod
2473 5285 2637 5353 parta
2680 5282 2750 5336 de
2793 5281 2876 5336 eis
2934 5281 3187 5351 victoria,
3220 5281 3277 5335 in
3329 5284 3639 5353 conspectu

2005 5367 2268 5428 omnium
2313 5368 2744 5440 quodammodo
2803 5370 3108 5425 duceretur
3153 5370 3212 5425 in
3255 5369 3641 5441 triumphum.

2011 5459 2260 5516 Lictores
2289 5459 2427 5516 fessi
2459 5458 2621 5515 humi
2653 5460 3094 5517 accumbebant.
3118 5459 3416 5532 Martyrem
3449 5465 3642 5519 autem
