4142 6248
490 364 639 425 1623

486 528 687 583 videns
718 527 962 583 dixisses
1000 545 1130 583 cum
1166 529 1247 585 ita
1276 545 1404 585 esse
1432 531 1719 597 affectum,
1752 536 1815 587 ut
1847 548 1963 587 non
1997 538 2115 588 tam

2245 527 2359 582 ,δὼν
2422 525 2757 598 διακείμενον
2828 525 2892 577 06
2965 523 3183 595 μάστιξι
3263 523 3499 592 μᾶλλον,
3561 523 3595 584 ἢ
3664 529 3675 568 ι

2228 618 2462 691 ἐαρινοῖς
2504 613 2857 689 καταχέσθαι.
2891 612 3036 672 Ἕως
3086 608 3174 662 ἐπὶ
3222 608 3314 662 τὸν
3387 608 3715 679 μακαριστὸν
3777 610 3880 672 τῆς

2227 704 2577 764 ἀναπαύσεως
2632 699 2700 755 δι’
2759 698 3079 773 ἐπουρανίου
3139 704 3325 775 φωνῆς
3390 693 3598 764 ἐκλήθη
3676 692 3874 760 τόπον,

2227 799 2343 855 ταῖς
2374 797 2467 847 106
2500 790 2843 864 δημιουργοῦ
2887 788 3046 862 χερσὶ
3095 789 3194 855 τῆν
3243 786 3430 859 ψυχὴν
3479 782 3877 856 παραθέμενος.

491 615 688 684 ﬂagris
713 632 915 681 caesus,
936 633 1109 685 quam
1137 617 1327 673 vernis
1350 618 1585 674 ﬂoribus
1607 635 1954 691 conspersus
1969 622 2123 676 vide-

491 708 670 757 retur.
690 704 943 758 Tandem
964 720 1061 773 per
1076 721 1241 760 voces
1256 706 1522 762 caelestes
1539 712 1773 763 vocatus
1787 712 1877 763 est
1898 710 1965 763 ad
1986 710 2124 763 bea-

488 797 615 845 tum
632 793 819 846 locum
834 793 1065 862 quietis,
1082 794 1277 849 anima
1297 796 1625 866 depositain
1643 813 1850 852 manus
1865 797 2120 867 Opiticis.

559 879 709 934 XIV.
744 880 1118 951 Martyricum
1170 888 1363 938 autem
1412 885 1569 941 illius
1618 902 1829 957 corpus
1861 905 1893 943 a
1922 887 2126 941 bestiis

491 970 722 1040 quidem
770 970 1165 1026 devorandum
1210 975 1478 1042 exposuit
1523 975 1620 1031 ille
1653 975 1834 1045 judex
1863 975 2122 1045 iniquus.

490 1059 799 1127 Ignorabat
829 1066 1042 1127 autem,
1077 1061 1307 1131 qualem
1335 1080 1533 1118 curam
1574 1068 1734 1136 gerat
1771 1080 1994 1133 eorum,
2027 1063 2128 1135 qui

495 1146 689 1216 ipsum
744 1145 1016 1217 diligunt,
1048 1148 1205 1204 illius
1263 1150 1437 1223 Deus,
1488 1152 1586 1223 qui
1637 1154 1813 1208 etiam
1875 1153 2126 1207 ferarum

498 1239 761 1289 naturam
793 1237 899 1291 scit
947 1238 1248 1294 traducere
1275 1240 1349 1295 ad
1382 1241 1911 1309 mansuetudinem,
1945 1245 2001 1297 et
2031 1255 2129 1310 per

501 1322 631 1378 illas
662 1324 853 1378 adhuc
876 1326 1099 1395 majora
1131 1327 1314 1382 facere
1345 1328 1640 1383 miracula.
1675 1330 1827 1385 Ferae
1858 1329 2013 1384 enim
2038 1344 2127 1384 re-

495 1412 692 1467 veritas
723 1413 1059 1478 certamina,
1094 1431 1222 1484 quae
1254 1433 1357 1486 pro
1389 1417 1600 1487 pietate
1626 1417 1697 1472 ab
1721 1433 1787 1472 eo
1818 1421 1984 1472 erant
2005 1432 2132 1472 sus-

498 1504 681 1570 cepta,
714 1517 829 1555 non
861 1501 1046 1557 solum
1082 1503 1309 1559 nullum
1343 1521 1408 1559 ex
1434 1507 1558 1575 ejus
1589 1506 1867 1562 membris
1890 1505 2131 1561 omnino

498 1593 732 1659 tangere
789 1591 1234 1660 sustinuerunt;
1270 1594 1372 1648 sed
1413 1594 1608 1663 etiam,
1642 1597 1781 1651 dum
1832 1596 1903 1650 ad
1936 1593 2131 1664 sepul-

503 1694 664 1733 crum
695 1678 938 1733 ferrelur
966 1697 995 1733 a
1027 1680 1385 1752 Christianis,
1418 1698 1552 1738 eum
1585 1684 1980 1755 sequebantur
2010 1684 2131 1738 fun-

503 1774 700 1837 gentes
732 1783 970 1823 munere
1000 1768 1338 1839 satellitum,
1371 1776 1429 1827 et
1468 1773 1569 1827 Dei
1602 1773 1794 1828 hostes
1829 1780 2019 1844 aperte
2049 1788 2135 1827 ar-

503 1858 745 1926 guentes
774 1856 1062 1912 amentiae.
1082 1858 1173 1914 Sic
1194 1875 1329 1930 ergo
1348 1860 1596 1929 inclytus
1627 1862 1887 1917 Bacchus
1916 1877 1982 1917 ea
2012 1876 2135 1931 quae

502 1945 772 2015 cupiebat
803 1951 1124 2015 assecutus,
1144 1949 1213 2004 ad
1237 1949 1489 2005 ccslestia
1519 1952 1752 2007 transiit
1780 1949 2134 2007 habitacula.

570 2034 687 2090 XV.
737 2034 972 2105 Sergius
1002 2040 1193 2093 autem
1229 2039 1419 2095 socius
1449 2040 1574 2109 ejus
1605 2040 1842 2096 relictus
1873 2044 1931 2095 et
1958 2038 2135 2095 mole-

506 2122 619 2177 stia
648 2123 1083 2181 distrahebatur
1114 2134 1348 2198 propter
1375 2130 1818 2199 separationem,
1851 2134 1908 2185 et
1933 2144 2138 2184 rursus

506 2212 703 2267 laetitia
748 2221 978 2283 propter
1024 2218 1530 2286 exspectationem.
1565 2220 1671 2274 Sed
1722 2235 1838 2275 non
1878 2217 2141 2289 despexit

510 2318 644 2357 cum
702 2318 850 2374 aegre
907 2303 1180 2359 ferentem
1258 2307 1681 2378 separationem
1757 2308 1949 2364 dulcis
2011 2308 2140 2378 ejus

510 2391 737 2447 amicus
785 2396 844 2446 et
873 2391 1212 2450 familiaris:
1246 2395 1345 2450 sed
1379 2396 1506 2452 laeto
1542 2396 1703 2452 vultu
1735 2397 1965 2453 divinus
1997 2398 2140 2452 Bac-

512 2479 675 2547 chus,
699 2483 757 2534 et
785 2485 1062 2537 consueto
1085 2482 1282 2539 habitu
1306 2483 1544 2541 militari
1569 2494 1739 2542 noctu
1762 2486 1813 2541 ei
1834 2501 2139 2557 apparens,

511 2584 641 2623 cum
692 2567 947 2624 amicum
986 2572 1372 2640 convenisset,
1401 2578 1457 2629 et
1484 2591 1618 2630 eum
1651 2574 2009 2645 implevisset
2040 2590 2143 2628 au—

517 2656 705 2722 dacia,
727 2661 785 2712 et
803 2658 931 2726 ejus
951 2658 1223 2715 discussit
1246 2661 1563 2731 tristitiam,
1588 2663 1883 2731 animique
1914 2662 2142 2733 aegritu-

518 2744 734 2812 dinem,
758 2749 815 2799 et
843 2746 1151 2803 ﬁrmiorem
1185 2748 1592 2820 fortioremque
1623 2749 1875 2805 reddidit
1907 2750 1976 2804 ad
2006 2766 2143 2820 sup-

512 2831 707 2903 plicia.
757 2833 859 2889 Die
901 2838 1097 2889 autem
1146 2837 1411 2907 sequenti
1459 2839 1577 2893 dux
1605 2854 1811 2894 rursus
1843 2838 2053 2895 sedens
2084 2839 2143 2893 in

506 2920 788 2975 tribunali
839 2938 971 2976 cum
1024 2922 1257 2978 beatum
1289 2930 1551 2981 curasset
1582 2926 1821 2997 produci
1851 2926 2143 2998 Sergium,

511 3008 802 3065 leoninam
841 3009 1051 3081 pellem
1083 3028 1298 3069 exuens
1338 3014 1683 3083 versipellis,
1718 3015 1910 3071 induit
1940 3015 2146 3087 pellem

514 3096 725 3168 vulpis.
756 3098 826 3153 Et
855 3115 987 3154 cum
1021 3100 1078 3155 in
1101 3118 1234 3157 eum
1266 3104 1578 3175 quamdam
1613 3103 1875 3161 ﬁnxisset
1904 3103 2148 3161 benevo-
2175 3130 2228 3200 Ο
2256 3124 2342 3157 ται
2377 3121 2390 3136 ο

512 3186 771 3253 tentiam,
804 3188 875 3242 ad
910 3188 1087 3243 ﬁdem
1118 3190 1441 3248 faciendam
1481 3192 1701 3263 aliquid
1740 3195 2145 3250 accommoda-

511 3276 635 3328 tum
669 3276 1169 3347 ostendens,quod
1201 3280 1419 3337 scilicet
1448 3280 1610 3337 illum
1636 3283 2045 3353 magistratum
2078 3298 2145 3337 ex

510 3379 575 3419 eo
607 3369 812 3420 nactus
846 3370 1013 3435 esset,
1048 3384 1181 3423 eum
1227 3370 1529 3427 blanditiis
1560 3374 1833 3428 evocabat
1869 3374 1939 3426 ad
1973 3371 2143 3426 sacri-

511 3454 829 3525 ficandum,
856 3459 1166 3527 perfectam
1181 3465 1236 3517 et
1255 3461 1578 3517 absolutam
1608 3479 1642 3516 a
1660 3462 1883 3517 Christo
1913 3477 2141 3532 separa-

508 3545 729 3600 tionem
759 3545 809 3601 ei
839 3546 1036 3603 volens
1067 3550 1305 3607 reddere
1322 3568 1423 3622 pro
1454 3551 1752 3621 beneﬁcio,
1785 3552 2023 3619 stultus,
2055 3550 2140 3605 sic

513 3648 744 3703 quoque
791 3636 1006 3691 sensim
1047 3652 1181 3693 eum
1214 3639 1554 3710 alloquens:
1589 3640 1771 3695 Pudet
1808 3656 1900 3695 me
1929 3638 2136 3695 veteris

510 3721 669 3777 illius
703 3724 1005 3793 felicitatis,
1038 3731 1095 3781 et
1135 3730 1571 3797 beneficiorum,
1615 3746 1743 3800 quae
1776 3731 1832 3784 in
1877 3746 1967 3785 me
1998 3745 2136 3783 con-

510 3809 714 3876 tulisti,
746 3812 1096 3867 amicissime
1145 3815 1328 3885 Sergi,
1364 3832 1468 3873 nec
1516 3822 1572 3871 te
1602 3817 1839 3887 quidem
1882 3818 2137 3888 amplius

508 3899 626 3953 fero
648 3898 859 3953 intueri
889 3901 973 3955 sic
1004 3917 1165 3957 reum
1197 3907 1446 3959 stantem
1476 3922 1578 3976 pro
1604 3910 1819 3963 nostro.
1851 3907 2137 3964 Tribuna-

508 3984 570 4055 li,
605 3987 699 4056 qui
730 4004 862 4043 sum
894 3989 1195 4057 minimus,
1225 3991 1273 4047 si
1305 4009 1437 4048 cum
1460 3998 1559 4050 tuo
1581 3996 1841 4052 conferar
1862 3996 2136 4069 splendo-

509 4090 592 4143 re,
615 4079 838 4147 tuaaque
860 4077 1143 4149 amicitiae,
1168 4084 1224 4135 et
1240 4083 1505 4153 potentiae
1535 4099 1709 4155 Opera
1729 4101 1860 4141 sum
1888 4102 2137 4157 praesen-

507 4166 623 4217 tem
638 4170 942 4222 assecutus
966 4168 1398 4239 magistratum.
1416 4171 1520 4228 ille
1541 4173 1772 4244 quidem
1796 4175 1916 4231 haec
1928 4176 2137 4233 callide

511 4251 757 4318 dicebat,
772 4253 882 4310 hoc
894 4256 1082 4312 solum
1105 4260 1466 4329 machinans,
1482 4268 1548 4318 ut
1564 4279 1697 4319 eum
1711 4266 1951 4322 omnino
1972 4264 2135 4322 blan-

505 4341 595 4396 dis
616 4343 806 4399 verbis
822 4343 1079 4417 illiceret,
1104 4353 1160 4404 et
1183 4350 1579 4407 fraudulenter
1595 4354 1663 4409 ad
1680 4356 1944 4411 eamdem
1962 4356 2066 4411 ded
2078 4374 2135 4410 u—

506 4434 657 4485 ceret
677 4431 1035 4503 religionem.
1062 4436 1162 4493 Ille
1183 4444 1408 4495 autem:
1435 4440 1542 4496 Sed
1566 4441 1609 4495 si
1628 4457 1739 4509 me,
1761 4443 1971 4515 inquit,
1992 4444 2135 4502 velis

502 4534 659 4574 nunc
690 4534 919 4591 quoque
948 4522 1006 4577 in
1039 4525 1306 4581 maximis
1336 4528 1504 4583 bonis
1527 4529 1784 4601 accipere
1806 4531 2134 4588 benefacto-

504 4621 649 4676 rem,
682 4615 948 4681 prompto
978 4620 1031 4668 et
1060 4613 1232 4669 alacri
1265 4617 1459 4673 animo
1489 4618 1594 4674 tibi
1626 4620 1732 4676 hac
1764 4622 1824 4677 in
1856 4638 1917 4677 re
1947 4624 2131 4679 inser-

503 4697 679 4752 viam.
727 4700 870 4754 Nam
924 4717 1053 4757 cum
1086 4706 1143 4758 te
1198 4704 1511 4763 liberavero
1554 4708 1626 4764 ab
1686 4709 1794 4766 hac
1845 4712 2132 4783 profunda

505 4786 860 4856 deceptione,
910 4791 1197 4847 adducam
1246 4795 1320 4849 ad
1359 4794 1548 4853 lucem
1593 4797 1874 4869 veritatis,
1904 4805 1961 4855 et
1993 4801 2133 4873 Regi

502 4874 822 4932 immortali
853 4880 1087 4935 reddam
1120 4881 1485 4941 familiarem.

568 4964 710 5021 XVI.
762 4967 886 5023 Non
925 4968 1193 5027 lubenter
1239 4976 1428 5032 audiit
1472 4992 1555 5046 ea,
1599 4994 1719 5047 qua:
1769 4980 2128 5049 dicebantur,

498 5054 670 5111 homo
721 5058 817 5128 qui
866 5063 1229 5119 assuefactus
1287 5070 1411 5120 erat
1458 5067 1753 5137 interitui;
1787 5070 1886 5126 sed
1936 5070 2130 5126 statim

503 5143 770 5214 Sergium
823 5150 1053 5219 gravius
1089 5155 1145 5206 et
1191 5153 1449 5209 severius
1496 5157 1786 5227 aspiciens
1821 5174 1834 5213 :
1868 5158 1948 5213 Ne
1975 5158 2127 5225 deos,

500 5228 710 5301 inquit,
770 5233 1141 5307 blasphemas
1203 5241 1587 5301 immortales.
1648 5249 1863 5317 Martyr
1937 5252 2126 5299 autem

496 5323 689 5375 acrius
721 5326 891 5379 utens
924 5326 1153 5383 dicendi
1183 5328 1468 5401 libertate,
1493 5339 1679 5390 totum
1722 5334 1967 5389 faciebat
1997 5350 2129 5388 con-

496 5409 732 5465 trarium
760 5427 772 5464 :
798 5416 855 5467 et
912 5414 1066 5470 illius
1101 5418 1239 5474 deos
1269 5421 1558 5476 afficiebat
1579 5422 1804 5492 probris
1833 5439 1897 5477 ac
1928 5426 2129 5477 contu-

494 5496 700 5564 maliis,
734 5506 786 5553 et
816 5515 913 5555 eos
944 5504 1134 5561 solum
1188 5508 1427 5565 nomina
1467 5512 1710 5565 vocabat
1740 5526 1797 5566 re
1835 5511 2122 5567 carentia:

494 5599 591 5639 eos
624 5601 775 5655 vero,
808 5588 904 5655 qui
935 5588 1065 5647 illos
1100 5595 1419 5653 adorabant
1445 5601 1500 5653 et
1532 5599 1821 5669 colebant,
1855 5601 2124 5657 ostende-

493 5670 591 5727 bat
621 5673 808 5733 multo
828 5676 1051 5736 minore
1072 5696 1245 5741 sensu
1274 5701 1399 5743 esse
1428 5687 1698 5756 praeditos
1722 5706 1895 5761 quam
1920 5691 2128 5749 surdos

1834 368 2119 430 MENSIS
2166 366 2543 430 OCTOBEB.

3722 351 3878 412 1024

3263 516 3499 592 μᾶλλον,
3561 516 3595 584 ἢ
3664 515 3881 569 ἄνθεσιν

2302 884 2504 939 ΙΔ’.Ίὸ
2558 879 2738 953 μέντοι
2798 877 3126 951 μαρτυρικὸν
3182 874 3388 929 ἐκείνου
3455 877 3615 944 σῶμα
3680 872 3881 944 βρῶμα

2235 973 2327 1045 μὶν
2384 971 2572 1044 θηρσὶν
2634 970 2662 1023 6
2723 966 3039 1042 παράνομος
3104 962 3362 1031 δικαστὴς
3429 961 3612 1017 ἐτίθει.
3667 959 3878 1031 Ήγνόει

2236 1059 2289 1115 δὲ
2344 1059 2557 1120 πάντως
2614 1059 2803 1118 ὁποῖος
2860 1056 2927 1123 ἧν
2986 1050 3244 1123 κήδεσθαι
3303 1052 3413 1106 τῶν
3490 1047 3795 1126 φιλούντων
3850 1049 3877 1100 6

2233 1149 2435 1204 ἐκείνου
2493 1148 2646 1218 Θεὸς,
2712 1147 2771 1207 ’ὸς
2844 1144 2934 1197 καὶ
3011 1142 3218 1215 Θηρίων
3290 1136 3410 1194 οἶδε
3485 1138 3641 1216 φύσιν
3714 1157 3871 1209 μετα-

2234 1235 2456 1293 ϐάλλειν
2509 1236 2584 1297 εἷς
2634 1235 2978 1308 ἡμερότητα,
3010 1233 3099 1284 καί
3155 1228 3385 1301 μείζονα
3432 1223 3511 1281 ἔτι
3559 1224 3630 1279 δι’
3662 1223 3876 1279 ἐκείνων

2234 1330 2686 1401 Θαυματουργεῖν.
2748 1324 2886 1381 Τοὺς
2930 1322 3031 1394 γάρ
3100 1320 3234 1391 ὑπὲρ
3300 1324 3399 1386 τῆς
3472 1309 3744 1375 εὐσεϐείας
3796 1313 3876 1367 αἶ-

2236 1415 2487 1489 δούμενοι
2569 1418 2665 1469 τοῦ
2740 1410 2933 1484 ἀνδρὸς
2993 1406 3190 1469 ἄθλους
3251 1410 3301 1460 0i.
3350 1408 3533 1479 θῆρες,
3595 1404 3659 1458 ού
3715 1404 3881 1475 μόνον

2237 1503 2359 1559 οὐδέ
2390 1503 2585 1577 ψαῦσαί
2633 1522 2779 1562 τινος
2808 1503 2915 1555 τῶν
2948 1498 3117 1552 αὐτοῦ
3147 1493 3330 1568 μελῶν
3370 1493 3515 1555 ὅλως
3556 1493 3884 1567 ἠνέσχοντο,

2236 1592 2381 1649 ἀλλᾶ
2436 1593 2524 1646 καὶ
2581 1591 2718 1665 πρὸς
2775 1589 2949 1664 ταφὴν
3007 1586 3110 1641 ὑπὸ
3179 1586 3517 1659 Χριστιανῶν
3594 1582 3885 1658 φερομένῳ

2236 1680 2587 1755 παρείποντο,
2656 1677 2971 1752 δορυφόρων
3040 1674 3186 1747 τάξιν
3260 1672 3731 1744 ἆποπληροῦντες,
3794 1670 3886 1724 καὶ

2240 1772 2339 1838 τὴν
2403 1773 2479 1839 τῷ
2554 1767 2844 1843 θεομάχων
2923 1764 3106 1819 ἄνοιαν
3177 1765 3420 1840 φανερῶς
3484 1757 3885 1834 διελέγχοντες.

2247 1859 2403 1915 Οὕτω
2439 1858 2532 1930 μὲν
2563 1855 2653 1911 οὖν
2701 1857 2728 1910 6
2779 1851 3032 1927 ἀοίδιμος
3082 1853 3301 1925 Βάκχος
3351 1851 3423 1903 ὧν
3482 1848 3737 1920 ἐπεθύμει
3794 1869 3887 1901 τυ-

2245 1949 2380 2022 χὼν,
2412 1946 2547 2021 πρὸς
2596 1948 2691 2006 τὰς
2719 1943 2769 1998 ἐν
2800 1943 3049 2016 οὐρανοῖς
3082 1941 3281 2011 σκηνὰς
3314 1933 3599 1993 διαϐαίνει.

2318 2040 2418 2094 1Ε¹.
2442 2038 2501 2092 Ὀ
2523 2031 2789 2093 σύναθλος
2822 2029 2879 2086 δὲ
2908 2033 3130 2106 Σέργιος
3157 2027 3507 2103 ἀπολειφθεὶς
3533 2024 3679 2099 λύπῃ
3712 2045 3768 2079 τε
3802 2021 3889 2078 διά

2244 2128 2337 2181 τὸν
2361 2125 2646 2199 χωρισμὸν
2695 2122 2785 2177 καὶ
2841 2118 3012 2193 ἡδονῇ
3044 2118 3207 2174 πάλιν
3245 2115 3334 2172 διὰ
3360 2116 3427 2171 τὰ
3453 2112 3888 2187 προσδοκώμενα

2249 2214 2547 2288 ἐμερίζετο.
2589 2211 2743 2268 Ἀλλ’
2803 2210 2864 2265 06
2914 2206 3179 2283 περιεῖδεν
3260 2206 3425 2260 αὐτὸν
3478 2208 3559 2275 τῷ
3616 2206 3889 2281 χωρισμῷ

2248 2306 2522 2377 κάμνοντα
2579 2304 2606 2357 ὁ
2672 2299 2877 2375 γλυκὺς
2938 2300 3147 2369 ἑταῖρος
3231 2294 3321 2349 καὶ
3389 2292 3621 2367 ἐραστής
3663 2310 3676 2323 ·
3743 2290 3889 2346 ἀλλὰ

2251 2394 2448 2469 φαιδρᾷ
2492 2396 2560 2464 τῇ
2607 2390 2728 2464 ὄψει
2766 2391 2794 2442 6
2827 2393 2969 2452 θεῖος
3012 2386 3229 2460 Βάκχος
3259 2384 3350 2440 καὶ
3383 2383 3596 2452 συνήθει
3650 2386 3732 2453 τῷ
3790 2389 3890 2450 τῆς

2253 2483 2529 2556 στρατείας
2609 2480 2857 2551 σχήματι
2942 2476 3133 2537 νυκτὸς
3217 2472 3493 2549 ἐπιφανεὶς
3558 2471 3645 2525 καὶ
3707 2469 3891 2525 διαλε-

2251 2569 2406 2647 χθεὶς
2436 2573 2514 2640 τῷ
2563 2566 2708 2644 φίλῳ
2762 2565 2853 2620 καὶ
2912 2565 3140 2639 Θάρσους
3197 2561 3510 2632 ἐτίπλήσας,
3539 2561 3603 2615 τὸ
3650 2562 3895 2633 σκυθρω..

2250 2659 2353 2712 πόν
2394 2678 2452 2711 τε
2488 2664 2587 2725 τῆς
2627 2654 2859 2727 ἀθυμίας
2910 2652 3149 2723 διέλυσε,
3194 2653 3284 2707 καὶ
3341 2648 3738 2727 ἀσφαλέστερον
3781 2649 3892 2720 ἅμα

2251 2747 2340 2801 καὶ
2396 2745 2759 2823 γενναιότερον
2842 2743 2979 2817 πρὸς
3059 2740 3156 2803 τὰς
3246 2737 3555 2814 μελλούσας
3622 2737 3890 2812 τιμωρίας

2255 2835 2520 2905 διέθηκεν.
2558 2835 2647 2895 Εἰς
2682 2832 2737 2887 δὲ
2765 2834 2863 2902 τήν
2902 2832 3025 2904 ἑξῆς
3091 2828 3310 2893 καθίσας
3366 2830 3394 2883 6
3436 2825 3561 2898 δοὺξ
3592 2826 3679 2881 ἐπὶ
3715 2827 3893 2901 βημα-

2255 2947 2370 2993 τος,
2418 2926 2508 2979 καὶ
2564 2930 2654 2978 τὸν
2727 2923 2991 2995 μακάριον
3083 2919 3417 2995 παραγαγὼν
3505 2916 3725 2991 Σέργιον
3794 2916 3886 2983 τήν

2256 3013 2486 3083 λεοντῆν
2517 3008 2813 3068 ἀποϐαλὼν
2847 3012 2874 3065 ὁ
2919 3007 3196 3079 ποικίλος,
3226 3009 3327 3076 τὴν
3370 3005 3661 3073 ἀλωπεκῆν
3712 3002 3893 3059 ἐνδύε-

2450 3103 2538 3157 καί
2578 3122 2699 3155 τινα
2758 3100 3108 3172 πλασάμενος
3176 3096 3252 3158 εἰς
3300 3096 3459 3150 αὑτὸν
3515 3091 3739 3158 εὔνοιαν,
3802 3092 3896 3145 καὶ

2256 3193 2445 3247 πιστὸν
2480 3189 2639 3259 δῆθεν
2680 3187 3004 3255 ἐπιδεικνὺς,
3047 3187 3130 3241 ὅτι
3178 3188 3278 3256 τῆν
3329 3185 3502 3260 ἀρχὴν
3549 3180 3753 3247 ἐκείνην
3800 3180 3894 3233 ὑπ’

2256 3282 2419 3336 αὐτοῦ
2503 3286 2783 3349 κτῆσαιτο,
2833 3276 3146 3338 κολακείαις
3219 3275 3371 3329 αὐτὸν
3466 3272 3540 3334 εἰς
3618 3269 3679 3323 τὸ
3746 3270 3900 3322 θεῖον

2256 3368 2577 3439 ἐξεκαλεῖτο,
2619 3368 2717 3434 τὴν
2798 3364 3042 3435 παντελῆ
3121 3366 3352 3439 Χριστοῦ
3417 3357 3788 3434 ἀλλοτρίωσιν
3840 3356 3896 3411 ἐν

2253 3460 2397 3528 τάξει
2465 3457 2706 3535 χαρίτων
2766 3455 3064 3511 ἀποδοῦναι
3120 3452 3476 3530 βουλόμενος,
3538 3452 3566 3505 6
3624 3448 3894 3521 Θεομισῆς

2251 3549 2339 3603 καὶ
2397 3548 2651 3617 ἀνόητος,
2684 3548 2863 3622 ἡρέμα
2913 3544 2969 3601 δὲ
3014 3547 3105 3600 καὶ
3152 3548 3315 3599 ταῦτα
3387 3540 3691 3620 ὕποφωνῶν
3727 3557 3738 3569 ·
3795 3539 3898 3592 Αἱ·-

2252 3640 2519 3715 σχύνομαι
2564 3640 2662 3706 τήν
2708 3637 2942 3692 παλαιὰν
2995 3634 3204 3704 ἐκείνην
3266 3629 3610 3705 εὐδαιμονίαν
3646 3626 3737 3682 καὶ
3795 3626 3890 3687 τάς

2251 3729 2325 3790 εἷς
2389 3728 2485 3800 ἐμὲ
2559 3725 2810 3801 χάριτας,
2869 3724 3092 3801 φίλτατε
3166 3724 3379 3801 Σέργιε,
3429 3721 3756 3794 αἰσχύνομαι
3812 3716 3888 3788 [νὴ

2248 3819 2377 3879 τοὺς
2435 3817 2593 3880 θεοὺς
2645 3817 2735 3870 καὶ
2803 3813 2928 3871 οὐδὲ
2984 3815 3111 3889 ὁρᾷν
3162 3813 3239 3867 ἔτι
3301 3834 3357 3867 σε
3406 3811 3550 3887 φέρω
3606 3802 3887 3863 κοτάδικον

2249 3906 2394 3963 οὕτω
2449 3910 2529 3977 τῷ
2576 3904 2827 3980 ἡμετέρῳ
2890 3907 3095 3976 βήματι
3152 3900 3571 3975 παριστάμενον,
3608 3898 3636 3950 6
3682 3892 3887 3949 πολλο-

2249 4000 2370 4059 στὸς
2428 3997 2538 4072 ἐγὼ
2591 3998 2728 4070 πρὸς
2783 3998 2881 4064 τὴν
2949 3996 3045 4062 σὴν
3110 3989 3438 4063 ἐπιφάνειαν,
3472 3986 3562 4039 καὶ
3625 3992 3729 4054 τῆς
3790 3991 3885 4051 σῆς

2249 4087 2434 4166 φιλίας
2488 4087 2577 4142 καὶ
2636 4084 2942 4145 δυναστείας
3001 4077 3151 4156 ἔργον
3204 4080 3304 4147 τῆν
3372 4079 3647 4166 παροῦσαν
3702 4074 3887 4166 ,ἀρχὴν

2248 4163 2646 4252 περικείμενος,
2679 4178 2740 4233 Ὁ
2793 4174 2887 4246 μὲν
2941 4169 3029 4226 οὖν
3070 4166 3396 4242 πανούργως
3453 4163 3612 4239 ἔλεγε
3658 4164 3725 4218 τὰ
3783 4183 3894 4215 τοι-

2246 4250 2401 4336 αὔτα,
2458 4250 2618 4321 τοῦτο
2689 4265 2852 4336 μόνον
2923 4280 2980 4314 τε
3039 4257 3349 4334 χρώμενος,
3402 4252 3551 4314 ὅπως
3619 4252 3785 4307 αὐτὸν
3837 4250 3889 4319 ἐξ

2248 4358 2480 4417 ἅπαντος
2533 4350 2819 4424 ὑποκλέψῃ
2870 4347 2957 4402 καὶ
3023 4346 3158 4419 πρὸς
3216 4345 3315 4411 τὴν
3376 4340 3498 4412 ἴσην
3553 4340 3700 4411 αὐτῷ
3757 4342 3892 4412 θρη-

2164 4478 2222 4545 D
2249 4445 2425 4500 σκείαν
2484 4441 2724 4515 δολερῶς
2783 4438 3144 4513 ὑπαγάγηται.
3178 4435 3237 4491 Ὁ
3294 4431 3371 4503 δὲ,
3396 4430 3554 4488 Ἀλλ’
3587 4430 3635 4483 εἷ’
3668 4428 3881 4535 βούλει.

2361 4534 2374 4545 ι
2513 4532 2527 4545 \
2599 4534 2623 4545 υ
2711 4527 2724 4545 9
2874 4531 2895 4541 -ι
3081 4525 3091 4542 1
3236 4544 3239 4545 ,
3302 4544 3309 4545 κ
3336 4525 3402 4545 ’.7.
3469 4521 3680 4545 2.--..AI'...
3738 4535 3855 4545 -..ι-Α

2245 4534 2400 4611 φησὶ,
2440 4532 2530 4587 καὶ
2570 4534 2657 4585 νῦν
2706 4527 2758 4582 ἐν
2807 4531 2924 4590 τοῖς
2971 4525 3242 4601 μεγίστοις
3296 4525 3403 4577 τῶν
3465 4521 3680 4594 ἀγαθῶν
3738 4515 3887 4589 εὐερ·

2242 4605 2402 4699 γέτην
2446 4615 2630 4676 λαϐεῖν
2673 4638 2738 4689 με
2794 4617 3075 4690 πρόθυμος
3123 4612 3316 4685 ἔσομαί
3360 4631 3441 4686 γε,
3477 4605 3880 4681 Ἐλευθερώσας

2241 4713 2341 4787 γάρ
2429 4731 2485 4765 σε
2573 4715 2674 4777 τῆς
2742 4704 2962 4782 βαθείας
3051 4705 3254 4773 ταύτης
3327 4701 3558 4770 ἀπάτης,
3623 4702 3702 4769 τῷ
3786 4705 3885 4765 τῆς

2241 4799 2497 4870 ἀληθείας
2536 4797 2789 4869 προσάξω
2845 4795 2985 4874 φωτὶ
3043 4793 3133 4847 καὶ
3212 4791 3426 4865 βασιλεῖ
3490 4792 3570 4860 τῷ
3627 4788 3876 4859 ἀθανάτῳ

2240 4888 2634 4961 προσοικειώσο
2646 4906 2762 4958 μαι.

2312 4977 2400 5037 Ις’.
2459 4975 2572 5031 Οὐκ
2638 4975 2865 5043 ἤκουσεν
2935 4971 3114 5043 ἡδέως
3191 4975 3301 5028 τῶν
3369 4968 3677 5043 λεγομὲνων
3723 4967 3750 5018 6
3811 4970 3884 5039 τῇ

2238 5062 2487 5135 ἀπωλείᾳ
2525 5066 2853 5129 συνεθισθεὶς
2918 5063 3200 5137 ἄνθρωπος
3232 5081 3244 5093 ·
3279 5057 3403 5114 ἀλλ’
3466 5050 3877 5129 ἐμϐριθέστερον

2237 5152 2432 5208 αὐτίκα
2459 5153 2665 5228 Σεργίῳ
2694 5155 2755 5209 τὸ
2792 5153 3016 5227 βλέμμα
3046 5146 3324 5206 ἐπιϐαλών
3359 5168 3371 5181 ·
3411 5148 3509 5215 Μὴ
3568 5144 3882 5220 βλασφήμει

2235 5243 2363 5304 τοὺς
2421 5244 2737 5313 ἀθανάτους,
2778 5239 2902 5322 ἔφη,
2952 5242 3129 5307 θεούς.
3165 5241 3267 5298 Καὶ
3308 5240 3336 5293 6
3391 5237 3594 5311 μάρτυς
3651 5231 3729 5303 δὲ,
3762 5234 3885 5306 θερ-

2242 5332 2467 5408 μότερον
2506 5334 2666 5388 πάλιν
2705 5336 2773 5406 τῇ
2823 5330 3098 5406 παρρησίᾳ
3160 5327 3532 5404 χρησάμενος,
3571 5322 3887 5377 τούναντίον

2238 5424 2373 5477 ἅπαν
2436 5424 2606 5478 ἐποίει
2641 5444 2654 5457 ο
2714 5423 2803 5478 καὶ
2874 5421 3003 5483 τοὺς
3072 5421 3277 5476 ἐκείνου
3335 5417 3455 5479 θεὸς
3525 5409 3769 5487 ἐξύϐριζέ
3826 5433 3885 5466 τε

2238 5513 2326 5567 καὶ
2360 5512 2605 5585 ὀνόματα
2638 5516 2799 5586 μόνον
2841 5510 3035 5574 αὐτοὺς
3076 5508 3257 5564 ἐκάλει
3288 5506 3620 5581 πραγμάτων
3654 5499 3835 5577 ἔρημα
3869 5521 3881 5534 ·

2237 5600 2327 5655 καὶ
2384 5602 2512 5663 τοὺς
2587 5604 3018 5676 προσκυνοῦντας
3070 5598 3127 5653 δὲ
3172 5599 3259 5653 καὶ
3323 5591 3653 5666 σεϐομένους
3683 5588 3883 5651 αὐτοὺς

2238 5690 2720 5765 ἂναισθητοτέρους
2762 5688 2962 5762 πολλῷ
3010 5692 3115 5743 τῶν
3162 5690 3360 5769 κωφῶν
3410 5682 3627 5739 ἐκείνων
3673 5677 3880 5736 ἐδείκνυ
