4142 6248
261 343 413 405 1025

1260 339 1736 400 MAR'I‘YRIUM
1783 335 1888 398 SS.
1937 334 2196 398 SERGII
2242 336 2339 394 ET
2383 333 2680 394 BACCHI.

3492 341 3646 402 10°26

256 505 414 558 θεῶν.
455 501 517 557 Ὁ
547 495 672 568 δοὺξ
719 496 896 553 τοίνυν
947 496 1021 559 ὡς
1073 497 1216 572 ἐώρα
1267 497 1568 552 κολακειῶν
1624 518 1683 552 τε
1733 497 1907 571 κρείτ·-

2029 496 2144 554 Lllos
2184 497 2338 554 deos.
2370 497 2497 553 Dux
2553 499 2744 553 autem
2779 499 3087 570 postquam
3120 498 3261 556 vidit
3293 500 3552 572 Sergium
3594 506 3651 560 et

255 612 334 645 τω
417 590 509 644 καὶ
587 587 824 642 ἀπειλῶν
902 587 994 642 τὸν
1064 587 1313 662 Σέργιον,
1362 586 1452 640 καὶ
1510 582 1624 640 οὐδ’
1656 586 1905 640 ὁπωσοῦν

259 675 588 735 ὑποδιδόντα
634 681 733 745 τῆς
773 673 1096 750 παρρησίας,
1130 673 1325 730 αὐτίκα
1379 675 1480 743 τήν
1537 672 1905 747 κατεψευσμέ-

258 789 352 838 νην
409 767 618 836 ἐκείνην
669 763 854 843 φιλίαν
903 767 992 820 καὶ
1050 764 1114 818 τὸ
1168 769 1514 838 προσωπεῖον
1548 761 1906 836 ἀποδυσάμε-

260 877 352 918 νος
409 854 541 930 ὅπερ
581 855 647 922 ἦν
705 851 945 930 ἐναργῶς
994 851 1367 921 ἀπεδείκνυτο,
1423 851 1514 907 καὶ
1580 851 1656 914 ὡς
1712 847 1906 911 ἔοικεν.

267 947 312 1002 Π
343 943 529 1014 πολλή
578 963 703 1016 μου,
729 943 1236 1018 φησίν,ἡμερότης,
1267 940 1356 996 καὶ
1387 940 1450 996 τὸ
1479 940 1715 1015 ἀκαίρως
1744 944 1905 994 τοῦτο

262 1035 398 1108 πρός
471 1053 528 1087 σε
584 1030 992 1109 φιλάνθρωπον,
1050 1030 1222 1084 ταῦτά
1279 1051 1338 1085 σε
1392 1031 1530 1106 πρὸς
1590 1029 1906 1098 ἀλαζονείαν

263 1122 434 1196 ἐπῆρε
465 1138 480 1152 °
531 1119 622 1176 καὶ
682 1119 824 1174 οὕτω
878 1120 997 1174 καθ’
1063 1121 1225 1192 ἡμῶν
1282 1139 1342 1173 τε
1395 1117 1569 1173 αὐτῶν
1633 1118 1723 1172 καὶ
1773 1122 1907 1182 θεῶν

264 1209 484 1286 ἠρέθισε
507 1213 614 1264 τῶν
652 1208 931 1285 μεγάλων.
964 1207 1146 1265 ’Λλλά
1184 1206 1273 1262 καὶ
1318 1207 1409 1262 τὸν
1467 1210 1634 1280 τῦφον
1693 1207 1907 1280 ἀπομα-

266 1302 433 1374 θήσῃ,
483 1298 540 1353 εὗ
599 1295 742 1367 οἶδα,
785 1297 872 1352 καὶ
928 1295 1241 1369 ἐπιμελήσῃ
1307 1303 1410 1364 τῆς
1469 1293 1777 1365 αὐθαδείας,
1821 1295 1910 1349 καὶ

263 1389 448 1464 γνώσῃ
486 1387 707 1442 σεαυτὸν
768 1387 832 1441 οὗ
887 1387 1110 1459 μεσίτην
1160 1385 1282 1459 ἄρτι
1337 1388 1446 1440 τῶν
1496 1389 1692 1439 κοινῶν
1761 1379 1912 1456 ὄντα,

266 1475 392 1534 οὐδὲ
435 1477 581 1552 παρὰ
634 1473 853 1549 βασιλεῖ
886 1475 952 1530 τὰ
1007 1473 1223 1548 μεγάλα
1282 1472 1595 1546 δυνάμενον,
1618 1471 1765 1528 ἀλλά
1811 1493 1914 1527 κα-

264 1567 516 1640 τάκριτον
573 1566 666 1619 καὶ
725 1561 1011 1636 δεσμώτην
1068 1563 1158 1617 καὶ
1215 1561 1268 1618 εἷ’
1293 1583 1348 1616 τι
1407 1559 1548 1616 ἄλλο
1594 1567 1711 1623 τοῖς
1770 1560 1912 1616 οὕτω

266 1659 522 1732 φρονοῦσι
577 1653 740 1708 κακὸν
809 1652 1015 1709 ἕπεται.
1074 1653 1173 1706 Καὶ
1229 1651 1424 1706 αὐτίκα
1477 1653 1578 1720 τήν
1652 1650 1759 1704 ἀπὸ
1815 1654 1913 1704 τοῦ

265 1744 529 1824 φρουρίου
605 1745 826 1816 Σουρῶν
872 1741 958 1796 ἐπὶ
1035 1741 1134 1809 τήν
1193 1739 1357 1795 πόλιν
1397 1739 1687 1813 Ῥωσαφὼν
1756 1738 1913 1794 στελ-

266 1833 501 1907 λόμενος
557 1828 779 1894 ποθείαν
836 1830 864 1884 6
923 1827 1073 1900 δοὺξ,
1130 1826 1380 1904 σιδηραῖς
1441 1833 1702 1903 κρηπῖσιν
1749 1826 1912 1896 ἥλοις

267 1922 410 1993 ὀξέσι
466 1918 909 1994 ἐμπεπαρμέναις
971 1919 1063 1973 τὸν
1109 1916 1358 1988 ἀθλητὴν
1424 1915 1754 1987 δποδεθῆναι
1813 1937 1915 1971 πα-

272 2009 584 2085 ρασκευάζει
619 2027 633 2041 °
684 2007 774 2062 καὶ
835 2007 1128 2081 ἀχήματος
1181 2005 1343 2068 αὐτὸς
1403 2001 1612 2075 ἐπιϐὰς,
1671 2003 1912 2080 ἔμπροσ-

267 2102 354 2154 θεν
413 2099 486 2161 ὡς
545 2098 666 2171 εἶχε
695 2093 879 2150 ποδῶν
917 2095 1137 2172 τρέχειν
1204 2096 1296 2149 τὸν
1352 2092 1504 2170 ἄγεθν
1552 2093 1639 2148 ἐπὶ
1671 2089 1912 2166 ἐϐδομή-

265 2188 435 2244 κοντά
483 2206 590 2241 που
636 2182 884 2245 σταδίους
936 2181 1068 2258 ἄχρι
1125 2181 1533 2258 Τετραπυργίας
1596 2184 1910 2258 ἠνάγκαζεν.

262 2277 423 2333 Ὅσοι
494 2274 590 2346 μὲν
646 2271 740 2327 οὖν
820 2270 1089 2346 ἀπορρέον
1151 2271 1214 2326 τὸ
1272 2267 1455 2325 ποδῶν
1531 2272 1669 2343 αἷμα
1723 2271 1912 2344 ἐώρων

270 2361 561 2436 θαυμάζειν
609 2381 669 2416 τε
715 2360 901 2422 αὐτοῖς
953 2361 1200 2433 ἀτεχνῶς
1259 2358 1437 2432 ἐπῄει,
1467 2359 1558 2413 καὶ
1597 2359 1690 2414 τὸν
1743 2358 1916 2426 ἀθλη-

264 2452 364 2520 τὴν
429 2456 530 2520 τῆς
581 2448 864 2524 καρτερίας
922 2446 1344 2518 ἐκπλήττεσθαι.
1410 2445 1634 2518 Ἐκείνῳ
1692 2443 1749 2500 δὲ
1814 2446 1918 2520 ἄρα

269 2541 324 2595 αἱ
389 2542 498 2594 τῶν
551 2535 1026 2612 προσδοκωμένων
1083 2532 1304 2596 ἐλπίδες
1371 2531 1580 2607 ῥανίδες
1633 2531 1919 2607 παρακλή-

269 2649 404 2691 σεως
463 2627 598 2696 ἦσαν
642 2626 692 2699 ἐξ
758 2625 989 2702 ούρανοῦ
1045 2625 1311 2693 στάζουσα
1366 2621 1450 2678 κτὶ
1505 2624 1568 2677 τὸ
1621 2623 1754 2697 βαρὺ
1806 2625 1914 2677 τῶν

271 2715 477 2772 ὀδυνῶν
539 2715 925 2790 ὑπεκούφιζον,
956 2711 1206 2781 ἀλύπως,
1236 2732 1295 2766 τε
1354 2710 1534 2786 εἷ’χετο
1596 2716 1694 2779 τῆς
1763 2707 1916 2782 ὁδοῦ,

271 2806 360 2861 καὶ
392 2804 484 2858 σὺν
515 2801 690 2876 ἡδονῇ
719 2807 888 2857 ταῦτα
913 2799 1246 2874 ὑπέψαλλεν·
1275 2823 1298 2854 ε
1321 2799 1628 2872 ’Υπομένων
1661 2800 1920 2872 ὓπέμεινα

274 2896 364 2948 τὸν
424 2893 616 2965 Κύριον
644 2910 658 2923 ·
690 2889 927 2963 προσέχε
962 2909 1054 2961 μοι
1111 2889 1201 2942 καὶ
1242 2887 1526 2956 εἶσήκουσε
1553 2889 1652 2950 τῆς
1686 2883 1919 2954 δεήσεώς

283 3001 388 3053 μου
422 2999 434 3012 ⁸
478 2981 570 3033 καὶ
617 2976 857 3052 ἀνήγαγὲ
909 2996 976 3049 με
1018 2973 1079 3030 ἔκ
1125 2974 1332 3030 λάκκου
1379 2973 1777 3046 ταλαιπωρίας,
1831 2974 1921 3026 καὶ

1945 1873 2000 1940 Β

2016 585 2338 654 blanditiis,
2372 589 2429 642 et
2451 585 2625 642 minis
2642 601 2770 642 esse
2795 587 3168 658 superiorem,
3190 592 3247 645 et
3277 589 3418 645 nihil
3451 591 3646 647 remit-

2013 675 2231 729 tentem
2265 674 2334 728 de
2363 671 2640 744 loquendi
2668 672 2958 742 libertate,
2989 673 3152 729 illam
3184 676 3379 732 statim
3410 677 3652 734 ementi-

2017 766 2131 818 tam
2175 777 2390 818 exuens
2432 761 2745 818 amicitiam
2778 768 2832 816 et
2879 779 3202 833 personam,
3236 768 3430 836 aperte
3457 773 3646 822 osten-

2018 851 2106 906 dit
2136 850 2190 906 id
2226 852 2377 922 quod
2409 853 2532 907 erat
2563 866 2576 905 :
2609 854 2686 919 et,
2719 850 2922 922 Magna
2950 868 3096 919 mea,
3130 853 3341 924 inquit,
3374 870 3652 910 mansue-

2017 941 2179 1007 tudo,
2238 943 2294 995 et
2360 941 2480 994 haec
2547 938 2604 994 in
2653 943 2710 995 te
2759 940 3095 1011 importuna
3167 941 3516 1013 benignitas,
3579 945 3649 998 ad

2019 1029 2405 1100 arrogantiam
2463 1031 2520 1084 te
2559 1027 2912 1096 extulerunt,
2945 1032 3002 1083 et
3033 1029 3118 1085 sic
3147 1029 3206 1083 in
3254 1047 3357 1086 nos
3388 1030 3559 1102 ipsos,
3595 1038 3654 1087 et

2019 1119 2156 1174 deos
2197 1134 2441 1190 magnos
2487 1122 2896 1191 provocarunt.
2928 1119 3037 1174 Sed
3071 1119 3334 1176 dedisces
3365 1123 3480 1193 (sat
3507 1122 3650 1193 scio)

2019 1207 2380 1278 superbiam,
2413 1211 2470 1263 et
2516 1207 2874 1264 Oblivisceris
2909 1210 3022 1262 tuae
3053 1209 3418 1280 arrogantiae,
3467 1214 3523 1266 et
3551 1225 3658 1266 co-

2020 1309 2265 1366 gnosces
2288 1294 2532 1363 teipsum
2566 1311 2680 1350 non
2713 1310 2839 1350 esse
2871 1311 3063 1352 rerum
3093 1297 3491 1354 communium
3524 1315 3656 1354 am—

2021 1383 2176 1454 plius
2206 1382 2669 1452 intercessorem,
2702 1399 2888 1454 neque
2937 1399 3110 1454 posse
3152 1385 3468 1456 plurimum
3499 1389 3654 1460 apud

2020 1471 2570 1542 imperatorem,sed
2602 1487 2730 1527 esse
2761 1472 3102 1528 damnatum
3135 1481 3187 1530 et
3215 1476 3495 1547 vinctum,
3519 1482 3576 1532 et
3605 1477 3655 1532 si

2022 1560 2177 1630 quod
2223 1559 2382 1616 aliud
2415 1559 2634 1615 malum
2691 1561 2953 1646 sequitur
2982 1577 3098 1631 eos,
3130 1563 3229 1634 qui
3262 1564 3344 1621 ita
3373 1567 3653 1622 sentiunt.

2022 1649 2087 1703 Et
2118 1649 2315 1704 statim
2347 1666 2382 1704 a
2421 1648 2693 1719 prmsidio
2732 1653 3010 1706 Surorum
3045 1652 3160 1706 dux
3192 1653 3566 1723 proﬁciscens
3597 1657 3655 1710 in

2023 1737 2316 1793 civitatem
2360 1737 2782 1808 Rosaphorum,
2815 1738 2989 1795 efﬁcit
3021 1744 3082 1794 ut
3111 1740 3406 1797 calceatur
3442 1743 3660 1800 athleta

2025 1826 2296 1898 crepidis,
2337 1826 2537 1881 ferreis
2587 1825 2764 1882 clavis
2816 1826 3058 1882 conﬁxis
3102 1844 3116 1881 :
3166 1833 3222 1883 et
3269 1835 3660 1888 conscendens

2019 1914 2372 1982 vehiculum,
2407 1914 2596 1987 coegit
2644 1922 2905 1970 sanctum
2957 1916 3037 1970 ita
3084 1918 3327 1987 pedibus
3367 1921 3658 1991 affectum,

2021 2008 2153 2060 ante
2183 2005 2377 2075 ipsum
2397 2019 2628 2060 currere
2659 2004 2727 2059 ad
2763 2005 3129 2075 septuaginta
3159 2007 3350 2063 stadia
3381 2025 3566 2081 usque
3587 2011 3659 2065 ad

2018 2092 2481 2165 Tetrapyrgiam.
2515 2095 2704 2164 Atque
2753 2093 3089 2164 quicunque
3120 2093 3357 2165 quidem
3392 2098 3662 2154 videbant

2021 2183 2364 2254 sanguinem
2396 2197 2426 2237 e
2455 2181 2699 2252 pedibus
2740 2181 3111 2252 deﬂuentem,
3149 2183 3233 2239 eis
3273 2184 3443 2256 plane
3473 2187 3662 2242 admi-

2023 2270 2140 2326 rari
2173 2270 2440 2326 veniebat
2482 2270 2542 2324 in
2576 2277 2851 2339 mentem,
2884 2275 2940 2327 et
2969 2271 3198 2326 athletas
3239 2277 3470 2344 stupere
3521 2276 3659 2331 tole-

2023 2358 2295 2415 rantiam.
2324 2359 2555 2430 Martyri
2576 2365 2767 2414 autem
2798 2375 2932 2430 spes
2963 2376 3186 2431 eorum,
3211 2377 3336 2432 quas
3359 2368 3655 2434 exspecta-

2024 2448 2258 2515 bantur,
2284 2451 2450 2504 erant
2479 2450 2654 2519 guttae
2685 2447 3115 2518 consolationis,
3148 2466 3272 2521 quae
3302 2451 3585 2508 cadebant
3625 2468 3654 2508 θ

2024 2537 2188 2602 coelo,
2236 2542 2295 2594 et
2342 2537 2612 2594 levabant
2658 2537 2926 2593 dolorum
2984 2539 3346 2609 gravitatem.
3393 2545 3460 2595 Et
3516 2542 3661 2597 citra

2025 2626 2350 2682 molestiam
2394 2625 2671 2696 pergebat
2712 2625 2820 2682 iter
2866 2627 3111 2697 ingredi,
3145 2627 3196 2684 ei
3226 2627 3348 2686 huic
3378 2631 3669 2701 psallebat

2026 2730 2158 2770 cum
2193 2714 2393 2770 laetitia
2425 2730 2438 2768 :
2464 2735 2493 2763 «
2526 2715 2880 2784 Exspectans
2908 2716 3224 2786 exspectavi
3257 2719 3588 2784 Dominum,
3613 2726 3667 2774 ct

2026 2803 2278 2858 intendit
2299 2802 2462 2859 mihi.
2481 2803 2550 2858 Et
2571 2803 2863 2859 exaudivit
2883 2805 3343 2875 deprecationem
3373 2823 3589 2863 meam:
3614 2816 3667 2863 et

2028 2893 2328 2947 eduxitme
2343 2892 2415 2946 de
2431 2890 2560 2946 lacu
2583 2891 3042 2960 afﬂictionis,ete
3062 2893 3184 2949 luto
3207 2893 3670 2951 faacis.Etslatuit

2030 2977 2090 3033 in
2107 2978 2418 3033 latitudine
2440 2978 2616 3049 pedes
2640 2995 2822 3047 meos,
2844 2984 2900 3036 et
2917 2981 3126 3037 direxit
3149 2997 3384 3052 gressus
3408 2999 3566 3039 meos
3578 2985 3616 3036 ⁸.
3637 3007 3664 3034 ››

277 3070 384 3124 ἀπὸ
411 3068 602 3138 πηλοῦ
625 3065 805 3136 ἴλύος,
833 3065 923 3120 καὶ
955 3062 1170 3135 ἔστησεν
1206 3063 1257 3117 ἐν
1288 3062 1589 3137 εὐρυχώρῳ
1617 3063 1743 3123 τοὺς
1771 3059 1942 3126 πόδας
1975 3084 2078 3136 μου
2110 3066 2197 3119 καὶ
2237 3069 2521 3121 κατεύθυνε
2547 3067 2613 3122 τὰ
2642 3063 2801 3139 διαϐή
2814 3069 2954 3140 ματά
2986 3090 3110 3142 μου.

349 3166 447 3215 ΙΖ’.
493 3160 582 3220 Ὦς
641 3155 698 3212 δὲ
770 3156 861 3211 καὶ
915 3158 1014 3225 τήν
1071 3153 1462 3230 τετραπυργίαν
1530 3149 1636 3222 ἤδη
1690 3149 1923 3206 κατελα-

277 3245 394 3319 60v,
452 3247 608 3303 αὐτὸν
678 3247 772 3319 μὶν
833 3246 884 3301 ἐν
952 3244 1169 3323 φυλακῇ
1238 3241 1523 3315 δεσμώτην
1571 3235 1876 3313 ἐλάμϐανεν
1909 3259 1925 3273 ’

279 3336 420 3391 οὕτω
452 3335 794 3411 προσταχθὲν
832 3334 934 3387 ὑπὸ
979 3336 1076 3386 τοῦ
1127 3330 1320 3393 δουκός
1356 3350 1369 3364 ·
1421 3330 1623 3384 ἐκεῖνον
1677 3326 1734 3383 δὲ
1766 3347 1929 3402 φρον·

2097 3157 2264 3211 XVII.
2306 3157 2623 3227 Postquam
2656 3164 2849 3216 autem
2872 3162 2998 3232 jam
3031 3162 3436 3232 pervenissent
3465 3165 3666 3219 Tetra-

2029 3243 2314 3314 pyrgiam,
2345 3247 2538 3313 ipsum
2571 3246 2806 3316 quidem
2838 3249 3063 3318 excepit
3092 3249 3378 3316 custodia,
3412 3251 3558 3305 duce
3589 3252 3668 3304 ita

2024 3333 2268 3403 jubente
2327 3348 2340 3388 :
2382 3331 2549 3387 illum
2607 3336 2798 3387 autem
2850 3339 3120 3403 urgentes
3151 3352 3301 3391 curae
3342 3338 3668 3407 reipublicae

278 3423 425 3488 τίδες
471 3402 522 3479 ἐν
572 3402 730 3498 χερσὶ
777 3419 1062 3494 δημοσίων
1096 3421 1430 3496 πραγμάτων
1460 3418 1629 3497 εἶχον.
1668 3413 1920 3490 Ἐσπέρας

2032 3402 2348 3474 tenuerunt
2395 3422 2768 3490 occupatum.
2801 3402 2944 3474 Cum
2977 3425 3171 3476 autem
3204 3422 3320 3492 jam
3375 3402 3526 3480 esset
3573 3442 3660 3480 ve-

284 3512 340 3570 δέ
385 3513 493 3584 ἤδη
547 3511 848 3587 γενομένης
901 3511 1064 3585 μόνος
1113 3511 1262 3584 παρὰ
1291 3512 1360 3582 τῇ
1401 3508 1619 3586 φυλακῇ
1651 3509 1679 3562 6
1725 3507 1928 3580 μάρτυς

284 3601 630 3679 ἀπολειφθεὶς
660 3624 688 3654 ι(
733 3602 799 3657 Οἱ
831 3599 1119 3665 ἐσθίοντες,
1155 3620 1180 3652 ι
1214 3592 1471 3671 ἔψαλλεν,
1510 3620 1535 3648 ε(
1585 3595 1779 3671 ἄρτους
1825 3615 1932 3667 μου

288 3689 625 3765 ἐμεγάλυναν
687 3687 769 3743 ἐπ’
841 3689 942 3760 ἐμὲ
1006 3687 1357 3760 πτερνισμόν.
1421 3708 1450 3737 ››
1509 3684 1608 3738 Καὶ
1659 3683 1932 3760 σχοινίοις

293 3777 551 3833 διέτειναν
610 3774 814 3849 παγίδα
869 3781 986 3836 τοῖς
1045 3772 1175 3828 ποσί
1238 3793 1364 3846 μου,
1414 3773 1505 3826 καὶ
1564 3769 1933 3846 διελογίσαντο

290 3871 386 3922 τοῦ
445 3864 799 3920 ὑποσκελίσαι
858 3863 924 3918 τά
990 3858 1307 3935 διαδήματά
1367 3881 1492 3934 μου.
1544 3858 1700 3915 Ἀλλ’
1751 3858 1933 3930 αυτὸς,

295 3955 482 4030 Κύριε,
531 3954 721 4029 Κύριε,
789 3953 1102 4032 πρόφθασον
1164 3950 1355 4012 αὐτοὺς
1411 3948 1502 4003 καὶ
1577 3946 1935 4002 ὑποσκέλισον

295 4045 513 4114 αὐτοὺς,
540 4044 631 4098 καὶ
683 4041 832 4118 ῥῦσαι
883 4043 989 4097 ἀπὸ
1031 4035 1236 4096 ἀσεϐῶν
1283 4040 1382 4107 τὴν
1441 4039 1626 4112 ψυχήν
1693 4057 1797 4109 μου
1846 4037 1934 4090 καὶ

299 4135 356 4191 ἐκ
409 4135 594 4209 χειρὸς
653 4133 814 4194 κυνὸς
885 4133 984 4201 τὴν
1073 4136 1332 4203 μονογενῆ
1427 4148 1553 4200 μου.
1596 4128 1755 4190 "Ost
1807 4122 1936 4178 οὐδὲ

298 4222 681 4297 ἀπαράκλητον
732 4220 894 4275 αὐτοῦ
940 4221 1041 4288 τὴν
1088 4219 1272 4292 ψυχὴν
1310 4215 1476 4271 πάλιν
1509 4217 1535 4268 6
1575 4214 1702 4275 τοὺς
1742 4221 1935 4289 στεφά-

294 4333 416 4373 νους
448 4311 598 4381 αὐτῷ
627 4309 840 4364 πλέκων
879 4307 1076 4362 ἄνωθεν
1107 4301 1370 4378 περιεῖδεν
1397 4321 1409 4334 ·
1445 4301 1589 4356 ἀλλὰ
1608 4297 1935 4371 κηδεμονίαν

294 4419 353 4453 τε
407 4395 626 4464 πολλὴν
692 4396 816 4469 περὶ
879 4392 1070 4448 τοῦτον
1132 4388 1514 4455 ἐπιδείκνυται,
1563 4386 1650 4441 καὶ
1708 4385 1939 4461 ἄγγελον

300 4486 448 4555 αὐτῷ
483 4485 618 4538 κατά
651 4482 819 4554 μέσην
867 4479 1132 4550 ἐκπέμπει
1179 4477 1278 4544 τήν
1320 4475 1483 4529 νύκτα
1515 4493 1527 4507 ο
1571 4475 1629 4536 ὃς
1675 4473 1939 4546 πρότερον

299 4575 397 4639 τὴν
457 4570 665 4626 ἐκείνου
722 4569 906 4643 ψυχὴν
948 4565 1122 4636 ἡδέως
1179 4564 1640 4636 ἀνακτησάμενος,
1691 4563 1802 4617 εἶτα
1849 4563 1937 4617 καὶ

2038 3523 2189 3576 sper,
2215 3515 2429 3579 martyr
2458 3507 2692 3563 relictus
2731 3507 2892 3563 solus
2922 3508 2982 3564 in
3031 3510 3310 3580 custodia,
3343 3511 3628 3584 psallebat
3655 3529 3669 3568 :

2041 3616 2068 3646 «
2099 3595 2205 3660 Qui
2255 3597 2640 3651 comedebant
2670 3612 2846 3666 panes
2880 3613 3054 3666 meos,
3089 3600 3540 3668 magniﬁcarunt
3570 3619 3673 3656 su-

2039 3700 2140 3756 per
2171 3700 2263 3739 me
2285 3683 2818 3755 supplantationem
2840 3687 2880 3740 ".
2907 3687 3017 3741 »Et
3039 3686 3274 3743 funibus
3295 3691 3674 3747 extenderunt

2037 3772 2312 3845 laqueum
2335 3774 2581 3845 pedibus
2612 3773 2844 3840 meis,et
2865 3775 3260 3846 cogitaverunt
3293 3777 3673 3848 supplantare

2038 3881 2278 3938 gressus
2305 3882 2486 3921 meos.
2514 3866 2624 3921 Sed
2647 3870 2730 3932 tu,
2754 3865 3019 3934 Domine,
3042 3866 3309 3935 Domine,
3330 3870 3598 3937 praeveni,
3626 3876 3679 3925 et

2039 3954 2353 4026 supplanta
2383 3971 2516 4010 eos:
2548 3958 2606 4010 et
2635 3954 2816 4011 libera
2843 3955 2913 4010 ab
2946 3954 3143 4027 impiis
3175 3957 3428 4012 animam
3455 3974 3676 4013 meam:

2039 4050 2096 4101 et
2143 4045 2214 4100 de
2246 4060 2422 4099 manu
2466 4043 2626 4098 canis
2656 4043 2892 4098 unicam
2925 4059 3132 4098 meam.
3166 4046 3351 4110 Quare
3395 4062 3498 4100 nec
3542 4061 3681 4102 con-

2045 4132 2346 4186 solationis
2377 4134 2668 4200 expertem
2718 4132 2844 4201 ejus
2889 4130 3145 4185 animam
3179 4147 3376 4186 rursus
3416 4133 3683 4204 dexpcxit

2045 4220 2118 4287 is,
2146 4221 2246 4290 qui
2295 4235 2325 4272 e
2371 4218 2596 4286 superis
2625 4219 2675 4273 ei
2706 4220 2972 4273 nectebat
3001 4235 3262 4286 coronas,
3297 4221 3397 4274 sed
3429 4225 3486 4275 et
3528 4221 3680 4276 mul-

2047 4314 2164 4364 tam
2197 4324 2258 4364 se
2287 4307 2412 4377 ejus
2441 4321 2639 4360 curam
2698 4321 2896 4377 gerere
2927 4307 3198 4373 ostendit,
3245 4314 3297 4364 et
3329 4308 3601 4379 angelum
3630 4310 3683 4364 ei

2047 4397 2209 4453 misit
2237 4396 2428 4451 media
2460 4399 2628 4450 nocte
2680 4411 2694 4451 :
2738 4393 2859 4466 qui,
2893 4409 3025 4450 cum
3060 4395 3221 4466 prius
3252 4395 3398 4452 illius
3428 4398 3679 4454 animam

2041 4487 2301 4558 jucunde
2330 4487 2670 4551 recreasset,
2704 4487 2759 4539 et
2795 4482 3003 4538 deinde
3034 4483 3209 4539 etiam
3243 4500 3453 4555 corpus
3484 4501 3686 4542 curas-

2048 4581 2158 4644 set,
2194 4583 2247 4631 et
2306 4575 2500 4646 pedes,
2551 4573 2646 4644 qui
2679 4572 2827 4629 male
2859 4589 2918 4629 se
2964 4573 3275 4643 habebant,
3309 4585 3591 4642 sanasset,
3633 4580 3690 4632 et

297 4664 396 4715 τοῦ
464 4659 718 4730 σώματος
779 4655 1151 4729 ἐπιμεληθεὶς,
1206 4653 1296 4708 καὶ
1351 4651 1482 4714 τοὺς
1552 4649 1722 4712 πόδας
1778 4649 1920 4705 αὐτοὶ

2047 4673 2326 4737 tanquam
2358 4680 2489 4719 cum
2540 4664 2789 4734 quodam
2820 4663 3008 4718 amico
3038 4668 3094 4718 et
3142 4663 3374 4718 concive
3405 4680 3509 4718 suo
3539 4666 3690 4719 ami-

300 4749 558 4822 πονήρως
617 4746 720 4801 ὑπὸ
774 4749 883 4799 τῶν
937 4742 1170 4818 πληγῶν
1246 4736 1474 4816 ἔχοντας
1548 4739 1790 4814 ὑγιάσας,
1848 4759 1916 4792 κα

2049 4736 2283 4811 cissime
2313 4756 2467 4809 esset
2495 4753 2744 4817 locutus,
2777 4755 2832 4806 et
2853 4767 2988 4805 eum
3019 4751 3344 4821 amplexus,
3368 4751 3535 4819 longe
3565 4751 3687 4807 ala-

300 4837 538 4909 καθάπερ
632 4835 830 4909 ἑταίρῳ
907 4834 1013 4889 τινὶ
1079 4833 1166 4888 καὶ
1225 4831 1541 4906 συμπολίτῃ
1603 4829 1920 4907 φιλικώτατι

2049 4843 2289 4900 criorem
2319 4841 2572 4898 reddidit
2599 4841 2671 4896 ad
2701 4847 3010 4896 certamen.

306 4925 622 5004 διαλεχθεὶς
680 4925 767 4980 καὶ
798 4923 1298 4995 κατασπασάμενος,
1331 4920 1772 4996 προσθυμότερον
1803 4915 1944 4972 πολ-

309 5017 390 5086 λῷ
414 5015 550 5091 πρὸς
581 5014 674 5069 τὸν
706 5011 888 5087 ἀγῶνα
924 5009 1193 5080 διέθηκεν.

379 5085 492 5160 ΙΗί.
551 5085 763 5160 Ἑωθενῖ
833 5100 1012 5156 τοίνυν
1066 5098 1288 5162 καθίσας
1362 5096 1453 5151 ’ἐπὶ
1526 5099 1624 5150 τοῦ
1696 5096 1913 5171 βήματο

2121 5089 2328 5145 XVIII.
2361 5088 2531 5144 Mane
2563 5101 2692 5157 ergo
2738 5086 2949 5142 sedens
2988 5085 3104 5140 dux
3160 5085 3218 5140 in
3270 5085 3565 5157 tribunali,
3590 5090 3691 5160 ju-

309 5191 472 5246 πάλιν
530 5192 558 5246 ὁ
621 5189 764 5260 δοὺξ,
814 5187 1025 5244 κελεύει
1089 5187 1198 5240 τισὶ
1256 5190 1361 5240 τῶν
1400 5185 1774 5259 περιεστώτων
1827 5182 1920 5260 ἀφε

2054 5179 2151 5234 bet
2182 5177 2537 5249 quibusdam
2587 5192 2653 5230 ex
2700 5175 2794 5239 iis,
2827 5175 2924 5245 qui
2971 5173 3301 5239 adstabant,
3335 5178 3396 5229 ut
3429 5187 3691 5234 sanctum

310 5280 576 5353 λομένους
631 5281 724 5334 τὸν
787 5277 1050 5350 μακάριον
1105 5275 1211 5329 ἀπὸ
1261 5281 1358 5342 τῆς
1410 5272 1657 5350 φυλακῆς
1706 5270 1788 5342 (οὐ
1845 5273 1914 5345 γᾶ

2054 5270 2320 5325 tollentes
2350 5283 2380 5322 e
2411 5265 2678 5321 custodia
2698 5265 2907 5334 (neque
2938 5263 3091 5319 enim
3115 5263 3348 5334 putabat
3371 5265 3494 5318 ﬁeri
3526 5283 3695 5337 posse

313 5368 473 5432 αὐτὸς
518 5364 738 5422 δυνατὸν
786 5367 923 5420 εἶναι
974 5366 1281 5438 χρήσασθαι
1325 5367 1447 5424 τοῖς
1481 5361 1638 5414 ποσὶν
1683 5359 1785 5413 ὑπὸ
1840 5363 1918 5412 τῶ

2056 5375 2172 5430 prae
2205 5355 2413 5428 plagis,
2446 5358 2510 5410 ut
2540 5357 2800 5409 uteretur
2820 5352 3107 5424 pedibus),
3132 5353 3203 5408 ad
3226 5369 3396 5408 suum
3429 5354 3694 5411 deferant

313 5456 543 5530 πληγῶν
597 5451 758 5529 ᾤετο)
814 5454 951 5530 πρὸς
1002 5452 1186 5508 ὶκυτὸν
1247 5449 1442 5506 καὶτὸ
1498 5450 1652 5524 βῆμα
1705 5446 1920 5520 κομίσαι

2059 5444 2492 5504 tribunal.Gum
2515 5441 2600 5498 illi
2626 5446 2824 5498 autem
2853 5441 3232 5499 accessissent
3260 5442 3318 5498 in
3342 5444 3688 5516 custodiam,

387 5644 410 5678 ⁶
441 5643 589 5699 Psal.
623 5662 813 5710 χχχιχ,
849 5645 872 5699 1
909 5659 1038 5715 sqq.
1143 5641 1164 5674 ⁷
1196 5639 1347 5696 Psal.
1379 5655 1469 5710 XL,
1507 5639 1594 5693 10.
