4142 6248
528 328 677 387 1027

1865 324 2145 384 MENSIS
2192 325 2567 386 OCTOBER.

3763 332 3925 393 10:28

514 487 714 541 statim
772 486 880 541 fuit
936 492 1173 556 martyr,
1242 490 1303 540 ut
1361 485 1576 555 aquila,
1637 492 1963 550 renovatus,
2026 500 2124 540 nor

2250 488 2367 537 Τῶν
2429 482 2484 538 δὲ
2549 486 2683 558 πρὸς
2737 490 2836 557 τὴν
2903 485 3150 565 φυλακὴν
3198 493 3683 569 παραγενομένων,
3743 496 3915 558 ἀετὸς

517 577 707 631 ablata
753 584 1043 631 senectute
1094 577 1194 631 sed
1236 575 1505 631 omnibus
1551 574 1917 630 vulneribus.
1958 575 2152 645 Neque

514 666 668 718 enim
702 680 847 734 opus
882 664 1084 718 habuit
1133 680 1332 731 manu,
1366 681 1491 733 quae
1525 678 1658 717 eum
1690 663 2019 730 sustineret,
2053 669 2151 716 aut

516 754 567 806 ei
620 753 856 805 omnino
906 768 1071 821 opem
1110 752 1278 806 ferret
1332 752 1401 806 ad
1442 752 1911 822 ingrediendum,
1943 751 2042 806 sed
2092 754 2149 805 et

515 840 716 895 leviter
772 841 1225 911 ingrediebatur,
1277 846 1331 894 et
1380 840 1618 911 pulchre
1678 842 2035 906 movebatur,
2094 843 2150 894 et

512 932 633 983 erat
682 944 877 983 revera
908 927 1071 982 testis
1127 928 1237 982 ﬁde
1268 928 1478 999 dignus
1510 929 1731 984 invictae
1782 933 1838 983 et
1883 928 2145 998 omnipo-

513 1015 686 1071 tentis
718 1016 931 1071 Christi
962 1015 1217 1070 virtutis.
1250 1016 1391 1071 Cum
1423 1018 1575 1072 enim
1620 1018 1702 1071 sic
1736 1019 2001 1071 affectum
2035 1018 2148 1071 dux

511 1106 832 1175 aspexisset
853 1104 1103 1169 eminus,
1128 1105 1280 1175 apud
1313 1121 1372 1159 se
1405 1104 1724 1160 mirabatur
1745 1106 1974 1160 tacitus.
2002 1106 2146 1159 Cum

513 1200 700 1247 autem
725 1193 842 1262 jam
878 1210 1055 1262 prope
1085 1198 1260 1257 esset,
1292 1210 1416 1248 eam
1450 1210 1570 1248 rem
1603 1195 1842 1248 vocabat
1874 1194 2144 1263 magiam,

512 1287 567 1335 et
615 1281 749 1335 deos
800 1281 1053 1350 jurabat,
1084 1285 1140 1335 et
1188 1297 1284 1335 eos
1344 1282 1581 1335 vocabat
1630 1282 1688 1335 in
1746 1282 2143 1336 testimonium

514 1386 713 1426 eorum
747 1386 875 1441 quae
925 1370 1171 1425 dicebat.
1206 1369 1351 1434 Quid
1406 1374 1493 1426 est
1536 1371 1691 1425 enim
1722 1371 1901 1437 aliud,
1934 1371 2142 1441 aiebat,

513 1460 663 1529 quod
686 1467 739 1514 et
770 1460 919 1528 apud
948 1458 1351 1530 imperatorem
1398 1460 1448 1513 ei
1474 1461 1632 1529 prius
1654 1464 1878 1515 tantam
1900 1462 2146 1531 praebuit

511 1547 801 1615 ﬁduciam,
835 1552 892 1602 et
940 1564 1096 1602 nunc
1148 1549 1344 1603 statim
1377 1548 1547 1617 sopiit
1597 1556 1650 1604 et
1698 1549 1927 1604 obtudit
1983 1567 2143 1606 acres

508 1636 736 1691 dolores
767 1635 1093 1702 vulnerum,
1120 1635 1231 1690 nisi
1265 1642 1461 1706 aperta
1494 1636 1706 1707 magia,
1730 1642 1785 1692 et
1814 1638 1987 1693 verba
2017 1655 2140 1708 quae

508 1728 572 1779 ut
625 1724 940 1795 plurimum
989 1725 1211 1779 curiose
1242 1728 1298 1779 et
1350 1725 1665 1795 sophistice
1715 1727 2142 1782 incantantur?

2261 572 2324 638 ἧν
2355 571 2413 626 ἔκ
2460 582 2649 643 καινῆς
2684 577 2715 630 ὁ
2749 578 2957 650 μάρτυς
2989 577 3051 633 οὒ
3080 581 3141 634 τὸ
3192 588 3389 656 γῆρας,
3420 583 3567 638 ἀλλὰ
3612 586 3710 645 τὰς
3760 584 3914 657 πλη-

2258 661 2354 734 γὰς
2402 661 2572 725 πάσας
2621 664 3046 739 ἀποξυσάμενος.
3105 667 3246 725 Οὐδέ
3303 671 3407 746 γὰρ
3462 670 3659 743 ἐδεήθη
3717 676 3913 749 χειρὸς

2258 748 2578 825 ἀνεχούσης,
2638 752 2671 820 ἢ
2731 754 2793 808 τὸ
2882 757 3133 830 παράπαν
3210 756 3357 830 αἱ)τῷ
3406 757 3909 834 συλλαμϐανούσης

2258 836 2394 909 πρὸς
2459 842 2556 907 τὴν
2644 842 2885 915 πορείαν,
2945 844 3091 900 ἀλλὰ
3168 848 3387 923 κούφως
3438 870 3497 903 τε
3552 846 3732 905 ἔϐαινε
3815 854 3905 907 xui

2260 927 2489 1001 σοϐαρὸν
2546 929 2792 1002 ἐκινεῖτο,
2850 935 2939 988 καὶ
3003 936 3204 1009 μάρτυς
3270 939 3335 1005 ἦν
3413 938 3635 1009 ἀληθῶς
3688 942 3907 1011 ἀξιόπι-

2258 1040 2380 1080 στος
2426 1028 2526 1089 τῆς
2582 1023 2803 1096 ἀμάχου
2853 1026 2941 1077 καὶ
2980 1028 3306 1092 πανσθενοῦς
3341 1034 3436 1083 τοῦ
3468 1034 3707 1104 Χριστοῦ
3739 1030 3901 1088 δυνά-

2262 1128 2427 1178 μεως.
2462 1109 2620 1166 Οὕτω
2652 1109 2708 1165 δὲ
2737 1112 2895 1167 αὐτὸν
2930 1116 2956 1168 ὁ
2999 1112 3127 1185 δοὺξ
3172 1112 3371 1190 ἔχοντα
3408 1118 3690 1193 πόρῥωθεν
3742 1144 3901 1177 κατι-

2259 1193 2388 1265 δὼν,
2438 1200 2624 1274 ἡσυχῆ
2682 1202 2800 1253 καθ’
2852 1201 3039 1257 ἑαυτὸν
3097 1203 3469 1278 ἀπεθαύμαζεν
3504 1227 3518 1240 ⁸
3571 1210 3646 1270 ὡς
3704 1208 3761 1264 δὲ
3809 1214 3896 1266 καὶ

2256 1282 2491 1353 πλησίον
2540 1286 2751 1359 γένοιτο
2801 1286 2934 1359 ἤδη,
2962 1291 3185 1367 μαγείαν
3218 1315 3274 1348 τε
3322 1295 3383 1348 τὸ
3422 1300 3651 1372 πρᾶγμα
3690 1298 3896 1370 ἐκάλει,

2254 1374 2344 1426 καὶ
2395 1374 2547 1436 θεοὺς
2612 1374 2853 1449 ἐπώμνυ,
2913 1381 3001 1433 καὶ
3055 1382 3328 1455 μάρτυρας
3402 1384 3595 1447 αὐτοὺς
3654 1386 3893 1443 ἐποιεῖτο

2252 1466 2359 1515 τῶν
2412 1460 2743 1537 λεγομένων.
2778 1466 2845 1522 Τί
2892 1466 2991 1541 γάρ
3047 1467 3186 1523 ἐστιν
3242 1467 3443 1545 ἕτερον,
3484 1468 3687 1549 ἔλεγεν,
3720 1476 3748 1530 ’ὁ
3806 1478 3896 1531 καὶ

2252 1551 2397 1622 παρὰ
2447 1550 2667 1623 βασιλεῖ
2715 1555 2976 1628 πρότερον
3017 1557 3164 1628 αὑτῷ
3213 1559 3481 1631 τοσαύτην
3525 1569 3759 1642 παρεῖχε
3797 1568 3899 1635 τήν

2251 1637 2575 1713 παρρησίαν,
2636 1641 2724 1695 καὶ
2777 1647 2867 1697 νῦν
2927 1644 3092 1700 πάλιν
3150 1646 3246 1709 τὰς
3300 1649 3470 1718 ὀξείας
3516 1637 3623 1706 τῶν
3655 1637 3895 1730 πληγῶν

2253 1723 2439 1789 ὀδύνας
2498 1726 2742 1802 ἐκοίμισέ
2796 1751 2853 1785 τε
2912 1733 3001 1786 xui
3059 1729 3359 1807 ἤμϐλυνεν,
3394 1739 3477 1792 δτι
3537 1741 3613 1812 μὴ
3694 1723 3896 1817 μαγεία

513 1813 731 1868 Exhinc
781 1815 905 1884 jam
956 1813 1026 1868 de
1076 1813 1273 1884 Sergio
1314 1829 1473 1883 spem
1524 1814 1828 1884 adjiciebat
1863 1832 1874 1870 :
1907 1820 1963 1871 et
2006 1832 2124 1870 curr

2254 1818 2426 1893 σαφής
2467 1817 2555 1871 xui
2597 1819 2763 1915 Adyou
2793 1820 3096 1897 περιέργως
3126 1824 3201 1885 ὼς
3244 1825 3311 1879 τὰ
3366 1826 3552 1882 πολλὰ
3589 1829 3678 1882 καὶ
3740 1813 3894 1909 σοφι-

510 1918 645 1957 eum
677 1905 933 1957 curasset
963 1918 1135 1972 quam
1169 1903 1427 1972 proxime
1450 1903 1858 1969 sistendum,si
1892 1906 2034 1960 forte
2060 1906 2142 1959 fa-

510 1990 845 2045 miliaritate
869 2005 999 2044 eum
1021 1990 1101 2044 sic
1124 1989 1639 2062 alliceret,p1acide
1662 2007 1794 2046 eum
1820 1992 2137 2064 alloquens,

506 2084 563 2133 et
618 2079 690 2133 ad
748 2078 994 2150 priorem
1060 2084 1348 2134 revertens
1403 2082 1851 2137 assentationem
1912 2098 1926 2136 :
1996 2083 2137 2138 Rem

506 2169 839 2237 quamdam,
881 2166 1089 2233 aiebat,
1125 2167 1372 2222 arbitror
1413 2168 1667 2223 divinam
1713 2174 1769 2224 et
1825 2170 2135 2224 incredibi-

501 2254 637 2321 lem,
666 2255 816 2324 quod
873 2255 932 2309 in
993 2254 1194 2310 multis
1238 2256 1483 2323 deliciis,
1518 2262 1575 2311 et
1608 2257 1843 2325 divitiis,
1875 2266 1929 2312 et
1955 2259 2134 2313 bone-

505 2342 609 2394 stis
642 2340 900 2395 moribus
931 2341 1234 2407 educatus,
1260 2347 1379 2397 tam
1413 2343 1635 2398 fortiter
1656 2345 1859 2399 tuleris
1881 2344 1989 2401 hoc
2017 2351 2134 2401 tam

501 2444 671 2498 grave
714 2432 1088 2483 tormentum.
1118 2432 1224 2484 Sed
1266 2431 1394 2500 ejus
1435 2447 1761 2488 sermonem
1812 2434 2012 2489 statim
2044 2434 2131 2488 in-

497 2521 866 2587 terrumpens
888 2522 1144 2589 martyr:
1169 2519 1292 2574 Non
1315 2524 1453 2575 sunt
1476 2522 1639 2589 mihi,
1656 2522 2129 2594 inquit,ojudex,

499 2610 856 2661 tormentum
884 2606 1209 2676 praesentia,
1243 2609 1343 2662 sed
1375 2626 1533 2664 sacra
1564 2615 1799 2682 propter
1836 2613 2128 2669 Christum

499 2709 733 2764 pompa,
763 2699 818 2749 et
870 2695 1082 2749 festum
1137 2694 1379 2766 celebre,
1414 2714 1502 2752 me
1550 2699 1620 2752 ad
1671 2700 1861 2770 ipsum
1918 2702 2127 2757 ccelum

487 2782 914 2851 jucundissime
946 2786 1375 2841 transmittens.
1409 2786 1533 2840 Dux
1562 2786 1755 2858 itaque
1798 2789 1986 2844 adhuc
2016 2806 2129 2846 ma-

491 2871 579 2941 gis
628 2871 962 2941 desperans,
998 2880 1261 2928 sanctum
1304 2876 1650 2931 transmittit
1688 2876 1744 2931 in
1788 2880 2123 2934 custodiam.

489 2959 619 3028 Ipse
651 2962 845 3013 autem
878 2959 1109 3015 interim
1143 2978 1374 3032 operam
1422 2964 1600 3019 dabat
1640 2981 1970 3022 mensarum
2002 2969 2124 3025 lau-

488 3046 633 3101 titiae
681 3050 735 3101 et
766 3046 997 3116 laetitia),
1031 3054 1095 3104 ut
1123 3051 1223 3120 qui
1255 3068 1368 3106 non
1413 3053 1599 3108 solum
1643 3054 1738 3109 iraa
1770 3060 1826 3110 et
1873 3058 2125 3114 crudeli-

488 3134 624 3190 tatis
656 3135 752 3190 sed
785 3136 958 3191 etiam
992 3136 1301 3209 voluptatis
1328 3140 1497 3197 vellet
1527 3156 1653 3198 csse
1683 3159 1902 3201 servus.

553 3379 695 3434 XIX.
727 3384 871 3436 Cum
903 3386 1097 3437 autem
1130 3384 1281 3438 viam
1318 3401 1521 3442 rursus
1551 3394 1701 3444 esset
1730 3390 2120 3459 ingressurus,

481 3470 537 3522 et
554 3468 625 3522 ad
657 3468 1059 3540 Rosaphorum
1092 3474 1462 3529 contenderet
1493 3477 1847 3546 praesidium,
1871 3479 1939 3533 ad
1965 3479 2118 3550 quod

488 3555 756 3623 tendens,
789 3574 820 3612 a
851 3558 1008 3613 Sutis
1036 3560 1327 3629 profectus
1360 3562 1565 3629 fuerat,
1600 3565 1881 3622 athletam
1913 3584 2121 3623 rursus

490 3643 781 3713 prioribus
829 3646 1146 3701 calceatum
1180 3650 1446 3720 crepidis,
1480 3668 1513 3704 a
1556 3653 1927 3726 Tetrapyrgia
1959 3658 2123 3712 duxit

488 3746 669 3800 usque
708 3733 778 3785 ad
814 3734 1094 3803 Rosapha.
1125 3737 1267 3790 Cum
1298 3745 1489 3792 autem
1523 3757 1654 3795 eum
1687 3745 1885 3799 eadem
1918 3762 2121 3801 rursus

488 3817 804 3874 luctantem
837 3822 1176 3876 necessitate
1204 3825 1438 3879 vidisset
1464 3833 1799 3899 martyrem,
1834 3835 2116 3901 eamdem,

490 3910 589 3960 aut
645 3908 821 3962 etiam
881 3909 1159 3978 majorem
1221 3914 1524 3968 ostendere
1581 3916 2003 3986 fortitudinem,
2064 3927 2121 3977 et

484 3995 659 4061 viam,
712 4011 839 4065 quae
896 4000 981 4051 est
1040 4015 1072 4053 a
1129 3999 1291 4054 Suris
1337 4017 1519 4072 usque
1550 4004 1619 4057 ad
1666 4005 1951 4077 Rosapha,
1986 4025 2115 4065 cum

488 4082 687 4138 ferreis
720 4082 833 4138 illis
866 4087 1117 4156 crepidis
1165 4089 1310 4143 citra
1340 4089 1595 4146 laborem
1626 4094 1958 4165 confecisse,
1987 4115 2114 4153 om-

484 4171 621 4227 nino
651 4172 968 4244 desperans
1003 4177 1119 4232 l‘ore
1142 4182 1204 4231 ut
1227 4183 1568 4251 mutaretur,
1596 4183 1765 4253 jubet
1795 4186 1944 4242 beati
1970 4204 2113 4246 mar-

481 4259 626 4329 tyris
676 4266 846 4332 caput
878 4266 1160 4333 amputari
1202 4265 1412 4334 gladio.
1446 4268 1689 4328 Ducitur
1718 4273 1913 4345 itaque
1957 4294 2111 4334 mar-

481 4352 572 4419 tyr
599 4366 632 4403 a
665 4349 954 4407 militibus
987 4353 1055 4407 ad
1099 4354 1290 4410 locum
1332 4362 1874 4418 consummationis.
1909 4368 2114 4439 Magna

481 4440 677 4492 autem
732 4439 1046 4496 multitudo
1094 4443 1348 4498 virorum
1393 4450 1447 4499 et
1478 4448 1788 4506 mulierum
1820 4458 1875 4508 et
1921 4458 2112 4512 omnis

478 4526 659 4579 astatis
718 4529 1194 4619 consequebatur,
1232 4535 1291 4584 ut
1320 4549 1452 4587 cum
1499 4536 1758 4595 viderent
1815 4550 1865 4596 et
1915 4544 2104 4600 decer-

477 4615 718 4681 tantem,
771 4619 827 4668 et
874 4615 1224 4683 vincentem,
1284 4623 1339 4674 et
1394 4630 1750 4682 coronatum.
1795 4632 2107 4694 Quinetiam

473 4698 611 4768 ipsae
668 4716 895 4772 quoque
952 4704 1083 4758 ferae
1141 4706 1313 4763 veluti
1372 4717 1548 4781 captaa
1608 4717 1858 4784 quodam
1912 4738 2106 4781 amore

473 4786 722 4857 athletae,
756 4790 969 4846 relictis
1012 4796 1261 4865 propriis
1309 4803 1588 4872 cavernis,
1622 4820 1751 4859 eum
1798 4808 2020 4875 placide
2052 4817 2107 4868 et

478 4882 778 4933 mansuete
827 4881 1212 4950 deducebant,
1254 4885 1413 4942 illius
1464 4892 1699 4960 quidem
1734 4896 1965 4953 beatum
2001 4902 2105 4955 iter

471 4967 901 5034 quodammodo
925 4972 1257 5040 probantes,
1280 4980 1335 5032 et
1364 4983 1853 5051 commendantes,
1890 4987 2101 5060 impios

472 5058 663 5109 autem
698 5073 755 5110 re
785 5057 913 5126 ipsa
942 5066 1270 5130 arguentes,
1308 5067 1458 5134 quod
1492 5083 1661 5138 quem
1694 5072 1825 5127 ferae
1856 5057 1993 5131 sunt
2018 5096 2103 5134 re-

469 5140 677 5208 veritaa,
710 5143 822 5212 ipsi
857 5146 1024 5213 plane
1055 5150 1185 5205 caci
1220 5151 1593 5211 interﬁciunt.
1630 5158 1726 5214 Ille
1748 5167 1937 5218 autem
1969 5183 2096 5223 cum

468 5229 537 5324 ab
571 5229 658 5293 iis,
693 5232 792 5299 qui
825 5248 955 5324 eum
990 5237 1301 5307 ducebant,
1336 5240 1621 5300 militibus
1660 5247 1829 5303 breve
1861 5252 2095 5324 aliquod

462 5320 697 5411 tempus
757 5318 1017 5411 petiisset
1064 5328 1133 5379 ad
1180 5329 1598 5400 orationem,ct
1654 5336 1724 5389 ab
1755 5337 1870 5392 illis
1916 5318 2095 5411 impe-

460 5407 687 5470 trasset,
723 5405 792 5457 ad
845 5422 1018 5464 suum
1058 5415 1251 5470 statim
1286 5419 1594 5476 Dominum
1629 5427 1806 5478 totam
1840 5405 2093 5487 animam

462 5487 688 5543 extollit
718 5505 849 5542 cum
886 5498 1093 5553 oculis.
1127 5502 1368 5575 Deinde,
1402 5524 1535 5562 cum
1584 5511 1633 5564 ei
1682 5525 2005 5574 revocasset
2032 5521 2090 5575 in

462 5578 805 5632 memoriam
839 5596 1006 5641 suam
1040 5596 1603 5656 commiserationem
1633 5605 1703 5659 ad
1750 5622 1945 5663 eorum
1978 5628 2088 5680 quo

2253 1911 2446 1966 πικῶς
2537 1904 2910 1980 ἒπᾳδόμενοι;
2955 1910 3223 1967 Ἐντεῦθεν
3320 1915 3409 1970 καὶ
3526 1904 3889 1992 ἀπεγίνωσκεν

2244 1992 2352 2063 ἤδη
2407 1995 2654 2069 Σέργιον,
2686 1997 2776 2050 καὶ
2824 2000 2915 2053 τὸν
2969 1997 3135 2077 ἄνδρα
3178 2004 3258 2057 ὅτι
3309 2003 3591 2080 ἐγγυτᾶτω
3621 2030 3895 2084 παραστηο

2246 2084 2500 2155 σάμενος,
2557 2082 2612 2137 εἷ’
2646 2106 2762 2147 πως
2810 2084 2905 2140 κᾶν
2957 2087 3128 2153 οὕτως
3174 2091 3455 2168 ὑποκλέψῃ
3489 2102 3610 2159 ταῖς
3670 2099 3891 2155 οἰκειώ-

2245 2171 2661 2246 σεσιν,ἠμέρως
2725 2194 2782 2227 τε
2842 2172 3104 2241 διατεθεὶς
3173 2181 3247 2242 ὡς
3313 2181 3572 2255 μάλιστα,
3628 2189 3715 2242 καὶ
3780 2198 3884 2259 τῆς

2243 2268 2513 2334 προτέρας
2583 2260 2745 2317 πάλιν
2803 2264 2940 2336 προς
3004 2267 3164 2321 αὐτὸν
3248 2272 3484 2334 Θωπείας
3570 2278 3884 2350 γενόμενος,

2244 2350 2395 2402 Θεῖόν
2434 2370 2507 2418 τι,
2540 2344 2738 2425 ἔλεγεν,
2772 2354 3009 2425 ἡγοῦμαι
3050 2356 3138 2409 xui
3189 2354 3434 2427 ἄπιστον,
3466 2344 3663 2426 πῶς-έν
3692 2367 3883 2434 πολλῇ

2243 2439 2496 2510 θεραπείᾳ
2550 2438 2639 2492 καὶ
2687 2437 2911 2513 πλούτῳ
2974 2443 3065 2497 καὶ
3133 2442 3319 2513 ἤθεσιν
3380 2448 3579 2513 ἄλλοις
3633 2430 3879 2532 τραφεῖς’,

2236 2526 2335 2592 τὴν
2424 2527 2729 2600 βαρυτάτην
2808 2530 3037 2602 βάσανον
3117 2536 3317 2606 ταύτην
3388 2538 3530 2594 οὕτω
3616 2526 3879 2617 γενναίως

2238 2614 2555 2707 ὑπήνεγκας.
2612 2616 2788 2671 Ἀλλᾶ
2871 2620 2970 2687 τὴν
3055 2622 3277 2694 ὁμιλίαν
3354 2626 3509 2692 εὐθὺς
3565 2632 3592 2683 ὁ
3631 2614 3639 2617 Ἴ
3672 2634 3876 2707 μάρτυς

2235 2700 2381 2791 αὐτῷ
2432 2702 2737 2776 ἐπικόψας·
2801 2705 2876 2762 Οὐ
2941 2708 3167 2781 βάσανός
3230 2733 3333 2784 μου
3392 2715 3459 2769 τὰ
3510 2700 3764 2791 παρόντα,
3829 2728 3873 2778 ὦ

2236 2787 2479 2860 δικαστά,
2511 2789 2635 2847 ἀλλ’
2685 2793 2803 2867 ἱερᾶ
2854 2792 2942 2849 διὰ
3007 2799 3246 2871 Χριστὸν
3304 2805 3502 2875 πομπή
3562 2787 3645 2860 καί
3690 2787 3865 2880 πανή-

2232 2899 2384 2954 γυρις
2438 2880 2772 2972 πρὸςᾼαότόν
2828 2904 2893 2956 με
2931 2886 3020 2939 τὸν
3065 2886 3289 2959 οὐρανὸν
3346 2890 3543 2960 ἥδιστα
3587 2900 3863 2972 παραπέμ-

2231 2988 2426 3025 πουσα.
2472 2974 2529 3026 Ὁ
2579 2967 2702 3040 δοὺξ
2748 2971 2924 3027 τοίνυν
2973 2975 3060 3028 έπὶ
3118 2975 3284 3033 πλέον
3345 2979 3499 3046 αὖθις
3571 2967 3866 3061 ἀπαγορεύ-

2233 3079 2348 3126 σας,
2407 3063 2475 3132 τῇ
2525 3061 2740 3135 φυλακῇ
2799 3063 3150 3137 παραπέμπει
3208 3068 3299 3123 τὸν
3348 3066 3529 3147 ἅγιον.
3564 3076 3741 3139 Αὐτὸς
3809 3076 3865 3132 δὲ

2150 3160 2198 3227 C
2227 3148 2350 3222 περί
2388 3149 2652 3222 τραπέζας
2686 3151 2803 3228 εἶχε
2849 3153 2939 3206 xui
2983 3154 3074 3208 τὸν
3111 3156 3305 3228 μεταξὺ
3345 3160 3520 3216 πάντα
3566 3166 3863 3241 καθυπάγει

2228 3237 2414 3310 καιρὸν
2457 3235 2636 3312 ὥσπερ
2696 3239 2756 3293 οὐ
2815 3242 2990 3313 θυμοῦ
3042 3243 3206 3316 μόνον
3237 3248 3328 3301 καὶ
3368 3249 3688 3323 ὠμότητος,
3720 3235 3866 3311 ἀλλὰ

2227 3344 2318 3378 και
2348 3322 2548 3393 ἡδονῆς
2579 3326 2711 3381 εἶναι
2747 3327 3110 3402 βουλόμενος.

2296 3415 2395 3471 ΙΘ’.
2440 3414 2586 3470 Ἐπεὶ
2646 3412 2703 3469 δὲ
2772 3418 3029 3482 ἅπτεσθαι
3088 3423 3176 3476 καὶ
3228 3423 3393 3480 πάλιν
3458 3427 3589 3485 ὁδοῦ
3645 3428 3871 3507 ἔμελλε,

2226 3500 2314 3599 xui
2371 3502 2505 3599 πρὸς
2562 3504 2623 3599 το
2676 3505 2969 3599 Ἱξωσαιρῶν
3004 3510 3282 3599 ,ἠπείγετο
3342 3516 3624 3593 φρούριον,
3677 3500 3766 3599 ’ἐφ’

2227 3591 2317 3644 καὶ
2348 3591 2444 3659 τήν
2480 3593 2656 3666 ἀρχὴν
2705 3593 2923 3668 ἀπορῶν
2972 3597 3228 3672 ὥρμητο,
3259 3610 3380 3667 ταῖς
3438 3591 3735 3685 προτέραις
3774 3614 3868 3668 αὗ-

2228 3680 2308 3741 θις
2337 3680 2428 3776 τον
2461 3680 2706 3751 ἀθλητὴν
2743 3682 3019 3755 ὑποδήσας
3049 3695 3299 3764 κρηπῖσι,
3343 3696 3445 3764 τὴν
3484 3680 3617 3753 γάπὸ⁷
3665 3702 3871 3776 Τετρα-

2226 3766 2453 3841 πυργίας
2515 3770 2679 3843 μέχρι
2747 3776 3036 3850 Ῥωσαφῶν
3117 3776 3277 3834 αὐτὸν
3356 3782 3615 3851 ἤλαυνεν.
3676 3766 3781 3855 Ὡς¹
3815 3790 3870 3848 δὲ

2223 3858 2292 3925 τῇ
2342 3857 2479 3928 αὐτῇ
2531 3857 2695 3912 πάλιν
2743 3860 2950 3935 ἀνάγκῃ
2999 3863 3324 3939 παλαίοντα,
3357 3873 3457 3941 τήν
3491 3876 3656 3945 αὑτὴν
3689 3878 3725 3947 ἢ
3774 3884 3865 3935 καὶ

2228 3943 2724 4044 μείζωααρτερίαν
2783 3947 3213 4025 ἐπιδεικνύμενον
3278 3956 3384 4014 εἶδε
3437 3961 3528 4017 τὸν
3591 3943 3860 4044 μάρτυρα,

2224 4030 2311 4083 καὶ
2361 4032 2459 4098 τὴν
2511 4032 2615 4087 ἀπὸ
2684 4041 2905 4111 Σουρῶν
2955 4040 3086 4113 ἄχρι
3134 4043 3426 4125 Ῥωσαφῶν
3512 4030 3635 4107 ὁδον
3670 4030 3679 4041 ’
3720 4030 3862 4128 μέτα

2222 4123 2328 4174 τῶν
2380 4118 2616 4196 σιδηρῶν
2664 4124 2946 4198 κρηπίδων
2997 4127 3209 4186 ἐκείνων
3248 4118 3477 4205 ἀπονητί
3509 4118 3858 4217 διανύσιέντας

2220 4210 2317 4277 τὴν
2405 4206 2713 4281 μεταϐολὴν
2790 4216 3124 4273 παντάπασιν
3196 4223 3481 4298 ἂπογνοὺς,
3540 4227 3677 4305 ξίφει

2225 4299 2491 4373 μακαρίαν
2573 4302 2734 4356 αὐτοῦ
2821 4304 3063 4381 κεφαλὴν
3154 4310 3531 4384 ἀποτμηθῆναι
3612 4317 3855 4380 κελεύει.

2220 4387 2438 4461 Ἀγεται
2482 4390 2574 4461 μὲν
2615 4390 2703 4445 οὖν
2764 4393 2866 4448 ὑπὸ
2920 4401 3027 4451 τῶν
3082 4406 3183 4469 τῆς
3240 4403 3438 4473 τάξεως
3498 4403 3714 4478 λοιπὸν,
3762 4410 3853 4467 ἐπὶ

2218 4476 2307 4529 τὸν
2362 4483 2461 4545 τῆς
2514 4479 2851 4544 τελειώσεως
2915 4484 3083 4540 τόπον
3134 4490 3162 4541 ὁ
3223 4493 3450 4566 μάρτυς.
3501 4476 3740 4572 Ἀνδρῶν
3795 4499 3851 4556 δὲ

2426 4586 2458 4660 ι-
2488 4566 2701 4660 πλῆθος
2759 4572 2844 4623 xui
2904 4580 3172 4645 γυναικῶν
3206 4581 3296 4633 καὶ
3353 4582 3571 4651 ἡλικίας
3616 4566 3844 4660 ἀπάσης,

2218 4650 2398 4727 ὥσπερ
2440 4654 2491 4708 ἐν
2539 4655 2713 4727 σκότῳ
2762 4661 2942 4733 φωτὸς
2976 4662 3051 4722 εἷς
3078 4666 3179 4730 τήν
3212 4667 3374 4724 πόλιν
3402 4650 3838 4749 προηγουμένου,

2213 4743 2405 4803 πάντες
2486 4741 2893 4812 ἐπηκολούθουν
2992 4748 3128 4805 ὥστε
3211 4741 3609 4832 ἀγωνιζόμενον
3664 4741 3838 4821 ἀὐτὸν

2216 4825 2365 4899 ἰδεῖν,
2424 4830 2510 4883 xui
2568 4836 2799 4887 νικῶιπα
2858 4856 2946 4889 και
3017 4843 3468 4915 στεφανούμενον,
3518 4853 3548 4908 Ἀ

2210 4916 2368 4988 θῆρες
2426 4916 2625 4989 ἄγριοις
2676 4922 2915 4997 καθάπερ
2961 4946 3012 4979 τι
3062 4926 3320 4999 ἐρωτικὸν
3375 4938 3465 4990 xui
3521 4942 3671 4996 οὗτοι
3703 4946 3840 5016 πρὸς

2207 5004 2299 5057 τὸν
2348 5005 2591 5076 ἀθλητὴν
2638 5010 2915 5081 παθόντες,
2967 5018 3075 5069 τῶν
3123 5016 3340 5075 οἰκείων
3393 5025 3689 5101 ἀπάραντες
3722 5004 3840 5108 cptu-

2208 5091 2227 5108 \
2280 5097 2305 5107 ~
2428 5097 2440 5108 -
2514 5095 2523 5108 ο
2764 5098 2776 5108 ‘
2825 5100 2837 5108 ‘
3027 5103 3036 5108 ·

2208 5091 2367 5193 λεῶν,
2418 5095 2638 5169 ἡμέρως
2719 5098 2879 5154 αὐτὸν
2951 5103 3042 5157 καὶ
3108 5115 3415 5181 προσηνῶς,
3464 5091 3843 5193 παρέπεμπον,

2207 5179 2407 5235 ἐκεῖνον
2456 5184 2549 5253 μὲν
2599 5193 2698 5255 τῆς
2749 5190 3011 5263 μακαρίας
3055 5192 3237 5270 ὥσπερ
3294 5179 3847 5283 πορείας¹ἀπαδεχόέ

2209 5288 2383 5337 μενοι,
2431 5271 2555 5331 τοὺς
2606 5272 2815 5339 ἀσεϐεῖς
2884 5277 2939 5333 δὲ
2987 5284 3261 5356 πράγματι
3306 5286 3706 5367 διελέγχοντες,
3742 5271 3845 5355 ’ἑτι

2204 5357 2260 5408 ὃν
2317 5359 2403 5410 καὶ
2459 5362 2618 5433 θῆρες
2668 5363 2969 5437 ᾐδέσθησαν
3026 5372 3179 5426 αὐτοὶ
3248 5374 3367 5430 λίαν
3434 5357 3846 5455 τυῷλώττοντες

2202 5450 2528 5517 ἀναιροῦσιν.
2584 5450 2645 5505 Ὀ
2692 5450 2748 5506 δὲ
2795 5454 2924 5518 τοὺς
2974 5457 3206 5532 ἄγοντας
3247 5450 3576 5539 στρατιώτας
3629 5450 3842 5548 βραγύν

2200 5550 2317 5584 τινα
2363 5537 2565 5634 ἱκαὶρὸν
2616 5539 2695 5601 εἷς
2751 5550 3067 5625 προσευχὴν
3110 5550 3358 5621 αἰτήσας,
3404 5558 3489 5609 καὶ
3535 5537 3674 5634 ’παρ’¹
3709 5537 3844 5622 ἐξεί-

2198 5639 2302 5672 νων
2363 5617 2543 5679 λαϐὼν
2606 5626 2739 5699 ὅλην
2803 5632 2955 5697 εόοὺς
3015 5638 3150 5709 πρὸς
3216 5640 3304 5695 τὸν
3339 5644 3527 5700 ἑαυτοῦ
3569 5617 3838 5726 δέσπότην
