4142 6248
256 249 408 311 1029

1291 245 1771 308 MARTYRlUM
1818 244 1926 305 SS.
1974 245 2229 307 SEltGII
2273 249 2369 308 ET
2412 250 2712 313 BACCHI.

3494 252 3648 318 1030

257 410 393 484 μετᾶ
420 411 528 463 τῶν
561 404 859 483 ὀφθαλμῶν
889 405 1029 480 αἴρει
1068 403 1156 460 καὶ
1199 405 1299 473 τὴν
1358 407 1566 480 ψυχήν.
1620 404 1752 461 Εἶτα
1802 406 1931 475 τῆς,

2041 423 2141 477 me,
2167 409 2262 479 qui
2291 407 2454 466 illum
2485 409 2845 479 occidebant,
2877 413 3120 470 vocabat
3160 414 3646 488 misericordiam,

254 497 458 560 οἰκείας
525 494 855 570 συμπαθείας
912 494 1076 550 αὐτὸν
1119 492 1457 567 ἀναμνήσας,
1524 491 1633 562 ἤδη
1691 494 1779 547 καὶ
1829 491 1901 555 εἷς

253 586 408 644 ἔλεον
464 589 572 642 τῶν
628 589 899 662 φονευτῶν
976 583 1193 638 ἐκείνων
1243 582 1566 653 ἐξεκαλεῖτο,
1625 583 1681 636 Ὀ
1742 581 1902 656 μόνῃ,

254 677 453 752 λέγων,
522 675 818 751 ἀγαθότητῖ
864 673 931 728 τὰ
979 672 1147 726 πάντα
1197 669 1630 747 δημιουργήσας,
1700 673 1732 725 ἀ
1789 670 1904 725 κατ’

256 764 437 822 εἲκόνα
468 767 566 834 σὴν
624 765 719 818 τὸν
776 761 1056 834 ἄνθρωπον
1109 759 1410 822 διαπλάσας
1455 761 1545 814 καὶ
1577 756 1766 834 ἄρχειν
1794 763 1901 814 τῶν

257 851 582 928 ὁμοδούλων
648 851 1159 928 προχειρισάμενος,
1196 850 1223 902 ὁ
1264 849 1354 903 καὶ
1401 850 1500 918 τήν
1530 847 1759 918 ἐντολὴν
1807 869 1906 903 πα-

258 937 526 1019 ραϐάντας
599 941 690 994 καὶ
763 939 1098 1008 ἠθετηκότας
1165 958 1222 992 σε
1297 937 1389 992 τὸν
1454 935 1744 1008 δεσπότην,
1813 938 1904 992 καὶ

1825 1026 1902 1097 μή

257 1119 634 1191 ἀπωσάμενος,
694 1113 841 1171 ἀλλᾶ
891 1115 980 1170 καὶ
1029 1115 1097 1172 δι’
1151 1116 1298 1187 ἡμᾶς
1339 1114 1630 1190 γενόμενος
1696 1111 1908 1188 ἄνθρω-

257 1229 383 1280 πος,
415 1206 505 1262 καὶ
556 1203 757 1261 δούλου
805 1205 1018 1282 μορφὴν
1075 1198 1384 1273 ἀναλαϐὼν,
1441 1205 1532 1257 καὶ
1561 1203 1731 1258 πάντα
1768 1202 1903 1257 ἐκών

267 1295 587 1369 ὑπομείνας,
619 1293 707 1349 καὶ
771 1290 911 1368 μηδὲ
969 1293 1191 1357 θάνατον
1244 1293 1307 1346 τὸ
1354 1290 1664 1348 τελευταῖον
1714 1311 1907 1366 παραι-

259 1384 566 1458 τησάμενος
628 1382 789 1444 αὐτὸς
847 1382 1113 1456 σύγγνωθι
1170 1379 1261 1435 καὶ
1317 1384 1409 1434 νῦν
1468 1385 1589 1441 τοῖς
1636 1379 1713 1441 εἷς
1760 1382 1908 1452 ἡμᾶς

259 1473 722 1546 πλημμελήσασιο
779 1472 869 1524 καὶ
933 1471 995 1525 τὸ
1050 1468 1202 1544 παχὺ
1261 1466 1420 1524 τοῦτο
1493 1471 1592 1537 τῆς
1663 1464 1908 1529 ἀσεϐείας

259 1561 422 1639 νέφος
481 1559 770 1632 διατεμὼν,
827 1559 918 1613 καὶ
973 1562 1073 1624 τῆς
1128 1562 1245 1614 τοῦ·
1302 1558 1502 1632 ἐχθροῦ
1594 1554 1906 1631 τυραννίδος

259 1650 388 1712 τοὺς
441 1648 666 1710 ἀθλίους
720 1645 1086 1724 ἐλευθερώσας
1122 1651 1238 1726 φῶς
1283 1668 1342 1703 τε
1385 1649 1528 1702 θεῖον
1586 1646 1770 1710 αὐτοῖς
1805 1652 1906 1716 τῆς

265 1747 366 1810 σῆς
422 1737 735 1811 ἐπίλαμψον
795 1736 1044 1814 χάριτος,
1097 1737 1189 1792 καὶ
1242 1734 1567 1791 ἀνακάλεσαι
1624 1737 1910 1806 πεπλανη-

270 1827 466 1902 μένους
533 1826 729 1888 αὐτοὺς
785 1830 866 1898 τῷ
927 1823 1148 1899 μεγάλῳ
1206 1825 1296 1878 καὶ
1351 1827 1641 1897 θαυμαστῷ
1684 1822 1913 1896 ὀνόματι

267 1917 356 1972 καὶ
405 1919 473 1989 τῇ
530 1913 758 1985 ἀληθείᾳ
823 1935 937 1970 σου.
999 1913 1102 1970 Καὶ
1159 1915 1305 1984 ἡμᾶς
1349 1909 1406 1967 δὲ
1432 1911 1559 1974 τοὺς
1613 1911 1746 1985 ὑπὲρ
1795 1916 1913 1984 σοῦ,

273 2006 532 2068 Δέσποτα,
586 2001 1073 2081 σφαγιαζομένους,
1131 2003 1216 2056 καὶ
1279 2002 1370 2063 τὰς
1430 2001 1610 2079 ψυχὰς
1654 2000 1816 2063 αὐτὸς
1846 2003 1915 2074 τῇ

276 2095 584 2171 προαιρέσει
660 2093 750 2147 καὶ
806 2094 872 2147 τὰ
931 2092 1159 2164 σώματα
1203 2089 1563 2151 καταθύοντας
1620 2090 1693 2151 ὡς
1750 2091 1917 2164 ἱερεῖα

279 2181 459 2254 δεκτὰ,
526 2183 600 2244 ὡς
659 2181 846 2245 θυσίαν
902 2178 1182 2240 εὐάρεστον
1232 2175 1540 2252 πρόσδεξαι,
1596 2177 1685 2232 καὶ
1744 2178 1818 2240 εἰς
1857 2177 1919 2231 τὸ

280 2273 374 2326 σὸν
414 2271 793 2343 θυσιαστήριον
843 2268 908 2323 τὸ
966 2267 1209 2341 ὑπεράνω
1251 2271 1359 2322 τῶν
1410 2268 1656 2342 οὐρανῶν
1698 2265 1924 2340 εὐφραι-

278 2358 538 2434 νομένους
605 2357 878 2433 εἰσήγαγε.
937 2360 1119 2414 Ταῦτα
1171 2354 1539 2430 προσηύξατο,
1603 2355 1694 2410 καὶ
1765 2356 1920 2431 φωνὴ

273 2455 463 2507 τοῦτον
515 2448 712 2502 ἐκεῖθεν
768 2445 960 2502 αὐτίκα
1013 2444 1216 2501 ἐκάλει·
1268 2453 1358 2501 και
1409 2445 1610 2516 ταύτης
1672 2443 1922 2517 ἀσμένως

273 2539 476 2600 ἐκεῖνος
505 2538 595 2592 καὶ
639 2537 752 2610 μεθ’
782 2534 990 2605 ἡδονῆς
1028 2533 1283 2596 ἂκυόσας.
1315 2535 1407 2588 τὸν
1447 2531 1731 2608 τράχηλον
1765 2532 1922 2595 εὐθὺς

274 2631 349 2691 ὡς
397 2625 592 2697 ἥδιστα
639 2626 919 2699 ὑποσχὼν,
949 2626 1048 2694 τήν
1103 2624 1436 2699 μαρτυρικήν
1485 2622 1794 2696 ἐκτέμνεται
1832 2642 1922 2676 κε-

275 2718 477 2795 φαλὴν,
511 2710 752 2788 ἑϐδόμην
789 2715 913 2769 τότε
958 2717 1056 2768 τοῦ
1092 2709 1400 2786 ἀκτωϐρίου
1453 2713 1622 2783 μηνὸς
1671 2710 1920 2785 ἄγοντος,

272 2808 365 2861 καὶ
411 2805 548 2879 πρὸς
593 2806 685 2858 τὸν
751 2801 1022 2856 καλοῦντα
1073 2800 1256 2875 τρέχει
1315 2800 1613 2868 Δεσπότην,
1645 2800 1734 2852 καὶ
1787 2800 1922 2871 πρὸς

273 2893 401 2954 τοὺς
467 2891 762 2969 στεφάνους
824 2891 944 2963 ὁρᾷ,
992 2889 1083 2942 καὶ
1123 2886 1452 2962 φιλοτίμους
1495 2886 1583 2940 ἐπὶ
1621 2892 1723 2954 τῆς
1758 2906 1924 2960 κεφα-

279 2981 385 3050 λῆς
429 2980 623 3041 αὐτούς
666 2979 756 3034 καὶ
814 2975 1102 3038 ὑποτελεῖς
1163 2972 1506 3049 ὑποδέχεται.
1556 2978 1674 3029 Τῶν
1706 2994 1765 3044 γε
1817 2974 1922 3045 μὴν

258 1029 582 1106 ἀγνώμονας
657 1027 780 1098 περὶ
859 1028 949 1082 τὸν
1023 1027 1309 1102 εὐεργέτην
1376 1025 1731 1105 ἀναφανέντας

1942 1786 1998 1852 Β

2016 495 2259 552 dicens:
2309 498 2419 562 Qui
2466 499 2591 554 sola
2647 499 2902 555 bonitate
2948 502 3145 558 omnia
3192 518 3257 558 es
3303 504 3642 574 fabricatus,

2015 584 2114 654 qui
2143 600 2326 655 genus
2357 585 2674 642 humanum
2697 588 2768 642 ad
2801 596 2962 644 tuam
2997 590 3309 660 imaginem
3340 592 3642 660 efﬁnxisti,

2014 677 2070 728 et
2120 675 2427 745 praefecisti
2480 676 2754 732 omnibus
2801 692 2814 732 :
2874 678 2974 747 qui
3032 680 3228 747 etiam,
3292 697 3424 737 cum
3475 687 3641 737 tuum

2014 764 2354 834 transgressi
2385 771 2578 820 essent
2609 770 3048 837 praeceptumst
3077 772 3131 822 te
3162 768 3476 824 Dominum
3507 788 3649 826 con-

2015 853 2459 922 tempsissentet
2474 853 2533 908 in
2554 853 2968 910 benefactorem
2983 857 3195 925 ingrati
3216 858 3644 929 apparuissent,

2015 955 2110 995 eos
2141 957 2252 995 non
2284 941 2569 1012 repulisti,
2602 943 2718 996 imo
2754 951 2986 1014 propter
3017 961 3121 1000 nos
3154 945 3321 1001 homo
3355 947 3536 1002 factus
3559 965 3643 1014 es,

2014 1034 2070 1084 et
2109 1029 2259 1084 servi
2318 1031 2564 1085 formam
2623 1031 2912 1103 accepisti,
2968 1040 3024 1088 et
3077 1034 3274 1090 omnia
3325 1034 3647 1092 voluntarie

2015 1117 2368 1185 sustinuisti,
2400 1123 2457 1173 et
2486 1135 2590 1176 nec
2631 1128 2870 1176 mortem
2902 1121 3137 1192 quidem
3170 1126 3462 1193 postremo
3483 1141 3648 1180 recu-

2017 1207 2183 1275 sasti,
2227 1207 2353 1277 ipse
2409 1223 2642 1278 quoque
2698 1225 2853 1262 nunc
2883 1209 3117 1278 ignosce
3175 1211 3271 1277 iis,
3303 1213 3404 1282 qui
3433 1212 3494 1267 in
3544 1229 3650 1268 nos

2021 1299 2420 1365 peccaverunt,
2453 1299 2512 1350 et
2560 1295 2664 1350 hac
2717 1313 2910 1353 crassa
2957 1298 3110 1354 nube
3166 1299 3482 1370 impietatis
3529 1301 3652 1357 dis-

2021 1400 2214 1450 cussa,
2245 1387 2302 1438 et
2329 1402 2360 1438 a
2400 1385 2706 1456 tyrannide
2744 1385 2965 1441 inimici
3006 1387 3268 1444 liberatis
3300 1389 3550 1457 miseris,
3584 1389 3653 1444 il-

2017 1471 2242 1528 lucesce
2273 1471 2357 1528 eis
2402 1473 2596 1529 divina
2637 1474 2764 1530 luce
2811 1481 2919 1530 tuae
2951 1476 3171 1547 gratiae,
3215 1482 3274 1532 et
3322 1493 3524 1533 revoca
3553 1494 3652 1534 eos

2016 1564 2276 1616 errantes
2308 1575 2514 1631 magno
2557 1566 2653 1616 tuo
2698 1565 2754 1617 et
2793 1562 3118 1618 admirabili
3152 1563 3386 1619 nomine
3416 1569 3472 1619 et
3504 1566 3652 1619 veri—

2016 1651 2152 1704 tate.
2202 1650 2378 1705 Porro
2428 1653 2622 1706 autem
2668 1667 2774 1707 nos
2807 1668 3056 1721 quoque,
3089 1654 3189 1723 qui
3231 1669 3331 1722 pro
3363 1661 3435 1720 te,
3470 1670 3501 1708 o
3542 1654 3652 1709 Do-

2021 1737 2199 1805 mine,
2251 1742 2595 1806 mactamur,
2633 1739 2910 1810 ipsasque
2939 1741 3164 1796 animas
3196 1746 3252 1796 et
3283 1759 3523 1813 corpora
3553 1759 3652 1796 no-

2027 1830 2144 1881 stra
2173 1831 2376 1896 sponte
2397 1826 2813 1893 sacriﬁcamus,
2838 1829 3070 1900 suscipe
3091 1833 3368 1900 tanquam
3392 1839 3655 1902 acceptas

2023 1914 2245 1970 hostias
2275 1917 2334 1970 et
2388 1920 2620 1986 gratum
2681 1917 3051 1984 sacriﬁcium,
3085 1922 3142 1972 et
3181 1921 3251 1973 ad
3287 1935 3444 1974 aram
3477 1927 3653 1987 tuam,

2025 2020 2152 2074 quae
2213 2008 2298 2058 est
2326 2020 2506 2075 supra
2536 2004 2732 2071 cmlos,
2766 2005 3032 2060 introduc
3063 2006 3340 2063 laetantes.
3376 2008 3503 2062 Haec
3532 2025 3656 2063 ora-

2025 2094 2104 2147 vit
2137 2117 2152 2160 ;
2199 2095 2257 2147 et
2313 2109 2446 2148 eum
2487 2093 2683 2148 statim
2715 2110 2816 2148 vox
2849 2093 3009 2149 illine
3040 2095 3279 2150 vocavit.
3308 2097 3490 2160 Quam
3522 2113 3655 2152 cum

2027 2179 2126 2234 ille
2159 2180 2426 2236 lubenter
2479 2185 2533 2236 et
2565 2197 2699 2236 cum
2753 2181 3046 2252 voluptate
3102 2184 3400 2252 audiisset,
3440 2184 3654 2240 collum

2029 2269 2296 2342 protinus
2325 2269 2592 2324 alacriter
2639 2269 2965 2340 porrigens,
3017 2275 3315 2327 truncatur
3354 2273 3658 2342 martyrico

2031 2359 2237 2430 capite,
2269 2358 2521 2429 septimo
2571 2359 2786 2413 mensis
2815 2358 3077 2415 Octobris
3108 2379 3122 2428 ;
3158 2365 3214 2416 et
3260 2361 3432 2416 currit
3465 2362 3534 2416 ad
3565 2377 3660 2416 vo-

2031 2453 2253 2503 cantem
2292 2447 2621 2514 Dominum,
2656 2464 2689 2502 a
2745 2463 2860 2518 quo
2891 2464 3153 2514 coronas,
3188 2465 3404 2519 easque
3435 2450 3659 2519 magni-

2031 2537 2171 2590 ﬁcas
2201 2540 2258 2590 et
2288 2537 2597 2605 praeclaras
2628 2537 2890 2605 suspicit.
2924 2537 3004 2590 Ex
3034 2537 3104 2590 iis
3147 2543 3340 2592 autem
3373 2537 3661 2603 nonnulli,

2032 2624 2134 2695 qui
2190 2623 2260 2677 ad
2310 2623 2686 2693 spectandam
2736 2632 3016 2679 venerant
3074 2624 3661 2692 consummationem,

2031 2727 2165 2769 cum
2197 2711 2516 2782 pretiosum
2548 2711 2694 2766 illud
2726 2727 2940 2783 corpus
2973 2712 3085 2784 piis
3114 2720 3168 2768 et
3198 2714 3534 2783 optantibus
3567 2731 3666 2768 su-

2035 2799 2341 2855 stulissent
2372 2799 2666 2868 manibus,
2696 2803 2752 2854 et
2771 2801 3131 2870 peregissent
3159 2818 3246 2868 ea,
3279 2819 3401 2872 quae
3421 2803 3490 2857 de
3510 2818 3668 2858 more

2036 2887 2179 2941 ﬁunt
2211 2888 2269 2940 in
2301 2886 2624 2957 sepultura,
2660 2887 2934 2958 praeclare
2963 2892 3018 2944 et
3051 2889 3353 2959 magniﬁce
3381 2891 3666 2960 deposue-

2037 2978 2175 3027 runt
2203 2975 2354 3044 apud
2387 2974 2579 3043 ipsum
2612 2975 2800 3030 locum
2827 2977 3108 3046 martyrii.

278 3071 417 3126 κατὰ
475 3069 594 3133 θέαν
632 3068 772 3127 τινὲς
815 3073 916 3135 τῆς
959 3064 1294 3125 τελειώσεως
1344 3061 1814 3133 συνεληλοθότων,
1871 3061 1935 3115 τὸ
1982 3059 2164 3131 τίμιον
2221 3057 2394 3114 ἐκεὶνο
2471 3065 2631 3132 σῶμα
2687 3057 2966 3117 εὑλοϐέσιν
3021 3062 3133 3137 ἅμα
3214 3066 3303 3119 καὶ
3378 3065 3668 3126 ποθούσαις

276 3159 597 3232 ἀνελόμενοι
659 3160 778 3217 ταῖς
810 3153 991 3232 χερσὶ,
1021 3155 1108 3208 καὶ
1143 3151 1242 3207 ὅσα
1305 3151 1467 3227 νόμοι
1499 3151 1574 3213 εἷς
1637 3153 1810 3228 ταφῆν
1877 3146 2206 3216 τελέσάντες,
2240 3151 2508 3222 Λαμπρῶς
2571 3147 2660 3202 καὶ
2727 3148 3042 3224 φιλοτίμως
3078 3153 3204 3225 παρ’
3242 3153 3394 3224 αὐτῷ
3458 3157 3537 3225 τῷ
3567 3161 3666 3222 τῆς

285 3247 584 3323 μαρτυρίας
613 3245 768 3315 τόπῳ
795 3243 1101 3299 κατέθεσαν.

351 3419 426 3476 Κ’.
485 3416 696 3488 Χρόνου
746 3411 804 3468 δὲ
860 3415 1064 3488 συχνοῦ
1122 3408 1523 3485 διαγενομένου,
1558 3411 1666 3463 τῶν
1725 3409 1926 3480 θερμο-

2110 3406 2221 3462 ΧΧ.
2256 3405 2400 3462 Cum
2433 3409 2626 3462 autem
2657 3406 2902 3462 multum
2926 3406 3350 3465 intercessisset
3372 3411 3675 3481 temporis,

281 3506 450 3579 τέρων
503 3504 646 3564 τινες
700 3502 825 3574 περὶ
867 3502 964 3570 τὴν
1027 3494 1316 3567 εὐσέϐειαν,
1366 3498 1472 3552 ἀπὸ
1509 3502 1611 3552 τοῦ
1669 3494 1929 3574 φρουρίου

285 3596 508 3666 Σουρῶν
567 3588 909 3665 ἀφικόμενοι,
969 3585 1256 3659 ὑφελέσθαι
1343 3587 1404 3639 τὸ
1486 3588 1581 3639 τοῦ
1661 3585 1934 3656 μάρτυρος

290 3682 541 3754 λείψανον
597 3675 930 3750 ἐπεχείρουν.
988 3676 1049 3732 Ὀ
1099 3672 1178 3743 δί,
1211 3671 1322 3728 εθίτε
1391 3674 1466 3746 μή
1517 3669 1689 3735 θέλων
1747 3670 1932 3724 ἑαυτὸν

299 3771 578 3840 ζημιῶσαι
615 3766 714 3832 τήν
746 3762 934 3829 πόλιν,
962 3759 1070 3817 ε’ίτε
1103 3763 1181 3835 μὴ
1211 3759 1582 3834 ἀνασχόμενος
1621 3760 1711 3814 τὸν
1758 3758 1939 3812 κοινὸν

300 3853 568 3927 θησαυρὸν
649 3848 792 3906 ⁹ίδιον
870 3849 1114 3925 γενέσθαι
1199 3849 1363 3916 τινὸς,
1450 3847 1632 3925 φλόγα
1701 3844 1941 3921 μεγάλην

299 3947 537 4000 ποιεῖται
591 3946 690 4008 τῆς
738 3939 973 4007 κλοπῆς,
1031 3939 1297 4010 μηνυτὴν·
1365 3936 1456 3991 καὶ
1526 3939 1630 4009 πῦρ
1715 3935 1940 4011 ἀναφθὲν

301 4031 526 4100 ἐκεῖθεν,
559 4029 753 4105 ἀθρόον
815 4025 1131 4100 δημοσιεύει
1183 4027 1276 4081 τὸν
1335 4023 1524 4082 δόλον.
1557 4026 1648 4080 καὶ
1702 4027 1801 4094 τήν
1855 4030 1948 4093 ζη-

309 4120 433 4194 μίαν
489 4117 643 4180 εὐθὺς
692 4113 1121 4191 παραδείκνυσιν.
1157 4115 1220 4169 Οἱ
1274 4113 1327 4169 ἐν
1368 4120 1437 4188 τῇ
1495 4116 1782 4189 Ῥωσαφῶν
1841 4110 1951 4164 τοί-

308 4229 422 4279 νυν,
479 4205 760 4280 πολεμίων
817 4202 1112 4277 ἐπιδημίαν
1165 4203 1228 4258 τὸ
1271 4207 1498 4276 πρᾶγμα
1556 4201 1691 4255 εἶναι
1746 4199 1952 4253 ὑπολα-

305 4295 516 4365 ϐόντες,
564 4291 788 4350 ἔνοπλοι
846 4293 1042 4352 πάντες
1109 4289 1170 4345 ἐκ
1232 4294 1328 4344 τοῦ
1393 4285 1666 4366 αἰφνιδίου
1730 4290 1809 4357 τῷ
1856 4288 1953 4340 τοῦ

313 4387 587 4459 μάρτυρος
649 4383 953 4460 ἐφίστανται
1037 4379 1210 4453 τᾶφῳ.
1305 4376 1409 4432 Καὶ
1501 4375 1756 4446 μαθόντες
1824 4374 1956 4446 ὅπερ

309 4475 401 4544 ἦν,
456 4474 555 4539 τήν
607 4469 881 4547 ὑφαίρεσίν
940 4488 1000 4522 τε
1066 4463 1364 4520 διεκώλυον
1423 4464 1511 4519 καὶ
1579 4463 1757 4518 οὐκέτι
1833 4460 1958 4518 οὐδὲ

310 4560 587 4632 ἐπιμεῖναι
643 4562 720 4628 τῷ
770 4556 923 4628 τόπῳ
970 4553 1097 4615 τοὺς
1177 4553 1281 4608 ἄπὸ
1361 4556 1579 4627 Σουρῶν
1643 4551 1956 4625 ἠνείχοντο,

316 4646 448 4704 Εἶτα
501 4646 683 4718 μέντοι
741 4642 930 4699 πολλὰ
989 4641 1272 4713 δεηθέντας
1311 4643 1408 4715 ὀψὲ
1463 4645 1549 4696 καὶ
1587 4639 1751 4713 μόλις
1785 4659 1960 4712 παρα-

2041 3495 2274 3566 quidam
2307 3509 2376 3548 ex
2408 3495 2502 3560 iis,
2536 3494 2636 3565 qui
2675 3498 2840 3550 erant
2887 3495 3100 3566 pietate
3147 3497 3543 3564 ferventiores,
3575 3515 3673 3554 ve-

2043 3583 2268 3638 nientes
2309 3600 2342 3639 a
2387 3583 2652 3654 praesidio
2693 3583 2997 3655 Surorum,
3055 3586 3275 3656 egressi
3333 3594 3470 3642 sunt
3499 3587 3676 3642 surri-

2047 3686 2181 3742 pere
2202 3671 2475 3742 reliquias
2506 3672 2796 3741 martyris.
2831 3672 2932 3728 Ille
2955 3680 3171 3743 autem,
3203 3689 3304 3729 seu
3338 3691 3452 3730 non
3483 3674 3678 3729 volens

2048 3761 2262 3816 damno
2292 3760 2519 3816 afﬁcere
2547 3760 2860 3827 civitatem,
2902 3777 3005 3817 seu
3039 3779 3154 3818 non
3197 3762 3494 3818 sustinens
3524 3778 3680 3817 com-

2051 3864 2285 3904 munem
2315 3847 2651 3904 thesaurum
2711 3865 2838 3906 esse
2894 3849 3140 3921 alicujus
3196 3851 3518 3922 proprium,
3558 3867 3682 3905 ma-

2052 3952 2226 4009 gnam
2259 3936 2547 3991 ﬂammam
2581 3937 2770 3994 eﬁ'ecit
2802 3937 2934 3991 furti
2966 3937 3214 3993 indicem
3250 3955 3262 3992 :
3297 3943 3354 3994 et
3381 3939 3536 4009 ignis
3567 3938 3686 3992 illic

2056 4042 2354 4094 accensus,
2377 4025 2577 4080 dolum
2611 4025 2920 4081 manifeste
2938 4025 3268 4095 publicatis,
3293 4027 3568 4081 damnum
3602 4041 3689 4080 re-

2059 4120 2227 4183 pente
2257 4111 2529 4166 ostendit.
2589 4112 2696 4175 Qui
2726 4112 2904 4179 igitur
2943 4118 3107 4168 erant
3137 4113 3196 4167 in
3229 4113 3459 4168 civitate
3508 4114 3694 4169 Rosa-

2059 4199 2333 4270 phorum,
2365 4197 2585 4266 opinati
2614 4198 2926 4252 adventum
2958 4199 3212 4254 hostium
3257 4215 3322 4255 eo
3355 4200 3694 4270 signiﬁcari,

2063 4285 2271 4342 armati
2303 4299 2505 4339 omnes
2527 4284 2722 4339 statim
2745 4284 3064 4340 adveniunt
3085 4288 3154 4341 ad
3175 4287 3508 4358 sepulcrum
3541 4303 3697 4342 mar-

2065 4373 2227 4447 tyris.
2261 4373 2369 4437 Qui
2413 4388 2546 4428 cum
2607 4372 2970 4428 rescivissent
3018 4374 3074 4428 id
3120 4375 3276 4445 quod
3334 4379 3477 4440 erat,
3523 4381 3580 4430 et
3627 4392 3700 4430 ne

2066 4463 2354 4520 auferrent
2383 4461 2825 4533 prohibuerunt,
2859 4465 2914 4517 et
2946 4479 3060 4518 non
3093 4462 3246 4533 passi
3278 4468 3416 4519 sunt
3446 4463 3702 4520 Surenos

2068 4549 2325 4620 amplius
2355 4564 2589 4604 manere
2611 4548 2671 4603 in
2703 4563 2770 4604 eo
2800 4547 2945 4605 loco.
2977 4549 3061 4604 llli
3091 4555 3284 4606 autem
3317 4567 3449 4606 cum
3482 4551 3704 4607 nollent

2069 4639 2282 4694 frustra
2325 4639 2381 4693 et
2427 4637 2709 4693 inutiliter
2747 4638 3066 4708 advenisse,
3121 4655 3359 4708 parvum
3405 4640 3701 4711 quoddam

323 4741 500 4808 μεῖναι
561 4736 740 4809 βραχυ
809 4733 1210 4807 συνεχώρησεν.
1270 4732 1330 4786 Oi
1373 4728 1430 4785 δὲ
1485 4732 1581 4799 τήν
1637 4727 1930 4803 προσεδρία

980 4817 1112 4832 ,ιη
1403 4813 1641 4832 ,κη
1922 4817 1931 4832 .

2041 4726 2350 4824 γιθωριυω
2393 4726 2452 4780 in
2502 4724 2768 4797 sepulcro
2825 4731 3256 4781 extstruxerunt
3291 4743 3304 4779 :
3337 4733 3391 4780 et
3435 4726 3520 4781 sic
3568 4741 3702 4780 cum

327 4824 403 4895 μὴ
462 4821 641 4896 ἀρχὴν
679 4819 828 4900 ἔχειν
891 4818 1031 4892 μηδὲ
1079 4817 1348 4893 ἄπρακτον
1401 4813 1782 4894 βουληθέντες,
1841 4817 1967 4872 ναόν

321 4930 442 4965 τινα
475 4911 666 4984 μικρὸν
715 4909 800 4964 ἐπὶ
854 4913 932 4979 τῷ
988 4908 1140 4982 τάφω
1188 4905 1493 4981 ἐδείμαντο,
1551 4907 1642 4961 καὶ
1673 4905 1814 4962 οὓτω
1850 4904 1966 4978 μεθ’

325 4997 532 5068 ἡδονῆς
579 4999 848 5067 ἐπανῆκον
894 5001 971 5068 τῷ
1021 4994 1206 5051 δοῦναι
1255 4994 1469 5068 μᾶλλον
1519 4995 1553 5064 ἢ
1621 4991 1828 5064 λαϐεῖν,
1877 4995 1967 5048 τὸν

323 5090 460 5162 πρὸς
518 5086 608 5142 τόν
665 5085 912 5155 ἀθλητὴν
973 5083 1137 5139 πόθον
1190 5085 1614 5160 ἀφοσιώσαντεςε
1661 5085 1808 5139 Κατά
1877 5103 1968 5154 μι-

323 5174 454 5250 κρόν
513 5173 572 5230 δὲ
607 5181 707 5244 τῆς
757 5174 880 5244 περὶ
922 5175 1010 5227 τὸν
1046 5175 1278 5245 Σωτῆρα
1307 5171 1396 5226 καὶ
1432 5171 1622 5245 Κύριον
1652 5173 1811 5242 ἡμων
1850 5172 1967 5238 Ἰη-

326 5269 452 5320 σοῦν
506 5264 736 5338 Χριστὸν
792 5257 1061 5321 εὐσεϐείας
1117 5257 1490 5330 ἐπιδιδούσης,
1536 5259 1819 5314 ἐπίσκοποι
1875 5259 1968 5312 τὸν

328 5353 559 5428 ἀριθμὸν
619 5347 995 5407 πεντεκαίδεκα
1031 5355 1132 5418 τῆς
1186 5346 1402 5410 πόλεως
1467 5347 1759 5426 Ῥωσαφῶν
1843 5343 1970 5401 ε’ίσω

329 5443 605 5518 γενόμενοι
648 5442 773 5496 ναόν
822 5440 878 5494 ὸε
924 5442 1039 5500 τοῖς
1099 5438 1278 5513 ἆγίοις
1354 5442 1620 5512 περιφανῆ
1698 5435 1970 5508 ἀνιστῶσι,

333 5530 422 5587 καὶ
451 5533 638 5584 τοῦτον
697 5530 1131 5601 καθιερῶσαντες,
1163 5525 1214 5581 ἐν
1274 5525 1418 5597 αὐτῷ
1449 5525 1512 5579 τὰ
1561 5531 1676 5589 θεῖα
1704 5524 1790 5578 καί
1835 5542 1972 5597 μαρ-

2073 4814 2284 4888 gaudio
2321 4814 2639 4880 redierunt,
2673 4813 2883 4884 dando,
2910 4816 3120 4886 magis,
3142 4829 3316 4885 quam
3343 4813 3702 4884 accipiendo,

2075 4919 2178 4960 suo
2210 4903 2268 4958 in
2299 4907 2572 4958 sanctum
2604 4902 2889 4959 desiderio
2930 4903 3373 4958 satisfacientes.
3416 4902 3705 4958 Paulatim

2075 4997 2268 5049 autem
2323 4996 2616 5046 crescente
2670 4991 2878 5060 pietate
2908 4991 2968 5046 in
3013 4992 3364 5046 Salvatorem
3398 4995 3455 5046 et
3501 4991 3706 5048 Domi-

2077 5097 2219 5136 num
2260 5083 2526 5136 nostrum
2575 5079 2774 5134 Jesum
2805 5080 3118 5146 Christum,
3158 5078 3415 5151 episcopi
3467 5095 3706 5136 numero

2078 5170 2430 5240 quindecim,
2473 5169 2723 5240 ingressi
2777 5169 3069 5226 civitatem
3103 5167 3527 5238 Rosaphorum,
3561 5168 3707 5223 insi-

2079 5275 2190 5330 gne
2238 5256 2518 5328 templum
2574 5256 2792 5312 sanctis
2823 5262 3127 5312 exstruunt
3157 5263 3213 5313 et
3251 5273 3383 5312 cum
3414 5257 3474 5313 id
3503 5272 3706 5314 conse~

2080 5350 2358 5414 orassent,
2393 5345 2451 5398 in
2483 5361 2548 5400 eo
2576 5345 2975 5415 deposuerunt
3003 5346 3227 5402 divinas
3260 5351 3580 5418 martyrum
3616 5363 3707 5400 re-

2081 5435 2336 5506 liquias;
2379 5433 2449 5488 ad
2508 5433 2752 5504 gloriam
2783 5433 2907 5504 Dei,
2957 5439 3014 5492 et
3068 5435 3298 5492 Domini
3359 5433 3538 5492 nostri
3568 5433 3709 5496 Jesu

2083 5523 2318 5590 Christi,
2362 5538 2535 5593 quem
2583 5522 2743 5579 decet
2787 5522 2992 5595 honor,
3037 5527 3308 5597 potentia,
3345 5525 3612 5594 majestas
3659 5537 3712 5583 οι
