4142 6248
492 338 641 397 1031
1827 320 2105 383 ΜΕΝΞΙΞ
2151 320 2197 378 Ο

2304 315 2525 374 OBER.
3735 297 3895 357 1032

490 494 943 567 magnificentia,
978 509 1130 548 nunc
1154 494 1209 546 et
1239 504 1488 559 semper,
1522 486 1654 542 etin
1697 484 1906 541 saecula
1938 498 2117 538 seacu-
2148 485 2197 549 Α

2300 475 2418 550 ρικᾶ
2475 471 2754 527 κατέθεντο
2816 468 3041 541 λείψανα
3099 466 3172 525 εἷς
3246 462 3399 533 δόξαν
3460 464 3594 516 Θεοῦ
3676 465 3895 533 Πατρος

2306 564 2314 567 .
2382 564 2420 567 ﬂ
2507 562 2515 567 .
2650 562 2661 567 -
2734 562 2758 567 μ
2856 559 2897 567 ,,
3010 560 3033 567 _
3097 560 3131 567 _
3303 557 3326 567 ν
3398 553 3424 567 ,
3573 551 3582 567 ,
3848 549 3862 563 ,

488 585 697 640 lorum.
720 585 921 638 Amen.

2305 564 2321 616 ὶ
2382 562 2582 635 Κυρίου
2640 562 2799 631 ἡμῶν
2856 559 3038 626 Ἰησοῦ
3095 553 3430 628 Χριστοῦ,ᾦ
3488 551 3681 622 πρέπει
3730 549 3895 619 τιμή,

2233 652 2450 725 κράτος,
2523 646 2883 723 μὲγαλωσ·5νη
2956 666 3013 699 τε
3097 644 3182 697 καὶ
3266 639 3741 718 μεγαλοπρέπεια,
3803 641 3893 691 νῦν

2238 741 2329 795 λοιῖ
2361 741 2464 809 ἀεὶ,
2497 740 2585 793 καὶ
2619 738 2695 799 εἰς
2724 738 2849 797 τοὺς
2876 735 3077 795 αἰῶνας
3108 737 3214 787 τῶν
3240 732 3472 787 αἰώνων.
3508 730 3712 801 Ἀμήν.

497 876 1862 1141 s.
1962 974 2715 1150 DEME'l‘ﬂll
2804 964 3580 1122 MAliTYlilS

1645 1197 2186 1255 THESSALONICIE
2225 1195 2295 1250 IN
2338 1191 2768 1249 MACEDONIA.

1740 856 3903 883 _____________________________

1160 871 3904 906 MM

606 1472 803 1529 Tomo
878 1460 1179 1540 sequenti,
1229 1458 1321 1540 _in
1399 1453 1870 1540 Supplemento‘
1898 1450 1975 1540 a_c_i
2047 1448 2534 1540 litataphraslep},
2612 1449 2871 1540 citant“
2921 1439 3312 1540 celeberrimi
3389 1436 3698 1540 martvfis
3758 1436 3913 1540 {Acta

506 1517 799 1610 varia“;
831 1517 1341 1604 Gorneiiov'Bieeo
1399 1517 1774 1595 in'bctobri
1831 1517 2242 1592 Bollandiano
2303 1528 2384 1610 ad
2440 1527 2600 1610 diem
2661 1528 2698 1583 8
2754 1522 3065 1610 collecta;
3112 1522 3409 1610 Internea
3468 1517 3699 1610 legitur
3755 1533 3913 1610 opus

509 1597 1511 1707 S‘vaonisTltie-tap—lirastzequod
1552 1614 1638 1674 ibi
1678 1611 1904 1671 videsis
1932 1630 1947 1687 ;
1980 1607 2466 1671 commentarius
2497 1604 2662 1667 enim
2704 1604 2877 1664 Actis
2912 1604 2975 1663 S.
3024 1598 3315 1659 Demetrii
3345 1597 3639 1676 praefixas
3673 1603 3917 1674 partem

511 1698 704 1767 a'toto
734 1703 916 1763 avelli
947 1698 1070 1761 non
1103 1698 1268 1758 sinit.

1133 1809 3903 1843 __________________________

1133 1826 3903 1859 Ψ

1350 1937 1773 2065 ΒΙΟΣ
1838 1932 2144 2062 ΚΑΙ
2233 1926 3100 2060 ΠΟΛΙΤΕΙΑ

831 2174 1078 2269 ΤΟΥ
1160 2170 1318 2265 ΕΝ
1400 2166 1815 2262 ΑΓΙΟΙΣ
1898 2162 2393 2258 ΠΑΤΡΟΣ
2480 2157 2847 2253 ΗΜΩΝ
2932 2152 3615 2253 ΔΙΟΝΥΣΙΟΥ

1474 2318 1871 2375 ΕΗΙΣΚΟΠΟΥ
1916 2318 2220 2384 AeHNnx,
2270 2316 2396 2369 ΤΟΥ
2433 2311 2966 2370 APEIOIIAI‘ITOI‘.

1245 2582 1651 2702 VITA
1740 2579 1942 2697 ET
2026 2572 3196 2698 CONVERSATIO

1337 2764 1723 2852 SANC'I‘I
1792 2763 2293 2847 DIONYSII
2344 2761 3118 2848 AREOPAGITIE.

1806 2894 2119 2950 EPISCOPI
2159 2894 2653 2950 ATHENIENSIS.

1709 3024 1862 3085 (Opp.
1892 3022 2130 3084 Dionysii
2152 3022 2363 3085 Areop.,
2386 3024 2425 3071 t.
2458 3023 2523 3077 ll,
2549 3024 2754 3085 p.589.)

610 3278 760 3332 Olim
820 3274 1055 3345 quidem
1105 3273 1249 3328 fides
1296 3274 1410 3329 sita
1452 3275 1574 3329 erat
1604 3273 1661 3327 in
1697 3274 1921 3344 ﬁguris,
1952 3278 2007 3328 et
2047 3274 2185 3327 aani-

2358 3269 2532 3324 Πάλαι
2570 3271 2663 3343 μὲν
2697 3268 2747 3323 ἐν
2798 3271 2991 3330 τύποις
3021 3271 3087 3337 ἧν
3115 3268 3181 3323 τὰ
3234 3272 3332 3342 τῇς
3379 3267 3615 3329 πίστεως
3644 3266 3733 3321 καὶ
3766 3266 3932 3339 αἰνίγ-

543 3365 862 3438 gmatibus,
894 3367 951 3418 et
980 3363 1133 3417 nube
1183 3363 1405 3417 umbrae
1437 3365 1592 3417 tecta
1621 3367 1744 3418 erat
1773 3362 1873 3416 lux
1903 3361 2175 3416 veritatis.

2300 3380 2439 3425 net,
2474 3360 2559 3412 κσὶ
2590 3359 2650 3412 τὸ
2680 3366 2779 3427 τῆς
2812 3358 3067 3427 ἀληθείας
3100 3360 3297 3435 φέγγος
3327 3363 3406 3431 τῷ
3435 3365 3537 3427 τῆς
3588 3362 3740 3417 σκιᾶς
3790 3354 3938 3429 νέφει

542 3457 859 3522 Postquam
880 3455 1076 3505 autem
1110 3458 1317 3505 nostra:
1338 3450 1541 3505 salutis
1572 3467 1847 3521 magnum
1881 3453 2178 3520 peractum

2300 3449 2730 3506 τυνεκαλόπτετο.
2767 3450 2911 3504 Ἐπεὶ
2970 3446 3026 3502 δὲ
3081 3450 3143 3502 τὸ
3204 3447 3347 3525 μέγα
3400 3454 3501 3516 τῆς
3543 3450 3704 3520 ἡμῶν
3752 3468 3940 3515 σωτη-

547 3543 657 3597 fuit
691 3539 1056 3611 mysterium,
1090 3542 1145 3593 et
1189 3538 1288 3608 qui
1322 3538 1487 3592 ﬁnxit
1518 3536 1847 3607 singulatim
1871 3539 2043 3593 corda
2081 3553 2182 3592 no-

552 3634 695 3698 stra,
757 3644 877 3683 suae
917 3626 1291 3698 benignitatis
1353 3628 1407 3681 in
1442 3643 1545 3682 nos
1599 3626 2011 3691 misericordia,
2044 3626 2189 3680 citra

554 3721 860 3792 peccatum
912 3720 1084 3769 natus
1115 3724 1199 3769 est
1231 3715 1388 3769 sicut
1417 3731 1562 3770 nos:
1597 3719 1653 3769 et
1692 3714 1803 3769 alia
1834 3715 2032 3779 subiit,
2062 3730 2187 3783 qua:

554 3809 693 3862 sunt
723 3805 993 3859 humanae
1020 3803 1456 3865 imbecillitatis,
1482 3810 1541 3855 ut
1575 3818 1677 3871 ego
1702 3802 1950 3871 primam
1984 3803 2192 3872 recipe-

552 3910 675 3949 rem
724 3890 1085 3947 nobilitatem
1124 3894 1225 3957 ;et
1255 3893 1540 3957 postremo
1600 3890 2021 3944 condemnatus
2082 3891 2192 3943 fuit

551 3986 736 4038 morte
779 3979 968 4035 crucis
1024 3994 1037 4033 :
1091 3986 1142 4033 et
1190 3994 1263 4033 ne
1298 3977 1488 4033 dicam
1529 3977 1763 4049 singula
1804 3983 1962 4047 (sunt
2007 3978 2192 4049 enim)

552 4069 735 4126 multa
759 4066 1449 4124 intermediaoeconomiaa
1474 4066 1665 4122 carnis
1687 4072 1965 4138 susceptae
1989 4072 2197 4139 myste-

549 4161 657 4230 ria)
698 4160 874 4215 ﬁnem
931 4157 1156 4228 accepit
1212 4173 1489 4227 corporea
1536 4158 1947 4225 conversatio;
1989 4157 2195 4228 incipit

552 4253 744 4305 autem
770 4245 1095 4319 spiritualis
1117 4264 1130 4317 ;
1153 4252 1205 4303 et
1236 4246 1298 4302 in
1329 4245 1539 4301 coelum
1564 4246 1828 4302 ascendit
1859 4262 2024 4302 meus
2042 4247 2195 4301 Chri-

554 4346 699 4405 stus,
731 4342 788 4393 et
815 4338 883 4392 ad
917 4338 1113 4392 sedem
1157 4340 1455 4407 paternam
1506 4337 1813 4391 revertitur
1842 4353 1854 4403 ;
1888 4340 1964 4406 et,
1998 4336 2097 4408 qui
2130 4354 2193 4392 ex

555 4428 683 4498 ipso
707 4425 986 4496 procedit,
1011 4425 1286 4496 Spiritum
1309 4426 1553 4479 demittit
1578 4424 1904 4496 discipulis,
1921 4430 1985 4481 ut
2006 4430 2201 4481 essent

556 4516 733 4570 duces
758 4513 1019 4584 gentium
1044 4512 1393 4566 infidelium.
1415 4514 1520 4566 Per
1542 4529 1715 4582 quem
1748 4513 1952 4569 beatus
1976 4531 2200 4585 quoque

555 4603 772 4657 Paulus
802 4617 868 4655 ex
894 4600 1101 4655 umbra
1132 4599 1416 4653 deductus
1447 4599 1557 4654 fuit
1578 4602 1649 4655 ad
1681 4600 1999 4657 veritatem.
2036 4604 2198 4657 Tunc

2291 3538 2404 3612 ρίας
2455 3537 2873 3613 ἐπραγματεύθη
2924 3540 3250 3611 μυστήριον,
3280 3537 3369 3590 καὶ
3401 3538 3428 3590 6
3458 3535 3671 3595 πλάσας
3700 3535 3943 3607 καταμό-

2290 3649 2381 3689 νας
2427 3628 2522 3689 τὰς
2570 3625 2792 3701 καρδίας
2852 3630 3010 3700 ἡμῶν
3065 3632 3144 3698 τῷ
3191 3633 3292 3695 τῆς
3352 3626 3555 3687 οἰκείας
3603 3627 3728 3699 περὶ
3794 3628 3945 3698 ἡμᾶς

2293 3713 2459 3786 ο’ίκτῳ
2510 3714 2883 3787 χρησνότητος
2941 3713 3336 3785 ἀναμαρτήτως
3392 3711 3606 3788 γέγονεν
3648 3714 3722 3772 ὡς
3753 3714 3942 3784 ἡμεῖς,

2292 3800 2469 3857 τᾶλλα
2518 3823 2576 3857 τε
2625 3801 2882 3871 ὑπῆλθεν,
2936 3803 3033 3855 ὅσα
3079 3809 3178 3872 τῆς
3237 3802 3581 3876 ἀνθρωπίνης
3611 3800 3750 3855 ἐστὶν
3783 3802 3947 3865 ἀσθε-

2293 3891 2454 3960 νείας,
2485 3890 2559 3944 ἵν’
2594 3890 2701 3964 ἐγὼ
2756 3893 2855 3959 τὴν
2908 3892 3128 3965 πρώτην
3186 3886 3450 3945 ἀπολάϐω
3512 3891 3799 3965 εὐγένειαν·
3853 3890 3942 3943 καὶ

2293 3979 2449 4039 τέλος
2482 3981 2573 4033 τὸν
2608 3978 2696 4034 διὰ
2734 3984 2966 4052 σταυροῦ
3023 3980 3245 4035 θάνατον
3298 3981 3687 4052 κατακρίνεται’
3739 3980 3830 4032 καὶ
3856 3977 3948 4032 ’ίνα

2301 4070 2374 4139 μὴ
2408 4067 2472 4121 τὰ
2501 4070 2619 4131 καθ’
2663 4064 2881 4123 ἕκαστον
2926 4068 3091 4142 λέγω,
3126 4068 3331 4141 (πολλά
3358 4068 3459 4143 γὰρ
3485 4069 3549 4121 τὰ
3580 4066 3632 4121 ἐν
3664 4067 3815 4139 μέσῳ
3846 4074 3950 4136 τῆς

2299 4156 2619 4228 οἰκονομίας
2653 4158 2818 4210 αὐτοῦ
2879 4158 3197 4229 μυστήριον)
3246 4158 3407 4229 πέρας
3455 4155 3518 4208 τὰ
3562 4161 3661 4221 τῆς
3694 4175 3949 4225 σωματι-

2296 4252 2397 4313 κῆς
2448 4242 2705 4316 ἐνδημίας
2736 4242 2950 4318 δέχεται
2977 4264 2988 4276 '
3022 4245 3085 4299 τὰ
3119 4242 3176 4299 δὲ
3211 4248 3305 4299 τοῦ
3326 4242 3627 4315 πνεύματος
3660 4240 3901 4318 ἄρχεται
3936 4258 3951 4273 ⁸

2301 4334 2388 4387 καὶ
2417 4333 2489 4395 εἷς
2524 4333 2782 4407 οὐρανοὺς
2818 4335 2844 4388 ὁ
2876 4332 3005 4406 ἐμὸς
3046 4336 3275 4406 Χριστὸς
3323 4330 3654 4407 ἀναφέρεται·
3686 4330 3778 4384 καὶ
3807 4332 3952 4405 πρὸς

2300 4424 2390 4478 τὸν
2424 4424 2681 4497 πατρικὸν
2730 4423 2963 4479 ἐπάνεισι
3013 4425 3225 4497 θρόνον·
3262 4424 3347 4478 καὶ
3399 4422 3461 4477 τὸ
3510 4421 3947 4497 ἐκπορευόμενον

2305 4514 2468 4567 αὐτοῦ
2514 4518 2727 4587 Πνεῦμα
2758 4514 2843 4568 ἐπὶ
2891 4516 2989 4581 τὴν
3040 4518 3146 4566 τῶν
3204 4513 3444 4567 ἀπίστων
3474 4512 3637 4566 ἐθνῶν
3670 4512 3946 4583 καταπέμ-

2307 4623 2393 4656 πει
2420 4609 2535 4664 τοῖς
2572 4606 2836 4674 μαθηταῖς
2867 4600 3114 4674 ὁδηγίαν,
3150 4600 3219 4655 δι’
3252 4602 3313 4655 οὗ
3342 4602 3431 4655 καὶ
3464 4602 3491 4655 ὑ
3527 4602 3789 4674 μακάριος
3816 4605 3948 4654 Παῦ-

554 4692 626 4762 is,
650 4690 772 4745 zelo
796 4687 1006 4743 Christi
1028 4686 1307 4758 percitus,
1336 4689 1831 4758 quemadmodum
1856 4691 1978 4761 ipse
1997 4696 2197 4761 captus

2308 4692 2406 4754 λος
2439 4692 2542 4745 ἀπὸ
2576 4698 2673 4759 τῆς
2707 4694 2855 4748 σκιᾶς
2902 4689 3319 4763 ἐχειραγωγήθη
3354 4691 3489 4763 πρὸς
3530 4691 3629 4752 τήν
3664 4664 3937 4756 ἀλήθειαν,

559 4779 665 4834 fuit
687 4778 756 4833 ad
784 4777 1077 4848 pietatem,
1111 4775 1190 4830 ita
1213 4776 1389 4831 etiam
1422 4778 1620 4833 orbem
1640 4786 1800 4833 terrae
1823 4780 1892 4834 ad
1926 4796 1988 4834 se
2005 4781 2199 4835 stude-

560 4870 659 4924 bat
690 4868 995 4936 attrahere,
1029 4869 1085 4921 et
1133 4866 1358 4922 Christo
1391 4884 1491 4939 per
1521 4868 1695 4925 ﬁdem
1728 4870 2099 4940 conjungere.
2132 4872 2201 4926 Et

560 4962 625 5012 ut
656 4974 722 5012 ea
769 4956 1037 5011 omittam
1071 4972 1196 5025 quae
1230 4956 1301 5011 ab
1344 4956 1469 5027 ipso
1499 4958 1829 5030 Amphipoli
1862 4960 2009 5013 facta
2041 4964 2199 5028 sunt,

560 5050 617 5101 et
676 5046 735 5099 in
807 5043 1129 5114 Thessalia,
1180 5049 1236 5100 et
1290 5046 1563 5100 omnibus
1619 5046 1677 5100 in
1728 5045 1890 5112 locis,
1951 5047 2010 5101 in
2072 5048 2200 5117 qui-

563 5136 665 5189 bus
695 5134 824 5202 ejus
873 5150 1086 5203 sermo,
1120 5133 1360 5204 perinde
1392 5150 1456 5189 ac
1488 5134 1755 5204 quaedam
1790 5150 2021 5204 sagena,
2054 5136 2202 5190 mul-

561 5227 654 5278 tos
688 5224 927 5276 venatus
975 5227 1063 5277 est
1107 5223 1177 5277 ad
1212 5224 1505 5293 pietatem,
1540 5239 1740 5278 eorum
1774 5224 1962 5279 solum
1996 5225 2203 5278 memi-

567 5327 730 5375 nero,
763 5326 889 5379 quas
948 5310 1184 5365 Athenis
1242 5312 1388 5366 facta
1420 5318 1579 5382 sunt,
1611 5328 1713 5382 per
1743 5328 1868 5382 qum
1926 5312 2101 5367 etiam
2134 5312 2203 5367 ab

568 5396 843 5469 Apostolo
876 5398 997 5466 ipso
1021 5416 1147 5453 vere
1171 5416 1416 5471 magnus
1439 5405 1645 5470 captus
1681 5400 1789 5454 fuit
1820 5400 2201 5471 Dionysius“;

570 5486 691 5558 qui,
726 5484 969 5555 patriam
996 5487 1233 5555 quidem
1256 5488 1471 5544 claram
1490 5495 1548 5543 et
1570 5492 1835 5558 parentes
1854 5488 2036 5543 claros
2068 5506 2205 5543 con-

564 5578 819 5641 secutus,
856 5573 927 5628 ad
979 5590 1252 5644 magnam
1304 5576 1565 5645 pervenit
1584 5574 1852 5644 gloriam.
1886 5577 2031 5633 Nam
2057 5577 2203 5646 justi

570 5662 803 5733 quidem
836 5665 1024 5728 erant,
1058 5661 1106 5715 si
1141 5661 1241 5716 ulli
1276 5679 1342 5717 ex
1388 5660 1864 5728 Atheniensibus,
1898 5680 1968 5719 ne
2014 5663 2201 5717 dicam

568 5753 700 5820 soli,
734 5752 813 5805 ita
845 5754 909 5805 ut
932 5749 1165 5822 justitia
1198 5749 1424 5822 insigne
1451 5747 1565 5805 illis
1596 5751 1775 5818 esset,
1809 5753 1955 5825 aequi
1979 5750 2202 5820 amicis,

642 5878 667 5914 α
695 5869 815 5923 Act.
850 5882 982 5922 xvu.

2306 4781 2426 4835 τότε
2457 4778 2520 4848 δὴ
2554 4780 2674 4833 τότε
2706 4778 2858 4849 ζήλῳ
2883 4782 2961 4848 τῷ
2992 4778 3113 4851 περί
3143 4776 3233 4831 τὸν
3282 4779 3511 4850 Χριστὸν
3556 4779 3709 4837 οὗτος
3751 4774 3931 4841 ἁλοὺς,

2310 4868 2365 4924 ὅν
2418 4868 2699 4941 ἔζωγρήοη
2758 4866 2959 4939 τρόπον
3017 4868 3154 4939 πρὸς
3195 4867 3294 4934 τὴν
3331 4861 3622 4935 εὐσέϐειαν,
3653 4863 3938 4920 τοῦτονκαὶ

2306 4959 2403 5025 τὴν
2447 4956 2771 5028 οἰκουμένην
2796 4949 3044 5009 ἔσπευδεν
3070 4954 3581 5025 έπισπάσασθαι,καὶ
3614 4957 3833 5028 Χριστῷ
3862 4949 3949 5005 διὰ

2307 5052 2405 5115 τῆς
2437 5046 2666 5105 πίστεως
2707 5042 3107 5100 οἰκειώσασθαι.
3142 5044 3240 5098 Καὶ
3277 5044 3370 5097 ’ἱνα
3405 5048 3471 5098 τᾶ
3506 5042 3562 5098 ἔν
3620 5040 3953 5116 Ἀμφιπόλει

2310 5135 2395 5188 καὶ
2430 5132 2694 5202 Θεσσαλίᾳ
2722 5138 2900 5206 παρῶ,
2934 5134 3020 5187 καὶ
3071 5133 3121 5187 ἐν
3152 5134 3234 5195 οἷς
3267 5134 3293 5187 6
3324 5132 3517 5187 τούτου
3552 5133 3741 5205 λόγος,
3776 5129 3957 5202 ὥσπερ

2309 5244 2391 5284 τις
2422 5226 2654 5295 σαγηνη,
2685 5220 2810 5282 τοὺς
2841 5221 3085 5284 πολλοὺς
3119 5225 3252 5296 πρὸς
3298 5224 3395 5289 τήν
3435 5216 3706 5275 εὐσέϐειαν
3736 5222 3956 5293 ἤγρευε,

2309 5315 2414 5364 τῶν
2450 5310 2499 5364 ἐν
2544 5312 2796 5380 Ἀθήναις
2851 5313 3028 5383 μόνων
3072 5313 3475 5385 μνησθήσομαι,
3530 5308 3596 5361 δι’
3628 5307 3699 5362 ὧν
3736 5311 3961 5381 θήραμα

2310 5403 2387 5467 τῷ
2438 5400 2758 5471 Ἀποστόλῳ
2814 5400 2902 5453 καὶ
2955 5402 2981 5453 6
3035 5401 3195 5475 μέγας
3242 5396 3392 5459 ὄντος
3424 5396 3733 5451 καθίσταται
3768 5396 3961 5450 Διονυ-

2315 5490 2449 5547 σῖος·
2512 5488 2569 5549 ὅς
2626 5487 2883 5561 πατρίδος
2946 5491 3037 5560 μὶν
3100 5488 3407 5567 ἐπιφανοῦς,
3440 5486 3705 5562 ἐπιφανῶν
3766 5482 3821 5539 δὲ
3870 5484 3961 5538 καὶ

2311 5576 2646 5649 γεννητόρων
2686 5576 2893 5650 τυχὼν,
2927 5576 3013 5630 ἐπὶ
3076 5576 3214 5649 μέγα
3264 5574 3422 5644 δόξης
3472 5573 3711 5646 ἀφίκετο.
3746 5574 3961 5628 Δίκαιοι

2318 5664 2411 5733 μὲν
2444 5664 2566 5735 γὰρ,
2610 5666 2758 5738 ε’ἰπερ
2813 5687 2893 5726 τις
2944 5662 3390 5733 Ἀθηναίων,’ίνα
3442 5664 3516 5735 μὴ
3576 5660 3725 5737 λέγω
3778 5663 3962 5734 μόνον

2315 5751 2401 5804 καὶ
2436 5748 2745 5826 δικαιοσύνη
2788 5760 2900 5815 τοῖς
2959 5759 3199 5831 γονεῦσιν
3244 5755 3311 5824 ἦν
3354 5754 3414 5807 τὸ
3447 5751 3740 5826 ἱπίσημον,
3774 5751 3964 5825 φίλοις
