4142 6248
329 233 482 294 1033

1375 231 1563 294 νΙΤΑ
1607 232 1668 294 S.
1712 235 2050 300 DIONYSII
2095 237 2640 303 ABEOPAGITE.

3565 247 3720 309 1034

327 398 606 466 ἐπιεικεῖς,
638 398 840 472 ἣμεροι
868 401 983 460 τοῖς
1013 397 1201 468 ξένοις,
1233 400 1349 461 τοῖς
1398 396 1620 459 όῖκείοις
1660 397 1971 475 φιλάνθρω-

2092 403 2372 459 mansueti
2421 403 2822 476 hospitalibus,
2882 405 3114 477 benigni
3162 407 3222 462 in
3271 407 3610 477 familiares,
3660 414 3718 467 et

327 509 443 556 ποι,
476 485 795 562 χρηστότης
846 486 1031 548 αὐτοῖς
1081 486 1184 540 οὐκ
1231 482 1508 558 ἐπίδειξις,
1561 487 1978 560 ὑποκαθημένην

328 578 403 639 ὡς
432 578 499 631 τὰ
527 574 713 631 πολλά
759 576 858 644 τήν
913 575 1212 646 σκαιότητα
1261 572 1486 648 ἔχουσα,
1537 573 1680 630 ἀλλά
1723 597 1776 630 τι
1814 577 1976 649 σαφὲς

329 665 573 740 γέννημα
599 671 698 733 τῆς
729 667 936 738 ψυχῆς,
984 663 1074 716 καὶ
1120 669 1220 731 τῆς
1271 657 1425 717 ἔνδον
1471 665 1754 738 χαρακτήρ
1796 661 1979 727 διαθέ-

329 775 486 816 σεως.
521 750 740 821 Ἐπειδὴ
775 750 832 807 δὲ
881 753 1142 823 Ἀθήνησι
1183 751 1399 816 Ηαῦλος
1447 752 1676 828 ἐγένετο,
1725 753 1811 806 καὶ
1860 759 1978 816 τοῖς

329 841 728 916 Ἐπικουρείοις
792 840 860 895 τά
908 839 1220 915 Πυθαγόρου
1267 840 1589 913 κρατύνουσι
1651 838 1972 914 συμϐαλὼν,

329 929 491 1006 ἔργου
522 930 700 1005 εἷ’χετο
729 934 808 1002 τῷ
837 936 936 998 τῆς
967 925 1210 984 ἀσεϐείας
1256 929 1450 992 αὐτοὺς
1499 930 1798 1000 ἀποστῆσαι
1841 929 1969 1008 δογ-

334 1022 536 1094 μάτων,
583 1020 673 1074 καὶ
725 1020 1028 1091 μεταθεῖναι
1068 1021 1205 1093 πρὸς
1252 1022 1350 1089 τήν
1403 1014 1690 1089 εὐσέϐειαν,
1738 1021 1866 1083 τούς
1911 1041 1968 1075 τε

331 1115 438 1166 τῶν
472 1105 720 1163 εἰδώλων
752 1108 1204 1185 καταστρέφεσθαι
1237 1106 1414 1171 ναοὺς.
1449 1108 1537 1161 καὶ
1569 1113 1770 1164 πεῖσαι.
1804 1110 1968 1178 Ἀθη-

328 1199 510 1260 ναίους
543 1195 593 1251 ἐν
625 1201 694 1271 τῇ
736 1194 940 1274 ἐσχατῃ
973 1197 1154 1269 ἡμέρᾳ
1182 1203 1281 1265 τῆς
1309 1197 1539 1270 κρίσεως
1585 1197 1973 1267 ἀναστήσεσθαι

335 1284 579 1360 μέλλειν,
598 1286 686 1340 καὶ
706 1283 857 1347 δίκας
880 1291 988 1339 τῶν
1012 1285 1198 1347 αὐτοῖς
1238 1285 1602 1360 εἰργασμένων
1637 1287 1972 1359 εἰσπραχθῆ-

333 1377 535 1430 σεσθαι·
590 1375 737 1429 οὗτοι
776 1371 834 1428 δὲ
874 1380 982 1429 τῶν
1039 1373 1225 1429 ἄλλων
1278 1376 1369 1428 ἅτε
1418 1372 1972 1447 δεισιδαιμονέστερον

334 1461 686 1536 διακείμενοι,
713 1463 803 1517 καὶ
836 1462 913 1524 εἰς
951 1461 1166 1525 πολλὰς
1216 1461 1371 1533 δόξας
1417 1463 1506 1518 καὶ
1555 1464 1760 1525 πίστεις
1815 1483 1973 1536 μερι-

333 1554 571 1625 ζόμενοι,
607 1551 955 1626 μυκτηρίζειν
989 1551 1148 1606 αὐτὸν
1190 1549 1530 1626 ἐπεχείρουν,
1574 1557 1773 1606 καινῶν
1814 1557 1971 1607 τινῶν

332 1648 422 1697 καὶ
452 1643 612 1712 ξένων
647 1639 944 1715 δαιμονίων
978 1640 1317 1718 καταγγελέα
1356 1640 1668 1703 καλοῦντες·
1721 1641 1870 1705 ὅπως
1917 1639 1974 1695 δὲ

337 1733 414 1805 μή
449 1734 811 1805 μυκτηρισμῷ
845 1732 1005 1802 μόνον
1047 1732 1173 1806 παρ’
1208 1730 1384 1784 αὐτῶν
1419 1728 1708 1800 βάλλοιτο,
1745 1729 1892 1784 ἀλλᾶ
1919 1752 1974 1785 τι

332 1820 423 1876 καὶ
452 1825 558 1874 τῶν
587 1819 819 1893 ἀνιαρῶν
855 1818 1118 1887 ὑποσταίη
1170 1816 1322 1878 δίκας
1360 1825 1466 1874 τῶν
1522 1820 1611 1874 ὑπ’
1661 1819 1826 1877 αὐτοῦ
1873 1841 1971 1890 κη-

335 1907 674 1984 ρυττομένων
705 1905 905 1978 διδοὺς,
929 1902 1503 1980 ἐπιλαϐόμενοιαύτοῦ
1523 1907 1611 1962 ἐπὶ
1638 1909 1731 1964 τὸν
1749 1914 1815 1964 ’Ά
1828 1928 1968 1982 ρειον

334 1999 501 2072 πάγον
535 1997 759 2072 ἤγαγον·
793 1997 851 2057 ὃς
883 1994 1048 2057 τόπος
1103 1995 1195 2068 μέν
1247 1997 1311 2064 ἦν
1361 2002 1698 2070 συναγωγῆς,
1748 1997 1836 2051 καὶ
1866 2001 1972 2050 τῶν

333 2088 574 2153 Ἀθηνῶν
612 2081 690 2140 ἔτι
719 2086 1009 2148 καθίστατο
1040 2081 1405 2156 δικαστήριον.
1457 2084 1522 2140 Ei
1570 2086 1672 2160 γὰρ
1701 2086 1788 2139 καὶ
1841 2087 1973 2139 Ῥω-

341 2179 494 2248 μαῖοι
527 2174 758 2230 ’πάντων
817 2175 942 2228 τότε
998 2171 1276 2247 ἐκράτουν,
1335 2172 1462 2228 ἀλλ’
1513 2174 1832 2244 Ἀθηναίους
1887 2174 1976 2227 καὶ

337 2259 796 2334 Λακεδαιμονίους
837 2262 1177 2333 αὐτονόμους
1226 2262 1454 2337 ἀφῆκαν.
1490 2260 1721 2337 Εἴρηται
1771 2259 1827 2316 δὲ
1883 2283 1980 2334 μυ-

336 2355 502 2414 θιγῶς
533 2351 700 2421 οὕτω,
739 2348 977 2422 καθᾶπερ
1029 2349 1226 2405 ἐκεῖνοί
1283 2372 1462 2424 φασιν,
1523 2352 1628 2405 ἀπὸ
1674 2351 1771 2406 τοῦ
1823 2350 1978 2421 δίκην

337 2443 388 2497 ἐν
422 2441 566 2512 αὐτῷ
595 2442 686 2496 τὸν
718 2437 962 2494 Ποσειδῶ
1000 2438 1136 2493 κατὰ
1166 2443 1263 2493 τοῦ
1309 2441 1516 2513 Ἄρεως
1561 2441 1844 2514 ὑποσχεῖν,
1894 2439 1976 2494 ὅτι

334 2531 426 2585 τὸν
487 2529 682 2585 τούτου
731 2529 846 2582 υἱὸν
889 2528 1189 2582 ἀπέκτεινεν
1242 2525 1613 2603 Ἀλιρῥόθιον.
1656 2528 1978 2602 Ἀγαγόντες

338 2618 431 2673 οὖν
465 2618 624 2674 αὐτὸν
656 2616 795 2689 (ἐπεὶ
825 2617 916 2671 καὶ
945 2621 1026 2689 τῷ
1055 2622 1162 2671 τῶν
1189 2617 1391 2692 θρόνων
1433 2616 1578 2690 ὕψει,
1627 2616 1716 2671 καὶ
1763 2622 1832 2692 τῇ
1881 2636 1979 2670 κα-

338 2706 687 2783 ταργουμένῃ
722 2707 884 2782 σοφίᾳ
919 2705 1052 2778 μέγα
1082 2704 1366 2782 ἐφρόνουν,
1396 2705 1485 2759 καὶ
1516 2706 1630 2778 ἅμα
1671 2711 1777 2760 τῶν
1826 2725 1983 2778 γινο-

343 2797 516 2870 μένων
549 2795 811 2867 ἀκροαταὶ
838 2794 928 2848 καὶ
977 2793 1156 2864 κριταὶ
1203 2794 1594 2866 προεκάθηντο·
1646 2795 1720 2846 ὧν
1771 2795 1844 2853 εἷς
1891 2793 1980 2847 καὶ

342 2884 622 2944 Διονύσιος
654 2885 742 2950 ἦν,
776 2881 872 2934 κάν
899 2885 1015 2942 τοῖς
1065 2879 1252 2952 λόγοις
1299 2879 1396 2934 κάν
1445 2885 1564 2940 τοῖς
1605 2877 1981 2950 δικαστηρίοις

340 2973 403 3026 τὸ
433 2971 623 3026 πλεῖον
661 2965 1114 3047 ἀποφερόμενος)’
1149 2988 1180 3021 (ι
1205 2969 1304 3029 Τίς
1336 2969 1370 3036 ἡ
1399 2967 1560 3034 καινή
1593 2966 1727 3037 αὕτη
1757 2969 1844 3020 καὶ
1881 2968 1984 3021 ὑπὸ

344 3064 440 3114 σοῦ
462 3059 803 3130 λαλουμένη,
839 3081 866 3108 ››
898 3057 1036 3130 πρὸς
1065 3056 1157 3112 τὸν
1188 3055 1406 3111 Παῦλον
1440 3049 1661 3132 ἔφησαν,
1698 3077 1725 3110 α
1757 3052 1982 3130 διδαχὴ,

341 3149 432 3203 καὶ
460 3149 527 3203 τὰ
557 3146 696 3212 σοφὰ
724 3147 814 3200 καὶ
843 3142 1272 3216 περινενοημένα
1321 3142 1667 3220 σοφίσματας
1711 3142 1802 3198 καὶ
1847 3142 1926 3204 τίς
1958 3145 1986 3198 ὁ

344 3237 688 3311 θεάνθρωπος
725 3237 936 3304 Ἰησοῦς
973 3251 986 3302 ;
1038 3234 1130 3288 καὶ
1165 3233 1192 3287 ὁ
1232 3232 1319 3287 ἐπὶ
1368 3232 1536 3304 ξύλου
1587 3229 1863 3302 ζωοδότης
1896 3231 1986 3286 καὶ

343 3327 536 3401 κριτής
581 3324 981 3396 εὐθυνόμενος;
1031 3321 1304 3393 ξενίζοντα
1358 3322 1460 3398 γάρ
1515 3342 1636 3376 τινα
1690 3321 1866 3397 φέρεις
1912 3321 1988 3384 εἷς

344 3418 438 3478 τὰς
470 3415 636 3477 ἀκοὰς
667 3417 854 3487 ἡμῶν.
907 3409 1226 3477 Βουλὸπεθα
1257 3414 1348 3468 οὗν
1397 3417 1616 3486 γνῶναι,
1663 3411 1715 3466 τί
1770 3413 1831 3465 ἄν
1867 3411 1990 3485 βού-

349 3503 505 3560 λοιτο
534 3508 725 3571 ταῦτα,
756 3501 846 3558 καὶ
876 3503 1012 3577 πρὸς
1044 3501 1072 3556 ’ὁ
1103 3503 1344 3578 φέρουσι.
1379 3524 1407 3552 ››
1439 3500 1537 3554 Καὶ
1577 3501 1658 3569 ὃς,
1687 3500 1749 3553 τὸ
1771 3504 1990 3572 πρῶτον

351 3594 586 3668 ἐπαίρων
615 3613 674 3647 τε
703 3592 815 3664 ἅμα
841 3592 908 3646 τὰ
939 3590 1157 3645 ἐκείνων
1189 3591 1280 3643 καὶ
1329 3587 1398 3642 δι’
1449 3588 1665 3643 ἐπαίνου
1711 3584 1989 3660 τιθέμενος

352 3683 474 3735 οἷον
509 3680 672 3746 εἰκὸς,
702 3680 792 3733 ἳνα
824 3680 900 3751 μὴ
931 3683 1048 3739 τοῖς
1077 3677 1268 3747 ἀήθεσι
1296 3676 1387 3730 καὶ
1419 3675 1582 3748 ξένοις
1633 3674 1818 3749 λόγοις
1865 3695 1992 3746 τρα-

349 3768 602 3842 χύνοιντο
650 3767 846 3839 (θυμὸν
903 3767 1003 3841 γὰρ
1064 3763 1404 3843 ὑποστρέφει,
1463 3764 1648 3840 φησὶν,
1706 3764 1990 3838 ἀπόκρισις

354 3856 773 3927 ὑποπίπτουσα),
807 3878 836 3906 ‹‹
869 3852 1119 3929 Ἄνδρες,
1165 3854 1332 3925 εἶπεν,
1392 3855 1692 3923 Ἀθηναῖοι,
1744 3854 1866 3925 περὶ
1914 3852 1990 3908 ὥν

352 3944 694 4014 πυνθάνεσθε,
743 3942 985 4016 ὕστερον,
1040 3942 1085 3998 εί
1135 3941 1306 4014 δοκεῖ,
1360 3939 1722 4019 διηγήσομαιο
1763 3946 1853 3996 νῦν
1934 3940 1992 3996 δὲ

352 4034 485 4089 κατὰ
513 4035 685 4089 πάντα
730 4034 804 4095 ὡς
850 4030 1342 4107 δεισιμονεστέρους
1392 4032 1531 4103 ὑμᾶς
1577 4035 1788 4104 θεωρῶ.
1837 4039 1992 4105 Διερ-

353 4122 590 4197 χόμενος
618 4120 721 4197 γὰρ
752 4120 842 4176 καὶ
871 4121 940 4176 τὰ
969 4116 1282 4194 σεϐάσματα
1314 4121 1464 4193 ὑμῶν
1499 4116 1994 4192 ἀναθέωρῶν,εὑρον

351 4213 440 4266 καὶ
476 4211 682 4286 βωμὸν,
731 4211 782 4265 ἐν
829 4212 874 4283 ᾧ
923 4209 1317 4284 ἐπεγέγραπτο*
1379 4208 1669 4281 Ἀγνώστῳ
1707 4210 1837 4275 Θεῷ.
1892 4209 1991 4261 "Ov

353 4301 444 4357 οὑν
507 4302 824 4378 ἀγνοοῦντες
877 4293 1162 4364 εὐσεϐεῖτε,
1218 4301 1410 4351 τοῦτον
1469 4295 1574 4370 ἐγὼ
1630 4291 1994 4369 καταγγέλλω

351 4391 500 4462 ὑμῖν·
544 4389 590 4443 εἰ
629 4387 732 4460 ἄρα
760 4386 1119 4459 ψηλαφήσετε
1157 4383 1336 4450 αὐτὸν,
1368 4382 1459 4436 καὶ
1509 4381 1736 4457 εὖροιτε,
1789 4387 1879 4436 καί
1933 4403 1992 4456 γε

2084 509 2216 549 vera
2245 492 2476 548 bonitas
2520 498 2640 549 erat
2668 493 2752 549 eis
2792 494 3043 564 bonitas,
3077 512 3189 552 non
3217 500 3551 563 ostentatio,
3585 515 3710 571 quae

2087 581 2260 637 habet
2313 580 2747 653 improbitatem
2813 599 3024 653 magna
3079 599 3147 638 ex
3195 589 3358 652 parte
3415 585 3713 644 insidian-

2083 673 2241 737 tem;
2272 669 2389 724 imo
2421 669 2657 740 quidam
2705 679 2940 741 apertus
2989 673 3196 726 animae
3236 673 3423 741 foetus,
3474 678 3532 729 et
3577 676 3712 732 cha-

2084 765 2268 813 racter
2323 757 2562 812 internae
2611 758 2951 814 affectionis.
2994 759 3309 830 Postquam
3359 765 3555 817 autem
3606 764 3715 818 fuit

2084 845 2294 901 Paulus
2342 846 2602 913 Athenis,
2653 849 2711 901 et
2756 860 3106 918 congressus
3155 865 3285 902 cum
3328 850 3624 920 Epicureis
3659 857 3715 906 et

2081 935 2310 999 Stoicis,
2364 935 2463 1006 qui
2505 935 2831 1006 Pythagorae
2877 936 3144 1004 dogmata
3192 939 3585 1006 sectabantur,
3620 941 3715 994 in-

2083 1023 2275 1079 stabat
2321 1023 2500 1094 operi,
2548 1038 2757 1095 nempe
2805 1028 2868 1078 ut
2909 1039 3008 1080 eos
3038 1026 3344 1080 abduceret
3390 1043 3423 1080 a
3470 1028 3711 1099 dogma-

2081 1113 2239 1167 tibus
2284 1111 2622 1183 impietatis,
2673 1116 2728 1168 et
2783 1113 3114 1168 traduceret
3168 1114 3241 1168 ad
3305 1117 3597 1185 pietatem,
3656 1121 3714 1170 et

2082 1203 2360 1255 everteret
2425 1199 2643 1268 templa
2707 1199 3173 1266 simulacrorum,
3233 1205 3290 1256 et
3345 1204 3713 1270 persuaderet

2082 1287 2564 1350 Atheniensibus,
2610 1287 2729 1341 fore
2781 1291 2845 1341 ut
2889 1293 3261 1359 resurgerent
3289 1290 3347 1344 in
3381 1289 3589 1344 ultimo
3620 1291 3712 1344 die

2076 1379 2307 1450 judicii,
2349 1383 2407 1434 et
2461 1379 2669 1434 darent
2717 1395 2911 1449 poenas
2960 1396 3160 1435 eorum
3211 1397 3336 1450 quas
3403 1381 3709 1438 fecissent:

2081 1469 2143 1532 ii,
2195 1471 2260 1522 ut
2306 1466 2406 1538 qui
2454 1470 2648 1523 essent
2686 1466 2818 1522 aliis
2876 1467 3065 1522 affecti
3112 1469 3598 1539 superstitiosius,
3656 1475 3712 1526 et

2082 1557 2139 1611 in
2176 1557 2392 1612 multas
2424 1556 2592 1612 divisi
2639 1561 2832 1613 essent
2870 1557 3188 1628 opiniones,
3221 1559 3712 1630 aggrediebantur

2083 1662 2213 1702 eum
2244 1646 2622 1715 subsannare,
2652 1649 2919 1702 vocantes
2947 1662 3078 1701 eum
3109 1647 3574 1702 annuntiatorem
3607 1664 3711 1703 no—

2083 1751 2285 1792 vorum
2335 1736 2725 1807 quorumdam
2780 1734 3218 1789 damoniorum.
3272 1733 3351 1790 Ns
3400 1744 3592 1791 autem
3637 1736 3709 1791 ab

2083 1825 2166 1880 eis
2199 1828 2565 1896 appeteretur
2603 1824 2728 1879 sola
2764 1823 3236 1889 subsannatione,
3271 1823 3374 1878 sed
3405 1824 3708 1879 molestum

2082 1914 2260 1969 etiam
2320 1913 2541 1984 aliquid
2599 1913 2931 1980 sustineret,
2993 1913 3136 1967 dans
3183 1911 3464 1968 rationem
3514 1928 3710 1968 eorum

2083 2019 2209 2074 quae
2241 2001 2314 2057 ab
2343 2001 2471 2071 ipso
2515 2000 2998 2071 praedicabantur,
3045 1998 3548 2069 apprehendentes
3579 2015 3710 2054 eum

2083 2093 2114 2146 d
2128 2094 2374 2145 uxerunt
2390 2089 2449 2144 in
2472 2091 2853 2160 Areopagum,
2876 2088 2974 2159 qui
2999 2093 3137 2142 tunc
3156 2087 3392 2157 quidem
3410 2091 3530 2143 erat
3550 2087 3713 2143 locus

2084 2179 2572 2251 congregationis,
2597 2184 2649 2234 et
2672 2178 3029 2234 Athenarum
3053 2180 3176 2232 erat
3197 2176 3711 2246 adhucjudicium.

2085 2269 2228 2324 Nam
2261 2269 2366 2324 etsi
2396 2271 2536 2322 tunc
2567 2265 2812 2322 Romani
2840 2265 2900 2321 in
2931 2281 3130 2321 omnes
3173 2265 3499 2321 obtinerent
3539 2266 3717 2333 impe-

2086 2358 2258 2424 rium,
2281 2355 2662 2410 Athenienses
2686 2357 2882 2408 tamen
2899 2357 2956 2408 et
2977 2352 3440 2408 Lacedaemonios
3460 2352 3551 2408 sui
3567 2352 3718 2422 juris

2085 2445 2459 2500 demiserant.
2487 2441 2703 2497 Fabula
2718 2445 2934 2510 autem,
2953 2442 3106 2496 sicut
3125 2440 3480 2512 ipsidicunt,
3508 2455 3718 2496 nomen

2084 2532 2326 2603 accepit,
2361 2531 2516 2602 quod
2548 2530 2852 2600 Neptunus
2872 2529 2931 2583 in
2968 2545 3033 2584 eo
3067 2533 3272 2584 contra
3308 2528 3550 2584 Martem
3590 2544 3722 2583 cau-

2086 2637 2199 2677 sam
2219 2619 2584 2684 sustinuerit,
2609 2619 2760 2688 quod
2784 2617 2961 2686 hujus
2987 2616 3173 2671 filium
3195 2615 3602 2672 Halirrothium
3625 2631 3720 2672 oc-

2085 2712 2341 2767 cidisset.
2372 2711 2516 2766 Cum
2539 2723 2673 2762 eum
2696 2722 2831 2778 ergo
2851 2706 3228 2761 adduxissent
3248 2707 3306 2761 in
3329 2705 3564 2760 illorum
3585 2721 3724 2761 con-

2089 2804 2374 2871 spectum,
2421 2798 2521 2868 qui
2559 2801 2616 2852 et
2663 2801 2894 2866 prepter
2931 2795 3157 2850 sedium
3208 2795 3600 2862 altitudinem,
3644 2797 3722 2860 et,

2089 2905 2214 2959 quas
2245 2891 2584 2955 evacuatur,
2632 2884 3000 2955 sapientiam,
3049 2901 3112 2940 se
3145 2885 3445 2954 magniﬁce
3476 2887 3720 2941 circum-

2091 2975 2446 3046 spiciebant:
2480 2978 2538 3028 et
2569 2973 2744 3029 simul
2775 2989 2976 3030 eorum
3009 2989 3134 3042 quas
3167 2973 3400 3041 fiebant,
3432 2973 3723 3030 auditores

2094 3069 2150 3120 et
2167 3063 2394 3133 judices
2441 3061 2843 3132 praesidebant,
2893 3077 3143 3131 quorum
3197 3076 3351 3115 unus
3398 3061 3570 3116 etiam
3601 3073 3726 3116 erat

2095 3149 2427 3222 Dionysius,
2468 3149 2636 3218 cujus
2667 3152 2723 3202 et
2753 3149 2810 3202 in
2843 3148 3108 3213 dicendo,
3147 3152 3205 3202 et
3228 3149 3545 3217 judicando
3576 3165 3724 3219 prae-

2096 3241 2279 3313 cipuae
2307 3242 2467 3294 erant
2491 3242 2680 3308 partes
2705 3253 2717 3290 :
2757 3257 2785 3286 ‹‹
2807 3239 3077 3301 Quasnam
3102 3241 3189 3291 est
3210 3237 3331 3292 haec
3351 3253 3519 3303 nova,
3544 3253 3673 3308 quas
3693 3254 3726 3293 a

2097 3336 2152 3387 te
2170 3329 2398 3394 dicitur,
2420 3325 2706 3393 doctrina,
2725 3346 2752 3374 »
2771 3323 2948 3379 Paulo
2967 3324 3257 3390 dixerunt,
3283 3345 3309 3376 α
3327 3325 3727 3396 sapientiaque

2096 3424 2154 3475 et
2176 3417 2470 3488 ingeniosa
2487 3413 2753 3468 decreta?
2767 3417 2824 3467 et
2841 3412 2974 3483 quis
2992 3416 3081 3467 est
3094 3412 3267 3468 Jesus
3283 3412 3438 3468 Deus
3456 3418 3510 3467 et
3528 3413 3724 3481 homo,

2097 3511 2154 3562 et
2182 3507 2241 3560 in
2272 3505 2431 3575 ligno
2453 3503 2579 3557 vitae
2610 3503 2776 3556 dator
2796 3505 2850 3557 et
2869 3501 3071 3571 judex,
3089 3517 3122 3555 a
3149 3517 3265 3571 quo
3289 3501 3348 3556 in
3372 3501 3470 3571 jus
3492 3507 3728 3557 vocatur

2099 3593 2344 3665 quilibet
2369 3590 2700 3646 redditurus
2731 3588 3013 3644 rationem
3032 3590 3062 3643 ‘2
3090 3590 3362 3656 Quaedam
3393 3589 3548 3644 enim
3579 3605 3728 3645 nova

2098 3687 2157 3740 et
2187 3681 2374 3737 aliena
2403 3679 2592 3734 defers
2623 3678 2695 3733 ad
2740 3693 2910 3734 aures
2959 3681 3212 3733 nostras.
3270 3677 3543 3733 Volumus
3591 3693 3726 3748 ergo

2101 3773 2267 3840 scire,
2296 3769 2439 3841 quid
2471 3769 2591 3823 haec
2632 3767 2745 3824 sibi
2776 3767 2994 3835 volunt,
3035 3771 3089 3822 et
3121 3783 3235 3838 quo
3264 3767 3534 3824 tendunt.
3560 3788 3588 3816 »ι
3630 3766 3730 3823 Ille

2101 3865 2295 3918 autem
2345 3874 2437 3915 res
2483 3873 2680 3913 eorum
2726 3856 2983 3927 primum
3033 3855 3315 3912 extollens
3361 3859 3419 3912 et
3459 3856 3726 3922 laudans,

2100 3947 2432 4007 neinsuetis
2449 3949 2504 4002 et
2518 3944 2722 4000 alienis
2755 3944 2947 4000 verbis
2967 3944 3339 4000 irritarentur
3355 3945 3523 4016 (iram
3550 3945 3729 4011 enim,

2101 4040 2182 4094 ait
2211 4038 2328 4106 ille,
2361 4035 2567 4092 avertit
2605 4051 2667 4090 se
2697 4032 3047 4088 submittens
3075 4033 3376 4102 responsio
3397 4033 3514 4104 (h):
3549 4053 3574 4084 ι
3608 4033 3731 4087 Viri

2101 4123 2310 4193 inquit,
2350 4121 2747 4182 Athenienses,
2788 4120 2859 4173 de
2901 4119 2976 4173 iis
3005 4134 3127 4187 quis
3157 4118 3546 4188 interrogatis,
3580 4123 3734 4191 post-

2103 4210 2340 4265 modum
2372 4208 2422 4262 si
2443 4206 2525 4262 ita
2554 4204 2845 4260 videbitur
2865 4205 3150 4259 disseram
3177 4221 3190 4259 :
3220 4221 3376 4260 nunc
3406 4210 3599 4262 autem
3632 4224 3734 4278 per

2102 4297 2302 4355 omnia
2329 4294 2494 4364 quasi
2525 4291 3040 4364 superstitiosiores
3071 4309 3169 4348 vos
3197 4292 3386 4348 video.
3417 4294 3732 4351 Transiens

2102 4386 2279 4452 enim,
2330 4388 2387 4440 et
2433 4381 2721 4455 aspiciens
2766 4397 2831 4438 ea
2878 4397 3008 4452 quas
3055 4380 3262 4449 colitis,
3312 4380 3508 4438 inveni
3557 4382 3731 4437 etiam

355 4477 416 4531 οὐ
453 4475 656 4548 μακρὰν
707 4474 795 4549 ἀφ’
847 4473 1076 4526 ἑκάστου
1127 4471 1281 4544 ὑμῶν
1332 4469 1667 4543 ὑπάρχοντα.
1713 4470 1800 4524 Ἐν
1850 4469 1983 4540 αὐτᾷ

2104 4491 2288 4544 aram,
2334 4473 2394 4528 in
2438 4489 2554 4544 qua
2598 4470 2946 4542 inscriptum
2977 4476 3142 4526 erat:
3185 4471 3367 4541 Ignoto
3397 4471 3519 4526 Deo.
3549 4472 3729 4535 Quem

354 4567 455 4639 γὰρ
488 4568 664 4634 ζῶμεν
691 4563 782 4616 καὶ
811 4560 1108 4633 κινούμεθα
1137 4559 1226 4614 καὶ
1267 4558 1443 4631 ἐσμέν.
1469 4581 1497 4611 ››
1526 4559 1747 4615 Τούτων
1799 4559 1994 4612 ἐκεῖνοι

358 4652 700 4719 ἀκούσαντες,
738 4651 827 4705 καὶ
855 4650 938 4704 ὅτι
977 4649 1199 4725 πλήρης
1218 4649 1245 4704 ὁ
1277 4647 1439 4722 λόγος
1461 4651 1680 4721 κομψῆς
1701 4646 1994 4722 ἐτύγχανεν

360 4742 613 4810 διανοίας,
668 4744 762 4796 οἶα
821 4741 1050 4815 βροντῆς
1101 4741 1232 4815 ἤχῳ
1285 4738 1735 4814 καταπλαγέντες,
1785 4739 1997 4816 ἀφωνία

361 4832 698 4909 συνείχοντο.
730 4831 858 4904 Ὀψέ
888 4827 944 4884 δέ
975 4831 1066 4884 καὶ
1119 4828 1281 4902 μόλις
1325 4852 1352 4881 ‹‹
1385 4827 1758 4901 Ἀκουσόμεθά
1801 4849 1894 4882 σου
1924 4832 1993 4902 τῇ

363 4917 632 4993 ὑστεραίᾳ,
675 4941 704 4968 ››
761 4915 1224 4996 ἐπιφθεγξάμενοι,
1271 4919 1369 4971 τοῦ
1410 4913 1762 4989 δικαστηρίου
1806 4919 1997 4970 τοῦτον

363 5011 594 5087 ἀφῆκαν.
651 5009 879 5077 ’Βξεισιν
919 5007 1010 5060 οὗν
1057 5007 1084 5059 ὁ
1117 5005 1330 5068 Παῦλος
1381 5006 1444 5060 οὗ
1491 5010 1666 5066 κεναῖς
1723 5005 1900 5080 χερσὶ,
1933 5005 1996 5060 τὸ

361 5097 644 5172 ᾀδόμενον*
677 5096 802 5152 ἀλλ’
833 5095 1163 5174 ἐφεπόμενον
1196 5095 1289 5150 τὸν
1320 5092 1581 5170 πρόεδρόν
1612 5115 1670 5148 τε
1699 5095 1784 5148 καὶ
1836 5114 1996 5167 κορυσ-

359 5193 519 5268 φαῖον
549 5194 649 5256 τῆς
678 5190 784 5240 τῶν
843 5187 1111 5262 σοφιστῶν
1160 5182 1464 5256 συμμορίας
1512 5177 1867 5256 παραλαϐὼν,
1904 5181 1995 5236 τὸν

365 5276 528 5352 μέγαν
549 5275 743 5331 τοῦτόν
776 5295 920 5347 φημι
955 5272 1252 5328 Διονύσιον⁸
1305 5271 1395 5325 καὶ
1441 5269 1620 5343 ὥτπερ
1666 5291 1750 5331 τις
1789 5267 1996 5342 Ὀλυμσ

361 5363 672 5434 πιονίκηςῆ
722 5362 1043 5436 στρατηγὸς,
1099 5365 1198 5425 τῆς
1251 5357 1385 5421 ἷδίας
1433 5358 1688 5434 γλώττης
1740 5358 1997 5432 τρόπαιον

436 5533 512 5602 (h)
545 5535 708 5588 Prov.
742 5547 833 5584 xv.

679 5659 945 5720 ΡΑτειοι..
993 5656 1102 5716 Gn.
1147 5656 1323 5720 CXV.

2103 4580 2240 4637 ergo
2261 4563 2600 4635 ignorantes
2621 4559 2828 4628 colitis,
2849 4575 2983 4616 eum
3006 4559 3290 4615 annuntio
3309 4559 3502 4627 vobis;
3527 4559 3576 4614 si
3599 4574 3731 4614 eum

2107 4655 2249 4709 forte
2278 4649 2798 4716 contreetaveritis,
2842 4653 2900 4705 et
2947 4647 3304 4715 inveneritis,
3354 4648 3462 4704 etsi
3503 4664 3618 4703 non
3659 4647 3735 4702 sit

2106 4742 2274 4813 longe
2303 4740 2374 4794 ab
2425 4753 2777 4809 unoquoque
2806 4740 3085 4792 vestrum.
3139 4735 3206 4789 In
3250 4735 3376 4805 ipso
3407 4734 3562 4790 enim
3592 4734 3734 4788 vivi-

2105 4847 2260 4897 mus,
2291 4833 2348 4885 et
2377 4843 2692 4894 movemur,
2726 4831 2781 4880 et
2800 4841 3026 4880 sumus.
3047 4845 3075 4874 »
3106 4824 3236 4879 Haec
3255 4839 3384 4879 cum
3407 4822 3492 4876 illi
3514 4821 3738 4877 audiis-

2105 4923 2255 4987 sent,
2280 4918 2554 4990 quoniam
2577 4913 2849 4987 gravibus
2872 4911 3176 4968 sententiis
3195 4910 3362 4981 plena
3391 4913 3510 4965 erat
3531 4911 3738 4978 oratio,

2105 5014 2383 5080 tanquam
2405 5022 2546 5062 sono
2568 5004 2783 5060 tonitru
2817 5005 3010 5058 essent
3039 4998 3445 5070 obstupefacti,
3480 4997 3741 5070 elingues

2107 5103 2162 5154 et
2181 5097 2328 5152 muti
2350 5097 2666 5151 evaserant.
2687 5094 2832 5149 Cum
2846 5094 3040 5146 autem
3054 5089 3143 5143 vix
3162 5089 3394 5143 tandem
3419 5087 3736 5146 dixissent:

2108 5208 2138 5238 «
2169 5183 2478 5240 Audiemus
2522 5190 2575 5236 te
2615 5179 2917 5252 postridie,
2946 5199 2974 5227 »
3024 5191 3158 5232 eum
3206 5175 3553 5230 dimiserunt
3583 5191 3612 5228 e
3634 5176 3742 5245 ju-

2109 5275 2279 5330 dicio.
2299 5271 2604 5344 Egreditur
2619 5285 2752 5338 ergo
2775 5266 3008 5333 Paulus,
3029 5281 3143 5320 non
3165 5263 3460 5328 inanibus,
3481 5269 3546 5318 ut
3564 5262 3740 5334 vulgo

2109 5365 2344 5430 dicitur,
2367 5360 2657 5424 manibus,
2681 5356 2773 5412 sed
2793 5371 2989 5412 secum
3004 5358 3257 5426 accepto,
3275 5352 3520 5424 quieum
3545 5367 3744 5422 seque-

3350 5642 3427 5700 33
