4142 6248
502 326 654 386 1035

1832 310 2118 371 MENSIS
2163 307 2544 369 OCTOBEB.

3730 305 3874 369 1036

497 487 687 552 batur,
708 480 970 555 praeside,
995 483 1051 535 et
1072 475 1279 534 classis
1303 473 1697 545 scphistarum
1719 468 1997 541 principe,
2022 467 2104 523 hol

2216 465 2401 533 ,αὐτὸν
2458 464 2825 537 ποιησάμενος
2883 463 2972 517 καὶ
3029 463 3234 538 καρπὸν
3290 470 3538 521 τοιοῦτον
3595 471 3693 521 τοῦ
3751 470 3877 541 πρὸς

494 590 729 646 magno,
762 572 1027 641 inquam,
1056 566 1348 636 Dionysio.
1374 564 1454 618 De
1484 578 1620 633 quo,
1653 567 1931 629 tanquam
1963 556 2126 628 quis-

492 664 648 735 piam
699 660 881 715 victor
938 654 1296 727 Olympicus,
1342 656 1439 708 aut
1486 654 1601 705 dux
1648 648 1960 713 exercitus,
2007 662 2124 701 suae

486 734 700 821 linguae
732 744 915 802 erexit
944 742 1293 814 trophmum.
1329 744 1384 795 et
1425 739 1577 793 hunc
1609 738 1864 792 fructum
1896 734 2126 804 collegit

485 855 554 895 ex
584 837 838 894 oratione
865 849 1039 904 quam
1063 830 1271 887 habuit
1302 828 1375 884 ad
1395 826 1799 883 Athenienses.
1838 825 1913 879 Iis
1944 823 2121 888 enim,

484 943 610 997 quae
643 926 712 979 de
743 924 886 979 Jesu
937 920 1279 976 dicebantur
1310 934 1343 972 a
1373 932 1632 988 praecone
1676 912 1955 979 veritatis,
1989 926 2123 967 cum

481 1033 515 1070 a
538 1032 596 1070 se
620 1014 783 1085 prius
802 1011 989 1066 visam
1016 1008 1076 1062 in
1098 1012 1361 1078 tempore
1378 1004 1668 1077 passionis
1691 1002 2121 1058 innovationem

480 1103 589 1160 sibi
612 1102 724 1173 ipsi
749 1098 1121 1169 explicuisset
1136 1094 1537 1159 luminarium,
1556 1097 1612 1148 et
1629 1092 1779 1148 hanc
1798 1091 2121 1146 humanam

478 1191 843 1262 despexisset
874 1187 1239 1258 sapientiam,
1284 1187 1537 1238 sectatur
1566 1181 1807 1237 verbum
1837 1179 2121 1247 veritatis,

477 1286 534 1335 et
570 1278 920 1349 adjungitur
950 1272 1263 1345 Apostolo;
1305 1278 1359 1326 et
1405 1268 1865 1341 regenerationis
1894 1267 2120 1322 lavacro

476 1370 947 1434 consummatus,
978 1365 1043 1419 lit
1070 1362 1249 1418 simul
1281 1358 1627 1430 discipulus,
1660 1363 1717 1414 et
1748 1374 1932 1429 prisco
1963 1356 2122 1412 Chri-

476 1456 570 1522 sti,
607 1457 707 1526 qui
739 1458 825 1509 est
857 1454 1079 1525 primus
1111 1452 1312 1506 doctor
1340 1447 1621 1504 veritatis.
1654 1448 1715 1501 Et
1743 1462 1874 1501 cum
1900 1446 2119 1517 primas

477 1545 613 1601 ﬁdei
644 1541 1084 1599 exercitationes
1115 1544 1171 1595 et
1200 1537 1543 1609 disciplinas
1576 1555 1605 1593 a
1636 1537 1802 1591 beato
1833 1534 2121 1606 percepis-

476 1638 565 1690 set
600 1632 925 1700 Hierotheo,
954 1635 1012 1687 et
1040 1629 1100 1685 in
1132 1629 1327 1695 verbo,
1361 1631 1417 1682 et
1447 1627 1505 1682 in
1533 1627 1646 1681 vita
1676 1626 1746 1680 ab
1770 1641 1834 1680 eo
1859 1625 2115 1690 docetur,

475 1727 533 1779 et
556 1722 738 1777 sancti
764 1720 1013 1791 Spiritus
1040 1716 1513 1773 communionem
1536 1715 1609 1770 ab
1632 1731 1697 1770 eo
1720 1713 2112 1784 consequitur.

2236 553 2560 622 Ἀθηναίους
2622 550 2789 627 λόγου
2838 552 3068 627 θερίσας.
3121 555 3253 615 Τοῖς
3296 555 3403 628 γὰρ
3451 557 3598 629 παρὰ
3646 560 3741 611 τοῦ
3782 564 3875 625 τῆς

2232 640 2495 711 ἀληθείας
2539 643 2777 715 κήρυκος
2824 642 2946 715 περὶ
3011 646 3108 696 τοῦ
3168 647 3354 711 Ἰησοῦ
3413 642 3735 718 λεγομένοις
3782 649 3874 714 τήν

2234 733 2623 806 προοραθεῖσαν
2657 731 2804 803 αὑτῷ
2844 730 2977 785 κατά
3005 731 3097 785 τὸν
3147 733 3337 806 καιρὸν
3364 736 3473 803 ﬁcii
3523 735 3728 798 πάθους
3773 740 3872 790 τῶν

2234 825 2535 902 φωστήρων
2595 821 2953 895 καινοτομίαν
3004 818 3306 895 συμϐαλὼν
3356 823 3578 892 ἐκεῖνος,
3644 825 3733 881 καὶ
3780 834 3872 896 τῆς

2234 910 2575 985 ἀνθρωπίνης
2605 912 2806 980 ταύτης
2832 911 3027 987 σοφίας
3078 908 3365 984 ὑπεριδὼν,
3415 916 3515 966 τοῦ
3566 912 3731 985 λόγου
3780 922 3871 983 τῆς

2230 999 2487 1069 ἀληθείας
2519 998 2743 1076 γίνεται,
2775 998 2865 1052 καὶ
2914 1003 2996 1070 τῷ
3053 998 3376 1072 Ἀποστόλῳ
3425 1002 3750 1065 συντίθεται’
3800 1008 3871 1076 τῷ

2229 1110 2287 1143 τε
2348 1088 2562 1162 λουτρῷ
2617 1096 2716 1157 τῆς
2773 1087 3193 1161 παλιγγενεσίας
3241 1087 3576 1159 τελειωθεὶς,
3632 1093 3871 1162 μαθητὴς

2232 1178 2371 1248 ὁμοῦ
2401 1178 2490 1231 καὶ
2541 1178 2705 1249 κῆρυξ
2754 1178 2990 1250 Χριστοῦ
3044 1180 3141 1230 τοῦ
3189 1178 3412 1250 πρώτου
3467 1185 3568 1247 τῆς
3618 1179 3870 1249 ἀληθείας

2232 1261 2560 1318 διδασκάλου
2600 1264 2936 1321 καθίσταται.
3001 1261 3099 1318 Καὶ
3145 1266 3210 1319 τά
3271 1271 3462 1340 πρῶτα
3507 1269 3606 1335 τῆς
3655 1266 3869 1337 ἡλικίας

2231 1348 2546 1425 διατριϐῶν,
2603 1355 2692 1407 καὶ
2749 1350 2995 1415 παιδείας
3051 1357 3129 1425 τῷ
3198 1356 3469 1430 μακαρίτῃ
3530 1360 3867 1428 κοινωνήσας

2227 1440 2491 1514 Ἱεροθέῳ,
2522 1440 2639 1515 βίον
2678 1442 2778 1496 ὑπὸ
2816 1440 2996 1513 τούτῳ
3042 1446 3134 1495 καὶ
3188 1441 3348 1517 λόγον
3398 1442 3731 1499 παιδεύεται·
3785 1448 3867 1501 καί

2226 1536 2324 1598 τῆς
2355 1529 2522 1600 αὐτῆς
2554 1530 2700 1601 αὐτῷ
2727 1535 2823 1585 τοῦ
2856 1532 3016 1604 ἁγίου
3056 1530 3368 1605 [Ινεὺματος
3413 1535 3702 1595 κοινωνίας
3743 1555 3865 1589 κατ-

2227 1621 2487 1689 αξιοῦται,
2536 1619 2626 1673 καὶ
2681 1615 2964 1680 ἀναϐάσεις
3012 1618 3063 1673 ἐν
3111 1624 3180 1693 τῇ
3231 1616 3426 1695 καρδίᾳ
3467 1622 3863 1695 ἀνατιθέμενος,

2228 1704 2518 1784 φιλοσοφεῖ
2570 1708 2669 1775 τὴν
2735 1706 3016 1776 ἀλήθειαν·
3078 1708 3411 1780 ζητεῖμετᾶ
3455 1716 3555 1778 τῆς
3618 1709 3867 1781 ἀληθείας

476 1811 697 1867 Deinde
723 1808 1096 1864 escensiones
1126 1806 1186 1860 in
1219 1805 1391 1860 corde
1420 1820 1525 1859 suo
1557 1803 1897 1875 disponens,
1932 1801 2104 1872 philo

2230 1794 2350 1869 περὶ
2382 1799 2588 1873 ψυχῆς,
2621 1797 2745 1870 περὶ
2789 1797 3068 1869 σώματος,
3117 1797 3240 1871 περὶ
3288 1804 3388 1866 τῆς
3439 1804 3547 1852 τῶν
3596 1802 3866 1873 πρακτέων

476 1901 766 1971 sophatur
788 1898 1089 1954 veritatem
1110 1914 1123 1963 ;
1154 1895 1361 1966 quaerit
1383 1910 1516 1949 cum
1537 1893 1798 1963 veritate,
1821 1892 1891 1947 de
1908 1892 2123 1957 anima,

475 1992 550 2046 de
582 2006 840 2060 corpore,
875 2004 939 2044 ac
979 1989 1049 2043 de
1080 1986 1411 2043 substantia
1460 2000 1654 2039 rerum
1696 1984 2119 2055 gerendarum:

484 2078 796 2132 mortiﬁcat
826 2075 1023 2131 omnia
1054 2074 1313 2129 membra
1334 2089 1459 2139 sua,
1485 2088 1613 2143 quae
1636 2075 1774 2127 sunt
1803 2085 1981 2142 super
2008 2074 2120 2124 ter-

482 2182 632 2231 ram,
650 2165 842 2219 carnis
861 2164 1073 2219 multas
1094 2163 1247 2233 leges
1264 2162 1626 2218 constituens
1643 2159 1713 2215 ad
1730 2159 2119 2215 obediendum

484 2253 719 2322 spiritui
745 2268 757 2317 ;
785 2253 949 2308 docet
981 2266 1151 2306 aures
1172 2249 1497 2306 auscultare
1517 2265 1639 2319 qua
1670 2248 1887 2312 divina,
1911 2254 1963 2302 et
1993 2262 2117 2317 quae

484 2349 621 2396 sunt
651 2342 721 2395 de
742 2343 855 2396 Deo
886 2341 1212 2405 audienda;
1238 2338 1309 2392 iis
1330 2342 1519 2394 autem
1544 2354 1669 2408 qua:
1693 2341 1829 2391 sunt
1849 2340 2008 2392 extra
2029 2352 2114 2401 ea,

481 2429 742 2484 divinum
777 2436 994 2482 metum
1048 2425 1461 2482 inexorabilem
1509 2424 1744 2480 adhibet
1768 2424 2111 2492 janitorem:

477 2521 535 2571 et
564 2522 749 2572 totum
782 2516 1016 2572 oculum
1041 2515 1287 2571 traducit
1310 2516 1375 2569 ad
1402 2513 1699 2569 veritatem
1723 2512 2115 2581 contemplan—

478 2607 632 2662 dam.
668 2607 829 2671 Quod
863 2614 1055 2660 autem
1080 2605 1149 2658 ad
1175 2604 1438 2674 linguam
1462 2602 1733 2673 pertinet,
1756 2610 1810 2655 et
1836 2601 1881 2654 si
1914 2617 2028 2655 non
2054 2602 2113 2654 in

474 2695 567 2763 iis,
600 2695 660 2750 in
694 2694 907 2765 quibus
933 2693 1254 2763 oportebat,
1288 2690 1425 2746 olim
1459 2692 1659 2745 edocta
1690 2690 1898 2755 fuerat,
1932 2688 2112 2757 philo-

475 2782 713 2854 sophice
744 2788 933 2837 tamen
967 2786 1022 2835 et
1052 2780 1258 2848 Attice,
1304 2777 1598 2847 multaque
1636 2793 1769 2831 cum
1815 2775 2113 2848 diligentia

475 2873 697 2928 erudita
728 2875 870 2927 erat.
904 2870 1101 2940 Itaque
1124 2869 1279 2924 brevi
1306 2867 1621 2940 Dionysius
1651 2868 1707 2937 (ο
1738 2866 2109 2934 miraculum)

473 2966 711 3031 superat
758 2976 977 3026 omnes,
1042 2958 1142 3030 qui
1203 2961 1654 3029 praecesserant:
1714 2960 1771 3011 et
1820 2972 1952 3012 cum
2004 2974 2112 3027 po—

469 3052 745 3104 testatem
768 3064 883 3102 non
906 3048 1247 3103 subfuratus
1264 3055 1435 3112 esset,
1458 3046 1557 3100 sed
1579 3061 1676 3115 per
1694 3047 1908 3115 gradus
1928 3049 2111 3101 trans-

469 3136 633 3191 iisset
660 3136 981 3200 inferiores,
1016 3134 1257 3206 pulchre
1288 3134 1445 3203 pasci
1479 3133 1797 3201 didicisset,
1830 3133 1902 3188 ad
1933 3150 2106 3202 supe-

2233 1884 2529 1959 ὑπάρξεως’
2576 1885 2750 1941 πάντα
2795 1892 2981 1962 νεκροῖ
3024 1888 3091 1942 τὰ
3151 1886 3292 1959 μέλη
3342 1889 3409 1941 τὰ
3455 1888 3541 1944 ἐπὶ
3599 1898 3698 1958 τῆς
3751 1898 3870 1966 γῆς¹

2229 1972 2416 2029 πολλὰ
2444 1978 2513 2047 τῇ
2546 1975 2707 2049 σαρκὶ
2737 1978 3132 2048 νομοθετήσας,
3165 1976 3239 2037 εἰς
3270 1976 3545 2053 ὑποταγὴν
3586 1983 3682 2033 τοῦ
3714 1982 3871 2035 πνεό-

2233 2081 2423 2135 ματος’
2457 2062 2794 2140 παιδαγωγεῖ
2824 2065 2921 2133 τὴν
2954 2064 3125 2134 ἀκοὴν
3156 2063 3254 2120 ὅσα
3274 2067 3390 2120 θεῖα
3428 2067 3517 2120 καὶ
3566 2069 3689 2143 περὶ
3738 2076 3868 2125 Θεοῦ

2229 2149 2603 2217 ἐνωτίσασθαι’
2635 2158 2751 2214 τοῖς
2810 2150 2864 2207 δὲ
2909 2152 3117 2208 τούτων
3168 2153 3320 2216 ἐκτὸς
3368 2155 3460 2209 τὸν
3511 2158 3652 2210 θεῖον
3700 2154 3866 2236 φόϐον

2226 2244 2471 2318 θυρωρὸν
2523 2242 2801 2323 ἐφίστησιν
2858 2245 3251 2319 ἀπαραίτητον
3312 2245 3441 2301 ὅλον
3502 2247 3725 2324 μετάγει
3777 2252 3865 2305 τὸν

2225 2332 2506 2409 ὀφθαλμὸν
2539 2332 2625 2387 ἐπὶ
2657 2336 2759 2402 τήν
2793 2333 3071 2405 ἀλήθειαν.
3104 2335 3180 2389 Τὰ
3210 2335 3313 2411 γὰρ
3364 2342 3459 2405 τῆς
3512 2334 3791 2411 γλώττης,
3825 2340 3866 2393 εί

2221 2421 2311 2474 καὶ
2349 2422 2424 2493 μή
2458 2422 2511 2476 ἐν
2545 2422 2628 2483 οἷς
2676 2422 2845 2497 ἐχρῆν
2896 2424 3178 2499 πρότερον,
3232 2423 3359 2479 ἀλλ’
3409 2423 3499 2479 οὖν
3545 2425 3865 2507 φιλοσόφως

2220 2529 2277 2562 τε
2315 2509 2406 2563 καὶ
2458 2510 2720 2571 Ἀττικῶς
2769 2511 2858 2565 καὶ
2906 2512 3041 2585 πρὸς
3097 2508 3374 2587 ἀκρίϐειαν
3424 2512 3857 2571 ἐνεπεπαίδευτο·

2221 2596 2318 2649 Καὶ
2361 2594 2405 2650 ὣ
2440 2603 2534 2652 τοῦ
2582 2600 2898 2672 θαύματοςί
2951 2598 3004 2654 ἐν
3054 2602 3254 2676 βραχεῖ
3296 2600 3497 2663 πάντας
3548 2600 3859 2677 ὑπερϐαίνει

2218 2683 2343 2746 τοὺς
2376 2682 2697 2760 ἔμπροσθεν,
2731 2691 2792 2741 ού
2818 2687 3023 2762 κλέψας
3066 2692 3166 2757 τὴν
3221 2690 3458 2762 ἐξουσίαν
3510 2690 3636 2746 οὐδὲ
3685 2695 3859 2769 ἀρπά-

2221 2794 2337 2839 σας,
2370 2773 2515 2830 ἁλλά
2544 2774 2670 2837 τοὺς
2700 2778 2847 2831 κάτω
2883 2779 3125 2852 βαθμοὺς
3160 2777 3469 2847 διεξελθών.
3511 2782 3615 2837 Καὶ
3642 2784 3707 2837 τὸ
3734 2805 3852 2838 ποι-

2224 2862 2499 2934 μαίνεσθαι
2531 2863 2714 2928 καλῶς
2746 2864 3019 2940 ἐκμαθὼν,
3060 2872 3168 2922 τῶν
3201 2866 3308 2922 ἄνω
3338 2869 3482 2946 ταχὺ
3512 2869 3732 2945 γίνεται,
3761 2872 3843 2925 καὶ

2218 2957 2494 3024 ποιμαίνει
2533 2955 2664 3026 μετὰ
2691 2962 2791 3024 τῆς
2818 2957 3007 3029 πείρας
3039 2956 3286 3032 ὕστερον·
3319 2957 3409 3011 καὶ
3431 2957 3680 3021 ἐπιεικῶς
3695 2958 3841 3035 ἆρχε-

2220 3053 2339 3104 σθαι
2376 3042 2581 3113 μαθὼν,
2617 3044 2776 3117 ἄρχει
2806 3043 3217 3118 ἐπιεικέστερον·
3250 3046 3342 3099 καὶ
3384 3047 3519 3119 μετὰ
3565 3054 3665 3116 τῆς
3710 3049 3844 3118 ἀλη-

2220 3130 2363 3192 θείας
2397 3128 2634 3203 διδάξας,
2696 3130 2785 3186 διᾶ
2830 3133 3006 3203 πάσης
3049 3154 3108 3187 τε
3157 3131 3330 3188 ἐλθὼν
3384 3133 3647 3207 εὐταξίας,
3695 3135 3850 3199 τέλος

470 3224 625 3279 riora
655 3240 785 3279 mox
816 3223 1090 3294 pervenit,
1122 3228 1178 3278 et
1211 3223 1395 3293 pascit
1421 3227 1616 3293 postea
1647 3238 1779 3277 cum
1813 3222 2104 3293 experien-

2350 3187 2361 3192 -
2525 3187 2545 3203 τ
2600 3187 2634 3200 -,
2899 3187 2902 3188 ν
2965 3187 3004 3203 .-
3237 3187 3288 3188 η
3421 3187 3647 3207 κητγντ,

2216 3220 2312 3286 τήν
2343 3224 2450 3273 τῶν
2490 3221 2733 3289 Ἀθηνῶν
2783 3222 3082 3284 πιστετθεὶς
3130 3220 3445 3297 προεδρίαν,
3492 3229 3601 3279 τῶν
3652 3225 3850 3280 οἷάκων

466 3313 583 3381 tia;
634 3317 690 3367 et
739 3328 874 3367 cum
931 3314 1184 3367 modeste
1234 3328 1433 3381 parere
1491 3310 1805 3378 didicisset,
1858 3311 2105 3378 imperat

466 3399 827 3466 modestius;
852 3402 909 3453 et
929 3414 1054 3451 cum
1076 3397 1364 3453 docuisset
1387 3413 1517 3452 cum
1543 3397 1803 3455 veritate.
1836 3395 2099 3449 obiisset—

465 3503 579 3558 que
608 3502 812 3543 omnes
836 3486 972 3541 boni
994 3484 1215 3539 ordinis
1239 3490 1451 3553 partes,
1484 3485 1719 3539 tandem
1749 3484 1801 3537 ei
1831 3484 2100 3538 mandato

462 3577 823 3631 Athenarum
874 3574 1235 3645 pontificatu,
1282 3573 1459 3628 clavis
1505 3574 1764 3644 presidet
1811 3571 2098 3638 Ecclesiae,

463 3665 831 3734 ostenditque
860 3679 1033 3717 suum
1083 3678 1425 3733 generosum
1478 3662 1757 3725 animum,
1790 3665 1846 3715 et
1886 3669 2100 3732 pugnat

464 3770 567 3822 pro
598 3768 803 3823 grege:
837 3751 1185 3821 expellitque
1205 3750 1442 3816 bestias,
1464 3754 1519 3803 et
1539 3752 1687 3818 ejus,
1713 3752 1866 3819 quod
1900 3751 2098 3807 morbo

461 3841 711 3909 laborat,
743 3855 941 3894 curam
987 3838 1157 3907 gerit,
1203 3841 1259 3891 et
1289 3838 1440 3907 quod
1473 3837 1643 3907 longe
1686 3842 1773 3892 est
1804 3844 2093 3893 remotum

2211 3314 2313 3374 τῆς
2374 3306 2698 3379 Ἐκκλησίας
2760 3311 3196 3383 ὑπερκαθέζεται.
3255 3312 3318 3367 τό
3378 3333 3436 3367 τε
3472 3317 3570 3382 τῆς
3625 3317 3853 3388 γνώμης

2210 3401 2444 3466 γενναῖον
2509 3395 2850 3468 ἐπιδεικνύει,
2906 3398 2995 3452 καὶ
3051 3401 3397 3474 προπολεμεῖ
3431 3409 3530 3471 τῆς
3589 3405 3860 3477 ποίμνης,

2210 3481 2299 3536 καὶ
2332 3478 2596 3536 ἀποσοϐεῖ
2624 3484 2749 3545 τοὺς
2779 3488 2969 3560 θῆρας,
2999 3488 3089 3541 καὶ
3118 3492 3217 3542 τοῦ
3271 3490 3633 3559 νενοσηκότος
3666 3490 3865 3564 ἐπιμε-

2212 3570 2414 3641 λεῖται,
2456 3572 2545 3626 καὶ
2600 3574 2660 3628 τὸ
2723 3578 3021 3651 μακρυνθὲν
3082 3577 3360 3656 ἐπανάγειο
3421 3582 3511 3636 καὶ
3572 3584 3867 3641 συνελόντα

2210 3661 2393 3735 φάναι,
2424 3668 2553 3715 πᾶσι
2591 3662 2657 3717 τὰ
2687 3663 2860 3718 πάντα
2889 3666 3024 3720 κατὰ
3054 3670 3145 3721 τὸν
3179 3668 3341 3723 αὐτοῦ
3400 3668 3729 3727 διδάσκαλον
3776 3674 3859 3748 γί-

2208 3770 2370 3806 νεται.
2407 3750 2566 3807 Οὕτω
2596 3773 2653 3806 τε
2681 3751 2917 3823 διδάξας,
2948 3757 3035 3809 καὶ
3086 3758 3185 3825 τήν
3235 3757 3442 3831 Τριάδα
3492 3758 3859 3836 θεολογήσας,

2210 3844 2391 3917 σαφῶς
2424 3842 2546 3916 περὶ
2576 3848 2683 3896 τῶν
2718 3842 2903 3898 ἀλλων
2937 3842 3295 3918 διαλαμϐάνει
3331 3846 3630 3921 δυνάμεων.

459 3930 721 3984 reducit:
771 3932 847 3995 et,
882 3937 939 3982 ut
978 3927 1153 3981 semel
1185 3926 1397 3992 dicam,
1432 3925 1586 3981 sicut
1624 3926 1747 3997 ejus
1780 3928 2075 3997 magister,
2127 3933 2399 3987 omnibus
2431 3935 2489 3987 fit
2538 3936 2733 3991 omnia
2765 3938 2850 4007 (ἰ).
2901 3939 3039 3993 Cum
3092 3940 3177 3995 sic
3207 3945 3400 3996 autem
3450 3944 3743 4000 docuisset
3800 3953 3863 4002 et.

460 4019 531 4074 de
560 4019 852 4074 Trinitatis
883 4016 1177 4072 divinitate
1209 4016 1604 4082 disseruisset,
1635 4016 1788 4071 clare
1820 4021 2021 4070 tractat
2053 4019 2122 4072 de
2153 4023 2417 4090 supernis
2463 4023 2792 4080 virtutibus.

529 4111 671 4162 Cum
721 4124 853 4163 vero
898 4108 967 4162 ad
1032 4110 1254 4161 tantam
1318 4105 1671 4175 pervenisset
1718 4105 1983 4176 gratiam,
2038 4112 2098 4162 ut

461 4197 695 4266 quando
757 4196 1034 4268 Deiparae,
1092 4196 1245 4265 quod
1300 4199 1478 4249 Deum
1535 4194 1792 4264 suscepit
1841 4196 2096 4263 corporis

455 4285 759 4356 emigravit
787 4285 1052 4355 spiritus,
1105 4283 1278 4339 simul
1331 4284 1561 4338 adesset
1608 4300 1742 4339 cum
1796 4284 2092 4353 apostolis,

453 4374 549 4443 qui
583 4389 684 4444 per
713 4373 985 4443 spiritum
1020 4382 1071 4428 et
1102 4375 1316 4428 nubem
1352 4374 1421 4427 ad
1455 4372 1607 4427 hanc
1641 4388 1863 4427 sacram
1898 4388 2090 4429 acces-

452 4466 651 4515 serant
679 4463 1061 4531 sepulturam,
1111 4479 1222 4516 non
1259 4460 1508 4529 amplius
1541 4461 1893 4515 existimavit
1924 4479 2090 4533 opor-

449 4556 570 4604 tere
618 4566 736 4603 una
767 4548 1015 4613 civitate,
1068 4564 1274 4617 nempe
1319 4549 1582 4616 Athenis,
1616 4548 2094 4608 circumscribere

449 4640 592 4695 tales
619 4654 757 4709 opes
789 4638 1022 4707 gratia;
1072 4637 1173 4692 sed
1224 4636 1419 4692 volens
1474 4637 1860 4708 multiplicare
1902 4640 2090 4694 talen-

448 4734 601 4797 tum,
634 4736 688 4783 et
718 4725 883 4797 sequi
934 4727 1024 4781 sui
1080 4725 1338 4796 magistri
1370 4726 1630 4796 vestigia,
1664 4727 1876 4782 relictis
1908 4728 2087 4783 Athe-

451 4818 564 4883 nis,
596 4820 652 4872 et
682 4821 836 4871 terra
866 4824 920 4870 et
952 4816 1097 4871 mari
1144 4815 1330 4870 multa
1378 4832 1584 4885 passus
1616 4818 1829 4885 gravia,
1867 4832 1971 4871 nec
2003 4823 2091 4871 ta-

448 4921 579 4960 men
613 4905 684 4960 ab
724 4907 804 4962 eis
845 4907 1189 4972 retardatus,
1215 4906 1311 4960 sed
1338 4921 1718 4976 supernarum
1744 4922 1935 4961 rerum
1960 4923 2088 4962 con-

442 4993 819 5064 templatione
852 4994 1055 5049 inferis
1103 4994 1377 5049 omnibus
1411 4993 1721 5065 superatis,
1769 4995 1837 5049 ad
1868 4994 2081 5065 regiam

441 5084 635 5137 urbem
687 5084 946 5153 pervenit
994 5084 1274 5148 Romam;
1327 5088 1383 5137 et
1439 5083 1659 5137 accedit
1716 5084 1947 5153 quidem
2009 5085 2077 5138 ad

436 5170 815 5239 Clementem,
848 5172 947 5242 qui
995 5177 1134 5227 tunc
1165 5173 1357 5227 sedem
1393 5171 1628 5226 tenebat
1672 5170 2071 5241 apostolicam,

2279 4110 2380 4164 Καὶ
2414 4111 2487 4173 εἰς
2513 4117 2674 4166 τοῦτο
2704 4115 2932 4187 χάριτος
2984 4113 3181 4184 ἐλθὼν,
3237 4119 3335 4183 ὡς,
3384 4121 3546 4187 ἡνίκα
3592 4125 3658 4174 τι)
3688 4127 3862 4175 πνεῦ-

2212 4218 2286 4268 μα
2316 4204 2415 4267 τῆς
2449 4200 2711 4254 Θεοτόκου
2744 4204 2996 4274 σώματος
3053 4203 3302 4276 ἐξεδῆμει
3350 4214 3466 4270 τοῖς
3512 4208 3861 4272 ἀποστόλοις

2207 4283 2293 4339 διὰ
2324 4288 2627 4360 πνεύματος
2675 4290 2765 4344 καὶ
2812 4290 3042 4368 νεφέλης
3090 4296 3157 4365 τῇ
3211 4294 3327 4368 ἱερᾷ
3364 4296 3557 4349 τούτου
3602 4297 3861 4352 ἐπιστασι

2203 4379 2345 4452 ταφῇ
2381 4385 2759 4451 συμπαρεῖναι·
2798 4375 3001 4434 οὐκέτι
3048 4378 3157 4435 δεῖν
3201 4383 3338 4453 ᾤετο
3398 4390 3493 4455 μιᾷ
3540 4383 3701 4439 πόλει
3735 4394 3861 4449 ταῖς

2206 4467 2457 4533 Ἀθήναις
2487 4469 2573 4520 τὸν
2636 4473 2891 4523 τοσοῦτον
2943 4470 3271 4545 περιγράψαι
3322 4472 3559 4527 πλοῦτον
3603 4482 3703 4542 τῆς
3748 4478 3858 4549 χά-

2207 4573 2376 4626 ριτοςο
2416 4555 2562 4610 ἀλλά
2590 4557 2651 4609 τὸ
2683 4556 2947 4612 τάλαντον
2994 4559 3437 4615 πολυπλασιάσαι
3487 4561 3856 4635 βουλόμενος,

2198 4642 2287 4694 καὶ
2326 4644 2440 4696 κατ’
2486 4643 2635 4717 ἴχνος
2688 4639 2904 4707 ἔπεσθαι
2954 4652 3031 4715 τῷ
3082 4645 3415 4720 διδασκάλῳ,
3463 4652 3556 4711 τὰς
3610 4652 3852 4719 Ἀθήνας

2196 4730 2507 4800 ἀπολιπὼν,
2540 4731 2728 4786 πολλα
2780 4735 2875 4804 μὲν
2925 4737 3057 4789 κατὰ
3114 4744 3216 4810 γῆν
3275 4740 3479 4809 παθὼν,
3540 4738 3724 4794 πολλά
3786 4738 3851 4795 δὲ

2194 4819 2281 4871 καὶ
2314 4822 2449 4874 κατὰ
2490 4818 2759 4874 θάλασσαν
2818 4822 3108 4893 ὑπομείνας
3165 4825 3233 4878 τά
3291 4824 3530 4899 δυσχερῆ
3593 4828 3679 4881 καὶ
3740 4850 3851 4900 μη-

2195 4904 2251 4960 δὲ
2309 4910 2412 4961 ὑπὸ
2470 4910 2679 4965 τούτων
2731 4911 3106 4985 κατασχεθεὶς,
3168 4912 3294 4968 ἀλλ’
3379 4916 3509 4990 ὑπὲρ
3570 4917 3636 4971 τά
3690 4920 3840 4970 κάτω

2190 4996 2357 5050 πάντα
2395 5002 2462 5069 τῇ
2505 5002 2611 5050 τῶν
2662 4996 2771 5053 ἂνω
2824 5002 3023 5073 θεωρίᾳ
3073 4999 3381 5076 γενόμενος,
3424 5007 3523 5073 τὴν
3578 5002 3840 5080 βασιλίδα

2189 5086 2409 5155 Ῥώμην
2469 5084 2892 5159 καταλαμϐάνει,
2957 5089 3045 5143 καὶ
3104 5092 3349 5164 πρόσεισι
3415 5094 3697 5167 Κλήμεντι
3741 5095 3841 5148 τὸν

2188 5172 2549 5228 ἀποστολικὸν
2610 5182 2901 5244 τηνικαῦτα
2958 5180 3147 5249 θρόνον
3210 5178 3467 5234 διέποντι·
3532 5184 3589 5244 ὃς
3642 5183 3843 5256 Πέτρῳ

432 5259 648 5329 quique
679 5276 713 5313 a
756 5276 965 5330 magno
1016 5260 1180 5314 Petro
1226 5262 1412 5315 fuerat
1464 5258 1725 5325 edoctus,
1776 5264 1833 5314 et
1876 5260 1964 5312 cui
2001 5263 2071 5315 ab

429 5346 527 5400 illo
591 5347 777 5400 fuerat
834 5348 1053 5401 credita
1103 5348 1286 5403 sedes.
1337 5348 1419 5401 Ad
1482 5362 1611 5400 eum
1662 5362 1798 5418 ergo
1849 5348 2071 5402 accedit

428 5432 758 5503 Dionysius,
789 5441 842 5485 et
881 5449 1017 5488 cum
1066 5435 1117 5489 ei
1162 5451 1333 5490 suum
1387 5433 1755 5503 exposuisset
1801 5439 2066 5505 Evange—

2180 5266 2258 5331 τῷ
2296 5262 2515 5336 μεγάλῳ
2565 5262 2772 5339 ἐφοίτα,
2824 5267 2910 5319 καὶ
2957 5268 3045 5321 τὸν
3106 5268 3293 5341 θρόνον
3343 5270 3428 5323 ὑπ’
3478 5270 3683 5325 ἐκείνου
3733 5294 3838 5327 πε.-

2179 5351 2451 5407 πίστευτο.
2494 5353 2679 5425 Τούτῳ
2741 5352 2831 5408 οὖν
2891 5357 3134 5426 πρόσεισι
3196 5358 3494 5424 Διονύσιος,
3561 5359 3649 5413 καὶ
3698 5363 3834 5415 καθ’

2176 5438 2362 5492 ἑαυτὸν
2394 5440 2749 5514 προσαναθεὲς
2799 5442 3130 5519 Εὑαγγέλιον
3179 5444 3237 5499 τό
3286 5467 3343 5501 τε
3387 5453 3485 5515 τῆς
3537 5444 3831 5511 διακονίας

494 5590 556 5659 (ἰ)
588 5592 611 5644 Ι
648 5586 773 5642 Cor.
807 5604 886 5654 IX,
926 5590 1015 5644 22.
