4142 6248
282 284 439 346 1037

1336 284 1522 345 VITA
1567 285 1631 345 S.
1679 285 2026 348 DIONYSII
2071 288 2615 358 ABEOPAGITAE.

3529 311 3681 373 1038

281 446 433 525 ἔργον
473 449 551 511 ὡς
601 448 898 522 ὀμοτρόπῳ
951 447 1041 502 καὶ
1091 444 1451 521 ὁμογνώμονι
1497 450 1920 522 κοινωσάμενος,

2039 451 2208 522 lium,
2277 460 2335 512 et
2382 475 2529 530 opus
2571 465 2720 520 sacri
2768 466 3094 538 ministerii,
3129 477 3191 525 ut
3238 474 3339 545 qui
3379 480 3532 534 esset
3582 478 3681 534 iis-

283 538 387 593 ὑπὸ
439 539 637 593 τούτου
692 537 1054 612 προτρέπεται
1119 535 1210 590 καὶ
1272 536 1409 610 πρὸς
1491 537 1709 610 ἑσπέρια
1766 558 1930 610 μετα-

283 622 447 696 ϐῆναι
495 627 656 702 μέρη·
709 623 919 689 ἀλλους
982 627 1076 698 μὲν
1128 624 1220 679 οὗν
1279 629 1386 680 τῶν
1446 626 1728 698 ἑπομένων
1782 626 1928 697 αὐτῷ

281 714 616 790 λειτουργῶν
645 715 904 795 ἀλλαχοῦ
933 719 1041 769 τῶν
1074 719 1281 787 κωμῶν
1315 735 1372 769 τε
1413 714 1500 770 καὶ
1549 713 1762 770 πόλεων
1816 713 1928 770 δια-

277 806 491 880 νείμας,
548 805 639 860 καὶ
706 807 769 860 τὸ
826 809 924 860 τοῦ
973 807 1106 858 Θεοῦ
1165 805 1435 878 σωτήριον
1483 802 1922 880 εὐαγγελίζεσθαι

275 897 812 974 παρεΠυησάμενος,
876 895 1190 952 Ῥουστικὸν
1269 894 1428 956 αὐτὸς
1504 896 1592 948 καὶ
1670 893 1924 948 Ἐλευθέ-

279 1007 412 1062 ριον,
441 987 534 1041 τὸν
598 986 693 1059 μὲν
741 984 1041 1059 ἱερωσύνης
1099 983 1390 1061 γρίσματι,
1443 982 1688 1053 διακονίᾳ
1736 982 1792 1038 δὲ
1841 1005 1923 1038 τεο

274 1075 577 1148 τιμημένον
634 1076 725 1129 τὸν
791 1074 1159 1146 Ἐλευθέριον,
1231 1077 1538 1149 συνεργοὺς,
1607 1073 1849 1146 καθάπερ
1891 1074 1919 1126 6

279 1165 442 1238 μέγας
509 1163 848 1226 Ἀπόστολος
903 1163 1195 1219 Σιλουανὸν
1260 1164 1350 1218 καὶ
1402 1165 1692 1234 Τιμόθεον,
1749 1182 1920 1236 παρα-

271 1250 478 1325 λαϐὼν,
545 1255 634 1308 καὶ
702 1251 829 1314 τοὺς
895 1252 1174 1328 ἑσπερίους
1240 1247 1566 1308 καταλαϐὼν
1647 1252 1918 1313 Γαλάτας»

269 1343 330 1398 οὗ
364 1340 599 1421 διδαχῆς
634 1343 795 1414 μόνον
838 1343 1096 1414 ῥήμασιν,
1131 1339 1278 1396 ἀλλά
1303 1342 1394 1396 καὶ
1447 1340 1690 1412 σημείων
1733 1338 1920 1416 ἔργοις

267 1433 585 1498 ἀποστολῆς
641 1429 796 1506 ἔργον
853 1431 1154 1506 εἰργάζετο,
1218 1434 1386 1504 μέσος
1445 1436 1560 1493 τοῖς
1619 1432 1736 1485 καθ’
1796 1429 1917 1484 ἐκά-

267 1543 398 1592 στην
468 1525 740 1576 συνιοῦσιν
806 1520 1215 1597 έκφαινόμενος,
1291 1519 1419 1583 τοὺς
1481 1540 1538 1574 τε
1611 1526 1709 1587 τῆς
1777 1518 1918 1572 εὐσε-

272 1607 420 1673 ϐείας
472 1610 671 1685 λόγους
728 1607 1094 1673 ἀδιαλείπτως
1156 1609 1444 1678 ἀνακινῶν,
1501 1609 1590 1662 καὶ
1639 1607 1774 1681 πρὸς
1814 1609 1912 1674 τήν

272 1704 368 1756 τοῦ
426 1698 791 1769 πεποιηκότος
847 1697 1134 1774 ἐπίγνωσιν
1195 1697 1322 1758 τοὺς
1388 1696 1655 1771 ἀκροατὰς
1706 1696 1912 1769 ἐπαγό-

275 1810 452 1863 μενος.
511 1787 702 1850 Οὕτως
761 1786 851 1842 οὖν
896 1792 995 1843 τοῦ
1051 1786 1219 1861 λόγου
1257 1793 1357 1856 τῆς
1415 1783 1671 1857 ἀληθείας
1718 1805 1914 1860 κηρυσ-
1947 1817 2001 1883 Β

272 1879 526 1950 σομένου,
588 1878 679 1932 καὶ
755 1884 854 1946 τῆς
954 1877 1047 1948 μὲν
1135 1875 1280 1939 θείας
1357 1875 1758 1948 κρατυνομένης
1834 1872 1918 1926 πί-

273 1987 462 2032 στεως,
499 1963 826 2038 δαιμονικῆς
879 1963 936 2020 δὲ
991 1965 1170 2035 πάσης
1218 1965 1429 2034 ἀπάτης
1486 1965 1545 2018 ἐκ
1591 1961 1776 2018 ποδῶν
1825 1984 1918 2038 για

275 2057 533 2128 νομένης,
591 2059 699 2110 τῶν
750 2053 838 2109 ἐπὶ
895 2053 1074 2126 τούτῳ
1103 2053 1224 2108 τινὰ
1280 2052 1570 2121 συνόντων,
1625 2051 1918 2107 Λουκιανόν

275 2165 419 2222 φημι
457 2145 549 2198 τὸν
590 2140 871 2214 ἀοίδιμον,
904 2144 964 2204 ὃς
995 2141 1084 2197 καὶ
1131 2144 1200 2214 τῇ
1248 2145 1344 2195 τοῖ’)
1382 2135 1752 2214 πρεσϐυτέρου
1799 2140 1919 2211 ἀξίᾳ

273 2230 588 2306 ἐτετίμητο,
621 2233 979 2305 (συνήπτοντο
1009 2232 1113 2306 γὰρ
1144 2231 1290 2301 αὐτῷ
1323 2230 1528 2285 πολλοὶ
1585 2235 1692 2284 τῶν
1722 2230 1914 2302 ἀρετῆς

278 2319 887 2394 μεταποιουμένων·τῷ
920 2320 1124 2391 ὁμοίῳ,
1175 2320 1327 2397 φασὶ,
1379 2319 1440 2373 τὸ
1491 2319 1733 2391 ὅμοιον.)
1780 2318 1918 2390 πρὸς

270 2411 498 2478 τήντῆς
545 2407 932 2469 Βελουακένσις
979 2409 1149 2476 νήσου
1207 2407 1370 2462 πόλιν
1417 2405 1694 2479 ἐκπέμψας
1742 2407 1915 2480 κηρύ-

269 2501 431 2569 ξοντα
495 2500 595 2567 τήν
660 2492 956 2566 εὐσέϐειαν,
1026 2497 1186 2558 αὐτὸς
1251 2496 1366 2568 ’ἀμα
1451 2499 1750 2566 Ῥουστικῷ
1823 2496 1913 2549 καὶ

272 2585 617 2662 Ἐλευθερίῳ,
658 2588 760 2654 τήν
813 2584 1051 2640 Γαλλίαν
1112 2584 1310 2654 λιπὼν,
1372 2583 1568 2638 ἀνωθεν
1628 2583 1777 2654 αὐτῷ
1832 2603 1914 2636 κε-

271 2675 745 2753 χρηματισμένον,
778 2674 830 2729 έν
864 2673 1096 2748 Ηαρισίᾳ
1129 2676 1398 2748 λεγομένῃ
1447 2677 1514 2746 τῇ
1563 2672 1723 2728 πόλει
1772 2671 1913 2746 γίνε-

269 2787 379 2832 ναι,
414 2765 487 2824 ὡς
529 2759 591 2818 ἀν
647 2763 778 2836 μετά
831 2763 1134 2838 παρρησίας
1189 2764 1328 2835 αὐτῇ
1377 2764 1468 2816 τὸν
1508 2769 1605 2829 τῆς
1655 2759 1913 2830 ἀληθείας

273 2852 438 2928 λόγον
539 2850 1043 2924 ἐγκατασπείραντι,
1122 2851 1210 2904 καὶ
1301 2852 1393 2902 τὸν
1451 2854 1546 2902 to?"
1617 2849 1915 2922 μαρτυρίου

273 2938 673 3013 ἀναδησαμένῳ
757 2940 1038 3015 στέφανον,
1127 2940 1259 3010 μετά
1314 2937 1615 3012 παῤῥησίας
1681 2937 1770 2990 καὶ
1837 2937 1915 3006 τῷ

275 3029 583 3102 ἀγωνοθέτῃ
667 3033 1005 3101 παραστῆναι
1091 3027 1206 3097 Θεῴ
1279 3026 1521 3098 γένηται,
1588 3024 1617 3078 6'
1682 3021 1750 3091 δὴ
1805 3029 1913 3079 τῶν

273 3116 474 3194 έφετῶν
523 3117 676 3188 αὐτῷ
720 3116 784 3171 τὸ
845 3114 1166 3190 ἀκρότατου·
1225 3115 1314 3170 καὶ
1369 3116 1398 3169 ’ὀ
1465 3116 1558 3188 μοὶ
1614 3114 1828 3189 προϊὼν
1888 3115 1916 3169 6

275 3206 442 3280 λόγος
474 3202 794 3276 δηλώσειεν.

343 3297 430 3350 Ἐν
494 3295 669 3348 τοίνυν
728 3298 798 3366 τῇ
877 3293 1112 3366 ΙΙαρισίᾳ
1186 3293 1354 3367 ταύτῃ
1437 3293 1748 3367 γενόμενος,
1825 3291 1915 3346 καὶ

273 3383 464 3456 πλήρη
507 3383 607 3451 τήν
657 3381 822 3437 πόλιν
880 3380 1132 3442 ἀπιστίας
1191 3382 1382 3456 εὑρὼν,
1441 3380 1635 3436 κάλλει
1690 3382 1782 3454 μὲν
1824 3379 1914 3435 καὶ

279 3473 490 3549 μεγέθει
522 3473 612 3527 καὶ
643 3469 846 3542 πλήθει
870 3477 979 3526 τῶν
1013 3471 1064 3525 έν
1117 3471 1251 3544 αὐτῇ
1299 3468 1444 3525 πολύ
1489 3492 1540 3525 τι
1587 3476 1695 3525 τῶν
1745 3471 1911 3544 μεγά-

278 3574 388 3615 Αων
421 3559 635 3616 πόλεων
678 3557 1144 3632 ἀπολειπομένην·
1208 3562 1275 3631 τῇ
1318 3557 1373 3612 δὲ
1421 3554 1637 3628 ἀσεϐείᾳ
1671 3557 1915 3629 τοσούτῳ

275 3653 459 3703 πασῶν
518 3651 836 3720 κρατοῦσαν,
897 3647 1008 3719 ὅσῳ
1078 3644 1216 3718 μηδὲ
1279 3641 1614 3719 παραϐαλεῖν
1663 3643 1915 3709 δύνασθαι

274 3735 505 3803 ἀπηνέσι
551 3755 610 3788 τε
666 3734 925 3788 πάντοθεν
984 3734 1402 3806 ἀπειλημμένην
1472 3733 1776 3808 οἰκήτορσι,
1826 3735 1913 3788 καὶ

278 3823 458 3897 ὣσπερ
522 3821 624 3876 τινὶ
689 3822 886 3897 τειχίῳ
980 3822 1488 3900 περιπεφραγμένην
1551 3822 1790 3898 ἰσχυρῶς
1846 3827 1915 3896 τῇ

278 3911 494 3966 ἐκείνων
565 3907 840 3984 ὠμὸτητι,
933 3912 1024 3966 καὶ
1087 3912 1290 3982 ταύτην
1357 3914 1464 3967 ἀντ’
1532 3911 1706 3968 ἄλλου
1769 3915 1915 3974 τινὸς

280 3999 654 4078 φυλακτηρίου
719 4000 1113 4076 προΐσχουσανδ
1175 3999 1364 4064 ἄλλως
1426 4023 1483 4056 τε
1560 4001 1615 4056 δὲ
1688 4003 1777 4057 καὶ
1833 4003 1914 4058 ὃτι

278 4090 416 4166 πρὸς
463 4094 683 4163 καρπῶν
740 4090 988 4145 ἁπάντων
1058 4091 1227 4170 φορὰν
1293 4091 1519 4166 γόνιμος
1565 4092 1630 4158 ἦν
1664 4094 1698 4160 ἡ
1731 4091 1916 4160 πόλις,

279 4178 518 4240 καὶτοῖς
567 4176 888 4251 φιλοτίμοις
937 4185 1096 4234 πᾶσιν
1129 4178 1429 4248 εὐθηνοῦσα
1485 4181 1572 4233 καὶ
1621 4184 1916 4251 περιττοῖς,

279 4269 310 4324 ’ὀ
340 4265 678 4340 καὶμᾶλλον
735 4266 862 4329 τοὺς
912 4268 1142 4330 πολίτας
1198 4267 1423 4343 ἤλειφεν
1477 4268 1550 4328 εἷς
1597 4266 1804 4320 κακίαν·
1867 4265 1918 4318 ἐν

282 4357 420 4429 αὐτῇ
451 4354 630 4410 τοίνυν
674 4357 845 4415 οὕτως
904 4354 1110 4432 ἐχούσῃ
1169 4355 1476 4428 γενόμενος,
1536 4353 1748 4426 περιῄει
1800 4354 1922 4407 ἀνε-

284 4449 506 4519 ρευνῶν,
537 4441 584 4497 ε⁹ί
613 4464 718 4497 που
746 4442 864 4497 τινὰ
895 4443 1028 4516 πρὸς
1060 4441 1292 4515 ἡσυχίαν
1344 4441 1490 4515 εὕροι
1537 4441 1702 4496 τόπον
1751 4444 1924 4513 ἑαυτῷ

2037 542 2168 598 dem
2220 547 2481 604 moribus
2529 555 2584 606 et
2645 557 2932 612 sententia
2989 542 3504 636 communicasset,
3553 567 3681 639 ipse

2035 647 2168 720 eum
2217 635 2560 694 adhortatur
2587 641 2664 711 ,‘ut
2710 648 2968 700 transeat
3012 647 3080 702 ad
3117 657 3309 720 partes
3342 635 3679 712 occidenta-

2033 717 2136 809 les.
2169 721 2313 778 Cum
2354 741 2423 780 ex
2470 727 2542 783 iis
2590 745 2746 802 ergo,
2781 733 2878 803 qui
2931 750 3064 790 eum
3113 717 3536 809 sequebantur,
3571 746 3676 800 mi-

2034 807 2236 866 nistris
2284 829 2386 884 per
2442 816 2600 873 vicos
2654 823 2711 874 et
2765 822 3026 878 civitates
3082 807 3228 881 alios
3281 828 3418 884 alibi
3476 807 3673 888 distri-

2031 896 2278 968 buisset,
2337 905 2395 958 et
2458 905 2716 964 salutare
2772 910 2873 965 Dei
2951 913 3330 984 Evangelium
3393 919 3674 987 jussisset

2031 987 2363 1076 praedicare,
2398 991 2634 1065 ipseque
2658 996 2955 1053 Rusticum
2981 1005 3035 1056 et
3057 1001 3474 1076 Eleutherium,
3503 1008 3667 1066 illum

2030 1075 2263 1145 quidem
2297 1079 2610 1138 chrismate
2649 1086 2978 1154 sacerdotii,
3022 1088 3179 1145 hunc
3210 1098 3425 1163 autem,
3461 1075 3669 1168 nempe

2031 1163 2450 1254 Eleutherium,
2519 1172 2890 1229 honestatum
2940 1176 3247 1235 diaconatu
3285 1221 3300 1248 ,
3352 1163 3671 1254 accepisset

2029 1250 2351 1322 adjutores,
2402 1272 2516 1310 non
2565 1275 2732 1315 secus
2778 1278 2842 1317 ac
2891 1279 3139 1335 magnus
3186 1250 3507 1339 Apostolus
3548 1273 3670 1344 Syl-

2027 1355 2243 1395 vanum
2277 1346 2334 1398 et
2373 1345 2734 1404 Timotheum
2783 1355 2841 1406 et
2887 1351 2959 1406 ad
2997 1354 3189 1410 Gallos
3219 1357 3475 1414 venisset
3515 1362 3668 1416 occi-

2028 1428 2312 1500 dentales,
2374 1449 2490 1489 non
2535 1435 2727 1492 solum
2777 1440 2968 1496 verbis
3008 1443 3305 1513 doctrinas,
3351 1449 3446 1502 sed
3493 1449 3668 1503 etiam

2027 1516 2328 1608 signorum
2349 1524 2617 1592 operibus
2649 1526 2997 1598 fungebatur
3019 1546 3260 1588 munere
3284 1535 3669 1608 apostolatus,

2027 1606 2256 1664 medius
2306 1627 2592 1683 apparens
2637 1614 2711 1672 iis
2778 1617 2878 1688 qui
2928 1619 2986 1674 in
3038 1637 3390 1694 unaquaque
3439 1606 3668 1681 civitate

2025 1697 2467 1768 conveniebant,
2500 1709 2554 1758 et
2595 1703 2665 1758 de
2695 1705 2905 1774 pietate
2934 1709 3114 1764 verba
3159 1711 3380 1766 faciens
3421 1713 3543 1769 sine
3574 1712 3668 1770 in-

2025 1785 2417 1857 termissione,
2446 1794 2502 1846 et
2531 1791 2816 1849 inducens
2861 1796 3156 1852 auditores
3188 1799 3258 1854 ad
3308 1800 3664 1870 agnitionem

2029 1872 2176 1942 ejus,
2213 1875 2313 1946 qui
2345 1876 2504 1947 ipsos
2533 1881 2766 1938 creavit.
2799 1883 2937 1938 Cum
2970 1884 3054 1940 sic
3082 1900 3215 1956 ergo
3245 1888 3504 1944 veritatis
3533 1905 3664 1945 ver-

2028 1961 2165 2018 bum
2216 1965 2642 2035 praadicaretur,
2698 1973 2755 2025 et
2803 1971 2995 2027 divina
3047 1973 3285 2044 quidem
3337 1975 3477 2031 ﬁdes
3525 1993 3659 2033 con-

2027 2049 2372 2120 firmaretur,
2422 2061 2782 2112 amoveretur
2844 2063 3040 2115 autem
3097 2061 3289 2117 omnis
3341 2065 3501 2120 fraus
3549 2066 3662 2120 dae-

2025 2154 2291 2208 monum,
2324 2143 2634 2213 quemdam
2667 2161 2733 2201 ex
2765 2145 2837 2202 iis
2869 2147 2968 2218 qui
3000 2163 3134 2203 cum
3165 2166 3230 2206 co
3262 2151 3664 2218 versabantur,

2025 2225 2328 2297 inclytum,
2378 2230 2641 2302 inquam,
2694 2234 3037 2303 Lucianum,
3069 2237 3170 2307 qui
3218 2238 3391 2292 etiam
3435 2239 3668 2310 presby—

2024 2314 2130 2369 teri
2164 2315 2448 2386 dignitate
2486 2323 2608 2374 erat
2634 2327 2869 2377 ornatus
2897 2324 3055 2392 (eum
3086 2324 3241 2379 enim
3267 2325 3666 2395 sequebantur

2025 2404 2198 2460 multi
2230 2421 2298 2460 ex
2335 2406 2408 2461 iis
2439 2408 2536 2478 qui
2588 2409 2856 2466 virtutem
2905 2411 3440 2482 amplectebantur;
3475 2413 3669 2470 simile

2023 2493 2202 2560 enim,
2246 2499 2309 2551 ut
2335 2496 2568 2563 dicitur,
2601 2498 2777 2554 simili
2827 2499 3188 2572 delectatur),
3225 2502 3383 2558 misit
3427 2503 3494 2558 ad
3523 2504 3664 2558 civi-

2024 2586 2200 2638 tatem
2255 2582 2459 2639 insulae
2525 2585 2912 2654 Belvacensis,
2970 2590 3417 2660 praedicaturum
3477 2592 3666 2661 pietao

2022 2674 2180 2738 tem;
2214 2669 2340 2742 ipse
2380 2688 2511 2728 vero
2544 2673 2720 2729 simul
2771 2690 2900 2730 cum
2953 2676 3190 2732 Rustico
3236 2681 3292 2733 et
3334 2678 3666 2735 Eleutherio

2025 2759 2208 2815 Gallia
2237 2761 2530 2832 Cisalpina
2577 2762 2797 2829 relicta,
2832 2780 2964 2819 cum
3015 2765 3125 2821 hoc
3173 2783 3513 2837 responsum
3562 2767 3665 2822 ha-

2027 2847 2250 2902 buisset
2281 2850 2353 2903 ab
2385 2850 2611 2921 angelo,
2643 2852 2798 2906 venit
2847 2853 2903 2906 in
2945 2853 3260 2921 civitatem,
3293 2871 3421 2925 quae
3451 2856 3668 2913 dicitur

2027 2934 2248 3002 Parisii,
2282 2944 2344 2992 ut
2391 2954 2524 2994 cum
2570 2939 2632 2994 in
2662 2955 2729 2995 ea
2775 2940 3014 2996 verbum
3045 2942 3384 2998 seminasset
3414 2943 3664 3015 pietatis,

2026 3027 2084 3077 et
2122 3024 2424 3081 redimitus
2472 3034 2622 3082 esset
2671 3044 2883 3085 corona
2932 3030 3215 3099 martyrii,
3266 3047 3400 3086 cum
3450 3032 3667 3088 fiducia

2027 3111 2329 3166 sisteretur
2341 3128 2530 3170 coram
2550 3116 2661 3170 Deo
2675 3117 3045 3188 agonotheta,
3067 3119 3224 3189 quod
3243 3119 3512 3190 equidem
3536 3121 3587 3175 ei
3607 3121 3666 3176 in

2607 3168 2652 3170 -_
2681 3168 3045 3188 _,o-__--_-__,
3074 3168 3224 3189 τ---
3248 3168 3512 3190 -,___-__
3540 3168 3664 3176 --.-

1949 3168 2000 3236 C
2030 3199 2175 3255 votis
2205 3206 2349 3269 erat,
2377 3204 2433 3256 et
2464 3201 2569 3257 hoc
2610 3203 2670 3257 in
2701 3206 3081 3274 sequentibus
3111 3223 3346 3262 narrare
3377 3212 3664 3279 satagam.

2093 3293 2240 3344 Cum
2289 3305 2421 3361 ergo
2463 3289 2720 3346 venisset
2757 3293 2828 3347 ad
2878 3293 3029 3348 hanc
3073 3295 3430 3352 Parisiorum
3471 3296 3668 3352 civita-

2026 3386 2162 3447 tem,
2195 3382 2252 3434 et
2282 3395 2410 3435 eam
2441 3379 2754 3436 invenisset
2803 3379 3029 3452 plenam
3062 3382 3503 3454 incredulitate;
3538 3402 3663 3456 qua

2024 3483 2222 3524 eorum
2277 3467 2533 3538 quidem,
2565 3484 2694 3539 quae
2741 3469 2798 3524 in
2831 3469 2952 3540 ipsa
2995 3475 3181 3538 erant,
3231 3470 3667 3542 pulchritudine

2025 3561 2082 3611 et
2113 3555 2449 3612 excellentia
2495 3556 2828 3614 civitatibus
2870 3560 3096 3630 magnis
3145 3563 3268 3616 erat
3314 3559 3487 3633 longe
3515 3562 3665 3616 infe—

2027 3645 2162 3712 rior,
2196 3645 2494 3717 impietate
2524 3650 2715 3702 autem
2744 3647 2886 3704 adeo
2917 3655 3036 3704 erat
3067 3648 3341 3704 omnibus
3376 3651 3664 3722 superior,

2029 3737 2094 3788 ut
2131 3749 2204 3789 ne
2251 3738 2488 3805 possent
2539 3735 2769 3805 quidem
2819 3753 2949 3791 cum
2994 3754 3063 3793 ea
3091 3738 3372 3808 conferre,
3403 3739 3662 3809 undique

2027 3823 2099 3878 ab
2130 3822 2485 3878 immanibus
2514 3829 2792 3894 occupata
2821 3824 3261 3896 habitatoribus,
3291 3831 3348 3883 et
3377 3831 3658 3900 tanquam

2025 3910 2176 3967 vallo
2224 3911 2420 3983 aliquo
2469 3911 2632 3969 valde
2677 3914 2900 3970 munita
2951 3913 3185 3971 illorum
3217 3916 3576 3984 crudelitate,
3608 3921 3665 3972 et

2025 4016 2151 4056 eam
2185 4016 2502 4072 opponens,
2535 4004 2814 4072 tanquam
2847 4002 3080 4073 aliquod
3111 4004 3267 4058 aliud
3303 4004 3660 4075 praesidium.

2027 4090 2187 4144 Adde
2217 4089 2367 4158 quod
2401 4104 2534 4142 cum
2583 4089 2844 4144 omnium
2899 4089 3194 4146 fructuum
3245 4096 3396 4146 esset
3437 4091 3667 4147 fertilis-

2029 4176 2199 4242 sima,
2230 4183 2285 4229 et
2316 4175 2644 4230 abundaret
2674 4177 2925 4230 maxima
2956 4195 3150 4233 rerum
3182 4179 3444 4234 omnium
3477 4180 3666 4251 copia,

2029 4265 2182 4319 cives
2214 4278 2351 4318 suos
2401 4263 2586 4333 magis
2634 4263 2916 4320 incitabat
2964 4266 3035 4320 ad
3066 4265 3221 4322 vitia.
3253 4267 3398 4323 Cum
3430 4268 3486 4322 in
3518 4267 3671 4324 hanc

2032 4368 2169 4424 ergo
2217 4353 2300 4408 sio
2355 4351 2612 4407 affectam
2659 4353 2912 4409 venisset
2956 4354 3275 4424 civitatem,
3306 4356 3505 4413 obibat
3543 4374 3672 4428 per-

2034 4448 2302 4497 scrutans
2327 4441 2376 4496 si
2408 4456 2580 4512 quem
2629 4440 2822 4497 locum
2853 4447 3055 4514 aptum
3103 4444 3385 4502 inveniret
3415 4447 3486 4501 ad
3519 4445 3674 4516 quie-

284 4517 615 4600 έπιτήδειον.
677 4531 778 4586 Καὶ
838 4527 904 4598 δὴ
964 4531 1053 4584 τὸν
1133 4529 1464 4602 ζητούμενον
1540 4531 1726 4604 τυχὼν
1775 4532 1920 4600 ναὸν,

2037 4535 2174 4585 tem.
2208 4530 2368 4593 Quod
2410 4533 2605 4586 autem
2638 4531 2932 4601 quaerebat
2981 4540 3354 4601 consecutus,
3399 4551 3500 4606 pro
3534 4534 3664 4588 viri-

287 4620 440 4682 εὐθὺς
471 4617 544 4678 ὠς
574 4620 608 4686 ἡ
643 4615 872 4691 δύναμις
904 4617 1040 4694 εἶχε,
1086 4618 1174 4673 καὶ
1225 4619 1310 4673 οἶα
1358 4619 1411 4673 έν
1461 4617 1728 4693 ἀλλοτρίᾳ
1771 4619 1917 4688 ξένος

289 4704 363 4761 ὤν
395 4706 598 4768 ἐκεῖνος
631 4707 718 4761 καὶ
747 4705 980 4777 ἔπηλυς,
1013 4708 1103 4762 καὶ
1156 4707 1405 4770 πολλοὺς
1459 4705 1606 4783 ἔχων
1665 4707 1791 4770 τοὺς
1840 4709 1924 4763 ἀν-

291 4797 631 4868 τικειμένους
683 4794 770 4850 διὰ
823 4796 888 4850 τὸ
940 4795 1268 4872 ὲτερόδοξον,
1324 4797 1587 4873 ἀνεγείρει
1637 4799 1923 4872 εὐκτήριον

289 4887 381 4940 καὶ
449 4884 596 4954 ναὸν,
668 4884 999 4962 αὐτόχρημα
1056 4886 1326 4960 σωτηρίαν
1384 4890 1597 4962 ψυχῶν.
1657 4887 1928 4959 Πάμπολυ

292 4972 394 5047 γάρ
427 4992 478 5026 τι
539 4970 752 5040 πλῆθος
801 4968 1062 5036 θεοσεϐῶν
1110 4973 1160 5028 ἐν
1207 4975 1384 5045 τούτῳ
1449 4975 1782 5052 συναγαγὼν,
1841 4975 1930 5029 καὶ

296 5063 459 5126 Θύτας
512 5062 781 5135 καθαροὺς
838 5067 916 5134 τῷ
973 5068 1088 5134 Θεῷ
1137 5066 1636 5138 παραστησάμενος,
1695 5064 1932 5138 ποίμνην

295 5153 473 5225 ἁγίαν,
513 5150 589 5211 ὠς
629 5151 818 5221 είπείν,
866 5153 957 5207 τὸν
1007 5152 1128 5206 ναὸν
1183 5152 1550 5226 ἀπειργάσατο
1607 5156 1673 5222 ἧς
1721 5157 1932 5225 ποιμὴν

298 5239 455 5301 οὖνος
507 5241 573 5294 οὐ
619 5240 908 5314 μισθωτός·
952 5241 1124 5296 πάντα
1173 5241 1263 5295 τὸν
1315 5241 1532 5313 ἀπιστίᾳ
1577 5242 1936 5315 πλαιώμενον

295 5333 368 5401 τῇ
433 5335 532 5397 τῆς
602 5329 861 5398 ἀληθείας
921 5331 1134 5405 σύριγγι
1189 5331 1324 5403 πρὸς
1389 5331 1569 5387 πίστιν
1636 5331 1940 5385 ἀνακαλού-

305 5438 488 5491 μενος,
524 5417 616 5471 xui
655 5418 786 5479 τοὺς
850 5419 946 5488 μὲν
995 5422 1064 5490 τῇ
1118 5417 1294 5487 πλᾶνῃ
1340 5423 1626 5482 νοσοῢντας
1663 5424 1778 5480 τοῖς
1830 5440 1943 5472 σω·-

297 5503 596 5576 τηριώδεσι
655 5512 761 5561 τῶν
825 5512 1044 5586 Γραφῶν
1119 5508 1426 5583 φαρμάκοις
1503 5509 1758 5580 ἰώμενος,
1817 5509 1944 5568 τοὺς

301 5593 362 5650 δὲ
414 5591 524 5664 ἢδη
590 5595 1076 5668 συντετριμμένους
1232 5592 1550 5666 διδασκαλίᾳ
1596 5594 1945 5670 καταὸεσμῶν

2035 4620 2144 4675 bus
2175 4618 2370 4674 statim
2403 4617 2682 4689 templum
2725 4618 2930 4676 habuit
2960 4637 2974 4676 :
3007 4626 3064 4677 et
3097 4627 3159 4677 ut
3189 4623 3289 4695 qui
3337 4622 3398 4678 in
3447 4621 3679 4692 regione

2034 4709 2224 4764 aliena
2252 4711 2408 4763 esset
2447 4707 2661 4779 hospes
2708 4713 2765 4765 et
2816 4711 3054 4779 advena,
3086 4716 3143 4766 et
3188 4713 3400 4767 multos
3443 4710 3683 4766 haberet

2037 4800 2302 4854 adversos
2364 4800 2596 4867 propter
2659 4797 3056 4854 diversitatem
3107 4799 3427 4871 Opinionis,
3475 4799 3685 4855 excitat

2039 4888 2353 4943 oratorium
2383 4891 2439 4942 et
2468 4885 2769 4958 templum,
2803 4889 2958 4959 quod
3006 4888 3178 4960 plane
3209 4893 3332 4945 erat
3374 4889 3526 4944 salus
3560 4889 3682 4944 ani-

2042 4992 2288 5032 marum.
2319 4976 2464 5031 Nam
2498 4991 2628 5030 cum
2653 4975 2970 5030 maximam
2995 4977 3222 5047 piorum
3251 4975 3683 5033 multitudinem

2042 5065 2102 5120 in
2161 5081 2226 5120 eo
2283 5069 2710 5135 congregasset,
2760 5067 2817 5118 et
2866 5080 3042 5136 puros
3091 5064 3514 5121 sacriﬁcatores
3571 5065 3685 5122 Deo

2044 5152 2428 5220 exhibuisset,
2482 5157 2752 5208 sanctum
2813 5167 3069 5224 gregem,
3125 5158 3192 5208 ut
3241 5153 3416 5209 semel
3473 5152 3688 5226 dicam,

2046 5241 2332 5311 templum
2365 5240 2581 5308 efﬁcit;
2616 5241 2786 5310 cujus
2830 5242 2952 5312 ipse
3001 5247 3126 5298 erat
3165 5251 3360 5314 pastor
3390 5259 3505 5297 non
3539 5259 3689 5297 mer-

2050 5332 2363 5387 cenarius:
2425 5328 2764 5400 quemlibet,
2825 5329 2924 5399 qui
2983 5331 3211 5386 errabat
3267 5331 3689 5404 incredulitate,

2053 5419 2306 5475 veritatis
2351 5417 2542 5473 ﬁstula
2589 5418 2657 5472 ad
2707 5417 2880 5473 fidem
2932 5435 3229 5485 revocans,
3261 5424 3318 5475 et
3346 5435 3441 5474 eos
3473 5420 3570 5490 qui
3603 5438 3690 5475 er-

2055 5526 2179 5564 rore
2212 5507 2590 5577 a-grotabant,
2637 5522 2844 5561 curans
2866 5507 3220 5564 salutaribus
3253 5507 3693 5563 medicamentis

2055 5597 2486 5667 Scripturarum
2523 5611 2535 5648 :
2570 5611 2668 5651 eos
2701 5601 2916 5666 autem,
2951 5598 3051 5668 qui
3087 5600 3210 5668 jam
3243 5601 3409 5652 erant
3437 5595 3689 5664 contriti,
