4142 6248
500 344 654 405 1039

1829 324 2115 388 MENSIS
2157 319 2542 382 OCTOBEB.

3738 319 3891 382 1040

495 506 761 563 doctrina
790 502 1055 576 alligans,
1087 503 1144 555 et
1173 498 1244 554 ad
1294 512 1482 553 veram
1531 495 1748 550 ducens
1794 487 2127 547 sanitatem.

2240 485 2328 576 καὶ
2358 485 2492 558 πρὸς
2528 486 2626 552 τήν
2662 483 2927 553 ἀληθινὴν
2959 482 3105 556 ἃγων
3140 482 3343 557 ὑγείαν.
3376 482 3536 540 Ἀλλ’
3573 484 3731 559 ἲναγε
3775 487 3889 540 καθ’

496 598 601 653 Sed
626 600 691 651 ut
721 599 877 651 certa
907 591 1074 647 nobis
1104 589 1194 645 via
1226 587 1495 659 procedat
1523 583 1729 651 oratio,
1762 581 1867 635 hoc
1900 592 2132 648 quoque

496 688 622 754 ejus
651 681 1012 744 admirabile,
1048 682 1110 733 ut
1140 694 1204 732 ex
1236 675 1396 730 illius
1446 671 1705 741 epistolis
1755 667 1892 724 sciri
1926 670 2129 739 potest,

495 775 761 829 narrabo.
814 772 1015 824 Plures
1086 766 1320 837 quidem
1379 765 1542 818 erant
1606 758 1877 828 Dionysio
1926 757 2131 811 thera-

498 868 705 934 peutse,
738 875 889 916 unus
930 863 1122 912 autem
1152 871 1220 910 ex
1248 853 1321 909 iis
1353 857 1475 907 erat
1504 850 1676 906 etiam
1726 845 2130 917 DemOphilus,

498 952 597 1022 qui
629 950 768 1005 civis
801 951 925 1004 erat
955 946 1263 1018 provincia:
1307 940 1697 1006 Atheniensis,
1731 937 2045 1006 habituque
2076 937 2134 989 et

496 1042 613 1097 vita
658 1037 1020 1104 monachus;
1070 1032 1486 1089 monachatum
1526 1033 1718 1085 autem
1759 1027 1810 1082 ei
1851 1027 2135 1095 imposue-

498 1133 632 1185 rant
679 1142 835 1197 purae
882 1129 940 1179 et
996 1124 1178 1178 sacris
1237 1120 1531 1176 initiantes
1586 1132 1793 1172 manus
1850 1113 2130 1185 Dionysii,

499 1218 636 1273 ordo
684 1215 779 1271 hic
822 1217 879 1268 et
927 1210 1316 1267 ministerium
1361 1209 1484 1262 viro
1533 1207 1635 1261 isti
1680 1222 1712 1260 a
1744 1204 2036 1275 Dionysio,
2071 1206 2134 1256 ut

497 1307 773 1379 praeesset
796 1302 997 1373 januis
1029 1298 1251 1369 templi.

568 1395 671 1448 llic
719 1407 853 1461 ergo
915 1387 1300 1459 DemOphilus
1349 1401 1479 1441 cum
1537 1383 1851 1454 aliquando
1894 1380 2135 1435 vidisset

494 1497 666 1538 suum
701 1478 1127 1551 presbyterum,
1162 1475 1470 1547 quemdam
1508 1473 1756 1543 impium
1788 1476 1963 1540 atque
1996 1484 2134 1540 pec-

498 1575 752 1626 catorem
801 1568 873 1622 ad
920 1565 1321 1638 paenitentiam
1372 1576 1735 1626 conversum,
1768 1558 1966 1628 illique
1997 1573 2131 1626 pro-

498 1660 785 1715 cidentem
837 1655 1284 1711 misericorditer
1313 1652 1630 1723 excepisse,
1664 1649 1905 1704 minime
1934 1647 2135 1702 leviter

496 1749 709 1814 ferens,
741 1750 801 1801 at
830 1745 1208 1800 exacerbatus
1237 1746 1292 1796 et
1320 1741 1475 1795 intra
1505 1738 1740 1795 sacrarii
1769 1738 1938 1808 adyta
1983 1735 2132 1790 exsi-

2242 570 2365 626 ὁδὸν
2400 573 2427 625 ὁ
2460 571 2626 647 λόγος
2670 574 2803 645 ἡμῖν
2858 574 3056 647 προϊῃ,
3104 574 3194 628 καὶ
3242 578 3404 629 τοῦτο
3451 573 3733 649 τεράστιον
3782 580 3888 629 τῶν

2241 659 2424 729 αὐτοῦ,
2467 662 2542 723 ὡς
2588 661 2646 715 ἐκ
2693 667 2801 717 τῶν
2858 661 3058 717 ἐκείνου
3116 659 3194 717 ἔνι
3256 669 3462 734 μαθεῖν,
3523 661 3887 740 διηγήσομαι.

2242 749 2502 823 Διονυσίῳ
2543 752 2864 823 θεραπευταὶ
2917 752 3010 825 μὲν
3057 752 3145 805 καὶ
3195 748 3393 826 ἕτεροι,
3441 756 3520 815 εἷς
3565 751 3622 809 δέ
3665 776 3752 816 τις
3804 756 3893 810 αύ-

2239 842 2346 893 τῶν
2406 841 2496 894 καὶ
2556 840 2898 919 Δημόφιλος.
2956 840 3263 918 Δημοφίλῳ
3341 839 3397 896 δὲ
3468 842 3632 906 πόλις
3687 847 3723 913 ἡ
3782 850 3890 899 τῶν

2242 927 2489 996 Ἀθηνῶν
2521 929 2779 1004 ἐπαρχία,
2816 930 3009 1005 σχῆμά
3031 952 3090 985 τε
3123 930 3212 984 καὶ
3249 930 3365 1005 βίος
3412 934 3682 1005 μονήρης·
3734 935 3798 987 τὸ
3839 930 3893 988 δὲ

2245 1024 2480 1091 μονῆρες
2524 1018 2703 1091 τούτῳ
2743 1019 2799 1073 αἶ’
2854 1019 3084 1094 καθαραὶ
3142 1021 3231 1074 καὶ
3292 1021 3715 1095 ἰεροτελεστικαὶ
3768 1031 3890 1076 Διο-

2240 1105 2427 1160 νυσίου
2458 1112 2638 1181 χεῖρες
2690 1107 2963 1165 ἐπέθεσαν.
3025 1109 3180 1178 Τάξις
3230 1108 3365 1180 αὕτη
3414 1113 3561 1185 πάρά
3610 1112 3890 1167 Διονυσίου

2243 1196 2329 1248 καὶ
2366 1194 2674 1269 λειτουργία
2702 1202 2782 1269 τῷ
2816 1194 2990 1272 ἀνδρί,
3029 1203 3147 1259 ταῖς
3191 1204 3288 1253 τοῦ
3336 1205 3467 1254 ναοῦ
3518 1200 3720 1264 πύλαις
3768 1202 3891 1276 ἐφε-

2246 1281 2453 1340 στάναι.

2313 1372 2375 1428 Ὁ
2413 1373 2588 1427 τοίνυν
2648 1373 2971 1453 Δημόφιλος
3030 1375 3209 1446 οὗτος,
3266 1379 3357 1433 τὸν
3404 1378 3597 1433 ἑαυτοῦ
3652 1375 3890 1454 πρεσϐύ-

2241 1480 2394 1533 τερον
2464 1463 2790 1534 θεασάμενος
2872 1463 3261 1541 ἐπιστραφέντα
3336 1468 3453 1521 τινὰ
3526 1468 3661 1542 πρὸς
3726 1470 3889 1541 μετά-

2243 1569 2391 1603 νοιαν
2471 1553 2765 1622 συμπαθῶς
2842 1550 3294 1627 προσδεξάμενον,
3342 1556 3530 1629 πράως
3590 1557 3690 1611 οὐκ
3743 1556 3890 1631 ἐνεγ-

2241 1637 2373 1705 κὼν,
2435 1637 2580 1693 ἀλλὰ
2634 1639 2973 1715 χαλεπήνας,
3039 1642 3189 1717 [εἷ’σω
3244 1664 3303 1699 τε
3361 1650 3471 1699 τῶν
3538 1651 3635 1700 τοῦ
3702 1658 3889 1710 θυσια-

2243 1727 2469 1799 στηρίου
2511 1727 2719 1785 ἀδύτων
2780 1731 3094 1806 γενόμενος,
3149 1734 3225 1787 ὧν
3285 1729 3579 1789 ἐπιϐἀίνειν
3640 1736 3738 1791 οὐκ
3798 1737 3888 1791 ἀσ-

499 1842 662 1893 stens
693 1852 823 1907 quae
855 1834 1083 1906 ingredi
1106 1847 1474 1904 nequaquam
1498 1834 1711 1895 tutum,
1737 1843 1924 1898 neque
1952 1826 2127 1881 attin-

2321 1816 2409 1871 λς,
2533 1816 2604 1837 ’ΝΚ
2907 1820 2919 1839 Ι
3082 1818 3090 1837 ί
3617 1832 3640 1841 η-
3834 1827 3849 1843 \

2244 1837 2313 1892 φα
2358 1838 2429 1885 ες,
2491 1832 2616 1873 oues
2671 1823 3004 1894 προσψαυειν
3060 1822 3234 1891 ὅσιον,
3291 1821 3735 1896 έκπομπευθηναι
3792 1847 3887 1898 μεν

498 1940 632 1997 gere
659 1928 951 1991 sanctum,
984 1923 1196 1977 Sancta
1238 1923 1573 1976 sanctorum
1608 1916 1833 1989 publice
1879 1915 2134 1970 ludibrio

498 2013 697 2069 haberi
750 2012 906 2080 facit,
957 2012 1175 2065 bonum
1224 2012 1415 2065 autem
1457 2006 1624 2061 illum
1675 2004 2031 2061 sacerdotem
2081 2010 2135 2058 et

500 2106 869 2157 mansuetum
921 2099 1102 2171 plagis
1150 2095 1617 2153 intolerabilibus
1665 2093 1918 2165 subjicit,
1964 2101 2135 2163 atque

496 2190 557 2244 in
588 2190 790 2244 faciem
840 2188 1179 2258 percutiens,
1212 2184 1511 2251 obnititur,
1554 2189 1606 2239 et
1644 2198 1779 2237 cum
1810 2196 2019 2251 magna
2050 2196 2137 2236 re-

495 2277 750 2332 verentia
811 2275 1199 2340 accedentem,
1263 2273 1532 2328 audacter
1574 2269 1835 2326 calcibus
1885 2267 2134 2341 repellit,

493 2364 739 2434 impium
789 2380 855 2418 ac
904 2362 1209 2418 scelestum
1261 2361 1461 2416 dicens
1508 2374 1643 2416 eum
1674 2358 1775 2429 qui
1810 2372 1878 2413 ex
1914 2357 2135 2413 miseri-

492 2454 690 2508 cordia
729 2451 929 2522 populi
977 2449 1340 2522 ignorantias
1384 2448 1679 2519 descipere
1728 2447 2046 2515 statuisset,
2080 2450 2137 2501 et

490 2540 765 2612 Dionysio
792 2540 1082 2610 episcopo,
1118 2543 1290 2609 atque
1324 2543 1623 2609 pastorum
1659 2536 1932 2607 principi,
1966 2534 2135 2606 quasi

492 2644 769 2699 maguum
831 2627 971 2696 quid
1021 2628 1091 2681 ad
1159 2628 1436 2684 virtutem
1511 2624 1814 2690 effecisset,
1885 2623 2132 2678 describi

493 2718 647 2790 quod
696 2716 1001 2783 acciderat,
1052 2731 1268 2787 susque
1315 2716 1505 2784 deque
1547 2714 1779 2783 jactans
1809 2711 1866 2766 in
1900 2711 1998 2766 illa
2029 2728 2131 2766 au-

493 2808 621 2863 daci
650 2805 916 2877 epistola,
952 2806 1106 2876 quod
1142 2821 1254 2859 non
1287 2809 1408 2859 tam
1450 2803 1706 2873 seipsum
1738 2817 1915 2872 quam
1949 2802 2130 2856 Deum

493 2895 652 2949 ultus
696 2896 869 2948 esset.
906 2891 1053 2955 Quid
1085 2907 1219 2962 ergo
1248 2889 1391 2945 ille?
1417 2892 1591 2958 Num,
1625 2894 1691 2943 ut
1730 2889 1937 2957 vulgus
1969 2887 2132 2955 solet,

493 2983 603 3039 fuit
630 2980 829 3038 animo
871 2981 1243 3051 perturbatus
1265 2980 1292 3034 ‘?
1321 2986 1419 3034 aut
1449 2982 1748 3049 reputatus
1776 2982 1865 3033 est
1910 2976 1995 3032 vel
2030 2994 2132 3048 pa-

494 3089 626 3130 rum
672 3071 814 3141 quid
865 3070 1104 3126 omnino
1151 3069 1460 3125 mutavisse
1485 3068 1555 3123 de
1598 3082 1665 3122 ea
1707 3067 1962 3122 bonitate
2008 3083 2134 3137 qua:

496 3164 547 3220 ei
578 3159 917 3218 coaluerat?
937 3163 1057 3214 Hoc
1087 3160 1333 3215 minime
1359 3157 1471 3213 dici
1502 3160 1705 3227 potest.
1740 3156 1937 3227 Neque
1977 3158 2130 3211 enim

2244 1906 2310 1958 τὰ
2349 1906 2513 1981 Ἀγια
2542 1911 2648 1960 τῶν
2706 1909 2872 1982 ἁγίων
2931 1913 3106 1977 ποιεῖ,
3162 1910 3253 1964 τὸν
3324 1908 3380 1964 δὲ
3437 1912 3634 1987 ἀγαθὸν
3687 1912 3888 1969 ἐκεῖνον

2243 1993 2389 2069 ἱερέα
2429 1995 2519 2049 καὶ
2564 1996 2771 2069 ἥμερον
2824 1995 3069 2071 πληγαῖς
3125 1997 3187 2052 ού
3233 2004 3497 2074 φορηταῖς
3559 1996 3885 2056 ὑποϐάλλειο

2243 2084 2377 2141 κατά
2404 2106 2464 2141 τε
2508 2093 2607 2155 τῆς
2639 2085 2844 2162 κόρρης
2900 2088 3075 2142 παίων
3122 2088 3379 2158 ἀντωθεῖ,
3431 2089 3521 2144 καὶ
3574 2092 3710 2163 μετὰ
3749 2091 3889 2147 πολ-

2245 2177 2350 2246 λῆς
2414 2180 2515 2241 τῆς
2579 2175 2763 2239 αἰδοῦς
2828 2179 3123 2252 προσιόντα
3200 2182 3439 2253 θρασέως
3505 2181 3885 2253 ἀπολακτίζει,

2243 2262 2410 2336 ἀσεϐῆ
2450 2266 2621 2343 λέγων
2667 2268 2757 2323 καὶ
2805 2269 3109 2344 ἀλιτήριον,
3164 2272 3255 2326 τὸν
3305 2271 3595 2348 ἀγαθότητι
3643 2279 3884 2349 παρορᾷν

2244 2356 2547 2429 ἠξιωμένον
2577 2357 2642 2413 τὰ
2670 2362 2765 2412 τοῦ
2810 2357 2946 2414 λαοῦ
2994 2358 3333 2435 ἀγνοήματα,
3383 2362 3471 2415 καὶ
3518 2365 3597 2433 τῷ
3640 2362 3886 2439 ἀρχιερεῖ

2246 2445 2510 2518 Διονυσίῳ
2542 2448 2631 2500 καὶ
2684 2448 3060 2522 ἀρχιποιμένι,
3092 2449 3167 2510 ὡς
3225 2448 3364 2524 μέγα
3409 2473 3462 2505 τι
3504 2450 3641 2523 πρὸς
3689 2451 3883 2526 ἀρετήν

2243 2535 2616 2609 εἰργασμένος,
2650 2534 3001 2615 διαχαράττει
3049 2539 3111 2593 τὸ
3152 2540 3400 2614 γεγονὸς,
3450 2539 3559 2595 ἄνω
3601 2542 3691 2597 καὶ
3734 2543 3879 2598 κάτω

2242 2623 2494 2695 θρυλλῶν
2548 2632 2647 2695 τῆς
2704 2627 2956 2701 θρασείας
3014 2628 3221 2697 ἐκείνης
3272 2628 3585 2703 ἐπιστολῆς,
3644 2631 3720 2693 ὡς
3778 2632 3877 2710 οὐχ

2243 2711 2430 2767 ἑαυτὸν
2464 2713 2697 2786 μᾶλλον,
2759 2715 2904 2771 αλλὰ
2961 2717 3047 2770 καί
3101 2719 3193 2772 τὸν
3253 2720 3380 2773 Θεὸν
3436 2716 3760 2790 έκδικήσειε.
3810 2724 3872 2777 Τί

2243 2802 2333 2858 οὖν
2363 2804 2613 2876 ἐκεῖνος;
2658 2808 2741 2880 ἆρ’
2873 2809 2936 2862 τὸ
2983 2812 3091 2862 τῶν
3150 2807 3375 2864 πολλῶν
3428 2805 3642 2879 ἔπαθεν,
3699 2811 3735 2880 ἢ
3788 2812 3870 2866 καὶ

2247 2895 2438 2965 μικρὸν
2509 2892 2654 2955 ὅλως
2711 2902 2811 2964 τῆς
2880 2897 3179 2971 συντρόφου
3241 2892 3564 2969 μεταϐαλεῖν
3619 2897 3861 2973 ἐνομίσθη

2244 2983 2675 3056 χρηστότητοςς
2757 2980 3038 3058 οὕμενουν,
3117 2984 3215 3039 οὐκ
3288 2982 3429 3040 ἔστιν
3505 2986 3682 3055 εἰπεῖν,
3755 2983 3859 3040 οὐδ’

2242 3070 2385 3150 ἔργῳ
2440 3074 2530 3127 τὸν
2586 3075 2950 3147 ἡμαρτηκότα
3013 3073 3282 3146 ἠμύνατο,
3341 3073 3487 3131 ἀλλὰ
3546 3075 3690 3151 λόγῳ
3742 3076 3861 3147 θείῳ

2243 3164 2331 3219 καὶ
2388 3160 2727 3238 σωτηριώδει
2775 3160 3118 3217 πεπαίδευκε’
3170 3164 3270 3231 τήν
3318 3164 3453 3236 πρὸς
3504 3164 3699 3238 ἀρετήν
3738 3164 3866 3237 ὁμοῦ

496 3255 648 3308 iacto
682 3248 838 3304 ultus
869 3253 959 3305 est
1000 3265 1155 3318 eum,
1205 3248 1305 3317 qui
1346 3222 1720 3317 peccaverat;
1755 3222 1862 3299 sed:
1898 3244 2044 3299 facto
2083 3248 2127 3299 el

2243 3252 2333 3308 καὶ
2365 3258 2537 3307 πᾶσαν
2592 3252 2885 3324 εὐκοσμίαν
2943 3251 3214 3307 τυποῦσάν
3268 3273 3325 3307 τε
3381 3252 3471 3307 καὶ
3539 3254 3884 3329 ῥυθμίζουσαν

492 3357 756 3399 sermone
801 3337 1043 3394 salutari
1076 3336 1313 3404 erudiit,
1365 3351 1493 3406 qua
1542 3332 1712 3388 simul
1743 3332 1813 3386 ad
1863 3333 2134 3386 virtutem

491 3447 723 3489 omnem
758 3429 1221 3489 moderationem
1252 3426 1602 3481 informatet
1639 3421 2131 3491 componitillam,

490 3521 748 3578 scribens
801 3518 1129 3593 epistolam.
1178 3520 1235 3571 et
1281 3511 1608 3584 exemplum
1643 3510 2129 3578 mansuetudinis,

489 3613 704 3680 Aaron,
739 3611 943 3680 David,
995 3618 1049 3666 et
1095 3609 1241 3666 alios
1290 3608 1607 3665 adducens.
1642 3606 1823 3677 Cujus
1868 3610 1931 3660 ut
1962 3604 2134 3661 omit-

493 3700 614 3751 tam
676 3699 850 3754 aliam
908 3701 979 3754 ad
1021 3699 1240 3753 bonum
1289 3696 1771 3760 exhortationem,
1812 3694 2133 3749 meminero

498 3789 651 3839 certe
701 3787 965 3851 visionis,
1015 3802 1192 3855 quam
1258 3785 1308 3839 ei
1366 3788 1579 3850 narrat,
1631 3788 1697 3838 ut
1746 3800 1871 3853 quae
1929 3787 2130 3837 sancto

493 3871 677 3941 Carpo
709 3873 1056 3945 apparuerit.
1094 3872 1187 3928 Sic
1218 3878 1409 3927 autem
1451 3886 1513 3926 se
1553 3870 1726 3925 habet
1767 3871 1836 3923 ad
1868 3871 2126 3925 verbum.

571 3963 715 4017 Cum
748 3963 1061 4033 aliquando
1093 3962 1155 4015 in
1187 3961 1409 4014 Cretam
1439 3958 1748 4028 venissem,
1786 3974 1876 4012 me
1908 3958 2129 4028 Carpus

492 4054 744 4125 hospitio
792 4050 1035 4120 excepit,
1080 4048 1191 4116 vir,
1245 4048 1292 4104 si
1337 4047 1467 4117 quis
1511 4046 1683 4114 alius,
1725 4050 1962 4117 propter
2005 4062 2130 4100 ma-

490 4160 667 4217 gnam
700 4140 913 4198 mentis
935 4140 1243 4211 puritatem
1270 4138 1339 4191 ad
1365 4137 1720 4192 cernendum
1747 4128 1925 4190 Deum
1948 4136 2130 4206 aptis-

491 4235 699 4287 simus.
730 4231 930 4301 Neque
978 4229 1133 4284 enim
1176 4242 1373 4282 sacros
1422 4225 1827 4298 mysteriorum
1860 4226 2004 4281 ritus
2034 4242 2128 4297 ag-

491 4321 877 4392 grediebatur,
929 4316 1039 4373 nisi
1097 4316 1262 4388 prius
1302 4313 1411 4385 ipsi
1454 4314 1511 4368 in
1557 4313 1629 4368 iis
1676 4313 1966 4384 precibus,
2001 4331 2128 4386 quae

488 4413 659 4464 antea
690 4406 885 4477 perfici
938 4407 1153 4469 solent,
1185 4421 1341 4458 sacra
1373 4409 1431 4457 et
1479 4402 1609 4457 laeta
1656 4403 2025 4472 apparuisset
2054 4405 2130 4458 vi-

485 4496 593 4550 sio.
639 4496 694 4549 Is
747 4493 982 4566 quidem
1037 4492 1329 4557 narrabat,
1382 4506 1510 4545 cum
1561 4508 1594 4545 a
1634 4491 1908 4560 quodam,
1942 4493 2043 4563 qui
2092 4511 2125 4547 lt

2243 3340 2452 3410 ἐκείνην
2521 3339 2731 3415 γράίψας
2790 3340 3106 3410 ἐπιστολὴν,
3159 3343 3250 3395 καὶ
3307 3344 3617 3416 πραότητος
3680 3343 3884 3399 ὑπόδει-

2242 3449 2356 3506 γμα
2397 3429 2486 3483 τὸν
2531 3429 2765 3501 Ἀαρὼν,
2813 3429 2904 3483 τὸν
2956 3429 3142 3499 Δαυὶδ,
3200 3431 3289 3485 καὶ
3348 3432 3561 3506 ἑτέρους
3620 3453 3888 3507 παραστη-

2241 3519 2485 3590 σάμενος·
2536 3519 2603 3587 ἧς
2646 3515 2739 3571 ’ίνα
2786 3532 2885 3579 την
2938 3515 3116 3587 ἄλλην
3176 3520 3314 3594 πρὸς
3367 3522 3430 3575 τὸ
3476 3520 3671 3595 ἀγαθὸν
3726 3543 3887 3577 κατα-

2241 3603 2388 3658 λίπω
2446 3603 2810 3677 παράκλησιν,
2869 3602 3021 3657 ἀλλὰ
3074 3611 3177 3673 τῆς
3236 3604 3496 3678 ὁράσεως,
3548 3606 3614 3675 ἧς
3673 3603 3892 3677 διέξεισι

2238 3691 2375 3767 πρὸς
2408 3691 2566 3747 αὐτὸν
2601 3692 2673 3753 ὡς
2711 3692 2814 3746 ὑπὸ
2862 3696 2960 3746 τοῦ
3008 3695 3115 3747 τῶν
3165 3692 3329 3766 ἁγίων
3391 3693 3690 3765 θεαθείσης,
3750 3718 3891 3769 μνη-

2240 3784 2533 3853 σθήσομαι.
2565 3780 2696 3854 Εἶχε
2728 3778 2785 3835 δὲ
2816 3780 2950 3836 κατᾶ
2980 3779 3122 3851 λέξιν
3154 3782 3350 3844 οὕτως.

2310 3957 2603 4030 Γενόμενόν
2664 3958 2729 4026 μέ
2779 3980 2910 4013 ποτε
2960 3960 3100 4014 κατὰ
3176 3960 3274 4027 τήν
3330 3963 3592 4034 ιΚρήτην,
3654 3964 3682 4017 ὁ
3743 3964 3887 4037 ἱερὸς

2239 4045 2599 4122 έξεναγώγησε
2653 4048 2886 4120 Κάρπος,
2937 4048 3089 4122 ἀνὴρ,
3150 4048 3240 4102 καὶ
3291 4047 3344 4102 εἷ’
3393 4070 3474 4111 τις
3539 4048 3736 4121 ἄλλος,
3800 4050 3888 4107 διὰ

2238 4133 2457 4203 πολλὴν
2484 4138 2824 4208 καθαρότητα
2870 4140 2965 4189 νοῦ
3014 4136 3149 4210 πρὸς
3201 4138 3450 4201 θεοπτίαν
3502 4137 3885 4207 ἐπιτηδειότα-

2237 4242 2350 4284 τος’
2383 4225 2470 4279 καὶ
2528 4228 2656 4296 γοῦν
2697 4222 2820 4279 οὐδὲ
2866 4228 2982 4286 ταῖς
3045 4225 3223 4298 ἁγίαις
3275 4231 3381 4281 τῶν
3436 4228 3750 4300 μοστηρίων
3797 4251 3884 4285 τε·

2240 4309 2421 4373 λεταῖς
2490 4310 2776 4387 ἐνεχείρει,
2850 4313 2924 4385 μή
3010 4313 3275 4389 πρότερον
3369 4316 3517 4386 αὐτῷ
3582 4318 3718 4370 κατὰ
3786 4320 3883 4379 τὰς

2236 4399 2588 4475 προτελείους
2655 4403 2847 4480 εὐχὰς,
2935 4403 3080 4477 ἱερᾶς
3143 4403 3232 4458 καὶ
3313 4402 3571 4477 εὺμενοὺς
3635 4407 3882 4479 ὁράσεως

2235 4487 2681 4563 έπιφαινομένης.
2736 4493 2957 4568 Ἔλεγεν
3019 4490 3134 4563 οὖν,
3193 4492 3300 4559 ὅτι,
3353 4491 3730 4563 λελυπηκότος
3790 4495 3883 4549 αύ-

484 4585 597 4639 iide
629 4582 1025 4653 religioneque
1060 4584 1259 4634 nostra
1305 4579 1658 4646 abhorreret,
1694 4580 1840 4635 forte
1870 4582 2123 4636 offensus

2240 4579 2326 4632 τόν
2365 4599 2499 4633 ποτε
2554 4584 2658 4632 τῶν
2716 4578 2951 4634 ἀπίστῶν
2999 4581 3163 4650 τινὸς,
3324 4578 3473 4650 λύπη
3532 4578 3589 4636 δὲ
3645 4584 3729 4651 ἦν,
3791 4584 3877 4638 ὅτι

481 4679 634 4729 esset
686 4669 958 4739 (tristitiae
989 4673 1182 4723 autem
1215 4684 1392 4723 causa
1430 4672 1573 4737 erat,
1606 4671 1760 4740 quod
1791 4669 1888 4725 ille
1917 4670 1988 4724 ab
2019 4670 2125 4725 Ec—

481 4762 658 4817 clesia
708 4758 1023 4831 quemdam
1074 4758 1144 4813 ad
1195 4757 1441 4827 impium
1473 4758 1699 4812 cultum
1748 4758 2120 4830 traduxerat),

479 4856 603 4905 tum
650 4865 785 4906 cum
832 4849 1030 4913 etiam,
1078 4847 1150 4902 ab
1196 4846 1323 4918 ipso
1375 4846 1719 4913 (Christiano
1759 4853 1990 4918 propter
2020 4847 2123 4902 be-

480 4941 780 5009 ptismum)
834 4936 1044 4993 hilaria
1084 4942 1411 5005 agerentur,
1459 4951 1592 4991 cum
1641 4934 1950 5007 benignam
1992 4952 2119 5007 pro-

476 5032 723 5097 utroque
798 5027 867 5083 ad
930 5027 1109 5081 Deum
1155 5026 1546 5096 precationem
1596 5025 1836 5079 fundere
1885 5041 2119 5080 necesse

474 5122 645 5182 esset,
684 5118 911 5185 Deoque
962 5119 1253 5169 servatore
1303 5115 1567 5184 adjutore
1615 5113 1911 5182 adjuncto,
1952 5113 2114 5169 illum

475 5202 708 5273 quidem
761 5210 1117 5269 convertere,
1161 5200 1317 5256 hunc
1366 5205 1558 5255 autem
1590 5200 1816 5253 vincere
1847 5200 2112 5270 benigni-

470 5295 606 5356 tate,
637 5305 741 5344 nec
772 5289 1059 5345 desistere
1103 5290 1413 5346 admonere
1461 5304 1564 5360 per
1608 5303 1780 5342 omne
1810 5286 1934 5341 vitae
1966 5293 2111 5343 tem-

468 5394 576 5447 pus
608 5392 792 5445 usque
824 5379 895 5431 ad
933 5378 1091 5432 hunc
1117 5378 1311 5448 ipsum
1343 5376 1516 5440 diem,
1552 5383 1720 5444 atque
1764 5374 1845 5429 ita
1874 5376 2108 5431 demum

466 5480 564 5518 eos
622 5462 693 5515 ad
756 5464 854 5516 Dei
924 5465 1186 5520 notitiam
1256 5467 1559 5526 deducere,
1620 5464 1787 5531 quasi
1837 5463 1962 5532 jam
2021 5481 2105 5532 ea,

463 5552 534 5605 de
563 5547 780 5619 quibus
828 5555 999 5605 antea
1051 5553 1403 5619 dubitarent,
1455 5549 1767 5617 dijudicala
1809 5555 2020 5621 essent,
2054 5561 2106 5608 et

459 5638 532 5691 ab
567 5636 644 5690 iis
674 5647 796 5699 quae
828 5634 1258 5696 inconsiderate
1295 5638 1421 5693 ausi
1454 5640 1664 5702 essent,
1695 5638 1953 5709 legitmie
1984 5658 2100 5709 poe-

2232 4674 2331 4736 τῆς
2391 4668 2717 4736 Ἐκκλησίας
2773 4666 2980 4729 ἐκεῖνος
3037 4671 3157 4723 τινὰ
3212 4670 3348 4744 πρὸς
3424 4670 3486 4724 τὸ
3544 4668 3698 4725 ἄθεον
3748 4673 3876 4726 ἀπε-

2230 4756 2546 4825 πλανησεν.)
2603 4750 2678 4809 ἔτι
2737 4760 2843 4809 τῶν
2906 4754 3151 4829 Ἰλυρίων
3206 4760 3426 4833 ἡμερῶν
3490 4759 3635 4831 αύτῷ
3680 4757 3872 4813 τελου-

2235 4843 2431 4916 μένων,
2500 4840 2617 4897 δέον
2712 4844 3034 4919 ἀμφοτέρων
3112 4846 3508 4922 ἀγαθοπρεπῶς
3590 4846 3865 4921 ὑπερεύξα-

2230 4944 2371 4999 σθαι,
2438 4932 2527 4986 καὶ
2590 4933 2719 4987 Θεὸν
2774 4941 2995 5008 σωτῆρα
3048 4933 3405 5011 συλλήπτορα
3464 4933 3719 5005 λαϐόντα,
3775 4938 3871 4992 τὸν

2231 5021 2323 5092 μὲν
2355 5020 2688 5093 ἐπιστρέψαι,
2738 5022 2830 5076 τὸν
2886 5019 2944 5075 δὲ
3000 5022 3295 5096 ἀγαθότητι
3343 5031 3584 5096 νικῆσαι,
3642 5026 3733 5079 καὶ
3793 5028 3877 5099 μὴ

2226 5106 2496 5163 διαλιπεῖν
2528 5114 2878 5172 νουθετοῦντα
2910 5108 2999 5165 διὰ
3034 5112 3155 5186 βίου
3213 5114 3430 5182 παντὸς,
3486 5111 3649 5188 ἄχρις
3700 5115 3766 5168 οὗ
3814 5132 3885 5171 το

2224 5199 2485 5270 σήμερον,
2535 5199 2621 5252 καὶ
2683 5198 2855 5260 οὕτως
2914 5199 2999 5253 ἐπὶ
3046 5202 3143 5269 τὴν
3200 5201 3339 5264 θείαν
3400 5201 3595 5263 αὐτοὺς
3646 5201 3884 5279 ἀγαγεῖν

2220 5290 2445 5358 γνῶσιν,
2479 5286 2551 5348 ὡς
2574 5285 2635 5341 ἂν
2666 5286 2774 5359 ἤδη
2808 5289 2898 5342 καὶ
2950 5293 3060 5343 τῶν
3116 5285 3621 5367 ἀμφισϐητησίμων
3672 5293 3892 5360 αὐτοῖς

2218 5376 2567 5447 κρινομένων,
2600 5377 2689 5430 καὶ
2744 5383 2850 5432 τῶν
2912 5376 3134 5454 ἀλόγως
3186 5377 3592 5453 θρασυνομένων
3644 5378 3890 5459 ἐννόμῳ

2217 5460 2339 5535 δίκῃ
2396 5472 2689 5543 σωφρονεῖν
2748 5469 3217 5543 ἀναγκαζομένων
3278 5467 3403 5523 ἀλλ’
3451 5466 3503 5521 ἓν
3556 5469 3736 5542 ἑαυτῷ
3795 5478 3890 5546 μή

2213 5571 2477 5624 προτερον
2522 5560 2682 5609 τοῦτο
2714 5556 2922 5624 παθὼν,
2970 5556 3068 5610 οὐκ
3115 5554 3216 5611 οἶδ’
3270 5554 3417 5617 ὅπως
3466 5557 3589 5610 τότε
3631 5556 3890 5635 πολλήν

2211 5659 2329 5692 τινα
2366 5642 2465 5708 τὴν
2522 5640 2834 5716 δυσμένειαν
2878 5646 2969 5699 καὶ
3018 5647 3115 5713 τήν
3165 5643 3383 5717 πικρίαν
3426 5644 3651 5715 έντήξας
3704 5645 3901 5706 ἔχοι-
