4142 6248
407 369 559 430 1041

1458 373 1638 434 νιΤΑ
1689 377 1750 436 S.
1800 375 2140 438 DlONYSlI
2186 375 2726 440 AREOPAGlT/E.

3357 324 3380 349 ἐ

3643 380 3798 441 1042

409 531 584 603 μήθη.
652 529 956 606 κήτεδάρθη
1023 531 1136 603 μὲν,
1206 531 1349 586 οὕτω
1408 537 1587 594 κακῶς
1626 530 1789 608 ἔχων·
1851 537 2042 613 ἐσπέρα

2160 556 2261 596 nas
2292 539 2484 596 dando
2524 539 2863 610 resipiscere
2912 543 3290 612 cogerentur;
3323 543 3451 596 tum
3495 543 3694 595 tamen
3743 539 3802 595 id

399 621 501 696 γὰρ
567 621 655 688 ἦν.
731 619 854 693 περὶ
922 619 980 674 δὲ
1049 619 1213 694 μέσας
1276 622 1473 687 νόκτας
1538 624 1737 698 (εἰώθει
1801 626 1904 701 γὰρ
1969 627 2044 688 εἷς

398 705 555 763 τόνδε
591 709 682 762 τὸν
718 709 905 782 καιρὸν
936 709 1099 769 αὐτὸς
1133 707 1214 782 ἐφ’
1263 710 1454 764 ἑαυτοῦ
1503 713 1640 786 πρὸς
1691 712 1817 774 τοὺς
1866 713 2042 777 θείους

399 797 598 870 ὕμνους
667 795 1063 872 ἐγρηγορέναι.)
1157 794 1487 853 διανίσταται
1558 800 1678 871 μὲν,
1745 798 1869 855 οὐδὲ
1933 808 2042 856 τῶν

397 885 577 940 ὕπνων
634 887 836 957 αὐτῶν,
890 885 1117 941 πολλῶν
1169 908 1230 964 γε
1278 886 1470 957 ὄντων,
1520 889 1608 943 καὶ
1650 890 1729 944 ἀεὶ
1775 889 2040 965 ἐγνοπτο-

400 973 599 1047 μένων,
676 969 778 1046 ἔξω
861 983 1112 1050 ταραχῆς
1199 979 1644 1050 παραπολαύσας·
1742 979 1909 1043 ἑστὼς
1986 978 2043 1035 δὲ

397 1063 551 1136 ὅμως
582 1063 658 1126 εἷς
687 1064 786 1132 τήν
835 1064 976 1119 θείαν
1025 1063 1250 1137 ὁμιλίαν
1301 1066 1401 1120 οὐκ
1456 1067 1664 1144 εὖαγῶς
1712 1071 1903 1139 ἠνιᾶτο
1952 1071 2040 1124 καὶ

397 1148 800 1230 ἐδυσχέραινεν,
849 1152 948 1208 οὐκ
993 1154 1130 1209 εἶναι
1173 1151 1380 1209 δίκαιον
1428 1155 1626 1228 λέγων,
1677 1157 1722 1212 εἰ
1771 1162 1904 1228 ζῷεν
1955 1156 2041 1213 ἀνι

397 1236 518 1314 δρες
569 1239 715 1305 ἃθεοι
763 1240 852 1296 καί
892 1239 1301 1320 διαστρέφοντες
1353 1247 1448 1306 τάς
1491 1241 1651 1305 ὁδοὺς
1700 1245 1898 1318 Κυρίου
1944 1248 2042 1309 τὰς

397 1328 620 1391 εὐθείας·
682 1332 768 1386 καὶ
835 1335 1006 1386 ταῦτα
1072 1329 1265 1408 λέγων,
1320 1330 1493 1388 ἐδεῖτο
1550 1338 1647 1389 τοῦ
1705 1338 1840 1390 Θεοῦ
1905 1357 2045 1410 πρη-

395 1420 557 1494 στῆρί
614 1439 722 1474 τινι
775 1420 870 1482 τὰς
929 1421 1250 1499 ἀμφοτέρων
1309 1423 1530 1496 εἰσάπαξ
1597 1422 1846 1494 ἀνηλεῶς
1904 1425 2042 1480 ἀπο-

393 1512 594 1564 παῦσαι
663 1510 823 1578 ζωάς.
882 1512 1066 1567 Ταῦτα
1122 1508 1180 1566 δὲ
1245 1511 1438 1582 εἰπὼν,
1494 1506 1648 1586 ἔλεγε
1704 1510 1851 1586 δόξαι
1909 1511 2041 1569 ἰδεῖν

393 1596 545 1677 ἄφνω
571 1599 664 1653 τὸν
703 1601 852 1653 οἶκον
883 1598 935 1654 ἐν
986 1598 1137 1675 ᾧπερ
1188 1599 1426 1671 εἱστήκει
1469 1598 1856 1673 διαδονηθέντα
1903 1604 2036 1677 πρό-

389 1707 565 1761 τερον,
604 1687 694 1742 καὶ
725 1686 785 1743 ἐκ
813 1694 913 1758 τῆς
943 1687 1152 1767 ὀροφῆς
1200 1688 1276 1751 εἷς
1323 1687 1420 1744 δύο
1473 1689 1632 1763 μέσον
1685 1688 2036 1766 διαιρεθέντα,

391 1776 483 1830 καί
531 1795 654 1830 τινα
700 1777 872 1851 πυρὰν
927 1775 1258 1853 πολνόφωτον
1315 1777 1634 1852 ἐπίπροσθεν
1701 1780 1890 1853 αὐτοῦ,
1947 1781 2037 1836 καὶ

392 1863 596 1934 ταύτην
655 1862 853 1936 (ἐδόκει
910 1867 1011 1940 γάρ
1067 1864 1261 1920 λοιπὸν
1322 1868 1585 1942 ὕπαιθρος
1642 1871 1669 1922 ὁ
1725 1870 1938 1944 τόπος),
1979 1870 2038 1925 ἐκ

393 1958 490 2009 τοῦ
545 1954 796 2028 οὐρανίου
846 1955 1035 2028 χώρου
1094 1955 1290 2029 μέχρις
1349 1955 1515 2010 αὐτοῦ
1572 1960 2036 2035 καταφερομένην·

392 2042 484 2097 τὸν
543 2040 600 2097 δὲ
646 2041 871 2118 οὐρανὸν
924 2042 1085 2097 αὐτὸν
1140 2043 1604 2118 ἂναπεπταμένον,
1665 2048 1754 2101 καὶ
1819 2046 1903 2102 ἐπὶ
1963 2052 2043 2121 τῷ

318 2205 320 2208 ν
393 2129 552 2202 νώτῳ
607 2135 703 2186 τοῦ
762 2132 992 2206 οὐρανοῦ
1030 2132 1123 2187 τὸν
1170 2134 1406 2204 Ἰησοῦν,
1459 2133 1698 2208 ἀπείρων
1756 2133 2045 2210 ἀνθρωπο-

396 2217 552 2274 ειδῶν
585 2222 731 2292 αὐτῷ
773 2222 1194 2296 παρεστηκότων
1249 2222 1520 2299 ἀγγέλων.
1572 2223 1679 2279 Καὶ
1726 2229 1894 2280 ταῦτα
1946 2227 2039 2299 μὲν

399 2306 593 2364 ἄνωθεν
661 2311 906 2383 δρᾶσθαι,
982 2311 1072 2365 καὶ
1147 2312 1308 2366 αὐτὸν
1379 2313 1691 2386 θαυμάζειν·
1770 2314 1918 2370 κάτω
1987 2313 2044 2370 δὲ

393 2398 566 2472 κύψας
599 2399 627 2451 ὁ
669 2397 913 2473 Κάρπος,
957 2396 1088 2454 ἰδεῖν
1134 2397 1238 2478 ἔφη
1285 2402 1372 2455 καὶ
1407 2401 1676 2478 τοῦδαφος
1725 2402 1857 2458 αὐτὸ
1903 2405 2040 2479 πρὸς

391 2487 590 2562 ἀχανές
642 2509 696 2542 τι
763 2487 952 2565 χάσμα
1003 2490 1092 2543 καὶ
1159 2490 1434 2545 σκοτεινὸν
1476 2489 1886 2566 διεῤῥηγμένον·
1946 2493 2038 2546 καὶ

386 2575 515 2638 τοὺς
560 2577 654 2650 μὲν
697 2574 894 2652 ἄνδρας
945 2577 1202 2648 ἐκείνους,
1260 2580 1344 2640 οἷς
1393 2580 1656 2652 ἐπηρᾶτο,
1715 2580 1821 2653 πρὸ
1869 2581 2038 2635 αὐτοῦ

387 2665 617 2721 κατὰτὸ
671 2666 895 2739 στόμιον
953 2665 1230 2737 ἐστηκέναι
1287 2671 1384 2722 τοῦ
1442 2669 1748 2744 χάσματος,
1811 2669 2040 2743 ὑποτρόο

397 2775 556 2827 μους,
622 2753 917 2825 ἐλεεινοὺς,
975 2756 1102 2810 ὃσον
1171 2754 1328 2810 οῧπω
1390 2758 1863 2832 καταφερομένους
1935 2759 2038 2814 ὑπό

392 2848 492 2911 τῆς
524 2846 631 2896 τῶν
685 2842 902 2898 οἰκείων
949 2840 1133 2898 ποδῶν
1189 2844 1465 2906 ἀστασίας·
1526 2844 1764 2899 κάτωθεν
1819 2844 1877 2899 δὲ
1933 2847 2040 2902 ἀπὸ

391 2934 490 2985 τοῦ
541 2930 824 3004 χάσματος
874 2926 1022 3009 ὄφεις
1073 2931 1342 3005 ἀνέρπειν,
1391 2932 1481 2986 καὶ
1525 2933 1646 3005 περὶ
1705 2934 1831 2993 τοὺς
1872 2932 2041 2996 πόδας

395 3019 570 3075 αὐτῶν
643 3021 1125 3095 ὑποκινουμένους,
1184 3021 1316 3076 ποτε
1366 3021 1459 3094 μὶν
1518 3021 1828 3097 ἀποσύρειν,
1889 3022 2043 3078 ἐπαν-

395 3107 748 3182 ειλουμένους
816 3104 930 3182 ἅμα
985 3111 1076 3164 καὶ
1153 3106 1566 3186 ἐπιϐαροῦντας,
1659 3110 1748 3166 καὶ
1817 3110 2040 3166 ἐπανέλ-

394 3217 612 3260 κοντας·
664 3198 800 3253 ποτὶ
848 3194 906 3252 δὲ
941 3203 1059 3260 τοῖς
1119 3195 1357 3271 ὀδοῦσιν,
1387 3198 1424 3268 ἤ
1455 3203 1572 3260 τοῖς
1621 3198 1863 3273 οὐραίοις
1916 3200 2044 3254 ὑπο-

2070 1922 2124 1988 Β

2155 630 2305 699 quod
2330 645 2636 701 nunquam
2659 628 2769 684 sibi
2791 629 3178 698 usuvenisset,
3195 628 3345 684 haud
3371 628 3490 684 scio
3513 627 3801 699 quomodo

2154 735 2365 790 magno
2395 720 2650 790 quodam
2683 722 2740 774 et
2767 719 2973 775 acerbo
3003 718 3180 774 animi
3212 718 3408 774 dolore
3437 718 3800 785 confectum,

2154 808 2334 879 quieti
2365 825 2423 864 se
2454 809 2787 869 dedisse,ac
2800 808 3032 880 quidem
3052 808 3364 863 dormiisse
3386 808 3465 862 ila
3489 807 3639 861 male
3661 806 3798 861 affe-

2152 901 2309 952 ctum
2351 897 2498 969 (erat
2540 898 2695 953 enim
2743 898 3045 968 vespera);
3080 896 3271 952 media
3321 901 3515 951 autem
3567 894 3798 950 circiter

2152 993 2315 1041 nocte
2347 986 2578 1054 (solitus
2607 986 2760 1043 enim
2783 991 2906 1042 erat
2926 986 3036 1042 hoc
3056 990 3317 1056 tempore
3339 1001 3439 1055 per
3459 999 3520 1039 se
3542 984 3611 1038 ad
3637 982 3794 1040 divi-

2153 1090 2260 1130 nos
2292 1075 2537 1144 hymnos
2578 1075 2842 1147 vigilare)
2887 1074 3204 1130 surrexisse
3233 1073 3488 1144 quidem,
3522 1088 3656 1128 eum
3690 1087 3794 1126 nec

2151 1180 2422 1220 somnum
2457 1165 2647 1235 ipsum
2679 1164 2779 1236 qui
2826 1163 2975 1218 altus
3018 1163 3243 1229 fuisset,
3276 1170 3329 1218 et
3359 1177 3584 1232 semper
3613 1161 3793 1215 inter-

2151 1256 2383 1325 ruptus,
2416 1253 2543 1308 sine
2589 1251 3032 1308 conturbatione
3080 1251 3366 1323 cepisset;
3400 1254 3651 1305 stantem
3701 1253 3798 1304 ta—

2152 1357 2285 1397 men
2337 1342 2405 1395 ad
2452 1340 2646 1396 divina
2691 1340 3004 1413 colloquia,
3055 1339 3380 1410 irreligioso
3428 1337 3688 1394 doluisse
3740 1341 3798 1392 et

2149 1429 2353 1486 acerbe
2383 1428 2609 1495 tulisse,
2633 1429 2919 1485 dicentem
2942 1447 3057 1485 non
3086 1443 3213 1484 esse
3235 1443 3465 1498 aequum
3498 1426 3651 1480 viros
3681 1425 3796 1480 im-

2150 1518 2277 1590 pios
2333 1517 2543 1586 vivere,
2576 1521 2632 1572 et
2665 1517 2764 1588 qui
2817 1517 2941 1574 vias
2995 1515 3235 1573 Domini
3292 1521 3478 1571 rectas
3523 1517 3804 1585 perverte-

2149 1610 2318 1674 rent;
2355 1606 2472 1661 haec
2497 1605 2804 1674 dicentem,
2837 1609 3137 1678 precatum
3185 1619 3312 1660 esse
3343 1619 3377 1658 a
3407 1603 3541 1671 Deo,
3578 1609 3638 1656 ut
3667 1615 3795 1656 am-

2149 1694 2350 1751 borum
2381 1695 2558 1750 vitam
2583 1694 2707 1750 sine
2729 1693 3129 1750 misericordia
3149 1692 3382 1748 turbine
3405 1690 3600 1762 aliquo
3625 1689 3793 1761 igneo

2149 1785 2540 1854 abrumperet.
2591 1785 2729 1849 Quae
2793 1799 2925 1839 eum
2983 1782 3246 1852 dixisset,
3304 1778 3795 1836 commemorabat

2149 1889 2208 1929 se
2237 1873 2423 1928 visum
2465 1887 2594 1928 esse
2621 1871 2814 1927 videre
2846 1875 3083 1943 repente
3113 1870 3346 1926 domum
3379 1868 3438 1923 in
3470 1884 3583 1938 qua
3609 1871 3792 1922 staret

2147 1960 2356 2033 agitari
2414 1961 2688 2032 primum,
2742 1960 2949 2016 deinde
2980 1976 3012 2015 a
3041 1959 3254 2014 vertice
3295 1957 3353 2012 in
3396 1957 3542 2011 duas
3597 1962 3792 2027 partes

2149 2049 2415 2106 dimidias
2445 2049 2646 2118 dividi,
2672 2052 2728 2104 et
2754 2054 2886 2104 ante
2916 2065 2978 2104 se
3009 2063 3212 2119 rogum
3248 2045 3563 2117 quemdam
3596 2043 3794 2114 magni

2147 2138 2412 2204 luminis,
2447 2153 2696 2209 eumque
2738 2137 2868 2208 (sub
2899 2137 2995 2192 dio
3027 2137 3182 2192 enim
3215 2135 3378 2192 locus
3406 2133 3506 2189 ille
3536 2148 3664 2188 esse
3711 2133 3794 2186 vi-

2148 2227 2417 2297 debatur)
2448 2243 2479 2282 e
2507 2226 2651 2281 coelo
2678 2241 2862 2296 usque
2895 2225 2966 2280 ad
2998 2225 3254 2295 seipsum
3299 2222 3547 2278 deferri:
3580 2217 3793 2275 caelum

2147 2330 2280 2370 vero
2324 2319 2612 2384 apertum,
2661 2317 2716 2368 et
2764 2315 2821 2368 in
2869 2327 3122 2368 convexa
3169 2310 3297 2366 οωὶί
3346 2308 3653 2380 superficie
3700 2307 3796 2363 Je-

2147 2420 2300 2469 sum,
2343 2401 2751 2458 assistentibus
2807 2399 3338 2456 innumerabilibus
3394 2397 3638 2468 angelis,
3681 2395 3794 2449 ho—

2148 2492 2368 2547 minum
2403 2491 2588 2563 figura
2617 2494 2674 2547 et
2705 2491 2917 2561 specie.
2949 2491 3135 2560 Atque
3169 2487 3287 2542 haec
3317 2486 3556 2557 quidem
3590 2501 3622 2540 a
3653 2482 3795 2538 coelo

2144 2579 2328 2636 videri
2355 2595 2587 2634 summa
2631 2594 2764 2633 cum
2815 2595 2919 2632 sua
2961 2575 3364 2632 admiratione.
3405 2573 3550 2629 Cum
3597 2576 3794 2627 autem

2145 2668 2266 2740 ipse
2297 2669 2569 2723 deorsum
2615 2666 2814 2723 oculos
2855 2665 3254 2732 convertisset,
3288 2677 3528 2718 cernere
3544 2677 3604 2716 se
3635 2659 3798 2714 dice—

2142 2758 2241 2813 bat
2270 2758 2445 2814 etiam
2482 2765 2687 2812 terram
2737 2755 2926 2828 ipsam
2974 2753 3057 2809 ita
3087 2751 3449 2819 discessisse,
3483 2754 3548 2804 ut
3575 2748 3792 2804 obscu-

2145 2863 2243 2901 rus
2293 2846 2533 2916 quidam
2565 2852 2617 2900 et
2647 2843 3044 2899 tenebricosus
3096 2840 3288 2895 hiatus
3328 2839 3602 2894 exsistere
3632 2835 3795 2890 vide-

2147 2939 2348 2987 retur:
2382 2939 2557 3004 atque
2596 2931 2863 2988 homines
2909 2929 3145 3002 quidem
3198 2927 3330 2983 illos
3379 2926 3594 2997 quibus
3645 2921 3796 2978 male

2145 3027 2412 3092 precatus
2467 3027 2640 3094 esset,
2691 3031 2824 3078 ante
2873 3037 2935 3077 se
2981 3021 3051 3075 ad
3101 3035 3165 3073 os
3219 3016 3417 3072 hiatus
3473 3020 3622 3070 stare
3680 3017 3794 3067 tre-

2151 3118 2375 3166 mentes
2407 3119 2458 3166 et
2492 3113 2758 3181 miseros,
2792 3117 2849 3166 et
2879 3109 2978 3180 qui
3009 3110 3123 3164 fere
3154 3123 3266 3178 pris
3299 3105 3511 3176 pedum
3552 3117 3794 3158 suorum

2149 3199 2535 3256 instabilitate
2591 3201 3111 3269 demergerentur:
3159 3196 3232 3250 ab
3279 3191 3549 3249 inferiore
3602 3196 3794 3245 autem

395 3286 684 3366 τύφοντας,
733 3288 768 3359 ἢ
829 3287 1388 3365 ὑπογαργαλίζοντας,
1429 3289 1520 3344 καὶ
1581 3285 1669 3343 διὰ
1714 3289 1915 3351 παντὸς
1965 3289 2040 3351 είς

2153 3288 2279 3345 loco
2315 3304 2382 3345 ex
2419 3289 2587 3343 hiatu
2647 3302 2867 3357 angues
2925 3301 3157 3340 sursum
3215 3297 3465 3352 serpere,
3505 3287 3679 3350 atque
3726 3276 3798 3332 ad

395 3375 458 3430 τὸ
517 3376 718 3451 ἀχανὲς
774 3369 1038 3449 ἐμϐαλεῖν
1117 3377 1581 3452 μηχανωμένους·
1641 3376 1772 3432 εἶναι
1843 3374 1899 3432 δὲ
1955 3379 2043 3433 καὶ

396 3462 588 3540 ἄνδρας
616 3466 770 3527 τινὰς
818 3464 870 3520 έν
914 3463 1085 3537 μέσῳ,
1126 3471 1244 3526 τοῖς
1285 3467 1437 3543 ὅφεσι
1488 3468 1623 3521 κατὰ
1679 3471 1784 3521 τῶν
1831 3464 2041 3543 ἀνδρῶν

395 3554 922 3626 συνεπιτιθεμένους·
983 3551 1362 3618 διαδονοῦντας
1439 3556 1552 3628 ἅμα
1618 3555 1708 3610 καὶ
1760 3556 2044 3619 ὑπωθοῦνο

395 3663 495 3704 τας
535 3644 628 3697 καὶ
672 3643 1089 3702 καταπαίοντας.
1156 3640 1411 3699 Ἐδόκουν
1478 3640 1535 3697 δὲ
1600 3644 1738 3698 εἶναι
1791 3645 1928 3718 πρὸς
1980 3644 2043 3698 τὸ

396 3736 576 3786 πεσεῖν
635 3730 832 3786 ἐκείνοι
888 3730 955 3784 τὰ
1053 3731 1147 3804 μὲν
1241 3727 1480 3802 ἄκοντες,
1545 3731 1612 3787 τὰ
1686 3729 1744 3788 δὲ
1808 3734 2041 3804 ἑκόντες,

400 3819 504 3874 ὑπὸ
533 3823 630 3874 τοῦ
661 3823 828 3875 κακοῦ
857 3821 972 3873 κατ’
1023 3817 1210 3896 ὀλίγον
1261 3820 1572 3894 βιαζόμεννι
1622 3821 1734 3894 ἅμα
1792 3822 1881 3876 καὶ
1920 3842 2042 3878 πει-

400 3907 646 3981 θόμενοι.

2154 3394 2350 3433 eorum
2403 3377 2595 3448 pedes,
2637 3391 2766 3430 cum
2817 3373 3032 3429 sensim
3079 3373 3464 3437 moverentur,
3498 3366 3796 3421 interdum

2155 3467 2392 3539 quidem
2426 3465 2652 3522 trahere
2681 3461 3058 3533 complicatos
3091 3458 3266 3516 simul
3299 3465 3352 3512 et
3384 3455 3798 3527 deprimentes,

2157 3561 2330 3628 atque
2362 3555 2773 3621 detrahentes;
2811 3551 3104 3608 interdum
3146 3547 3417 3603 dentibus
3458 3548 3558 3600 aut
3601 3541 3802 3598 caudis

2154 3645 2555 3708 incendentes,
2613 3642 2700 3699 vel
2757 3640 3176 3704 demulcentes,
3235 3636 3512 3705 omnique
3578 3631 3800 3688 ratione

2155 3737 2415 3803 agentes,
2459 3736 2522 3787 ut
2571 3748 2665 3788 eos
2717 3731 2775 3786 in
2833 3729 2995 3785 illam
3047 3728 3399 3783 immensam
3460 3719 3795 3792 voraginem

2153 3821 2477 3895 praecipites
2527 3820 2777 3888 darent;
2825 3818 3005 3874 fuisse
3070 3815 3243 3872 etiam
3302 3811 3453 3867 viros
3511 3809 3794 3894 quosdam

2151 3911 2212 3966 in
2262 3911 2477 3979 medio,
2519 3909 2621 3981 qui
2671 3924 2785 3964 una
2833 3922 2966 3962 cum
3007 3903 3379 3977 serpentibus
3427 3900 3488 3954 in
3537 3896 3805 3953 homines

398 4000 531 4057 illos
589 4001 949 4072 invaderent,
1010 4000 1417 4073 exagitatione,
1476 4001 1677 4074 pulsu,
1729 4009 1784 4059 et
1843 4002 2444 4076 percussione;visos
2497 4005 2692 4057 autem
2749 4014 2877 4055 esse
2930 3996 3086 4052 viros
3143 3993 3274 4050 illos
3332 3990 3612 4058 decidere,
3674 4003 3806 4059 par-

397 4090 500 4146 tim
531 4089 762 4157 invitos,
794 4089 1005 4162 partim
1036 4094 1261 4162 sponte,
1295 4091 1450 4162 quod
1483 4107 1517 4147 a
1546 4091 1703 4148 molo
1734 4095 1953 4149 sensim
1984 4087 2350 4166 cogerentur.

469 4176 665 4252 Ἔλεγε
721 4175 778 4232 δὲ
835 4178 864 4231 ὁ
910 4174 1127 4251 Κάρπος
1185 4177 1372 4232 ἑαυτὸν
1430 4175 1651 4246 ἥδεσθαι
1715 4179 1864 4233 κάτω
1919 4178 2046 4253 βλέ-

398 4287 585 4323 ποντα·
652 4270 762 4321 τῶν
819 4262 928 4319 ἄνω
988 4263 1045 4319 δὲ
1101 4263 1350 4337 ἀμελεῖν·
1413 4262 1784 4340 δυσχεραίνειν
1845 4265 1902 4320 δὲ
1958 4286 2046 4320 και

399 4355 712 4430 ὀλιγωρεῖν,
772 4353 856 4407 δτι
917 4355 992 4427 μή
1051 4353 1396 4408 πεπτώκασιν
1450 4351 1583 4423 ἤδη,
1645 4353 1732 4408 καὶ
1786 4359 1864 4426 τῷ
1911 4354 2050 4430 πρά-

400 4463 570 4519 γματι
627 4440 903 4501 πολλάκις
960 4440 1274 4512 ἐπιθέμενον
1329 4441 1419 4495 καὶ
1479 4439 1901 4514 ἀδυνατήσαντα,
1958 4445 2048 4498 καὶ

402 4531 735 4604 ἀχθεσθῆναι
831 4529 923 4583 καὶ
1024 4528 1410 4604 ἐπαράσασθαι·
1513 4532 1602 4586 καὶ

1703 4531 2050 4589 ἀνανεύσαντα

2227 4178 2510 4233 Narrabat
2569 4191 2739 4247 porro
2796 4173 3020 4244 Carpus
3079 4186 3139 4226 se
3190 4169 3547 4238 voluptatem
3601 4178 3803 4235 capere

2158 4266 2415 4332 solitum,
2455 4281 2583 4320 cum
2642 4263 2918 4318 inferiora
2973 4262 3276 4332 aspiceret,
3318 4255 3618 4327 superiora
3671 4268 3802 4307 vero

2162 4354 2452 4428 negligere
2478 4371 2491 4409 :
2525 4353 2776 4426 graviter
2805 4354 2997 4407 autem
3040 4349 3187 4404 ferre
3217 4351 3275 4403 et
3303 4342 3615 4415 indignari,
3647 4341 3800 4411 quod

2160 4444 2418 4500 nondum
2525 4441 2929 4512 decidissent;
2991 4443 3164 4509 atque
3266 4435 3327 4490 in
3427 4433 3576 4487 hanc
3677 4445 3800 4485 rem

2160 4551 2292 4590 cum
2340 4549 2492 4606 saepe
2539 4533 2921 4602 incubuisset,
2958 4544 3063 4586 nec
3109 4523 3470 4601 profecisset,
3504 4529 3557 4576 et
3596 4518 3801 4575 acerbe

407 4618 590 4692 μόλις,
625 4615 756 4672 ἰδεῖν
791 4617 885 4691 μὲν
920 4618 1074 4683 αὖθις
1114 4620 1206 4674 τὸν
1256 4617 1507 4696 οὐρανὸν,
1549 4621 1730 4696 ὥσπερ
1777 4623 1869 4676 καὶ
1917 4624 2042 4698 πρό·

2157 4624 2377 4690 tulisse,
2411 4627 2467 4679 et
2499 4621 2648 4677 male
2695 4625 2994 4694 precatum
3046 4633 3212 4684 esse;
3246 4631 3378 4670 eum
3424 4611 3518 4665 vix
3564 4608 3798 4664 tandem

400 4729 555 4784 τερον
581 4709 831 4781 ἑωράκει·
883 4708 976 4764 τόν
1027 4705 1084 4762 δὲ
1124 4710 1355 4780 Ἰησοῦν,
1407 4709 1702 4781 ἐλεήσαντα
1753 4711 1814 4766 τὸ
1861 4713 2048 4786 γιγνό-

407 4821 583 4875 μενον,
642 4800 992 4872 ἐξαναστῆναι
1039 4806 1137 4858 τοῦ
1225 4803 1613 4878 ὑπιρουρανίου
1681 4803 1896 4880 θρόνου,
1957 4805 2045 4859 καὶ

399 4887 508 4953 ἕως
569 4891 742 4945 αὐτῶν
802 4885 1128 4960 καταϐάντα,
1186 4891 1276 4946 καὶ
1335 4896 1496 4966 χεῖρα
1557 4892 1761 4966 ἀγαθήν
1820 4892 2045 4968 ὀρέγειν,

405 4981 494 5036 καὶ
524 4979 651 5043 τοὺς
693 4979 953 5055 ἀγγέλους
983 4981 1130 5051 αὐτῷ
1175 4976 1836 5058 συνεπιλαμϐανομένους,
1879 4980 2047 5036 ἄλλον

406 5068 638 5126 ἄλλοθεν
695 5068 1010 5148 ἀντέχεσθαι
1077 5073 1191 5125 τοῖν
1262 5067 1499 5144 ἀνδροῖν·
1589 5072 1677 5126 καὶ
1735 5073 1902 5127 εἰπεῖν
1967 5076 2046 5144 τῷ

407 5159 613 5235 Κάρπῳ
663 5159 754 5214 τὸν
791 5159 1022 5229 Ἰησοῦν,
1078 5166 1179 5228 τῆς
1230 5161 1414 5234 χειρὸς
1450 5157 1559 5231 ἤδη
1617 5162 2043 5234 προτεταμένης·

410 5274 435 5306 α
469 5256 602 5306 Παῖε
632 5253 748 5305 κατ’
776 5250 914 5323 ἐμοῦ
961 5247 1175 5304 λοιπόν·
1222 5247 1442 5322 ἓτοιμος
1490 5252 1591 5326 γάρ
1633 5251 1744 5323 εἶμι
1791 5251 1879 5305 καὶ
1913 5251 2044 5323 ὑπὲρ

405 5339 702 5414 ἀνθρώπων
779 5336 1202 5410 ἀνασωζομένων
1286 5339 1496 5408 παθεῖν,
1581 5339 1670 5391 καὶ
1746 5337 2044 5414 προσφιλές

410 5448 503 5500 μοι
541 5431 731 5497 τοῦτο,
767 5426 842 5499 μή
883 5422 1070 5480 ἄλλων
1104 5420 1515 5500 ἁμαρτανόντων
1551 5426 1866 5500 ἀνθρώπων.
1891 5423 2042 5494 Ηλῆν

406 5515 529 5590 ὅρα,
590 5515 635 5570 εἷ
683 5513 869 5577 καλῶς
926 5509 1042 5591 ἔχει
1102 5534 1209 5581 σοι,
1267 5514 1364 5583 τήν
1421 5513 1472 5569 ἐν
1531 5518 1612 5586 τῷ
1676 5513 1918 5590 χάσματι
1955 5515 2042 5569 καὶ

412 5605 546 5678 μετὰ
614 5607 725 5658 τῶν
790 5601 963 5682 ὄφεων
1034 5604 1202 5676 μονήν
1259 5601 1694 5673 ἀνταλλάξασθαι
1755 5610 1852 5674 τῆς
1913 5604 2048 5678 μετᾶ

411 5697 544 5749 Θεοῦ
590 5690 682 5749 καί
716 5695 824 5748 τῶν
869 5692 1083 5770 ἀγαθῶν
1130 5693 1218 5748 καὶ
1271 5690 1670 5769 φιλανθρώπων
1719 5691 1982 5770 ἀγγέλων.
2016 5715 2045 5746 »

2156 4712 2366 4768 coelum
2416 4711 2759 4782 aspexisset,
2801 4709 3012 4766 vidisse
3059 4706 3297 4776 quidem
3341 4700 3485 4756 illud
3540 4712 3798 4762 rursum,

2155 4802 2646 4874 quemadmodum
2677 4799 2848 4854 etiam
2882 4800 3051 4853 antea
3070 4795 3330 4858 viderat;
3352 4790 3553 4844 Jesum
3578 4789 3794 4854 autem,

2157 4907 2328 4962 quem
2359 4890 2430 4945 ad
2463 4887 2920 4944 misericordiam
2944 4885 3000 4940 id
3026 4881 3179 4955 quod
3212 4879 3520 4952 gerebatur
3550 4889 3801 4930 commo-

2154 4981 2352 5048 visset,
2397 4993 2633 5034 manum
2690 4975 3004 5046 benignam
3065 4968 3406 5041 porrexisse,
3452 4972 3505 5020 et
3560 4962 3798 5035 angelos

2156 5071 2254 5142 qui
2289 5087 2402 5125 una
2432 5067 2712 5124 auxilium
2747 5065 2983 5134 ferrent,
3005 5062 3157 5117 viros
3179 5059 3361 5114 alium
3393 5055 3508 5111 alia
3536 5071 3604 5109 ex
3635 5063 3798 5142 parte

2157 5141 2488 5224 retinuisse,
2513 5157 2845 5226 dixisseque
2876 5155 3059 5223 Carpo
3089 5151 3285 5206 Jesum
3319 5149 3579 5218 porrecta
3609 5141 3795 5196 adhuc

2156 5265 2331 5303 manu
2356 5263 2370 5301 :
2398 5269 2426 5297 «
2461 5245 2587 5301 Feri
2619 5261 2709 5300 me
2731 5245 2854 5314 jam
2881 5261 2894 5310 ;
2923 5244 3160 5312 paratus
3191 5251 3322 5292 sum
3355 5233 3508 5290 enim
3541 5246 3794 5296 rursum,

2156 5335 2362 5392 salutis
2394 5334 2697 5390 hominum
2729 5347 2926 5398 causa,
2957 5333 3205 5384 mortem
3237 5323 3453 5397 perpeti
3487 5339 3502 5379 :
3535 5320 3796 5390 mihique

2155 5425 2263 5481 hoc
2295 5427 2630 5496 pergratum
2663 5429 2768 5489 est,
2792 5421 2928 5475 dum
2960 5417 3056 5474 alii
3086 5416 3356 5472 homines
3387 5430 3498 5467 non
3534 5412 3791 5482 peccent.

2155 5515 2265 5571 Sed
2295 5513 2444 5582 vide,
2477 5526 2617 5567 num
2667 5509 2773 5565 tibi
2823 5507 2960 5565 utile
2990 5507 3065 5563 sit
3113 5505 3263 5562 hanc
3293 5503 3352 5558 in
3382 5501 3543 5556 hiatu
3574 5505 3627 5554 et
3657 5512 3792 5552 eum

2157 5600 2528 5673 serpentibus
2561 5597 2942 5664 mansionem,
2977 5593 3265 5653 mansioni
3295 5607 3422 5647 cum
3448 5589 3563 5643 Deo
3599 5589 3657 5641 et
3686 5584 3794 5640 be-

2157 5690 2352 5764 nignis
2367 5688 2785 5760 hominumque
2804 5685 3134 5744 amantibus
3149 5680 3372 5754 angelis
3386 5681 3789 5745 anteponere.»
