4142 6248
808 353 834 383 κ

395 391 553 453 1043

1729 385 2015 449 MENSIS
2062 382 2445 448 OCTOBER.

3641 384 3800 446 1044

391 548 523 604 Haec
592 551 732 604 sunt
807 564 933 619 quae
1008 565 1110 619 ego
1167 549 1388 616 audita,
1441 563 1577 603 vera
1652 561 1777 601 esse
1863 545 2033 601 credo

2162 544 2331 598 Γαῦτά
2371 541 2511 595 ἐστιν
2544 541 2576 593 ἃ
2632 538 2737 613 ἐγὼ
2795 538 3042 605 ἀκηκοὼς
3103 538 3343 595 πιστεόω
3399 541 3586 612 ἀληθῆ
3645 545 3807 599 εἷται.

466 635 772 706 Dionysius
803 635 1077 706 itaquein
1104 635 1273 689 rebus
1303 633 1576 690 omnibus
1613 637 1736 689 erat
1758 633 1899 687 adeo
1924 632 2037 685 mi-

391 725 484 792 tis,
519 724 863 793 misericors,
888 728 943 777 et
965 724 1035 777 ab
1068 724 1154 778 ira
1184 724 1432 789 alienus,
1457 729 1520 779 ut
1553 740 1667 794 quo
1699 722 1870 778 altior
1900 739 2034 777 eva-

392 813 562 865 debat
614 812 794 876 factis,
828 826 894 865 eo
925 828 985 867 se
1018 814 1205 883 magis
1256 814 1535 867 modestia
1566 812 1914 877 demitteret,
1948 826 2038 865 re-

393 901 529 971 gula
579 901 762 955 factus
809 900 1085 955 omnibus
1137 903 1207 956 ad
1250 901 1569 967 veritatem,
1603 905 1659 955 et
1691 900 1924 955 lucerna
1968 900 2038 953 ad

395 988 797 1043 deducendum
833 989 900 1042 ad
938 990 990 1043 id
1026 991 1180 1059 quod
1215 993 1302 1044 est
1349 989 1575 1044 melius.
1609 988 1889 1051 Quocirca
1937 1004 2040 1042 nec

395 1092 520 1130 eam
554 1076 833 1131 abscondi
859 1077 969 1131 sub
1002 1078 1193 1133 modio
1235 1078 1368 1133 sivit
1396 1079 1470 1145 is,
1498 1079 1592 1148 qui
1626 1082 1710 1132 est
1739 1077 1905 1131 solus
1935 1092 2039 1131 att-

397 1166 520 1215 ctor
550 1161 849 1215 omnium:
885 1162 987 1216 sed
1035 1163 1092 1216 in
1144 1162 1259 1217 alto
1306 1163 1470 1233 ponit
1515 1179 1615 1232 per
1645 1164 1949 1217 virtutem:
1985 1165 2042 1215 et

395 1249 550 1302 fama
572 1249 832 1319 protinus
854 1250 1187 1319 pervadens,
1208 1252 1523 1305 cauebatur
1548 1252 1605 1305 in
1629 1268 1726 1306 ore
1751 1250 2040 1317 omnium,

398 1337 454 1390 in
505 1338 775 1392 omnibus
824 1354 1024 1394 omnes
1070 1340 1298 1395 vincere
1328 1340 1693 1411 Dionysium.
1728 1341 1904 1395 Porro
1938 1357 2040 1395 au-

395 1428 510 1479 tem
542 1441 744 1480 omnes
768 1426 839 1479 ad
861 1443 993 1482 eum
1012 1428 1406 1491 conﬂuebant,
1434 1446 1546 1485 non
1572 1428 1762 1485 solum
1796 1428 2040 1499 popula-

399 1528 491 1568 res
521 1518 577 1568 et
610 1514 884 1581 forenses,
908 1514 1009 1569 sed
1033 1516 1132 1585 qui
1156 1521 1323 1571 erant
1351 1517 1560 1571 eruditi
1583 1520 1639 1571 et
1683 1518 1985 1587 insignes:
2015 1534 2044 1572 e

397 1601 494 1669 qui
528 1600 689 1670 prius
722 1601 1064 1657 laborabant
1096 1603 1341 1669 insania,
1376 1610 1433 1658 et
1466 1605 1599 1659 feris
1632 1604 1924 1660 crudelius
1958 1606 2042 1659 la-

396 1688 672 1742 cerabant
720 1688 1055 1758 Ecclesiam,
1085 1691 1153 1745 ad
1189 1691 1351 1745 illum
1407 1692 1590 1747 virum
1638 1695 1955 1758 venientes,
1991 1702 2037 1747 et

398 1773 802 1828 admirabilem
857 1775 1013 1831 illam
1047 1780 1104 1830 et
1134 1778 1389 1832 divinam
1442 1778 1687 1847 linguam
1719 1780 2043 1845 audientes,

400 1861 589 1916 cordis
621 1863 708 1916 sui
745 1863 1084 1918 molliebant
1114 1865 1410 1935 duritiam,
1433 1871 1489 1921 et
1517 1867 1587 1921 ad
1616 1884 1809 1922 verum
1844 1873 1901 1921 et
1936 1869 2047 1937 pri,

400 1966 558 2004 mam
605 1951 793 2005 lucem
845 1952 1195 2007 accedebant
1226 1969 1327 2025 per
1356 1955 1681 2025 baptisma;
1716 1972 1830 2026 quo
1864 1957 2050 2027 magis

401 2041 565 2092 erant
589 2037 933 2094 inﬂammati
967 2041 1037 2094 ad
1070 2041 1295 2109 vitium,
1329 2057 1393 2097 eo
1426 2043 1823 2099 ferventiorem
1857 2052 2051 2099 osten-

406 2125 609 2179 dentes
639 2125 1170 2195 christianismuni,
1205 2135 1260 2183 et
1290 2130 1358 2184 ad
1395 2147 1709 2201 summam,
1744 2133 1887 2187 nihil
1933 2139 2050 2188 tam

408 2218 535 2267 erat
556 2212 616 2267 in
639 2230 737 2269 ore
758 2217 1042 2280 omnium,
1069 2233 1236 2286 quam
1261 2217 1588 2290 Dionysius.
1613 2220 1755 2274 Cum
1781 2236 1914 2292 ergo
1934 2220 2054 2275 bere

410 2300 566 2353 fama
597 2302 680 2356 sic
712 2304 1060 2372 pervaderet,
1097 2306 1357 2361 doctrina
1392 2314 1579 2362 autem
1613 2309 1965 2376 dilataretur,
2000 2313 2055 2364 et

409 2390 555 2444 ﬁdes
600 2391 1043 2447 conﬁrmaretur
1089 2395 1435 2466 evidentius,
1478 2415 1571 2453 res
1610 2400 1799 2455 delata
1848 2405 1934 2455 est
1982 2400 2055 2455 ad

408 2476 831 2549 Domitianum,
855 2483 921 2534 ad
954 2483 1341 2539 saevissimum
1377 2486 1615 2557 inquam
1640 2488 2053 2543 Domitianum:

408 2565 493 2619 vel
521 2571 581 2620 ut
609 2569 796 2638 magis
819 2571 1047 2639 proprie
1078 2572 1288 2635 dicam,
1314 2574 1777 2646 Daemonianum,
1803 2578 1898 2646 qui
1924 2592 2055 2632 con-

404 2659 493 2708 tra
554 2656 730 2709 Deum
788 2656 1018 2712 locutus
1052 2659 1156 2713 fuit
1186 2660 1556 2731 iniquitatem
1592 2664 1649 2718 in
1682 2664 1954 2734 superbia
1997 2668 2054 2719 et

408 2744 858 2813 contemptione,
892 2750 948 2799 et
979 2762 1215 2801 manum
1254 2749 1362 2803 Deo
1394 2750 1688 2806 inimicam
1717 2752 1919 2807 extulit
1949 2753 2054 2808 ad-

408 2845 612 2884 versus
643 2830 816 2885 ﬁdem
851 2833 1319 2892 christianorum.
1354 2837 1455 2892 Hic
1486 2854 1621 2910 ergo
1654 2841 1791 2910 quid
1845 2842 2058 2896 machi-

408 2923 583 2972 natur
601 2919 629 2971 ?
653 2917 739 2972 vel
772 2921 964 2988 potius
995 2923 1135 2991 quid
1169 2924 1409 2979 docetur
1432 2943 1463 2981 a
1487 2934 1647 2996 patre
1670 2945 1775 2983 suo
1797 2930 2012 2986 Satana
2030 2928 2059 2981 ?

411 3006 627 3060 Omnes
660 3007 892 3077 quidem
923 3010 1040 3079 qui,
1075 3027 1201 3081 quae
1228 3012 1525 3069 christiani
1559 3016 1841 3086 sentiunt,
1866 3020 2058 3092 despi-

412 3109 580 3161 cere;
614 3093 957 3163 Dionysium
1006 3104 1200 3154 autem
1243 3100 1427 3156 solum
1463 3103 1533 3158 de
1581 3107 1771 3162 medio
1816 3107 2054 3177 tollere;

410 3182 521 3237 hoc
575 3184 787 3249 sciens,
822 3187 975 3255 quod
1016 3187 1063 3241 si
1106 3204 1239 3244 eum
1293 3189 1482 3246 solum
1532 3194 1752 3263 vicerit,
1786 3197 2057 3253 omnibus

407 3270 584 3326 fuerit
639 3274 957 3343 superior;
1004 3276 1095 3331 sin
1144 3277 1362 3345 minus,
1425 3297 1625 3338 omnes
1684 3282 1803 3340 fore
1855 3285 2052 3342 Domi-
2086 3259 2136 3327 C

408 3358 567 3415 tiano
600 3360 886 3418 fortiores.
914 3363 1227 3435 Postquam
1253 3371 1449 3423 autem
1476 3370 1595 3426 haec
1627 3378 1817 3429 mente
1847 3375 2054 3444 agitas-

409 3454 518 3517 set,
551 3463 683 3503 eum
716 3450 929 3506 excitat
960 3451 1039 3506 ira
1071 3455 1350 3511 adversus
1394 3463 1724 3531 martyrem,
1756 3465 1813 3516 et
1846 3463 2056 3518 furoris

411 3552 672 3605 quaerens
695 3541 1210 3611 medicamentum,
1230 3545 1455 3602 nullum
1477 3547 1633 3604 aliud
1660 3550 1898 3618 invenit,
1916 3569 2057 3624 prae-

411 3629 500 3678 ter
530 3626 655 3695 ejus
688 3635 951 3684 mortem.
985 3631 1127 3687 Cum
1158 3633 1350 3702 itaque
1381 3652 1605 3706 omnes,
1640 3640 1740 3710 qui
1785 3642 1911 3712 ejus
1943 3643 2057 3697 im-

409 3712 569 3783 perio
601 3715 900 3785 parebant,
934 3732 1355 3791 congregasset,
1387 3742 1597 3794 eosque
1641 3732 2055 3800 assumpsisset

408 3801 503 3870 qui
534 3807 697 3856 erant
728 3804 777 3857 ei
810 3807 1067 3860 amentia
1096 3808 1337 3876 similes,
1365 3812 1547 3867 mittit
1577 3816 1645 3868 ad
1675 3820 2050 3885 quaerendum

408 3893 737 3959 martyrem.
764 3912 793 3939 «
829 3893 916 3962 Et,
940 3892 988 3946 si
1020 3894 1069 3947 ei
1102 3896 1357 3966 quidem,
1381 3899 1591 3968 inquit,
1630 3907 2048 3973 persuaseritis,

409 3984 469 4031 ut
501 3978 570 4031 ad
606 3981 864 4032 nostram
897 3981 1235 4039 traducatur
1252 3986 1611 4057 religionem,
1638 3990 1745 4046 hoc
1767 3999 1871 4061 est,
1895 3996 2050 4065 quod

411 4063 679 4119 desidero
711 4080 724 4119 :
759 4082 1009 4137 cumque
1040 4086 1174 4125 eum
1223 4075 1559 4145 acceperitis
1602 4063 1927 4153 vobiscum,
1959 4100 2050 4139 re-

408 4152 725 4210 vertimini.
763 4155 862 4211 Sin
906 4162 1097 4214 autem
1149 4161 1340 4219 adhuc
1371 4169 1751 4234 permanserit
1779 4169 1838 4226 in
1871 4152 2054 4245 impia

408 4241 707 4312 religione,
744 4259 874 4300 eum
909 4254 1093 4305 morte
1123 4250 1514 4311 condemnate.
1550 4278 1579 4306 ››

482 4330 569 4383 Illi
604 4335 793 4388 autem
826 4351 956 4391 cum
991 4336 1110 4394 haec
1140 4342 1468 4398 audiissent
1495 4346 1565 4401 ab
1596 4346 1963 4423 imperatore,
1997 4358 2054 4410 et

403 4416 600 4473 furore
648 4424 1122 4495 accenderentur,
1157 4430 1253 4499 qui
1305 4432 1361 4487 in
1416 4434 1500 4487 eis
1548 4416 1872 4508 habitabat,
1896 4416 1959 4496 et.
1983 4447 2051 4497 ad

407 4521 500 4560 res
549 4510 834 4577 gerendas
883 4528 1044 4568 acres
1090 4517 1272 4572 videri
1325 4520 1534 4576 vellent
1563 4522 1613 4577 ei
1646 4528 1743 4597 qui
1795 4530 2045 4599 miserat,

2222 628 2377 684 Οὕτω
2409 630 2473 683 τὰ
2503 630 2674 682 πάντα
2704 632 2879 702 πρᾶος
2914 631 2976 696 ἦν
3005 630 3094 682 καὶ
3136 632 3426 701 συμπαθὴς
3458 634 3547 685 καὶ
3603 634 3809 707 ἀόργη-

2146 742 2261 791 τος,
2289 721 2398 791 ὅσῳ
2420 725 2534 780 τοῖς
2559 716 2742 793 ἔργοις
2771 720 3253 791 ὑψοῦτο,τοσοότῳ
3274 726 3352 792 τῷ
3375 724 3685 797 φρονήματι
3715 743 3809 776 τα-

2149 811 2519 881 πεινούμενος·
2573 810 2743 861 κανὼν
2794 812 2910 868 τοῖς
2966 812 3095 861 πᾶσι
3144 811 3281 881 πρὸς
3333 810 3550 883 ἀρετήν·
3598 810 3807 885 λύχνος

2150 899 2225 960 εἰς
2260 896 2488 973 ὀδηγίαν
2527 902 2622 951 τοῦ
2661 899 2991 972 κρείττονος·
3047 900 3123 951 Δι’
3157 900 3184 952 ὃ
3221 898 3361 971 μηδὲ
3413 900 3514 954 ὑπὸ
3560 902 3654 955 τὸν
3707 902 3806 974 μό-

2152 984 2263 1041 διον
2299 989 2325 1041 ὁ
2369 992 2475 1040 τῶν
2524 987 2773 1040 ἀπάντων
2820 985 2998 1047 α’ίτιος
3052 988 3219 1060 μόνος
3277 989 3602 1063 κρύπτεσθαι
3653 1011 3804 1044 συνε-

2152 1094 2427 1153 χωρησεν’
2461 1075 2588 1129 ἀλλ’
2620 1074 2699 1151 ἐφ’
2748 1073 2964 1148 ὑψηλοῦ
3007 1073 3073 1129 δι’
3124 1076 3320 1151 ἀρετῆς
3371 1079 3574 1149 τίθησι⁰
3628 1079 3717 1133 καὶ
3770 1082 3803 1146 ἡ

2150 1166 2336 1241 φήμη,
2370 1161 2567 1226 εὺθέως
2592 1158 2855 1233 λαϐοῦσα,
2891 1160 2978 1217 διὰ
3008 1162 3222 1218 πάντων
3254 1164 3351 1238 ᾖδε
3407 1168 3719 1239 στομάτων,
3753 1166 3807 1220 ἐν

2149 1257 2282 1305 πᾶσι
2310 1251 2521 1305 πάντων
2551 1257 2765 1326 γρατεῖν
2814 1253 3111 1309 Διονύσιον.
3168 1255 3272 1307 Καὶ
3324 1251 3390 1323 δὴ
3439 1257 3579 1329 πρὸς
3612 1260 3806 1310 τοῦτον

2150 1343 2345 1403 πάντες
2370 1340 2644 1416 ἐπέῥρεονο
2678 1342 2739 1395 οὐ
2770 1343 2831 1396 τὸ
2866 1339 3116 1415 δημῶδες
3171 1343 3329 1416 μόνον
3385 1347 3475 1399 καὶ
3526 1348 3808 1421 ἀγοραῖον,

2154 1427 2277 1482 ἀλλ’
2320 1428 2444 1483 ὅσον
2477 1430 2691 1484 καὶτῶν
2727 1428 3043 1505 ἐλλογίμων
3078 1435 3144 1498 ἦν
3174 1434 3265 1486 καὶ
3297 1434 3593 1509 ἐπιφανῶν·
3647 1434 3699 1488 οἳ
3748 1458 3808 1490 τε

2152 1517 2413 1591 πρότερον
2446 1522 2512 1591 τῇ
2549 1519 2710 1591 μανίᾳ
2741 1519 3196 1593 κατειλημμένοι,
3229 1522 3318 1577 καὶ
3351 1525 3533 1599 θηρῶν
3588 1525 3805 1597 ὠμότεο

2155 1626 2247 1679 ρον
2282 1609 2380 1675 την
2410 1609 2735 1677 Ἐκκκησίαν
2792 1610 3209 1683 σπαράττοντες,
3243 1612 3317 1673 ὡς
3355 1614 3449 1667 τὸν
3500 1611 3667 1687 ἄνδρα
3716 1636 3812 1689 γι-

2153 1696 2398 1769 νόμενοι,
2429 1698 2517 1751 καὶ
2549 1700 2645 1766 τῆς
2686 1700 3001 1771 θαυμαστῆς
3030 1698 3241 1770 ἐκείνης
3288 1702 3376 1755 καὶ
3430 1702 3576 1765 Θείας
3620 1701 3813 1777 γλώτ-

2154 1808 2253 1856 της
2283 1786 2595 1857 ἀκούοντες,
2626 1790 2687 1843 τό
2727 1810 2785 1843 τε
2831 1795 2939 1843 τῶν
2986 1789 3223 1865 καρδιῶν
3274 1792 3516 1867 σκληρὸν
3568 1791 3812 1867 ἐμαλάτ-

2080 1895 2333 1967 Βτοντο,
2365 1875 2453 1931 καί
2483 1881 2562 1949 τῷ
2609 1876 2859 1949 ἀληθινῷ
2908 1880 2998 1933 καὶ
3047 1881 3249 1953 πρώτῳ
3306 1881 3448 1954 φωτὶ
3498 1887 3807 1956 προσῄεσαν

2162 1962 2249 2017 διὰ
2277 1968 2372 2018 τοῦ
2434 1965 2825 2039 βαπτίσματος·
2880 1967 2992 2040 ὅσῳ
3042 1968 3206 2024 πλέον
3256 1974 3365 2025 τῶν
3424 1969 3611 2025 ἄλλων
3670 1972 3811 2045 πρὸς

2160 2056 2347 2109 κακίαν
2381 2057 2572 2131 πρώην
2598 2055 2985 2136 ἐφλέγμαινον,
3018 2061 3261 2132 τοσούτῳ
3294 2061 3485 2129 ζέοντα
3530 2064 3623 2116 τὸν
3668 2068 3810 2135 Χρι-

2162 2144 2478 2217 στιανισμὸν
2510 2141 2927 2217 ἐνδεικνύμενοι·
2962 2148 3050 2201 καὶ
3085 2146 3229 2209 ὅλως
3276 2145 3429 2203 οὐδὲν
3486 2150 3661 2211 οὓτως
3711 2150 3814 2204 ἀνά

2164 2231 2341 2302 στόμα
2368 2237 2485 2293 τοῖς
2516 2237 2695 2305 πᾶσιν,
2729 2233 2813 2289 ὅτι
2848 2237 2924 2307 μή
2959 2236 3236 2297 Διονύσιος
3267 2238 3353 2305 ἦν.
3404 2243 3489 2300 Ὡς
3527 2236 3618 2292 οὖν
3666 2238 3813 2293 οὕτω

2163 2325 2352 2391 ταῦτα,
2385 2322 2473 2375 καὶ
2505 2325 2538 2391 ἡ
2571 2324 2728 2399 φήμη
2784 2321 3075 2399 διέτρεχεν,
3110 2328 3143 2394 ἡ
3176 2322 3504 2381 διδασκαλία
3532 2348 3591 2381 τε
3642 2326 3815 2383 ἐπλα-

2161 2410 2371 2475 τύνετο,
2439 2410 2529 2464 καὶ
2596 2414 2630 2479 ἡ
2698 2414 2881 2476 πίστις
2944 2409 3259 2470 ἐϐεϐαιοῦτο
3322 2416 3664 2492 τρανότερον,
3734 2417 3814 2479 εἷς

2163 2498 2327 2559 ἀκοὰς
2384 2498 2503 2567 ἥκει
2560 2502 2622 2555 τὸ
2683 2509 2908 2578 πρᾶγμα
2958 2511 3297 2578 Δομετιανῷ,
3357 2512 3674 2580 Δομετιανῷ
3733 2513 3815 2579 τῷ

2162 2583 2334 2637 πάντα
2364 2582 2543 2657 δεινῷ·
2579 2594 2923 2661 Δαιμονιανῷ
2950 2588 3007 2644 δὲ
3051 2590 3268 2663 μᾶλλον
3321 2593 3491 2649 εἰπεῖν
3543 2592 3813 2649 οἰκειότε-

2164 2693 2277 2748 ρον,
2309 2678 2388 2745 τῷ
2422 2674 2723 2745 λαλήσαντι
2759 2680 2894 2734 γατά
2930 2684 3027 2734 τοῦ
3059 2686 3192 2737 Θεοῦ
3241 2680 3477 2753 ἀδικίαν,
3529 2682 3580 2738 ἐν
3617 2686 3814 2759 ὑπερη-

2164 2764 2324 2838 φανίᾳ
2351 2765 2436 2818 καὶ
2472 2762 2836 2841 ἐξουδενώσει,
2882 2768 2973 2823 καὶ
3005 2775 3165 2842 χεῖρα
3218 2772 3491 2848 θεομάχον
3536 2775 3673 2827 κατὰ
3713 2780 3812 2841 τῆς

2162 2857 2269 2906 τῶν
2301 2859 2635 2927 Χριστιανῶν
2697 2856 2881 2930 ἅραντι
2939 2858 3194 2922 πίστεως.
3254 2861 3430 2923 Οὗτος
3483 2860 3578 2915 οὖν
3628 2863 3679 2917 τί
3710 2885 3809 2934 μη-

2164 2946 2415 3015 χανᾶται,
2453 2941 2665 3015 μᾶλλον
2697 2942 2753 2999 δὲ
2782 2946 2835 3001 τί
2862 2948 3007 3023 παρά
3036 2953 3131 3003 τοῦ
3171 2950 3374 3023 πατρὸς
3422 2950 3591 3005 αὐτοῦ
3638 2956 3801 3005 Σατᾶν

2165 3029 2578 3103 ἐκπαιδεύεται;
2625 3036 2837 3090 πάντων
2895 3038 2987 3111 μὲν
3039 3042 3145 3092 τῶν
3193 3038 3310 3094 ὅσοι
3362 3041 3429 3094 τὰ
3478 3041 3795 3116 Χριστιανῶν

2165 3125 2468 3197 φρονοῦσιν,
2532 3121 2824 3199 ὑπεριδεῖν,
2885 3128 3162 3182 Διονύσιον
3215 3125 3270 3182 δὲ
3317 3127 3484 3201 μόνον
3542 3128 3705 3196 ἑλεῖν,
3750 3127 3805 3183 εὖ

2169 3208 2321 3280 ἷδὼς,
2358 3212 2449 3280 ὡς,
2482 3213 2526 3267 εἰ
2557 3214 2751 3269 τούτου
2782 3216 3131 3291 περιγένηται
3168 3220 3359 3291 μόνου,
3399 3221 3614 3275 πάντων
3661 3216 3807 3275 ἔσται

2165 3303 2457 3372 κρατήσας·
2492 3301 2537 3355 εἰ
2570 3301 2626 3357 δὲ
2660 3304 2735 3375 μὴ
2768 3305 2993 3373 τούτου,
3027 3313 3355 3380 Δομετιανοῦ
3410 3310 3604 3371 πάντες
3656 3307 3812 3382 στερ-

2167 3394 2404 3467 ρότεροι.
2438 3394 2592 3448 Ἐπεὶ
2626 3390 2682 3447 δὲ
2724 3398 2891 3449 ταῦτα
2939 3394 3149 3469 ἐνενόει,
3184 3399 3211 3452 ὁ
3244 3398 3416 3472 θυμὸς
3466 3400 3628 3455 αὐτὸν
3683 3398 3812 3473 ἐγεί-

2167 3502 2244 3557 ρει
2286 3482 2421 3536 κατὰ
2451 3486 2547 3536 τοῦ
2581 3482 2871 3558 μάρτυρος,
2906 3486 2997 3540 καὶ
3055 3490 3231 3557 ζητῶν
3274 3494 3377 3557 τῆς
3429 3488 3618 3561 μανίας
3654 3486 3814 3562 ἷάμα,

2163 3575 2325 3625 τοῦτο
2363 3571 2527 3643 μόνον
2554 3572 2809 3646 εὑρίσκει,
2843 3575 2934 3629 τὸν
2966 3578 3136 3632 αὺτοῦ
3166 3576 3415 3635 θάνατον.
3447 3576 3674 3650 Ἀμέλει
3724 3578 3815 3631 καὶ

2163 3660 2367 3722 πάντας
2398 3660 2527 3723 τοὺς
2579 3662 2682 3716 ὑπὸ
2730 3669 2893 3739 χεῖρα
2946 3667 3277 3741 συναγαγὼν,
3333 3665 3460 3729 τοὺς
3521 3666 3814 3734 ἀπηνεστέ-

2166 3769 2292 3824 ρους
2324 3771 2381 3804 τε
2409 3751 2500 3805 καὶ
2533 3750 2778 3814 ἐοικότας
2832 3754 2982 3826 αὐτῷ
3011 3755 3109 3823 τήν
3154 3754 3407 3810 ἀπόνοιαν
3455 3750 3814 3829 παραλαϐὼν,

2162 3839 2298 3891 κατὰ
2331 3841 2552 3908 ζήτησιν
2594 3840 2857 3913 ἐκπέμπει
2907 3847 3003 3897 τοῦ
3057 3843 3350 3920 μάρτυρος,
3391 3844 3505 3913 καὶ,
3558 3869 3587 3896 ‹‹
3618 3844 3682 3900 Εἰ
3715 3845 3812 3916 μὲν

2162 3930 2241 3996 τῷ
2274 3927 2525 4000 ἡμετέρῳ
2552 3930 2770 3999 τοῦτον,
2800 3932 2956 4009 φησὶ,
2998 3934 3317 4005 μεταθέσθαι
3366 3929 3664 4007 σεϐάσματι
3695 3933 3815 3988 πεί-

2164 4034 2299 4083 σετε,
2329 4018 2475 4069 τοῦτ’
2509 4016 2634 4089 ἐμοὶ
2679 4017 2741 4073 τὸ
2792 4022 3155 4093 ποθούμενον,
3201 4025 3293 4076 καὶ
3342 4018 3597 4082 λαϐόντες
3648 4023 3810 4078 αὐτὸν

2166 4105 2283 4177 μεθ’
2315 4105 2541 4173 ἑαυτῶν,
2578 4106 2960 4182 ἂναστρέψατε’
2996 4108 3040 4164 εἷ
3074 4108 3130 4165 δὲ
3161 4105 3237 4166 ἔτι
3268 4116 3338 4185 τῇ
3390 4106 3638 4166 δυσσεϐεῖ
3689 4110 3812 4166 ἐπι-

2165 4194 2338 4267 μένων
2369 4193 2452 4264 εἷή
2492 4198 2772 4270 θρησκείᾳ,
2809 4198 3034 4254 θάνατον
3069 4202 3235 4255 αὐτοῦ
3265 4200 3635 4275 κατακρίνατε.
3674 4224 3703 4252 ››

2233 4357 2301 4411 Οἱ
2333 4353 2410 4425 δὲ,
2443 4361 2604 4413 τοῦτο
2634 4359 2779 4433 ποιρά
2818 4364 2916 4415 τοῦ
2962 4365 3290 4435 κρατοῦντος
3337 4361 3686 4432 ἀκούσαντες,
3738 4366 3808 4437 τῇ

2159 4463 2217 4496 τε
2248 4445 2483 4516 συνοίκῳ
2536 4446 2697 4519 μανίᾳ
2748 4448 3174 4527 ὑποτυφόμενοι,
3223 4449 3312 4505 καὶ
3363 4447 3682 4526 δραστήριοι
3728 4455 3808 4523 τῷ

2160 4531 2433 4605 πέμψαντι
2468 4532 2615 4608 δόξαι
2649 4535 3134 4613 φιλοτιμούμενοι,
3167 4539 3398 4607 ἐπείτὴν
3432 4538 3673 4595 Γαλλίαν
3693 4542 3807 4596 κατ’

408 4600 721 4666 postquam
753 4607 1035 4655 venerunt
1065 4603 1121 4658 in
1153 4606 1394 4663 Galliam
1430 4617 1702 4683 tanquam
1736 4617 1866 4673 ferae
1897 4636 2049 4690 quae-

2165 4616 2386 4689 έλαϐον,
2428 4620 2503 4683 ὣς
2527 4644 2669 4684 τινες
2728 4621 3029 4694 εἰσπηδωσι
3090 4634 3274 4701 θῆρες·
3323 4626 3413 4682 καὶ
3462 4632 3634 4682 πᾶσαν
3686 4625 3803 4682 δια-

406 4683 538 4738 dam
572 4684 846 4741 irruunt:
879 4692 932 4742 et
964 4704 1096 4744 cum
1132 4708 1393 4763 omnem,
1427 4714 1553 4769 quae
1586 4701 1738 4757 circa
1769 4706 1883 4761 sita
1911 4683 2055 4775 erat,

407 4774 853 4830 conturbassent
885 4779 1205 4850 regionem,
1230 4794 1619 4858 corrumpunt
1651 4774 2055 4868 simpliciores,

406 4864 473 4913 ut
504 4862 775 4917 docerent
819 4865 1056 4922 ubinam
1106 4869 1307 4927 beatus
1358 4875 1665 4948 Dionysius
1710 4862 2054 4939 versaretur;

405 4950 724 5019 Postquam
759 4958 948 5009 autem
983 4957 1299 5015 audierunt
1329 4978 1460 5018 eum
1495 4968 1707 5023 versari
1743 4973 1800 5025 in
1831 4972 2056 5028 civitate

408 5036 788 5109 Parisiorum,
816 5045 1060 5099 necdum
1097 5063 1217 5101 rem
1251 5054 1428 5106 totam
1453 5055 1754 5111 audierant
1775 5075 1903 5114 cum
1937 5061 2055 5117 illic

406 5126 639 5181 adsunt.
676 5130 892 5185 Deinde
942 5143 1347 5201 percontantes
1379 5143 1449 5195 de
1490 5144 1661 5200 rebus
1710 5147 2057 5211 christiano.

403 5228 556 5277 rum,
590 5215 895 5272 inveniunt
926 5222 1055 5277 ﬁdei
1090 5226 1410 5283 doctrinam
1445 5246 1569 5287 esse
1600 5234 1919 5304 dispersam
1958 5257 2056 5311 per

401 5302 580 5352 totam
629 5302 961 5362 civitatem:
998 5311 1068 5365 de
1102 5314 1399 5371 miraculis
1449 5302 1718 5390 martyris
1752 5325 1900 5380 ﬁunt
1931 5302 2054 5382 cer-

397 5384 595 5452 tiores,
632 5388 784 5455 quod
812 5406 1020 5483 omnes
1052 5400 1293 5470 scilicet,
1328 5406 1426 5475 qui
1471 5411 1618 5463 male
1655 5427 1715 5465 se
1749 5413 2047 5483 baberent,

393 5481 642 5525 cum-“501
675 5490 687 5525 τ
722 5476 776 5524 οἳ
808 5475 937 5533 idi‘o
973 5485 1397 5546 inr'redulorum
1434 5497 1499 5548 ad
1538 5515 1665 5551 cum
1701 5502 2050 5560 confluxisse

392 5561 703 5665 caleI‘IVnT9
730 5564 862 5613 θίεθ
895 5572 1234 5639 adjunxissc
1266 5597 1395 5637 vero
1424 5584 1521 5636 Diei
1556 5587 1737 5640 cultui
1767 5606 1777 5643 :
1806 5596 1862 5646 et
1891 5596 2043 5665 quod

392 5646 588 5698 omnis
620 5646 929 5707 Germania
961 5672 1083 5729 qua:
1134 5665 1332 5721 multis
1381 5669 1543 5743 prius
1582 5674 1857 5744 gravibus
1886 5646 2044 5739 vitiis

2163 4711 2489 4783 σπαράξαντες
2534 4713 2632 4779 τήν
2682 4711 3013 4787 περίχωρον,
3066 4714 3447 4791 ὑποφθείρουσι
3479 4715 3608 4780 τοὺς
3649 4716 3795 4771 εὐκο-

2166 4797 2437 4873 λωτέρους
2469 4800 2534 4853 τὰ
2561 4801 2695 4854 κατά
2721 4802 2815 4855 τὸν
2850 4804 3112 4877 μακάριον
3146 4800 3354 4873 διδάξαι
3385 4826 3445 4860 τε
3495 4808 3592 4861 κπὶ
3638 4806 3789 4860 εἰπεῖν

2164 4887 2463 4946 Διονύσιον.
2492 4889 2579 4951 Ὦς
2614 4886 2670 4943 δὲ
2698 4894 2889 4945 τοῦτον
2921 4890 2971 4945 ἐν
3002 4893 3232 4966 Παρισίᾳ
3269 4899 3337 4969 τῇ
3398 4893 3554 4950 πόλει
3608 4891 3802 4971 διατρί-

2164 4971 2275 5030 ϐειν
2310 4975 2591 5047 ἐπύθοντο,
2627 4978 2779 5033 οὔπω
2810 4980 2874 5034 τὸ
2904 4985 3006 5035 πᾶν
3053 4980 3338 5053 ἐπύθοντο,
3387 4986 3476 5039 καὶ
3525 4988 3594 5058 τῇ
3644 4983 3804 5040 πόλει

2160 5062 2486 5140 ἐφιστανται.
2519 5067 2657 5123 Εἶτα
2685 5068 2751 5121 τὰ
2788 5069 2912 5142 περῖ
2957 5073 3065 5124 τῶν
3098 5075 3441 5147 Χριστιανῶν
3493 5072 3803 5147 ἐρευνῶσιν,

2162 5152 2465 5226 εὑρίσγουσι
2522 5160 2777 5230 πανταχῇ
2836 5159 2903 5212 τὰ
2961 5165 3058 5228 τῆς
3114 5160 3347 5223 πίστεως
3394 5165 3804 5237 κατεσπαρμένοι

2161 5238 2486 5315 διδάγματα.
2533 5244 2661 5318 Περὶ
2710 5250 2817 5300 τῶν
2866 5252 2964 5302 τοῦ
3016 5250 3287 5324 μάρτυρος
3336 5253 3628 5325 τεραστίων
3667 5275 3803 5325 μαν-

2159 5331 2422 5402 θάνουσιν,
2455 5333 2529 5394 ὡς
2561 5333 2686 5396 τοὺς
2735 5335 2858 5409 περί
2912 5358 2964 5391 τι
3014 5341 3270 5413 πονήρως
3318 5338 3545 5417 ἔχοντας
3593 5339 3800 5405 πάντας

2160 5418 2388 5475 ἰάσαιτο.
2446 5421 2734 5477 Κάντεῦθεν
2793 5426 2855 5477 τὸ
2911 5429 3018 5479 τῶν
3111 5426 3350 5481 ἀπίστων
3406 5430 3554 5499 αὐτῷ
3607 5436 3801 5506 στῖφος

2156 5505 2470 5580 ἐπιῤῥεῦσαν
2524 5515 2589 5583 τῇ
2650 5508 2920 5583 θεοσεϐείᾳ
2989 5517 3251 5570 συνέθετο·
3304 5518 3391 5571 καὶ
3448 5518 3518 5575 εἷς
3573 5521 3607 5587 ἡ
3650 5525 3795 5576 πᾶσα

2156 5596 2427 5667 Γερμανία
2454 5599 2690 5664 πολλοῖς
2719 5602 2781 5656 τὸ
2802 5602 3029 5676 πρόσθεν
3054 5606 3143 5659 καὶ
3177 5602 3370 5665 δεινοῖς
3403 5602 3787 5681 δεδουλωμένη

2152 5682 2342 5737 πάθεσί
2371 5705 2429 5740 τε
2467 5688 2555 5741 καὶ
2587 5691 2858 5768 πράξεσιν,
2907 5691 2968 5747 οὐ
3004 5693 3110 5767 μὴν
3152 5691 3299 5749 ἀλλὰ
3336 5695 3427 5749 καὶ
3473 5690 3788 5763 εἰδωλικοῖς
