4142 6248
387 366 544 426 1045

1448 365 1630 426 VITA
1675 367 1734 429 S.
1783 368 2125 432 DlONYSIl
2175 371 2720 434 AREOPAGITE.

3624 382 3779 442 1046

385 521 713 594 ὑποκειμένη
744 515 1058 593 σεϐέσμασι,
1097 522 1191 576 τὸν
1231 520 1431 576 οἰκεῖον
1481 523 1702 597 αὐχένα,
1746 531 1864 586 ταῖς
1898 533 2022 580 Διο-

2137 530 2413 587 servierat
2443 535 2500 587 et
2529 531 2716 600 factis,
2749 532 3070 603 quinetiam
3125 535 3386 606 subjecta
3431 542 3555 595 erat
3594 540 3776 597 cultui

382 611 572 666 νυσίου
603 607 880 686 διδαχαῖς,
912 606 1114 663 ἐκεῖθεν
1147 608 1502 678 ὑπεξελοῦσα,
1535 617 1612 684 τῷ
1650 616 1746 667 τοῦ
1796 615 2030 687 Χριστοῦ

387 703 536 774 ζυγῷ
585 698 916 775 ὑπηγάγετο.
975 699 1065 759 Ὡς
1113 699 1204 752 οὗν
1247 697 1322 760 εἷς
1379 704 1577 773 γνῶσιν
1630 701 1834 770 αὐτοῖς,
1886 702 2028 758 οὕτω

379 788 664 842 ταῦτακαὶ
723 785 909 841 πολλὰ
963 783 1121 860 ἕτερα
1174 787 1450 861 γεγονέναι
1508 788 1755 863 ἀφίκετο,
1813 793 1914 860 τήν
1969 813 2028 846 τε

379 879 478 930 τοῦ
510 875 746 948 Χριστοῦ
794 873 1032 947 ποίμνην
1079 873 1467 948 αὐξανομένην,
1512 877 1599 931 καὶ
1651 877 1778 942 τοὺς
1824 879 2026 933 ἑαυτῶν

377 961 532 1024 θεοὺς
561 963 1020 1038 παρεωραμένους
1071 962 1280 1037 ἐώρων,
1331 963 1427 1027 τάς
1473 985 1532 1018 τε
1578 963 1801 1028 τελετὰς
1843 987 2026 1042 περιυ·

381 1047 698 1126 ϐρισμένας,
743 1050 833 1105 καὶ
883 1051 959 1110 εἷς
997 1051 1126 1126 γόνυ
1167 1049 1424 1106 κλίνασαν
1473 1054 1571 1122 τήν
1618 1049 1882 1124 ἀσέϐειαν,
1935 1055 2023 1111 ἐπὶ

384 1138 599 1212 μᾶλλον
627 1137 957 1209 ἐκκαίονται,
990 1140 1078 1194 καὶ
1127 1145 1220 1194 τὸν
1269 1139 1478 1196 τούτων
1525 1143 1699 1196 α’ἰτιον
1750 1143 1888 1198 ὅπου
1933 1146 2022 1199 καὶ

379 1224 670 1304 διατρίϐων
699 1226 809 1298 εἷή,
839 1229 1212 1284 πυνθάνονται·
1247 1230 1336 1284 καὶ
1365 1231 1456 1284 τὸν
1493 1229 1778 1304 μακάριον,
1830 1233 2024 1308 ἀθρόον

379 1317 808 1390 ἐπεισπεσόντες,
867 1318 960 1372 σὺν
1021 1319 1132 1391 ἅμα
1190 1317 1447 1392 δεσμοῦσι
1496 1325 1617 1382 τοῖς
1673 1323 1790 1394 μετ’
1837 1321 2022 1394 αὐτοῦ,

373 1409 476 1476 τήν
506 1408 651 1462 θείαν
681 1407 780 1461 ἀνᾶ
811 1405 988 1480 στόμα
1029 1403 1266 1482 διδαχὴν
1320 1403 1399 1462 ἔτι
1447 1409 1694 1486 φέροντα,
1755 1409 1843 1464 καὶ
1883 1431 2020 1486 προ-

374 1499 635 1567 κάθηνται
668 1494 947 1559 λυσσῶδές
977 1518 1028 1552 τι
1083 1497 1173 1551 καὶ
1227 1498 1451 1570 μανικὸν
1498 1497 1585 1552 ἐπὶ
1632 1500 1732 1568 τήν
1788 1500 2018 1570 ἐξέτασιν

374 1584 646 1649 πνέοντες.
679 1583 914 1641 Εῖσεισιν
950 1584 1041 1640 οῦν
1084 1586 1112 1640 ὁ
1151 1583 1406 1659 γεννάδας
1439 1586 1551 1659 ἅμα
1576 1587 1879 1660 Ῥουστικῷ
1927 1590 2017 1644 καὶ

377 1674 727 1748 Ἐλευθερίῳ,
787 1673 1014 1748 ἀτρόμῳ
1074 1671 1286 1745 διανοίᾳ
1343 1675 1432 1729 καὶ
1501 1677 2018 1752 πεπαρῥησιασμένῃ

377 1765 556 1839 ψυχῇ,
589 1762 766 1834 ὥσπερ
802 1762 879 1826 εἷς
909 1763 1123 1838 ἑορτὴν,
1157 1763 1258 1818 οὐκ
1296 1762 1373 1825 είς
1421 1763 1606 1838 ἀγῶνα
1651 1764 2014 1838 καλοόμενος.

374 1849 578 1921 Καὶδή
625 1851 864 1927 θρασέως
911 1850 1054 1907 οὕτω
1101 1852 1192 1906 καὶ
1253 1853 1562 1927 αὐστηρῶς,
1601 1851 1675 1908 ’ἶν’
1719 1853 1779 1910 ἐκ
1825 1875 2016 1922 προοι-
2048 1893 2102 1959 Β

425 1940 436 1959 1
572 1941 643 1959 ’Δὶ
904 1938 924 1959 Ἰ
963 1942 1005 1959 Ι)
1295 1943 1307 1958 κ
1423 1943 1435 1958 \
1571 1943 1583 1959 Ἰ
1642 1944 1654 1959 1
1823 1943 1879 1959 ..ἢ
1971 1945 1996 1959 ν

374 1940 508 2013 μίου
534 1941 690 2003 εὐθὺς
720 1938 1139 2011 καταπλήξωσι,
1181 1943 1310 2016 φασί
1339 1943 1477 2016 πρὸς
1525 1943 1706 1998 αὐτόν·
1758 1967 1786 1996 ‹‹
1821 1943 1896 1998 Σὺ
1945 1945 2017 2012 εἷ,

372 2029 418 2082 ὦ
449 2028 723 2102 κατάράτη
758 2028 997 2105 κεφαλὴ,
1032 2029 1060 2083 ὁ
1097 2027 1226 2090 τοὺς
1275 2029 1570 2102 ἠμενέρους
1615 2032 1768 2092 θεοὺς
1816 2031 1866 2085 ἐν
1915 2053 2026 2104 μη-

379 2115 490 2171 δενὶ
520 2118 827 2190 τιθέμενος,
857 2118 946 2172 καί
977 2119 1074 2186 τὴν
1106 2119 1267 2190 ἡμῶν
1303 2118 1363 2174 ἐκ
1411 2119 1576 2191 μέσου
1621 2127 1850 2188 ποιῆσαι
1889 2123 2028 2195 θρη-

381 2206 562 2260 σκείαν
609 2204 936 2282 φιλονεικῶν
977 2228 992 2278 ;
1062 2207 1377 2283 Ἀπόκριναι
1422 2205 1538 2277 οὖν,
1585 2209 1647 2262 τὸ
1706 2210 1884 2283 γένος,
1928 2210 2027 2277 τὴν

377 2293 765 2369 ἐνεγκαμένην,
797 2297 859 2350 τὸ
889 2293 1245 2366 ἐπιτήδευμα.
1281 2319 1309 2347 ››
1350 2299 1410 2354 Ὁ
1458 2295 1534 2365 δὲ,
1585 2296 2026 2372 θαρραλεώτερος

380 2382 596 2456 μᾶλλον
633 2388 712 2455 τῷ
765 2385 901 2458 πρὸς
957 2385 1184 2458 Χριστὸν
1239 2386 1528 2458 γενόμενος
1583 2384 1768 2459 ἔρωτιο
1823 2411 1851 2438 ‹‹
1883 2389 2028 2462 Ἐγὼ

382 2473 502 2545 μὲν,
535 2472 580 2525 ὦ
631 2473 814 2542 οὗτος,
862 2471 1044 2547 φησίν,
1097 2471 1191 2528 ’ίνα
1233 2474 1300 2528 τὰ
1344 2478 1441 2528 τοῦ
1485 2473 1674 2549 γένους
1718 2477 1780 2530 τό
1829 2497 1890 2549 γε
1935 2481 2026 2532 νῦν

381 2559 512 2636 ἕχον
542 2561 632 2616 καὶ
682 2562 782 2628 τὴν
835 2557 1070 2634 πατρίδα
1119 2565 1301 2636 παρῶ,
1360 2563 1594 2636 Χριστοῦ
1647 2559 1846 2625 δοῦλος
1893 2565 2027 2618 εἶναι

385 2647 673 2722 ὁμολογῶ,
705 2651 794 2703 καὶ
831 2649 976 2722 μόνῳ
1004 2650 1183 2722 τούτῳ
1219 2654 1299 2722 τῷ
1345 2671 1403 2706 τε
1447 2651 1670 2727 ἀνάρχῳ
1719 2654 1887 2725 Πατρί
1937 2655 2024 2708 καὶ

385 2743 465 2810 τῷ
533 2735 797 2810 συναϊδίῳ
863 2738 1025 2793 ἀύτοῦ
1091 2738 1339 2813 λατρεύω
1429 2744 1722 2814 Ηνεύματι·
1787 2741 2028 2820 πέφευγα

395 2823 452 2879 δὲ
481 2825 699 2894 καὶτῆς
734 2827 884 2897 ὑμῶν
913 2825 1146 2896 πλάνης·
1201 2831 1280 2897 τῷ
1335 2827 1436 2900 γὰρ
1494 2827 1612 2900 ἐμῷ
1657 2830 1874 2901 Χριστῷ
1929 2830 2031 2884 πέ-

392 2915 578 2986 ποιθα,
635 2913 963 2988 καθαιρέτης
1023 2913 1396 2988 στερρότατος,
1447 2914 1712 2984 ἀλείπτης
1774 2922 2031 2988 Χριστια-

389 3007 508 3064 νοῖς
537 3004 673 3077 πρὸς
729 3003 922 3078 ἀρετὴν
983 3001 1358 3074 ἑτοιμότατος.
1429 3005 1570 3078 Ηρὸς
1634 3008 1800 3058 ταῦτα
1867 3004 1917 3058 εἷ’
1978 3026 2030 3059 τι

380 3091 854 3167 προστεταγμένον
891 3093 1044 3165 ὑμῖν,
1085 3093 1374 3168 πράσσετε.
1409 3116 1437 3144 ››
1472 3093 1570 3147 Καὶ
1601 3095 1700 3162 τὴν
1731 3098 1828 3149 τοῦ
1873 3095 2030 3172 ἁγίου

383 3179 601 3254 γνόντες
656 3182 706 3235 οἱ
767 3177 1049 3254 δυσμενεῖς
1111 3179 1246 3254 μετά
1302 3181 1560 3242 συνέσεως
1617 3178 1880 3250 ἔνστασιν,
1932 3183 2024 3237 τὸν

2139 618 2596 689 simulacrorum,
2621 620 2833 676 collum
2856 637 3033 676 suum
3055 637 3124 676 ex
3145 622 3238 678 his
3260 625 3647 695 subtractum,
3672 629 3778 683 do-

2139 707 2325 762 ctrina
2354 707 2636 780 Dionysii,
2669 708 2971 779 subjunxit
3001 710 3148 780 jugo
3178 710 3412 768 Christi.
3446 716 3587 770 Cum
3643 732 3779 787 ergo

2137 793 2280 864 haec,
2314 800 2369 851 et
2400 796 2582 852 multa
2613 797 2724 851 alia
2772 797 2921 852 facta
2973 813 3123 863 esse,
3158 798 3232 853 ad
3277 815 3476 855 eorum
3527 803 3783 858 venisset

2135 883 2546 956 cognitionem,
2598 889 2654 940 et
2710 885 2922 940 Christi
2979 902 3213 958 gregem
3264 890 3481 960 augeri,
3532 898 3589 945 et
3644 907 3783 947 suos

2135 977 2269 1029 deos
2308 974 2590 1031 vidissent
2636 975 2869 1032 habitos
2911 976 3227 1046 despectui,
3259 985 3312 1033 et
3351 995 3457 1033 sua
3505 981 3782 1052 mysteria

2135 1064 2448 1130 contemni,
2471 1068 2528 1119 et
2547 1063 2887 1119 inclinatam
2910 1079 3034 1119 esse
3065 1065 3450 1136 impietatem,
3475 1069 3663 1139 magis
3685 1085 3780 1124 ac-

2133 1151 2486 1220 cenduntur,
2517 1159 2571 1208 et
2601 1159 2807 1222 rogant
2838 1151 3073 1206 ubinam
3107 1153 3414 1221 habitaret,
3448 1155 3545 1225 qui
3577 1171 3778 1212 eorum

2131 1249 2255 1294 erat
2284 1248 2481 1294 auctor
2505 1257 2518 1294 :
2542 1247 2595 1295 et
2626 1243 2860 1311 repente
2887 1240 2947 1295 in
2979 1240 3221 1297 beatum
3256 1241 3540 1298 irruentes
3575 1243 3781 1315 Diony-

2132 1327 2306 1392 sium,
2330 1343 2463 1382 eum
2485 1327 2658 1382 simul
2689 1327 2875 1399 ligant
2895 1344 3032 1383 cum
3055 1328 3128 1384 iis
3151 1330 3243 1398 qui
3269 1346 3401 1385 cum
3435 1331 3564 1402 ipso
3590 1337 3777 1400 erant,

2131 1415 2188 1468 in
2221 1431 2318 1470 ore
2349 1415 2602 1470 divinam
2627 1415 2820 1472 adhuc
2853 1416 3161 1472 habentem
3191 1417 3550 1486 doctrinam;
3578 1421 3779 1491 praesi-

2129 1503 2284 1569 dent,
2317 1503 2536 1559 rabiem
2571 1508 2624 1560 et
2655 1504 2911 1561 furorem
2962 1505 3254 1576 spirantes
3287 1507 3357 1562 ad
3391 1509 3778 1564 examinatio-

2127 1605 2284 1646 nem.
2307 1591 2635 1662 Ingreditur
2664 1607 2801 1662 ergo
2822 1591 2912 1646 vir
2940 1607 3257 1663 generosus
3287 1594 3465 1649 simul
3497 1611 3626 1650 cum
3659 1596 3778 1650 Ru-

2125 1680 2271 1735 stico
2302 1683 2358 1734 et
2387 1679 2740 1749 Eleutherio,
2765 1685 2958 1736 mente
2990 1681 3160 1737 firma
3191 1697 3258 1738 ac
3289 1683 3484 1738 stabili
3506 1688 3564 1740 et
3593 1684 3778 1740 libero

2127 1769 2345 1834 animo,
2378 1769 2617 1840 perinde
2664 1785 2729 1824 ac
2760 1770 2809 1824 si
2841 1774 3147 1825 vocaretur
3179 1771 3248 1826 ad
3286 1771 3520 1841 festum,
3556 1789 3670 1827 non
3703 1775 3771 1828 ad

2126 1861 2439 1913 certamen.
2487 1861 2838 1929 Arroganter
2894 1858 3072 1928 igitur
3129 1865 3184 1913 et
3240 1875 3466 1931 aspere,
3518 1864 3584 1915 ut
3639 1877 3776 1918 eum

2133 1946 2646 2017 perterrefacerent
2701 1946 2895 2001 statim
2952 1945 3010 2000 in
3071 1947 3382 2018 principio,
3427 1948 3478 2002 ei
3531 1947 3772 2004 dicunt:

2135 2058 2163 2087 «
2219 2037 2302 2091 Tu
2370 2052 2454 2102 es,
2511 2052 2544 2090 ο
2611 2036 3026 2090 exsecrandum
3102 2039 3292 2105 caput,
3372 2036 3474 2107 qui
3553 2044 3776 2094 nostros

2130 2125 2270 2180 deos
2347 2121 2513 2178 nihili
2587 2122 2752 2191 facis,
2810 2125 2868 2178 et
2923 2123 3230 2177 contendis
3285 2123 3354 2178 de
3411 2123 3600 2178 medio
3658 2139 3773 2178 no-

2131 2218 2312 2268 stram
2346 2211 2544 2267 tollere
2572 2210 2910 2281 religionem
2934 2210 2962 2264 ?
2988 2210 3291 2280 Responde
3320 2225 3478 2280 ergo,
3509 2211 3664 2281 quod
3701 2212 3778 2265 sit

2130 2305 2294 2357 tuum
2348 2315 2554 2372 genus,
2586 2315 2714 2370 quas
2744 2303 2799 2354 te
2829 2297 3031 2353 tulerit
3078 2298 3284 2367 patria,
3315 2302 3374 2352 et
3402 2301 3554 2368 quod
3603 2303 3774 2353 tuum

2132 2389 2414 2446 studium.
2451 2411 2478 2438 »
2513 2387 2613 2443 Ille
2659 2390 2880 2456 autem,
2911 2401 3108 2442 amore
3137 2385 3194 2440 in
3229 2384 3522 2441 Christum
3569 2387 3619 2441 ei
3669 2387 3777 2440 ad-

2133 2479 2306 2533 dente
2359 2478 2642 2544 animum,
2677 2480 2734 2532 et
2763 2475 3004 2531 faciente
3061 2490 3196 2530 eum
3254 2474 3776 2530 conﬁdentiorem:

2135 2589 2163 2616 ‹‹
2195 2568 2311 2637 Ego
2343 2567 2601 2636 quidem,
2625 2565 2837 2634 inquit,
2859 2581 2892 2620 ο
2915 2580 3037 2631 vos,
3062 2567 3204 2619 utet
3233 2578 3416 2633 genus
3447 2569 3500 2618 et
3530 2563 3780 2632 patriam

2132 2655 2395 2710 omittam
2429 2654 2484 2708 in
2518 2652 2849 2724 praesentia,
2873 2667 2965 2706 me
2984 2650 3198 2706 Christi
3228 2666 3462 2706 servum
3492 2665 3618 2706 esse
3639 2666 3779 2706 con-

2131 2746 2320 2811 fiteor,
2342 2747 2399 2798 et
2418 2757 2548 2798 eum
2579 2741 2789 2808 solum,
2816 2745 2874 2797 et
2921 2741 3168 2807 Patrem,
3209 2739 3310 2812 qui
3357 2744 3514 2796 caret
3561 2741 3780 2811 princi-

2132 2833 2248 2904 pio,
2272 2840 2325 2887 et
2347 2835 2696 2887 coaeternum
2727 2831 2852 2900 ejus
2884 2827 3008 2885 colo
3031 2829 3330 2900 Spiritum.
3359 2828 3562 2900 Aufugi
3585 2833 3780 2884 autem

2133 2937 2166 2973 a
2195 2924 2385 2975 vestro
2415 2935 2629 2986 errore,
2662 2917 3057 2974 validissimus
3089 2919 3169 2986 (in
3203 2932 3330 2972 meo
3361 2917 3519 2972 enim
3549 2916 3781 2973 Christo

2131 3006 2318 3062 habeo
2341 3007 2635 3078 ﬁduciam)
2654 3010 2973 3062 vestrorum
2995 3006 3236 3061 deorum
3261 3003 3781 3072 deturbator,chri-

2134 3096 2574 3166 stianorumque
2603 3097 2673 3150 ad
2716 3095 2985 3151 virtutem
3036 3093 3369 3149 exhortator
3412 3093 3778 3165 promptissi-

2139 3199 2290 3238 mus.
2315 3183 2396 3236 Λᾶ
2431 3183 2553 3237 haec
2580 3183 2767 3246 facite,
2792 3183 2842 3238 si
2873 3181 3011 3254 quid
3044 3185 3133 3237 est
3160 3181 3320 3237 vobis
3349 3181 3722 3251 imperatum.
3747 3204 3776 3232 »

381 3235 552 3344 θυμὸν
584 3270 661 3332 εἱς
693 3235 929 3334 θωπείαν
962 3235 1265 3343 ἆμείὲουσι,
1299 3269 1408 3329 καὶ.
1445 3293 1474 3321 ‹‹
1505 3271 1598 3338 Μὴ
1629 3271 1730 3339 τήν
1755 3235 2022 3340 σὴν’ἐ’ντι-

2136 3271 2410 3327 Videntes
2459 3275 2654 3326 autem
2695 3270 2984 3338 molevoli,
3017 3270 3203 3325 sancti
3235 3269 3613 3324 constantiam
3645 3285 3778 3326 cum

385 3379 486 3432 μον
518 3356 716 3414 πολιὰν
747 3359 1050 3432 ἂτιμώσῃς,
1085 3360 1233 3432 φασί.
1269 3357 1533 3428 Διονύσιε,
1570 3356 1712 3432 μηδὲ
1739 3360 1884 3413 τέλει
1922 3362 2023 3428 τήν

381 3447 549 3527 φίλην
582 3447 820 3522 ἑταιρίαν
852 3452 1032 3523 πικρῷ
1079 3444 1356 3521 παριπιδῷς⁹
1406 3447 1656 3518 πείσθητι
1700 3448 1768 3503 τὰ
1812 3449 2028 3523 χρηστὰ

382 3533 847 3611 συμϐουλεύουσι,
878 3537 968 3592 καὶ
998 3537 1060 3591 τὸ
1099 3541 1199 3591 τοῦ
1232 3535 1507 3610 βασιλέως
1537 3537 1733 3609 κράτος
1765 3535 1835 3591 δι’
1863 3539 2024 3610 ἡμῶν

384 3625 622 3680 ἱκετεῦόν
656 3646 714 3679 σε
745 3623 1122 3695 δυσωπήθητι·
1155 3625 1430 3696 πείσθητι,
1473 3623 1598 3702 φίλε
1649 3625 1856 3698 χρηστὲ
1904 3632 2025 3678 Διο-

379 3712 548 3779 V6015,
576 3717 719 3784 [τοῖς
783 3712 1074 3786 ἡμετέροις
1139 3715 1293 3766 θῦσαι
1359 3716 1523 3784 θεοῖς,
1598 3710 1868 3782 πείσθητιο
1935 3712 2025 3766 καὶ

379 3805 597 3875 πρῶτος
627 3804 734 3854 τῶν
766 3800 870 3856 ὑπὸ
908 3802 1008 3870 τήν
1061 3798 1338 3873 βασιλείαν
1367 3796 1460 3874 ἔσῃ
1497 3801 1630 3874 μετᾶ
1667 3805 1775 3855 τῶν
1829 3805 1960 3858 σῶν.
1995 3826 2018 3855 ι

384 3891 445 3947 Ὀ
473 3888 548 3960 δὲ,
577 3912 601 3943 ι
630 3889 1004 3960 Πεπλάνησθε,
1027 3890 1182 3967 φησί,
1204 3891 1302 3958 τῆς
1325 3889 1588 3966 προτέρας
1615 3887 1828 3960 πλάνην
1857 3889 1919 3944 οὐ
1950 3893 2022 3962 (⁸)

379 3980 620 4054 χείρονα,
657 3979 702 4033 εἰ
731 3979 829 4052 ἐμὲ
859 3980 1112 4050 συλήσειν
1141 3977 1177 4048 ἤ
1208 3999 1328 4034 τινα
1367 3985 1474 4034 τῶν
1507 3979 1655 4052 ἐμῶν
1708 3978 1852 4042 ὅλως
1903 3979 2019 4051 ᾠή-

377 4070 526 4138 θητε·
558 4070 708 4142 ἡμᾶς
729 4068 854 4144 γὰρ,
900 4066 958 4124 εὖ
1009 4067 1144 4140 ἴστε,
1196 4067 1256 4124 οὐ
1293 4069 1474 4143 τιμαὶ,
1525 4069 1624 4124 οὐκ
1673 4067 1909 4141 ἀτιμίαι,
1959 4068 2021 4122 οὐ

378 4157 630 4229 θωπεῖαι,
663 4157 731 4212 οὐ
766 4157 1014 4233 βάσανοι,
1048 4157 1149 4212 οὐκ
1178 4155 1320 4213 ἄλλο
1351 4179 1404 4212 τι
1433 4161 1540 4212 τῶν
1581 4156 1832 4210 ἁπάντων
1867 4152 2018 4210 οὐδὲν

376 4246 604 4322 χωρίσει
635 4251 894 4320 Χριστοῦ.
929 4270 959 4300 ››

2135 3359 2440 3432 prudentia
2461 3358 2589 3428 conj
2599 3361 2852 3423 unctam,
2867 3357 3014 3412 iram
3041 3355 3344 3411 mutantin
3356 3355 3774 3421 adulationem,

2137 3451 2213 3518 et,
2237 3471 2266 3498 «
2291 3447 2370 3503 Ne
2403 3452 2586 3516 tuam,
2608 3462 2641 3502 o
2671 3443 2930 3514 Dionysi,
2961 3444 3184 3510 dicunt,
3216 3443 3484 3500 canitiem
3517 3444 3778 3500 effeceris

2136 3536 2510 3605 contumelia,
2536 3549 2721 3606 neque
2743 3532 2945 3588 charos
2966 3532 3195 3588 sodales
3218 3532 3387 3587 morti
3415 3532 3636 3587 acerb
3660 3536 3779 3588 tra-

2135 3623 2384 3692 dideris;
2419 3639 2556 3696 pare
2611 3626 2765 3678 recte
2821 3619 3283 3683 consulentibus,
3315 3624 3372 3675 et
3416 3619 3779 3692 imperatoris

2135 3712 2478 3783 potentiam,
2510 3728 2608 3783 per
2658 3727 2763 3766 nos
2790 3716 2848 3765 te
2893 3712 3214 3780 rogantem,
3248 3709 3490 3764 revereri
3537 3724 3779 3780 persua-

2133 3801 2342 3868 dearis,
2378 3817 2410 3856 ο
2439 3800 2610 3856 chare
2638 3804 2694 3856 et
2726 3799 2871 3855 bone
2905 3796 3170 3870 Dionysi;
3199 3797 3312 3854 diis
3356 3796 3566 3852 nostris
3596 3797 3776 3852 sacri-

2132 3891 2305 3946 ﬁcare
2353 3888 2752 3960 persuadearis
2779 3891 2838 3944 et
2865 3887 2978 3943 eris
3007 3902 3142 3942 cum
3173 3885 3289 3942 tuis
3319 3885 3544 3956 primus
3574 3900 3774 3941 eorum

2132 3979 2230 4051 qui
2253 3983 2390 4034 sunt
2410 3978 2520 4034 sub
2543 3977 2802 4048 imperio.
2831 3997 2859 4026 »
2883 3975 2984 4030 Ille
3005 3979 3198 4030 autem
3226 3991 3240 4029 :
3266 3996 3293 4023 ‹‹
3321 3973 3542 4040 Vester,
3564 3973 3774 4044 inquit,

2131 4069 2224 4124 hic
2254 4085 2416 4124 error
2461 4070 2551 4124 est
2607 4067 2769 4138 pejor
2813 4064 3025 4136 priore,
3057 4063 3111 4119 si
3139 4061 3357 4133 putetis
3388 4062 3530 4128 fore,
3562 4067 3628 4117 ut
3658 4077 3772 4128 me,

2130 4161 2233 4212 aut
2262 4170 2524 4210 meorum
2571 4153 2822 4224 aliquem
2869 4151 3184 4208 seducatis.
3217 4151 3333 4205 Hoc
3362 4149 3516 4205 enim
3549 4149 3773 4217 sciatis,

2131 4245 2282 4315 quod
2318 4260 2423 4300 nos
2457 4259 2570 4298 non
2600 4242 2872 4311 honores,
2903 4257 3019 4297 non
3049 4238 3433 4308 contumelias,
3466 4254 3582 4295 non
3609 4237 3772 4295 blan-

376 4337 555 4404 ditias,
589 4353 702 4393 non
733 4340 1048 4404 tormenta,
1079 4351 1268 4404 neque
1296 4334 1518 4405 aliquid
1551 4334 1707 4388 aliud
1734 4333 1970 4390 omnino
2002 4334 2290 4408 separabit
2321 4351 2352 4388 a
2383 4332 2628 4387 Christo.
2665 4353 2692 4380 »

450 4427 750 4495 Ἐντεῦθεν,
782 4425 897 4480 ἐπεὶ
951 4427 1028 4497 μὴ
1081 4423 1188 4478 οἷοί
1233 4443 1291 4478 τε
1341 4425 1544 4487 πείθειν
1601 4423 1917 4498 ἐτύγχανον,
1961 4425 2022 4480 τὸ

379 4517 728 4587 προσωπεῖον
803 4513 895 4568 καὶ
949 4514 1048 4582 τὴν
1090 4512 1368 4586 ὑπόκρισιν
1429 4512 1778 4585 ἀποθέμενοι,
1835 4518 1912 4586 τῷ
1964 4535 2023 4570 τε

382 4607 541 4674 θυμῷ
570 4599 739 4656 πλέον
782 4598 1050 4671 ζέσαντες,
1104 4601 1194 4656 καὶ
1242 4608 1344 4671 τῆς
1390 4599 1647 4676 καθέδρας
1704 4602 1926 4675 μανικόν
1972 4624 2022 4657 τι

379 4690 470 4744 καὶ
514 4688 1014 4764 παρακεκινημένον
1069 4687 1457 4760 ἐξαναστάντες.
1508 4714 1536 4740 ‹‹
1571 4692 1701 4765 Παρ’
1746 4691 1922 4763 ὑμῶν,
1971 4692 2015 4746 ὧ

383 4777 625 4850 ἀνόητοι.
668 4778 929 4851 Διονυσίῳ
968 4779 1092 4855 φασὶ
1139 4780 1226 4834 καὶ
1268 4785 1385 4842 τοῖς
1429 4779 1564 4852 μετὰ
1608 4781 1800 4845 αὐτοῦ,
1851 4779 1917 4834 τά
1961 4801 2020 4835 τε

382 4871 488 4922 τῶν
523 4871 658 4930 θεῶν
697 4866 1008 4941 ἀτιμοῦται,
1039 4868 1127 4922 καὶ
1158 4866 1225 4922 τὰ
1250 4871 1347 4922 τοῦ
1376 4867 1772 4942 αὐτοκράτορος
1805 4889 2017 4940 μυκτη-

382 4956 605 5031 ρίζεται,
637 4957 724 5011 καὶ
763 4961 1018 5030 μαγικαῖς
1059 4956 1320 5018 ἐπινοίαις
1370 4955 1526 5026 δῆθεν
1560 4958 1633 5019 ὡς
1677 4969 2014 5031 θαυματουρ-

380 5047 528 5120 γίαις
561 5046 714 5117 ὑμεῖς
736 5045 862 5108 τοὺς
898 5045 1002 5100 ὑπὸ
1031 5047 1129 5114 τήν
1156 5043 1361 5100 τδύτων
1395 5047 1570 5120 ἀρχὴν
1597 5046 1899 5101 ὑποσυλᾶτε
1928 5048 2018 5100 καὶ

380 5133 748 5213 σφετερίζεσθε
781 5155 796 5206 ;
830 5158 856 5186 n
882 5135 949 5192 Οἱ
972 5132 1028 5190 δὲ
1049 5136 1212 5207 ἅγιοι,
1239 5160 1265 5187 ‹‹
1288 5136 1510 5208 Ὅμοιοι
1550 5135 1732 5197 αὐτοῖς
1779 5137 2018 5212 γένοιντο

380 5225 432 5279 οἱ
469 5225 778 5297 τιμῶντεςί
832 5247 859 5277 ›)
917 5228 1016 5297 μιᾷ
1051 5225 1188 5294 πρὸς
1230 5223 1426 5286 αὐτοὺς
1473 5222 1671 5300 ἔφησαν
1721 5229 1789 5297 τῇ
1841 5229 2016 5298 φωνῇ·

387 5336 407 5362 ι
441 5313 606 5384 ἡμεῖς
648 5309 706 5366 δὲ
763 5311 824 5366 οὐ
890 5317 1142 5388 μαγικαῖς
1191 5310 1478 5380 ἐπινοίαις,
1529 5314 1601 5374 ὡς
1669 5313 1820 5367 αὐτοί
1868 5334 2019 5388 φατε,

384 5398 533 5456 ἄλλα
560 5404 628 5474 τῇ
658 5405 758 5455 τοῦ
787 5403 920 5454 Θεοῦ
951 5403 1111 5472 ἡμῶν
1145 5399 1232 5454 καὶ
1273 5403 1340 5473 τῇ
1390 5405 1487 5454 τοῦ
1534 5406 1808 5470 ζωοποιοῦ
1857 5403 2021 5456 αὐτοῦ

381 5491 694 5563 Πνεύματος
745 5487 1032 5559 ἐπικλήσει
1083 5487 1172 5544 καί
1222 5487 1455 5564 ἐνεργείᾳ
1505 5489 1734 5568 τυφλοῖς
1785 5490 1847 5544 τὸ
1899 5491 2023 5564 βλέ-

381 5600 524 5648 πειν,
564 5583 769 5656 κωφοῖς
799 5579 861 5634 τὸ
893 5577 1108 5650 λαλεῖν,
1153 5579 1306 5652 βάσιν
1338 5599 1393 5634 τε
1425 5579 1664 5657 χωλοῖς,
1695 5579 1784 5634 καὶ
1826 5577 2024 5654 δαιμο-

2205 4427 2486 4496 Deinceps
2515 4440 2649 4495 ergo
2693 4438 2826 4479 cum
2861 4438 2977 4478 non
3008 4424 3243 4488 possent
3269 4420 3640 4493 persuadere,
3672 4421 3771 4477 de-

2132 4515 2322 4586 posita
2353 4530 2601 4586 persona
2624 4517 2680 4570 et
2702 4511 3096 4580 simulatione,
3119 4527 3252 4566 cum
3277 4510 3362 4565 ira
3392 4509 3580 4580 magis
3608 4508 3771 4565 eﬂ’er-

2046 4587 2104 4653 D
2129 4603 2412 4669 buissent,
2444 4606 2502 4659 et
2531 4618 2562 4659 e
2593 4601 2867 4658 cathedra
2909 4599 3144 4665 furiose,
3177 4602 3233 4652 et
3263 4601 3456 4652 mente
3489 4597 3770 4667 quodam-

2126 4694 2298 4748 modo
2343 4696 2534 4748 emota
2587 4689 2976 4748 surrexissent
3011 4704 3024 4742 :
3064 4707 3091 4736 «
3133 4687 3179 4740 A
3212 4684 3392 4751 vobis,
3426 4700 3458 4739 ο
3487 4687 3768 4753 amentes,

2130 4781 2401 4853 Dionysio
2430 4780 2654 4848 dicunt,
2677 4783 2733 4834 et
2761 4777 2834 4834 iis
2863 4775 2960 4847 qui
2991 4789 3122 4831 cum
3155 4773 3278 4844 ipso
3309 4777 3492 4839 erant,
3523 4770 3602 4825 dii
3633 4787 3768 4827 con-

2129 4879 2490 4938 temnuntur,
2521 4874 2579 4926 et
2609 4869 2924 4938 imperator
2970 4865 3236 4920 irridetur
3262 4880 3274 4917 :
3307 4866 3366 4918 et
3395 4861 3616 4918 artibus
3647 4877 3769 4916 ma-

2129 4962 2292 5032 gicis,
2330 4959 2571 5031 perinde
2626 4973 2692 5013 ac
2742 4953 3065 5017 miraculis,
3096 4968 3216 5021 eos,
3251 4951 3350 5024 qui
3393 4950 3517 5020 ejus
3566 4953 3772 5022 parent

2129 5049 2396 5119 imperio,
2429 5047 2499 5102 ab
2529 5062 2594 5102 eo
2627 5043 2937 5110 abducitis,
2969 5046 3026 5098 et
3055 5042 3125 5097 ad
3151 5044 3372 5096 vestras
3419 5041 3611 5109 partes
3657 5041 3770 5094 tra-

2131 5137 2383 5192 ducitis?
2408 5159 2430 5184 »
2453 5135 2646 5191 Sancti
2670 5138 2884 5200 autem,
2901 5154 2927 5180 «
2953 5128 3186 5185 Similes
3207 5127 3290 5183 eis
3314 5127 3474 5194 ﬁant,
3493 5126 3592 5197 qui
3615 5125 3770 5197 ipsos

2129 5227 2352 5291 colunt,
2371 5247 2397 5274 »
2411 5225 2496 5280 eis
2509 5239 2625 5278 una
2646 5237 2778 5278 voce
2799 5219 3094 5286 dixerunt;
3121 5239 3143 5268 ι
3167 5233 3271 5272 nos
3295 5223 3484 5271 autem
3510 5231 3624 5270 non
3653 5229 3771 5269 ma-

2131 5315 2273 5387 gicis
2323 5314 2566 5381 artibus,
2601 5317 2664 5365 ut
2694 5309 2904 5374 dicitis,
2941 5309 3040 5364 sed
3082 5307 3182 5362 Dei
3228 5305 3406 5361 nostri
3456 5308 3513 5360 et
3556 5303 3768 5358 viviﬁci

2131 5406 2259 5474 ejus
2309 5401 2560 5474 Spiritus
2600 5397 2958 5455 invocatione
2997 5400 3056 5452 et
3094 5395 3446 5467 operatione,
3476 5392 3642 5448 caecis
3688 5391 3770 5445 vi-

2131 5509 2283 5558 sum,
2317 5491 2496 5546 mutis
2542 5503 2893 5556 sermonem,
2925 5484 3150 5541 claudis
3181 5485 3535 5555 ingressum,
3566 5483 3624 5534 et
3652 5479 3768 5533 die-

2133 5581 2416 5639 moniacis
2464 5578 2789 5652 praebemus
2843 5575 3222 5632 curationem.
3256 5575 3510 5638 Quorum
3553 5582 3624 5621 ne
3653 5567 3766 5623 sibi

455 5700 522 5770 (·)
552 5701 667 5756 Aut
695 5699 1006 5772 legendum
1038 5699 1264 5774 χείρονα
1294 5700 1416 5758 sine
1447 5699 1534 5772 οὐ,
1567 5717 1696 5758 cum
1727 5700 2022 5774 interpreti

2133 5706 2192 5759 ut
2223 5701 2596 5760 scribendum
2625 5694 2687 5753 οἶ)
2717 5700 3016 5775 κρείττονα.
3052 5699 3206 5751 Eon.
3244 5697 3406 5746 Pyra.
