4142 6248
370 394 448 453 10
460 392 529 454 Π

1713 385 1877 447 ΜΕΝ
1888 383 2000 446 SIS
2043 378 2425 444 OGTOBER.

3621 361 3780 423 1088

366 547 603 619 quidem
622 554 865 617 possunt
881 548 1053 603 vestri
1078 546 1157 601 dii
1179 545 1503 618 quidquam
1527 545 1804 618 praebere,
1824 547 1887 597 ut
1905 558 2005 615 qni
2037 602 2039 607 η

2151 543 2246 593 ὦσι
2278 534 2623 611 προσέχομεν
2675 529 2842 585 ’ἰασινσ
2913 530 2988 583 ὧν
3053 525 3178 583 οὐδὲ
3236 527 3449 587 ἑαυτοῖς
3510 522 3667 579 οὐδὲν
3726 524 3779 577 οἱ

368 638 488 692 sint
516 634 674 707 ligna
704 643 756 690 et
786 635 1030 706 lapides.
1057 634 1123 689 Os
1143 636 1296 689 enim
1326 634 1543 703 habent,
1566 642 1615 689 et
1645 649 1753 689 non
1784 633 2011 704 loquun-

371 733 461 778 tur
489 740 501 777 :
534 724 735 790 oculos,
769 727 818 777 et
853 738 957 777 non
990 722 1173 776 vident
1202 739 1213 775 :
1247 739 1433 791 aures,
1467 728 1517 778 et
1548 738 1657 778 non
1696 721 1931 776 audiunt
1962 717 2006 772 κ.

373 810 564 865 Unum
588 811 696 865 hoc
717 809 909 865 solum
933 810 1097 865 vobis
1120 810 1417 866 efﬁciunt:
1445 811 1769 866 accendunt
1792 810 2012 879 ignem,

374 897 472 968 qui
496 913 799 967 nunquam
820 897 1064 953 desinet.
1088 919 1114 946 »
1136 899 1425 953 Adversus
1448 899 1564 954 haec
1592 915 1723 953 cum
1744 913 1858 952 non
1884 912 2013 965 pos-

377 989 505 1040 sent
536 987 764 1056 tyranni
797 986 1209 1054 contradicere,
1244 990 1403 1042 torve
1428 992 1483 1041 et
1507 988 1710 1042 insane
1741 1002 1837 1042 eos
1866 984 2017 1054 aspi-

380 1075 618 1141 cientes,
679 1075 898 1130 strictis
969 1077 1180 1146 gladiis
1248 1092 1310 1131 se
1377 1081 1581 1147 parant
1634 1078 1703 1131 ad
1762 1074 2015 1139 caedem;

379 1168 436 1217 et
465 1179 622 1228 cum,
657 1167 937 1232 tanquam
972 1162 1137 1232 signo
1169 1163 1325 1229 dato,
1360 1178 1459 1217 eos
1490 1162 1826 1218 eduxissent
1856 1164 2018 1215 extra

380 1251 690 1318 civitatem,
721 1251 945 1306 vinctos
993 1251 1216 1306 ducunt
1267 1251 1339 1306 ad
1381 1252 1673 1321 quoddam
1713 1263 2018 1312 cacumen,

381 1343 437 1393 et
481 1341 724 1395 tradunt
771 1338 1098 1407 lictoribus,
1134 1342 1197 1394 ut
1226 1354 1325 1395 eos
1369 1338 1740 1394 interﬁciant.
1798 1338 2023 1391 Interea

381 1432 575 1483 autem
608 1431 811 1498 petunt
840 1430 1026 1483 sancti
1056 1434 1287 1499 tempus
1326 1427 1623 1499 precandi,
1653 1426 1893 1481 ﬂectunt
1930 1438 2025 1495 ge-

388 1534 521 1573 nua.
555 1518 704 1573 Tum
736 1522 1144 1574 sacrosanctus
1190 1516 1404 1573 Christi
1437 1520 1655 1587 martyr
1686 1515 2024 1585 Dionysius,

389 1606 639 1662 sublatis
670 1607 729 1661 in
760 1606 972 1663 ccelum
1003 1606 1187 1663 oculis
1212 1624 1225 1661 :
1250 1628 1278 1657 «
1312 1606 1554 1661 Domine
1586 1607 1739 1661 Deus
1765 1605 2027 1673 omnipo-

389 1699 537 1761 tens,
586 1695 715 1761 Fili,
763 1695 977 1766 inquit,
1033 1695 1353 1767 unigenite,
1404 1700 1459 1750 et
1508 1698 1704 1750 sancte
1752 1694 2024 1764 Spiritus,

391 1788 593 1839 sancta
639 1784 892 1839 Trinitas
941 1785 1224 1856 principio
1274 1800 1496 1847 carens,
1532 1790 1587 1839 et
1613 1785 1670 1839 in
1703 1800 1879 1854 quam
1913 1799 2027 1838 non

2126 610 2375 697 ὑμέτεροι
2408 620 2541 684 θεοὶ,
2582 621 2674 673 ἅτε
2705 617 2837 687 ξύλα
2866 617 2954 672 ναὶ
2990 615 3158 683 λίθοι,
3202 613 3386 669 δοῦναι
3430 610 3773 681 δεδύνηνται·

2123 710 2310 783 Στόμα
2360 709 2455 782 γὰρ
2506 702 2716 782 ἔχουσι,
2780 706 2870 759 καὶ
2939 704 3002 757 οὐ
3071 700 3357 756 λαλοῦσιν·
3422 698 3772 772 ὀφθαλμοὺς,

2122 801 2212 854 καὶ
2263 797 2323 852 οὐ
2388 792 2704 870 βλέπουσιν·
2775 791 2909 861 ὦτα,
2976 790 3067 845 καὶ
3135 789 3231 844 οὐκ
3296 789 3604 843 ἀκούουσιν.
3679 791 3776 841 ’Ἐν

2120 893 2281 944 τοῦτο
2316 886 2477 958 μόνον
2511 885 2638 956 ὕμῖν
2668 883 2969 957 ἐνεργοῦσι,
3002 880 3063 933 τὸ
3095 878 3454 948 ἅτελεύτητον
3501 881 3608 949 πῦρ
3655 876 3776 929 ἀνα-

2125 978 2431 1055 φλέγουσιν.
2463 998 2490 1026 ››
2526 972 2758 1033 Τούτοις
2790 969 3056 1026 ἀντειπεῖν
3093 967 3153 1022 ού
3208 966 3523 1037 δυνηθέντες
3581 966 3634 1019 oi
3684 964 3779 1017 τύ-

2128 1052 2331 1141 ραννοι,
2364 1061 2529 1137 δριμύ
2558 1083 2609 1115 τι
2639 1061 2729 1114 καὶ
2760 1060 3078 1135 παράφορον
3110 1057 3186 1117 εἷς
3218 1055 3415 1117 αὐτοὺς
3470 1052 3776 1122 ὑπιδόντες,

2127 1154 2217 1209 καί
2247 1155 2313 1207 τὰ
2342 1153 2466 1230 ξίφη
2500 1150 2857 1221 σπασάμενοι,
2891 1147 3025 1221 πρὸς
3071 1147 3163 1199 τὸν
3220 1146 3381 1222 φόνον
3433 1141 3778 1211 ὁπλίζονται·

2128 1243 2218 1297 καὶ
2271 1239 2336 1311 δὴ
2380 1242 2455 1303 ὡς
2522 1240 2627 1294 ἀπὸ
2688 1238 2920 1310 σημείου
2975 1236 3204 1296 τούτους
3270 1233 3617 1308 ἐξαγαγόντες
3676 1238 3776 1300 τῆς

2130 1329 2369 1395 πόλεως,⁵
2402 1327 2490 1383 ἐπί
2543 1348 2666 1381 τινα
2722 1326 2961 1401 κορυφὴν
3020 1322 3301 1396 δεσμώτας
3363 1322 3640 1395 ἀνάγουσι,
3688 1320 3779 1374 καὶ

2129 1426 2249 1482 τοῖς
2292 1416 2515 1491 δημίοις
2558 1417 2625 1470 τὰ
2679 1416 2815 1489 πρὸς
2863 1414 3070 1491 σφαγὴν
3120 1411 3509 1486 ἐγχειρίζουσι.
3565 1407 3781 1478 Μεταξὺ

2134 1511 2190 1567 δὲ
2245 1511 2431 1585 καιρὸν
2492 1510 2543 1563 οἱ
2602 1510 2749 1582 ἅγιοι
2817 1507 3025 1562 αἰτοῦσι
3093 1510 3433 1579 προσευχῆς,
3502 1502 3590 1556 καὶ
3653 1501 3782 1577 γόνυ

2134 1600 2431 1656 κλίνουσιν.
2493 1603 2580 1654 Ἐν
2630 1596 2877 1669 τοσούτῳ
2935 1595 2991 1651 δὲ
3040 1597 3067 1649 6
3102 1594 3431 1668 ἱερομάρτυς
3486 1596 3586 1648 τοῦ
3644 1595 3783 1667 Χρι-

2137 1693 2263 1745 στοῦ
2313 1687 2612 1757 Διονύσιος,
2659 1688 2722 1741 τὸ
2788 1687 2948 1759 ἅμμα
3012 1684 3089 1748 εἷς
3154 1683 3412 1758 οὐρανοὺς
3479 1681 3781 1742 ἀνατείνας·

2140 1777 2440 1832 «Δέσποτα
2496 1776 2590 1831 Θεὲ
2642 1774 3038 1848 παντόκρατορ.
3097 1772 3206 1841 Υἱὲ,
3258 1771 3412 1849 φησὶ,
3474 1771 3780 1845 μονογενὲς,

391 1873 543 1927 cadit
573 1871 799 1937 divisio,
826 1873 1056 1943 suscipe
1078 1888 1374 1927 servorum
1407 1878 1635 1928 tuorum
1660 1872 1719 1926 in
1746 1887 1881 1940 pace
1904 1870 2027 1926 ani—

2151 1867 2227 1920 καὶ
2262 1868 2411 1940 ἅγιον
2448 1868 2688 1936 Πνεῦμα,
2736 1862 2895 1936 Τριᾶς
2944 1861 3066 1938 ἅγία
3106 1863 3312 1935 ἄναρχε
3360 1859 3451 1914 καὶ
3501 1858 3781 1930 ἀμέριστε,

2232 1956 2241 1971 Ι
2287 1952 2366 1971 ἢ,
2518 1955 2531 1971 ς
2660 1957 2684 1967 ~
2810 1958 2835 1967 ~
2945 1948 2968 1971 δ
3018 1950 3063 1971 ΙἿ
3214 1949 3228 1971 ἳ
3338 1949 3450 1971 κ9,1
3504 1970 3509 1971 ,
3579 1949 3762 1971 ,I,_,_2._

392 1978 535 2026 mas,
562 1960 838 2031 quoniam
872 1965 1106 2031 propter
1129 1969 1179 2016 te
1202 1965 1389 2016 morte
1412 1962 1720 2016 afﬁcimur.
1748 1982 1776 2009 »
1798 1961 1865 2015 Et
1896 1976 2028 2015 cum

391 2046 603 2110 sancti,
632 2066 659 2094 ‹‹
679 2046 884 2115 Amen,
915 2067 935 2094 ι
964 2046 1400 2116 acclamassent,
1426 2062 1739 2101 conversus
1764 2046 1831 2100 ad
1863 2045 2029 2099 licto-

393 2149 522 2189 res:
551 2156 578 2182 «
602 2134 813 2199 Facite,
845 2133 1058 2203 inquit,
1088 2135 1243 2204 quod
1277 2135 1385 2189 fuit
1416 2134 1575 2190 vobis
1608 2134 2028 2205 imperatum.»

392 2223 480 2277 Illi
510 2227 699 2277 autem
733 2223 988 2293 primum
1044 2225 1277 2294 quidem
1329 2225 1481 2280 beati
1516 2224 1790 2297 Dionysii,
1823 2223 2034 2279 deinde

394 2310 615 2366 Rustici
648 2316 707 2365 et
736 2312 1053 2366 Eleutherii
1104 2316 1275 2383 caput
1321 2318 1643 2385 amputant.
1677 2315 1782 2369 Sed
1817 2328 1922 2367 nec
1972 2312 2032 2366 in

396 2399 505 2454 hoc
549 2398 785 2469 quidem
819 2400 873 2469 (ο
905 2400 1165 2472 Dionysi)
1196 2402 1266 2470 is,
1302 2402 1401 2473 qui
1447 2408 1683 2473 propter
1725 2406 1781 2458 te
1827 2418 2034 2472 passus

397 2492 503 2556 est,
534 2487 645 2541 fuit
692 2488 909 2543 oblitus
942 2489 1069 2558 ejus
1102 2491 1201 2560 qui
1235 2499 1465 2561 propter
1513 2492 1695 2562 ipsum
1749 2492 2033 2560 moritur;

398 2576 497 2631 sed
533 2576 882 2631 miraculum
907 2579 1080 2632 etiam
1106 2579 1360 2633 ostendit
1382 2580 1440 2633 in
1464 2580 1882 2649 amputatione.
1908 2584 2036 2634 Ete-

400 2665 519 2719 nim
569 2683 700 2720 cum
749 2682 918 2722 suum
953 2672 1120 2737 caput
1156 2672 1431 2739 tanquam
1464 2669 1695 2738 aliquod
1729 2669 2034 2739 praemium

400 2757 621 2825 martyr
650 2755 768 2809 suis
812 2756 1148 2826 accepisset:
1173 2758 1468 2823 manibus,
1502 2758 1709 2812 transit
1748 2759 1817 2812 ad
1848 2774 2039 2813 remo—

400 2842 607 2897 tiorem
642 2842 856 2899 locum.
885 2844 1126 2899 Ferebat
1144 2861 1278 2916 ergo
1300 2845 1424 2917 ipse
1456 2851 1629 2918 caput
1658 2847 1715 2900 in
1749 2847 2039 2915 manibus,

403 2937 681 3001 tanquam
713 2932 944 3003 aliquod
978 2935 1327 3003 tropheeum,
1360 2952 1392 2991 a
1424 2936 1616 2991 divina
1652 2936 1886 2991 omnino
1917 2952 2046 3006 por-

404 3023 553 3073 tatus
585 3019 792 3090 gratia,
817 3037 1003 3091 neque
1037 3024 1194 3091 prius
1223 3024 1463 3091 dimisit,
1500 3041 1671 3095 quam
1704 3024 1933 3081 mulieri
1956 3025 2042 3080 di-

404 3107 541 3161 vina
588 3109 835 3178 quadam
891 3110 1129 3167 omnino
1187 3128 1499 3169 occurrens
1557 3113 1941 3185 providentia,
1986 3115 2043 3169 in

406 3194 568 3251 illius
625 3196 892 3253 manibus
933 3199 1222 3269 deposuit,
1253 3200 1429 3257 veluti
1463 3203 1769 3272 quemdam
1802 3203 2043 3258 thesau-

408 3301 558 3339 rum.
574 3286 853 3342 Jacebant
873 3294 1066 3345 autem
1091 3290 1350 3361 neglecta
1371 3300 1700 3349 sanctorum
1723 3298 2041 3366 martyrum
2075 3322 2125 3387 Ο

410 3374 739 3429 veneranda
769 3391 1023 3447 corpora,
1050 3379 1182 3433 feris
1206 3383 1263 3432 et
1290 3378 1496 3435 avibus
1526 3382 1595 3435 ad
1628 3382 1915 3436 edendum
1948 3396 2043 3436 ex-

409 3461 618 3531 posita,
651 3467 706 3517 et
738 3480 841 3519 nec
871 3466 1032 3535 justa
1083 3466 1318 3537 quidem
1369 3468 1680 3540 sepulturae
1712 3474 2040 3527 consecuta.

484 3644 733 3701 Lictores
765 3652 957 3703 autem
990 3664 1061 3703 ne
1093 3649 1371 3707 hactenus
1404 3652 1629 3723 quidem
1663 3653 1834 3709 irasci
1868 3654 2047 3710 desie-

412 3737 568 3800 runt,
602 3734 704 3789 sed
734 3736 908 3789 etiam
942 3736 1002 3791 in
1034 3737 1193 3807 ipsas
1223 3740 1427 3794 furunt
1457 3740 1756 3811 reliquias,
1792 3748 2051 3799 statuen-

416 3826 502 3876 tes
529 3838 626 3877 eas
657 3822 715 3876 in
749 3823 927 3879 maris
959 3827 1309 3893 profundum
1345 3829 1642 3898 projicere,
1667 3846 1737 3884 ne
1758 3832 1844 3885 vel
1867 3833 2050 3888 inani-

417 3914 585 3963 matae
618 3910 914 3965 efﬁcerent
946 3912 1248 3982 miracula,
1272 3919 1327 3967 et
1357 3914 1482 3969 ideo
1512 3917 1866 3973 attraherent
1898 3920 2049 3974 mul-

417 4006 503 4052 tos
529 3998 601 4053 ad
630 3999 1006 4069 agnitionem.
1035 4002 1197 4065 Quod
1240 4004 1436 4071 etiam,
1472 4010 1533 4061 ut
1563 4008 1645 4063 eis
1677 4011 1862 4064 visum
1904 4013 2045 4078 erat,

417 4087 632 4142 factum
656 4097 826 4157 esset,
852 4089 959 4144 nisi
982 4090 1089 4145 hoc
1114 4092 1329 4148 malum
1355 4096 1660 4153 consilium
1684 4099 1753 4153 ad
1781 4100 2048 4157 effectum

416 4174 619 4228 deduci
638 4174 790 4231 Deus
813 4179 1220 4248 prohibuisset.
1238 4182 1383 4237 Nam
1403 4200 1536 4241 cum
1556 4189 1833 4243 sensisset
1852 4205 2048 4246 eorum

418 4263 682 4332 consilia,
716 4279 781 4319 ea
814 4282 936 4337 quis
968 4270 1287 4338 pretiosum
1324 4276 1592 4347 martyris
1622 4283 1796 4347 caput
1825 4295 2055 4351 accepe-

420 4356 509 4405 rat
530 4352 779 4420 (mulieri
803 4371 1011 4411 nomen
1032 4364 1150 4414 erat
1171 4360 1410 4432 Catula),
1430 4370 1679 4419 mentem
1706 4383 1870 4422 suam
1892 4385 2053 4424 com-

418 4440 769 4527 municabat;
807 4443 1097 4510 ﬁdelibus,
1133 4453 1191 4501 ut
1224 4451 1335 4504 Deo
1383 4457 1609 4520 gratam
1644 4459 1701 4509 et
1730 4461 2050 4527 acceptam.

420 4522 485 4612 hit
515 4540 648 4578 cum
684 4525 1048 4595 splendidam
1074 4535 1131 4584 et
1151 4531 1369 4587 lautam
1399 4543 1736 4606 apparasset
1768 4522 2052 4612 mensam,

416 4610 648 4666 lictores
677 4614 898 4683 accepit
924 4618 1202 4672 convivio.
1230 4620 1466 4678 Interim
1494 4640 1648 4693 vero,
1674 4633 1810 4683 dum
1845 4630 1882 4684 ii
1917 4610 2054 4685 con?

2139 1952 2426 2029 πρόσδεξαι
2475 1955 2569 2014 τὰς
2619 1957 2726 2007 τῶν
2770 1958 2878 2006 σῶν
2941 1948 3153 2005 δούλων
3210 1949 3262 2004 έν
3332 1949 3521 2023 εἰρήνῃ
3577 1949 3781 2025 ψυχὰς,

2141 2046 2225 2099 ’ὁτι
2281 2040 2434 2098 ἕνεκά
2491 2063 2586 2096 σου
2646 2041 3040 2114 θανατούμεθα.
3077 2062 3105 2090 ››
3165 2039 3261 2093 Καὶ
3318 2042 3425 2092 τῶν
3486 2036 3657 2113 ἁγίων
3722 2035 3786 2090 τὸ

2146 2156 2169 2186 α
2197 2134 2253 2187 Ἀ
2267 2133 2373 2205 μὴν
2395 2154 2422 2183 ))
2448 2130 2927 2205 ἐπιφωνησάντων,
2950 2130 3084 2203 πρὸς
3109 2127 3238 2187 τοὺς
3269 2126 3506 2199 δημίους
3538 2125 3790 2198 ἐπιστρα-

2143 2223 2282 2299 φείς,
2315 2246 2342 2274 ‹‹
2375 2222 2450 2279 Τὸ
2482 2219 2762 2285 κελευσθὲν
2807 2220 2934 2292 ὑμῖν
2982 2217 3269 2287 ἐκτελεῖτε,
3304 2240 3332 2269 ››
3382 2216 3567 2294 φησίν.
3612 2216 3680 2273 Oi
3731 2212 3790 2269 δὲ

2145 2316 2332 2386 πρῶτα
2369 2312 2462 2384 μὲν
2500 2312 2600 2379 τὴν
2644 2314 2740 2365 τοῦ
2794 2309 3064 2383 μακαρίου
3121 2307 3423 2377 Διονυσίου,
3473 2305 3589 2360 εἶτα
3636 2306 3789 2361 Ῥουι

2146 2405 2333 2455 στικοῦ
2377 2400 2468 2455 καὶ
2527 2397 2869 2472 Ἐλευθερίου
2937 2397 3253 2471 ἐκτέμνουσι
3308 2393 3574 2472 κεφαλήν.
3630 2392 3788 2451 Ἀλλ’

2148 2488 2271 2545 οὐδὲ
2300 2489 2482 2562 τούτῳ
2533 2493 2649 2560 σοῦ,
2701 2488 2965 2557 Διονύσιε,
3008 2489 3035 2542 6
3086 2485 3174 2542 διὰ
3225 2488 3282 2541 σε
3337 2486 3525 2549 παθὼν
3575 2488 3669 2539 τοῦ
3718 2479 3789 2536 δι’

2146 2579 2303 2633 αὐτὸν
2337 2580 2661 2648 θνήσκοντος
2699 2575 3079 2647 ἐπιλέλησται·
3118 2575 3263 2631 ἀλλὰ
3294 2596 3345 2629 τι
3374 2573 3465 2629 καὶ
3513 2574 3638 2647 περὶ
3687 2573 3789 2641 τὴν

2147 2666 2385 2740 ἐκτομὴν
2433 2667 2710 2742 τεράστιον
2773 2664 3159 2721 ἐπιδείκνυται.
3220 2665 3322 2721 Καὶ
3381 2665 3486 2739 γὰρ
3525 2664 3625 2731 τὴν
3672 2662 3793 2715 ἑαυ-

2146 2765 2242 2814 τοῦ
2274 2756 2536 2835 κεφαλὴν,
2588 2757 2767 2833 ὥσπερ
2825 2780 2877 2812 τι
2931 2753 3205 2833 βραϐεῖον,
3266 2756 3315 2811 ἐν
3375 2760 3493 2810 ταῖν
3546 2754 3787 2829 χεροῖνὸ

2156 2848 2357 2922 μάρτυς
2419 2846 2727 2920 δεξάμενος,
2780 2847 2859 2925 ἐφ’
2902 2848 3083 2901 ἱκανὸν
3141 2846 3305 2901 τόπον
3364 2842 3578 2903 δίεισιν.
3633 2846 3780 2919 Ἔφε-

2154 2958 2237 3013 ρεν
2269 2939 2359 2992 οὖν
2398 2940 2496 3007 τὴν
2524 2937 2791 3011 κεφαλὴν,
2834 2937 3075 3010 καθάπερ
3130 2958 3179 2991 τι
3226 2936 3509 3009 τρόπαιον,
3554 2932 3641 2987 ἐπὶ
3684 2936 3782 2985 τῶν

2152 3033 2352 3102 χειρῶν
2387 3026 2571 3097 αὐτὸς,
2616 3027 2717 3081 ὑπὸ
2760 3024 2906 3088 θείας
2946 3027 3158 3087 πάντως
3208 3024 3507 3098 φερόμενος
3544 3024 3791 3097 χάριτος,

2153 3117 2241 3171 καὶ
2293 3116 2353 3171 οὖ
2398 3117 2661 3191 πρότερον
2719 3118 2905 3187 ἂνῆκε,
2965 3117 3092 3189 πρὶν
3150 3114 3237 3169 ὅτε
3291 3112 3356 3183 δὴ
3398 3112 3611 3187 γυναικὶ
3663 3111 3796 3165 κατᾶ

2154 3206 2300 3261 θείαν
2350 3206 2562 3268 πάντως
2619 3207 2954 3280 συνενεχθεὶς
3012 3207 3269 3280 πρόνοιαν
3331 3202 3546 3271 ἐκείνης
3614 3199 3800 3256 παλά-

2159 3316 2306 3368 μαις,
2376 3296 2463 3349 οἷά
2522 3316 2639 3348 τινα
2707 3294 2995 3369 θησαυρὸν,
3064 3293 3371 3357 ἐναπέθετο.
3431 3294 3675 3348 Ἔκειντο
3744 3286 3800 3343 δὶ

2156 3384 2502 3457 ἀμελούμενα
2534 3385 2600 3437 τὰ
2644 3387 2750 3437 τῶν
2804 3382 2974 3457 ἁγίων
3027 3383 3312 3458 μαρτύρων
3368 3382 3526 3453 τίμια
3575 3381 3803 3453 σώματα

2155 3474 2314 3550 θηρσὶ
2351 3473 2487 3548 βορᾶ
2515 3475 2602 3528 καὶ
2648 3472 2854 3547 ὀρνέοις
2904 3474 3254 3549 προκείμενα,
3313 3470 3454 3546 μηδέ
3501 3480 3601 3542 τῆς
3650 3493 3803 3527 νενο-

2160 3561 2428 3635 μισ-μένης
2463 3559 2706 3636 λαχόντα
2736 3567 2933 3637 ταφῆς.

2229 3650 2295 3706 0i
2341 3649 2524 3722 μέντοι
2573 3647 2766 3721 ὁήμιοι
2817 3646 2939 3704 οὐδὲ
3002 3648 3165 3723 μέχρι
3223 3648 3419 3703 τούτου
3484 3654 3581 3717 τῆς
3633 3646 3807 3724 ἀργῆς

2158 3737 2407 3809 ἔστησαν·
2452 3738 2595 3793 ἀλλὰ
2652 3737 2739 3793 καὶ
2790 3742 2906 3800 τοῖς
2962 3737 3239 3811 λειψάνοις
3268 3738 3450 3798 αὐτοῖς
3497 3736 3808 3810 ἐπιμαίνον-

2157 3849 2268 3897 ται,
2315 3827 2554 3901 θαλάσσῃ
2616 3826 2799 3882 δοῦναι
2848 3826 2939 3881 καὶ
3002 3828 3151 3901 βυθῷ
3206 3827 3679 3901 προθυμούμενοι,
3731 3826 3806 3886 ὡς

2159 3916 2218 3969 ἄν
2274 3918 2347 3987 μή
2399 3917 2493 3978 τὰς
2547 3916 2709 3978 αὐτὰς
2769 3919 2858 3971 καί
2918 3916 3106 3991 ἄψυχα
3164 3912 3310 3985 ὄντα,
3371 3915 3807 3990 θαυμειτουργίας

2162 4002 2501 4074 ἐνδείξαιντο,
2560 4005 2841 4059 κάντεῦθεν
2898 4004 3095 4076 ἕλξωσι
3168 4006 3297 4069 τοὺς
3363 4004 3611 4067 πολλοὺς
3666 4006 3803 4079 πρὸς

2164 4094 2470 4171 ἐπίγνωσιν.
2516 4097 2584 4151 ’Ὀ
2630 4092 2720 4164 δή,
2780 4096 2854 4159 ὡς
2911 4095 3092 4157 αὐτοῖς
3152 4091 3319 4169 ἔδοξε,
3358 4096 3569 4171 γέγονεν
3628 4096 3707 4162 ἄν,
3758 4092 3807 4148 εἲ

2170 4188 2244 4258 μή
2274 4189 2341 4258 τῇ
2372 4188 2584 4258 πονηρᾷ
2626 4185 2793 4257 ταύτῃ
2845 4185 3007 4259 πέρας
3058 4185 3412 4259 ἐπενεχθῆναι
3464 4182 3641 4258 βουλῇ
3694 4181 3801 4237 διε-

2164 4274 2406 4329 κώλυσεν
2444 4276 2470 4328 6
2512 4276 2660 4335 Θεός.
2696 4274 3003 4347 Αἶσθομένη
3058 4274 3159 4347 γὰρ
3210 4278 3309 4328 τοῦ
3360 4270 3739 4344 βουλεύματος
3766 4274 3801 4341 ἠ

2164 4368 2262 4432 τὴν
2309 4366 2493 4438 τιμίαν
2542 4364 2620 4437 τῷ
2665 4369 2780 4436 Θεῷ
2825 4363 3066 4441 κεφαλὴν
3128 4362 3389 4436 δεξαμένη
3451 4361 3652 4436 (ὄνομα
3698 4368 3806 4416 Κα-

2166 4452 2337 4509 τούλα
2366 4460 2434 4529 τῇ
2467 4455 2694 4531 γυναικί)
2744 4454 3021 4509 κοινοῦταί
3067 4474 3186 4509 τινα
3239 4457 3357 4514 τοῖς
3405 4457 3616 4513 πιστοῖς
3663 4453 3803 4527 γνώ-

2173 4565 2279 4614 μην
2332 4545 2404 4603 ὡς
2447 4545 2672 4618 ἀρεστὴν
2730 4547 2808 4614 τῷ
2867 4547 2981 4613 Θεῷ
3035 4543 3122 4596 καὶ
3178 4538 3494 4596 ἀπόδεκτον·
3555 4540 3643 4595 καὶ
3700 4560 3799 4593 πο-

2170 4629 2373 4699 λυτελῆ
2408 4630 2750 4705 παραθεμένη
2796 4632 2894 4700 τὴν
2938 4631 3224 4705 τράπεζαν,
3279 4629 3356 4692 εἰς
3406 4630 3645 4703 εὐωχίαν
3680 4628 3798 4687 τοὺς

418 4700 636 4794 vivium
660 4701 889 4757 inibant
912 4706 1062 4775 apud
1091 4708 1415 4779 mulierem,
1434 4714 1668 4782 quidam
1693 4732 1759 4771 ex
1784 4718 2039 4775 fidelibus

2169 4719 2405 4794 δημίους
2467 4713 2790 4793 παρέλαϐεν.
2859 4720 2947 4772 Ἐν
3019 4720 3128 4790 ὅσῳ
3192 4715 3248 4772 δὲ
3314 4719 3464 4772 οὗτοι
3524 4719 3786 4772 εἱστιῶντο

420 4790 709 4859 accipiunt
736 4797 1049 4866 martyrum
1101 4798 1399 4870 reliquias,
1432 4807 1488 4857 et
1519 4820 1616 4859 eas
1665 4806 2053 4865 abscondunt.

423 4876 846 4947 Deinde,‘ﬁnito
877 4885 1155 4955 convivio,
1182 4904 1312 4945 cum
1337 4907 1461 4947 eam
1495 4910 1614 4949 rem
1650 4897 2059 4967 deprehendis-

420 4972 552 5023 sent
583 4969 836 5039 lictores,
872 4974 954 5030 ira
985 4976 1147 5032 valde
1174 4985 1336 5035 erant
1370 4985 1565 5053 perciti
1595 5003 1607 5053 ;
1642 4988 1741 5041 sed
1774 4988 2054 5045 fervorem

421 5056 521 5111 iraa
552 5059 831 5115 sedarunt
863 5080 1125 5131 munera,
1150 5072 1204 5122 et
1227 5069 1623 5128 vehementem
1660 5075 1910 5131 furorem
1943 5078 2060 5134 dis-

424 5144 595 5236 solvit
628 5148 839 5204 mulier
870 5155 1133 5223 pecunia.
1154 5156 1293 5211 Cum
1322 5158 1404 5213 illi
1436 5166 1631 5216 autem
1663 5167 2053 5236 recessissent,

421 5232 477 5286 in
510 5235 766 5323 quadam
811 5239 983 5297 domo
1031 5244 1268 5313 deponit
1311 5248 1508 5303 Catula
1558 5257 1873 5323 martyrum
1923 5232 2055 5309 reli-

424 5320 592 5388 quias
649 5323 818 5377 tertio
869 5330 1089 5386 mensis
1139 5333 1424 5405 Octobris,
1477 5320 1777 5397 miraculis
1836 5342 2056 5398 affatim

422 5405 867 5498 proﬂuentibus,
902 5418 1141 5485 perinde
1170 5439 1236 5477 ac
1271 5423 1467 5495 aliquo
1515 5427 1670 5481 fonte
1718 5429 1956 5498 pulchre
2004 5436 2059 5488 et

422 5493 677 5549 suaviter
706 5509 1000 5561 manante.
1035 5508 1156 5564 Non
1193 5493 1437 5568 multum
1474 5493 1749 5587 temporis
1780 5519 2056 5578 interces-

489 5661 514 5695 κ
545 5663 697 5729 Psal.
733 5685 892 5742 cmi,
924 5677 981 5748 5,
1012 5684 1064 5737 6,

2165 4810 2311 4883 παρὰ
2339 4814 2405 4883 τῇ
2444 4808 2671 4882 γνναικὶ,
2728 4811 2835 4862 τῶν
2896 4812 3100 4862 πιστῶν
3165 4828 3305 4869 τινες
3368 4808 3436 4862 τὰ
3492 4807 3653 4881 τίμια
3700 4810 3796 4861 τῶν

2172 4898 2457 4974 μαρτύρων
2491 4892 2941 4970 ὑπολαμϐάνουσι
2987 4893 3338 4972 λείψανακαῖ
3389 4896 3442 4951 ἐν
3490 4904 3571 4970 τῷ
3620 4898 3804 4975 ἀρανεῖ

2163 4987 2552 5050 κατατίθενται.
2614 4987 2767 5058 Εἶτα,
2818 4992 2918 5055 τῆς
2967 4985 3205 5061 εὐωχίας
3272 4984 3644 5059 διαλυθείσης,
3696 4991 3809 5047 τοῖς

2167 5075 2389 5149 δημίοις
2420 5076 2482 5130 τὸ
2531 5081 2754 5152 πρᾶγμα
2802 5078 3111 5154 φωράσασιν
3162 5075 3248 5130 ἐπὶ
3312 5075 3447 5151 μέγα
3505 5077 3595 5130 καὶ
3641 5076 3806 5131 πάλιν

2166 5167 2455 5221 ἆνεκινεῖτο
2484 5166 2549 5221 τὰ
2579 5170 2674 5219 τοῦ
2714 5167 2889 5239 θυμοῦ
2944 5165 3032 5220 καὶ
3078 5163 3503 5240 διεθερμαίνετο·
3553 5166 3701 5221 ἀλλὰ
3745 5168 3808 5221 τὸ

2164 5262 2263 5324 τῆς
2296 5255 2463 5329 ὀργῆς
2496 5254 2609 5324 ζέον
2640 5256 2707 5309 τὰ
2757 5254 2904 5321 δῶρα
2950 5254 3229 5328 κατέψυξε,
3280 5254 3369 5309 καὶ
3412 5255 3473 5309 τὸ
3520 5255 3664 5309 πολὺ
3712 5258 3813 5309 τοῦ

2168 5342 2345 5417 θυμσῦ
2395 5346 2676 5423 χρήμασιν
2706 5347 2740 5415 ἡ
2772 5345 2905 5420 γυνή
2964 5344 3249 5419 παραλύει.
3313 5343 3580 5398 Κάκείνων
3632 5342 3815 5399 ἀπαλ-

2167 5430 2455 5505 λαγέντων,
2500 5433 2550 5489 ἔν
2609 5456 2711 5490 τινι
2770 5435 2836 5489 τὰ
2882 5438 2990 5488 τῶν
3045 5433 3331 5509 μαρτύρων
3376 5432 3606 5506 λείψανα
3636 5435 3669 5502 ἡ
3706 5452 3814 5506 μα-

2167 5542 2326 5598 καρια
2382 5525 2637 5580 Κατούλα
2703 5522 2991 5600 δομήματι
3047 5522 3388 5593 κατατίθησι,
3446 5522 3634 5594 τρίτην
3711 5524 3813 5579 τοῦ
