4142 6248
257 410 414 472 1049

1566 420 1748 484 VITA
1799 428 1864 487 S.
1910 430 2365 493 ANDRONICI.

3504 435 3663 496 1050

261 563 574 624 ὁκτωὸαίιου
635 571 809 643 μηνὸς
864 568 1108 646 ἄγοντος.
1160 579 1277 629 Τῶν
1344 573 1402 631 δὲ
1468 582 1757 653 θαυμάτων
1829 588 1962 669 civil

2056 593 2125 658 it,
2151 596 2207 647 et
2264 592 2676 649 convenientes
2725 594 3026 651 christiani
3084 594 3359 666 templum
3400 595 3665 666 gloriosis

261 678 406 719 τινος
464 665 651 733 πηγῆς
705 661 845 733 ὁμοῦ
909 661 1140 731 ναούσης
1211 664 1302 717 καὶ
1382 663 1625 739 ἥδιστον,
1677 661 1962 749 ἀφθόνως.

2056 681 2281 735 ιχοὶῐαηῐ
2310 681 2648 749 victoribus,
2680 686 2737 737 et
2769 684 2826 738 iu
2858 683 2984 754 ipso
3016 699 3216 737 eorum
3250 682 3532 753 pretiosas
3564 684 3664 738 de—

262 749 673 822 προχεομένων,
734 751 795 806 οὗ
870 750 1015 806 πολὺ
1086 753 1148 806 τὸ
1231 751 1283 808 ἓν
1346 753 1496 829 μέσῳ
1573 760 1918 827 συνελθόντες

267 838 591 909 Χριστιανοὶ
645 839 771 893 ναὸν
814 845 936 901 τοῖς
994 838 1338 905 καλλινίκοις
1411 844 1769 923 ἀνεγείρουςι,
1828 852 1918 907 καὶ

258 926 325 979 τὰ
372 925 527 999 τίμια
573 928 783 982 τούτων
839 928 890 983 ἐν
941 929 1089 1001 αὐτῷ
1150 932 1463 989 ἀποτιθέασι
1536 935 1786 1012 λείψανα·
1842 942 1919 1003 εἷς

2031 774 2255 840 ponunt
2285 768 2592 840 reliquias:
2618 772 2686 825 ad
2714 770 2959 842 gloriam
2993 771 3092 826 Dei
3123 771 3334 837 Patris,
3357 774 3414 826 et
3435 772 3666 827 Domini

2028 858 2212 913 nostri
2243 858 2380 914 Jesu
2412 858 2621 914 Christi
2649 875 2661 915 :
2695 875 2862 928 quem
2888 860 3052 915 decet
3086 860 3270 915 honor
3298 865 3354 914 et
3384 860 3664 928 adoratio,

2027 962 2185 1002 nunc
2207 950 2265 1002 et
2294 963 2544 1019 semper,
2571 952 2628 1003 et
2659 948 2717 1003 in
2751 948 2961 1004 saecula
2993 948 3358 1003 saeculorum.
3392 950 3593 1005 Amen.

259 1011 423 1110 deav
478 1021 616 1110 Geo?)
660 1020 920 1110 ΔΠατιρὸς,
987 1022 1078 1074 καὶ
1146 1021 1350 1096 Κυρίου
1408 1027 1569 1097 ἡμῶν
1640 1011 1818 1099 Ἰησοῦ
1879 1033 2136 1107 Χριστοῦ,
2206 1035 2251 1105 ᾧ
2317 1011 2711 1110 πρέἆτειττιμὴ
2770 1036 2859 1090 καὶ
2927 1034 3291 1110 προσκύνησις
3376 1035 3453 1098 εἰς
3540 1036 3669 1098 τοὺς

261 1102 486 1169 αἰῶνας.
521 1106 724 1181 Ἀμήν.

269 1259 2876 1288 =—_———————————————————

1112 1274 2876 1288 ,,m

2890 1278 3673 1306 ι--κ--Ξ--Ξ

980 1398 1450 1565 VITA
1562 1404 1728 1572 S.
1850 1407 2878 1574 ANDROCIN
2890 1410 2960 1571 Ι

1177 1687 1384 1817 ET
1447 1690 1830 1822 EJUS
1896 1690 2740 1826 CONJUGIS.

267 1900 445 1963 (Apud
473 1898 689 1950 Surium
733 1901 801 1951 ad
836 1901 975 1953 diem
1006 1903 1065 1953 27
1107 1902 1381 1973 Flebrnarii
1403 1921 1434 1973 ;_
1465 1907 1645 1973 Graece
1676 1921 1788 1973 non
1835 1914 2008 1961 exstat
2050 1912 2106 1960 in
2149 1925 2275 1961 mss.
2321 1913 2481 1961 Paris.
2510 1927 2523 1973 ;
2561 1913 2690 1961 socii
2729 1913 3062 1962 Bollandiani
3096 1914 3260 1965 Vitam
3291 1913 3348 1961 S.
3383 1912 3672 1963 Andronici

1124 1966 1301 2016 Grece
1333 1972 1384 2017 et
1413 1968 1601 2020 Latine
1630 1970 1884 2023 exhibent
1913 1987 1978 2023 ex
2007 1973 2226 2025 Menaeis
2257 1974 2324 2024 ad
2357 1966 2555 2025 diem'9
2585 1976 2850 2038 Octobris)

346 2290 392 2343 Ι-
426 2290 489 2346 In
521 2291 730 2348 diebus
779 2291 1093 2350 Theodosii
1152 2294 1347 2368 Magni
1385 2296 1777 2369 imperatoris,
1801 2302 1926 2355 erat
1953 2301 2007 2367 A
2034 2317 2221 2372 usque
2244 2301 2314 2357 ad
2348 2302 2551 2358 horam
2586 2306 2808 2358 sextam
2844 2318 2857 2357 :
2891 2304 2947 2356 et
2980 2315 3269 2369 reversus,
3301 2297 3467 2353 audit
3496 2295 3676 2365 ejula-

274 2379 334 2433 in
368 2395 576 2451 magna
606 2382 749 2437 urbe
787 2382 1101 2438 Antiochia
1150 2385 1381 2454 juvenis
1437 2387 1677 2457 quidam
1724 2404 1925 2459 argen-

276 2467 485 2536 terius,
518 2469 757 2525 nomine
778 2471 1161 2528 Andronicus.
1192 2474 1426 2544 Accepit
1458 2480 1651 2531 autem
1686 2492 1924 2532 uxorem

2034 2393 2154 2444 tum
2192 2397 2249 2446 et
2298 2391 2642 2459 tumultum,
2687 2390 2786 2461 qui
2828 2390 3003 2445 ﬁebat
3050 2387 3208 2444 domi
3240 2404 3379 2442 suas.
3414 2383 3513 2440 Ille
3540 2399 3675 2439 vero

2036 2480 2416 2535 conturbatus
2446 2481 2723 2548 cucurrit,
2756 2484 2812 2534 et
2861 2477 3079 2534 invenit
3108 2491 3339 2532 omnem
3391 2475 3507 2529 fere
3537 2472 3675 2528 civi-

278 2557 457 2614 ﬁliam
488 2559 825 2631 argentarii,
863 2562 1096 2618 nomine
1145 2561 1411 2619 Joannis.
1443 2568 1585 2620 Erat
1632 2583 1764 2621 vero
1795 2567 1926 2636 ejus
2036 2571 2211 2621 tatem
2245 2567 2403 2622 domi
2436 2584 2553 2623 suae
2576 2572 2634 2623 et
2666 2582 2877 2638 pueros
2899 2574 3179 2621 mortuos.

273 2661 487 2702 nomen
520 2648 861 2704 Athanasia.
911 2650 1049 2705 Erat
1091 2651 1247 2707 enim
1280 2668 1478 2708 revera
1506 2654 1838 2721 Athanasia,
1869 2654 1923 2709 id

2106 2655 2205 2710 IIl.
2256 2658 2518 2728 Cumque
2569 2655 2808 2711 vidisset
2872 2654 3122 2709 infantes
3180 2653 3238 2707 in
3294 2651 3442 2707 lecto
3501 2646 3680 2705 simul

274 2740 380 2805 est,
404 2736 777 2809 immortalis,
799 2743 856 2795 et
878 2740 1069 2807 iactis,
1094 2745 1150 2796 et
1174 2742 1546 2813 cogitatione.
1571 2744 1703 2798 Erat
1729 2748 1925 2799 autem
2031 2744 2313 2816 jacentes,
2346 2745 2649 2817 ingressus
2682 2745 2740 2800 in
2773 2760 2947 2800 suum
2980 2741 3320 2809 oratorium,
3354 2757 3414 2796 se
3444 2738 3684 2811 projecit

280 2826 648 2881 Andronicus
684 2827 850 2882 valde
900 2829 1056 2898 pius,
1089 2834 1145 2883 et
1174 2829 1379 2898 plenus
1418 2830 1588 2886 bonis
1630 2833 1927 2902 operibus.

284 2915 565 2972 Similiter
602 2933 737 2973 vero
796 2918 925 2987 ejus
964 2934 1195 2989 quoque
1249 2937 1443 2975 uxor:
1506 2927 1673 2977 erant
1730 2927 1929 2978 autem

286 3003 454 3059 valde
482 3005 707 3061 divites.
742 3005 838 3061 Sic
868 3023 1002 3063 vero
1032 3008 1210 3063 vitam
1244 3025 1413 3064 suam
1455 3010 1701 3081 agebant
1730 3026 1934 3083 argen-

287 3095 521 3164 tariam,
553 3103 607 3148 et
626 3094 928 3151 facultates
952 3111 1095 3152 suas
1122 3096 1443 3153 diviserunt
1465 3098 1524 3153 in
1551 3104 1669 3155 tres
1700 3103 1932 3171 partes:

288 3198 467 3238 unam
500 3184 735 3254 quidem
785 3184 843 3239 in
888 3185 1175 3241 rationem
1208 3203 1556 3257 pauperum,
1588 3191 1645 3242 et
1673 3187 1845 3242 aliam
1876 3188 1935 3243 in

288 3272 569 3328 rationem
600 3273 1045 3343 monachorum,
1075 3280 1133 3331 et
1163 3275 1334 3331 aliam
1367 3276 1426 3331 in
1451 3277 1731 3333 rationem
1764 3276 1941 3333 facul-

290 3366 475 3417 tatum
509 3365 565 3417 et
596 3362 862 3419 officina.
898 3363 1182 3420 Universa
1231 3373 1422 3422 autem
1459 3366 1667 3421 civitas
1708 3364 1939 3422 amabat

291 3450 592 3506 dominum
624 3453 1025 3509 Andronicum
1061 3458 1300 3525 pr0pter
1337 3456 1466 3525 ejus
1498 3455 1863 3511 modestiam.

362 3537 433 3595 II.
466 3539 746 3611 Cognovit
787 3545 984 3597 autem
1018 3559 1186 3597 suam
1221 3558 1502 3613 uxorem;
1536 3547 1593 3599 et
1639 3559 1773 3598 cum
1804 3560 1938 3600 con-

2041 2839 2177 2889 ante
2215 2839 2597 2902 Servatorem,
2648 2838 2704 2890 et
2754 2834 2897 2889 ﬂens
2930 2833 3114 2889 dixit!
3143 2848 3157 2887 :
3193 2853 3222 2883 «
3252 2834 3380 2902 Ipse
3411 2844 3683 2901 egressus

2044 2938 2174 2976 sum
2208 2923 2403 2977 nudus
2460 2938 2528 2977 ex
2563 2927 2724 2978 utero
2776 2922 2974 2978 matris
3024 2936 3187 2987 mem,
3228 2921 3419 2974 nudus
3451 2931 3683 2989 quoque

2043 3009 2184 3065 illuc
2227 3018 2498 3068 revertar.
2530 3011 2819 3066 Dominus
2859 3008 3037 3077 dedit,
3080 3008 3363 3065 Dominus
3394 3005 3634 3061 abstulit
3664 3019 3679 3060 :

2046 3099 2195 3155 sicut
2248 3097 2493 3154 Domino
2549 3101 2738 3155 visum
2788 3102 2897 3168 est,
2929 3099 3009 3153 ita
3040 3097 3158 3153 fiat.
3205 3096 3289 3150 Sit
3320 3109 3532 3150 nomen
3568 3093 3685 3147 Do-

2048 3187 2189 3245 mini
2216 3186 2583 3244 benedictum
2616 3206 2684 3245 ex
2738 3189 2847 3245 hoc
2878 3205 3031 3244 nunc
3062 3192 3120 3243 et
3165 3201 3350 3257 usque
3397 3185 3457 3239 in
3503 3197 3687 3238 saecu-

2048 3277 2190 3333 lum.
2224 3299 2252 3327 ››
2286 3275 2440 3333 Uxor
2493 3281 2687 3331 autem
2745 3278 2870 3345 ejus
2926 3275 3219 3346 quaerebat
3278 3289 3343 3328 se
3386 3272 3688 3337 sutIocare,

2053 3368 2300 3423 dicens:
2362 3365 2576 3422 Moriar
2635 3380 2767 3420 cum
2826 3363 2972 3419 meis
3028 3362 3184 3417 filiis.
3246 3359 3526 3416 Convenit
3556 3374 3689 3413 vero

2053 3456 2327 3513 universa
2356 3454 2557 3511 civitas
2580 3455 2653 3510 ad
2685 3451 3007 3509 afferendas
3041 3466 3269 3523 pueros,
3301 3452 3442 3505 adeo
3475 3451 3541 3501 ut
3570 3445 3688 3501 illic

2050 3550 2206 3602 esset
2258 3545 2586 3617 patriarcha
2634 3560 2770 3600 cum
2830 3547 2951 3599 toto
3008 3541 3161 3599 clero
3216 3555 3338 3595 suo.
3390 3539 3503 3593 Eos
3552 3552 3688 3594 vero

292 3628 561 3698 cepisset,
623 3630 847 3701 peperit
904 3631 1115 3697 filium,
1170 3635 1227 3686 et
1290 3631 1745 3688 nominaverunt
1809 3647 1940 3688 eum
1972 3661 2028 3726 B
2053 3631 2452 3703 deposuerunt
2484 3631 2543 3685 in
2576 3629 2856 3702 martyrio
2888 3627 3075 3685 sancti
3104 3626 3317 3726 Iuliani
3349 3639 3525 3694 supra
3540 3636 3691 3723 .avos

291 3715 598 3772 Joannem.
635 3720 780 3771 Cum
824 3733 958 3774 vero
1007 3720 1196 3776 adhuc
1244 3719 1304 3774 in
1345 3724 1506 3776 utero
1556 3721 1941 3793 concepisset,

294 3806 517 3877 peperit
556 3805 761 3875 ﬁliam,
791 3811 848 3863 et
886 3807 1211 3865 nominavit
1258 3826 1387 3866 eam
1436 3810 1703 3879 Mariam,
1755 3827 1943 3883 neque

297 3893 551 3965 amplius
580 3896 1072 3967 appropinquavit
1120 3898 1281 3954 uxori
1311 3899 1701 3956 Andronicus.
1737 3900 1944 3957 Confe-

297 3983 460 4039 rebat
482 3987 673 4040 autem
698 4000 871 4040 suum
895 3986 1146 4042 studium
1173 3988 1244 4043 ad
1268 3987 1580 4061 diligenter
1600 3994 1656 4046 et
1676 3988 1947 4047 lubenter

298 4071 707 4142 laborandum,
743 4090 876 4129 cum
910 4074 1040 4131 aliis
1073 4075 1287 4131 Christi
1330 4078 1657 4134 amantibus
1688 4087 1948 4151 argenta-

303 4161 425 4217 riis.
474 4161 781 4220 Dominico
839 4167 895 4220 et
936 4162 1031 4220 die
1086 4167 1344 4222 secundo
1399 4172 1459 4222 et
1514 4174 1719 4238 quarto
1771 4172 1829 4223 et
1884 4167 1947 4221 in

304 4250 629 4321 Parasceve,
665 4269 698 4309 a
751 4269 996 4325 vespera
1052 4270 1242 4325 usque
1275 4256 1345 4309 ad
1407 4255 1764 4310 matutinum
1828 4254 1953 4308 ibat

305 4340 678 4397 Andronicus
708 4341 778 4396 ad
811 4342 1089 4398 lavandos
1129 4342 1284 4396 viros
1317 4358 1452 4397 suos
1499 4342 1728 4398 fratres.
1772 4341 1954 4398 Simi-

304 4429 436 4484 liter
489 4434 683 4485 autem
734 4431 859 4499 eius
900 4444 1131 4500 quoque
1175 4444 1320 4484 uxor
1365 4430 1433 4484 ad
1492 4429 1769 4486 levandas
1828 4429 1954 4485 dili-

305 4521 508 4588 genter
564 4517 865 4572 mulieres.
933 4518 1071 4573 Post
1142 4524 1370 4590 tempus
1425 4534 1559 4574 vero
1644 4518 1952 4574 duodecim

307 4621 624 4675 annorum,
654 4605 925 4676 ingressa
964 4608 1053 4661 est
1102 4607 1357 4678 quodam
1387 4606 1480 4662 die
1511 4623 1684 4663 mane
1715 4606 1956 4663 domina

308 4692 630 4749 Athanasia
662 4694 1038 4751 avoluntario
1069 4694 1170 4751 illo
1203 4696 1397 4751 labore
1419 4696 1489 4751 ad
1520 4696 1798 4752 videndos
1819 4713 1957 4752 suos

309 4782 487 4851 ﬁlios,
514 4790 566 4838 et
597 4782 819 4838 invenit
848 4800 945 4840 eos
968 4784 1353 4857 suspirantes.
1379 4783 1482 4841 Illa
1498 4790 1689 4841 autem
1722 4791 1954 4842 contur-

309 4873 451 4927 bata
491 4872 756 4927 ascendit
808 4873 868 4927 in
908 4871 1120 4929 lectum
1168 4890 1357 4939 suum,
1417 4878 1475 4930 et
1529 4874 1725 4944 posuit
1753 4874 1959 4930 ambos

313 4977 493 5032 supra
523 4966 727 5032 pectus
771 4978 968 5018 suum.
1020 4963 1232 5018 Beatus
1280 4978 1413 5019 vero
1461 4964 1829 5019 Andronicus
1869 4962 1959 5018 in-

2052 3738 2212 3778 suos.
2237 3721 2544 3793 Accipiens
2569 3725 2759 3776 autem
2780 3721 3013 3775 beatum
3035 3716 3432 3773 Andronicum
3463 3711 3691 3784 episco-

2054 3828 2162 3882 pus
2188 3812 2488 3883 ingressus
2519 3815 2607 3866 est
2654 3812 2712 3865 in
2742 3809 2898 3865 mdes
2935 3808 3082 3878 ejus.
3120 3805 3284 3861 Illius
3324 3806 3516 3858 autem
3547 3815 3697 3856 uxor

2056 3899 2243 3956 noluit
2289 3900 2449 3955 abire
2504 3901 2562 3955 in
2621 3900 2859 3954 domum
2927 3912 3116 3965 suam,
3177 3895 3277 3951 sed
3340 3891 3572 3947 dormiit
3633 3887 3696 3943 in

2056 3989 2356 4062 martyrio.
2387 3988 2574 4045 Media
2618 4004 2753 4043 vero
2815 3990 2981 4043 nocte
3037 3985 3278 4056 apparet
3306 3981 3359 4036 ei
3390 3983 3603 4050 martyr
3635 3976 3695 4031 in

2059 4078 2259 4133 habitu
2288 4076 2582 4142 monachi,
2611 4076 2812 4130 dicens
2843 4074 2894 4129 ei
2927 4088 2941 4128 :
2975 4076 3088 4127 Cur
3128 4088 3242 4125 non
3271 4069 3414 4125 sinis
3443 4082 3562 4133 eos,
3596 4063 3697 4136 qui

2060 4168 2156 4222 hic
2187 4173 2345 4233 sunt,
2394 4166 2753 4235 requiescere
2783 4165 2812 4217 ?
2842 4162 2946 4217 Illa
2978 4165 3174 4216 autem
3222 4158 3406 4212 dixit:
3455 4153 3698 4210 Domine

2062 4255 2165 4321 mi,
2215 4269 2287 4309 ne
2340 4253 2485 4307 mihi
2542 4251 2837 4316 irascaris,
2872 4266 3006 4304 nam
3066 4264 3195 4302 sum
3252 4245 3418 4300 valde
3462 4242 3697 4299 afﬂicta.

2064 4341 2357 4397 Habebam
2414 4343 2611 4395 autem
2645 4340 2789 4393 duos
2821 4338 2976 4393 solos
3009 4335 3183 4401 filios,
3214 4338 3268 4389 et
3300 4332 3472 4387 hodie
3495 4330 3697 4385 ambos

2064 4430 2242 4487 simul
2274 4428 2472 4485 extuli.
2509 4428 2609 4484 Ille
2630 4443 2763 4483 vero
2794 4425 2935 4481 dicit
2960 4442 2972 4481 :
2997 4428 3141 4490 Quot
3175 4438 3357 4478 annos
3389 4419 3508 4475 nati
3539 4420 3704 4472 erant

2064 4519 2152 4575 tui
2186 4519 2392 4590 pueri?
2415 4517 2523 4573 Illa
2570 4512 2703 4573 vero
2754 4515 2893 4572 dicit
2922 4513 2974 4570 ei
3009 4530 3021 4569 :
3055 4512 3218 4568 Unus
3245 4513 3368 4567 erat
3401 4506 3705 4563 duodecim

2068 4623 2252 4663 annos
2296 4610 2491 4671 natus,
2552 4604 2697 4660 alter
2752 4619 2883 4660 vero
2938 4602 3161 4657 decem.
3208 4598 3309 4654 llle
3339 4600 3531 4652 autem
3566 4592 3708 4648 dicit

2066 4696 2116 4752 ei
2147 4712 2161 4751 :
2185 4696 2295 4750 Cur
2318 4695 2496 4767 igitur
2534 4692 2665 4749 illos
2693 4693 2865 4748 defles
2893 4692 2921 4745 ‘I
2948 4690 3183 4746 Utinam
3206 4686 3448 4742 deﬂeres
3471 4685 3708 4755 peccata

2066 4790 2188 4840 tua.
2223 4784 2352 4839 Dico
2385 4783 2541 4838 enim
2577 4781 2697 4848 tibi,
2730 4780 2955 4847 mulier,
2987 4778 3139 4849 quod
3181 4774 3465 4847 quomodo
3498 4774 3707 4825 natura

2070 4873 2323 4929 hominis
2352 4870 2530 4940 exigit
2573 4870 2792 4935 cibum,
2825 4873 2883 4924 et
2914 4866 3035 4921 ﬁeri
3076 4882 3190 4921 non
3231 4865 3440 4934 potest,
3480 4862 3544 4913 ut
3584 4875 3702 4914 non

2075 4963 2241 5017 detur
2280 4961 2352 5017 ad
2401 4957 2843 5024 comedendum,
2877 4956 2957 5010 ita
3004 4954 3181 5009 etiam
3209 4949 3369 5023 pueri
3402 4947 3460 5002 in
3484 4946 3582 5002 illo
3614 4946 3707 5001 die

322 5022 582 5121 gressus,
640 5049 816 5121 coepit
872 5050 1125 5106 clamare
1180 5050 1240 5105 in
1299 5066 1534 5107 uxorem
1584 5068 1776 5119 suam,
1810 5022 2035 5122 quodCI
2076 5054 2322 5123 poscunt
2366 5066 2399 5103 a
2451 5047 2677 5101 Christo
2736 5022 2887 5100 bona
2929 5044 3146 5108 futura,
3201 5022 3506 5095 dicentes:
3545 5034 3712 5093 Juste

321 5138 571 5194 multum
606 5137 907 5195 dormiret.
942 5138 1047 5194 Illa
1103 5142 1298 5193 autem
1357 5140 1502 5196 dixit
1537 5157 1549 5194 :
1583 5139 1705 5196 Noli
1764 5140 1958 5209 irasci,

318 5228 548 5284 domine
581 5227 678 5295 mi,
715 5227 876 5299 pueri
934 5228 1090 5283 enim
1141 5235 1276 5283 sunt
1312 5228 1546 5284 infirma
1583 5229 1911 5286 valetudine
1942 5247 1956 5287 :

321 5321 379 5373 et
425 5332 555 5372 cum
614 5316 926 5388 tetigisset,
985 5316 1203 5373 invenit
1253 5332 1349 5372 eos
1396 5320 1581 5374 teneri
1623 5335 1655 5372 a
1685 5318 1861 5386 febre,
1901 5322 1961 5374 et

317 5404 464 5461 dicit
509 5405 819 5475 suspirans
853 5405 1017 5462 :Fiat
1044 5404 1311 5461 voluntas
1350 5406 1451 5463 Dei
1486 5422 1499 5461 :
1531 5411 1589 5461 et
1645 5407 1747 5462 ivit
1801 5414 1960 5463 extra

318 5493 635 5562 civitatem,
676 5494 745 5549 ad
790 5493 1143 5565 precandum
1189 5498 1457 5550 sanctum
1497 5493 1808 5550 Iulianum.
1834 5494 1958 5550 Illic

315 5581 470 5639 enim
519 5581 792 5654 jacebant
851 5583 977 5654 ejus
1035 5587 1328 5655 parentes.
1410 5581 1539 5639 Fuit
1596 5588 1791 5641 autem
1839 5582 1960 5640 illic

390 5733 410 5770 ¹
442 5732 550 5792 Job
580 5750 617 5803 ι,
638 5732 730 5791 21.

2069 5140 2276 5209 Judex,
2319 5136 2561 5209 privasti
2610 5151 2714 5190 nos
2745 5135 2918 5189 rebus
2962 5130 3230 5196 terrenis,
3264 5143 3336 5183 ne
3386 5142 3490 5181 nos
3528 5124 3707 5180 etiam

2071 5230 2258 5300 prives
2309 5224 2658 5282 ccelestibus.
2704 5222 2811 5278 Illa
2858 5224 3051 5276 autem
3090 5234 3222 5274 cum
3253 5214 3586 5280 audivisset,
3618 5217 3708 5269 est

2070 5319 2442 5387 compuncta,
2472 5318 2529 5369 et
2549 5311 3032 5367 mutavitluctum
3057 5308 3115 5363 in
3147 5304 3448 5380 gaudium,
3473 5304 3702 5359 dicens:

2068 5407 2122 5461 Si
2156 5421 2291 5477 ergo
2322 5403 2521 5459 vivunt
2550 5401 2655 5456 ﬁlii
2687 5400 2800 5456 mei
2830 5398 2888 5453 in
2923 5396 3083 5464 coslo,
3117 5395 3256 5467 quid
3289 5394 3394 5449 fleo
3421 5391 3448 5447 ?
3481 5396 3536 5447 et
3566 5407 3706 5447 con-

2066 5510 2254 5561 versa,
2299 5491 2528 5565 quaesiit
2578 5489 2846 5546 abbatem
2887 5486 2985 5559 qui
3018 5485 3070 5541 ei
3122 5486 3309 5541 fuerat
3364 5481 3615 5546 locutus,
3650 5483 3708 5536 et

2067 5599 2200 5641 cum
2230 5585 2420 5641 totum
2455 5579 2646 5637 locum
2675 5577 2932 5647 obiisset,
2958 5591 3073 5632 non
3095 5572 3335 5631 invenit.
3360 5567 3709 5627 Etsciscita-
