4142 6248
477 405 622 464 1051

1815 403 2092 466 MENSIS
2137 401 2514 466 OCTOBER.

3715 404 3882 467 1052

475 573 572 622 tur
627 587 658 623 a
701 570 970 640 janitore,
1020 573 1219 628 dicens
1273 586 1286 624 :
1339 569 1442 624 Ubi
1492 573 1578 625 est
1625 568 1826 633 abbas,
1877 569 1976 638 qui
2024 571 2112 623 est
2141 567 2471 630 Ainvicem
2519 567 2875 623 salutassent
2917 571 2973 622 et
3016 567 3302 637 complexi
3332 567 3599 635 fuissent,
3637 570 3882 626 fuerunt

477 657 647 711 modo
678 657 792 712 huc
822 659 1167 729 ingressus?
1194 658 1332 712 Dicit
1364 657 1412 712 ei
1434 657 1654 726 janitor
1679 673 1691 710 :
1712 656 1885 711 Vides
1909 671 2112 710 omnes

469 750 683 818 januas
709 752 1026 817 obseratas,
1061 763 1112 806 et
1136 753 1281 806 dicis
1315 769 1326 805 :
1363 751 1469 805 Ubi
1502 755 1585 806 est
1608 751 1784 806 abbas
1818 751 1911 820 qui
1945 751 2113 805 modo

475 843 564 892 est
595 839 704 892 huc
752 839 1051 910 ingressus
1081 843 1108 895 ?
1140 842 1273 895 Eam
1324 846 1514 895 autem
1548 840 1758 895 erudiit
1791 855 2117 910 paramona-

476 925 619 991 rius,
664 931 729 980 ut
787 929 881 997 qui
943 931 1203 985 scivisset
1262 947 1387 984 eam
1431 929 1641 984 vidisse
1672 929 1976 984 visionem.
2010 928 2114 980 Illa

475 1028 630 1080 vero,
668 1021 818 1068 metu
872 1025 1149 1084 correpta,
1192 1019 1414 1086 rogavit
1467 1022 1530 1070 ut
1561 1017 1746 1070 abiret
1777 1017 1833 1070 in
1884 1017 2116 1070 domum

479 1119 664 1156 suam.
708 1103 846 1158 Eam
896 1120 1029 1159 vero
1071 1105 1286 1174 accepit
1333 1105 1573 1173 janitor,
1616 1109 1672 1158 et
1704 1104 2027 1159 introduxit
2057 1102 2116 1156 in

479 1191 714 1247 domum
771 1209 957 1258 suam,
1019 1198 1075 1250 et
1133 1199 1384 1249 narravnt
1455 1194 1662 1248 marito
1719 1210 1824 1248 suo
1883 1209 1949 1247 ea
1997 1207 2119 1261 quae

479 1280 720 1336 viderat.

550 1369 642 1423 IV.
690 1371 853 1425 Tunc
921 1372 1063 1427 dicit
1110 1372 1159 1427 ei
1229 1373 1397 1428 beata
1454 1371 1828 1427 Athanasia:
1881 1371 2117 1437 Revera,

483 1458 737 1524 domine,
797 1460 973 1515 etiam
1029 1461 1360 1516 viventibus
1411 1461 1548 1516 ﬁliis
1595 1460 1750 1515 volui
1808 1460 2017 1524 dicere,
2067 1461 2123 1513 et

481 1545 709 1599 erubui.
746 1547 885 1602 Ecce
915 1565 1048 1619 ergo
1099 1549 1275 1604 etiam
1314 1554 1444 1619 post
1485 1553 1729 1604 mortem
1763 1564 1961 1603 eorum
1994 1547 2121 1602 dico

485 1633 608 1686 tibi.
669 1635 724 1686 Si
761 1651 850 1689 me
882 1637 1106 1702 audias,
1143 1638 1417 1707 conjicies
1469 1653 1556 1692 me
1589 1637 1646 1690 in
1682 1635 2118 1700 monasterium,

486 1727 543 1776 et
573 1723 793 1778 deflebo
855 1731 1086 1794 peccata
1138 1744 1280 1782 mea.
1317 1731 1384 1781 Et
1433 1728 1572 1782 dicit
1618 1728 1716 1782 ei:
1764 1726 1892 1794 Abi,
1945 1725 2124 1796 proba

482 1813 644 1864 tuam
673 1814 1080 1882 cogitationem
1113 1833 1228 1870 una
1259 1815 1649 1881 hebdomade,
1681 1821 1737 1870 et
1768 1815 1816 1870 si
1857 1829 2124 1885 perman-

2225 655 2491 724 separati.
2555 656 2678 725 Ipse
2738 663 2926 710 autem
2989 656 3287 710 descendit
3346 657 3414 710 ad
3468 661 3692 713 Scetem
3745 677 3756 712 :
3825 666 3884 713 et

2226 759 2356 796 cum
2417 742 2718 797 adorasset
2775 748 3010 797 sanctos
3044 743 3245 798 Patres
3297 745 3349 798 in
3408 745 3612 810 Laura,
3651 747 3881 800 audivit

2227 831 2294 884 de
2329 832 2534 886 abbate
2567 831 2796 886 Daniele
2824 851 2835 899 ;
2861 841 2912 886 et
2946 848 3081 886 cum
3115 848 3180 886 eo
3213 833 3573 900 accessisset,
3605 853 3719 890 non
3758 838 3882 890 sine

2228 936 2437 988 magna
2491 920 2832 976 difficultate
2890 937 3022 975 eum
3085 921 3266 989 potuit
3326 925 3685 976 convenire:
3749 927 3876 978 seni

2225 1025 2357 1064 vero
2398 1009 2590 1063 omnia
2630 1010 2909 1079 exposuit.
2965 1010 3108 1064 Dicit
3156 1016 3345 1065 autem
3399 1013 3446 1065 ei
3483 1029 3656 1066 senex
3693 1031 3704 1065 :
3741 1015 3874 1080 Abi,

2229 1102 2283 1150 et
2318 1099 2505 1152 adduc
2539 1115 2772 1152 uxorem
2811 1106 2990 1163 tuam,
3021 1105 3077 1153 et
3128 1100 3332 1154 faciam
3384 1100 3486 1155 tibi
3538 1102 3781 1165 litteras,
3823 1109 3877 1156 et

2230 1188 2483 1256 depones
2541 1203 2664 1241 eam
2724 1189 2779 1240 in
2813 1187 3106 1242 Thebaide
3147 1188 3203 1241 in
3262 1191 3612 1244 monasterio
3642 1191 3877 1245 Tabcn-

2231 1276 2609 1329 nesiotarum.
2651 1275 3017 1332 Andronicus
3049 1281 3242 1332 autem
3278 1278 3433 1344 fecit,
3467 1279 3618 1333 sicut
3650 1281 3883 1336 dixerat

2231 1363 2278 1417 ei
2329 1379 2522 1431 senex,
2579 1369 2634 1418 et
2685 1364 2919 1431 absens,
2977 1366 3142 1420 duxit
3201 1381 3326 1420 eam
3388 1368 3456 1422 ad
3507 1385 3728 1423 senem.
3775 1370 3882 1432 Qui

2232 1450 2458 1507 locutus
2506 1460 2592 1508 est
2639 1453 2722 1508 eis
2776 1453 3017 1509 verbum
3059 1454 3268 1508 salutis
3305 1470 3316 1506 :
3351 1459 3406 1510 et
3438 1456 3602 1511 factis
3645 1457 3882 1524 litteris,

2234 1542 2396 1595 misit
2443 1557 2540 1596 eos
2589 1543 2657 1596 ad
2704 1542 3122 1597 monasterium
3156 1543 3734 1600 Tabennesiotarum.
3785 1549 3885 1602 Re-

2233 1645 2395 1685 verso
2455 1646 2582 1685 vero
2637 1630 2987 1697 Andronico,
3045 1631 3202 1686 dedit
3258 1648 3432 1687 senex
3492 1633 3785 1701 habitum,
3832 1643 3889 1690 et

2235 1719 2433 1773 docuit
2482 1735 2612 1791 quaa
2663 1720 2732 1773 ad
2775 1723 2987 1773 statum
3040 1720 3333 1788 pertinent
3371 1724 3791 1788 monasticum,
3829 1732 3888 1779 et

2235 1809 2452 1863 mansit
2486 1810 2641 1878 apud
2673 1824 2805 1863 eum
2839 1824 3022 1863 annos
3055 1809 3379 1865 duodecim.

485 1899 631 1953 seris
663 1900 722 1954 in
756 1901 860 1956 hoc
893 1905 1209 1974 proposito,
1246 1905 1573 1975 loquemur.
1609 1904 1715 1960 Illa
1761 1911 1949 1959 autem
1991 1918 2122 1959 cum
2159 1928 2212 1993 B
2309 1897 2395 1952 Vl.
2431 1901 2563 1952 Post
2619 1900 2929 1957 duodecim
2957 1910 3150 1958 autem
3190 1920 3371 1959 annos
3404 1901 3627 1973 rogavit
3657 1918 3888 1993 senem,

489 2004 690 2043 rursus
723 1991 989 2058 venisset,
1025 1992 1176 2046 idem
1228 1993 1388 2047 dixit.
1433 1994 1645 2049 Beatus
1677 2009 1809 2048 vero
1839 1992 2126 2046 Androni-

492 2091 593 2129 cus
615 2078 855 2131 accersit
883 2095 1148 2134 socerum
1175 2098 1370 2147 suum,
1402 2087 1454 2136 et
1485 2082 1534 2135 ei
1567 2081 1744 2136 tradit
1764 2096 1967 2136 omnes
2000 2095 2136 2134 suas

494 2163 818 2233 facultates,
878 2167 1075 2223 dicens
1111 2186 1122 2222 :
1158 2171 1242 2224 Ad
1278 2179 1477 2225 sancta
1536 2170 1656 2226 loca
1715 2170 2138 2241 proficiscimur

493 2255 564 2307 ad
597 2258 902 2310 orandum.
933 2259 985 2312 Si
1020 2259 1154 2328 quid
1188 2276 1322 2331 ergo
1356 2261 1520 2315 nobis
1553 2261 1827 2315 acciderit
1863 2258 2137 2314 humani-

498 2347 608 2409 tus,
645 2342 880 2398 habebis
932 2347 1036 2400 has
1084 2348 1408 2414 facultates,
1453 2353 1516 2404 ut
1548 2350 1617 2404 de
1648 2349 1730 2404 eis
1761 2348 1936 2403 facias
1981 2351 2133 2418 quod

496 2429 602 2484 tibi
635 2430 934 2487 videbitur.
969 2434 1125 2505 Rogo
1159 2452 1293 2506 ergo
1323 2442 1397 2503 te,
1425 2445 1484 2491 ut
1516 2442 1667 2493 recte
1701 2453 1840 2508 agas
1871 2455 2003 2492 cum
2036 2442 2135 2493 tua

498 2519 713 2587 anima,
749 2525 804 2576 et
858 2537 925 2576 ex
961 2524 1049 2594 iis,
1100 2541 1226 2595 quae
1259 2527 1352 2582 hic
1382 2534 1539 2595 sunt,
1584 2529 1670 2582 fac
1728 2529 2131 2583 nosocomium

498 2612 554 2662 et
574 2611 996 2667 xenodochium
1018 2617 1437 2670 monachorum
1460 2619 1934 2672 :etmanumissis
1949 2618 2132 2672 servis

498 2697 642 2764 suis,
685 2699 845 2754 dedit
901 2703 981 2756 eis
1057 2702 1266 2774 legata,
1302 2714 1354 2759 et
1403 2710 1636 2776 accepta
1677 2723 1850 2776 parva
1908 2707 2130 2760 benedi-

501 2785 682 2841 ctione
723 2794 774 2842 et
825 2789 1053 2845 duobus
1102 2793 1288 2862 equis,
1339 2793 1475 2847 exiit
1524 2799 1695 2850 noctu
1755 2811 1823 2849 ex
1880 2795 2130 2863 civitate,

500 2873 625 2943 ipse
681 2879 737 2930 et
776 2893 914 2932 uxor
962 2880 1087 2948 ejus
1145 2882 1274 2936 soli.
1337 2883 1507 2937 Beata
1564 2890 1757 2937 autem
1816 2883 2134 2937 Athanasia

501 2965 733 3018 eminus
783 2967 927 3020 vidit
971 2970 1206 3023 domum
1256 2975 1526 3036 suam,et
1566 2987 1800 3026 sursum
1847 2971 2134 3040 aspiciens

502 3051 562 3106 in
622 3053 829 3109 coelum
892 3056 1077 3110 dixit:
1132 3058 1302 3123 Deus,
1361 3061 1460 3130 qui
1512 3060 1706 3114 dixisti
1785 3059 2026 3115 Abrahae
2081 3064 2137 3115 et

504 3143 653 3197 Saraa
686 3145 706 3178 ³
740 3162 752 3200 :
795 3167 814 3195 ι
852 3147 1129 3216 Egredere
1177 3153 1390 3204 eterra
1446 3155 1569 3218 tua,
1610 3159 1664 3206 et
1712 3169 1740 3206 e
1796 3151 2136 3222 cognatione

504 3233 650 3286 tua:
689 3240 741 3286 et
792 3234 917 3289 veni
967 3238 1024 3291 in
1075 3246 1306 3304 terram,
1344 3256 1516 3310 quam
1568 3242 1874 3296 ostendam
1918 3240 2060 3308 tibi;
2107 3263 2134 3289 ››

2244 1990 2307 2038 ut
2350 2003 2410 2039 se
2459 1987 2780 2043 dimitteret
2822 1991 2891 2044 ad
2949 1996 3150 2046 sancta
3189 1991 3334 2047 loca.
3387 1993 3486 2048 Ille
3546 2008 3676 2046 vero
3742 1992 3891 2046 bene

2243 2079 2513 2144 precatus
2569 2093 2700 2132 eum
2745 2078 2986 2134 dimisit.
3020 2081 3208 2135 Abbas
3267 2087 3461 2137 autem
3514 2080 3889 2136 Andronicus

2243 2163 2354 2217 iter
2387 2164 2600 2220 faciens
2663 2183 2759 2236 per
2828 2168 3153 2240 .Egyptum,
3207 2171 3358 2224 sedit
3408 2172 3512 2224 sub
3568 2170 3760 2241 spina,
3826 2176 3888 2224 ut

2242 2253 2498 2308 animam
2559 2262 2843 2312 recrearet
2886 2259 2955 2312 ab
3011 2266 3165 2313 aestu.
3213 2260 3357 2316 Ecce
3405 2265 3593 2314 autem
3665 2275 3734 2313 ex
3795 2261 3891 2315 Dei

2243 2343 2680 2414 dispensatione
2712 2346 2948 2401 veniens
3001 2347 3058 2401 in
3111 2347 3311 2403 habitu
3362 2347 3507 2402 virili
3549 2349 3677 2415 ejus
3720 2365 3888 2410 uxor,

2244 2449 2372 2504 quae
2401 2433 2529 2503 ipsa
2561 2451 2788 2505 quoque
2847 2435 2967 2490 ibat
3015 2437 3085 2490 ad
3120 2441 3322 2492 sancta
3352 2437 3493 2492 loca.
3531 2438 3795 2506 Cumque
3827 2454 3888 2492 se

2241 2522 2487 2577 invicem
2522 2522 2894 2588 salutassent,
2938 2527 3210 2596 cognovit
3242 2526 3509 2583 columba
3549 2527 3884 2597 conjugem.

2240 2613 2368 2679 Ipse
2424 2627 2553 2665 vero
2597 2615 2886 2681 quomodo
2933 2617 3216 2684 potuisset
3268 2631 3616 2686 cognoscere
3676 2615 3877 2682 talem,

2239 2715 2364 2768 quae
2390 2709 2773 2765 emarcuerat,
2798 2702 3317 2772 pulchritudinem,
3341 2709 3396 2758 et
3419 2720 3543 2775 quas
3568 2705 3882 2760 videbatur

2240 2793 2305 2842 ut
2357 2789 2678 2859 EthiOps?
2730 2791 2876 2845 Dicit
2925 2809 3056 2862 ergo
3115 2793 3206 2848 ei:
3258 2796 3379 2856 Quo
3412 2793 3596 2859 vadis,
3642 2794 3873 2848 domine

2241 2877 2435 2932 abba?
2483 2878 2584 2933 Ille
2635 2894 2768 2935 vero
2813 2880 2953 2934 dicit
2982 2881 3080 2935 ei:
3142 2881 3229 2936 Ad
3288 2889 3488 2936 sancta
3547 2883 3684 2937 loca.
3747 2884 3870 2950 Ipsa

2243 2971 2434 3022 autem
2469 2967 2611 3022 dicit
2658 2968 2706 3024 ei
2742 2985 2754 3023 :
2816 2969 2932 3040 Ego
2992 2985 3223 3041 quoque
3278 2969 3405 3026 volo
3436 2969 3576 3026 illuc
3617 2972 3716 3026 ire.
3751 2972 3876 3041 Ipsa

2243 3072 2375 3123 ergo
2428 3073 2631 3112 rursus
2680 3057 2817 3112 dicit
2848 3059 2897 3112 ei
2925 3075 2936 3113 :
2972 3059 3032 3113 Si
3057 3058 3220 3124 velis,
3244 3075 3449 3115 eamus
3482 3059 3651 3114 ambo
3686 3059 3880 3115 simul.

2244 3145 2351 3200 Sed
2387 3151 2666 3216 tanquam
2691 3163 2803 3200 non
2837 3147 3013 3202 simul
3047 3149 3254 3216 simus,
3282 3148 3686 3219 ingrediamur
3711 3148 3886 3204 silen-

2247 3236 2347 3290 tio.
2386 3236 2529 3290 Dicit
2579 3235 2978 3290 Andronicus:
3012 3236 3078 3290 Ut
3104 3238 3298 3307 jubes.
3336 3238 3548 3293 Deinde
3599 3239 3723 3309 ipsa
3755 3238 3892 3293 dicit

509 3319 630 3389 ipse
691 3339 845 3377 nunc
904 3341 1134 3396 quoque
1189 3303 1376 3382 deduc;
1423 3345 1528 3383 nos
1560 3329 1618 3384 in
1652 3329 1913 3384 timorem
1947 3333 2133 3384 tuum.
2167 3303 2216 3369 C
2249 3325 2337 3378 ei:
2399 3326 2518 3379 Non
2578 3341 2639 3379 es
2691 3341 2888 3379 revera
2948 3326 3272 3396 discipulus
3311 3327 3539 3383 abbatis
3590 3328 3895 3382 Danielis‘?

505 3409 647 3462 Ecce
679 3411 828 3465 enim
864 3412 1249 3484 relinquimus
1297 3418 1532 3471 domum
1571 3423 1828 3472 nostram
1882 3425 2139 3488 apertam

507 3501 740 3566 propter
761 3514 970 3553 nomen
1005 3508 1166 3556 tuum
1204 3519 1216 3558 :
1254 3520 1322 3557 ne
1355 3509 1486 3557 ante
1521 3521 1622 3559 nos
1655 3505 1887 3559 claudas
1922 3503 2139 3558 ostium

507 3587 670 3654 regni
705 3587 788 3640 tui
823 3603 836 3653 ;
876 3595 928 3642 et
979 3589 1181 3646 flentes
1237 3593 1406 3648 ambo
1449 3593 1718 3648 abierunt
1756 3611 1769 3660 ;
1803 3602 1855 3649 et
1887 3609 2019 3648 cum
2071 3592 2140 3647 ad

505 3678 708 3728 sancta
791 3675 914 3731 loca
988 3682 1399 3748 pervenissent,
1463 3684 1773 3738 adorarunt
1822 3699 1836 3738 :
1884 3688 1941 3738 et
2011 3699 2144 3738 cum

504 3762 714 3817 multos
769 3769 966 3819 Patres
1012 3769 1440 3834 convenissent,
1471 3772 1714 3824 veniunt
1754 3772 1822 3824 ad
1875 3779 2140 3827 sanctum

505 3850 731 3905 Menam
767 3851 1142 3920 Alexandriae,
1177 3862 1230 3909 et
1258 3857 1528 3911 fruuntur
1561 3866 1826 3929 martyre.

577 3939 644 3994 V.
677 3939 836 3993 Circa
879 3941 1079 3997 horam
1123 3948 1316 3999 autem
1363 3961 1572 4000 nonam
1607 3948 1817 4016 aspicit
1865 3949 2142 4003 Androni-

507 4041 632 4093 cus,
663 4030 718 4082 et
767 4029 920 4084 videt
952 4032 1298 4087 monachum
1331 4035 1782 4090 contendentem
1833 4052 1962 4090 cum
1993 4036 2140 4092 laico

506 4119 561 4170 et
609 4117 659 4171 ei
717 4118 1046 4174 dicentem:
1089 4123 1205 4176 Cur
1249 4123 1517 4179 abbatem
1576 4124 1790 4194 injuria
1821 4125 2053 4181 efﬁcis?
2085 4127 2140 4183 Is

505 4220 637 4260 vero
670 4206 718 4261 ei
746 4207 972 4263 dicebat
1005 4225 1018 4264 :
1056 4211 1314 4278 Domine,
1350 4212 1529 4267 locavi
1571 4213 1813 4270 bestiam
1846 4231 2034 4270 meam
2068 4216 2138 4271 ad

505 4294 748 4350 Scetcm.
784 4298 899 4368 Ego
957 4315 1088 4355 vero
1120 4300 1170 4356 ei
1225 4301 1393 4358 dico:
1437 4305 1650 4360 Eamus
1675 4305 1823 4376 jam,
1855 4310 1917 4361 ut
1957 4309 2139 4362 totam

505 4389 733 4441 noctem
794 4390 1182 4459 ambulemus;
1213 4397 1267 4446 et
1315 4409 1443 4449 cras
1487 4410 1671 4465 usque
1703 4397 1771 4450 ad
1801 4400 2044 4467 sextam,
2079 4400 2142 4452 ut

505 4475 910 4542 perveniamus
944 4488 1072 4533 ante
1112 4486 1314 4535 aestum
1349 4481 1461 4536 diei
1498 4498 1510 4536 :
1550 4491 1603 4538 et
1634 4500 1746 4539 non
1779 4485 1903 4539 vult
1936 4489 1998 4540 ut
2021 4486 2142 4555 jam

504 4576 720 4618 eamus.
777 4564 922 4619 Dicit
981 4568 1028 4621 ei
1086 4568 1359 4623 dominus
1415 4571 1822 4629 Andronicus:
1882 4574 2142 4630 Habesne

2253 3418 2381 3483 Ipse
2440 3428 2572 3466 vero
2631 3414 2774 3468 dicit
2803 3414 2894 3470 ei:
2947 3414 3216 3472 Maxime.
3278 3415 3425 3470 Dicit
3481 3417 3654 3487 ipsa:
3699 3417 3896 3472 Preces

2253 3501 2407 3557 senis
2439 3518 2542 3556 nos
2576 3503 3032 3558 comitabuntur.
3071 3505 3214 3559 Dicit
3245 3506 3614 3561 Andronicus
3642 3522 3654 3558 :
3687 3508 3893 3561 Amen.

2252 3592 2392 3648 Cum
2450 3596 2644 3646 autem
2706 3592 2883 3647 simul
2947 3594 3192 3664 ingressi
3225 3599 3439 3661 essent,
3473 3602 3526 3650 et
3557 3595 3898 3651 adorassent

2253 3686 2454 3735 sancta
2484 3680 2630 3745 loca,
2667 3681 2876 3736 reversi
2911 3688 3044 3736 sunt
3068 3682 3496 3738 Alexandriam.
3533 3683 3682 3739 Dicit
3713 3684 3897 3740 abbas

2253 3770 2612 3824 Athanasius
2631 3770 2824 3825 abbati
2847 3772 3176 3826 Andronico
3204 3789 3214 3824 :
3243 3772 3333 3826 Vis
3356 3789 3698 3829 maneamus
3717 3774 3894 3828 simul

2254 3859 2309 3912 in
2345 3859 2487 3912 cella
2516 3859 2542 3911 ?
2572 3859 2718 3913 Dicit
2751 3861 3120 3914 Andronicus
3155 3878 3167 3917 :
3210 3861 3390 3926 Certe,
3428 3867 3492 3916 ut
3525 3863 3720 3932 jubes.
3756 3862 3897 3918 Volo

2254 3952 2448 4001 autem
2482 3948 2735 4017 primum
2771 3949 2872 4012 ire,
2915 3956 2971 4003 et
3001 3950 3259 4020 accipere
3304 3965 3504 4019 preces
3535 3951 3706 4006 senis.
3747 3951 3899 4006 Dicit

2251 4036 2299 4090 ei
2337 4036 2516 4090 abbas
2549 4036 2899 4091 Athanasius
2933 4037 3148 4106 :Vade,
3181 4043 3237 4093 et
3274 4039 3616 4110 exspectabo
3660 4045 3714 4094 te
3743 4042 3896 4112 apud

2252 4125 2537 4180 Octavum
2592 4124 2882 4180 decimum
2919 4141 2930 4178 :
2965 4129 3020 4180 et
3069 4128 3116 4181 si
3149 4128 3367 4194 venias,
3401 4129 3552 4183 sicut
3605 4129 3718 4184 iter
3748 4129 3895 4184 feci-

2252 4231 2405 4282 mus,
2440 4215 2808 4269 manebimus
2842 4215 3093 4270 silentio.
3132 4215 3271 4272 Nam
3307 4218 3355 4271 si
3390 4223 3442 4273 te
3474 4235 3590 4273 non
3623 4218 3791 4288 ferat,
3829 4236 3897 4274 ne

2250 4305 2502 4360 veneris.
2559 4306 2675 4377 Ego
2727 4305 2882 4359 enim
2915 4308 2972 4360 te
3029 4309 3372 4377 exspectabo
3413 4309 3564 4379 apud
3595 4309 3895 4364 Decimum

2251 4402 2540 4451 octavum.
2574 4395 2672 4450 Ille
2705 4399 2893 4450 autem
2929 4394 3235 4465 profectus,
3271 4395 3548 4452 salutavit
3577 4413 3798 4462 senem,
3841 4403 3897 4452 et

2253 4485 2323 4539 de
2362 4500 2427 4540 eo
2459 4485 2570 4556 ipsi
2623 4483 2986 4539 renuntiavit.
3019 4485 3206 4540 Senex
3238 4502 3371 4541 vero
3404 4486 3546 4541 dicit
3577 4488 3629 4541 ei
3667 4504 3679 4542 :
3715 4488 3888 4551 Vade,

2253 4579 2309 4628 et
2343 4574 2519 4645 dilige
2566 4574 2884 4642 silentium,
2917 4578 2972 4629 et
3018 4591 3187 4630 mane
3220 4589 3351 4630 cum
3384 4575 3581 4643 fratre,
3615 4581 3700 4631 est
3735 4579 3885 4631 enim

505 4649 735 4721 aliquod
769 4652 923 4707 aliud
957 4655 1168 4711 animal
1193 4657 1219 4711 ?
1242 4657 1296 4712 Is
1318 4675 1450 4714 vero
1475 4661 1656 4716 dicit:
1691 4663 1954 4717 Maxime.
1993 4662 2144 4717 Dixit
2174 4667 2230 4731 D
2256 4664 2602 4730 monachus,
2627 4667 2688 4716 ut
2719 4678 2845 4717 esse
2875 4667 3116 4732 Oportet.
3145 4667 3220 4717 Eo
3253 4669 3442 4719 autem
3479 4681 3720 4730 reverso,
3752 4679 3878 4718 cum

503 4747 698 4798 autem
734 4745 844 4816 ipsi
881 4762 892 4799 :
930 4747 1100 4814 Vade,
1136 4749 1248 4803 duc
1280 4749 1418 4805 illud
1453 4753 1523 4806 ad
1558 4770 1668 4820 me,
1703 4761 1758 4809 et
1788 4755 1933 4820 veni,
1971 4759 2024 4808 et
2055 4771 2142 4809 ac-

502 4832 711 4902 cipiam
743 4851 848 4905 ego
873 4852 1054 4890 unum
1077 4838 1316 4906 animal,
1341 4848 1393 4894 et
1415 4842 1591 4897 abbas
1627 4859 1825 4912 unum,
1862 4844 2137 4914 quoniam

502 4935 605 4991 ego
655 4938 886 4993 quoque
921 4925 1047 4979 volo
1075 4926 1156 4981 ire
1200 4929 1268 4981 ad
1310 4929 1551 4985 Scetcm.
1605 4933 1966 4989 Andronicus
2010 4950 2136 4989 vero

503 5009 641 5065 dicit
686 5014 848 5067 uxori
880 5030 1019 5069 sum.
1051 5015 1216 5072 Mane
1260 5017 1353 5073 hic
1396 5022 1544 5090 apud
1579 5025 1842 5075 sanctum
1887 5023 2134 5093 Menam,

497 5099 676 5154 donec
723 5102 1072 5159 descendam
1123 5105 1180 5159 in
1231 5106 1472 5174 Scetem,
1507 5114 1559 5161 et
1591 5111 1867 5180 accipiam
1903 5111 2133 5166 benedi-

497 5187 743 5243 ctionem
775 5208 806 5244 a
836 5195 1127 5258 Patribus,
1149 5200 1203 5248 et
1234 5201 1498 5250 revertar.
1529 5197 1673 5252 Dicit
1703 5199 1750 5251 ei
1785 5215 1926 5253 uxor
1956 5203 2081 5269 ejus
2115 5218 2128 5255 :

497 5276 698 5345 Accipe
745 5295 835 5332 me
881 5286 1095 5335 tecum.
1134 5283 1232 5337 Ille
1287 5301 1418 5339 vero
1464 5285 1600 5339 dicit
1650 5288 1700 5341 ei
1737 5304 1747 5340 :
1778 5287 1980 5343 Mulier
2014 5308 2126 5346 non

493 5361 814 5432 ingreditur
835 5367 891 5420 in
917 5369 1154 5424 Scetcm.
1191 5372 1297 5427 Illa
1329 5377 1520 5428 autem
1555 5375 1694 5429 dicit
1717 5376 1764 5429 ei
1790 5392 1922 5430 cum
1948 5378 2123 5432 ﬂetu:

492 5449 740 5503 Habebis
772 5469 859 5506 me
885 5457 1034 5524 apud
1068 5463 1337 5514 sanctum
1372 5463 1616 5527 Menam,
1649 5463 1695 5515 si
1749 5467 2119 5531 remanseris,

490 5543 546 5590 et.
592 5555 683 5591 me
733 5558 843 5595 non
892 5543 1189 5602 collocaris
1247 5551 1302 5606 in
1347 5551 1716 5608 monasterio.
1753 5554 2012 5625 Cumque
2059 5572 2120 5612 se

559 5714 579 5745 ²
611 5715 750 5769 Gen.
782 5733 882 5783 χιι,
920 5724 969 5774 1.

2253 4750 2567 4805 invenisset
2599 4750 2864 4804 abbatem
2888 4749 3291 4817 Athanasium,
3323 4755 3658 4806 manserunt
3686 4746 3872 4810 simul,

2251 4841 2453 4895 timore
2503 4839 2604 4894 Dei
2645 4838 2876 4905 muniti,
2913 4838 3055 4894 alios
3089 4841 3389 4895 duodecim
3424 4859 3608 4896 annos
3645 4858 3656 4893 :
3691 4845 3740 4895 et
3771 4854 3880 4892 non

2247 4929 2513 5001 cognovit
2571 4929 2749 4984 abbas
2800 4929 3170 4984 Andronicus
3199 4945 3328 4985 eam
3364 4946 3492 4985 esse
3541 4947 3710 4985 suam
3761 4946 3887 4984 con-

2240 5021 2458 5091 jugem.

2314 5109 2437 5163 VII.
2462 5109 2622 5179 Saepe
2651 5124 2784 5179 ergo
2835 5108 3181 5164 ascendebat
3211 5126 3385 5163 senex
3420 5107 3492 5163 ad
3527 5126 3622 5164 eos
3647 5108 3883 5163 visitan-

2241 5198 2364 5260 dos,
2401 5215 2466 5253 ea
2497 5197 2613 5253 illis
2654 5199 2965 5264 disserens,
2997 5214 3121 5268 quae
3156 5199 3523 5268 pertinebant
3556 5198 3627 5252 ad
3662 5196 3883 5252 utilita-

2238 5291 2374 5343 tem.
2425 5286 2612 5342 Semel
2673 5291 2862 5342 autem
2897 5304 3029 5342 cum
3081 5287 3438 5342 ascendisset
3469 5303 3664 5353 senex,
3699 5292 3754 5340 et
3788 5303 3888 5341 eos

2235 5377 2735 5446 valerejussisset,
2759 5381 3070 5447 antequam
3096 5375 3199 5429 iret
3233 5377 3301 5430 ad
3336 5379 3600 5430 sanctum
3635 5378 3889 5442 Ilionam,

2236 5466 2386 5519 venit
2419 5466 2486 5518 ad
2522 5482 2654 5520 eum
2691 5465 2868 5520 abbas
2903 5465 3281 5532 Andronicus,
3316 5469 3371 5519 et
3401 5464 3540 5519 dicit
3570 5465 3660 5518 ei:
3694 5464 3892 5519 Abbas

2227 5554 2581 5609 Athanasius
2642 5555 2806 5609 vadit
2874 5556 2942 5610 ad
3011 5553 3344 5610 Dominum.
3407 5553 3694 5608 Reversus
3752 5569 3890 5611 vero
