4142 6248
260 360 412 422 1053

1108 360 1584 429 MARTYRIUM
1630 368 1740 429 SS.
1788 365 2165 430 EULAMPII
2212 365 2310 428 ET
2354 365 2806 431 EULAMPIB.

3494 368 3645 427 1054

259 536 460 589 senex,
493 522 717 580 invenit
746 540 877 579 eum
913 525 1140 597 magnis
1169 542 1567 600 compressum
1597 528 1903 599 angustiis,
1936 527 2323 594 Aviventem.
2360 530 2395 584 A
2428 545 2540 599 quo
2572 547 2703 586 cum
2750 530 3112 602 accepissent
3161 528 3647 595 benedictionem,

259 616 315 667 et
347 610 521 683 ccepit
552 612 688 668 ﬂere
720 612 904 669 abbas
934 613 1321 671 Athanasius:
1354 621 1411 672 et
1442 617 1581 671 dicit
1609 618 1660 672 ei
1692 633 1902 673 senex:

258 700 402 756 Cum
436 705 491 756 te
531 706 820 771 oporteret
857 703 1133 773 gaudere,
1166 706 1316 775 quod
1363 705 1581 776 migras
1612 707 1681 760 ad
1716 705 1907 761 Domi-

261 804 423 857 num,
454 788 797 862 lacrymaris
824 794 846 845 Ρ
879 791 1024 847 Dicit
1053 792 1105 847 ei
1138 792 1318 850 abbas
1348 794 1697 850 Athanasius
1732 812 1745 849 :
1780 799 1902 851 Non

260 878 444 949 ploro,
479 880 590 935 nisi
623 884 858 951 propter
903 881 1167 937 abbatem
1212 883 1628 939 Andronicum.
1662 885 1770 941 Sed
1815 886 1905 941 fac

261 967 411 1022 hanc
464 968 833 1039 charitatem,
870 979 1176 1043 postquam
1232 989 1323 1028 me
1378 973 1700 1045 sepelieris.
1739 974 1904 1030 Inve-

258 1056 426 1111 niens
457 1057 795 1113 schedulam
825 1060 1000 1114 sitam
1034 1060 1103 1115 ad
1138 1069 1309 1131 caput
1339 1076 1547 1127 meum,
1582 1063 1706 1134 lege
1753 1079 1901 1129 eam,

262 1148 320 1199 et
364 1146 440 1200 da
487 1145 600 1216 ipsi
650 1147 844 1202 abbati
895 1147 1246 1205 Andronico.
1282 1151 1541 1221 Cumque
1572 1151 1682 1222 ipsi
1707 1167 1904 1222 preces

259 1232 568 1304 dixissent,
628 1236 1088 1292 communicavit
1134 1243 1189 1292 et
1241 1240 1479 1295 dormiit
1525 1240 1584 1294 in
1633 1240 1902 1295 Domino.

259 1320 559 1377 Venerunt
588 1330 779 1379 autem
813 1326 883 1379 ad
915 1325 965 1380 ei
998 1326 1296 1383 faciendas
1327 1328 1667 1399 exsequias:
1700 1332 1756 1384 et
1776 1343 1906 1385 ecce

264 1410 503 1467 inventa
551 1411 659 1467 fuit
705 1429 844 1468 sexu
894 1412 1127 1483 mulier,
1164 1421 1221 1471 et
1254 1416 1524 1472 auditum
1556 1417 1667 1471 fuit
1695 1416 1755 1471 in
1786 1420 1908 1472 tota

258 1500 444 1557 laura.
478 1502 550 1556 Et
606 1502 847 1559 mittens
897 1520 1093 1575 senex,
1124 1505 1333 1562 excivit
1383 1507 1712 1562 universam
1767 1507 1905 1564 Sce-

261 1593 379 1644 tem
407 1598 461 1644 et
500 1590 834 1648 interiorem
858 1591 1234 1650 solitudinem
1259 1611 1272 1649 :
1306 1598 1364 1651 et
1392 1599 1675 1651 venerunt
1704 1611 1905 1651 omnes

261 1678 441 1733 taurae
468 1679 851 1748 Alexandriae,
881 1686 937 1737 et
978 1683 1244 1739 convenit
1285 1684 1550 1741 universa
1597 1685 1822 1753 civitas,
1853 1693 1907 1739 et

262 1767 536 1823 monachi
567 1769 769 1835 Scetae,
804 1771 1057 1828 ferentes
1086 1771 1421 1844 legumina;
1457 1773 1536 1829 ita
1576 1774 1731 1829 enim
1778 1790 1907 1830 mos

260 1864 345 1911 est
379 1856 438 1911 in
472 1856 659 1913 Scete.
691 1857 837 1914 Cum
871 1860 1053 1915 ramis
1084 1877 1220 1933 ergo
1250 1866 1307 1918 et
1337 1860 1549 1933 palmis
1575 1860 1907 1917 extulerunt

258 1945 621 2001 venerandae
652 1945 932 2017 reliquias
963 1947 1315 2018 Athanasius,
1348 1949 1529 2006 Deum
1565 1950 1902 2021 gloriﬁcau-

259 2036 369 2101 tes,
435 2034 532 2105 qui
611 2038 830 2091 tantam
888 2036 1259 2093 tolerantiam
1325 2039 1574 2111 praebuit
1648 2039 1899 2096 mulieri.

256 2121 617 2194 Exspectavit
668 2128 865 2181 autem
911 2141 1087 2182 senex
1132 2127 1443 2197 septimum
1511 2128 1663 2184 diem
1722 2129 1900 2184 beatas

251 2210 603 2268 Athanasim.
636 2214 842 2269 Postea
892 2230 1025 2271 vero
1084 2214 1265 2272 voluit
1313 2232 1490 2273 senex
1519 2217 1780 2289 accipere
1811 2233 1904 2273 se-

252 2313 389 2355 cum
438 2300 709 2356 abbatem
748 2303 1173 2373 Andronicum,
1206 2306 1307 2360 sed
1353 2321 1467 2362 non
1509 2305 1566 2360 id
1601 2306 1902 2375 sustinuit,

257 2387 745 2445 dicenszMoriar
782 2407 915 2447 cum
965 2408 1094 2448 mea
1143 2393 1400 2448 domina.
1453 2394 1718 2466 Cumque
1765 2411 1901 2450 eum

251 2491 454 2537 rursus
478 2477 754 2548 jussisset
783 2480 973 2536 valere
1012 2496 1210 2549 senex,
1252 2482 1589 2553 priusquam
1622 2483 1745 2553 ipse
1792 2482 1903 2538 iret

251 2565 323 2619 ad
356 2570 627 2622 sanctum
670 2566 929 2639 Menam,
958 2570 1116 2625 venit
1143 2571 1214 2624 ad
1247 2586 1379 2626 eum
1421 2570 1623 2638 frater,
1656 2571 1858 2627 dicens
1885 2586 1899 2624 :

252 2653 503 2709 Laborat
532 2655 714 2711 abbas
741 2656 1130 2727 Andronicus,
1161 2663 1220 2715 et
1264 2663 1353 2715 est
1382 2660 1652 2715 redactus
1681 2660 1751 2714 ad
1794 2676 1900 2714 an-

261 2744 509 2814 gustias.
551 2748 738 2800 Senex
786 2761 919 2801 vero
969 2762 1173 2801 rursus
1219 2747 1375 2802 misit
1411 2748 1472 2802 in
1528 2748 1780 2817 Scetem,
1812 2749 1902 2803 di-

258 2847 397 2887 cens
431 2849 445 2888 :
479 2833 682 2887 Adeste
730 2832 847 2888 huc
892 2834 1212 2901 venientes,
1241 2834 1423 2890 abbas
1471 2836 1627 2889 enim
1676 2837 1903 2889 Andro-

258 2918 428 2975 nicus
483 2920 754 2990 sequitur
812 2920 1077 2976 abbatem
1128 2920 1539 2977 Athanasium.
1576 2921 1662 2976 Illi
1712 2926 1905 2977 autem

258 3022 394 3064 cum
445 3007 829 3078 audivissent,
863 3018 1229 3066 accesserunt
1279 3013 1337 3065 et
1385 3010 1735 3066 invenerunt
1770 3025 1906 3067 eum

2017 618 2257 672 dormiit
2286 619 2345 673 in
2381 620 2643 675 Domino.

2084 705 2231 760 VIII.
2264 706 2541 761 Exortum
2571 712 2661 763 est
2693 723 2827 779 ergo
2861 706 3072 763 bellum
3118 708 3267 763 inter
3315 707 3511 763 Patres
3542 708 3653 763 De-

2015 792 2149 848 cimi
2223 794 2424 863 octavi,
2483 800 2539 851 et
2613 796 2928 852 Monachos
2985 796 3287 864 Scetiotas,
3348 797 3652 851 dicentes:

2012 880 2218 939 Noster
2248 889 2336 939 est
2376 884 2568 953 frater,
2611 890 2669 940 et
2716 901 2849 941 eum
2894 886 3235 940 habebimus
3266 886 3327 941 in
3373 886 3560 953 Scete,
3593 888 3655 939 ut

2016 972 2181 1027 nobis
2214 990 2382 1044 opem
2415 974 2604 1029 ferant
2631 977 2755 1043 ejus
2787 991 3001 1045 preces.
3033 976 3229 1029 Patres
3259 979 3454 1029 autem
3486 973 3650 1027 Octa-

2012 1060 2068 1115 vi
2106 1061 2340 1129 decimi,
2372 1063 2636 1118 dicebant
2672 1081 2685 1120 :
2734 1065 3024 1119 Ponemus
3057 1078 3189 1118 eum
3238 1078 3372 1117 cum
3414 1078 3521 1117 sua
3558 1078 3653 1116 so—

2014 1165 2161 1204 rore.
2199 1150 2580 1207 Vehementer
2612 1152 2788 1222 igitur
2818 1152 3115 1208 instabant
3144 1150 3400 1207 Scetiotm
3428 1155 3483 1206 et
3511 1150 3654 1205 dicit

2016 1238 2473 1295 archimandrita
2502 1241 2705 1295 Octavi
2737 1239 2944 1295 decimi
2984 1257 2996 1294 :
3036 1242 3094 1296 Si
3125 1240 3265 1310 quid
3287 1256 3462 1294 senex
3493 1239 3649 1293 dixe-

2018 1326 2113 1392 rit,
2178 1326 2480 1382 faciamus.
2541 1330 2733 1382 Abbas
2796 1344 2927 1383 vero
2986 1327 3181 1382 Daniel
3244 1328 3474 1382 dicebat
3516 1342 3651 1381 eum

2017 1423 2278 1485 oportere
2334 1416 2452 1471 illic
2507 1417 2761 1487 sepeliri.
2796 1416 2881 1472 Illi
2927 1422 3121 1472 autem
3172 1432 3288 1471 non
3339 1415 3655 1470 audiebant

2015 1520 2171 1571 eum,
2204 1506 2459 1561 dicentes
2493 1523 2504 1561 :
2536 1508 2634 1561 Est
2672 1523 2867 1574 senex,
2900 1510 2955 1562 et
3005 1524 3116 1561 non
3172 1506 3336 1561 timet
3396 1505 3651 1575 amplius

2016 1592 2239 1648 bellum
2292 1595 2570 1666 corporis.
2614 1595 2731 1650 Nos
2786 1599 2980 1650 autem
3027 1611 3237 1650 sumus
3276 1593 3564 1663 juniores,
3598 1598 3653 1648 et

2015 1682 2287 1738 volumus
2323 1684 2579 1751 fratrem,
2603 1689 2666 1739 ut
2695 1684 2862 1739 nobis
2884 1700 3051 1754 opem
3077 1685 3263 1739 ferant
3283 1683 3407 1752 ejus
3429 1696 3649 1752 preces.

2013 1771 2237 1825 Sufﬁcit
2279 1772 2435 1825 enim
2476 1772 2660 1836 vobis,
2692 1772 2848 1843 quod
2898 1771 3248 1841 reliquimus
3278 1769 3439 1825 vobis
3472 1770 3649 1824 abba-

1936 1863 2131 1960 Btem
2184 1859 2591 1916 Athanasium.
2627 1862 2768 1915 Cum
2816 1876 2946 1916 vero
2996 1859 3231 1914 vidisset
3288 1873 3467 1956 senex
3520 1872 3649 1960 esse

2015 1965 2287 2020 magnam
2342 1950 2857 2020 perturbationem,
2885 1948 3026 2003 dicit
3071 1947 3346 2002 fratribus
3380 1946 3503 2003 suis
3539 1962 3551 1999 :
3584 1946 3645 2001 Si

2012 2054 2104 2093 me
2155 2054 2269 2093 non
2311 2038 2574 2101 audiatis,
2618 2053 2721 2109 ego
2753 2052 2985 2108 quoque
3015 2036 3121 2098 hic
3170 2035 3436 2101 manebo,
3469 2038 3525 2090 et
3554 2050 3642 2089 se-

2010 2124 2193 2197 peliar
2233 2141 2362 2181 cum
2406 2142 2533 2181 meo
2565 2126 2707 2191 ﬁlio,
2740 2131 2798 2181 et
2828 2129 2968 2180 tunc
2999 2124 3361 2194 quieverunt,
3395 2130 3449 2179 et
3478 2130 3643 2177 extu-

2009 2212 2199 2269 lerunt
2251 2214 2489 2270 fratrem
2546 2214 2969 2270 Andronicum.
3020 2212 3226 2268 Dicunt
3274 2226 3409 2283 ergo
3468 2210 3641 2265 seni:

2009 2302 2221 2357 Eamus
2263 2303 2322 2357 in
2378 2304 2625 2359 Scetem.
2662 2302 2812 2357 Dicit
2841 2303 2926 2357 eis
2978 2316 3153 2357 senex
3187 2317 3199 2355 :
3233 2299 3418 2354 Sinite
3456 2303 3519 2353 ut
3558 2298 3641 2353 ia-

2011 2390 2159 2445 ciam
2192 2392 2510 2463 septimum
2556 2392 2709 2446 diem
2741 2390 2963 2455 fratris,
2996 2393 3051 2445 et
3073 2406 3186 2443 non
3219 2388 3481 2443 siverunt
3509 2401 3643 2440 eum

2012 2495 2261 2534 manere.
2309 2485 2391 2535 Ita
2426 2480 2671 2535 conﬁdit
2718 2479 2897 2534 abbas
2955 2477 3152 2533 Daniel
3199 2493 3306 2532 suo
3336 2473 3643 2544 discipulo.

2010 2566 2384 2635 Oremusuos
2414 2582 2643 2637 quoque
2675 2571 2741 2620 ut
2768 2565 3071 2620 veniamus
3094 2566 3163 2619 ad
3197 2577 3523 2619 mensuram
3547 2561 3648 2615 ab-

2008 2655 2164 2711 batis
2244 2656 2573 2722 Andronici,
2633 2654 2902 2725 precibus
2970 2653 3233 2709 omnium
3309 2655 3647 2707 sanctorum

2008 2745 2223 2799 Christi
2259 2761 2273 2800 :
2308 2745 2399 2800 cui
2431 2744 2617 2816 gloria
2646 2748 2703 2799 et
2731 2744 2990 2815 potentia
3021 2741 3198 2798 simul
3230 2757 3362 2797 cum
3397 2741 3563 2795 Patre
3591 2742 3650 2793 et

2013 2838 2214 2886 saneto
2259 2833 2494 2901 Spiritu,
2530 2848 2686 2887 nunc
2714 2840 2767 2887 et
2811 2848 3042 2902 semper
3090 2836 3146 2885 et
3175 2830 3233 2884 in
3284 2826 3496 2885 saecula
3542 2842 3651 2882 sae-

2014 2919 2301 2974 culorum.
2336 2922 2541 2977 Amen.

256 3182 2859 3211 ===

1434 3336 2474 3467 ΜΑΡΤΥΡΙΟΝ

1552 3565 1692 3619 ΤΩΝ
1738 3564 1953 3619 ΑΓῘΩΝ
1990 3566 2211 3617 ΜΑΡΤ]
2231 3564 2366 3616 ΡΩΝ

266 3725 1680 3899 ΕΥΛΑΜΠΙΟΥ
1858 3798 2071 3894 ΚΑΙ
2228 3718 3653 3897 ΕΥΛΑΜΠΙΑΣ.

1353 4012 2571 4312 MART—YRIUM

1694 4418 1795 4474 SS.
1836 4416 2251 4474 MARTYRUM

814 4584 1679 4725 EULAMPII
1794 4584 2026 4719 ET
2140 4576 3131 4716 EULAMPIZE.

800 4842 1007 4906 (Latine
1039 4841 1180 4906 apud
1213 4841 1427 4893 Surium
1465 4841 1532 4891 ad
1567 4842 1705 4892 diem
1752 4838 1810 4889 10
1841 4839 2101 4897 Octobris,
2137 4839 2314 4887 Graece
2348 4849 2408 4886 ex
2442 4833 2559 4884 cod.
2592 4846 2686 4882 ms.
2733 4832 2891 4895 Paris,
2920 4845 2973 4881 η.
3010 4830 3153 4893 1480)

353 5151 435 5205 Α’.
493 5151 651 5220 ’Ἄρτι
708 5151 807 5215 τῆς
857 5145 1188 5220 θεογνωσῐας
1220 5145 1294 5206 εἷς
1331 5142 1502 5199 πάντα
1554 5142 1758 5215 κόσμον
1812 5137 1934 5194 δια-

2012 5146 2015 5210 ι
2115 5140 2159 5194 Ι.
2190 5138 2316 5195 Jam
2348 5137 2447 5194 Dei
2480 5135 2806 5208 cognitione
2844 5135 3029 5187 totum
3075 5127 3274 5185 orbem
3307 5123 3673 5226 pervadente,

281 5213 611 5311 τρεχούσηξ,
639 5234 730 5290 καὶ
765 5213 890 5289 γτοῦ
936 5213 1191 5308 έωτῆρος
1243 5236 1403 5306 ἡμῶν
1466 5213 1670 5303 Ἰησοῦ-
1698 5231 1934 5303 Χριστοῦ

2046 5233 2102 5285 et
2148 5228 2446 5284 Salvatore
2500 5225 2729 5294 quidem
2789 5219 3017 5276 Christo
3066 5221 3224 5311 Jesu,
3258 5214 3360 5286 qui
3398 5213 3552 5269 solus
3590 5216 3677 5267 est

277 5304 603 5397 caui-urive)
648 5328 781 5379 Θεοῦ
836 5326 997 5396 ἡμῶν
1043 5304 1170 5384 τοὺς
1225 5304 1415 5377 saturei}
1472 5322 1746 5397 μάρτυρας
1766 5316 1931 5406 νέπιῤ-

2044 5319 2194 5374 Deus
2226 5322 2443 5382 noster,
2477 5328 2611 5368 suos
2656 5316 2933 5379 martyres
2972 5304 3357 5363 conﬁrmante
3382 5318 3447 5357 ac
3481 5316 3677 5357 corro-

285 5390 549 5487 pmvvﬁvrcc
579 5413 669 5467 καὶ
701 5390 1111 5488 ἆπαλέίφοντος,
1137 5415 1235 5465 τοῦ
1276 5408 1334 5465 δὲ
1388 5390 1661 5483 ποῦηροῐῗ
1691 5405 1781 5461 καὶ
1844 5390 1933 5477 μι-

2042 5408 2288 5462 borante
2320 5420 2332 5458 :
2365 5402 2622 5472 maligno
2654 5402 2849 5453 autem
2880 5400 2937 5452 et
2965 5394 3133 5451 bonis
3163 5393 3375 5448 infesto
3414 5390 3677 5445 daamone

288 5478 530 5557 οοκάλου
590 5499 850 5573 δαίμονος
906 5478 1034 5565 :ro‘uq
1100 5500 1330 5561 οἰκείους
1401 5499 1728 5573 θεράποντας
1798 5496 1934 5568 πρὸς

2047 5510 2185 5550 suos
2217 5493 2286 5547 ad
2321 5490 2680 5561 impietatem
2712 5484 2992 5541 incitante
3014 5481 3266 5538 famulos
3292 5498 3304 5535 :
3333 5478 3680 5580 adolescens

286 5593 388 5659 τὴν
455 5565 697 5645 ἀσέϐειαᾴ
762 5590 1115 5665 ἐρεθίζοντος,
1181 5588 1391 5650 νεανίας
1462 5565 1554 5649 ’τις
1643 5586 1707 5639 τὸ
1782 5565 1934 5659 γὲἦος

2049 5583 2306 5653 quidam,
2325 5576 2665 5648 Eulampius
2685 5576 2896 5639 dictus,
2911 5588 3116 5643 genere
3136 5568 3402 5638 insignis,
3430 5565 3683 5665 eleganti

290 5656 619 5757 ηέριφαινής,
649 5680 747 5747 τὴν
781 5656 1318 5753 ἕψω-περικαλλὴς,
1349 5672 1674 5752 εὐπατρίδης
1697 5678 1763 5751 fre
1794 5656 1934 5748 ίγνιὼ

2052 5669 2267 5742 specie,
2300 5672 2355 5724 et
2388 5666 2483 5739 qui
2516 5666 2667 5722 bona
2700 5681 2765 5721 ac
2805 5663 2959 5719 clara
2989 5660 3333 5717 noscebatur
3353 5669 3478 5710 esse
3510 5656 3681 5705 natus
