4142 6248
532 384 682 445 1055

1866 377 2145 439 MENSIS
2186 374 2565 436 OCTOBER.

3776 370 3945 432 1056

531 542 739 614 patria,
768 556 977 612 nempe
1004 538 1357 607 Nicomedia,
1378 542 1437 593 et
1466 540 1591 594 erat
1620 540 1864 593 ornatus
1884 536 2161 608 operibus

2277 532 2581 605 ριζόμενος,
2638 534 2737 598 τῆς
2781 530 2895 614 γὰρ
2955 525 3310 601 Νικομήδους
3370 528 3605 602 ὁρμᾶται
3665 530 3756 584 καὶ
3822 534 3941 590 τοῖς

532 631 787 701 pietatis,
819 644 949 685 cum
982 628 1159 683 nollet
1178 627 1441 683 habitare
1469 626 1528 681 in
1553 625 1938 682 tabernaculis
1969 640 2172 698 pecca-

530 722 746 785 torum,
769 722 827 772 et
855 717 1117 771 divinum
1143 716 1357 772 Christi
1380 731 1592 771 nomen
1619 716 1811 771 videre
1842 720 1959 770 tam
1985 715 2175 785 impu-

530 808 729 863 denter
760 805 986 860 irrideri
1035 822 1098 861 ac
1130 805 1481 861 subsannari
1542 821 1659 860 non
1709 804 2013 859 ferendum
2045 818 2176 858 esse

528 901 809 963 censeret,
843 893 1041 949 relicta
1073 894 1235 949 urbis
1268 894 1640 960 habitatione,
1672 893 2039 963 amplectitur
2085 907 2174 946 so-

528 983 858 1039 litudinem.
890 982 955 1036 Et
986 998 1118 1037 cum
1150 982 1282 1036 vita
1315 982 1680 1047 abstinentia,
1716 987 1773 1037 et
1801 996 2033 1037 secessu
2078 979 2169 1033 in-

528 1077 757 1128 ternum
809 1070 1106 1126 hominem
1155 1078 1551 1141 expurgasset,
1583 1069 1705 1126 zelo
1736 1070 1888 1125 sicut
1929 1082 2173 1139 magnus

531 1161 687 1216 Elias
718 1160 987 1215 refertam
1003 1159 1240 1214 omnino
1257 1158 1784 1225 haberetanimam,
1800 1157 2000 1212 relicta
2023 1156 2176 1227 pari-

528 1254 618 1306 ter
640 1248 970 1311 solitudine,
995 1247 1301 1303 descendit
1322 1248 1393 1302 ad
1426 1247 1810 1303 habitandum
1836 1246 1895 1300 in
1925 1245 2170 1300 civitate.

602 1514 671 1572 II.
704 1516 847 1571 Cum
870 1522 1061 1571 autem
1096 1514 1165 1568 ad
1198 1512 1600 1584 imperatorias
1624 1510 2171 1568 constitutionesin-

531 1605 815 1660 tendisset
835 1605 1054 1672 oculos,
1079 1620 1205 1675 quae
1232 1620 1413 1673 supra
1435 1607 1630 1674 portas
1654 1603 1986 1673 proscriptus
2008 1605 2175 1657 erant

531 1693 804 1749 omnibus
822 1692 987 1749 valde
1005 1692 1201 1747 ridens
1233 1692 1407 1747 talem
1425 1694 1719 1760 conatum,
1745 1690 1848 1745 fuit
1878 1691 1950 1746 ab
1974 1689 2174 1761 impiis

529 1782 923 1854 deprehensus
953 1781 1244 1851 protinus,
1268 1786 1326 1836 et
1355 1780 1550 1837 statim
1581 1780 1812 1837 vinctus
1838 1779 1949 1835 fuit
1978 1780 2170 1850 conje-

2276 622 2374 688 τῆς
2431 614 2703 680 εὐσεϐείας
2760 613 2944 693 ἔργοις
3015 616 3404 691 κοσμούμενος
3460 617 3511 672 ἐν
3570 620 3940 691 σκηνώμασιν

2280 705 2624 781 ἁμαρτωλῶν
2681 712 2954 762 κατοικεῖν
3013 706 3123 780 οὐχ
3179 706 3526 779 αἱρούμενον,
3585 708 3675 761 καὶ
3738 704 3941 776 ἀνέδην

2279 796 2421 851 οὕτω
2450 799 2512 851 τὸ
2560 800 2656 851 τοῦ
2704 799 2937 871 Χριστοῦ
2986 796 3131 850 θεῖον
3176 790 3355 867 ὄνομα
3386 797 3515 870 ὁρᾷν
3566 794 3941 870 διαχλευαζό-

2285 908 2466 960 μενον,
2498 886 2713 941 ἀνεκτὸν
2747 887 2855 960 οὐχ
2900 885 3233 959 ἡγούμενος.
3273 884 3485 958 ἀπάρας
3531 890 3640 940 τῶν
3686 886 3825 940 κατά
3874 889 3938 941 τὸ

2279 975 2408 1032 ἄστυ
2468 972 2785 1052 διατριϐῶν.
2852 976 2952 1043 τὴν
3019 974 3250 1049 ἐρημίαν
3320 975 3635 1046 ἀσπάζεται,
3704 977 3795 1031 καὶ
3854 982 3937 1047 τῷ

2278 1064 2527 1140 ἐγκρατεῖ
2556 1065 2645 1120 καὶ
2706 1066 3113 1140 ἀναχωρητικῷ
3176 1066 3283 1139 βίῳ
3335 1066 3426 1119 τὸν
3480 1064 3630 1127 ἐντὸς
3687 1067 3935 1129 ἀποκαθ-

2279 1156 2553 1227 ηράμενος
2622 1152 2932 1227 ἄνθρωπον,
3007 1155 3099 1209 καὶ
3175 1152 3307 1215 ὅλος
3382 1152 3557 1223 ζήλου
3632 1157 3773 1208 κατὰ
3840 1155 3930 1208 τὸν

2284 1244 2450 1318 μέγαν
2500 1241 2686 1299 Ἠλίαν
2747 1242 3016 1313 πλησθεὶς
3079 1244 3179 1312 τήν
3244 1243 3453 1320 ψυχὴν,
3521 1244 3620 1311 τὴν
3690 1242 3930 1317 ἐρημίαν

2278 1330 2566 1387 ἀπολιπὼν
2599 1331 2775 1400 αὖθις,
2825 1334 2962 1408 πρὸς
3011 1334 3104 1394 τὰς
3159 1330 3214 1386 ἐν
3257 1333 3419 1387 πόλει
3474 1330 3749 1407 διαγωγὰς
3797 1334 3933 1387 κάτ-

2278 1441 2432 1479 εισιν.

2350 1512 2426 1567 Β’.
2458 1514 2548 1575 Ὠς
2588 1508 2645 1565 δὶ
2691 1512 2829 1587 πρὸς
2876 1510 2973 1573 τὰς
3031 1508 3321 1585 βασιλικὰς
3374 1510 3587 1580 ἡτένισε
3636 1506 3929 1579 διατάξεις.

2277 1598 2336 1656 αῖ
2365 1603 2473 1655 τῶν
2501 1600 2690 1655 πυλῶν
2744 1599 2968 1675 ’ύπερθεν
3015 1600 3347 1674 ἀνάγραπτοι
3397 1603 3558 1654 πᾶσιν
3606 1597 3934 1674 ἐτύγχανον,

2282 1688 2419 1763 μέγα
2493 1688 2864 1765 καταγελάσας
2929 1693 3026 1744 τοῦ
3094 1687 3528 1766 ἐγχειρήματος,
3611 1690 3931 1764 κατάφορος

2277 1777 2429 1841 εὐθὺς
2497 1783 2615 1840 τοῖς
2678 1772 2923 1832 ἀσεϐέσιν
2989 1776 3221 1852 ἐγένετο,
3290 1776 3378 1832 καὶ
3443 1775 3658 1856 φυλακή
3729 1782 3930 1832 τοῦτον

530 1874 660 1926 ctus
680 1871 738 1926 in
760 1870 1106 1937 custodiam,
1133 1873 1415 1941 tauquam
1440 1869 1638 1941 aliqua
1666 1870 1859 1940 praeda
1880 1867 2165 1925 sistendus

2278 1869 2418 1944 εἶχεν
2478 1866 2670 1922 αὐτίκα
2723 1866 2969 1941 δέσμιον,
3011 1862 3124 1922 οἷόν
3173 1888 3227 1921 τι
3284 1868 3507 1941 θήραμα
3562 1868 3925 1940 παραστησό-

530 1975 724 2015 coram
750 1960 968 2029 judice.
1017 1958 1331 2030 Postquam
1364 1964 1580 2025 autem,
1614 1959 1770 2031 quod
1804 1958 2017 2013 factum
2050 1958 2173 2013 fue-

536 2052 646 2115 rat,
704 2049 958 2105 delatum
1021 2047 1128 2104 fuit
1160 2049 1231 2103 ad
1280 2064 1451 2104 aures
1492 2047 1966 2120 magistratuum,
1994 2047 2173 2118 jussit

530 2137 711 2207 judex
742 2153 875 2192 eum
909 2136 1043 2192 duci
1072 2137 1143 2192 ad
1183 2136 1461 2191 tribunal.
1494 2136 1565 2191 Et
1596 2137 1859 2207 protinus
1889 2135 2173 2206 aspiciens

533 2226 604 2280 ad
647 2241 779 2281 eum
824 2225 921 2296 qui
966 2226 1178 2280 ductus
1230 2226 1440 2291 fuerat,
1473 2240 1603 2280 cum
1635 2229 1869 2296 propter
1910 2228 2171 2280 teneram

536 2318 765 2369 aetatem
799 2318 1091 2386 sperasset
1120 2315 1241 2371 fore
1270 2320 1336 2370 ut
1366 2315 1552 2370 virum
1586 2322 1941 2387 expugnaret
1975 2314 2172 2370 fortis-

532 2404 781 2458 simum:
806 2404 1081 2468 Quaenam
1104 2408 1212 2469 est,
1234 2403 1449 2476 inquit,
1475 2408 1635 2459 tanta
1656 2408 1778 2472 tua,
1794 2404 2170 2476 quaadicitur,

531 2493 806 2560 amentia,
840 2510 966 2565 quas
998 2494 1169 2549 etiam
1219 2509 1399 2565 prope
1429 2493 1618 2549 effecit
1649 2497 1712 2549 ut
1750 2494 2061 2549 deduceret
2101 2492 2169 2547 ad

528 2584 923 2653 asperitatem,
954 2583 1064 2639 nisi
1116 2584 1245 2655 ipsa
1293 2600 1419 2653 qua:
1456 2584 1566 2637 fuit
1604 2588 1915 2654 conspecta
1945 2586 2168 2653 species

526 2672 916 2740 persuasisset
946 2686 1067 2726 rem
1101 2687 1215 2726 non
1246 2670 1327 2725 ita
1360 2685 1421 2725 se
1454 2670 1664 2726 habere
1697 2688 1710 2727 :
1744 2674 1833 2727 est
1862 2671 2015 2725 enim
2041 2686 2169 2724 om-

528 2759 668 2816 nino
700 2760 976 2826 alienum,
1009 2768 1060 2815 et
1101 2776 1217 2815 non
1251 2763 1731 2829 consentaneum,
1762 2760 1912 2815 hanc
1944 2760 2167 2815 libera-

529 2842 643 2897 lem
678 2846 946 2911 formam,
978 2853 1035 2901 et
1085 2850 1345 2918 apertum
1389 2844 1780 2901 characterem
1824 2844 2168 2913 nobilitatis,

529 2931 685 2987 facta
716 2936 951 3004 aggredi
986 2940 1103 2991 tam
1137 2939 1396 2995 audacia.
1432 2940 1569 2993 Ecce
1591 2951 1729 3007 ergo
1758 2934 1865 2990 tibi
1900 2933 2169 3005 proponi-

527 3024 623 3073 tur
656 3020 968 3078 multitudo
1007 3025 1272 3094 deorum,
1302 3044 1425 3099 quas
1456 3025 1700 3082 diversis
1731 3021 2169 3093 operationibus

530 3108 585 3160 et
620 3107 1080 3167 invocationibus
1115 3112 1225 3168 sibi
1263 3115 1480 3171 affatim
1512 3116 1815 3183 comparat
1839 3110 2165 3165 veneratio-

526 3210 657 3249 nem
683 3209 696 3261 ;
720 3196 906 3266 ipsum
934 3216 1162 3271 quoque
1184 3202 1463 3275 templum
1486 3206 1572 3258 est
1588 3201 1691 3256 tibi
1714 3203 2011 3272 apertum:
2037 3214 2168 3254 san-

2285 1978 2443 2030 μενον
2471 1963 2550 2029 τῷ
2583 1955 2878 2027 δικάζοντι.
2912 1957 3067 2015 Ἐπεὶ
3109 1954 3167 2012 δὲ
3206 1958 3345 2032 πρὸς
3387 1958 3483 2019 τὰς
3513 1962 3620 2011 τῶν
3676 1956 3731 2012 ἐν
3783 1956 3927 2012 τέλει

2282 2046 2446 2109 ἄκοάς
2509 2046 2787 2121 ἀνηνέχθη
2854 2048 2919 2101 τὸ
2992 2047 3233 2123 γεγονὸς,
3318 2046 3606 2123 ἀγώγιμον
3672 2046 3838 2102 αὐτὸν
3901 2049 3929 2102 ὁ

2281 2132 2540 2204 δικαστὴς
2594 2138 2729 2211 πρὸς
2774 2138 2836 2191 τὸ
2872 2136 3026 2211 βῆμα
3076 2136 3319 2211 γενέσθαι
3378 2132 3780 2190 διεκελεύσατο·
3840 2136 3927 2191 καὶ

2281 2226 2341 2285 ’ὸς
2407 2224 2482 2287 εἷς
2549 2226 2707 2281 αὐτὸν
2762 2226 2995 2301 ἀχθέντα
3061 2225 3215 2290 εὐθὺς
3254 2222 3484 2295 ἀπιδὼν,
3550 2225 3643 2279 καὶ
3713 2224 3804 2280 διὰ
3870 2228 3927 2281 τὸ

2279 2316 2463 2383 νεάζον
2496 2320 2593 2384 τῆς
2624 2314 2845 2384 ἡλικίας
2885 2314 3141 2385 συλήσειν
3190 2312 3431 2384 ἐλπίζων
3477 2314 3570 2369 τὸν
3616 2315 3924 2389 γενναιότα-

2278 2424 2395 2472 τον,
2437 2403 2543 2471 Γίς,
2575 2406 2620 2457 ὦ
2652 2405 2833 2472 οὗτος,
2864 2406 2900 2473 ἡ
2931 2404 3167 2474 τοσαύτη
3219 2403 3341 2478 περὶ
3392 2407 3509 2473 σοῦ,
3554 2398 3680 2482 ἔφη,
3734 2402 3924 2459 διαλα-

2281 2492 2522 2566 λουμένη
2575 2491 2833 2564 ἀναίδεια,
2874 2491 2911 2563 ἤ
2965 2515 3047 2556 τις
3102 2491 3299 2569 μικροῦ
3352 2514 3418 2567 με
3464 2492 3556 2548 καὶ
3605 2493 3743 2569 πρὸς
3798 2514 3923 2566 τρα-

2278 2581 2494 2655 χύτητα
2545 2581 2882 2658 ἐξενεχθῆναι
2928 2585 3254 2655 πεποίηκεν,
3288 2584 3333 2638 εἱ
3369 2584 3443 2656 μὴ
3491 2583 3624 2637 αὐτὸ
3674 2584 3739 2637 τὸ
3788 2581 3921 2644 εἶδος

2279 2671 2484 2740 θεαθέν,
2550 2673 2625 2743 μή
2687 2672 2859 2734 οὕτως
2917 2666 3064 2750 ἔχειν
3123 2671 3416 2727 ἀνέπεισεν·
3478 2669 3771 2747 ἀλλότριον
3824 2671 3917 2747 γάρ

2277 2756 2451 2827 πάντη
2502 2759 2592 2812 καὶ
2651 2757 3039 2830 ἀνακόλουθον,
3112 2756 3248 2814 αἰδῶ
3279 2759 3539 2829 τοιαύτην
3596 2761 3685 2813 καὶ
3743 2778 3914 2833 χαρα-

2278 2852 2454 2919 κτῆρα
2520 2846 2847 2924 σαφέστατον
2931 2850 3226 2923 εὐγενείας,
3320 2844 3503 2924 ἔργοις
3580 2846 3908 2923 θρασυτέροις

2278 2931 2601 3012 ἐπιχειρεῖν.
2639 2935 2777 2994 Ἰδοὺ
2809 2938 2896 2993 σοὶ
2939 2938 3121 2993 τοίνυν
3170 2936 3387 3008 πληθὺς
3434 2938 3709 3012 πρόκειται
3754 2941 3901 3003 θεῶν,

2279 3022 2562 3100 διαφόροις
2628 3024 2921 3103 ἐνεργείαις
2998 3027 3087 3082 καὶ
3161 3025 3390 3097 κλήσεσι
3474 3025 3911 3081 καταπλουτοῦσα

2278 3113 2340 3166 τὸ
2368 3114 2574 3185 τίμιον,
2607 3112 2808 3190 ἀνέῳγὲ
2841 3136 2926 3170 σοι
2958 3116 3047 3170 καὶ
3095 3115 3221 3178 ναὸς
3270 3114 3451 3178 αὐτός.
3504 3115 3699 3189 Βωμοῖ
3748 3112 3803 3169 δὲ
3843 3118 3914 3186 τῷ

2281 3200 2467 3275 λύθρῳ
2536 3207 2642 3258 τῶν
2742 3204 2988 3277 αἱμάτων
3057 3203 3475 3281 περιρῥεόμενοι
3539 3206 3917 3276 τεθεώρηνται,

526 3284 700 3352 guine
720 3290 912 3341 autem
932 3303 1237 3360 conspersa
1256 3264 1575 3347 cernuntur
1597 3290 1840 3355 altaria;
1868 3286 2165 3357 publicum

2280 3288 2567 3363 πάνδημος
2635 3293 2795 3365 ἑορτή
2865 3296 3311 3369 συγκεκρότηται,
3379 3295 3469 3351 καὶ
3530 3299 3639 3350 τῶν
3702 3293 3923 3370 ἀγγείων

529 3373 742 3428 festum
766 3374 1092 3431 celebratur
1115 3384 1171 3433 et
1192 3386 1390 3450 parata
1415 3386 1554 3436 sunt
1586 3392 1943 3449 quaecunque
1962 3390 2171 3430 conve-

2280 3377 2379 3431 ὅσα
2430 3381 2566 3453 πρὸς
2633 3380 2817 3444 θυσίην
2871 3382 3198 3453 κατάλληλα
3262 3385 3787 3460 προσηυτρέπισται.
3852 3380 3927 3438 Ti

531 3459 700 3550 niunt
757 3463 1061 3521 sacriﬁcio.
1095 3466 1164 3521 Et
1196 3468 1299 3523 tibi
1358 3485 1494 3541 ergo
1526 3468 1741 3540 optime
1789 3461 2081 3530 consules,
2116 3466 2165 3519 et

2277 3464 2551 3522 κάλλιστα
2581 3469 2709 3545 γοῦν
2762 3473 2967 3541 σεαυτῷ
3014 3470 3103 3525 καὶ
3164 3473 3298 3544 ἡμῖν
3364 3472 3643 3550 χαρίσαιο,
3702 3472 3749 3527 εἰ
3804 3472 3928 3532 τοὺς

528 3548 695 3603 nobis
726 3566 845 3605 rem
870 3558 1094 3623 gratam
1119 3556 1314 3626 facies,
1339 3557 1387 3613 si
1421 3559 1559 3615 deos
1589 3554 1858 3619 colueris,
1890 3556 1947 3609 ct
1975 3551 2059 3609 eis
2080 3569 2165 3609 sa-

2280 3556 2433 3618 θεοὺς
2480 3559 2770 3629 τιμήσειας
2818 3557 2909 3612 καὶ
2961 3558 3146 3621 αὐτοῖς
3199 3548 3498 3624 ἐπιθύσαις.
3558 3561 3663 3617 Καὶ
3724 3561 3789 3615 τά
3839 3560 3930 3634 μὲν

528 3636 893 3694 oriﬁcaveris.
940 3642 1068 3697 Haec
1100 3650 1401 3715 tyrannus.

595 3722 687 3779 ΠΙ.
726 3726 938 3797 Martyr
969 3734 1163 3785 autem
1196 3732 1413 3802 Spiritu
1460 3740 1661 3790 sancto
1697 3740 1857 3793 totus
1889 3739 2169 3811 repletus,

525 3828 657 3866 cum
690 3830 753 3869 se
782 3814 948 3884 signo
970 3817 1182 3885 crucis,
1208 3820 1384 3874 veluti
1417 3823 1767 3892 quibusdam
1800 3828 2004 3896 armis,
2038 3846 2169 3883 mu-

524 3899 731 3956 niisset
762 3917 775 3955 :
808 3905 968 3960 Vana
998 3910 1156 3973 sunt,
1200 3910 1520 3979 respondit,
1554 3926 1585 3967 ο
1624 3928 1859 3982 praeses,
1891 3930 2019 3985 quas
2048 3933 2081 3972 a
2110 3921 2167 3971 te

524 3996 950 4060 proponuntur.
984 3993 1181 4064 Neque
1202 3996 1353 4051 enim
1386 4015 1451 4054 ex
1475 4000 1649 4056 rebus
1680 4004 1935 4058 externis
1957 4009 2165 4075 etquae

526 4078 757 4135 minime
797 4080 1012 4138 fuerint
1052 4084 1109 4139 in
1145 4090 1427 4156 potestate
1458 4088 1729 4159 alicujus,
1760 4091 2053 4149 metienda
2083 4100 2167 4149 est

520 4167 725 4237 pietas,
758 4184 882 4239 quae
913 4176 1111 4242 aperte
1136 4178 1226 4230 est
1267 4174 1403 4231 boni
1436 4176 1693 4233 instituti
1724 4183 1781 4235 et
1810 4179 1869 4236 in
1893 4182 2078 4238 nostri
2101 4182 2166 4236 li-

516 4254 637 4343 beri
681 4259 903 4314 arbitrii
950 4260 1066 4317 sita
1110 4268 1201 4319 est
1241 4268 1544 4335 potestate.
1579 4272 1788 4339 Atque,
1821 4269 1872 4325 si
1920 4273 2163 4343 quidem

519 4340 641 4396 ﬁeri
696 4361 809 4400 non
862 4353 1051 4417 potest
1099 4351 1195 4420 (ne
1226 4355 1281 4407 te
1338 4370 1453 4409 non
1511 4355 1657 4411 velle
1714 4340 1954 4429 dicam),
1997 4363 2062 4415 ut
2092 4360 2162 4415 ad

521 4446 704 4486 unum
737 4437 792 4488 et
822 4435 1042 4492 trinum
1086 4440 1348 4495 omnium
1399 4444 1647 4514 aspicias
1681 4447 2059 4519 principium,
2089 4450 2159 4505 ab

518 4534 715 4575 eorum
763 4522 978 4591 saltem,
1013 4541 1137 4596 quae
1188 4530 1466 4599 producta
1496 4532 1728 4590 fuerunt
1750 4536 1901 4592 bono
1933 4537 2155 4605 ordine,

2281 3650 2378 3700 τοῦ
2410 3647 2673 3720 τυράννου
2702 3652 2950 3707 τοιαῦτα.

2352 3736 2424 3792 Γ’.
2503 3737 2563 3793 Ὁ
2626 3733 2683 3791 δὲ
2754 3740 2958 3812 μάρτυς
3024 3736 3155 3799 ὅλος
3222 3736 3370 3801 ὅλως
3432 3743 3529 3795 τοῦ
3618 3738 3928 3813 Πνεύματος

2272 3827 2370 3877 τοῦ
2441 3825 2599 3899 ἁγίου
2667 3828 2982 3899 γενόμενος,
3045 3830 3138 3883 καὶ
3202 3828 3281 3901 τῷ
3353 3833 3452 3884 τοῦ
3520 3834 3754 3905 σταυροῦ
3833 3852 3929 3900 ση-

2279 3912 2417 3981 μείῳ
2486 3915 2606 3967 οἷον
2671 3913 2830 3987 ὅπλῳ
2896 3916 3001 3970 τινὶ
3090 3918 3585 3996 περιφραξάμενος,
3681 3920 3923 3991 Μάταια,

2274 3998 2317 4053 ὦ
2386 4002 2631 4075 ἡγεμὼν,
2698 4003 3044 4076 ἀπεκρίνατο,
3112 4008 3178 4062 τά
3269 4008 3416 4080 παρά
3480 4012 3575 4062 σοῦ
3641 4010 3926 4082 προτεινό-

2275 4109 2427 4162 μενα,
2474 4087 2597 4144 οὐδὲ
2654 4092 2755 4166 γὰρ
2824 4093 2930 4149 ἀπὸ
2995 4099 3105 4150 τῶν
3172 4095 3348 4164 ἐκτὸς,
3413 4098 3503 4151 καὶ
3571 4095 3646 4151 ὦν
3708 4096 3809 4152 οὐκ
3865 4097 3924 4152 ἄν

2269 4200 2351 4239 τις
2453 4179 2666 4255 γένοιτο
2768 4182 2975 4257 κύριος,
3048 4183 3113 4238 τὸ
3212 4180 3444 4241 εὐσεϐεῖν
3542 4183 3921 4258 δοκιμάζεται,

2268 4269 2637 4344 προαιρέσεως
2705 4272 2909 4348 ἀγαθῆς
2968 4274 3059 4327 καὶ
3123 4278 3232 4329 τῶν
3301 4273 3382 4351 ἐφ’
3449 4277 3584 4347 ἡμῖν
3668 4274 3922 4350 ἄντικρυς

2270 4358 2541 4434 ὑπάρχον.
2574 4360 2635 4417 Ei
2672 4361 2764 4433 μὲν
2800 4359 2891 4416 οὖν
2922 4359 3186 4418 ἀδύνατον
3215 4361 3309 4417 ἵνα
3361 4364 3439 4437 μὴ
3472 4362 3620 4439 λέγω
3668 4358 3916 4434 ἀϐούλη-

2265 4470 2356 4504 τον
2389 4449 2521 4520 πρὸς
2550 4451 2650 4518 τήν
2709 4450 2831 4523 μίαν
2874 4472 2931 4506 σε
2983 4452 3073 4507 καὶ
3131 4452 3344 4507 πάντων
3403 4451 3687 4528 τριαδικήν
3738 4455 3918 4528 ἀρχὴν

2271 4536 2501 4610 ἀπίδεῖν,
2568 4536 2665 4593 κᾶν
2724 4539 2831 4595 ἀπὸ
2887 4547 2986 4610 τῆς
3050 4546 3157 4597 τῶν
3219 4543 3584 4618 παρηγμένων
3644 4543 3910 4613 εὐταξίας,

520 4607 676 4664 disce
698 4609 877 4666 Deum
913 4613 1337 4673 universorum.
1371 4619 1468 4675 Sin
1502 4626 1693 4678 autem
1726 4625 1967 4680 deorum
2001 4642 2154 4698 prte-

2277 4631 2360 4684 ῑὸν
2409 4607 2785 4706 γενεσιουργὸν
2845 4607 2953 4687 τῶν
3001 4631 3143 4688 ὅλων
3204 4607 3795 4707 Θεὸν’.μαθητεύθητμ⁷
3839 4607 3906 4689 Ei

522 4696 636 4753 fers
651 4699 1104 4771 multitudinem,
1130 4721 1232 4776 per
1252 4723 1395 4778 quos
1417 4710 1804 4782 simpliciores
1826 4696 2065 4771 deducis
2088 4716 2159 4771 ad

518 4785 861 4877 barathrum
896 4792 1191 4859 interitus,
1225 4800 1283 4850 at
1304 4812 1408 4869 ego
1435 4799 1669 4870 quidem
1701 4818 1805 4859 nec
1841 4819 1908 4859 ea
1938 4820 2064 4877 qua
2093 4808 2158 4861 tu

517 4875 662 4933 dicis
694 4880 894 4936 audire
926 4883 1210 4951 sustineo,
1245 4902 1431 4959 neque
1455 4888 1511 4944 in
1545 4891 1807 4947 animum
1839 4875 2066 4959 induco,
2094 4899 2159 4951 ut

514 4964 729 5023 talibus
762 4968 1007 5027 delecter
1037 4974 1357 5047 sacrificiis,
1377 4984 1436 5031 ut
1465 4979 1563 5048 qui
1594 4979 1702 5035 sim
1720 4982 1998 5051 praeditus
2028 4983 2157 5038 ani-

516 5067 613 5108 ma
665 5057 939 5130 participe
998 5062 1258 5132 rationis,
1287 5068 1343 5119 et
1379 5065 1449 5119 ad
1492 5082 1810 5137 supernum
1872 5072 2153 5126 mundum

515 5150 709 5213 aperte
755 5161 1053 5218 properem
1090 5168 1103 5207 :
1157 5153 1262 5208 soli
1309 5158 1505 5210 autem
1558 5161 1767 5213 natura
1797 5158 1933 5229 Deo,
1968 5166 2023 5215 et
2053 5163 2154 5233 qui

515 5246 631 5319 non
663 5235 753 5319 est
793 5240 1539 5309 aspectabilis,sacriticabo
1568 5246 2150 5319 sacrificiumlaudis,

513 5322 574 5413 et
602 5318 713 5413 ipsi
760 5322 996 5413 reddam
1046 5334 1178 5385 vota
1208 5346 1339 5388 mea
1366 5346 1561 5388 coram
1604 5337 1723 5389 toto
1755 5336 1970 5407 populo
2000 5318 2147 5408 ejus.

506 5402 608 5493 ilia
642 5403 733 5457 sic
767 5404 961 5493 dictis,
983 5418 1570 5491 tyrannus,deposita
1599 5402 1849 5492 persona
1875 5402 2148 5493 lenitatis,

494 5487 668 5583 ἇυρθι
703 5489 940 5583 quidem
976 5502 1107 5555 exui
1163 5487 1489 5578 martyrem,
1522 5512 1579 5565 et
1599 5487 1775 5567 humi
1819 5487 2146 5583 extensum,

501 5576 883 5635 vehementer
912 5587 1220 5647 verberari.

2271 4716 2326 4774 δὲ
2358 4724 2490 4784 θεῶν
2518 4718 2732 4789 πληθὺν
2761 4726 3060 4794 προτιμᾷς,
3094 4720 3162 4777 δι’
3212 4723 3287 4777 ὧν
3337 4725 3464 4785 τοὺς
3512 4722 3899 4796 ἁπλουστέρους

2267 4806 2551 4883 χλευάζων
2585 4810 2721 4880 πρὸς
2748 4811 2809 4865 τὸ
2839 4817 2940 4879 τῆς
2989 4809 3266 4876 ἀπωλείας
3309 4815 3561 4887 κατάγεις
3616 4814 3906 4889 βάραθρον,

2266 4896 2393 4952 ἀλλ’
2438 4896 2547 4973 ἐγὼ
2588 4896 2711 4953 οὔτε
2756 4898 2967 4954 ἀκούειν
3023 4899 3096 4955 ὦν
3159 4901 3219 4955 σὺ
3274 4906 3379 4978 φὴς
3436 4903 3727 4977 ἀνέχομαί,
3789 4900 3915 4958 οὔτε

2264 4985 2473 5049 θυσίαις
2512 4988 2789 5052 τοιαύταις
2820 4991 3033 5063 χαίρειν
3073 4992 3421 5067 προῄρημαι,
3472 4995 3563 5049 ἅτε
3606 4998 3762 5069 ψυχῇ
3818 5004 3917 5051 Λο-

2262 5079 2389 5150 γικῇ
2446 5077 2719 5149 τιμηθεὶς,
2778 5078 2865 5132 καὶ
2924 5081 3058 5153 πρὸς
3110 5082 3201 5135 τὸν
3260 5080 3401 5152 ίόἷνω
3458 5082 3665 5155 κόσμον
3725 5090 3922 5162 σαφῶς

2262 5163 2634 5240 ἐπειγόμενος·
2690 5168 2841 5239 μόνῳ
2893 5165 2949 5222 δὲ
2994 5173 3071 5240 τῷ
3128 5171 3281 5245 φύσει
3340 5171 3555 5247 ἀοράτῳ
3612 5176 3753 5244 Θεῷ,
3820 5186 3926 5238 θυ-

2260 5250 2376 5306 σίαν
2413 5253 2557 5308 θύσω
2598 5251 2871 5326 αἰνέσεως,
2921 5257 3010 5311 καὶ
3059 5258 3205 5329 αὐτῷ
3250 5259 3345 5321 τὰς
3391 5258 3557 5335 εὐχάς
3607 5282 3715 5335 μου
3773 5264 3928 5320 ἀπο-

2261 5338 2419 5395 δώσω
2487 5341 2723 5398 ἐναντίον
2791 5346 2987 5407 παντὸς
3052 5350 3148 5399 τοῦ
3218 5348 3355 5403 λαοῦ
3423 5348 3605 5409 αὐτοῦ.
3682 5351 3930 5409 Τούτων

2260 5428 2400 5483 οὕτω
2436 5428 2761 5505 λεχθέντων,
2792 5435 2852 5489 τὸ
2890 5441 2989 5503 τῆς
3022 5434 3309 5499 ἐπιεικείας
3352 5438 3688 5511 ἀποθέμενος
3734 5460 3929 5515 προσ-

2257 5523 2456 5572 ωπεῖον
2528 5522 2555 5573 ὁ
2618 5522 2897 5596 τύραννος,
2964 5522 3308 5595 περιδύεσθαι
3405 5528 3500 5600 μὶν
3575 5530 3929 5602 προστάττει

2254 5605 2348 5698 τόν
2417 5609 2680 5684 μάρτυρα,
2750 5614 2839 5667 καὶ
2905 5612 2990 5667 ἐπὶ
3057 5620 3160 5687 γῆς
3222 5618 3447 5680 ταθέντα
3532 5615 3924 5698 σφοδρότερον

2252 5690 2565 5763 τύπτεσθαι.
