4142 6248
361 233 518 297 105⁸1

1225 245 1706 311 MARTIRYUM
1753 248 1862 312 SS.
1911 253 2288 316 EULAMPII
2332 255 2434 315 ET
2482 256 2929 318 EULAMPUE.

3596 257 3749 320 1058

429 396 500 454 Δ“.
556 397 644 492 ᾯς
699 396 756 492 δέ
811 401 1068 492 γενναίως
1123 405 1214 459 καὶ
1269 404 1598 482 ἀνδρικῶςὸ
1632 412 1834 485 μάρτυς
1877 411 2000 469 άντ-

2181 415 2268 472 1V.
2303 416 2617 487 Postquam
2647 425 2842 473 autem
2875 423 3096 492 martyr
3126 435 3409 491 generose
3438 424 3494 476 et
3524 421 3746 477 fortiter

356 490 476 563 εἶχε
505 487 641 562 πρὸς
689 489 781 550 τὰς
833 491 1115 564 βασάνους,
1180 495 1269 549 καὶ
1330 493 1455 550 οὐδὲ
1516 498 1709 573 μικράν
1769 500 1998 556 ἐπεπόν-

355 579 434 630 θει
481 574 800 649 ἀλλοίωσιν,
842 576 1188 650 διπλασιάζει
1239 582 1300 636 τὸ
1349 580 1516 658 δριμὺ
1566 592 1665 655 τῆς
1718 586 1998 650 κολάσεως

356 663 384 717 6
452 660 706 736 δικάζων,
773 667 863 721 καί
930 666 1141 742 νεύροις
1227 668 1579 734 λεπτοτάτοις
1650 675 1994 746 μαστίζεσθαι

351 756 542 809 τοῦτον
600 755 966 831 ἀπηνέστερον
1017 755 1374 818 διατάττεται.
1428 767 1500 817 ”A
1540 759 1696 834 δίκην
1757 762 1993 842 νιφάδων

351 845 430 912 τῷ
497 848 813 918 μαρτυρικῷ
873 844 1236 924 ἐπιφερόμενα
1293 848 1529 923 σώματι,
1601 851 1819 922 πολλὴν
1875 859 1997 916 τοῖς

350 932 641 997 πεπονθόσι
675 934 858 1009 μέρεσι
889 937 988 1004 τὴν
1033 943 1136 1005 τῆς
1193 935 1390 1009 ὀδύνης
1445 940 1692 1012 αἱσθησιν
1759 940 1994 1019 ένειργά-

354 1025 490 1088 ζετο*
525 1021 669 1076 ἀλλὰ
699 1024 789 1077 καὶ
824 1024 1002 1087 οὕτως
1043 1027 1071 1079 ὁ
1105 1026 1308 1101 μάρτυς
1341 1026 1494 1084 οὐδὲν
1521 1029 1676 1108 ὢφθη
1708 1035 1806 1086 τοῦ
1858 1052 1992 1108 φρο-

350 1111 594 1181 νήματος
667 1111 904 1183 ὑπανεὶς,
953 1111 989 1182 ἤ
1046 1121 1146 1184 τῆς
1210 1116 1346 1191 πρὸς
1410 1119 1501 1172 τὸν
1566 1119 1766 1193 Κύριον
1831 1123 1990 1194 ἡμῶν

350 1195 662 1262 ἐνδεδωκὼς
705 1199 960 1264 πίστεως.
1021 1204 1292 1260 Ἐντεῦθεν
1343 1205 1768 1278 ἂλλεπάλληλοι
1826 1210 1993 1283 βασά-

348 1308 455 1342 νων
501 1286 638 1343 ἰδέαι
688 1292 927 1366 καθάπερ
983 1293 1199 1367 κύματα
1252 1299 1332 1366 τῷ
1393 1295 1625 1372 μάρτυρι
1683 1299 1993 1374 προσεῤῥή-

348 1396 565 1450 γνυντο.
617 1379 790 1442 Εὐθὺς
848 1381 952 1455 γὰρ
995 1382 1023 1436 6
1062 1383 1319 1458 τύραννος
1368 1384 1504 1460 πρὸς
1555 1384 1735 1460 ἑτέραν
1785 1388 1989 1462 εὕρεσιν

345 1465 614 1540 τιμωρίας
681 1465 953 1541 ἐτρέπετο,
1016 1471 1106 1525 καὶ
1165 1471 1312 1544 ξύλῳ
1375 1473 1468 1527 τὸν
1541 1471 1850 1546 ἀδάμαστον
1903 1479 1989 1531 ἂν·

347 1549 570 1625 δριάντα
640 1563 1048 1632 προσαναρτῶν,
1116 1561 1333 1633 ξεσμοῖς
1426 1562 1522 1622 τὰς
1581 1563 1778 1635 σάρκας
1844 1584 1991 1619 κατε-

347 1640 574 1715 δαπάνά,
609 1648 696 1700 γαί
727 1648 793 1716 ἧν
829 1649 995 1725 μέχρι
1038 1655 1252 1722 μυελῶν
1301 1651 1389 1705 καὶ
1451 1651 1650 1706 ὀστέων
1701 1653 1877 1710 αὐτῶν
1925 1657 1988 1710 τὸ

348 1731 518 1808 ἄλγος
586 1733 980 1810 ὑποδυόμενον,
1040 1740 1128 1794 καὶ
1183 1745 1292 1795 τῶν
1367 1742 1596 1815 καιρίων
1657 1747 1838 1818 μερῶν
1890 1749 1987 1800 τοῦ

349 1821 605 1894 σώματος
637 1822 1033 1901 ἐφαπτόμενον.
1084 1829 1144 1885 Ὁ
1185 1825 1242 1883 δὲ
1288 1829 1515 1903 μάρτυς,
1555 1828 1725 1905 εὒχήν
1769 1837 1838 1906 τῇ
1894 1835 1991 1906 βα-

353 1911 494 1983 σάνῳ
571 1915 947 1990 συγκεραννὺς,
1005 1918 1096 1972 καὶ
1153 1919 1230 1982 εἰς
1285 1916 1597 1994 ἐπικουρίαν
1661 1923 1752 1976 τὸν
1822 1924 1989 1979 αὐτοῦ

351 1998 651 2071 ἄθλοθὲτην
712 2000 1103 2078 ἐπιϐοώμενος,
1149 2006 1210 2061 ού
1255 2009 1484 2082 πάσχειν
1529 2009 1764 2081 μᾶΛλον,
1797 2012 1831 2080 ἢ
1866 2013 1986 2067 ἑτέ-

349 2108 446 2172 ρου
477 2089 808 2165 πάσχοντος,
848 2093 1006 2156 αὐτὸς
1054 2094 1185 2150 εἶναι
1233 2096 1426 2165 θεατὴς
1475 2095 1774 2172 ἐνομίζετο.
1837 2101 1987 2156 Ἐπεὶ

347 2171 404 2229 δὲ
445 2177 640 2239 ἱκανῶς
695 2177 964 2252 ὶνήθλησε
1017 2189 1132 2246 τοῖς
1192 2184 1429 2257 ξεσμοῖς,
1488 2171 1579 2241 καὶ
1638 2191 1742 2241 πᾶν
1803 2185 1988 2242 διατα-

345 2265 565 2338 ραχθὶν,
598 2267 661 2322 τὸ
711 2273 874 2343 σῶμα
920 2271 1209 2345 προῦκειτο
1259 2271 1522 2344 δυσειδὲς,
1572 2272 1834 2349 δαίμονες
1889 2278 1985 2351 μὲν

340 2351 417 2413 ὡς
448 2352 591 2415 εἰκὸς
622 2355 1048 2427 ὑπεξανίσταντο,
1097 2362 1227 2424 Θεὸς
1285 2359 1342 2416 δὲ
1388 2364 1480 2418 τὸν
1531 2363 1733 2418 οἰκεῖον
1784 2365 1984 2421 ἄνωθεν

341 2439 556 2516 ἐνίσχυε
613 2447 957 2521 στεφανίτην,
1014 2450 1105 2503 καὶ
1165 2450 1193 2503 6
1251 2448 1510 2520 δικάστής
1569 2451 1756 2508 ἑαυτὸν
1810 2455 1985 2522 ἡττώ-

339 2549 500 2602 μενον
539 2533 808 2608 καθορῶν,
841 2536 916 2598 ὡς
969 2537 1108 2608 μήτε
1151 2535 1340 2613 λόγοις
1383 2539 1503 2604 οῖός
1548 2560 1608 2595 τε
1654 2537 1729 2593 ὤν
1778 2541 1981 2606 πείθειν

337 2619 430 2674 τὸν
488 2621 790 2696 πάσχοντα,
853 2627 990 2698 μήτε
1047 2627 1330 2696 θωπείαις,
1393 2631 1531 2700 μήτε
1583 2631 1725 2684 τισὶν
1784 2629 1984 2694 ἂλλαις

341 2705 628 2778 ἰπινοίαις,
659 2711 746 2766 ἐπὶ
797 2715 1054 2784 τοιαύτην
1102 2721 1277 2791 χωρεῖ
1334 2718 1591 2791 βάσανον,
1640 2722 1707 2787 ἧς
1755 2722 1792 2788 ὴ
1837 2720 1980 2790 ἀκοή

346 2799 462 2855 τοῖς
503 2797 604 2850 ὠσὶ
642 2800 732 2854 καὶ
776 2801 934 2873 μόνον
984 2803 1346 2873 ἐμπίπτουσα,
1396 2805 1769 2878 συνταράττειν
1821 2805 1985 2863 δύνα-

339 2903 452 2949 ται,
482 2884 573 2947 καὶ
631 2895 850 2964 συγχεῖν
907 2893 996 2945 καὶ
1045 2895 1166 2944 νοῦν
1207 2891 1297 2944 καί
1337 2889 1592 2949 διάνοιαν.
1655 2894 1832 2966 Ἱμᾶσι
1880 2897 1982 2971 γὰρ

345 2983 570 3043 λεπτοῖς
599 2979 725 3042 τοὺς
764 2983 872 3034 τῶν
904 2977 1087 3034 ποδῶν
1118 2979 1208 3033 καὶ
1238 2983 1441 3053 χειρῶν
1493 2984 1982 3058 περισφιγχθέντας

345 3070 666 3140 δακτύλους,
717 3069 793 3132 εἰς
839 3067 1091 3124 τούπίσω
1139 3071 1552 3143 περιενεχθῆναι
1604 3069 1796 3144 βιαίως
1866 3068 1987 3125 δια-

2108 505 2322 561 restitit
2351 505 2673 572 tormentis,
2699 515 2756 560 et
2779 521 2884 563 nec
2907 508 3205 564 tantillum
3229 509 3464 579 quidem
3491 509 3597 565 fuit
3620 526 3745 566 mu-

2106 599 2284 662 tatus,
2315 594 2691 649 acerbitatem
2739 595 3011 666 supplicii
3045 597 3227 668 judex
3257 602 3448 666 auget,
3491 614 3745 669 eumque

2105 683 2296 738 nervis
2312 683 2452 738 caedi
2475 682 2836 739 tenuissimis
2854 683 3104 755 imperat
3120 685 3451 740 crudeliter.
3478 687 3587 750 Qui
3611 703 3744 743 cum

2105 771 2234 826 nive
2273 771 2520 842 spissius
2568 771 2843 843 martyris
2893 773 3117 844 corpori
3155 773 3573 844 infligerentur,
3607 775 3743 831 aﬂ‘e-

2104 861 2212 915 ctis
2245 860 2512 930 partibus
2543 861 2866 916 afl'erebant
2912 877 3185 931 magnum
3231 877 3468 917 sensum
3502 862 3738 919 doloris.

2100 949 2211 1005 Sed
2241 949 2323 1004 sic
2355 965 2586 1020 quoque
2635 957 2856 1022 martyr
2895 950 3041 1006 nihil
3071 951 3232 1007 visus
3265 956 3322 1007 et
3352 950 3643 1007 remisisse
3671 953 3740 1008 de

2103 1053 2211 1093 sua
2240 1037 2422 1093 animi
2453 1037 2855 1109 magnitudine
2878 1041 2978 1093 aut
2997 1039 3067 1093 de
3089 1054 3194 1094 sua
3214 1039 3328 1094 fide
3350 1039 3411 1094 in
3441 1039 3518 1095 Cb
3531 1039 3735 1096 ristum

2103 1125 2418 1182 Dominum
2443 1130 2709 1183 nostrum
2734 1125 2956 1199 aliquid
2981 1125 3286 1183 relaxasse.
3311 1127 3454 1183 Hinc
3477 1128 3746 1201 frequen-

2102 1217 2211 1280 tes,
2242 1219 2298 1270 et
2326 1229 2390 1268 se
2419 1215 2663 1270 invicem
2707 1222 3120 1285 consequentes
3150 1219 3578 1274 tormentorum
3613 1235 3740 1288 spe-

2102 1303 2240 1369 cies,
2291 1306 2563 1373 tanquam
2611 1301 2840 1370 ﬂuctus,
2890 1303 3278 1375 erumpebant
3317 1304 3379 1361 in
3411 1313 3740 1378 martyrem.

2103 1390 2312 1447 Statim
2349 1390 2506 1446 enim
2537 1407 2852 1448 conversus
2889 1398 2975 1448 est
3014 1396 3302 1461 tyrannus
3333 1395 3405 1448 ad
3438 1393 3740 1450 invenien-

2099 1479 2240 1534 dum
2272 1479 2431 1535 aliud
2454 1478 2846 1552 supplicium:
2873 1485 2932 1536 et
2952 1480 3107 1550 ligno
3129 1482 3465 1552 appendens
3491 1483 3740 1540 indomi-

2097 1571 2217 1623 tam
2251 1572 2526 1635 statuam,
2549 1568 2934 1624 consumebat
2951 1583 3156 1625 carnes
3186 1568 3654 1640 lacerationibus,
3679 1576 3738 1627 et

2099 1656 2169 1711 ad
2207 1655 2494 1712 medullas
2521 1663 2574 1712 et
2608 1672 2741 1712 ossa
2769 1672 2956 1727 usque
2985 1656 3222 1712 subibat
3251 1657 3416 1712 dolor
3445 1665 3500 1714 et
3528 1658 3740 1728 princi-

2021 1789 2075 1854 Β
2099 1746 2258 1816 pales
2289 1749 2479 1816 partes
2500 1745 2761 1816 corporis
2782 1745 3125 1816 attingebat.
3155 1745 3373 1816 Martyr
3393 1752 3588 1802 autem
3620 1763 3743 1816 pre-

2099 1833 2267 1889 cibus
2297 1837 2658 1890 tormentum
2681 1837 3150 1905 contemperans,
3173 1837 3231 1888 et
3250 1835 3342 1888 sui
3370 1834 3740 1903 Agonotbetaa

2098 1920 2379 1975 auxilium
2436 1920 2732 1987 invocans,
2792 1936 2905 1976 non
2970 1921 3160 1991 magis
3215 1921 3560 1977 censebatur
3616 1924 3741 1993 pati

2097 2024 2272 2079 quam
2305 2008 2416 2065 alio
2464 2008 2714 2080 patiente
2763 2009 2887 2080 ipse
2917 2024 3046 2064 esse
3075 2011 3384 2079 spectator.
3418 2009 3730 2080 Postquam

2097 2101 2288 2152 autem
2321 2096 2464 2152 satis
2495 2096 2806 2153 decertavit
2854 2097 3135 2152 adversus
3177 2095 3639 2168 dilacerationes,
3671 2104 3729 2156 et

2097 2184 2432 2242 universum
2488 2186 2846 2257 discerptum
2913 2201 3126 2257 corpus
3193 2185 3560 2256 propositum
3618 2187 3731 2242 fuit

2095 2276 2330 2344 aspectu
2361 2277 2595 2343 tetrum,
2620 2274 2912 2330 daemones
2933 2273 3193 2345 quidem,
3218 2277 3405 2343 utpar
3433 2278 3578 2341 erat,
3609 2291 3732 2330 me-

2094 2363 2322 2432 rebant,
2352 2363 2508 2420 Deus
2557 2367 2753 2419 autem
2791 2379 2822 2420 e
2852 2365 3080 2434 superis
3129 2363 3454 2420 exsultabat
3503 2370 3733 2435 propter

2093 2468 2266 2508 suum
2310 2468 2527 2509 corona
2563 2451 2902 2509 redimitum
2951 2452 3251 2508 athletam.
3295 2451 3482 2509 Judex
3522 2453 3733 2510 deinde

2093 2556 2336 2597 cernens
2367 2557 2430 2598 se
2461 2556 2590 2597 esse
2619 2546 2987 2613 superatum,
3021 2557 3154 2596 cum
3186 2557 3291 2598 nec
3321 2541 3510 2598 verbis
3537 2546 3733 2613 posset

2093 2630 2441 2700 persuadere
2489 2628 2752 2699 patienti,
2803 2645 2907 2685 nec
2937 2629 3257 2695 blanditiis,
3289 2645 3392 2685 nec
3437 2629 3572 2684 ullis
3601 2630 3732 2686 aliis

2091 2719 2440 2787 rationibus,
2474 2718 2735 2790 procedit
2756 2720 2826 2774 ad
2851 2717 2963 2774 tale
2989 2721 3362 2787 tormentum,
3397 2719 3548 2790 quod
3570 2719 3622 2773 si
3642 2718 3730 2774 vel

2091 2809 2287 2866 solum
2319 2808 2394 2864 ad
2443 2824 2614 2864 aures
2661 2806 2980 2879 perveniat,
3032 2810 3223 2878 potest
3269 2807 3617 2862 conturbare
3664 2823 3732 2862 ac

2094 2899 2448 2954 confundere
2467 2904 2718 2953 mentem
2732 2901 2789 2951 et
2807 2896 3240 2967 cogitationem.
3261 2896 3562 2952 Tennibus
3577 2896 3734 2951 enim

2094 2986 2238 3041 loris
2268 2985 2481 3056 pedum
2523 2989 2582 3041 et
2629 3000 2912 3040 manuum
2963 2984 3266 3039 adstrictos
3314 2984 3528 3054 digitos
3569 2984 3740 3054 jubet

2091 3072 2376 3129 violenter
2422 3072 2827 3140 circumtrabi,
2860 3073 3018 3143 quod
3049 3072 3098 3127 ei
3136 3071 3570 3127 intolerandum
3603 3072 3736 3127 red-

343 3161 641 3228 κελεύεται,
673 3158 763 3214 καὶ
795 3155 948 3228 δίκην
1002 3156 1258 3231 πτόρθου,
1285 3157 1352 3212 τά
1379 3161 1476 3212 τοῦ
1527 3159 1801 3233 μάρτυρος
1845 3158 1982 3233 μέρη

2097 3161 2267 3217 debet
2311 3161 2652 3216 cruciatum.
2686 3160 2834 3214 Nam
2873 3175 3004 3215 cum
3049 3159 3556 3231 confringerentur
3594 3159 3731 3214 arti-

342 3248 721 3325 περιλυγίσας,
761 3246 1037 3326 ἀφόρητον
1063 3245 1210 3301 οὕτω
1236 3248 1336 3317 τήν
1367 3245 1636 3321 τιμωρίαν
1685 3247 1986 3322 εἰργάζετο.

343 3338 639 3413 Ἀγκώνων
695 3336 796 3411 γὰρ
862 3334 1330 3408 συνθραυομένων,
1397 3338 1614 3413 σφυρῶν
1673 3335 1991 3411 συνθλωμέ-

340 3449 468 3496 νων,
541 3424 750 3482 σκελῶν
815 3419 1275 3498 συντριϐομένων,
1341 3424 1432 3478 καὶ
1498 3424 1665 3479 οἱονεὶ
1731 3423 1992 3500 διατετρι-

343 3513 519 3594 γότων
586 3520 656 3590 τῇ
728 3515 818 3590 βίᾳ
879 3520 980 3583 τῆς
1043 3513 1299 3576 στάσεως.
1373 3517 1572 3587 μικροῦ
1635 3515 1986 3578 θανατοῦσθαι

344 3601 617 3661 συνέϐαινε
644 3604 735 3659 τὸν
760 3602 1028 3673 ἀθλητὴν,
1087 3605 1178 3657 ἅτε
1221 3608 1323 3671 τῆς
1374 3602 1638 3676 ἁρμονίας
1684 3604 1794 3658 τῶν
1844 3601 1988 3671 ὅλων

348 3698 445 3749 τοῦ
477 3694 730 3767 σώματος
766 3691 968 3765 μελῶν,
999 3697 1099 3760 τῆς
1128 3689 1354 3760 οἷ’κείας,
1389 3690 1749 3764 ἐξισταμένων
1796 3689 1987 3768 ἓνδρας

348 3781 437 3837 καὶ
479 3783 702 3852 τάξεως,
749 3781 839 3834 καὶ
891 3783 972 3852 τῷ
1025 3779 1269 3854 περιόντι
1325 3782 1425 3845 τῆς
1474 3777 1787 3857 ἀλγηδόνος
1851 3782 1988 3856 πρὸς

348 3871 534 3926 οἶκτον
567 3868 939 3947 ἐφελκομέιων
967 3869 1059 3923 καὶ
1087 3869 1292 3944 ἄψυχα,

417 3963 491 4018 E’.
525 3958 681 4016 Ἀλλ’
711 3959 738 4013 ὁ
772 3959 865 4031 μὲν
898 3959 1154 4030 τύραννος
1198 3958 1334 4033 πρὸς
1373 3960 1475 4028 τὴν
1525 3955 1615 4013 διὰ
1658 3964 1765 4014 τῶν
1819 3954 1986 4034 ἔργων

343 4047 667 4121 ἰξατονιεσας
715 4051 897 4112 πειθοῖ
953 4047 1087 4122 πρὸς
1134 4047 1234 4116 τήν
1297 4045 1385 4102 διὰ
1433 4051 1543 4102 τῶν
1599 4046 1776 4124 λόγων
1833 4049 1987 4111 αὖθις

344 4139 545 4217 ἐχώρει
601 4142 682 4211 τῷ
737 4144 834 4207 τῆς
895 4135 1186 4208 διαλέξεως
1258 4137 1612 4210 προσωπείῳ,
1667 4138 1730 4192 τὸ
1785 4136 1986 4192 οἲκεῖον

342 4226 719 4303 περιστέλλων
767 4224 1056 4296 ἀδύνατον,
1113 4227 1203 4280 καί
1268 4230 1459 4299 πρῶτα
1518 4225 1611 4296 μὲν
1671 4226 1760 4278 ἅτε
1815 4221 1985 4279 δεισι-

343 4313 762 4390 δαιμονέστερον
789 4314 919 4389 περὶ
957 4315 1021 4369 τὸ
1070 4311 1206 4367 ἴδιον
1267 4309 1610 4384 διακείμενος
1655 4308 1835 4381 σέϐας,
1885 4314 1984 4383 τήν

340 4424 398 4458 τε
433 4409 708 4478 θεοπρεπῆ
759 4406 856 4457 τοῦ
902 4402 1070 4477 λόγου
1138 4397 1346 4472 διέσυρε
1419 4399 1710 4473 σάρκωσιν,
1772 4400 1864 4456 καὶ
1920 4402 1988 4456 τά

342 4491 539 4546 τούτου
571 4490 718 4559 πάθη
769 4489 859 4543 καὶ
904 4485 1130 4561 παυρὸν
1182 4485 1364 4555 αὐτὸν,
1402 4487 1491 4541 καὶ
1540 4485 1637 4541 ὅσα
1694 4494 1795 4558 τῆς
1848 4491 1985 4562 ἡμε-

344 4579 505 4654 τέρας
564 4573 817 4651 σύμϐολα
869 4576 1163 4650 σωτηρίας,
1237 4575 1637 4652 προσκόμματα
1683 4575 1986 4634 σκανδάλου

347 4665 574 4735 ἐτίθετο,
643 4666 732 4721 ἐπὶ
791 4664 1007 4728 τούτοις
1062 4666 1152 4720 καὶ
1207 4667 1309 4735 τὴν
1364 4671 1472 4721 τῶν
1538 4665 1822 4741 στοιχείων
1878 4665 1985 4738 δη-

353 4755 636 4832 μιουργίαν
689 4750 1094 4830 προύϐάλλετο,
1153 4754 1229 4817 ὡς
1279 4754 1374 4828 μὲν
1429 4751 1616 4824 ἡδεῖαν
1675 4755 1859 4827 οὖσαν,
1909 4757 1984 4820 ὡς

348 4844 405 4900 δὲ
433 4845 745 4920 ἐπέραστον,
786 4843 876 4899 καὶ
929 4843 1236 4922 ἀνθρώποις
1295 4843 1370 4906 εἷς
1418 4842 1715 4899 ἀπόλαυσιν
1765 4845 1984 4922 προκεί-

351 4934 533 5007 μένην,
599 4935 690 4988 καὶ
757 4934 830 4996 ὡς
893 4931 1023 5006 μηδ’
1091 4931 1150 4988 ἄν
1209 4931 1429 5001 ἐθέλειν,
1500 4929 1640 5006 μηδὲ
1701 4931 1794 4989 τὸν
1851 4933 1980 5011 ἄγαν

341 5021 749 5098 τυφλώττοντα,
793 5029 894 5092 τῆς
950 5021 1010 5078 ἐκ
1054 5021 1256 5092 ταύτης
1315 5021 1586 5096 στέρεσθαι
1642 5020 1868 5093 ἡδονῆς.
1924 5025 1982 5078 ⁸0

343 5111 402 5169 δὲ
435 5113 641 5186 μάρτυς
686 5113 774 5187 (ἠν
811 5112 912 5186 γὰρ
970 5117 1071 5181 τῆς
1126 5111 1366 5181 ἀληθοῦς
1424 5110 1614 5188 σοφίας
1670 5111 1980 5188 ἀνάπλεως)

342 5202 678 5277 ἀντιπαρῆγε
753 5205 860 5256 τῶν
961 5198 1166 5255 ἐκείνου
1259 5200 1393 5254 θεῶν
1484 5200 1546 5253 τὸ
1609 5199 1827 5265 ἀσθενὲς
1893 5205 1981 5258 καὶ

342 5289 675 5365 άνδρόθηλυ,
705 5292 768 5346 τὸ
809 5290 946 5364 πρὸς
993 5287 1278 5359 ἀλλήλους
1335 5288 1576 5363 μάχιμόν
1608 5309 1665 5344 τε
1719 5291 1810 5345 καὶ
1860 5312 1984 5346 στα-

343 5376 559 5452 σιῶδες,
616 5380 706 5434 καὶ
783 5380 847 5435 τὸ
918 5382 1251 5453 σωματικοῖς
1317 5373 1747 5452 ἐγκαλινδεῖσθαι
1812 5383 1982 5452 παθη-

349 5490 501 5543 μασι,
532 5470 623 5523 καὶ
669 5471 731 5525 τὸ
783 5470 913 5544 μηδ’
949 5470 1127 5524 ὁτιοῦν
1173 5470 1283 5521 τῶν
1329 5466 1692 5541 παρηγμένων
1737 5468 1826 5544 ἀφ’
1858 5470 1984 5526 έαυ-

343 5561 441 5614 τοῦ
487 5561 587 5627 τήν
639 5559 839 5635 γένεσιν
889 5555 1034 5634 ἔχειν
1086 5557 1173 5612 καὶ
1234 5553 1472 5632 ἄναρχον
1521 5555 1680 5629 εἶναι,
1719 5557 1844 5613 ἀλλ’
1903 5559 1978 5623 είς

2099 3248 2236 3315 culi,
2266 3254 2320 3304 et
2362 3245 2616 3302 violenta
2667 3247 3000 3302 extensione
3049 3247 3483 3316 quodammodo
3523 3246 3730 3302 stride-

2098 3341 2246 3406 rent,
2296 3334 2538 3406 contigit
2583 3333 2862 3389 athletam
2915 3349 3094 3404 prope
3151 3341 3332 3388 morte
3373 3334 3550 3402 afﬁci,
3580 3335 3728 3404 quod

2096 3439 2406 3496 compages
2427 3421 2692 3478 omnium
2712 3420 3103 3476 membrorum
3125 3422 3385 3492 corporis
3409 3439 3443 3477 a
3469 3438 3576 3477 sua
3595 3421 3733 3478 sede

2097 3518 2154 3571 et
2182 3514 2384 3570 ordine
2413 3512 2882 3578 dimoverentur;
2915 3509 3059 3565 adeo
3090 3515 3154 3565 ut
3181 3513 3415 3580 propter
3440 3509 3732 3580 ingentem

2097 3602 2358 3658 dolorem
2392 3601 2463 3656 ad
2495 3598 2959 3655 misericordiam
3001 3598 3372 3654 traherentur
3411 3598 3582 3654 etiam
3611 3600 3734 3655 ina-

2098 3691 2275 3747 nima.

2165 3956 2234 4010 V.
2259 3953 2370 4008 Sed
2393 3955 2676 4024 tyrannus
2699 3950 2934 4024 quidem
2958 3967 3092 4007 cum
3115 3968 3230 4008 non
3254 3951 3541 4022 potuisset
3560 3951 3731 4008 factis

2095 4043 2461 4115 persuadere,
2484 4041 2555 4096 ad
2579 4041 3050 4111 persuadendum
3072 4039 3264 4096 verbis
3284 4057 3490 4096 rursus
3510 4057 3573 4096 se
3593 4057 3732 4096 con-

2095 4130 2223 4195 fert,
2255 4143 2508 4198 persona
2549 4125 2964 4196 disputationis
3011 4142 3181 4181 suam
3211 4131 3413 4197 tegens
3443 4126 3735 4198 impoten-

2094 4219 2256 4274 tiam.
2278 4216 2608 4288 Etprimum
2627 4217 2893 4287 quidem,
2907 4216 3085 4287 utqui
3103 4218 3734 4288 essetsuperstitiosius

2094 4305 2336 4362 affectus
2391 4304 2450 4359 in
2509 4319 2674 4360 suam
2733 4302 3096 4375 religionem,
3144 4305 3434 4361 lacerabat
3478 4305 3731 4362 divinam

2094 4393 2266 4451 Verbi
2287 4392 2477 4449 carnis
2505 4392 2958 4464 susceptionem,
2979 4393 3226 4465 ejusque
3255 4393 3656 4464 perpessiones
3675 4398 3733 4450 et

2094 4483 2285 4556 ipsam
2318 4496 2573 4551 crucem,
2623 4485 2681 4537 et
2731 4496 3090 4553 quaecunque
3137 4485 3280 4538 sunt
3324 4482 3491 4554 signa
3521 4487 3728 4540 nostrae

2095 4571 2321 4637 salutis,
2355 4585 2424 4626 ea
2460 4569 2723 4626 scandali
2774 4570 3022 4626 ducebat
3049 4570 3420 4629 offensiones.
3450 4572 3582 4628 Post
3608 4572 3727 4628 haec

2094 4663 2421 4736 proferebat
2467 4661 2644 4716 etiam
2693 4660 2978 4716 fabricam
3022 4660 3463 4728 elementorum,
3514 4670 3575 4716 ut
3605 4678 3728 4732 qua

2093 4759 2241 4810 esset
2271 4751 2510 4823 quidem
2567 4749 2756 4806 dulcis
2787 4755 2844 4805 et
2890 4749 3182 4816 amabilis,
3233 4754 3290 4804 et
3315 4751 3386 4805 ad
3415 4751 3726 4807 fruendum

2092 4840 2387 4914 proposita
2419 4837 2778 4907 hominibus,
2823 4841 2880 4893 et
2911 4838 3067 4909 quod
3089 4836 3268 4893 nollet
3309 4853 3382 4892 ne
3409 4836 3574 4892 valde
3606 4839 3729 4908 qui-

2091 4932 2225 4986 dem
2274 4943 2482 4998 cacus,
2532 4941 2657 4998 quae
2705 4941 2775 4982 ex
2819 4940 2890 4982 ea
2930 4926 3134 4992 oritur,
3166 4925 3382 4998 privari
3415 4924 3726 4998 voluptate.

2090 5023 2304 5092 Martyr
2355 5026 2546 5074 autem
2595 5015 2742 5088 (erat
2788 5015 2945 5072 enim
2993 5031 3128 5072 vera
3167 5014 3376 5087 plenus
3413 5015 3724 5088 sapientia)

2089 5114 2292 5168 contra
2308 5107 2581 5166 afferebat
2600 5105 2758 5162 illius
2778 5106 3019 5161 deorum
3040 5103 3497 5160 imbecillitatem
3519 5109 3576 5161 et
3595 5108 3724 5163 effe-

2089 5199 2493 5265 minationem,
2518 5211 2646 5266 quae
2676 5195 2828 5250 inter
2848 5209 2910 5250 se
2935 5194 3184 5250 invicem
3207 5193 3460 5262 fuerunt,
3492 5211 3716 5265 pugnas

2088 5297 2143 5346 ct
2181 5287 2514 5352 seditiones,
2547 5290 2601 5339 et
2643 5285 2797 5355 quod
2830 5282 3228 5340 volutarentur
3255 5283 3314 5339 in
3344 5284 3602 5356 corporis
3635 5285 3722 5340 af-

2088 5376 2476 5440 fectionibus;
2517 5376 2574 5429 et
2618 5373 2776 5444 quod
2807 5371 2955 5428 nihil
3005 5388 3229 5441 eorum,
3270 5387 3399 5444 quas
3442 5373 3723 5443 producta

2089 5470 2246 5534 sunt,
2278 5482 2348 5522 ex
2381 5479 2443 5520 se
2472 5464 2661 5518 ortum
2693 5460 2928 5534 habeat,
2949 5465 3006 5520 et
3033 5462 3112 5520 sit
3139 5463 3263 5520 sine
3283 5460 3591 5536 principio,
3618 5464 3720 5520 sed

2087 5556 2288 5616 statim
2319 5552 2598 5612 referatur
2629 5551 2700 5609 ad
2723 5552 2971 5624 primam
3004 5556 3061 5610 et
3089 5551 3434 5611 efﬁcientem
3461 5565 3719 5620 causam,
