4142 6248
435 255 589 317 1059

1759 238 2047 301 MENSIS
2091 236 2475 298 OC'I‘OBER.

3674 238 3836 297 1060

433 418 489 470 et
517 412 1015 484 omnipotentem;
1065 406 1304 477 etquod
1335 404 1436 475 qui
1485 403 1607 457 haec
1646 399 1942 470 relinquit,
1989 400 2057 455 ad

2177 396 2353 451 αίτίαν
2384 397 2607 469 πρώτην
2650 395 2945 465 ποιητικήν
2996 413 3053 448 τε
3099 392 3191 447 καὶ
3244 390 3659 467 παντοδύναμον
3709 397 3841 452 ἀνα.

435 519 636 559 eorum
667 500 877 557 transit
907 497 1193 568 opiﬁcem,
1226 509 1448 559 eorum,
1487 507 1613 560 quas
1644 489 1836 543 ﬂuunt
1866 491 1922 543 et
1952 504 2069 543 non

438 594 619 656 stant,
654 587 1075 643 habitationem
1103 588 1372 653 perpetua
1396 582 1453 634 et
1474 577 1669 635 stabili
1691 576 2068 643 habitatione,

437 675 851 746 ineﬁ‘abilique,
905 678 961 727 et
992 688 1118 742 quae
1153 687 1269 725 non
1302 668 1536 734 desinit,
1585 668 1880 736 voluptate
1910 681 2067 719 com-

442 771 699 821 mutans.
732 763 831 817 His
864 761 1009 816 veris
1043 758 1315 830 martyris
1369 757 1553 813 verbis
1603 760 1885 826 tyrannus
1926 757 2070 808 atto-

442 857 619 922 nitus,
651 861 703 910 et
744 853 812 908 ad
846 851 989 906 iram
1022 867 1086 905 ac
1117 849 1371 904 furorem
1412 862 1691 902 accensus
1737 843 2072 899 intolerabi-

442 945 579 1013 lem,
615 940 897 1014 processit
944 939 1181 994 omnino
1232 938 1306 993 ad
1347 952 1518 993 omne
1550 952 1736 1007 genus
1767 938 2073 999 tormenta,

446 1036 780 1097 lectumque
803 1031 1053 1084 ferreum
1074 1026 1515 1097 proliunsjubet
1537 1024 1794 1079 accendi.
1818 1022 1923 1087 Qui
1945 1038 2077 1076 cum

446 1120 652 1175 fuisset
682 1133 983 1182 accensus,
1003 1116 1170 1185 jubet
1195 1115 1253 1169 in
1278 1130 1343 1169 eo
1364 1113 1595 1167 extendi
1619 1118 1951 1182 martyrem.
1978 1109 2077 1164 Ille

444 1213 637 1263 autem
668 1222 802 1263 cum
834 1205 1003 1275 signo
1031 1203 1217 1258 crucis
1248 1217 1308 1257 se
1341 1202 1649 1265 munisset,
1686 1205 1799 1254 toto
1839 1216 2078 1270 corpore

444 1297 549 1351 fuit
579 1300 872 1350 extensus.
907 1297 972 1347 Et
1003 1292 1221 1356 statim,
1254 1306 1387 1343 cum
1421 1304 1624 1344 carnes
1656 1287 1893 1359 quidem
1928 1288 2078 1359 igni-

443 1389 563 1440 tum
604 1385 821 1438 ferrum
855 1380 1202 1452 attigissent,
1248 1377 1752 1443 consumebantur,
1785 1380 1841 1431 et
1870 1376 2076 1431 dissol-

441 1473 741 1537 vebantur,
773 1473 831 1524 et
865 1468 923 1523 in
956 1468 1203 1536 saniem,
1237 1466 1548 1535 ulceraque
1588 1471 1643 1520 et
1672 1463 1913 1520 vulnera
1946 1481 2078 1519 mu-

442 1561 732 1616 tabantur.
766 1557 913 1622 Quin
945 1557 1118 1612 etiam
1152 1554 1433 1610 nonnulla
1455 1554 1719 1609 membra
1740 1555 1799 1607 in
1822 1553 2075 1609 cinerem

442 1664 739 1714 conversa,
772 1647 1101 1717 praebebant
1130 1644 1436 1699 videndam
1462 1644 1675 1698 nudam
1699 1643 1919 1698 ossium
1945 1658 2077 1698 con-

2176 484 2450 561 φέρεσθαι,
2483 483 2574 538 καὶ
2623 483 2697 544 ὡς
2750 484 2777 537 ὁ
2828 486 2996 537 ταῦτα
3043 480 3496 554 καταλιμπάνων,
3546 484 3683 557 πρὸς
3736 487 3835 541 τὸν

2180 571 2517 648 δημιουργὸν
2553 572 2760 629 τούτων
2800 575 3118 648 μεταφοιτᾷ,
3162 576 3273 625 τῶν
3320 573 3554 645 ῥεόντων
3606 577 3695 630 καὶ
3753 579 3832 650 μή

2181 662 2450 725 ἑστώτων,
2502 665 2602 732 τὴν
2655 660 2872 732 διηνεκῆ
2932 660 3023 715 καὶ
3085 661 3318 733 μόνιμον
3378 664 3681 734 κατοικίαν,
3740 666 3832 721 καὶ

2179 754 2277 820 τὴν
2339 751 2537 807 ἐκεῖθεν
2597 748 2866 828 ἄφραστόν
2928 770 2987 805 τε
3043 751 3134 804 καὶ
3190 748 3551 822 ἀτελεύτητον
3600 752 3828 826 ἡδονήν,

2184 839 2608 912 ἀλλαττόμενον.
2652 838 2881 899 Τούτοις
2910 842 3025 899 τοῖς
3065 836 3297 906 ἀληθέσι
3326 838 3512 914 λόγοις
3544 846 3641 897 τοῦ
3697 846 3832 918 μάρ-

2184 950 2345 1003 τυρος
2394 931 2421 983 ὁ
2476 930 2727 1004 τύραννος
2782 922 3259 1001 καταϐροντηθείς,
3317 928 3406 982 καὶ
3463 930 3599 1004 πρὸς
3660 932 3827 1008 ὀργὴν

2184 1019 2271 1072 καὶ
2333 1020 2525 1091 μανίαν
2578 1015 2804 1091 ἃσχετον
2867 1014 3131 1089 ἐξαφθεῖς,
3190 1015 3327 1089 πρὸς
3383 1018 3443 1071 τὸ
3493 1023 3601 1073 τῶν
3658 1020 3831 1075 κολα-

2187 1107 2422 1182 στηρίων
2456 1106 2585 1167 ὅλος
2627 1105 2825 1179 ἐχώρει
2876 1101 3245 1173 παντοδαπὸν,
3298 1106 3386 1159 καὶ
3434 1104 3630 1176 κλίνην
3677 1107 3830 1179 σιδη-

2187 1203 2280 1271 ρᾶν
2336 1195 2531 1250 αὐτίκα
2586 1192 2795 1248 κελεύει
2848 1195 3168 1263 πυροῦσθαι,
3218 1196 3285 1261 ἦς
3328 1194 3417 1247 καὶ
3456 1198 3831 1271 πυριιικτωθεί⁹

2187 1308 2308 1355 σης,
2364 1286 2754 1362 ἔφαπλωθῆναι
2801 1284 2969 1357 ταύτῃ
3031 1283 3351 1356 προστάττει
3406 1283 3497 1338 τὸν
3561 1287 3829 1360 μάρτυρα.

2184 1376 2244 1432 Ὀ
2295 1373 2352 1429 δὲ
2405 1379 2483 1445 τῷ
2544 1372 2759 1446 σημείῳ
2823 1376 2921 1426 τοῦ
2980 1376 3214 1445 σταυροῦ
3277 1370 3831 1451 διασφραγισάμενος,

2184 1462 2489 1541 ἐφηπλώθη
2525 1461 2640 1533 ὅλῳ
2668 1465 2744 1532 τῷ
2776 1462 3013 1532 σώματι,
3040 1459 3130 1514 καὶ
3183 1460 3337 1521 εύθὸς
3391 1463 3445 1515 αἱ
3497 1464 3594 1537 μὲν
3642 1466 3834 1541 σάρκες

2182 1551 2596 1625 προσψαύσασαι
2627 1554 2706 1621 τῷ
2746 1550 2899 1623 πυρὶ,
2946 1547 3266 1604 δαπανῶντά
3316 1571 3373 1605 τε
3410 1551 3499 1604 καὶ
3550 1549 3833 1608 διελύοντο

2182 1640 2273 1695 καὶ
2331 1638 2411 1699 είς
2467 1640 2679 1717 ίχῶρας
2735 1639 2824 1692 καὶ
2883 1635 3021 1707 ἓλκη
3079 1638 3169 1692 καὶ
3227 1639 3509 1712 τραύματα
3572 1640 3838 1714 μετεϐάλ-

432 1737 825 1808 junctionem.
878 1738 1006 1804 Ipse
1055 1748 1186 1788 vero
1226 1736 1514 1787 tormenta
1546 1731 1769 1787 fortiter
1797 1733 2065 1800 tolerans,

2188 1728 2369 1783 λοντο·
2406 1725 2517 1782 ἔστι
2551 1724 2606 1782 δὲ
2638 1728 2670 1781 ἅ
2697 1731 2805 1780 τῶν
2842 1725 3051 1800 μελῶν,
3098 1727 3189 1781 καὶ
3244 1729 3378 1800 πρὸς
3421 1730 3617 1804 τέφραν
3669 1752 3834 1803 μετα-

440 1832 714 1896 tanquam
738 1825 796 1877 in
824 1822 981 1878 molli
1004 1822 1252 1892 quodam
1279 1826 1457 1877 strato
1482 1820 1850 1887 recumbens,
1876 1820 1926 1875 ei
1948 1837 2075 1893 age-

438 1915 539 1969 bat
568 1913 804 1985 gratias,
839 1929 940 1983 pro
972 1927 1083 1980 quo
1114 1911 1233 1965 hac
1273 1910 1623 1966 sustinebat.

2190 1815 2511 1888 ποιούμενα,
2572 1813 2743 1888 ψιλὴν
2819 1819 3051 1889 παρεῖχε
3126 1816 3223 1883 τήν
3274 1820 3382 1869 τῶν
3450 1817 3650 1873 ὀστέων
3703 1822 3830 1894 ὁρᾷν

2189 1904 2492 1984 συνάφειαν·
2562 1905 2723 1965 αὐτὸς
2803 1901 2859 1957 δὲ
2924 1909 3041 1965 ταῖς
3117 1905 3367 1977 βασάνοις
3471 1906 3832 1982 ἐγκαρτερῶν.

442 2004 516 2064 ὠς
547 2000 633 2055 ἐπί
687 2021 836 2063 τινος
893 1997 1108 2064 ὁπαλῆς
1161 2005 1451 2073 στρωμνῆς
1507 1998 1888 2073 κατακείμενος
1942 1996 2383 2073 εύχαριστηρίοις
2441 1995 2532 2048 τὸν
2587 1994 2717 2069 ὑπὲρ
2759 1995 2821 2048 οὗ
2876 1998 3044 2048 ταῦτα
3101 1992 3351 2066 ὓπέμενε,
3412 2002 3620 2074 φωναῖς
3672 1999 3835 2071 ἠμεί-

441 2086 586 2147 ϐετο.

507 2181 604 2235 VI.
638 2182 782 2236 Cum
815 2186 1005 2235 autem
1040 2183 1353 2251 martyrem
1386 2178 1547 2233 nulla
1576 2182 1811 2250 caperet
1839 2178 2075 2234 satietas

435 2284 656 2336 earum,
690 2284 830 2339 quas
861 2285 963 2339 pro
993 2267 1220 2323 Christo
1256 2267 1578 2324 sustinebat
1607 2268 2073 2338 perpessionum,

433 2359 528 2413 sed
574 2357 695 2412 zelo
745 2356 878 2411 fidei
927 2356 1119 2411 adhuc
1160 2356 1342 2426 magis
1390 2356 1747 2426 incitaretur,
1798 2373 1911 2411 non
1944 2372 2071 2411 esse

434 2445 805 2502 tolerandum
836 2444 1177 2505 arbitratus,
1228 2460 1425 2500 verum
1459 2445 1696 2515 quidem
1728 2444 1910 2500 Deum
1944 2444 2072 2499 uni-

433 2536 580 2591 versi
608 2535 848 2601 irrideri,
882 2535 1194 2589 vanitatem
1229 2540 1419 2590 autem
1446 2535 1861 2589 imbecillitatis
1891 2536 2070 2588 simu-

433 2623 718 2677 lacrorum
759 2622 828 2675 ab
872 2622 963 2685 iis,
1008 2621 1104 2691 qui
1139 2625 1278 2675 tunc
1310 2620 1675 2675 dominatum
1707 2619 2066 2685 obtinebant,

434 2708 713 2764 celebrari
744 2708 1037 2775 laudibus,
1072 2713 1129 2763 et
1160 2706 1506 2779 magniﬁeri,
1532 2723 1877 2777 generosum
1902 2706 2068 2786 quid-

434 2798 570 2852 dam
602 2801 658 2852 et
679 2796 938 2867 juvenile
983 2797 1293 2868 excogitat,
1342 2796 1699 2866 dignumque
1729 2796 1856 2866 eius
1886 2796 2067 2850 animi

431 2885 854 2956 magnitudine.
878 2885 1023 2939 Nam
1054 2901 1185 2939 cum
1211 2885 1398 2940 verbis
1424 2884 1763 2940 simulasset
1785 2902 1847 2940 se
1879 2902 2070 2940 assen-

430 2973 525 3028 tiri
550 2972 895 3038 simulacris,
920 2977 975 3027 et
995 2988 1060 3027 ea
1082 2973 1303 3028 ratione
1324 2976 1520 3027 fucum
1547 2974 1772 3029 fecisset
1800 2979 2066 3045 tyranno,

2256 2175 2320 2237 ς’.
2373 2175 2523 2229 Ἐπεὶ
2572 2171 2627 2227 δὲ
2665 2173 2824 2247 κόρος
2874 2169 3052 2233 οὓδεὶς
3100 2177 3181 2243 τῷ
3233 2174 3464 2248 μάρτυρι
3521 2181 3630 2230 τῶν
3696 2178 3829 2253 ὑπὲρ

2189 2264 2420 2336 Χριστοῦ
2482 2260 2843 2333 παθημάτων,
2910 2260 3056 2316 ἀλλὰ
3113 2266 3193 2332 τῷ
3251 2261 3407 2333 ζήλῳ
3453 2267 3552 2327 τῆς
3604 2264 3839 2327 πίστεως

2180 2350 2268 2405 ἐπὶ
2332 2349 2544 2423 μᾶλλον
2607 2348 2966 2423 διηρεθίζετο,
3037 2349 3134 2404 οὐκ
3202 2349 3422 2405 ἀνεκτὸν
3483 2353 3835 2427 ἡγησάμενος

2179 2440 2268 2492 τὸν
2302 2439 2395 2510 μὲν
2446 2438 2624 2507 ἀληθῆ
2683 2439 2813 2493 Θεὸν
2862 2443 2957 2491 τοῦ
3005 2438 3205 2500 παντὸς
3259 2436 3732 2513 διαχλευάζεσθαι,
3774 2445 3834 2498 τὸ

2180 2525 2237 2580 δὲ
2271 2527 2500 2598 μάταιον
2549 2533 2646 2594 τῆς
2697 2524 2995 2595 εἶδωλικῆς
3047 2527 3317 2590 ἀσθενείας
3365 2529 3510 2603 παρά
3553 2533 3659 2582 τῶν
3709 2529 3831 2584 τότε

2178 2615 2522 2687 κρατούντων
2580 2612 2922 2685 ἐξυμνεῖσθαι
2978 2614 3065 2668 καὶ
3117 2615 3529 2691 μεγαλύνεσθαι,
3587 2618 3829 2689 γενναῖόν

2177 2724 2228 2757 τι
2259 2703 2347 2756 καὶ
2396 2704 2633 2756 νεανικὸν
2685 2702 2866 2758 ἐννοεῖ.
2931 2705 3021 2757 καὶ
3082 2710 3181 2773 τῆς
3240 2703 3407 2758 αὐτοῦ
3469 2706 3823 2780 μεγαλονοίας

2178 2789 2344 2861 ἃξιον.
2378 2792 2536 2865 Λόγῳ
2570 2792 2673 2867 γάρ
2712 2792 3168 2865 ὑποκρινάμενος,
3196 2794 3296 2861 τὴν
3336 2794 3473 2868 πρὸς
3510 2799 3575 2848 τά
3615 2792 3811 2849 εἴδωλα

2178 2882 2585 2955 συγκατάθεσιν,
2646 2881 2734 2935 καὶ
2802 2881 2973 2956 ταύτῃ
3037 2883 3319 2960 φενακίσας
3396 2883 3489 2938 τὸν
3549 2883 3811 2956 τύραννον,

2182 2969 2313 3041 μετά
2342 2989 2487 3031 τινος
2520 2972 2748 3041 πομπῆς
2774 2970 2866 3025 καὶ
2895 2968 3226 3047 δορυφορίας
3280 2972 3354 3032 εἷς
3402 2993 3492 3026 τον
3546 2973 3665 3026 ναὸν
3707 2978 3812 3025 τῶν

430 3078 565 3116 cum
598 3062 848 3132 quadam
882 3077 1094 3133 pompa
1122 3078 1154 3114 a
1183 3060 1387 3117 multis
1411 3061 1665 3131 stipatus
1694 3062 2063 3133 satellitibus,

2179 3056 2421 3114 εἰδώλων
2452 3059 2696 3136 ἀφίκετο,
2752 3062 2826 3114 ὧν
2878 3061 2973 3133 μὲν
3022 3062 3122 3129 τήν
3171 3061 3367 3135 ἀθρόαν
3416 3065 3510 3115 τοῦ
3554 3062 3819 3136 μάρτυρος

2318 3144 2345 3162 ο
2386 3147 2403 3162 ς
2437 3150 2449 3162 .
2551 3148 2563 3162 .
2644 3146 2701 3162 ..ς
2774 3152 2799 3162 ..
2917 3160 2926 3162 _
3023 3149 3032 3162 .
3225 3151 3249 3162 ..
3432 3150 3442 3162 .
3764 3157 3787 3162 _

429 3148 585 3204 venit
617 3150 674 3204 in
720 3149 1002 3220 templum
1047 3148 1359 3219 idolorum,
1412 3151 1618 3219 partim
1664 3151 1899 3222 quidem
1931 3169 2063 3223 pro-

431 3246 551 3309 pter
583 3239 945 3309 repentinam
979 3239 1250 3311 martyris
1293 3240 1673 3295 mutationem
1710 3240 1782 3295 iis
1812 3240 2060 3296 laetanti-

430 3327 557 3394 bus,
593 3328 692 3397 qui
724 3336 884 3383 erant
915 3328 1053 3384 socii
1084 3328 1418 3400 impietatis,
1470 3331 1680 3400 partim
1714 3335 1904 3385 autem
1939 3347 2061 3384 om-

430 3415 588 3471 mino
606 3418 1070 3487 exspectantibus
1091 3417 1143 3473 id
1170 3419 1320 3488 quod
1342 3422 1830 3474 erateventurum.
1849 3419 2063 3491 Martyr

429 3508 623 3560 autem
652 3505 815 3561 valde
838 3506 1112 3562 misertus
1133 3506 1480 3577 insipientia:
1503 3522 1701 3563 eorum
1727 3507 1825 3577 qui
1857 3509 2062 3564 adora-

428 3594 588 3661 bant,
633 3594 702 3648 ad
739 3610 911 3648 unam
963 3596 1247 3665 insignem
1299 3594 1611 3667 imaginem
1661 3596 1730 3650 ad
1774 3596 2062 3653 dexteram

428 3680 701 3749 positam,
736 3697 911 3752 prope
937 3683 1236 3749 accedens,
1262 3698 1393 3735 cum
1425 3687 1578 3737 esset
1602 3700 1743 3737 usus
1774 3684 1909 3738 solis
1931 3701 2058 3754 pre-

429 3769 619 3833 cibus,
638 3776 691 3822 et
712 3768 920 3832 verbis,
952 3784 1082 3822 cum
1107 3769 1446 3822 auctoritate
1470 3770 1719 3839 imperii,
1745 3786 1869 3824 eam
1898 3772 2061 3826 humi

437 3855 702 3926 protinus
749 3854 952 3924 dejecit
997 3859 1053 3909 et
1083 3854 1140 3908 in
1174 3853 1467 3923 pulverem
1500 3855 1861 3909 comminuit.
1897 3858 2054 3921 Quod

431 3942 660 4011 quidem
694 3958 819 3996 cum
855 3941 1091 3997 vidisset
1116 3941 1386 4013 p0pulus,
1418 3942 1518 4012 qui
1540 3943 1760 4007 aderat,
1794 3949 1851 3999 et
1881 3944 2059 3999 imbe-

429 4029 726 4085 cillitatem
758 4046 980 4097 eorum,
1019 4046 1148 4101 qua:
1194 4030 1602 4099 adorabantur,
1645 4030 1816 4085 simul
1852 4048 2057 4102 cogno-

428 4118 651 4174 vissent
693 4122 750 4175 et
779 4119 1289 4186 condemnassent,
1338 4119 1638 4190 deponunt
1668 4120 1932 4191 protinus
1961 4121 2059 4177 de-

428 4207 768 4277 ceptionem,
852 4214 907 4264 et
990 4208 1422 4279 amplectuntur
1506 4207 1799 4279 pietatem,
1876 4208 2059 4266 Deum

430 4300 746 4367 potentem,
816 4301 873 4352 et
921 4296 1111 4351 solum
1176 4296 1576 4367 praedicantes,
1639 4314 1812 4367 quem
1882 4315 2060 4368 nuper

427 4385 779 4456 ignorantes,
833 4385 1123 4443 habebant
1170 4386 1444 4443 ludibrio.
1498 4387 1695 4455 Fitque
1730 4388 1814 4444 eis
1846 4401 2063 4462 martyr

2179 3144 2510 3221 μεταϐολήν,
2548 3148 2601 3202 ἐν
2634 3146 2802 3221 ἡδονῇ
2850 3149 3169 3221 τιθεμένων,
3220 3151 3335 3204 ὅσοι
3388 3150 3678 3225 σύμμαχοι
3725 3157 3822 3219 τῆς

2173 3232 2419 3297 ἀσεϐείας
2489 3235 2811 3311 ἐτύγχανον,
2880 3235 2955 3289 ὦν
3025 3234 3081 3291 δὲ
3166 3238 3382 3301 πάντως
3462 3237 3822 3312 καραδοκούν-

2170 3345 2279 3377 των
2310 3325 2362 3377 τί
2392 3324 2452 3378 τὸ
2484 3319 2929 3395 ἀποϐησόμενον.
2973 3327 3031 3382 Ὀ
3084 3323 3141 3379 δέ
3193 3326 3396 3401 μάρτυς
3444 3325 3631 3382 πολλά
3688 3329 3816 3390 τοὺς

2170 3416 2608 3486 προσκυνοῦντας
2703 3411 3077 3488 κατοικτείρας
3163 3422 3263 3483 τῆς
3337 3415 3668 3492 ἀφροσύνης,
3738 3418 3815 3482 ἑνὶ

2169 3505 2275 3555 τῶν
2341 3500 2608 3556 ἐπιφανῶν
2676 3501 3006 3575 ἀγαλμάτων
3075 3508 3143 3578 τῇ
3213 3501 3357 3575 δεξιᾷ
3450 3506 3814 3581 προσεγγίσας

2173 3590 2310 3665 εὐχῇ
2343 3612 2401 3645 τε
2453 3593 2586 3666 μόνῃ
2636 3592 3005 3665 χρησάμενος,
3063 3592 3150 3647 καὶ
3211 3593 3359 3668 λόγῳ
3418 3594 3508 3648 σὺν
3569 3594 3817 3666 αύΟεντίᾳ

2171 3681 2615 3755 προστάγματος,
2678 3681 2753 3742 εἷς
2809 3689 2911 3756 γῆν
2973 3681 3125 3744 εὐθὺς
3200 3681 3535 3761 κατηδάιρισε
3589 3684 3679 3738 καὶ
3736 3683 3814 3745 εἶς

2168 3769 2313 3822 κόνιν
2369 3768 2675 3825 ἐλέπτυνεν.
2734 3772 2901 3845 Ὀπερ
2962 3772 2989 3825 ὁ
3049 3773 3326 3845 παρεστὼς
3387 3770 3565 3846 δῆμος
3622 3774 3817 3827 θεασά-

2172 3875 2345 3926 μενοι,
2399 3859 2496 3921 τήν
2558 3856 2844 3923 ,ἀσθένειαν
2939 3864 3046 3913 τῶν
3128 3864 3637 3935 προσκυνουμένων,
3724 3863 3816 3917 καὶ

2166 3944 2381 4016 γνόντες
2439 3940 2552 4015 ἅμα
2616 3945 2703 3998 καὶ
2788 3949 3162 4021 καταγνόντες,
3221 3952 3320 4017 τὴν
3389 3951 3599 4021 ἀπάτην
3662 3952 3817 4014 εὐθὺς

2168 4032 2531 4103 ἀποτίθενται,
2599 4035 2687 4088 καὶ
2746 4037 2846 4104 τήν
2914 4033 3187 4091 εὐσέϐειαν
3272 4040 3623 4109 ἀσπάζοντες,
3683 4042 3813 4096 Θεὸν

2169 4119 2391 4176 δυνατὸν
2449 4122 2540 4176 καὶ
2602 4124 2762 4195 μόνον
2830 4123 3311 4197 ἀναγηρύσσοντες·
3380 4126 3437 4179 ’ὸν
3490 4126 3816 4199 ἀγνοοῦντες

2169 4210 2358 4284 πρώην
2430 4210 2851 4285 ἐξεμυκτήριυου
2930 4214 3017 4267 καὶ
3100 4212 3298 4289 γίνεται
3366 4214 3648 4287 παραίτιος
3716 4219 3814 4271 αὐ.

2168 4304 2283 4359 τοῖς
2342 4301 2613 4376 σωτηρίας
2674 4301 2701 4355 ὀ
2772 4304 2973 4376 μάρτυς
3048 4302 3130 4364 οἷς
3217 4303 3477 4377 πρότερον
3563 4301 3816 4373 ἀνοήτως

2171 4385 2382 4463 ἔχουσι,
2429 4389 2518 4444 καὶ
2576 4391 2742 4464 κήρυξ
2791 4393 2930 4446 εἶναι
2992 4390 3223 4467 μωρίας,
3290 4391 3363 4453 ὡς
3425 4396 3632 4466 μωροῖς
3694 4392 3811 4448 ἐνο-

430 4453 609 4528 causa
638 4472 866 4539 salutis,
901 4491 933 4528 a
978 4474 1209 4545 quibus,
1259 4491 1389 4530 cum
1442 4453 1615 4545 prius
1648 4475 1810 4531 stulti
1846 4453 2058 4546 essent,
2091 4453 2147 4518 D
2176 4453 2387 4549 μίῐζετοζ

427 4576 613 4632 preco
646 4576 773 4616 esse
807 4561 1064 4616 stultitiae
1095 4562 1434 4633 putabatur.

504 4650 624 4705 VII.
660 4650 788 4704 Haac
819 4666 950 4704 cum
982 4654 1181 4707 essent
1224 4651 1448 4721 praesidi
1480 4651 1578 4708 irae
1609 4654 1849 4709 materia
1878 4662 1929 4709 et
1962 4671 2063 4712 oc-

428 4738 603 4807 casio,
637 4737 786 4794 aliud
823 4740 959 4808 quid
1003 4739 1133 4795 novi
1166 4739 1449 4808 incidens,
1483 4741 1669 4813 magis
1700 4744 2062 4801 conturbavit

426 4830 483 4881 et
510 4828 579 4881 ad
614 4827 759 4883 iram
794 4829 1107 4883 concitavit
1140 4828 1585 4885 intolerandam.
1619 4832 1889 4894 Quaedam
1920 4834 2059 4889 enim

422 4915 869 4985 adolescentula,
912 4934 1037 4988 qua:
1072 4933 1259 4988 nuper
1284 4934 1353 4974 ex
1380 4919 1758 4990 virginalibus
1789 4920 2059 4979 thalamis

428 5009 786 5074 processerat
833 5010 890 5060 et
921 5023 1061 5062 ausa
1091 5012 1213 5063 erat
1253 5008 1445 5062 venire
1478 5007 1536 5060 in
1568 5013 1938 5077 conspectum
1972 5011 2058 5065 vi-

429 5107 649 5157 rorum,
674 5109 804 5147 cum
825 5110 885 5148 se
907 5094 1310 5151 admiscuisset
1330 5092 1688 5149 multitudini
1707 5099 1764 5150 et
1782 5096 2059 5154 athletam

425 5179 665 5233 fratrem
697 5195 821 5235 esse
843 5184 1198 5253 agnovisset,
1234 5182 1508 5238 accedens
1529 5182 1587 5237 in
1620 5182 1874 5237 medium
1898 5185 2059 5241 thea-

426 5273 599 5330 trum,
624 5281 755 5319 eum
780 5270 1104 5340 complexa,
1128 5272 1325 5326 statim
1349 5270 1589 5325 docebat
1611 5270 1780 5340 signa
1809 5275 2057 5342 generis,

421 5368 481 5407 se
511 5353 741 5406 eosdem
792 5354 1057 5413 videlicet
1097 5376 1266 5415 nosse
1324 5362 1613 5432 parentes,
1654 5360 1853 5415 eodem
1899 5366 2057 5419 utero

420 5454 548 5495 esse
579 5438 785 5501 editos,
823 5456 886 5493 ac
915 5446 1115 5501 eadem
1167 5448 1393 5503 suxisse
1423 5447 1620 5501 ubera.
1653 5446 1870 5504 Deinde
1897 5467 2056 5508 revo-

426 5527 599 5584 cabat
629 5524 689 5578 in
741 5531 992 5585 mentem
1025 5542 1336 5603 parentum
1368 5534 1849 5609 benevolentiam,
1880 5542 1936 5595 et
1966 5557 2061 5598 co-

2237 4662 2305 4713 Z‘.
2339 4660 2521 4714 Ταῦτα
2576 4660 2671 4710 τοῦ
2724 4659 2995 4731 ἡγεμόνος
3052 4658 3188 4735 ὀργῇ
3247 4658 3384 4729 ὕλην
3431 4658 3522 4712 καὶ
3553 4658 3795 4736 ἀφορμὴν

2164 4746 2513 4818 ποιουμένου,
2573 4745 2754 4819 ἕτερόν
2813 4767 2865 4800 τι
2923 4749 3104 4802 καινὸν
3165 4748 3417 4820 ἐμπεσὸν,
3479 4748 3689 4823 ἐτάραξὲ
3739 4765 3791 4800 τε

2164 4834 2418 4907 καὶπρὸς
2480 4833 2646 4906 ὀργήν
2704 4834 2957 4906 ἐξέμηνεν
3012 4836 3401 4911 ἀκατάσχετον.
3460 4837 3650 4897 Νεᾶνις
3703 4834 3797 4909 γάρ

2165 4922 2284 4995 ἄρτι
2341 4926 2448 4977 τῶν
2526 4924 2855 4995 παρθενικῶν
2932 4924 3296 4994 ὑπεξελθοῦσα
3374 4924 3659 4997 θαλάμων,
3717 4921 3803 4977 καὶ

2165 5011 2399 5085 ἀρῥὲνων
2449 5011 2899 5085 καταῦαριέτςσασα
2957 5010 3157 5087 ὅψεως,
3212 5019 3292 5086 τῷ
3350 5014 3549 5084 πλήθει
3611 5013 3802 5079 ἑαυτὴν

2164 5101 2481 5173 ἀναμίξασα,
2540 5100 2628 5152 καὶ
2690 5098 2921 5178 ἀδελφὸν
2979 5105 3119 5157 εἶναι
3172 5103 3262 5158 τὸν
3320 5102 3564 5172 ἀθλητὴν
3625 5100 3806 5175 ὥσπερ

2164 5189 2492 5265 γνωρίσασα,
2530 5187 2689 5258 μέσον
2746 5196 2841 5244 τοῦ
2900 5196 3124 5266 θεάτρου
3171 5192 3537 5267 παρελθοῦσα,
3590 5190 3679 5245 καὶ
3729 5192 3806 5244 τὼ

2164 5281 2318 5353 χεῖρε
2372 5280 2560 5329 τοῦτον
2621 5272 3013 5346 περιϐαλοῦσα,
3095 5279 3247 5339 εὐθὺς
3328 5280 3393 5333 τὰ
3465 5282 3562 5331 τοῦ
3620 5276 3808 5351 γένους

2162 5360 2473 5417 ἀνεδίδασκε
2519 5360 2793 5435 σύμϐολα,
2846 5367 2908 5420 τὸ
2964 5367 3090 5429 τοὺς
3148 5367 3341 5429 αὐτοὺς
3398 5362 3593 5420 εἰδέναι
3652 5367 3811 5421 πανέ-

2166 5474 2277 5527 ρας,
2309 5452 2368 5505 τὸ
2405 5458 2528 5524 μιᾶς
2577 5455 2808 5527 γαστρὸς
2853 5454 3163 5528 προελθεῖν,
3194 5456 3255 5509 τὸ
3285 5456 3410 5514 τοὺς
3464 5452 3658 5515 αὐτοὺς
3711 5455 3810 5523 θη·

2164 5543 2326 5599 λάσαι
2395 5541 2651 5613 μαστούς.
2716 5544 2848 5600 Εἶτα
2903 5546 3102 5620 γονέων
3167 5543 3559 5620 φιλοστοργίας
3614 5542 3809 5615 ἀνεμί-
