4142 6248
265 242 410 302 1061

1119 242 1598 308 MARTYRIUM
1647 247 1758 307 SS.
1805 244 2182 306 EULAMPII
2236 247 2331 308 ET
2375 250 2816 317 EULAMPIJE.
2896 296 2907 306 -

3507 270 3663 332 1062

266 420 492 476 μνησκε,
536 402 888 473 συνοικισμοῦ
915 421 974 455 τε
1001 400 1093 456 καὶ
1129 401 1462 473 ’συναυλίας,
1509 405 1600 459 καὶ
1647 404 1909 460 τοιούτων

2031 403 2535 480 habitationem,et
2557 413 2895 485 hujusmodi
2927 421 3043 477 alia
3071 421 3260 495 signa,
3294 430 3348 482 et
3369 432 3663 498 postremo

262 489 450 546 ἄλλων
501 484 817 562 συμϐόλων·
871 491 957 544 καὶ
1012 489 1174 554 τέλος
1211 497 1313 560 τῆς
1362 492 1528 558 αὐτῆς
1577 492 1778 548 ἐθέλειν
1825 493 1919 564 καὶ

265 581 502 642 πίστεως
559 577 717 654 ἔλεγε
758 579 850 634 καὶ
905 584 1002 634 τοῦ
1061 575 1400 653 σεϐάσματος
1464 588 1774 656 μετασχεῖν,
1829 581 1919 636 καὶ

267 675 376 724 τῶν
440 669 615 724 αὐτῶν
705 674 1028 738 κοινωνῆσαι
1123 668 1204 741 τῷ
1271 669 1492 750 ἀδελφῷ
1559 672 1918 744 παθημάτων.

272 763 457 817 Ταῦτα
492 758 696 826 τοίνυν,
749 758 838 813 τὸν
902 759 995 831 μὲν
1049 756 1423 832 κακοδαίμονα
1476 760 1732 834 τύραννον
1789 763 1921 814 ἀπο-

273 855 389 931 ρίας
436 854 705 927 ἐπλήρου,
751 853 880 917 τοὺς
926 851 983 907 δὲ
1030 855 1220 917 θεατὰς
1267 861 1374 910 τῶν
1430 853 1723 930 δρωμένων
1786 876 1917 928 μετ’

271 944 517 1000 εκαλεῖτο
549 943 684 1016 πρὸς
732 944 832 1012 τὴν
884 938 1172 1014 εὐσέϐειαν,
1229 945 1319 998 καὶ
1375 945 1435 1007 ’ὸς
1485 943 1676 1000 αὐτίκα
1719 946 1918 1019 μικρὸς

270 1031 363 1102 ὣν,
429 1033 565 1107 πρὸς
635 1033 865 1107 μιαροὺς
933 1031 1133 1111 ἐχώρει
1203 1033 1524 1108 λογισμοὺς⁶
1595 1035 1684 1090 καὶ
1802 1036 1915 1098 άθει

275 1120 485 1192 μᾶλλον
537 1125 854 1194 σωματικῆς
915 1121 1218 1191 συνουσίας,
1279 1123 1406 1198 οὐχὶ
1465 1125 1620 1196 πόθῳ
1678 1129 1918 1199 Χριστοῦ

270 1209 574 1286 προσφύναι
625 1214 704 1282 τῷ
759 1212 988 1285 μάρτυρι
1033 1213 1233 1282 ταύτην
1289 1211 1448 1284 ᾤετο.
1507 1210 1682 1288 Δριμὺ
1738 1214 1916 1268 τοίνυν

269 1301 359 1355 καὶ
391 1296 649 1375 ἐμϐριθὲς
691 1301 826 1374 πρὸς
868 1299 1033 1370 αὐτὴν
1085 1303 1348 1364 ἀτενίσας.
1402 1304 1470 1359 Τί
1519 1325 1628 1376 σοι,
1677 1305 1832 1381 φησὶ,
1874 1305 1918 1357 ὦ

268 1389 444 1462 γύναι,
504 1391 567 1445 τὸ
626 1391 866 1468 σόφισμα
925 1389 1187 1466 βούλεται
1251 1397 1433 1462 τοῦτο,
1493 1393 1583 1448 καὶ
1640 1398 1758 1456 πῶς
1818 1390 1919 1464 ἄρα

272 1480 543 1556 πρόφασιν
600 1478 868 1552 ἐρωτικῆς
931 1480 1121 1553 μανίας
1179 1487 1279 1550 τῆς
1337 1480 1472 1554 πρὸς
1529 1483 1620 1536 τὸν
1678 1481 1919 1555 παρόντα

271 1569 482 1622 τουτονὶ
549 1567 848 1638 νεανίσκον,
921 1571 1020 1638 τήν
1125 1575 1222 1638 τῆς
1289 1568 1574 1643 θηρσκείας
1638 1572 1915 1640 μετάθεσιν

272 1655 566 1726 ἐποιήσω;
620 1655 796 1711 Ἀλλᾶ
851 1656 1120 1730 ἀνάνηψον
1170 1665 1272 1727 τῆς
1330 1659 1766 1732 περικεχυμένης
1831 1679 1916 1713 σοι

2025 493 2250 552 dicebat
2302 515 2363 554 se
2414 501 2556 557 velle
2587 518 2712 560 esse
2764 507 3104 579 participem
3132 493 3400 582 ejusdem
3445 517 3576 574 fidei
3607 524 3665 576 et

2024 582 2342 657 religionis,
2363 593 2420 644 et
2450 595 2839 650 communiter
2860 613 2988 652 cum
3014 600 3189 657 fratre
3207 608 3439 661 easdem
3464 608 3662 664 subire

2025 675 2450 744 perpessiones.
2476 681 2588 735 [lac
2612 698 2748 754 ergo
2769 685 3054 744 infelicem
3079 691 3313 761 quidem
3346 698 3658 765 tyrannum

2023 761 2346 832 implebant
2387 767 2796 828 dubitatione:
2843 780 3196 845 spectatores
3237 761 3430 837 autem
3463 801 3660 842 eorum

2025 866 2151 920 quae
2187 851 2422 923 fiebant,
2448 861 2837 929 provocabant
2858 863 2932 918 ad
2951 865 3244 936 pietatem.
3261 871 3542 928 Caeterum
3566 874 3663 930 ille

2024 941 2312 1011 protinus,
2332 959 2463 1000 cum
2487 953 2643 1003 esset
2664 949 3001 1018 sceleratus,
3022 971 3082 1010 se
3111 956 3181 1010 ad
3205 957 3510 1016 sceleratas
3531 979 3664 1018 con-

2023 1028 2196 1084 vertit
2234 1032 2640 1104 cogitationes,
2671 1041 2727 1092 et
2749 1043 2983 1110 propter
3013 1043 3373 1101 affectionem
3405 1051 3662 1119 corporis

2024 1121 2485 1192 consuetudinis,
2519 1141 2634 1179 non
2691 1135 2884 1182 autem
2915 1139 3147 1200 propter
3189 1135 3492 1204 sanguinis
3523 1154 3662 1193 con-

2016 1202 2383 1273 junctionem
2396 1253 2409 1276 ,
2421 1210 2751 1282 Christique
2763 1215 3137 1289 desiderium,
3153 1202 3523 1279 existimabat
3538 1243 3662 1282 eam

2025 1292 2318 1350 adhaerere
2351 1301 2612 1370 martyri.
2639 1301 2821 1357 Torve
2843 1303 3038 1374 itaque
3061 1312 3118 1362 et
3145 1308 3408 1364 ferociter
3432 1327 3557 1368 eam
3580 1314 3662 1370 in-

2025 1386 2193 1437 tuens
2227 1399 2240 1437 :
2275 1383 2421 1446 Quid
2454 1386 2584 1455 sibi,
2613 1388 2824 1458 inquit,
2860 1409 2891 1446 o
2923 1393 3152 1461 mulier,
3181 1397 3306 1452 vult
3350 1398 3457 1454 hoc
3487 1405 3659 1458 tuum

2025 1476 2446 1544 commentum,
2470 1479 2526 1530 et
2545 1480 2837 1546 quomodo
2861 1487 3094 1553 prapter
3113 1483 3402 1542 insaniam
3423 1488 3481 1542 in
3505 1489 3663 1548 hunc

2023 1557 2452 1617 adolescentem
2513 1567 2752 1621 mutasti
2813 1568 3203 1640 religionem?
3233 1575 3341 1630 Sed
3383 1578 3661 1648 resipisce

2021 1646 2095 1700 ab
2126 1646 2236 1706 hac
2257 1649 2610 1709 circumfusa
2640 1653 2886 1727 caligine
2918 1662 3033 1714 tua
3064 1646 3662 1739 affectionis,etplaca

269 1744 474 1815 ταύτης
498 1749 595 1800 τοῦ
625 1747 829 1809 πάθους
858 1744 1089 1824 ἀχλύος,
1133 1747 1225 1802 καὶ
1255 1750 1317 1802 τὸ
1368 1747 1755 1822 φιλάνθρωπον
1799 1753 1906 1804 τῶν

2031 1733 2366 1794 invictorum
2394 1740 2637 1797 deorum
2669 1743 3054 1803 clementiam.
3082 1749 3189 1812 Qui
3221 1751 3478 1823 ﬁtenim,
3503 1758 3658 1826 quod

268 1832 553 1903 ἀηττήτων
609 1836 741 1889 θεῶν
774 1833 1079 1907 ἐξιλέωσαι·
1106 1836 1165 1890 Τί
1211 1836 1314 1912 γὰρ
1371 1839 1432 1892 τὸ
1487 1836 1657 1900 οὕτως
1707 1860 1762 1893 σε
1813 1860 1908 1911 με-

267 1923 520 1976 τάπεῖσαν
573 1922 800 1996 ἀθρόως,
846 1923 983 1978 ὥστε
1039 1927 1134 1978 τοῦ
1191 1921 1416 1993 ἡδίστου
1471 1925 1666 1981 τούτου
1707 1929 1908 2006 φωτὸς,

266 2009 356 2063 καὶ
388 2015 496 2064 τῶν
528 2010 578 2064 έν
621 2011 725 2086 βίῳ
753 2016 996 2086 τερπνῶν
1038 2013 1362 2083 ἀποστῆναι,
1414 2015 1576 2090 γόητι
1627 2013 1683 2070 δὲ
1729 2019 1912 2088 νεανίᾳ

267 2097 777 2172 προσκολληθῆναι,
824 2100 913 2154 καί
966 2098 1170 2156 ἀναιδεῖ
1219 2103 1499 2177 προσώπῳ
1545 2107 1622 2174 τῷ
1670 2106 1913 2180 ἡμετέρῳ

273 2188 484 2260 βήματι
551 2195 911 2261 παραστῆναι,
977 2190 1044 2245 τὰ
1110 2196 1381 2266 συγγενῶν
1460 2193 1914 2266 ὑποκρινομένην,

271 2275 360 2329 καὶ
406 2276 542 2351 πρὸς
595 2273 893 2354 ἀδελφικὴν
958 2278 1189 2348 ἑνότητα
1236 2280 1335 2346 τὴν
1386 2281 1572 2354 σχέσιν
1614 2283 1919 2353 μετατιθεῖ-

277 2381 392 2418 σαν·
425 2361 570 2432 πλὴν
604 2363 730 2419 ἀλλ’
788 2365 848 2420 οὐ
906 2369 1002 2420 τοῦ
1050 2366 1321 2442 ἡμετέρου
1367 2369 1751 2444 καταγελάσεις
1814 2371 1919 2445 βή-

285 2472 472 2524 ματος,
505 2449 632 2507 οὐδὲ
697 2457 806 2507 τῶν
852 2453 1264 2528 αὐτοκρατόρων
1322 2459 1714 2530 καταμωκήσῃ,
1779 2478 1921 2531 μαρ-

277 2541 513 2616 τύρομαι
554 2543 706 2606 θεοὺς
755 2545 1014 2615 ἅπαντας,
1064 2543 1153 2598 καὶ
1201 2543 1264 2599 τὰ
1306 2549 1403 2600 τοῦ
1463 2546 1712 2620 βήματος
1760 2549 1920 2620 ἡμῶν

281 2629 521 2704 εὐμενὲς,
552 2631 639 2685 καὶ
684 2630 1093 2710 φιλάνθρωπον,
1154 2632 1230 2693 ὡς
1273 2630 1426 2687 οὐδὲν
1475 2653 1526 2686 τι
1577 2632 1743 2688 πλέον
1783 2635 1917 2704 ’ἐξεις

281 2717 630 2791 Εὐλαμπίου,
661 2721 695 2790 ἢ
725 2721 787 2774 τὸ
819 2720 1030 2794 χείροσι
1064 2721 1315 2794 βασάνοις
1347 2717 1748 2791 ὑποϐληθῆναι.

352 2809 434 2864 Η’.
483 2811 623 2881 Πρὸς
670 2808 804 2882 ἅπερ
834 2811 868 2877 ἡ
906 2808 1108 2882 μάρτυς
1155 2808 1455 2884 ἀβρενωπῷ
1508 2815 1586 2880 τῷ
1635 2813 1920 2887 φρονήμα-

279 2917 354 2964 τι,
388 2895 650 2970 εὔστοχον
689 2896 950 2966 ἐποιεῖτο,
979 2897 1073 2950 καὶ
1120 2899 1218 2965 τὴν
1266 2896 1575 2969 ἂπὸκρισίνο
1630 2903 1920 2968 νΑκουσαν,

281 2986 528 3054 εἰποῦσα,
562 2983 605 3038 ὦ
647 2982 892 3054 δικαστὰ,
949 2985 1038 3038 καὶ
1095 2985 1188 3038 τὸν
1247 2983 1376 3056 ἐμὸν
1437 2984 1513 3044 ὡς
1570 2979 1685 3058 ἔχει
1753 2988 1922 3061 γνῶθι

2017 1826 2082 1878 tu
2114 1828 2234 1880 tam
2265 1833 2505 1897 repente
2541 1829 2623 1886 sis
2657 1835 2898 1898 mutata,
2932 1839 2993 1890 ut
3021 1835 3092 1890 ab
3124 1837 3231 1893 hac
3261 1838 3388 1897 luce
3431 1845 3659 1900 suavis-

2019 1911 2192 1982 sima,
2215 1917 2274 1968 et
2303 1914 2374 1968 ab
2409 1915 2480 1971 iis
2513 1933 2639 1989 quae
2663 1925 2799 1975 sunt
2820 1920 2877 1976 in
2902 1923 3021 1979 vita
3042 1925 3330 1997 jucunda,
3363 1930 3663 2005 discedas;

2021 2000 2428 2072 praestigiatori
2467 2011 2658 2062 autem
2711 2009 2910 2078 juveni
2962 2013 3339 2085 adhaarescas,
3372 2023 3428 2074 et
3474 2000 3665 2092 impu;

2023 2089 2182 2144 denti
2219 2090 2382 2147 vultu
2414 2094 2484 2148 ad
2518 2099 2773 2152 nostrum
2805 2106 2857 2154 te
2887 2100 3059 2156 sistas
3081 2102 3358 2171 tribunal,
3383 2089 3663 2164 simulan-

2023 2183 2142 2233 tem
2174 2181 2603 2251 cognationem,
2649 2189 2707 2241 et
2736 2189 3131 2246 traducentem
3174 2197 3658 2254 consuetudinem

2028 2267 2099 2320 ad
2125 2267 2437 2324 fraternam
2469 2273 2743 2330 unionem
2766 2276 2793 2329 *Γ
2824 2276 3028 2332 Verum
3074 2281 3366 2337 enimvero
3397 2288 3661 2341 nostrum

2028 2355 2284 2411 tribunal
2316 2375 2428 2413 non
2460 2359 2753 2432 irridebis,
2777 2380 2880 2420 nec
2912 2367 3285 2436 imperatores
3312 2369 3552 2428 habebis
3576 2373 3664 2428 lu-

2031 2443 2237 2500 dibrio.
2271 2447 2476 2503 Testor
2509 2449 2644 2504 deos
2673 2467 2899 2519 omnes,
2930 2458 2987 2508 et
3017 2457 3201 2512 nostri
3233 2458 3539 2516 tribunalis
3569 2461 3664 2516 be-

2032 2531 2375 2603 nignitatem
2409 2540 2464 2590 et
2494 2537 2881 2610 clementiam,
2912 2541 3014 2598 tibi
3047 2543 3190 2599 nihil
3222 2547 3474 2618 amplius
3506 2549 3663 2605 futu-

2031 2635 2183 2687 rum,
2218 2637 2396 2691 quam
2452 2625 2777 2697 Eulampio,
2828 2629 2942 2685 nisi
3000 2632 3157 2702 quod
3229 2634 3312 2690 sis
3371 2637 3666 2706 pejoribus

2032 2711 2340 2766 tormentis
2372 2712 2754 2782 subjicienda.

2102 2797 2243 2855 VIlI.
2266 2802 2352 2856 Ad
2384 2803 2502 2858 hazc
2522 2810 2736 2878 martyr
2757 2808 3083 2865 masculino
3105 2811 3310 2881 spiritu
3335 2817 3392 2868 et
3421 2815 3669 2872 audacia

2033 2891 2164 2956 apte
2195 2891 2493 2958 respondit
2524 2907 2537 2946 :
2573 2893 2742 2960 Audi,
2762 2895 2982 2962 dicens,
3015 2913 3047 2952 ο
3070 2899 3270 2966 judex,
3304 2905 3361 2955 et
3389 2917 3670 2974 cognosce

2034 2989 2230 3029 meum
2290 2985 2351 3029 ut
2397 2995 2458 3034 se
2516 2979 2686 3037 habet
2733 2999 2972 3055 scopum
3022 3003 3088 3041 ac
3145 2988 3496 3046 institutum.
3530 2993 3667 3049 Sum

281 3073 503 3130 σκοπόν.
539 3077 777 3146 Χριστοῦ
811 3074 1043 3151 ὑπάρχω
1103 3069 1299 3142 δούλη·
1343 3073 1580 3173 Χριστδς
1630 3073 1754 3146 ἐμοὶ

2033 3061 2247 3117 Christi
2303 3065 2532 3123 ancilla.
2565 3069 2829 3126 Christus
2871 3077 2961 3128 est
3017 3075 3157 3129 mihi
3189 3077 3324 3145 vita,
3357 3082 3413 3133 et
3459 3080 3669 3136 animae

281 3162 374 3216 καὶ
405 3167 592 3241 ψυχῆς
625 3161 967 3237 ἀγαλλίαμα.
1018 3161 1232 3219 Τούτου
1284 3163 1414 3236 έρῶ,
1462 3161 1641 3235 τούτῳ
1689 3161 1924 3230 σπεύδω,

282 3257 530 3320 τυθῆναι.
609 3253 767 3326 Ὑπὲρ
831 3249 1030 3306 τούτου
1115 3253 1203 3305 καί
1297 3255 1405 3326 πῦρ
1470 3251 1766 3327 εὐτρέπιζε,
1834 3253 1923 3306 καὶ

287 3343 456 3413 θῆρας
488 3339 601 3414 ἄγε,
633 3341 722 3395 καὶ
760 3338 1002 3419 τροχοὺς
1051 3338 1322 3413 ἑτοίμαζε,
1373 3340 1462 3395 καὶ
1512 3339 1635 3417 ξίφη
1693 3341 1922 3416 γύμνου,

285 3430 374 3484 καὶ
421 3435 594 3484 πᾶσαν
650 3426 828 3498 ἄλλην
883 3427 1085 3484 ἐπινόει
1146 3429 1397 3503 βάσανον,
1455 3429 1546 3483 ἳνα
1603 3430 1780 3502 μάθῃς
1839 3428 1924 3483 ὅτι

286 3519 393 3593 οὐχ
431 3517 605 3579 οὕτως
636 3517 864 3594 ἀγεννὴς
897 3517 1007 3593 ἐγὼ
1037 3518 1126 3570 καὶ
1166 3516 1534 3591 μικρύψυχος,
1576 3516 1659 3584 οὐ,
1713 3518 1788 3589 μὰ
1830 3519 1924 3572 τὸν

288 3609 421 3682 ὗπὶρ
451 3602 720 3668 εὐσεϐείας
765 3609 957 3661 τοῦτον
1006 3605 1208 3678 ἀγῶνα,
1257 3606 1315 3658 ’ὸν
1373 3605 1463 3658 καὶ
1524 3604 1688 3679 μέχρι
1734 3604 1927 3666 τέλους

284 3695 624 3772 ἄγωνιοῦμαί
679 3715 738 3748 τε
779 3694 868 3748 καὶ
911 3691 1248 3768 δραμοῦμαι,
1307 3693 1397 3747 καὶ
1442 3694 1576 3768 πρὸς
1621 3697 1726 3747 πᾶν
1781 3691 1925 3756 εἶδος

284 3784 563 3843 κολάσεως
641 3783 834 3850 ἑαυτὴν
903 3778 1120 3836 ἔκδοτον
1212 3783 1564 3854 παραστήσω,
1634 3779 1728 3836 ’ίνα
1783 3786 1928 3857 γνῷς

287 3874 372 3928 ὅτι
439 3869 647 3947 ἁδελφή
707 3868 812 3945 ἔγὼ
861 3869 1078 3942 τούτου,
1132 3871 1219 3924 καὶ
1277 3871 1344 3924 τὰ
1398 3867 1607 3944 ἀδελφὰ
1656 3875 1926 3948 φρονοῦσα

283 3966 379 4016 τοῦ
410 3962 504 4020 τὰς
545 3959 640 4023 σὰς
690 3959 956 4035 βασάνους
1009 3960 1084 4031 μὴ
1140 3959 1567 4029 ὑποπτήξαντος,
1612 3960 1700 4014 καὶ
1748 3959 1812 4014 τὰ
1861 3959 1926 4014 σά

285 4045 598 4122 σεϐάσματα
652 4047 1075 4114 καταλύσαντος,
1134 4047 1223 4101 καὶ
1280 4049 1432 4110 αὖθις
1492 4045 1548 4102 δέ
1604 4069 1691 4102 σοι
1755 4049 1922 4126 φημὶ,

288 4138 365 4209 μὴ
433 4137 568 4210 πρὸς
643 4135 744 4202 τήν
807 4141 907 4203 τῆς
986 4133 1294 4208 γυναικείας
1360 4133 1570 4210 φύσεως
1651 4133 1923 4212 ἀφορῶντι

283 4223 580 4292 ἀσθένειαν,
650 4224 862 4293 ἀνάξιόν
937 4243 990 4277 τι
1045 4229 1145 4292 τῆς
1203 4220 1438 4283 διανοίας
1503 4223 1599 4291 τῆς
1655 4220 1923 4295 ἡμετέρας

285 4312 522 4381 ἐλπίσαι,
557 4309 698 4385 μηδὲ
735 4313 797 4367 τὸ
842 4319 943 4380 τῆς
992 4310 1214 4380 ἡλικίας
1269 4310 1476 4364 ἁπαλὸν
1531 4309 1923 4378 εὐεξαπάτητον

283 4403 502 4470 νομίσαι
530 4405 647 4458 ταῖς
694 4405 812 4460 σαῖς
867 4398 1154 4459 ἐπινοίαις.
1186 4399 1247 4452 '0
1294 4397 1398 4472 γὰρ
1443 4397 1580 4470 πρὸς
1627 4397 1716 4451 τὸν
1765 4396 1925 4452 αὐτοῦ

2034 3152 2366 3206 exsultatio.
2399 3155 2539 3209 Eum
2572 3173 2724 3224 amo,
2756 3161 2806 3214 ei
2837 3162 3042 3217 studeo
3074 3165 3411 3220 sacrificari.
3441 3171 3549 3224 Pro
3598 3185 3664 3225 eo

2033 3244 2088 3295 et
2139 3239 2334 3312 ignem
2367 3259 2525 3313 para,
2557 3247 2614 3299 et
2652 3246 2764 3301 duc
2795 3248 3033 3317 bestias,
3067 3257 3121 3306 et
3155 3257 3310 3309 rotas
3358 3256 3585 3327 expedi,
3616 3263 3672 3313 et

2033 3328 2254 3401 stringe
2283 3345 2476 3398 enses,
2507 3335 2564 3387 et
2608 3334 2870 3405 excogita
2904 3353 3072 3392 omne
3101 3340 3256 3394 aliud
3291 3344 3667 3414 tormentum,

2033 3422 2098 3473 ut
2125 3419 2276 3474 scias
2306 3435 2399 3474 me
2439 3436 2552 3477 non
2598 3437 2726 3478 esse
2754 3427 2875 3480 tam
2910 3425 3102 3497 ignavi
3131 3433 3188 3484 et
3237 3430 3437 3499 pusilli
3466 3434 3668 3488 animi.

2031 3511 2173 3575 Hoc,
2199 3511 2348 3581 quod
2375 3527 2478 3582 pro
2499 3511 2708 3582 pietate
2730 3513 3046 3585 suscipitur
3071 3521 3467 3586 certamen,ad
3493 3522 3669 3577 finem

2034 3613 2221 3668 usque
2264 3598 2564 3656 decertabo
2594 3608 2647 3656 et
2679 3617 2970 3673 peragam,
3004 3608 3062 3660 et
3109 3606 3388 3678 meipsam
3441 3611 3668 3666 tradam

2031 3685 2101 3740 ad
2136 3700 2308 3741 omne
2346 3701 2533 3757 genus
2565 3689 2854 3759 supplicii,
2889 3699 2946 3746 ut
2970 3693 3114 3748 scias
3147 3709 3236 3749 me
3266 3709 3394 3751 esse
3426 3698 3551 3767 ejus
3577 3715 3671 3754 so-

2035 3791 2248 3843 rorem,
2279 3781 2338 3831 et
2368 3777 2616 3833 fraterne
2646 3779 2872 3850 eadem,
2913 3796 3039 3850 quae
3068 3780 3166 3839 ille
3205 3784 3404 3855 sentit,
3438 3788 3669 3856 sentire,

2033 3864 2131 3936 qui
2163 3872 2260 3919 tua
2289 3868 2580 3922 tormenta
2609 3884 2724 3922 non
2758 3868 3108 3940 formidavit,
3150 3876 3208 3928 et
3237 3889 3304 3929 ea
3345 3891 3470 3945 quae
3505 3877 3671 3946 colis,

2032 3953 2346 4009 simulacra
2377 3955 2572 4011 diruit.
2629 3959 2806 4013 Porro
2839 3963 3030 4015 autem
3067 3977 3269 4018 rursus
3306 3979 3537 4035 quoque
3570 3965 3674 4020 tibi

2031 4041 2178 4110 dico,
2215 4059 2284 4097 ne
2316 4044 2604 4114 aspiciens
2633 4047 2704 4100 ad
2738 4045 3038 4103 muliebris
3085 4065 3258 4104 sexus
3305 4051 3672 4108 imbecillita-

2030 4135 2168 4199 tem,
2201 4147 2402 4200 speres
2433 4132 2652 4202 aliquid
2678 4133 2982 4205 indignum
3017 4141 3215 4192 nostra
3237 4142 3451 4207 mente,
3484 4157 3673 4212 neque

2033 4218 2218 4273 aetatis
2277 4217 2577 4273 mollitiem
2613 4226 2779 4289 putes
2819 4221 2936 4275 tuis
2992 4221 3241 4278 inventis
3289 4225 3455 4281 facile
3503 4245 3674 4297 posse

2033 4305 2242 4376 decipi.
2277 4306 2384 4370 Qui
2405 4305 2564 4361 enim
2595 4322 2700 4363 nos
2722 4308 2792 4362 ad
2825 4307 3085 4364 divinum
3111 4326 3282 4367 suum
3311 4313 3486 4368 erexit
3516 4331 3672 4372 amo-

2031 4409 2177 4461 rem,
2210 4401 2263 4449 et
2287 4410 2390 4449 nos
2420 4396 2666 4450 armavit
2696 4397 2768 4451 ad
2792 4395 3008 4453 bellum
3042 4403 3244 4455 contra
3268 4404 3325 4459 te
3350 4403 3669 4473 gerendum

287 4467 462 4564 ἕρωτα
491 4488 772 4557 πτερώσας
812 4489 983 4558 ἡμᾶς,
1028 4485 1118 4539 καὶ
1164 4487 1302 4559 πρὸς
1351 4485 1443 4539 τὸν
1488 4483 1624 4539 κατὰ
1677 4488 1792 4552 σοῦ,
1832 4485 1920 4539 καὶ

2033 4489 2086 4538 el
2115 4481 2433 4550 diabolum,
2459 4483 2583 4554 ipse
2613 4487 2670 4540 et
2707 4484 2986 4554 praebebit
3015 4485 3166 4542 vires
3195 4491 3254 4544 et
3283 4467 3672 4548 clarissimam

286 4582 382 4632 τοῦ
442 4571 706 4631 διαϐόλου
764 4573 1008 4646 πόλεμον
1066 4572 1421 4647 καθοπλίσας,
1469 4574 1632 4639 αὐτὸς
1682 4573 1772 4629 καὶ
1826 4576 1927 4645 τὴν

290 4663 520 4738 δύναμιν
587 4661 778 4739 ὀρέξει,
834 4662 926 4717 καὶ
972 4663 1073 4731 τήν
1128 4664 1279 4730 νίκην
1333 4659 1789 4741 περιφανεστάτην
1838 4663 1926 4737 έρ-

287 4753 447 4829 γάσετ
453 4773 484 4806 α
493 4774 506 4806 ι
514 4797 527 4810 .

360 4844 437 4899 ϐ’.
485 4842 708 4902 Τούτοις
769 4843 797 4911 ἡ
861 4841 1065 4916 μάρτυς
1118 4841 1638 4919 πεπαῤῥησιασμένῃ
1696 4839 1921 4916 γλώττῃ

287 4936 386 4988 τοῦ
435 4932 691 5008 τυράννου
750 4934 933 5004 σαφῶς
1013 4931 1544 5006 καταρητορεύσασα,
1609 4929 1924 5007 έρῥαπίζετο

289 5022 385 5082 τὰς
444 5019 668 5096 παρείας
724 5020 1104 5094 ἀπηνέστερον,
1162 5020 1254 5074 καὶ
1315 5015 1439 5093 ὄψιν
1513 5019 1754 5093 ἰσχυρῶς
1810 5040 1926 5072 συν-

291 5105 555 5185 ετρίϐετο,
591 5109 654 5164 τὸ
704 5105 760 5163 δὲ
804 5115 903 5178 τῆς
967 5111 1182 5184 μορφῆς
1238 5107 1458 5183 ἐπίχαρι
1514 5106 1922 5177 καθηλλοίωτο,

289 5201 379 5255 καὶ
434 5199 497 5254 τὸ
554 5205 652 5268 τῆς
701 5205 886 5275 φωνῆς
943 5194 1226 5253 ἐσϐέννυτο
1282 5195 1530 5273 ὄργανον,
1588 5201 1655 5270 τῇ
1710 5202 1926 5272 συνεχεῖ

288 5294 394 5344 τῶν
433 5289 788 5362 ῥαπισμάτων
837 5287 1083 5364 ἐπιφορᾷ.
1141 5289 1281 5360 Πρὸς
1331 5291 1497 5342 ταῦτα
1543 5287 1662 5361 εἶχε
1711 5287 1803 5359 μὲν
1833 5288 1925 5340 τὸν

291 5375 523 5457 ἀδελφὸν
584 5375 980 5453 ἐπιρρωννύντα
1034 5377 1124 5430 καὶ
1183 5377 1592 5450 παραθήγοντα,
1643 5374 1731 5430 καὶ
1787 5376 1922 5449 πρὸς

290 5467 384 5527 τὰς
447 5466 709 5538 βασάνους
777 5463 1174 5536 εὐτολμοτέραν
1224 5463 1357 5519 εἶναι
1403 5467 1678 5518 ποιοῦντα·
1736 5460 1924 5536 ἠνδρί-

298 5561 416 5624 ζετο
451 5553 626 5610 δὲκαὶ
669 5554 804 5624 αὐτή
847 5555 962 5608 καθ’
1019 5553 1142 5608 ὅσον
1204 5554 1316 5609 οἷόν
1374 5573 1432 5608 τε
1484 5552 1572 5608 καὶ
1631 5550 1922 5626 λογισμοῖς

2036 4571 2248 4628 efficiet
2285 4571 2608 4630 victoriam.

2106 4839 2195 4895 IX.
2229 4839 2359 4895 Haec
2389 4844 2609 4912 martyr
2638 4839 2843 4912 lingua
2871 4839 3052 4896 libera
3097 4845 3293 4911 aperte
3339 4842 3534 4897 dicens
3563 4843 3633 4897 ad
3653 4873 3673 4884 -

2032 4943 2235 4983 versus
2249 4935 2579 5000 tyrannum,
2599 4926 2873 4998 colaphos
2890 4929 3054 5000 genis
3072 4928 3674 4999 crudeliterimpactos

2034 5017 2275 5087 accepit,
2305 5021 2362 5071 et
2405 5016 2516 5071 fuit
2544 5016 2670 5086 ejus
2717 5015 2912 5073 vultus
2941 5016 3314 5072 vehementer
3360 5022 3666 5075 contusus.

2033 5109 2254 5161 Mutata
2315 5109 2403 5161 est
2432 5110 2594 5162 autm
2625 5106 2754 5176 ejus
2785 5106 2981 5161 formae
3009 5105 3214 5177 gratia,
3236 5110 3293 5162 et
3321 5107 3668 5164 exstinctum

2032 5193 2142 5250 fuit
2172 5193 2324 5250 vocis
2353 5194 2810 5250 instrumentum
2844 5193 3080 5249 inﬂictis
3123 5195 3483 5252 continenter
3512 5196 3668 5252 cola-

2032 5283 2183 5353 phis.
2216 5285 2300 5339 Ad
2335 5283 2457 5338 haac
2487 5283 2734 5339 habebat
2768 5283 3002 5353 quidem
3035 5283 3269 5340 fratrem
3301 5301 3425 5342 eam
3457 5288 3669 5343 conﬁr-

2032 5375 2304 5442 mantem,
2335 5379 2390 5429 et
2427 5372 2791 5440 inoitantem,
2823 5376 2880 5427 et
2931 5372 3295 5429 audaciorem
3328 5376 3670 5433 reddentem

2034 5463 2105 5518 ad
2137 5462 2473 5518 certamina.
2490 5462 2623 5518 Erat
2643 5464 2838 5517 autem
2860 5461 2990 5534 ipsa
3010 5479 3242 5534 quoque
3257 5464 3462 5535 virilis,
3480 5469 3669 5536 quoad

2032 5552 2159 5624 ejus
2184 5551 2306 5608 ﬁeri
2328 5554 2640 5624 poterat,et
2674 5552 2970 5622 generosis
3011 5553 3456 5626 cogitationibus
3493 5556 3675 5613 imbe-
