4142 6248
493 191 643 251 1063

491 350 787 410 cillitatem
813 352 1031 406 naturae
1051 348 1360 403 reﬁciebat.
1387 346 1494 402 Sed
1528 345 1649 401 haec
1683 360 1796 400 non
1827 347 1993 399 erant
2014 358 2126 398 om-

2256 339 2493 409 rswaiom
2558 340 2621 395 τὸ
2687 338 2899 403 ἀσθενὲς

492 440 631 495 nino
657 437 882 510 praesidi
913 435 1239 492 tolerabilia
1258 433 1471 490 videnti
1494 440 1546 488 et
1570 448 1772 488 meram
1796 435 2133 487 sanctorum

491 527 768 598 loquendi
798 527 1124 581 libertatem
1156 528 1213 580 et
1260 522 1499 579 minime
1531 523 1832 578 cedentem
1884 519 2135 575 toleran-

494 618 655 673 tiam.
688 616 852 671 Unde
908 616 1080 670 etiam
1131 630 1332 669 rursus
1388 629 1532 668 nova
1580 610 1985 683 excogitantur
2014 615 2136 665 tor-

494 710 692 762 menta
724 722 737 760 :
771 705 1040 774 lebesque
1073 704 1339 775 protinus
1372 706 1609 772 paratus
1640 701 1749 755 fuit
1780 698 2056 767 bulliens,
2078 704 2138 753 ut

497 799 775 862 martyres
823 793 1130 863 exciperet.
1172 790 1237 847 In
1286 807 1458 862 quem
1502 788 1847 858 Eulampius
1898 787 2134 858 quidem

497 881 855 938 confidenter
892 885 981 937 est
1010 881 1313 951 ingressus
1364 896 1377 935 :
1428 878 1731 948 Eulampia
1789 880 1981 933 autem
2034 878 2139 948 (ita

501 973 657 1028 enim
704 970 1108 1043 appellabatur
1139 973 1195 1025 et
1241 969 1392 1042 ipsa)
1422 973 1702 1039 tanquam
1753 966 2035 1037 caligans,
2078 971 2140 1021 ut

505 1077 631 1131 quae
662 1063 814 1115 esset
836 1066 1041 1113 natura
1064 1057 1313 1127 mollior,
1331 1062 1388 1114 et
1409 1074 1441 1112 a
1465 1058 1721 1128 maligno
1746 1056 2142 1127 impelleretur

502 1150 574 1204 ad
629 1147 1026 1213 timiditatem,
1060 1145 1409 1202 labascebat.
1443 1145 1555 1202 Sed
1604 1146 1802 1215 frater,
1843 1149 1943 1216 qui
1988 1144 2140 1198 idem

500 1240 625 1292 erat
671 1236 866 1290 socius
934 1235 1292 1302 certaminis,
1354 1236 1425 1290 ab
1471 1235 1586 1290 imo
1641 1249 1963 1303 emergens,
2016 1236 2142 1288 tan-

502 1339 679 1395 quam
727 1338 795 1377 ex
843 1323 1036 1393 aliquo
1090 1322 1348 1377 convivio
1396 1327 1454 1377 et
1501 1321 1722 1393 requie,
1776 1321 2013 1375 vocabat
2058 1337 2143 1376 so-

501 1428 716 1479 rorem,
750 1414 809 1466 et
837 1410 889 1466 ei
915 1410 1164 1465 addebat
1193 1410 1475 1476 animum,
1508 1414 1564 1465 et
1594 1409 1940 1464 hortabatur
1971 1412 2034 1463 ut
2060 1408 2146 1463 in-

503 1501 843 1574 grederetur
864 1500 1103 1556 lebetem
1129 1500 1328 1555 dicens
1354 1516 1367 1554 :
1392 1498 1545 1554 Nihil
1571 1499 1928 1564 extimescas,
1952 1498 2142 1553 solum

506 1590 808 1646 attendens
852 1590 908 1643 id
940 1588 1095 1659 quod
1124 1589 1368 1655 videtur,
1397 1592 1452 1643 et
1482 1604 1596 1643 non
1631 1588 1703 1642 ad
1736 1592 1916 1642 Deum
1946 1586 2144 1642 oculos

505 1680 714 1735 animae
749 1677 1145 1749 defigens,cui
1175 1680 1231 1731 et
1261 1677 1646 1732 communiter
1676 1675 2053 1742 credidimus,
2087 1679 2144 1730 et

503 1783 679 1838 aquo
730 1767 1045 1821 maximam
1094 1765 1427 1824 invenimus
1477 1765 2025 1821 remunerationem.
2082 1764 2138 1818 Si

504 1857 660 1913 enim
694 1856 845 1912 hanc
894 1855 1229 1911 bullientem
1269 1871 1482 1925 aquam
1535 1854 1724 1910 solum
1756 1854 2035 1925 attigeris,
2070 1854 2142 1909 ab

502 1946 632 2016 ipso
668 1960 943 2016 magnum
974 1942 1188 2000 senties
1211 1944 1514 2013 auxilium,
1548 1944 1714 2013 cuius
1739 1958 1843 2013 ego
1877 1948 2010 1997 tuus
2037 1942 2144 1996 fra-

503 2038 593 2088 ter
639 2049 761 2087 sum
795 2031 984 2099 testis,
1028 2033 1127 2103 qui
1169 2033 1251 2087 sic
1289 2032 1397 2087 tibi
1448 2048 1651 2089 cernor
1701 2029 2055 2103 impatibilis,
2089 2035 2145 2086 et

508 2121 654 2177 nihil
679 2120 892 2177 doloris
922 2123 1195 2177 sentiens.

576 2303 642 2360 X.
669 2303 768 2359 His
787 2318 1073 2376 persuasa
1095 2302 1415 2375 Eulampia,
1431 2307 1486 2359 et
1505 2302 1744 2359 omnino
1768 2303 2145 2375 acquiescens

507 2394 638 2465 ejus
660 2391 1053 2460 suasionibus,
1077 2394 1342 2464 protinus
1374 2397 1641 2464 prompto
1672 2392 1916 2449 etalacri
1949 2393 2145 2448 animo

502 2484 768 2552 ingressa
823 2488 906 2537 est
958 2481 1225 2537 lebetem.
1273 2482 1489 2538 Deinde
1540 2482 1714 2537 etiam
1754 2482 2145 2538 communiter

506 2570 711 2640 spiritu
760 2570 1134 2636 exsultantes,
1170 2569 1286 2625 lenti
1328 2578 1707 2640 susceperunt
1740 2569 2089 2640 supplicium
2126 2584 2140 2634 ;

507 2662 565 2714 et
594 2657 860 2730 protinus
892 2657 1051 2713 lebes
1083 2657 1261 2712 evasit
1292 2656 1555 2728 frigidus,
1588 2663 1639 2711 et
1672 2656 1816 2712 nihil
1850 2656 1981 2711 mali
2017 2673 2145 2729 pas-

511 2764 610 2803 sos
639 2746 925 2802 continuit
972 2748 1279 2817 martyres.
1312 2744 1509 2815 Neque
1547 2760 1679 2799 vero
1724 2760 1981 2815 eousque
2014 2762 2148 2800 con-

511 2834 659 2890 stitit
689 2849 781 2889 res
811 2832 1191 2897 admirabilis,
1225 2832 1326 2887 sed
1356 2832 1528 2887 etiam
1562 2848 1676 2887 non
1717 2848 1932 2903 paucos
1955 2849 2023 2888 ex
2052 2833 2144 2903 iis,

513 2923 613 2994 qui
646 2922 1121 2989 circumstabant,
1154 2920 1383 2975 induxit
1408 2921 1478 2975 ad
1512 2921 1804 2991 pietatem.
1841 2926 2013 2976 Porro
2043 2938 2147 2975 au-

512 3015 627 3066 tem
655 3010 845 3081 ipsum
877 3026 1103 3080 quoque
1125 3014 1461 3079 tyrannum,
1494 3014 1551 3063 et
1580 3012 1626 3063 si
1657 3026 1773 3065 non
1807 3026 1948 3081 pure
1978 3010 2149 3066 traxit

1830 181 2114 245 MENSIS
2160 180 2542 241 OCTOBER.

3734 178 3850 241 106

2995 346 3095 409 τῆς
3187 339 3397 419 φύσεως
3490 338 3891 415 ἀνελάμϐανεν.

2243 426 2399 484 Ἀλλ’
2431 428 2528 482 οὐκ
2575 431 2641 496 ἦν
2692 426 2838 490 ὅλως
2888 431 3101 508 φορητὰ
3159 428 3327 486 ταῦτα
3381 436 3460 503 τῷ
3516 431 3770 507 ἡγεμόνι,
3833 430 3897 487 τό

2242 538 2299 571 τε
2353 523 2451 585 τῆς
2500 516 2807 593 παρῥησίας
2864 516 3112 593 ἄκρατον,
3172 520 3259 574 καὶ
3316 521 3379 575 τὸ
3434 528 3534 590 τῆς
3604 522 3896 594 ὑπομονῆς

2244 604 2518 661 ἀνένδοτον
2553 611 2659 661 τῶν
2692 608 2862 681 ἁγίων
2914 610 3128 683 ὁρῶντι,
3179 609 3297 673 ὅθεν
3348 611 3437 664 καὶ
3482 609 3649 665 πάλιν
3694 632 3897 666 καινο-

2244 698 2372 769 τέρα
2445 695 2823 772 κολαστηρίων
2900 698 3133 770 ἐπίνοια,
3208 701 3299 755 καὶ
3374 699 3540 755 πάλιν
3600 702 3652 756 οἱ
3695 699 3895 773 δήμιοι

2246 786 2630 860 ἀπαραίτητον
2692 783 2859 859 λέϐης
2914 788 3016 863 γὰρ
3072 787 3369 864 καχλάζων
3444 791 3603 853 εὐθὺς
3658 793 3896 862 ἡτοιμά-

2249 881 2388 943 ζετο,
2429 874 2519 927 καὶ
2576 876 2703 937 τοὺς
2763 875 3035 949 μάρτυρας
3097 876 3417 955 ὑπεδέχετο,
3475 878 3613 951 πρὸς
3670 880 3726 932 ὅν
3791 898 3893 951 περ

2248 960 2568 1034 Εύλάμπιος
2624 965 2715 1035 μὲν
2766 964 2934 1038 εἰσῄει
2984 965 3217 1041 θαρῥῶν,
3267 967 3301 1034 ἡ
3355 968 3559 1039 μάρτυς
3602 964 3658 1020 δὲ
3707 966 3889 1042 ὥσπερ

2248 1050 2623 1127 ἰλιγγιάσασα,
2658 1048 2748 1107 ἅτε
2797 1050 2862 1122 δὴ
2912 1055 3002 1108 καὶ
3048 1056 3147 1123 τήν
3198 1054 3353 1131 φύσιν
3399 1055 3747 1131 ἁπαλωτέρα,
3800 1058 3884 1111 καί

2250 1160 2300 1194 τι
2331 1140 2420 1193 καὶ
2450 1144 2546 1194 τοῦ
2575 1146 2819 1215 πονηροῦ
2849 1142 2976 1205 τοὺς
3001 1141 3303 1218 λογισμοὺς
3336 1144 3475 1217 αὐτῇ
3506 1145 3647 1217 πρὸς
3679 1142 3886 1200 δειλίαν

2253 1227 2702 1299 ὑποσαλεύοντος,
2739 1229 3045 1300 ὀκλάζουσα
3087 1233 3176 1300 ἦν’
3232 1231 3391 1290 Ἀλλ’
3421 1234 3449 1287 ὁ
3480 1230 3714 1309 ἀδελφὸς
3748 1236 3889 1307 ὁμοῦ

2251 1316 2340 1371 καὶ
2395 1319 2735 1389 συναθλητης
2789 1320 3027 1385 κάτωθεν
3110 1318 3304 1383 ἀναδὺς
3388 1324 3501 1377 οἷον
3580 1322 3685 1377 ἀπό
3744 1344 3893 1387 τινος

2253 1405 2488 1481 εὐωχίας
2548 1409 2638 1462 καὶ
2714 1409 3084 1479 ἀναπαύσεως,
3177 1409 3569 1485 προσεκαλεῖτό
3650 1433 3709 1466 τε
3794 1415 3893 1481 τήν

2254 1495 2512 1569 σύγγονον
2564 1498 2651 1551 καὶ
2720 1498 3109 1573 παρεθάρρυνε,
3167 1498 3256 1553 καὶ
3316 1498 3447 1554 εἷ’σω
3502 1504 3600 1553 τοῦ
3659 1496 3895 1570 λέϐητος

2250 1586 2489 1659 γενέσθαι
2530 1585 2784 1659 παρῄνει,
2833 1584 3014 1657 Μηδὲν
3068 1588 3400 1662 ὑποπτήξης,
3453 1587 3652 1665 λέγων,
3701 1590 3895 1652 ἀπλῶς

2177 1672 2429 1774 Βοῦτως
2467 1678 2543 1745 τῷ
2589 1675 2855 1747 ὁρωμένῳ
2900 1675 3265 1750 προσέχουσα,
3318 1677 3406 1730 καὶ
3459 1678 3536 1748 μή
3586 1677 3721 1750 πρὸς
3767 1680 3895 1733 Θεὸν

2252 1762 2380 1818 τοὺς
2410 1769 2508 1831 τῆς
2559 1766 2744 1838 ψυχῆς
2792 1764 3113 1841 ὀφθαλμοὺς
3152 1765 3487 1834 ἀτενίζουσα,
3537 1765 3582 1837 ᾧ
3631 1787 3688 1821 τε
3735 1772 3895 1837 κοινῇ

2252 1850 2728 1923 πεπιστεύκαιμεν,
2787 1853 2876 1906 καὶ
2943 1854 3070 1927 παρ’
3128 1853 3189 1906 οὗ
3249 1853 3514 1927 μεγίστην
3574 1854 3893 1928 εὑρίσκομεν

2250 1940 2349 2006 την
2379 1938 2689 2013 ἀντίληψιν.
2728 1940 2787 1995 Εἰ
2820 1941 2922 2017 γὰρ
2958 1943 3119 2015 μόνον
3169 1947 3265 1996 τοῦ
3313 1940 3504 2004 ὕδατος
3552 1943 3751 1998 τούτου
3796 1949 3895 1998 τοῦ

2251 2027 2621 2104 καχλάζοντος
2651 2032 3044 2104 παραψαύσεις,
3075 2030 3296 2101 πολλῆς
3346 2033 3576 2106 αἰσθήσῃ
3618 2040 3719 2102 τῆς
3768 2037 3896 2107 παρ’

2252 2118 2418 2171 αὐτοῦ
2453 2118 2729 2192 βοηθείας,
2770 2120 2837 2188 ἧς
2886 2118 2993 2193 ἐγὼ
3048 2119 3250 2196 μάρτυς
3283 2124 3310 2176 ὸ
3343 2120 3432 2182 σὸς
3483 2119 3745 2195 ἀδελφὸς,
3806 2122 3893 2176 0'3-

2251 2228 2358 2269 τως
2393 2207 2670 2281 ὁρώμενόν
2704 2229 2786 2262 σοι
2821 2210 3030 2277 ἀπαθὴς
3062 2210 3150 2263 καὶ
3181 2207 3475 2273 ἀνώδυνος.

2328 2298 2381 2353 1'.
2442 2298 2669 2358 Τούτοις
2738 2296 3037 2370 Εὐλαμπία
3110 2300 3405 2367 πεισθεῖσα,
3465 2299 3552 2354 καί
3619 2301 3726 2370 ὅλη
3787 2306 3891 2356 τῶν

2255 2386 2422 2439 αὐτοῦ
2497 2385 2859 2457 παραινέσεων
2952 2386 3243 2461 γενομένη,
3339 2390 3639 2461 προθύμως
3704 2390 3894 2446 αὐτίκα

2254 2474 2343 2527 καί
2386 2474 2637 2547 γενναίως
2693 2473 2863 2546 εἰσῄει
2904 2475 2993 2529 τὸν
3038 2471 3267 2548 λέϐητα,
3318 2477 3432 2532 εἶτα
3476 2478 3566 2532 καὶ
3614 2483 3773 2552 κοινῇ
3818 2486 3895 2552 τῷ

2254 2560 2520 2632 πνεύματι
2586 2560 3071 2635 ἀγαλλιασάμενοι,
3140 2567 3239 2633 τήν
3297 2564 3568 2640 τιμωρίαν
3633 2570 3748 2639 μετ’
3810 2567 3896 2623 εύ-

2258 2647 2524 2726 φροσύνης
2585 2646 2862 2725 ὲδέχοννο,
2921 2650 3010 2703 καὶ
3088 2652 3302 2725 ψυχρὸς
3381 2651 3576 2715 εὐθέως
3643 2655 3670 2708 6
3730 2650 3895 2724 λέϐης

2257 2737 2545 2806 ἐδείκνυτο,
2576 2740 2665 2793 καὶ
2725 2738 2945 2801 ἀπαθεῖς
2999 2745 3177 2794 κακῶν
3240 2747 3455 2816 συνεῖχε
3508 2744 3634 2803 τοὺς
3692 2764 3895 2818 μαρτυ-

2261 2850 2376 2904 ρας.
2414 2829 2516 2885 Καὶ
2551 2830 2611 2883 ού
2648 2831 2815 2905 μέχρι
2858 2831 3053 2885 τούτου
3094 2831 3156 2886 τὸ
3201 2829 3500 2907 παράδοξον
3552 2828 3699 2902 ἔστη,
3750 2834 3894 2889 ἀλλὰ

2258 2920 2484 2975 καὶτῶν
2526 2923 2958 2996 περιεστηκότὼν
3012 2922 3110 2977 οὐκ
3172 2922 3396 2999 ὀλίγους
3446 2924 3581 2995 πρὸς
3633 2921 3886 2979 εὐσέϐειαν

2263 3010 2600 3085 ὑπηγάγετο,
2652 3011 2740 3065 καὶ
2788 3008 2945 3065 αὑτὸν
2996 3008 3052 3065 δὲ
3097 3012 3187 3065 τὸν
3240 3012 3522 3087 τύραννον,
3574 3014 3622 3067 εἰ
3667 3013 3755 3068 καὶ
3817 3016 3889 3085 μὴ

514 3102 584 3157 ad
618 3071 812 3155 verum
850 3071 1209 3167 ῡὲίοιίιιιιιίι,
1233 3098 1394 3153 illius
1422 3106 1613 3154 tamen
1645 3071 1913 3155 labefecit
1942 3100 2146 3170 COgita-

2257 3102 2504 3173 καθαρῶς
2546 3101 2680 3173 πρὸς
2735 3098 3037 3155 θεοσέϐειαν
3101 3100 3373 3174 ε’ίλκυσεν,
3432 3103 3577 3159 ἀλλά
3632 3103 3756 3165 τοὺς
3801 3102 3894 3159 λο-

510 3189 755 3254 tionem,
786 3191 843 3243 et
874 3187 1004 3241 fecit
1034 3186 1297 3241 dubitare
1327 3187 1398 3241 de
1426 3203 1534 3242 sua
1559 3186 1851 3256 religione.
1884 3189 2143 3258 EthiOps

518 3289 709 3335 tamen
758 3295 872 3333 non
913 3278 1021 3333 fuit
1051 3276 1373 3343 dealbatus,
1405 3285 1457 3334 et
1504 3294 1712 3335 cancer
1741 3282 1892 3332 recte
1922 3278 2146 3347 ingredi

516 3384 631 3423 non
676 3365 896 3422 didicit.
929 3369 1068 3420 Cum
1102 3365 1256 3421 enim
1306 3365 1599 3420 vincerent
1637 3364 1866 3433 quidem
1898 3364 2143 3429 athletae,

515 3457 844 3512 vinceretur
872 3458 1058 3511 autem
1088 3454 1328 3525 impius,
1360 3469 1458 3509 eos
1487 3470 1519 3507 a
1549 3467 1606 3506 se
1629 3450 1874 3507 invicem
1907 3454 1964 3505 et
1986 3469 2017 3507 a
2041 3452 2148 3508 ﬁde

516 3545 577 3599 in
608 3544 900 3599 Christum
935 3559 1049 3598 non
1083 3541 1278 3597 valens
1310 3540 1645 3606 distrahere,
1679 3538 1827 3594 redit
1857 3556 2057 3595 rursus
2078 3541 2147 3596 ad

514 3636 816 3699 consueta,
846 3635 903 3686 et
933 3637 1197 3687 armatur
1216 3630 1405 3684 denuo
1426 3625 1506 3684 'ad
1518 3643 1713 3683 versus
1734 3627 1925 3685 solum
1949 3636 2149 3702 marty-

514 3738 662 3788 rem,
702 3724 759 3776 et
783 3719 949 3789 jubet
977 3719 1027 3773 ei
1059 3718 1317 3773 exscindi
1350 3715 1605 3787 pupillas
1636 3717 1938 3773 oculorum
1971 3718 2021 3775 is
2049 3720 2149 3789 qui

510 3809 705 3867 cordis
743 3806 1078 3862 caacutiebat
1127 3804 1331 3871 oculis,
1364 3813 1418 3860 et
1448 3804 1613 3860 illum
1662 3806 1847 3877 magis
1895 3807 2148 3861 cruciare

512 3912 859 3969 procurans,
891 3899 949 3950 et
996 3892 1361 3961 machinans,
1396 3898 1460 3949 ut
1488 3894 1617 3965 ejus
1647 3896 1861 3951 sororis
1892 3911 1992 3965 per
2040 3894 2146 3949 hoc

509 3987 875 4056 frangeretur
906 3982 1169 4039 audacia.
1222 3983 1328 4038 Sed
1361 3982 1421 4039 in
1450 3983 1559 4039 hoc
1590 3999 1818 4054 quoque
1868 3983 1974 4037 fuit
2005 3998 2144 4038 con-

510 4076 698 4132 victus
753 4090 900 4130 vana
963 4078 1019 4130 et
1089 4072 1288 4129 inania
1353 4072 1544 4130 moliri
1604 4074 1878 4130 adversus
1934 4072 2146 4130 Christi

512 4180 731 4221 εθτνοε.

2257 3189 2487 3259 γισμοὺς
2544 3188 2749 3242 ἐκείνου
2801 3185 3040 3256 διέσεισε,
3084 3190 3171 3243 καὶ
3221 3191 3343 3264 περί
3395 3192 3455 3245 τὸ
3487 3193 3690 3247 ὸίκεῖον
3740 3188 3894 3255 σέϐας

2257 3272 2580 3343 ἐπιδοιάζειν
2667 3276 2985 3345 πεποίηκεν.
3071 3279 3285 3350 Ὅμως,
3345 3280 3390 3335 εἰ
3458 3280 3539 3336 δεῖ
3590 3289 3638 3338 τ’
3699 3281 3895 3351 ἀληθές

2258 3361 2449 3431 εἰπεῖν,
2509 3364 2536 3415 6
2588 3362 2787 3437 Αἰθίοψ
2856 3365 2958 3419 οὐκ
3014 3365 3357 3423 ἐλευκαίνετο
3416 3370 3503 3423 καί
3563 3372 3590 3425 6
3650 3372 3897 3445 καρκίνος

2260 3449 2395 3523 ὀρθά
2463 3449 2698 3526 βαδίζειν
2770 3452 2870 3508 οὐκ
2956 3452 3284 3513 έδιδάσκετο.
3366 3454 3458 3520 ’ος
3541 3460 3642 3534 γὰρ
3711 3459 3899 3515 ἐνίκων

2262 3540 2354 3615 μὶν
2397 3541 2448 3593 οἳ
2500 3539 2753 3611 ἀθληταὶ,
2805 3545 3005 3611 ἡττᾶτο
3048 3541 3104 3599 δέ
3134 3546 3161 3599 6
3194 3542 3478 3615 δυσσεϐὴς,
3532 3550 3617 3603 καὶ
3670 3548 3896 3620 διασπᾷν

2259 3629 2452 3691 αὐτοὺς
2504 3630 2596 3684 ἀπ’
2648 3630 2935 3702 ἀλλήλων.
2972 3632 3075 3687 Καὶ
3133 3638 3233 3699 τῆς
3284 3635 3360 3696 εἰς
3411 3638 3645 3709 Χριστὸν
3696 3636 3904 3709 ὁμολο-

2257 3717 2379 3792 γίας
2413 3718 2517 3793 οὐχ
2550 3720 2667 3779 οἷός
2715 3740 2774 3774 τε
2820 3722 2909 3789 ἦν,
2965 3720 3052 3776 ἐπὶ
3096 3723 3163 3777 τὰ
3210 3722 3385 3778 οἰκεῖα
3432 3724 3596 3780 πάλιν
3648 3726 3735 3780 καὶ
3778 3748 3904 3781 συν-

2257 3809 2365 3876 ήθη
2425 3814 2599 3881 χωρεῖ
2654 3811 2742 3861 καί
2809 3812 2941 3864 κατὰ
3001 3812 3168 3882 μόνου
3242 3817 3335 3867 τοῦ
3420 3815 3693 3889 μάρτυρος
3750 3814 3905 3879 αὖθις

2256 3893 2564 3962 ὁπλίζεται,
2613 3898 2700 3948 καί
2755 3896 2850 3958 τὰς
2896 3902 3003 3951 τῶν
3067 3900 3330 3971 ὀμμάτων
3400 3903 3567 3957 αὐτοῦ
3609 3905 3775 3973 κόρας
3829 3903 3911 3958 ἐκ.

2253 3989 2483 4051 κοπῆναι
2540 3984 2861 4056 προστάττει
2928 3987 3049 4060 (φεῦ
3111 3988 3138 4040 ὁ
3194 3989 3321 4047 τοὺς
3375 3996 3475 4057 τῆς
3533 3990 3762 4065 καρδίας
3822 4015 3914 4047 τυ-

2257 4071 2521 4149 φλώττων
2558 4071 2922 4150 ὀφθαλμοὺς),
2954 4072 3045 4127 καὶ
3084 4074 3153 4128 τὰ
3196 4073 3363 4145 ὅμοια
3416 4084 3604 4140 παθεῖν
3655 4088 3910 4137 κακεῖνον

2258 4160 2346 4216 διὰ
2399 4167 2501 4230 τῆς
2559 4162 2827 4234 τιμωρίας
2882 4162 3084 4232 ταύτης
3149 4165 3589 4240 καταναγκάζων,
3644 4170 3785 4240 πρὸς
3851 4169 3911 4227 δὶ

507 4254 728 4320 καὶτῆς
787 4251 1091 4325 ὁμαίμονος
1174 4249 1411 4308 ἐντεῦθεν
1491 4249 1862 4325 διαχαυνῶσαι
1930 4252 2028 4320 τὴν
2103 4250 2424 4325 εὐτολμίαν,
2514 4252 2933 4326 μηχανώμενος,
3007 4251 3133 4309 ἀλλ’
3217 4252 3469 4328 ἠλέγχθη
3550 4253 3644 4309 κάν
3721 4258 3911 4333 τούτῳ

508 4343 635 4395 κενά
666 4341 753 4395 καὶ
790 4341 989 4413 μάταια
1012 4342 1146 4394 κατά
1176 4345 1282 4394 τῶν
1316 4346 1406 4394 τοῦ
1438 4344 1680 4413 Χριστοῦ
1710 4338 1921 4394 δούλων
1951 4339 2204 4397 ἐπινοῶν.

584 4432 676 4488 Χῐ.
711 4433 995 4489 Postridie
1021 4439 1210 4485 autem
1241 4432 1408 4499 jubet
1441 4435 1757 4501 martyrem
1778 4431 2147 4501 Eulampiam
2180 4433 2236 4498 D

510 4521 765 4577 sublime
797 4518 1079 4590 suspendi
1111 4517 1362 4589 capillis.
1398 4522 1497 4573 Est
1522 4524 1719 4573 autem
1744 4519 1849 4575 hoc
1880 4521 2150 4591 gravissi-

518 4623 679 4663 mum
722 4604 1096 4677 supplicium,
1139 4604 1238 4659 sed
1280 4603 1487 4659 Christi
1520 4604 1746 4660 ancillas
1777 4605 1999 4662 deliciis
2024 4624 2152 4662 sua-

511 4696 643 4751 vius
665 4693 1129 4750 existimabatur.
1155 4692 1315 4748 U'nde
1338 4693 1511 4748 etiam
1532 4693 1583 4749 ei
1606 4710 1803 4765 preces
1825 4696 2153 4753 admiscens

512 4784 739 4840 dicebat
771 4798 785 4837 :
836 4788 959 4853 Ago
990 4782 1094 4837 tibi
1140 4781 1375 4853 gratias,
1412 4786 1560 4838 Deus
1602 4797 1765 4839 meus
1798 4789 1855 4839 et
1906 4790 2151 4851 creator,

514 4873 672 4943 quod
719 4880 999 4927 metuam
1044 4870 1316 4926 ancillam
1348 4872 1625 4944 dignatus
1653 4873 1733 4929 sis
1776 4890 1878 4945 pro
1918 4880 1974 4930 te
2022 4892 2151 4930 sus-

515 4960 701 5033 ceptis
732 4976 937 5015 ornare
969 4962 1295 5017 tormentis.
1328 4964 1465 5017 Cum
1507 4966 1699 5017 autem
1735 4980 1836 5034 per
1864 4980 2033 5019 omne
2063 4978 2154 5035 ge-

514 5066 624 5106 nus
655 5048 928 5117 supplicii
954 5054 1247 5121 oporteret
1276 5050 1523 5106 athletas
1562 5053 1894 5122 pervadere,
1927 5052 2151 5107 etiamsi

513 5142 797 5205 tanquam
830 5139 943 5191 tela
972 5138 1286 5195 infantium
1319 5140 1765 5210 reputabantur,
1800 5156 1929 5210 quas
1950 5140 2032 5195 eis
2062 5141 2153 5194 in-

510 5222 870 5288 ferebantur,
939 5226 1227 5283 fornacem
1281 5228 1518 5284 accendi
1560 5229 1725 5298 jubet
1772 5244 2003 5298 praeses,
2055 5227 2154 5283 illa

508 5305 826 5364 Chaldaica
883 5310 1068 5370 nihilo
1124 5316 1477 5384 inferiorem,
1508 5321 1565 5373 et
1593 5317 1665 5372 ad
1712 5331 1834 5371 eam
1867 5316 2039 5371 ducta
2066 5320 2156 5372 est

508 5390 761 5449 materia
792 5410 916 5461 quae
960 5407 1086 5457 erat
1119 5404 1326 5459 alitura
1366 5405 1448 5459 sic
1497 5419 1819 5471 accensam,
1851 5402 2154 5462 lictoribus

506 5490 683 5535 omne
722 5478 980 5536 studium
1016 5490 1088 5543 ad
1143 5490 1250 5545 hoc
1298 5490 1747 5547 conferentibus.
1780 5490 1925 5547 Cum
1956 5497 2148 5549 autem

2335 4434 2436 4488 IA'.
2470 4434 2553 4505 Τῇ
2586 4433 2707 4504 ἑξῆς
2740 4433 2831 4487 οὖν
2880 4434 2980 4501 τήν
3037 4433 3281 4508 μάρτυρα
3324 4438 3434 4488 τῶν
3480 4438 3691 4511 τριχῶν
3739 4435 3902 4490 ἀπαι-

2257 4522 2512 4589 ωρεῖσθαι
2568 4519 2797 4576 κελεύει.
2859 4522 3015 4588 Δεινή
3084 4520 3140 4576 δὲ
3218 4528 3497 4595 τιμωριῶν
3594 4524 3730 4594 αὓτη
3807 4525 3892 4579 καὶ

2258 4606 2434 4669 δεινὰς
2482 4609 2620 4663 κατά
2671 4629 2729 4661 τε
2788 4609 3075 4682 μηνίγγων
3155 4609 3245 4663 καὶ
3305 4610 3431 4664 ἰνῶν
3511 4610 3601 4666 καί
3685 4611 3887 4682 ὐμένων

2258 4696 2458 4752 ένιεῖσα
2486 4697 2581 4757 τὰς
2612 4692 2945 4769 ἀλγηδόνας*
3000 4695 3144 4751 ἀλλᾶ
3192 4702 3259 4770 τῇ
3300 4703 3395 4753 τοῦ
3441 4701 3676 4773 Χριστοῦ
3714 4698 3872 4771 δούλῃ

2254 4792 2462 4859 τρυφῆς
2516 4781 2686 4851 ἡδίων
2719 4786 2752 4852 ἡ
2786 4779 3018 4845 ϐάσανος
3065 4783 3367 4857 ἐνομίζετο,
3425 4786 3545 4842 ὅθεν
3595 4790 3681 4842 καί
3723 4786 3884 4861 εὐχὴν

2263 4873 2397 4944 αὐτῇ
2455 4877 2960 4945 προσαναμιγνῦσα,
3033 4874 3365 4949 Εὐχαριστῶ
3414 4897 3522 4947 σοι,
3579 4872 3751 4949 ἔλεγε,
3800 4875 3894 4931 Θεέ

2268 4982 2370 5032 μου
2401 4961 2489 5013 καὶ
2523 4958 2838 5034 δημιευργέ,
2873 4960 2955 5015 ὅτι
2999 4983 3064 5031 με
3109 4965 3207 5031 τήν
3262 4965 3360 5032 σὴν
3415 4961 3621 5033 δούλην
3661 4964 3893 5033 ἠξίωσας

2258 5054 2373 5109 ταῖς
2434 5048 2566 5118 ὑπὲρ
2624 5053 2718 5101 σοῦ
2766 5049 3057 5123 τιμωρίαις
3131 5048 3651 5125 ἐγκαλλωπίζεσθαι.
3742 5054 3896 5108 Ἐπεὶ

2263 5135 2319 5191 δὲ
2374 5136 2462 5190 καὶ
2523 5131 2627 5191 ἔδει
2686 5134 2775 5191 διὰ
2831 5139 3005 5206 πάσης
3090 5148 3471 5213 τιμωρητικῆς
3549 5138 3689 5202 ἰδέας
3766 5143 3895 5205 τοὺς

2263 5222 2500 5291 ἀθλητὰς
2536 5223 2785 5293 διελθεῖν,
2817 5224 2910 5281 κᾶἱν
2958 5228 3031 5290 ὡς
3086 5228 3294 5297 νηπίων
3358 5228 3491 5302 βέλη
3552 5229 3765 5292 τούτοις
3832 5231 3900 5284 ri

2267 5311 2575 5388 ἐπαγόμενα
2631 5311 2928 5389 ἐλογίζετο,
2985 5316 3211 5387 κάμινον
3280 5316 3534 5385 ἔκκαῆναι
3600 5315 3811 5372 κελεύει
3872 5320 3902 5375 6

2261 5403 2505 5476 ἡγεμὼν,
2566 5400 2719 5457 οὐδὲν
2771 5410 2869 5471 τῆς
2928 5401 3242 5474 Χαλδαϊκῆς
3317 5405 3520 5475 ἐκείνης
3595 5402 3903 5476 ἐνδέουσαν,

2268 5492 2356 5546 καὶ
2418 5488 2578 5564 ἤγετο
2634 5492 2772 5567 πρὸς
2830 5492 3027 5563 ταύτην
3088 5491 3192 5562 ὕλη
3276 5494 3485 5569 τρέφειν
3544 5492 3746 5567 ἔμελλε
3802 5497 3907 5564 τήν
