4142 6248
285 341 441 405 1065

1116 345 1588 410 MARTYRIUM
1637 348 1696 408 S.
1745 345 2126 410 EULAMPII
2171 352 2268 410 ET
2319 355 2382 415 S.
2429 358 2875 421 EULAMPUE.

3517 368 3671 430 1066

275 503 451 567 οὕτως
510 501 892 577 ἐκκαιομένην,
926 503 1185 560 παντοίαν
1245 509 1353 561 τῶν
1405 505 1618 580 δημίων
1661 508 1734 570 εἰς
1764 511 1912 562 τοῦτ(

2042 508 2275 568 ﬂamma
2306 520 2460 572 esset
2489 518 2631 573 adeo
2663 519 2722 575 in
2755 520 2935 577 altum
2968 524 3217 593 sublata,
3252 529 3313 582 ut
3359 528 3531 584 etiam
3573 545 3670 587 eos

276 596 374 664 τὴν
426 591 667 663 σπουδὴν
731 589 1256 667 καταϐαλλομένων.
1314 597 1604 670 Μετεώρου
1690 593 1745 650 δὲ
1826 601 1925 664 τῆς

275 681 482 760 φλογὸς
519 682 819 758 γενομένης
875 684 950 745 ὡς
1011 685 1277 757 μακρόθεν
1333 684 1736 755 καταπλήττειν
1798 683 1924 748 τοὺς

278 772 602 848 βλέποντας,
632 773 857 849 ἄγεσθαι
921 771 1048 834 τοὺς
1121 774 1394 850 μάρτυρας
1450 777 1477 830 6
1537 774 1794 845 δικαστής
1833 796 1924 830 κε-

273 860 444 933 λεύει,
513 863 599 917 καὶ
685 869 786 932 τῆς
870 861 1108 935 καμίνου
1191 863 1350 935 μέσον
1407 865 1682 928 ὠθεῖσθαι.
1745 867 1920 938 Ηροσ-

271 953 474 1028 ήγοντο
516 949 607 1006 οὖν
658 953 709 1005 οἱ
755 953 1040 1026 μάρτυρες,
1083 953 1110 1005 6
1145 953 1238 1024 μὲν
1279 958 1422 1016 θεῖος
1457 953 1801 1026 Εύλάμπιος,
1834 953 1922 1008 διὰ

268 1042 331 1096 τὸ
387 1043 515 1103 τοὺς
572 1039 892 1119 ὀφθαλμοὺς
947 1040 1290 1116 ἐκκεκόφθαι,
1325 1042 1428 1096 ὑπό
1493 1063 1654 1097 τινων
1727 1038 1919 1097 διαϐα-

273 1131 642 1202 σταζόμενος’
708 1132 742 1198 ἡ
817 1126 874 1183 δὲ
956 1129 1171 1203 γενναία
1244 1127 1540 1203 Εὐλαμπία
1616 1133 1705 1186 καὶ
1786 1133 1920 1204 μετὰ

270 1216 486 1272 πολλοῦ
525 1222 621 1273 τοῦ
671 1218 902 1294 θάρσους
953 1221 1335 1293 προτρὲχουσα
1392 1219 1464 1280 ὡς
1514 1219 1589 1281 εἰς
1649 1218 1918 1292 θάλαμον,

270 1307 372 1361 οὐκ
402 1307 478 1369 είς
509 1308 734 1379 κάμινον
764 1305 1121 1381 ἐλευσομένη,
1154 1308 1230 1370 ὡς
1263 1305 1318 1363 δὲ
1349 1310 1436 1364 καὶ
1482 1312 1562 1380 τῷ
1601 1309 1729 1382 πυρὶ
1779 1330 1919 1382 παρ-

270 1391 552 1464 εδόθησαν,
611 1397 645 1463 ἡ
701 1394 837 1469 φλὸξ
895 1395 1094 1459 αὐτοὺς
1171 1393 1322 1450 οὐδὲν
1402 1394 1734 1469 ἐλυμήνατο,
1793 1393 1919 1450 ἀλλ’

268 1482 462 1539 αὐτίκα
542 1481 697 1554 δίκην
765 1481 961 1557 ἀψίδος
1029 1489 1387 1559 κυρτωθεῖσα,
1445 1484 1536 1539 καὶ
1604 1483 1790 1557 πολλῇ
1848 1487 1915 1556 τῇ

266 1569 446 1650 φειδοῖ
530 1573 665 1646 πρὸς
747 1571 808 1626 τὸ
878 1573 1037 1644 μέσον
1110 1569 1485 1644 ἀπολαϐοῦσα,
1551 1572 1788 1648 καθάπερ
1866 1571 1917 1627 ἐν

266 1659 597 1737 φαιδροτάτῃ
657 1659 887 1717 παστάδι
942 1664 1069 1724 τοὺς
1135 1661 1376 1734 ἀθλητάς
1445 1664 1769 1737 ἐθαλάμευε,
1825 1666 1915 1718 καὶ

261 1751 322 1804 τὸ
369 1757 466 1820 τῆς
525 1752 732 1828 φύσεως
787 1753 1093 1822 καυστικὸν,
1147 1752 1222 1815 εἰς
1311 1755 1479 1828 αὕραν
1559 1751 1912 1828 δροσίζουσαν

2037 600 2134 669 qui
2168 604 2366 672 procul
2398 608 2707 663 cernebant
2741 612 3141 683 stupefaceret,
3168 615 3535 686 jubetjudex
3563 621 3668 675 ad-

2035 689 2169 746 duci
2201 699 2508 764 martyres,
2540 701 2593 752 et
2626 700 2776 753 trudi
2809 701 2864 754 in
2899 703 3156 758 medium
3207 705 3517 762 fornacem.
3553 710 3670 764 Ad-

2034 778 2191 834 ducti
2223 787 2361 838 sunt
2383 800 2515 854 ergo
2550 791 2871 856 martyres:
2906 789 3138 846 divinus
3170 793 3404 862 quidem
3439 796 3666 851 Eulam-

2034 865 2180 936 pius,
2217 875 2523 941 propterea
2553 877 2705 943 quod
2752 876 2984 932 fuerant
3009 878 3059 932 ei
3093 880 3240 934 eruti
3271 881 3443 948 oculi,
3475 900 3508 938 a
3539 885 3662 956 qui-

2030 954 2279 1012 busdam
2315 963 2613 1030 portatus;
2646 978 2921 1034 generosa
2953 970 3146 1021 autem
3179 968 3484 1042 Eulampia
3531 954 3660 1027 cum

2033 1059 2240 1115 magna
2264 1064 2575 1104 accurrens
2597 1053 2860 1121 audacia,
2885 1061 3158 1126 tanquam
3181 1056 3528 1127 thalamum,
3547 1079 3662 1117 non

2032 1134 2322 1191 fornacem
2347 1137 2696 1208 ingressura.
2723 1141 2866 1195 Cum
2899 1147 3093 1199 autem
3123 1145 3242 1217 igni
3273 1147 3521 1203 fuissent
3552 1155 3665 1205 tra-

2031 1224 2158 1292 diti,
2193 1225 2421 1282 ﬂamma
2450 1244 2548 1284 eos
2582 1230 2725 1285 nihil
2759 1232 2928 1297 laesit,
2959 1235 3055 1288 sed
3088 1236 3311 1304 statim,
3345 1238 3528 1294 instar
3567 1240 3662 1294 ab-

2030 1311 2194 1381 sidis,
2230 1313 2524 1370 incurvata
2571 1322 2630 1372 et
2678 1318 2983 1389 diligenter
3030 1339 3235 1379 cavens
3286 1342 3356 1381 ne
3407 1327 3660 1383 medium

2027 1398 2416 1472 interciperet,
2465 1408 2742 1476 tanquam
2799 1407 2858 1462 in
2909 1410 3342 1479 jucundissimo
3400 1414 3659 1472 thalamo

2025 1488 2277 1545 athletas
2309 1493 2660 1564 continebat,
2683 1501 2738 1551 et
2768 1503 2988 1554 natura
3019 1517 3138 1555 suae
3170 1503 3432 1558 ardorem
3464 1504 3520 1558 in
3555 1522 3658 1559 au-

2027 1594 2143 1634 ram
2167 1579 2507 1636 irrorantem
2532 1586 2913 1642 convertebat.
2931 1588 3208 1660 Martyres
3226 1607 3355 1645 vero
3381 1596 3656 1663 tanquam

2025 1669 2082 1723 in
2118 1677 2281 1740 prato
2328 1673 2554 1729 roscido
2585 1680 2640 1730 et
2667 1692 2892 1732 amoeno
2941 1678 3178 1734 choreas
3225 1687 3482 1752 agentes,
3514 1683 3654 1737 illud

2024 1758 2379 1829 descriptum
2458 1766 2515 1816 et
2595 1763 2875 1820 divinitus
2959 1767 3250 1833 edoctum,
3323 1785 3654 1839 puerorum,

267 1841 554 1911 μετετίθει,
584 1840 674 1894 καὶ
743 1840 793 1894 οἱ
852 1841 1117 1917 μάρτυρες
1176 1843 1249 1904 ὠς
1281 1840 1331 1896 ἒν
1371 1841 1604 1915 λειμῶνι
1650 1839 1912 1916 δροσώδει

2026 1843 2287 1916 inquam,
2322 1849 2610 1905 canebant
2635 1849 2943 1907 canticum.

261 1950 319 1983 τε
373 1930 462 1984 καὶ
521 1927 648 1999 ἡδεῖ
723 1931 1062 2004 χορεύοντες,
1119 1931 1219 1999 τὴν
1296 1929 1443 2003 ᾠδὴν
1521 1931 1732 2002 ἐκείνην
1807 1933 1906 2001 τὴν

263 2017 597 2093 ἀνάγραπτόν
635 2039 695 2074 τε
723 2019 812 2073 καὶ
847 2017 1190 2083 θεοδίδακτον
1223 2023 1330 2075 τῶν
1371 2017 1580 2075 παίδων
1611 2019 1764 2094 ᾖδον.

332 2107 432 2164 ΙΒ’.
468 2107 609 2183 Πρὸς
663 2111 831 2162 ταῦτα
896 2107 1060 2163 πάλιν
1118 2109 1145 2162 6
1198 2108 1476 2183 τύραννος,
1507 2108 1596 2163 καὶ
1655 2107 1732 2165 ἔτι
1792 2107 1908 2181 διη-

261 2203 504 2272 πορεῖτο,
563 2199 652 2252 καὶ
719 2202 786 2271 τῇ
845 2197 1071 2271 τοιαύτῃ
1131 2201 1510 2274 τερατουργίᾳ,
1562 2202 1785 2272 παρεῖτό
1848 2222 1907 2255 τε

261 2287 348 2340 καὶ
406 2285 690 2360 ἐξησθὲνει,
730 2286 820 2342 καὶ
869 2288 1004 2359 πρὸς
1071 2285 1310 2366 ἐσχάτην
1366 2288 1679 2364 ἀμηχανίαν
1733 2285 1905 2358 ἐξέπι-

259 2396 410 2433 πτεν.
473 2376 604 2433 Εἶτα
659 2381 776 2438 τοῖς
835 2372 992 2437 ὅλοις
1059 2376 1457 2450 ἀπαγορεύσας,
1515 2379 1614 2446 τήν
1667 2376 1903 2451 ἐσχάτην

257 2466 343 2519 καὶ
410 2463 720 2520 τελευταίαν
775 2467 896 2527 τοῖς
956 2465 1219 2534 ἀθληταῖς
1289 2463 1668 2541 ἐπιψηφίζεται
1727 2487 1905 2538 τιμω·

259 2550 398 2626 ρίαν,
429 2555 528 2622 τήν
559 2549 647 2606 διὰ
687 2556 784 2606 τοῦ
832 2550 1017 2629 ξίφους
1057 2552 1202 2628 φημὶ
1249 2549 1526 2622 τελευτήν.
1579 2550 1749 2614 Εὐθὺς
1813 2550 1904 2606 οὖν

255 2643 355 2710 τήν
422 2639 511 2696 ἐπὶ
578 2641 789 2714 θανάτῳ
863 2637 1135 2713 δεσμῶται
1211 2640 1533 2716 ἀπάγονται,
1590 2641 1678 2696 καὶ
1739 2642 1767 2695 ὁ
1811 2641 1905 2714 μὲν

259 2733 466 2804 μάρτυς
534 2729 832 2804 προθύμως
887 2731 986 2798 τήν
1054 2726 1142 2784 διά
1205 2733 1301 2784 τοῦ
1377 2730 1559 2807 ξίφους
1623 2728 1901 2786 τελείωσιν

259 2818 518 2886 ὑποστὰς,
558 2819 694 2892 πρὸς
754 2816 1013 2891 οὐρανοὺς
1072 2817 1389 2894 στεφανίτης
1437 2818 1688 2891 ἀνήγετο.
1729 2819 1791 2874 Ἦ
1848 2816 1905 2874 δὶ

259 2905 454 2960 τούτου
483 2903 690 2982 ἀδελφή
725 2906 814 2959 καὶ
859 2905 1120 2966 κοινωνὸς
1163 2909 1269 2958 τῶν
1319 2905 1569 2979 ἀγώνων,
1601 2905 1902 2960 τελειοῦται

261 2994 351 3049 καὶ
407 2995 514 3067 πρὸ
562 2998 658 3048 τοῦ
709 2992 893 3071 ξίφους
939 2994 1028 3047 καὶ
1089 2992 1291 3067 μάρτυς
1341 2991 1718 3066 ἀπηρτισμένη
1769 2995 1907 3049 κατὰ

261 3082 580 3160 προαίροσιν
618 3084 843 3157 γίνεται,
885 3081 983 3137 οὐκ
1028 3081 1248 3143 ἀπεικὸς
1295 3085 1457 3136 τοῦτο
1495 3088 1597 3150 τῆς
1645 3085 1742 3136 τοῦ
1772 3087 1905 3138 Θεοῦ

261 3172 454 3251 σοφίας
511 3170 974 3245 οἴκονομησάστ,ς,
1023 3168 1151 3226 ἀλλ’
1187 3167 1278 3225 ’ίνα
1329 3167 1469 3243 μηδὲ
1508 3170 1763 3243 σώματος
1810 3191 1905 3226 κα-

259 3265 446 3335 θαροῦ,
512 3260 601 3315 καὶ

259 3350 550 3424 ἀκάθαρτοι
607 3347 874 3424 ψαύσωσι,
910 3345 1122 3423 μᾶλλον
1179 3344 1246 3416 δὴ
1302 3353 1402 3417 τῆς
1434 3347 1633 3402 ὲαυτῶν
1672 3350 1894 3428 σφαλῶ-

259 3461 339 3492 σιν
399 3436 646 3509 ἐλπίδος,
675 3437 880 3508 ἐκείνης
929 3437 1302 3511 ἀποτυχόντες
1365 3443 1468 3506 τῆς
1513 3437 1786 3511 τιμωρίας
1839 3435 1912 3492 δι’

262 3533 327 3600 ἧς
377 3529 605 3600 αἰκίζειν
660 3532 761 3597 τήν
824 3527 1072 3603 μάρτυρα
1125 3526 1322 3600 ᾤοντο.
1373 3530 1560 3584 Ταῦτα
1613 3532 1723 3582 τῶν
1782 3528 1915 3598 ἀητ-

263 3622 442 3690 τήτων
507 3618 795 3692 μαρτύρων
870 3620 1110 3691 Χριστοῦ
1165 3617 1231 3671 τὰ
1291 3615 1691 3687 παλαίσματα·
1750 3621 1911 3672 τοῦτο

263 3712 372 3764 τῶν
462 3703 733 3778 ἀοιδίμων
819 3705 882 3759 τὸ
965 3702 1301 3759 πολύευκτον
1402 3705 1567 3778 πέρας
1600 3721 1614 3736 ⁸
1688 3704 1914 3769 τούτους

267 3794 600 3869 ἐμακάρισαν
645 3795 740 3867 μὲν
797 3794 852 3848 αἱ
907 3793 1088 3869 νοεραὶ
1144 3797 1307 3847 πᾶσαι
1367 3789 1642 3866 δυνάμεις,
1681 3791 1910 3849 ἐπευλό-

270 3904 440 3958 γησαν
483 3880 542 3938 δὲ
607 3880 966 3956 πατριάρχαι,
1004 3879 1306 3936 ἀπόστολοι
1363 3878 1580 3956 ἥκεσαν,
1629 3881 1718 3936 καὶ
1771 3880 1910 3956 μάρ-

270 3991 427 4046 τυρες
482 3971 555 4034 ὡς
613 3968 957 4050 ἐφαμίλλους
1015 3975 1121 4027 τῶν
1177 3969 1379 4042 πόνων,
1437 3973 1527 4026 καὶ
1590 3977 1692 4038 τῆς
1733 3973 1910 4029 αὐτῶν

276 4060 571 4136 ἶσοῤῥόπου
630 4060 956 4136 ὁμολογίας,
1014 4061 1160 4132 ἱερὰν
1219 4063 1541 4136 προσθήκην
1608 4059 1850 4132 ἐδέξαντο
1894 4105 1908 4119 .

274 4151 436 4213 αὐτὸς
488 4148 544 4206 δὲ
600 4150 628 4205 6
661 4151 1031 4224 ’Λγωνοθέτης
1081 4151 1211 4223 ὑπὲρ
1269 4151 1330 4206 οὗ
1367 4151 1430 4205 τὸ
1478 4150 1707 4225 πάσχειν
1736 4152 1914 4224 προεί-

276 4237 460 4310 λοντο,
491 4241 583 4294 καὶ
642 4239 699 4294 ’ὀν
750 4234 1048 4315 ἔμπροσθεν
1103 4243 1211 4295 τῶν
1287 4241 1586 4313 ἀνθρώπων
1654 4259 1914 4312 μαρτυρι-

273 4333 384 4390 κῶς
443 4327 832 4403 ὡμολόγησαν,
890 4329 980 4382 καὶ
1041 4325 1202 4389 αὒτὸς
1280 4327 1511 4380 ἐνώπιον
1558 4331 1656 4380 τοῦ
1708 4328 1916 4400 Πατρὸς

275 4417 414 4471 κατά
459 4403 891 4490 τὸῖπάγγελμα
944 4416 1260 4490 ἀνεκήρυξε,
1315 4417 1405 4468 καί
1475 4415 1764 4476 κοινωνοὺς
1818 4423 1917 4485 τῆς

277 4501 438 4572 δόξης
503 4503 594 4557 καὶ
674 4509 775 4570 τῆς
861 4500 1140 4576 βασιλείας
1226 4500 1536 4576 εἰργάσατο.
1595 4504 1712 4556 ’Ότι
1773 4501 1917 4575 αὒτῷ

2089 2110 2208 2167 ΧΠ.
2241 2111 2332 2167 Ad
2353 2111 2474 2168 haec
2499 2130 2704 2170 rursus
2731 2117 3009 2186 tyrannus
3031 2122 3087 2173 et
3109 2120 3289 2192 magis
3322 2123 3648 2192 dubitabat,

2019 2199 2204 2254 ethoc
2227 2201 2483 2272 prodigio
2509 2203 2679 2274 plane
2700 2214 2957 2261 evaserat
2986 2208 3212 2264 solutus
3234 2215 3291 2264 et
3317 2211 3647 2281 imbecillis,

2017 2291 2074 2342 et
2107 2289 2369 2344 redactus
2427 2295 2550 2345 erat
2591 2293 2662 2346 ad
2711 2297 3028 2350 extremam
3085 2298 3308 2352 consilii
3367 2299 3645 2371 inopiam.

2019 2372 2238 2428 Deinde
2285 2390 2420 2428 cum
2466 2392 2693 2431 omnem
2747 2395 2910 2447 spem
2963 2381 3194 2450 penitus
3226 2384 3554 2451 abiecisset,
3587 2387 3646 2442 in

2022 2462 2269 2518 athlelas
2287 2463 2558 2519 ultimum
2576 2468 3162 2540 slatuitsupplicium,
3179 2490 3387 2544 nempe
3403 2478 3649 2531 utvitam

2019 2550 2256 2606 ﬁnirent
2284 2551 2499 2622 gladio.
2524 2555 2790 2609 Protinus
2811 2571 2946 2627 ergo
2974 2557 3147 2613 vincti
3179 2560 3550 2617 abducuntur
3577 2565 3649 2618 ad

2018 2643 2286 2692 mortem.
2312 2642 2384 2693 Et
2406 2647 2620 2710 martyr
2650 2640 2888 2711 quidem
2919 2658 3050 2698 cum
3085 2649 3350 2716 prompto
3384 2651 3444 2702 et
3473 2647 3651 2704 alacri

2019 2726 2217 2780 animo
2247 2725 2526 2782 subiisset
2555 2727 2748 2799 gladio
2777 2733 3370 2800 consummationem,
3391 2735 3450 2790 in
3473 2736 3649 2793 caelos

2020 2818 2335 2870 coronatus
2392 2815 2722 2874 extollitur:
2755 2821 2878 2889 ejus
2933 2825 3125 2876 autem
3179 2839 3343 2880 soror
3391 2828 3450 2881 et
3495 2826 3653 2882 socia

1987 2899 2429 2971 certaminum,
2478 2905 2652 2960 etiam
2699 2915 2829 2962 ante
2876 2907 3136 2979 gladium
3185 2917 3652 2983 consummatur,

2022 2991 2432 3062 propositoque
2454 2997 2510 3048 et
2529 2994 2708 3048 animi
2738 2995 3010 3052 instituto
3033 2997 3102 3053 fit
3131 3001 3384 3069 perfecta
3413 3010 3652 3073 martyr.

2022 3078 2140 3136 Hoc
2169 3087 2353 3136 autem
2383 3097 2496 3136 non
2529 3083 2602 3137 ab
2633 3099 2694 3138 re
2727 3084 2977 3154 providit
2999 3087 3098 3142 Dei
3128 3089 3434 3159 sapientia,
3459 3093 3563 3147 sed
3595 3101 3657 3147 ut

2018 3183 2230 3237 corpus
2277 3170 2561 3224 mundum
2590 3175 2646 3225 et
2675 3188 2710 3227 a
2740 3172 3013 3230 vitiorum
3052 3178 3470 3234 consuetudine
3500 3179 3657 3236 inta-

701 3241 883 3314 παθῶν
960 3258 1256 3332 ἐπιμιξίαις
1340 3259 1636 3336 ἀνεπάφου,
1715 3264 1894 3334 χεῖρες

2026 3261 2168 3312 :tum
2202 3273 2411 3313 manus
2440 3257 2753 3314 immundae
2776 3277 2889 3316 non
2913 3266 3249 3334 tangerent,
3275 3270 3448 3336 atque
3470 3272 3530 3322 ut
3552 3284 3657 3324 sua

2027 3363 2130 3416 spe
2159 3346 2324 3417 impii
2357 3346 2797 3414 frustrarentur,
2823 3365 2956 3404 cum
2989 3351 3059 3405 ab
3082 3369 3147 3407 eo
3180 3354 3480 3411 inferendo
3511 3357 3658 3412 exci-

2027 3434 2252 3491 dissent
2283 3435 2595 3507 supplicio,
2629 3451 2732 3507 per
2761 3439 2916 3507 quod
2949 3440 3234 3510 putabant
3255 3457 3318 3498 se
3351 3444 3658 3513 punituros

2028 3528 2362 3595 martyrem.
2385 3524 2520 3579 Haec
2551 3529 2686 3580 sunt
2715 3525 3062 3582 invictarum
3094 3529 3311 3586 Christi
3344 3535 3658 3601 martyrum

2025 3612 2346 3667 certamina
2401 3617 2460 3668 et
2514 3613 2608 3668 hic
2660 3621 2746 3669 est
2803 3617 3084 3686 optandus
3143 3618 3276 3675 ﬁnis
3341 3619 3658 3688 insignium

2029 3699 2398 3756 athletarum.
2433 3699 2570 3757 Illos
2618 3701 2866 3758 bearunt
2912 3704 3147 3774 quidem
3189 3722 3388 3763 omnes
3417 3708 3659 3765 virtutes

2024 3787 2438 3859 intelligentes,
2479 3789 2900 3847 benedixerunt
2947 3792 3309 3864 patriarchae,
3351 3795 3661 3853 laudarunt

2023 3876 2271 3949 apostoli
2320 3882 2376 3934 et
2423 3883 2725 3951 martyres,
2758 3885 2822 3935 ut
2863 3881 2945 3936 eis
2974 3898 3142 3948 pares
3173 3884 3230 3938 in
3262 3883 3557 3941 laboribus
3603 3889 3662 3940 et

2024 3969 2274 4040 aequales
2314 3969 2371 4024 in
2413 3970 2778 4026 confessione
2826 3977 3264 4030 sacrosanctum
3314 3983 3661 4045 acceperunt

2024 4060 2515 4116 additamentum.
2549 4062 2681 4131 Ipse
2729 4069 2922 4116 autem
2970 4063 3332 4132 Agonotheta
3369 4070 3426 4120 et
3463 4066 3660 4120 Domi-

2026 4165 2162 4212 nus,
2195 4164 2296 4216 pro
2345 4165 2459 4218 quo
2510 4148 2628 4217 pati
2685 4149 3140 4216 constituerunt,
3170 4159 3224 4206 et
3253 4168 3427 4222 quem
3464 4169 3659 4209 coram

2028 4236 2365 4290 hominibus
2395 4237 2703 4306 martyrice
2732 4237 2984 4292 confessi
3023 4244 3182 4307 sunt,
3216 4239 3362 4310 ipse,
3394 4241 3658 4312 inquam,

2029 4337 2224 4377 coram
2255 4325 2421 4377 Patre
2449 4337 2547 4378 eos
2578 4324 2863 4392 praeconio
2893 4324 3215 4397 honoravit,
3241 4327 3386 4382 sicut
3415 4336 3501 4384 est
3530 4328 3656 4400 pol-

2031 4410 2247 4480 licitus,
2279 4409 2590 4482 gloriaeque
2629 4415 2686 4466 et
2724 4412 2888 4484 regni
2936 4412 3211 4470 caelorum
3255 4415 3445 4472 socios
3492 4416 3662 4472 fecit:

2031 4501 2308 4570 quoniam
2341 4515 2471 4557 eum
2505 4500 2665 4555 decet
2694 4502 2887 4558 omnis
2935 4502 3140 4574 gloria,
3168 4503 3355 4560 honor
3383 4511 3436 4560 et
3466 4504 3668 4560 adora-

277 4591 469 4664 πρέπει
507 4594 652 4645 πᾶσα
699 4587 844 4660 δόξα,
875 4590 1012 4663 τιμὴ
1059 4589 1149 4644 καὶ
1194 4589 1408 4666 κράτος,
1458 4588 1810 4666 μεγαλωσύνη
1868 4612 1912 4647 τι

2038 4588 2142 4656 tio,
2195 4605 2351 4644 nunc
2407 4593 2462 4645 et
2518 4604 2770 4661 semper,
2825 4593 2884 4646 et
2932 4591 2992 4646 in
3050 4591 3264 4648 saecula
3319 4591 3666 4649 saeculorum

278 4680 368 4734 καὶ
424 4674 887 4755 μεγαλοπρέπεια,
917 4683 1006 4736 νῦν
1050 4680 1138 4735 καὶ
1194 4679 1272 4735 ἀεὶ
1325 4679 1417 4734 καὶ
1457 4679 1536 4742 εἰς
1567 4679 1693 4742 τοὺς
1724 4679 1924 4745 αἰῶνας

277 4771 388 4822 τῶν
423 4767 659 4824 αἰώνων.
691 4769 746 4827 ’Δ
756 4769 885 4842 μήν.

607 5771 874 5830 ΡΔἸἭΟῙι.
919 5766 1035 5828 Gn.
1081 5763 1255 5828 CXV.

2037 4679 2237 4734 Amen.

3283 5757 3361 5814 34
