4142 6248
457 351 610 412 1067

1798 337 2083 400 MENSIS
2127 336 2479 399 OCTOBER
2496 382 2509 394 .

3699 335 3868 396 1068

1039 512 3848 536 W

1643 683 2678 819 ΜΛΡΤΥΡΙΟΝ

1761 925 1900 977 ΤΩΝ
1940 922 2150 976 ΔΓΙΩΝ
2188 918 2558 972 ΜΑΡΤΥΡΩΝ

1043 1085 2051 1290 ΠΡΟΒΟΥ,
2175 1080 3284 1254 ΤΑΡΑΧΟΥ

1567 1375 1782 1470 ΚΑΙ
1881 1369 2738 1470 ΑΝΔΡΟΝΙΚΟΥ.

1557 1681 2771 1968 MARTYRIUM

1891 2063 1992 2119 SS.
2025 2061 2435 2118 MARTYBUM

729 2215 1335 2372 PBOBI,
1402 2208 2191 2345 TARACHI
2272 2208 2502 2343 ET
2581 2208 3602 2350 ANDRONICI.

906 2433 1134 2508 (Latine
1162 2431 1318 2505 apud
1345 2428 1579 2485 Surium
1609 2429 1680 2484 ad
1712 2427 1866 2483 diem
1900 2427 1958 2481 11
1997 2427 2280 2496 Octobris,
2314 2427 2507 2484 Graece
2537 2445 2604 2483 ex
2635 2429 2760 2484 cod.
2795 2444 2907 2485 ms.
2946 2430 3129 2486 Paris.
3166 2448 3224 2490 n.
3260 2433 3440 2505 1480.)

547 2731 590 2784 Ι.
631 2724 1020 2782 Diocletianus
1068 2726 1270 2774 tenens
1320 2719 1715 2771 Romanorum
1765 2713 2100 2783 imperium,

2290 2713 2366 2768 A'.
2410 2714 2798 2786 Διοκλητιανὸς
2854 2719 2956 2788 τήν
3003 2719 3378 2795 αὐτοκράτορα
3428 2724 3721 2798 Ῥωμαίοις
3769 2725 3879 2783 διέ-

474 2819 559 2875 vir
589 2815 688 2886 qui
720 2811 898 2868 errori
925 2810 1120 2866 cultus
1151 2808 1482 2862 daemonum
1515 2806 1638 2858 erat
1667 2801 1881 2856 mirum
1906 2800 1965 2856 in
1989 2816 2116 2855 mo-

477 2909 618 2964 dum
651 2903 935 2969 addictus,
967 2898 1193 2954 volebat
1237 2893 1558 2964 quemlibet
1587 2891 1977 2947 Christianum
2011 2890 2118 2946 ab-

469 2997 669 3068 jurare
719 2991 996 3062 pietatem
1047 2999 1357 3054 veramque
1404 2981 1769 3052 religionem,
1807 2979 2012 3035 litteris
2059 2983 2118 3034 et

477 3082 686 3138 edictis
712 3095 812 3151 per
844 3077 1174 3132 universum
1205 3073 1400 3127 orbem
1435 3075 1602 3124 terrae
1634 3084 1913 3140 spargens
1963 3068 2114 3124 hanc

476 3171 715 3241 impiam
747 3166 1084 3221 vanitatem.
1121 3165 1198 3214 Ea
1228 3161 1298 3214 de
1327 3175 1500 3213 causa
1544 3157 1747 3212 multis
1778 3157 2012 3227 quidem
2045 3173 2115 3212 ex

478 3258 748 3314 ﬁdelibus
797 3251 1252 3308 labefactabatur
1281 3247 1505 3302 animus
1533 3263 1545 3298 :
1579 3244 1677 3300 alii
1710 3253 1900 3300 autem
1952 3249 2111 3300 metu

479 3351 926 3412 tormentorum,
961 3355 1210 3411 quorum
1245 3338 1413 3392 minas
1447 3336 1674 3390 fuerant
1703 3335 2018 3399 intentataa,
2052 3336 2110 3388 in

480 3435 901 3495 solitudinibus
929 3430 1187 3486 latebant
1216 3431 1272 3482 et
1302 3425 1619 3481 montibus.
1654 3423 1770 3476 Piis
1799 3422 1953 3476 enim
1987 3422 2113 3476 ubi-

481 3542 594 3599 que
643 3527 810 3579 erant
854 3527 1021 3577 tensa
1063 3518 1208 3572 retia
1238 3522 1294 3571 et
1322 3514 1533 3585 laquei.
1565 3513 1726 3567 Tunc
1753 3527 1886 3566 vero
1919 3511 2110 3566 fortis-

481 3614 614 3671 simi
636 3610 849 3666 Christi
871 3607 1107 3675 milites,
1131 3604 1231 3676 qui
1253 3609 1370 3659 tres
1393 3602 1630 3673 quidem
1653 3603 1820 3654 erant
1844 3616 2110 3664 numero,

481 3707 537 3759 et
586 3715 794 3772 genere
841 3695 963 3751 solo
993 3699 1050 3749 et
1088 3692 1409 3748 differentia
1455 3690 1656 3760 patrias
1705 3689 2116 3744 dividebantur

481 3787 768 3860 (Taracho
799 3783 952 3840 enim
987 3782 1173 3853 primo
1205 3783 1547 3850 martyrum,
1582 3777 1770 3849 patria
1800 3781 1925 3830 erat
1974 3777 2112 3831 urbs

482 3877 704 3934 Claudii
729 3871 972 3930 Caesaris
1000 3889 1013 3938 ;
1037 3869 1224 3924 Probo
1255 3884 1410 3932 vero,
1433 3883 1560 3936 quae
1583 3868 1653 3921 ad
1678 3865 1969 3921 Orientem
2003 3865 2113 3919 sita

482 3971 591 4036 est,
644 3959 1021 4033 Pamphylia;
1070 3957 1395 4013 Andronico
1452 3959 1648 4011 autem
1707 3958 1870 4007 astate
1919 3953 2110 4017 tertio,

2223 2821 2339 2854 πων
2371 2801 2547 2877 ἀρχὴν
2583 2805 2718 2879 ἀνὴρ
2753 2804 2959 2884 σφόδρα
2989 2809 3113 2881 περὶ
3158 2811 3258 2879 τὴν
3311 2808 3681 2886 δεισιδαίμονα
3727 2814 3872 2871 πλά-

2221 2909 2319 2959 νην
2358 2887 2715 2976 ’ἐπτοημένος
2771 2896 2946 2950 πάντα
3001 2900 3320 2973 Χριστιανὸν
3389 2900 3712 2976 ἐξόμνυσθαι
3767 2908 3868 2976 τὴν

2224 2973 2494 3068 εὐσέϐειαν
2567 2977 2834 3054 ἐϐιάζετο,
2893 2987 3183 3060 γράμμασί
3248 3008 3305 3044 τε
3369 2973 3860 3068 καὶνδιατάγμασιν

2224 3065 2322 3120 ἀνὰ
2387 3068 2485 3136 τήν
2542 3070 2866 3144 οἰκουμένην
2939 3081 3135 3146 πᾶσαν,
3191 3079 3290 3146 τήν
3364 3081 3594 3152 θεομισῆ
3668 3065 3862 3152 ταύτην

2225 3154 2489 3224 ἐξαπλοῦν
2525 3160 2896 3232 ματαιότητα·
2930 3163 3189 3235 ταύτητοι
3229 3168 3315 3221 καὶ
3361 3166 3567 3224 πολλοὶ
3619 3173 3714 3243 μὲν
3765 3179 3871 3228 τῶν

2221 3246 2426 3299 πιστῶν
2458 3249 2557 3315 τὴν
2593 3245 2830 3302 διάνοιαν
2877 3250 3222 3322 ἐσαλεόοντο,
3261 3254 3424 3313 ἄλλοι
3479 3256 3535 3313 δὲ
3587 3257 3691 3316 δέει
3761 3267 3869 3316 τῶν

2221 3331 2608 3405 ἠπειλημὲνων
2642 3337 2910 3410 βασάνων,
2963 3339 3016 3393 ἐν
3057 3340 3314 3416 ἐρημίαις
3353 3346 3443 3401 καὶ
3503 3343 3682 3424 ὅρεσιν
3741 3352 3873 3406 ἀπε-

2220 3420 2542 3509 κρύπτοντο,
2575 3424 3035 3500 παρρησιάζεσθαι
3090 3433 3166 3504 μὴ
3222 3420 3661 3509 δυνάμενοι-τήν
3713 3442 3872 3496 εὗσέ-

2221 3504 2391 3602 ϐειανᾏ,
2449 3518 2732 3587 πανταχοῦ
2787 3516 2886 3591 γὰρ
2944 3523 3066 3584 τοῖς
3122 3518 3357 3578 εὐσεϐέσι
3444 3527 3688 3602 Θήρατρα
3782 3529 3875 3584 καὶ

2221 3597 2443 3691 παγίδες
2510 3605 2962 3681 περιεπήγνυντο,
2997 3609 3131 3665 Τότε
3159 3608 3224 3681 δὴ
3267 3612 3356 3667 καὶ
3413 3615 3465 3669 οἱ
3504 3597 3876 3691 τοῦῑΧριστοῦ

2223 3690 2600 3781 γενναιότατοι
2695 3699 3041 3770 στρατιῶται,
3101 3705 3246 3773 τρεῖς
3327 3703 3420 3775 μὲν
3494 3705 3586 3758 τὸν
3639 3690 3876 3781 ἀριθμὸν

2223 3775 2392 3846 ὄντες,
2432 3779 2519 3832 καὶ
2560 3782 2698 3853 γένει
2735 3783 2881 3855 μόνῳ
2923 3787 3012 3840 καὶ
3063 3787 3322 3862 πατρίδος
3364 3789 3593 3869 διαφορᾷ
3646 3775 3872 3869 μεριξό-

2225 3885 2398 3952 μενοι,
2427 3870 2493 3937 τῇ
2547 3865 2602 3921 δὲ
2661 3872 2794 3942 πρὸς
2847 3875 2974 3928 Θεὸν
3013 3875 3196 3952 ἆγᾶπῄ
3241 3880 3329 3933 καὶ
3379 3855 3577 3947 πίστει,
3634 3855 3872 3940 ivit-:31:

2222 3948 2494 4023 διαφανῶς
2551 3958 2949 4030 γνωριζόμενοι
2983 3981 2997 3994 ⁸
3060 3948 3302 4040 Ταρνάχῳ
3359 3970 3461 4044 γὰρ
3525 3976 3604 4043 τῷ
3664 3975 3876 4046 πρώτῳ

483 4053 733 4126 insignis
765 4048 1104 4120 metropolis
1153 4044 1578 4118 Ephesiorum),
1611 4043 1668 4097 in
1697 4042 1880 4097 Deum
1925 4048 2110 4095 autem

2227 4061 2323 4139 των
2361 4041 2666 4139 μαρτύρων,
2718 4049 2750 4114 ἡ
2806 4047 3072 4104 Κλαυδίου
3131 4057 3400 4129 Καίσαρος
3443 4041 3628 4127 πόλις,
3670 4041 3876 4139 π-ατρῖς

485 4142 766 4202 charitate
787 4147 839 4195 et
863 4138 975 4193 ﬁde
1001 4151 1178 4192 unum
1205 4150 1332 4190 esse
1353 4138 1551 4206 aperte
1579 4129 2112 4203 cognoscebantur:

487 4249 617 4289 cum
642 4229 727 4287 vel
751 4228 940 4284 solum
965 4226 1177 4282 versari
1200 4240 1333 4279 cum
1359 4222 1573 4293 impiis,
1599 4224 1971 4291 reputassent
1992 4233 2119 4274 sese

488 4324 775 4392 abnegare
805 4317 1103 4390 pietatem,
1137 4314 1364 4384 seipsos
1395 4314 1726 4381 separantes
1759 4326 1792 4363 a
1823 4309 2119 4364 communi

486 4408 890 4475 multitudine,
938 4405 1134 4468 tacite,
1183 4406 1239 4455 et
1287 4415 1389 4470 per
1438 4413 1498 4451 se
1545 4397 1780 4450 alebant
1837 4413 2008 4451 suum
2059 4397 2117 4450 in

487 4499 783 4557 Christum
835 4491 1208 4548 desiderium.
1240 4488 1524 4541 Caeterum
1563 4483 1650 4537 vel
1701 4485 1888 4551 ipsam
1941 4485 2117 4535 vitam

486 4605 604 4645 non
652 4581 931 4656 putabant
975 4575 1233 4642 vitalem,
1269 4572 1380 4626 nisi
1421 4575 1619 4626 essent
1649 4570 1866 4624 Christi
1899 4568 2117 4640 passio-

489 4693 627 4732 num
684 4673 920 4744 propter
957 4665 1253 4722 Christum
1297 4660 1627 4732 participes.
1660 4659 1876 4728 Scopus
1923 4661 2118 4712 autem

489 4770 611 4822 erat
628 4763 712 4820 eis
738 4776 858 4815 sua:
882 4757 951 4812 ad
977 4756 1158 4811 Deum
1193 4749 1498 4816 orationis,
1521 4767 1549 4800 a
1572 4745 1848 4819 martyrio
1879 4745 2119 4801 minime

489 4854 772 4918 excidere,
796 4853 852 4904 et
881 4862 996 4903 non
1029 4844 1216 4898 facere
1245 4839 1453 4894 Christi
1483 4838 1794 4910 jacturam,
1818 4852 1986 4908 quem
2019 4853 2120 4907 pro

488 4942 760 4999 omnibus
790 4937 1004 4994 habere
1033 4932 1385 5001 delegerant.

561 5123 630 5178 ΙΙ.
666 5121 808 5176 Cum
861 5121 1230 5173 versarentur
1256 5111 1315 5165 in
1347 5108 1440 5164 his
1470 5107 1622 5163 beati
1656 5107 1908 5172 athletae,
1941 5105 2121 5160 mitti-

489 5217 584 5266 tur
612 5211 671 5264 in
704 5215 892 5277 partes
942 5204 1069 5260 illas
1119 5201 1353 5273 quidam
1403 5212 1614 5268 praeses
1647 5196 1717 5250 ab
1757 5195 2121 5262 imperatore,

491 5297 726 5354 nomine
757 5291 1170 5358 Maximus,vir
1191 5288 1288 5360 qui
1314 5287 1383 5341 ad
1416 5296 1729 5339 extremam
1767 5285 2123 5352 processerat

2223 4128 2562 4228 εἵνωρίςετο,
2598 4129 2797 4228 Ρρόξῳ
2829 4133 2883 4190 δὲ
2916 4139 2948 4206 ἡ
2981 4140 3118 4228 προς
3168 4139 3240 4213 ἕῳ
3281 4141 3590 4216 διακειμένη
3637 4128 3876 4228 Παμιρυ-

2223 4217 2337 4315 λξα,
2370 4219 2458 4272 καὶ
2501 4217 2830 4315 Ἀνδρονίκῳ
2876 4230 2956 4315 τῷ
3002 4226 3168 4315 τρίτῳ
3217 4231 3333 4283 καθ’
3369 4230 3586 4299 ἡλικίαν
3630 4237 3662 4302 ἠ
3711 4217 3879 4315 Ἐξε-

2225 4307 2354 4397 σίων
2399 4311 2698 4386 περιφανὴς
2762 4312 3125 4389 μητρόπολις.
3185 4318 3349 4374 Οὗτοι
3407 4321 3493 4373 καὶ
3570 4324 3669 4392 τήν
3736 4307 3879 4397 μετᾶ

2225 4393 2431 4450 ἀσεϐῶν
2479 4396 2761 4475 διαγωγὴν
2807 4403 2997 4474 μόνην,
3052 4403 3319 4470 εὐσεϐείας
3378 4408 3600 4482 ἄρνησιν
3641 4393 3874 4488 λονισά-

2229 4505 2400 4555 μενοι,
2465 4487 2561 4540 τοῦ
2620 4489 2802 4543 κοινοῦ
2851 4491 3097 4563 πλήθους
3157 4496 3379 4559 ἑαυτοὺς
3447 4487 3866 4575 ἀπορρήξαντες,

2225 4575 2410 4662 ἡσυχῇ
2475 4577 2563 4629 καὶ
2607 4579 2726 4640 καθ’
2782 4580 3008 4640 ἑαυτοὺς
3073 4586 3164 4638 τὸν
3222 4587 3357 4660 πρὸς
3413 4588 3640 4662 ξριστὸν
3704 4591 3864 4655 πόθον

2228 4658 2540 4738 ὑπέτρεφον,
2585 4666 2669 4725 οἷς
2716 4665 2803 4718 καὶ
2853 4669 2880 4720 ὁ
2925 4669 3040 4742 βίος
3099 4668 3334 4735 ἀϐίωτος
3368 4647 3734 4750 ἐνομίζετοβί
3781 4683 3848 4750 μὴ

2225 4754 2335 4805 τῶν
2384 4755 2480 4805 τοῦ
2529 4755 2763 4824 Χριστοῦ
2821 4757 3154 4828 παθημάτων
3190 4757 3553 4836 διᾶθΧριστὸν
3606 4768 3846 4833 κοινωνή-

2226 4859 2399 4895 σουσιο
2437 4839 2649 4900 Σκοπὸς
2689 4837 2745 4893 δὲ
2801 4849 2898 4909 τῆς
2946 4846 3080 4916 πρὸς
3128 4849 3255 4902 Θεὸν
3315 4851 3496 4914 αὐτοῖς
3555 4860 3854 4928 προσευγῆς

2225 4929 2286 4981 τὸ
2351 4928 2427 5017 μὴ
2476 4931 2572 4982 τοῧ
2633 4931 2926 5003 μαρτυρίου
2996 4932 3312 5007 διαμαρτεῖν
3369 4944 3458 4995 καὶ
3521 4917 3862 5017 ζημιωθῆναι

2226 5016 2482 5090 Χριστὸν,
2514 5016 2571 5069 ὃν
2605 5017 2720 5071 ἀντὶ
2749 5020 2963 5075 πάντων
2997 5017 3142 5098 ἔχειν
3174 5028 3518 5102 προείλοντο.

2298 5109 2370 5158 Β.
2425 5105 2511 5159 Ἐν
2557 5103 2771 5167 τούτοις
2824 5113 2930 5163 τῶν
2982 5116 3260 5188 μακαρίων
3314 5117 3564 5187 ἀθλητῶν
3615 5119 3869 5188 ἀναστρε-

2228 5191 2476 5269 φομένων
2517 5191 2798 5249 στέλλεταί
2828 5217 2911 5260 τις
2961 5202 3104 5271 παρὰ
3159 5204 3423 5276 βασιλέως
3475 5209 3698 5282 ἡγεμὼν
3748 5178 3870 5262 δίκε,

2229 5299 2356 5369 ματι
2413 5282 2683 5354 Μάξιμος,
2759 5287 2916 5358 ἀνὴρ,
2985 5288 3060 5350 εἰς
3143 5288 3368 5368 ἔσχατον
3443 5293 3874 5369 δεισιδαιμονίας

489 5385 549 5438 in
599 5381 964 5436 daemonibus
1017 5376 1274 5432 colendis
1323 5373 1814 5446 superstitionem,
1848 5373 1904 5424 et
1953 5369 2116 5438 cujus

2231 5367 2545 5442 ἐληλακὼς,
2578 5375 2667 5428 καὶ
2698 5374 2914 5446 πολλὴν
2944 5377 3088 5455 ἔχειν
3117 5367 3238 5452 τήν
3263 5384 3526 5458 ὠμότητα
3559 5367 3874 5461 μαρτυρού-

490 5467 801 5524 crudelitas
839 5466 1165 5535 jactahatur
1209 5462 1364 5534 vulgi
1406 5457 1762 5518 testimonio.
1798 5457 1852 5512 Is
1881 5472 2012 5511 cum
2046 5458 2117 5510 ad

492 5554 872 5610 Tarsensium
903 5551 1158 5607 venisset
1188 5550 1498 5614 civitatem,
1519 5545 1784 5619 protinus
1807 5545 1876 5600 ad
1913 5547 2124 5601 exami-

497 5640 786 5696 nationem
838 5637 987 5693 sedit
1022 5638 1079 5691 in
1113 5637 1337 5692 excelso
1386 5633 1656 5690 tribunali
1697 5633 1992 5700 judicans,
2025 5640 2126 5691 aut

2235 5478 2422 5564 nevae:
2465 5462 2560 5564 "(lc
2617 5467 2684 5537 τῇ
2725 5466 2995 5564 ,Ταρσέων
3075 5469 3438 5546 ἐπιδημήσας,
3504 5477 3704 5545 ταύτης
3764 5478 3872 5550 γὰρ

2366 5551 2463 5617 τὴν
2512 5552 2801 5627 ἡγεμονίαν
2840 5556 3181 5632 κεκλήρωτο,
3222 5562 3379 5627 εὐθὺς
3417 5565 3550 5638 πρὸς
3607 5563 3866 5635 ἐξέτασιν,

2233 5637 2321 5690 ἐπὶ
2403 5643 2674 5714 μετεώρου
2749 5652 2987 5715 καθῆστο
3069 5653 3165 5703 τυῦ
3232 5637 3501 5724 βήματος,
3562 5651 3795 5724 δικάζων
