4142 6248
283 345 440 409 1069

1402 347 1880 414 MARTYBIUM
1927 353 1990 414 S.
2037 351 2273 412 PBOBI
2318 351 2414 411 ET
2462 350 2627 413 SOC.

3522 358 3678 419 1070

283 502 500 579 μᾶλλον
533 501 626 558 τὸν
666 506 855 577 αγῶνα
895 497 1156 568 διατιθεὶς
1185 502 1260 566 ὡς
1291 504 1406 560 οἷόν
1451 527 1510 561 τε
1539 505 1931 588 χαλεπώτατα,
1961 573 1964 578 η

2075 515 2337 567 ertamen
2360 510 2554 581 potius
2577 526 2790 582 parans
2811 511 2980 584 longe
3001 513 3444 571 difﬁcillimum.
3468 516 3558 573 Illi
3582 533 3681 572 au-

278 594 364 648 καὶ
418 590 564 666 αὒτῷ
613 589 757 648 πολύ
807 613 858 646 τι
910 592 1128 662 πλῆθος
1167 595 1518 667 παρειστήκει
1549 595 1784 671 δημίων,
1815 603 1934 663 τοῖς

281 669 482 738 ἐκείνου
511 683 601 737 καὶ
641 681 866 754 νεύμασι
897 682 987 736 καὶ
1020 683 1272 757 σχήμασι
1301 682 1364 738 τὸ
1413 684 1648 749 εὐπειθὲς
1700 687 1933 765 ὑποφαί-

279 792 480 834 νοντες.
533 773 683 830 Ἐπεὶ
763 769 855 826 οὗν
921 776 1039 835 τοῖς
1109 770 1364 842 τηνικάδε
1431 771 1824 849 δεισιδαίμοσιν
1880 778 1934 832 οὶ

285 863 551 935 μάρτυρες
609 859 692 915 ἐπ’
732 855 974 931 εὐσεϐείᾳ
1031 857 1193 930 δῆλοι
1251 861 1522 938 γεγόνασι,
1564 867 1650 920 καὶ
1713 873 1934 938 θεσμοῖς

281 951 368 1004 καὶ
403 950 638 1024 εἱρκταῖς
669 947 777 1021 ἤδη
811 945 1311 1022 συνελαμϐάνοντο,
1355 953 1406 1006 οἱ
1440 955 1537 1022 τὴν
1570 955 1774 1009 τούτων
1831 978 1934 1034 φυ-

282 1039 455 1107 λακήν
493 1037 968 1114 ἐπιτετραμμένοι,
997 1039 1064 1093 τὰ
1119 1041 1234 1094 κατ’
1276 1038 1472 1104 αὐτοὺς
1521 1047 1601 1115 τῷ
1659 1042 1933 1114 δικάζοντι

285 1124 662 1200 διεσήμαινον,
731 1128 758 1181 6
828 1124 884 1181 δὲ
939 1133 1095 1202 κοινῇ
1167 1129 1261 1200 μὲν
1336 1128 1532 1190 αὐτοὺς
1601 1140 1934 1208 παραστῆναι

283 1215 571 1272 ἀπείπατο.
624 1217 756 1279 Καθ’
806 1211 900 1270 ἕνα
950 1214 1008 1271 δὲ
1063 1217 1278 1290 μᾶλλον
1330 1218 1585 1296 εἰσάγων,
1632 1223 1730 1290 τὴν
1760 1221 1934 1291 ἐξέτα-

284 1325 365 1359 σιν
411 1305 670 1374 ἐποιεῖτο,
719 1306 1010 1380 κακούργῳ
1079 1304 1264 1379 σκέψει
1343 1309 1468 1381 περὶ
1541 1313 1703 1364 τοῦτο
1756 1307 1938 1365 διατε-

287 1395 419 1464 θεὶς,
476 1392 566 1448 καὶ
642 1394 808 1467 ταύτῃ
895 1392 1109 1467 μᾶΛλον
1194 1394 1337 1450 ἐλεῖν
1421 1397 1548 1459 τοὺς
1635 1397 1940 1468 ἀηττήτους

288 1479 700 1556 διανοούμενος.
753 1482 854 1538 Καὶ
938 1486 1156 1556 πρῶτος
1250 1484 1346 1556 μὲν
1434 1487 1462 1540 6
1536 1487 1657 1550 καθ’
1714 1485 1935 1556 ἡλικίαν

289 1570 548 1646 Τάραχος
611 1571 769 1632 οὗτος
826 1570 916 1641 ἧν,
959 1569 1248 1644 παρελθὼν
1302 1571 1377 1635 εἴς
1431 1573 1614 1648 μέσον,
1645 1574 1937 1647 ἐρωτηθεὶς

291 1660 439 1720 ὅστις
507 1659 756 1730 καλοῖτο,
790 1661 1109 1732 Χριστιανὸν
1173 1661 1362 1716 ἑαυτὸν
1413 1661 1802 1740 ὡμολόγησεν,
1840 1686 1939 1736 μο-

290 1749 509 1823 νονουχὶ
541 1747 720 1824 λέγων
764 1749 896 1824 πρὸς
925 1748 1019 1804 τὸν
1050 1747 1236 1804 ἄδικον
1264 1747 1543 1821 δικαστὴν,
1569 1752 1644 1814 ὡς
1675 1755 1846 1828 Ὅπερ
1878 1754 1940 1806 σὺ

295 1834 512 1898 διώκεις
559 1837 634 1898 ὡς
681 1831 956 1910 ἔγκλημα,
1005 1841 1165 1892 τοῦτο
1216 1838 1423 1911 κόσμος
1463 1840 1588 1914 ἐμοὶ
1621 1842 1710 1896 καὶ
1771 1838 1946 1915 ὄνομα

293 1925 498 1999 κύριον.
541 1921 761 1992 Ἐπειδὴ
814 1921 871 1978 δὲ
914 1925 1004 1978 καὶ
1053 1925 1116 1979 τὸ
1164 1923 1224 1979 ἐκ
1268 1929 1372 1979 τῶν
1407 1928 1609 1999 γονέων
1653 1926 1945 1998 ἐπικληθὲν

294 2013 732 2088 καταχρηστικὸν
784 2014 970 2086 μαθεῖν
1020 2013 1110 2067 καὶ
1166 2017 1328 2068 τοῦτο
1380 2013 1736 2090 φιλονεικεῖς,
1772 2018 1952 2092 Τάρα-

299 2123 403 2178 χος
453 2103 820 2176 ὀνομάζομαι,
871 2104 1212 2174 στρατιώτης
1269 2100 1327 2158 δὲ
1380 2102 1480 2174 ὢν,
1519 2106 1844 2180 ἠρνησάμην
1894 2107 1955 2160 τὸ

299 2191 446 2247 κάτω
499 2192 898 2267 στρατεύεσθαι,
945 2190 1164 2266 ἐπείπερ
1207 2194 1276 2248 τᾶ
1325 2192 1469 2248 ὅπλα
1515 2198 1622 2248 τῶν
1693 2197 1957 2266 Χριστια-

301 2284 407 2334 νῶν
459 2282 618 2354 ἡμῶν
679 2280 740 2334 ού
787 2281 1035 2353 σαρκικὰ,
1072 2277 1219 2335 ἀλλά
1277 2278 1476 2336 δυνατὰ
1521 2286 1600 2353 τῷ
1657 2283 1773 2355 Θεῷ
1822 2282 1961 2336 καθὰ

303 2368 516 2430 Ηαῦλός
583 2389 716 2447 φησι
791 2369 929 2442 πρὸς
1011 2367 1322 2442 καθαίρεσιν
1397 2375 1494 2424 τοῦ
1564 2370 1937 2442 ἀντικειμένου

304 2461 509 2531 Πρᾶττε
538 2444 634 2508 οὗν
669 2453 701 2510 6'
732 2454 922 2530 βούλει
955 2474 968 2487 ο
1005 2449 1202 2527 ἔσομαι
1231 2455 1335 2530 γάρ
1366 2477 1450 2510 σοι
1501 2455 1590 2511 διὰ
1626 2458 1718 2511 τὸν
1751 2456 1804 2511 ἐν
1835 2444 1959 2530 ἐμοξ

303 2547 432 2602 Θεὸν
463 2543 686 2620 κέντρον
713 2544 803 2600 καὶ
851 2543 1128 2620 Τάραχος,
1168 2545 1258 2599 καὶ
1314 2547 1455 2617 μήτε
1502 2551 1599 2600 τοῦ
1647 2549 1833 2622 γήρως
1866 2547 1963 2620 ἐμὲ

303 2636 394 2690 καὶ
432 2640 535 2704 τῆς
578 2633 777 2694 πολιᾶς
822 2633 1212 2706 ὑπομίμνησκε
1247 2638 1316 2707 τῇ
1368 2636 1655 2709 προθυμίᾳ
1685 2637 1961 2706 νεάζοντα,

313 2725 452 2798 μήτε
498 2724 600 2792 τὴν
652 2721 880 2798 ἀλογίαν
917 2725 1026 2776 τῶν
1057 2725 1166 2776 σῶν
1213 2721 1504 2795 βασιλέων,
1536 2728 1787 2796 πατρῷον
1830 2725 1964 2778 ἀπο-

309 2811 464 2865 κάλει
518 2805 709 2883 νόμον.
743 2811 837 2870 Εἷς
895 2809 1000 2883 γὰρ
1055 2809 1215 2880 ἡμῶν
1274 2809 1360 2861 καὶ
1413 2807 1631 2877 ἀληθὴς
1683 2813 1892 2884 Πατὴρ,
1937 2812 1964 2864 6

315 2899 466 2965 Θεὸς,
497 2897 558 2958 ’ὸς
609 2897 702 2950 καὶ
764 2895 842 2955 εἲς
890 2915 952 2949 το
1006 2895 1141 2949 εἶναι
1189 2897 1520 2970 παρήγαγεν,
1553 2897 1606 2949 οἱ
1650 2894 1707 2950 δὲ
1736 2897 1822 2950 σοὶ
1855 2898 1966 2960 θεοὶ

319 2987 467 3048 λίθοι
519 2986 609 3041 καὶ
649 2984 784 3055 ξύλα
813 2981 981 3050 ὄντες,
1018 2982 1368 3060 βδελύγματά
1393 2986 1494 3039 εἰσι
1521 3005 1533 3018 ·
1591 2986 1813 3041 τοιαῦτα
1867 2987 1967 3062 γὰρ

318 3077 386 3132 τὰ
411 3079 508 3131 τοῦ
540 3077 636 3130 σοῦ
673 3071 943 3150 βασιλέως
970 3068 1304 3147 σεϐάσματα.

396 3262 468 3317 Γ’.
500 3259 727 3321 Τούτοις
783 3258 882 3325 τήν
937 3258 1104 3333 ὀργὴν
1161 3256 1369 3330 ἀνάψας
1412 3261 1509 3312 τοῦ
1568 3256 1842 3326 δικαστοῦ,
1894 3259 1968 3312 ὡς

325 3349 384 3405 ἂν
415 3349 491 3412 εἷς
547 3350 673 3410 τοὺς
713 3347 880 3409 Θεούς
936 3367 995 3402 τε
1051 3346 1143 3402 καὶ
1201 3346 1328 3406 τοὺς
1380 3345 1628 3421 βασιλεῖς
1675 3354 1974 3422 παροινῶν,

329 3439 484 3504 εὐθὺς
543 3440 641 3508 τήν
699 3436 834 3492 κατὰ
874 3440 982 3490 τῶν
1034 3434 1304 3510 σιαγόνων
1335 3431 1489 3510 ὕϐριν
1523 3437 1832 3513 ὑφίσταται,
1865 3439 1978 3493 εἶτα

329 3529 415 3582 καὶ
457 3529 592 3582 κατᾶ
639 3529 736 3582 τοῦ
791 3524 1022 3599 αὐχένος
1064 3523 1154 3578 ἐπὶ
1198 3522 1436 3586 πολλαῖς
1476 3530 1595 3586 ταῖς
1642 3524 1808 3598 ὥραις
1866 3525 1980 3581 ἐτύ-

330 3637 511 3680 πτετο,
546 3616 608 3668 οὗ
643 3611 784 3686 μηδὶ
811 3614 910 3682 τὴν
962 3613 1082 3667 θέαν
1136 3613 1307 3685 μόνην
1357 3611 1408 3666 οἷ
1456 3617 1792 3687 παρεστῶτες
1842 3612 1976 3684 ἠδύ-

332 3725 487 3760 ναντο
535 3708 834 3776 καρτερεῖν,
895 3699 980 3756 διὸ
1025 3701 1116 3756 καὶ
1167 3703 1436 3756 νουθετεῖν
1499 3701 1836 3777 ἐπεχείρουν,
1893 3701 1981 3758 ἵνα

334 3801 436 3863 τῆς
489 3790 835 3867 μωρολογίας
885 3790 962 3852 ὡς
1017 3791 1207 3852 αὐτοῖς
1254 3787 1428 3844 ἐδόκει
1487 3791 1805 3864 μετάθηται,
1844 3793 1980 3868 πρὸς

337 3882 427 3943 οὓς
483 3882 511 3936 6
573 3881 776 3954 μάρτυς
821 3879 912 3934 καὶ
962 3876 1172 3954 σφόδρα
1212 3899 1275 3952 γε
1316 3877 1545 3953 εὐφυῶς,
1581 3881 1664 3936 Ἐν
1721 3878 1979 3951 ἐξήκοντα

336 3971 493 4032 ὅλοις
542 3967 684 4025 ἔτεσι
723 3969 822 4037 τήν
875 3968 1086 4042 μωρίαν
1133 3967 1335 4038 ταύτην
1385 3969 1698 4044 φιλοπόνως
1739 3969 1977 4041 ἀσκήσας

338 4060 388 4116 ἐν
421 4059 536 4136 ὥρᾳ
570 4062 668 4133 μιᾷ
694 4059 757 4113 τὸ
805 4056 1041 4132 χρονίως
1071 4057 1290 4128 κτηθὶν,
1323 4057 1464 4112 οὕτω
1505 4056 1703 4131 ῥᾳδίως
1750 4059 1978 4113 ἀπώσο-

344 4171 460 4224 μαι,
493 4148 554 4204 ού
626 4149 702 4221 μὰ
759 4148 851 4202 τὸν
915 4147 1047 4221 ὑπὲρ
1095 4141 1368 4210 εὐσεϐείας
1416 4151 1604 4201 τοῦτον
1664 4148 1858 4218 ἀγῶνα,
1891 4149 1978 4201 καὶ

338 4242 436 4308 τήν
485 4239 561 4300 εἰς
605 4236 838 4310 Χριστὸν
885 4235 976 4290 τὸν
1025 4233 1286 4304 ἀληθινὸν
1315 4233 1443 4288 Θεόν
1483 4255 1588 4304 μου
1635 4234 1979 4302 πεποίθησιν,

343 4325 465 4382 οὐδ’
491 4325 550 4381 ἂν
578 4327 716 4397 ἡμῖν
756 4322 928 4384 ἄλλος
980 4321 1229 4392 Μάξιμος
1287 4320 1512 4393 ἀπειλῇ,
1541 4321 1735 4374 τούτου
1787 4321 1985 4393 πολλῷ

347 4412 641 4489 βαρύτερός
701 4432 758 4466 τε
813 4411 904 4465 καὶ
977 4407 1389 4483 χαλεπώτερος.
1449 4411 1570 4465 Τῶν
1642 4414 1984 4485 μαρτυρικῶν

343 4501 551 4557 τούτων
589 4505 782 4576 φωνῶν
833 4499 861 4553 6
911 4497 1230 4569 παράνομος
1291 4493 1551 4566 δικαστὴς
1598 4500 1658 4553 τὸ
1707 4499 1986 4575 πεπαρῥη-

1997 3214 2049 3282 C

2037 604 2153 656 tem
2181 601 2493 655 assistebat
2511 615 2721 670 magna
2742 601 3061 656 multitudo
3083 603 3376 672 lictorum,
3399 605 3498 676 qui
3519 604 3679 661 illius

2040 689 2275 744 nutibus
2301 695 2355 744 et
2385 688 2646 760 gestibus
2678 706 2738 744 se
2772 694 3036 760 prompte
3077 693 3368 761 parituros
3419 710 3547 749 esse
3596 695 3677 749 si-

2041 778 2419 850 gniﬁcabant.
2454 777 2597 832 Cum
2630 793 2765 848 ergo
2798 777 2866 832 iis
2899 778 2998 848 qui
3030 782 3170 834 tunc
3214 785 3381 836 erant
3421 781 3674 838 cultores

2040 869 2368 922 daamonum
2431 871 2709 937 martyres
2769 874 3000 936 propter
3067 884 3262 923 veram
3333 869 3670 941 religionem

2038 956 2348 1011 evasissent
2386 953 2701 1018 manifesti,
2733 959 2789 1008 et
2826 955 2945 1023 jam
2979 957 3385 1025 comprehensi
3432 959 3681 1029 fuissent

2039 1045 2112 1099 iis
2145 1045 2357 1115 quibus
2389 1043 2498 1097 hoc
2529 1042 2903 1098 incumbebat
2933 1044 3214 1112 ofﬁcium,
3238 1046 3421 1116 judici
3455 1049 3524 1103 de
3556 1049 3673 1104 illis

2042 1132 2466 1203 significarunt.
2502 1133 2629 1200 Ipse
2679 1135 2866 1184 autem
2918 1132 3100 1186 vetuit
3149 1134 3384 1202 quidem
3420 1151 3516 1189 eos
3548 1137 3676 1191 sisti

2043 1221 2450 1284 communiter,
2497 1220 2596 1273 sed
2650 1218 2988 1287 singulatim
3039 1221 3234 1291 potius
3280 1224 3676 1294 introduceus,

2044 1325 2143 1364 eos
2172 1307 2554 1375 examinabat,
2589 1307 2847 1378 maligno
2880 1306 2987 1363 hoc
3019 1324 3192 1379 agens
3224 1310 3469 1366 consilio
3500 1317 3557 1366 et
3586 1329 3682 1368 co-

2044 1399 2236 1470 gitans
2289 1398 2406 1452 fore
2438 1400 2503 1450 ut
2531 1395 2776 1451 invictos
2814 1396 2897 1450 sic
2931 1396 3152 1452 facilius
3204 1408 3584 1470 expugnaret.
3617 1403 3684 1456 Et

2044 1487 2272 1558 primus
2324 1486 2581 1556 quidem,
2613 1485 2881 1540 videlicet
2925 1489 3113 1555 astate,
3147 1487 3442 1544 Tarachus
3475 1490 3533 1543 in
3563 1505 3682 1545 me-

2046 1575 2207 1630 dium
2241 1574 2541 1641 accedens,
2567 1588 2701 1629 cum
2753 1577 2983 1643 rogatus
3029 1581 3182 1631 esset
3230 1576 3497 1648 quisnam
3526 1594 3689 1634 voca-

2047 1669 2224 1730 retur,
2258 1662 2511 1734 seipsum
2575 1663 2880 1718 confessus
2938 1669 3026 1718 est
3082 1679 3206 1719 esse
3264 1664 3686 1734 Christianum,

2047 1751 2333 1822 intrepide
2363 1751 2563 1806 dicens
2603 1750 2818 1820 injusto
2845 1751 3062 1820 judici:
3095 1754 3254 1819 Quod
3287 1759 3373 1822 tu,
3408 1759 3688 1825 tanquam

1976 1862 2032 1926 B
2055 1841 2299 1910 crimen,
2335 1839 2720 1910 persequeris,
2757 1838 2859 1892 hoc
2893 1844 2981 1894 est
3006 1840 3145 1895 mihi
3190 1849 3598 1898 ornamentum
3637 1847 3694 1899 et

2059 1943 2270 1984 nomen
2304 1928 2621 1998 proprium.
2646 1927 2931 1992 Quoniam
2963 1944 3094 1984 vero
3123 1928 3178 1983 id
3213 1945 3447 2001 quoque
3479 1932 3627 2002 quod
3663 1948 3696 1986 a

2059 2017 2399 2088 parentibus
2447 2014 2588 2070 mihi
2637 2015 2744 2069 fuit
2792 2015 3133 2086 impositum
3179 2017 3265 2073 vis
3313 2017 3477 2088 scire,
3525 2034 3696 2074 vocor

2061 2105 2384 2162 Tarachus.
2419 2105 2561 2159 Cum
2593 2107 2784 2158 autem
2818 2119 3006 2160 essem
3053 2105 3238 2173 miles,
3272 2106 3494 2161 inferne
3524 2106 3698 2162 abne-

2063 2195 2193 2266 gavi
2243 2194 2518 2262 militare,
2550 2192 2820 2262 quoniam
2873 2209 3029 2248 arma
3079 2200 3298 2260 nostra,
3346 2194 3442 2264 qui
3492 2209 3699 2250 sumus

2064 2282 2396 2347 Christiani,
2421 2297 2534 2337 non
2560 2284 2695 2336 sunt
2715 2279 2990 2346 carnalia,
3014 2281 3113 2335 sed
3140 2301 3167 2331 «
3195 2281 3310 2336 Deo
3337 2281 3593 2352 potentia
3613 2283 3702 2352 (ut

2067 2372 2207 2427 dicit
2237 2370 2480 2443 Paulus)
2515 2370 2583 2424 ad
2619 2368 3072 2424 destructionem
3119 2369 3498 2424 adversarii‘.
3534 2392 3561 2419 ››
3593 2374 3702 2423 Fac

2068 2477 2203 2531 ergo
2235 2461 2387 2530 quod
2423 2458 2604 2526 velis;
2638 2474 2734 2513 ero
2775 2457 2928 2512 enim
2983 2457 3088 2512 tibi
3137 2474 3238 2528 per
3275 2463 3458 2512 Deum
3492 2459 3586 2528 qui
3619 2467 3704 2513 est

2067 2549 2125 2603 in
2161 2565 2252 2602 me
2281 2546 2558 2602 stimulus
2579 2551 2635 2600 et
2657 2545 3033 2616 perturbatio.
3057 2546 3127 2599 Et
3148 2561 3252 2600 nec
3275 2561 3368 2602 me
3391 2546 3706 2602 senectutis

2069 2642 2127 2693 et
2156 2651 2435 2692 canorum
2468 2636 2802 2699 admoneas,
2827 2633 2926 2703 qui
2961 2649 3091 2688 sum
3118 2634 3352 2704 juvenis
3383 2634 3563 2689 animi
3595 2635 3707 2689 ala-

2072 2727 2275 2783 critate
2302 2741 2314 2778 :
2349 2739 2538 2794 neque
2568 2723 2714 2792 quod
2743 2721 3170 2778 inconsiderate
3201 2729 3253 2777 et
3284 2726 3490 2794 praeter
3527 2724 3705 2778 ratio-

2072 2830 2203 2870 nem
2237 2814 2303 2866 ﬁt
2332 2813 2502 2867 atuis
2549 2811 3016 2881 imperatoribus,
3051 2811 3106 2864 id
3157 2827 3322 2866 voces
3367 2811 3548 2883 legem
3601 2829 3709 2883 pa-

2072 2905 2269 2958 triam.
2301 2900 2464 2956 Unus
2495 2905 2583 2956 est
2612 2900 2765 2954 enim
2814 2907 3005 2954 noster
3034 2903 3090 2954 et
3117 2915 3284 2954 verus
3313 2902 3500 2968 Pater,
3527 2899 3705 2964 Deus,

2076 2990 2176 3061 qui
2212 3005 2316 3044 nos
2347 2988 2522 3043 etiam
2555 2987 2824 3057 produxit
2854 2987 2924 3042 ad
2957 2989 3292 3043 essentiam.
3323 2987 3430 3043 Tui
3469 3003 3600 3044 vero
3627 2987 3710 3042 dii

2077 3095 2208 3134 cum
2241 3077 2361 3132 sint
2390 3076 2549 3146 ligna
2579 3081 2638 3130 et
2669 3075 2911 3146 lapides,
2934 3081 3074 3130 sunt
3100 3075 3581 3132 abominationes.
3605 3081 3712 3130 Ta-

2079 3169 2157 3224 lia
2187 3170 2326 3223 sunt
2359 3181 2482 3236 quae
2513 3182 2545 3219 a
2573 3169 2674 3218 tuo
2701 3165 3049 3234 imperatore
3079 3165 3349 3220 coluntur
3377 3164 3710 3220 simulacra.

2149 3257 2247 3310 Ill.
2281 3253 2382 3308 His
2434 3251 2756 3307 accendens
2788 3251 2932 3304 iram
2958 3250 3194 3320 judicis,
3230 3255 3294 3304 ut
3323 3252 3421 3321 qui
3465 3250 3578 3305 diis
3622 3251 3712 3304 in—

2082 3345 2327 3400 sultaret
2382 3346 2439 3397 et
2493 3338 2970 3411 imperatoribus,
3018 3337 3077 3392 in
3139 3337 3388 3393 maxillis
3448 3339 3713 3409 protinus

2082 3433 2266 3488 subiit
2293 3429 2568 3500 injuriam
2590 3445 2602 3483 :
2627 3426 2836 3482 deinde
2864 3426 3119 3482 etiamin
3143 3425 3290 3482 collo
3326 3426 3525 3482 multis
3555 3426 3715 3481 horis

2084 3523 2190 3577 fuit
2217 3520 2572 3576 verberatus.
2598 3515 2760 3582 Quod
2781 3515 3176 3586 spectaculum
3201 3530 3272 3570 ne
3294 3519 3556 3586 poterant
3585 3514 3715 3586 qui-

2085 3611 2217 3664 dem
2251 3609 2398 3664 Ierre
2430 3607 2469 3660 ii
2495 3604 2592 3677 qui
2628 3604 2906 3658 aderant:
2934 3601 3202 3673 quocirca
3235 3603 3721 3676 aggrediebantur

2085 3698 2258 3755 etiam
2293 3696 2628 3762 admonere,
2661 3696 2726 3748 ut
2764 3691 2938 3747 stulte
2969 3691 3147 3762 loqui,
3189 3692 3341 3748 sicut
3370 3693 3454 3748 eis
3482 3691 3718 3747 videba-

2085 3792 2200 3854 tur,
2233 3785 2557 3842 desisteret.
2590 3781 2812 3845 Quibus
2865 3784 3081 3849 martyr
3129 3780 3271 3837 scite
3319 3781 3626 3836 admodum
3665 3786 3719 3837 et

2085 3875 2384 3949 apposite:
2421 3874 2563 3928 Cum
2615 3871 2933 3940 sexaginta,
2967 3869 3179 3941 inquit,
3210 3873 3362 3926 totos
3401 3887 3496 3926 sex
3535 3886 3717 3926 annos

2084 3966 2389 4036 diligenter
2444 3961 2596 4016 hanc
2647 3959 2888 4014 stultam
2943 3960 3294 4014 exercuerim
3352 3959 3716 4026 locutionem,

2086 4055 2228 4109 hora
2249 4068 2386 4114 una,
2408 4049 2565 4119 quod
2594 4052 2714 4102 tam
2751 4047 2918 4114 longo
2947 4051 3203 4116 tempore
3229 4050 3318 4100 est
3347 4047 3716 4116 acquisitum,

2087 4139 2419 4211 expellam?
2449 4136 2828 4205 Nequaquam
2881 4150 2982 4204 per
3029 4134 3158 4200 hoc,
3192 4134 3343 4204 quod
3377 4150 3478 4204 pro
3511 4136 3721 4203 pietate

2089 4226 2340 4296 suscipio
2371 4231 2684 4288 certamen,
2708 4229 2761 4275 et
2782 4236 2886 4292 per
2904 4236 3093 4276 meam
3115 4221 3173 4275 in
3196 4222 3488 4276 Christum
3521 4238 3720 4280 verum

2091 4316 2271 4373 Deum
2305 4311 2600 4376 fiduciam,
2626 4324 2812 4380 neque
2833 4309 2881 4364 si
2907 4309 3077 4364 nobis
3097 4309 3247 4365 alius
3269 4309 3517 4366 minetur
3542 4310 3723 4366 Maxi-

2093 4421 2241 4470 mus,
2284 4403 2393 4458 hoc
2454 4402 2623 4473 longe
2671 4399 2904 4472 gravior
2953 4402 3010 4454 et
3050 4397 3455 4468 importunior.
3506 4399 3722 4455 Harum

2093 4493 2365 4565 martyris
2395 4506 2602 4546 vocum
2633 4489 2961 4544 libertatem
2995 4503 3110 4542 non
3144 4487 3334 4542 ferens
3363 4487 3606 4559 iniquus
3628 4490 3726 4559 ju-

349 4575 629 4660 σιασμένον
686 4586 786 4642 οὐκ
855 4586 1109 4661 ἐνεγκὼν,
1164 4579 1386 4659 ῥάϐδοις
1442 4586 1610 4660 ὠμῶς
1677 4591 1964 4657 καταικίζε

2096 4585 2222 4650 dex,
2243 4582 2413 4652 jubet
2434 4579 2625 4650 ipsum
2648 4577 2828 4648 virgis
2851 4575 2992 4631 cedi
3019 4575 3349 4631 crudeliter.
3369 4576 3510 4630 Cum
3533 4580 3728 4631 autem

349 4680 468 4733 σθαι
521 4676 612 4731 τὸν
667 4675 910 4744 ἀθλητὴν
973 4673 1264 4730 ἐπιτάττει.
1295 4676 1385 4738 Ὧς
1416 4673 1472 4730 δὲ
1504 4676 1637 4748 μετᾶ
1690 4676 1782 4738 τὰς
1838 4677 1986 4744 πλη-

351 4767 450 4843 γὰς
499 4763 650 4839 ἔμενε
701 4761 914 4836 μᾶλλον
963 4766 1063 4834 τὴν
1112 4765 1297 4842 ψυχὴν
1338 4763 1732 4839 ἀκλινέστερος,
1768 4767 1992 4841 βαρυτέ-

355 4877 472 4931 ροις
495 4855 530 4925 ἢ
566 4853 826 4929 πρότερον
849 4853 1198 4932 περισχεθεὶς
1222 4857 1340 4914 τοῖς
1395 4849 1484 4908 διὰ
1513 4853 1740 4928 σιδήρου
1773 4853 1991 4929 δεσμοῖς

352 4944 438 5000 ἰπὶ
468 4944 570 5012 τήν
601 4940 819 5017 εἲρκτήν
845 4942 1108 5016 ἀπήγετο.

425 5033 502 5090 Δ¹.
536 5031 672 5088 Εἶτα
700 5029 790 5084 καὶ
833 5030 861 5085 6
889 5030 1006 5084 καθ’
1048 5028 1270 5099 ἠλικίαν
1309 5027 1554 5106 δεύτερος
1602 5033 1865 5108 παρήχθη
1916 5039 1996 5106 τῷ

361 5123 592 5198 βήματι,
642 5117 881 5192 ἄμελητὶ
937 5119 1025 5174 καὶ
1084 5117 1416 5193 συνηγμένος
1465 5123 1641 5175 πάντα
1685 5120 1850 5176 εἰπὼν
1906 5121 1999 5177 ’ίνα

361 5212 438 5283 μή
469 5209 557 5264 καὶ
594 5205 832 5282 βραδύνῃ
874 5208 1086 5275 παθεῖν,
1136 5202 1236 5284 ἔφη
1282 5206 1386 5281 γὰρ
1423 5208 1521 5276 τὴν
1572 5209 1664 5280 μὲν
1709 5209 1851 5264 θείαν
1910 5212 1999 5265 καὶ

358 5298 623 5371 ὶξαίρετον
697 5293 1074 5371 προσηγορίαν
1143 5295 1418 5368 καλοῦμαι
1496 5296 1834 5369 Χριστιανὸς,
1900 5300 1997 5367 τὴν

357 5385 707 5460 ἀνθρωπίνην
740 5383 819 5452 δὲ,
858 5377 1093 5458 Πρόὸος.
1123 5383 1260 5454 Θρᾲξ
1313 5383 1423 5455 εἰμὶ
1465 5384 1526 5438 τὸ
1576 5385 1729 5460 γένος
1779 5385 2005 5457 ἰδιώτης

359 5474 451 5531 τὸν
488 5473 633 5550 βίον,
665 5475 762 5535 τὰς
801 5477 906 5528 τῶν
941 5471 1206 5546 βασιλέων
1237 5472 1326 5526 καὶ
1364 5471 1458 5533 τὰς
1515 5473 1629 5544 σας,
1662 5473 1706 5527 ὦ
1756 5471 1999 5546 δικαστὰ,

439 5658 460 5694 ³
491 5657 541 5714 Il
572 5657 701 5725 Cor,
733 5673 790 5725 ι,
823 5657 876 5711 4.

2097 4675 2230 4744 post
2259 4669 2457 4742 plagas
2491 4671 2751 4722 maneret
2777 4664 2969 4720 animo
2998 4663 3345 4733 immobilis,
3373 4663 3732 4734 gravioribus

2099 4775 2270 4830 quam
2298 4757 2457 4828 prius
2479 4753 2678 4811 ferreis
2701 4753 3016 4808 adstrictus
3038 4750 3307 4821 vinculis,
3332 4751 3618 4807 abductus
3646 4759 3734 4808 est

2101 4849 2159 4903 in
2191 4859 2502 4902 carcerem.

2178 5031 2270 5086 IV.
2306 5028 2517 5085 Deinde
2547 5026 2597 5083 is
2629 5042 2861 5099 quoque
2913 5025 3010 5096 qui
3057 5028 3178 5080 erat
3228 5025 3521 5080 secundus
3569 5031 3736 5084 aetate

2113 5122 2427 5192 productus
2457 5122 2544 5172 est
2572 5117 2645 5172 ad
2675 5115 2945 5171 tribunal.
2981 5114 3081 5169 Ille
3114 5117 3307 5169 autem
3340 5115 3486 5170 citra
3515 5131 3735 5174 moram

2109 5219 2160 5268 et
2194 5209 2391 5281 paucis
2423 5206 2566 5261 dixit
2596 5205 2811 5274 omnia,
2832 5220 2902 5259 ne
2931 5203 3186 5258 differret
3215 5203 3352 5273 pati.
3375 5203 3581 5260 Divina
3610 5209 3737 5276 qui-

2110 5301 2262 5360 dem.
2322 5296 2615 5366 inquiens,
2675 5297 2732 5348 et
2784 5292 3070 5362 praecipua
3126 5291 3515 5364 appellatione
3568 5310 3741 5350 vocor

2112 5387 2497 5452 Christianus,
2523 5383 2777 5437 humana
2801 5388 2992 5436 autem
3015 5382 3255 5437 Probus.
3277 5385 3414 5436 Sum
3439 5382 3628 5436 Thrax
3650 5398 3742 5452 ge-

2117 5492 2272 5539 nere,
2298 5475 2468 5528 homo
2502 5471 2775 5542 privatus,
2797 5471 3212 5544 imperatorum
3239 5475 3293 5526 et
3314 5474 3446 5526 tuas
3469 5469 3743 5524 adversus
