4142 6248
453 355 604 417 1071

1793 334 2072 397 MENSIS
2117 334 2500 396 OCTOBEB.

3699 325 3862 390 1072

451 533 649 579 veram
707 513 1046 586 religionem
1101 523 1291 575 voces,
1324 521 1355 560 ο
1397 502 1600 574 judex,
1650 513 1976 567 exsecraris,
2024 501 2074 552 et

2193 494 2329 550 κατὰ
2370 497 2467 564 τῆς
2518 488 2786 556 εὐσεϐείας
2829 488 3100 546 διαπτύων
3143 488 3329 562 τιμὰς,
3379 487 3489 564 οὐχ
3540 487 3741 557 ἥκιστα
3796 485 3858 543 δὲ

453 612 704 664 vestram
729 602 978 658 maxime
999 596 1336 659 amicitiam,
1356 597 1419 648 ut
1437 607 1556 661 qua
1577 607 1607 644 a
1633 589 1742 644 Deo
1766 586 2087 658 disjungit;

454 710 666 766 magno
711 690 866 745 enim
917 686 1096 758 pretio
1127 682 1235 739 cmi
1278 697 1405 737 esse
1434 677 1850 745 Christianum,
1883 679 1947 730 ut
1990 674 2091 745 qui

453 799 678 850 omnes,
707 793 854 850 quas
897 774 1206 838 habebam,
1241 768 1566 836 facultates,
1600 782 1726 838 quae
1760 769 1925 820 erant
1973 779 2088 818 non

453 887 673 942 paucae,
697 864 1173 938 contempserim,
1197 866 1427 934 propter
1449 857 1786 912 mandatum
1811 852 2085 925 Spiritus.

453 941 585 1028 Quae
617 974 751 1016 cum
782 955 1045 1021 dixisset,
1068 951 1337 1022 alligatus
1360 951 1416 1004 et
1436 949 1710 1002 extensus
1741 941 1962 1014 accepit
1991 941 2090 997 bo-

450 1048 717 1104 villorum
749 1057 1057 1100 nervorum
1088 1040 1258 1106 ictus,
1289 1035 1377 1092 vel
1408 1034 1537 1090 nive
1567 1034 1813 1089 cadente
1842 1028 2089 1086 crebrio-

451 1154 564 1192 res.
597 1141 662 1190 Et
693 1150 827 1192 cum
861 1137 1012 1187 terra
1057 1127 1399 1199 irrigaretur
1447 1122 1755 1193 sanguine,
1788 1124 1845 1174 et
1884 1123 2088 1188 stupe-

450 1233 581 1284 rent
609 1227 702 1298 qui
734 1221 1192 1280 circumstabant
1221 1221 1278 1273 et
1309 1217 1380 1272 ad
1408 1229 1542 1270 eum
1564 1213 1885 1268 clamarent
1911 1226 1924 1263 :
1951 1211 2087 1264 Vide

451 1320 609 1374 hunc
667 1317 885 1371 ﬂuxum
945 1310 1193 1366 maxime
1250 1304 1591 1374 terribilem,
1622 1306 1680 1358 et
1722 1301 1827 1356 tibi
1879 1316 2085 1371 parce:

452 1410 675 1478 martyr
704 1405 774 1459 ad
808 1418 906 1457 eos
932 1401 1191 1454 intuens.
1233 1393 1395 1461 Quod
1445 1393 1546 1463 qui
1597 1393 1843 1454 certant,
1871 1388 2084 1459 inquit,

451 1477 778 1567 unguntur,
798 1490 991 1546 oleum
1023 1491 1124 1542 aut
1148 1487 1532 1554 unguentum,
1555 1479 1712 1534 hunc
1743 1477 2082 1546 sanguinem

449 1566 674 1654 reputo,
697 1590 751 1636 et
781 1580 908 1635 ideo
931 1578 1000 1632 ad
1023 1573 1341 1631 certamina
1368 1570 1545 1626 evado
1571 1568 1831 1624 alacrior.
1866 1566 2084 1622 Deinde

447 1673 622 1730 etiam
654 1671 714 1726 in
754 1672 952 1726 ventre
997 1679 1199 1719 rursus
1247 1659 1516 1716 similiter
1558 1657 1919 1721 verberatus,
1950 1671 2080 1710 cum

446 1767 658 1818 terram
691 1753 1102 1815 abundantiori
1133 1750 1418 1823 sanguine
1440 1748 1672 1804 fecisset
1701 1761 2080 1818 purpuream:

2195 584 2284 638 καὶ
2330 585 2429 652 τήν
2471 582 2731 656 ὑμετέραν
2779 581 2992 660 φιλίαν,
3038 579 3112 641 ὼς
3159 575 3447 633 διιστῶσαν
3497 575 3654 650 Θεοῦ,
3700 575 3856 632 πολ-

2197 671 2298 726 λοῦ
2330 673 2433 747 γὰρ
2465 669 2740 747 ἐπριάμην
2797 670 2857 725 τὸ
2907 670 3047 724 εἶναι
3097 667 3436 739 Χριστιανὸς,
3467 667 3679 720 πάντων
3733 671 3848 721 τῶν

2197 760 2554 835 ὑπαρχόντων
2611 759 2709 814 οὐκ
2766 757 2975 835 ὀλίγων
3035 753 3206 811 ὄντων
3264 756 3705 832 καταφρονήσας,
3758 752 3850 809 διὰ

2194 852 2291 920 τήν
2342 855 2438 904 τοῦ
2489 849 2799 922 Ηνεύματος
2843 847 3088 917 ἐντολήν.
3124 845 3226 902 Καὶ
3269 850 3438 899 ταῦτα
3485 843 3678 916 εἰπὼν,
3722 841 3846 899 δια-

2195 940 2418 1008 ζωσθείς
2475 959 2533 992 τε
2579 939 2668 992 καὶ
2727 937 2990 1005 ἐκταθεὶς,
3035 935 3234 1009 νεύρων
3309 935 3502 1008 βοείων
3573 934 3845 1008 μάστιγας

2192 1029 2430 1101 καθάπερ
2481 1025 2708 1101 νιφάδας
2762 1026 2960 1100 ἀθρόας
3019 1025 3105 1079 καὶ
3168 1022 3383 1084 πολλὰς
3450 1020 3693 1098 ἐδέχετο,
3754 1023 3846 1078 καὶ

2191 1121 2271 1187 τῷ
2316 1117 2512 1188 α’ίματι
2577 1113 2988 1188 καταρδομένης
3039 1121 3138 1182 τῆς
3190 1121 3318 1187 γῆς,
3363 1112 3450 1166 καὶ
3503 1118 3611 1167 τῶν
3661 1133 3846 1188 περιε-

2193 1206 2412 1260 στώτων
2456 1203 2912 1276 ἐκπληττομένων
2989 1204 3080 1257 καὶ
3143 1204 3396 1278 βοώντων
3451 1201 3618 1273 αὐτῷ,
3666 1201 3848 1258 Βλέπε

2190 1295 2252 1349 τὸ
2302 1289 2679 1372 φοϐερώτατον
2723 1299 2884 1348 τοῦτο
2931 1293 3122 1368 ῥεῦμα,
3173 1292 3263 1346 καὶ
3320 1297 3498 1371 φεῖσαι
3545 1296 3769 1360 σαυτοῦ,
3816 1293 3846 1346 ὁ

2197 1385 2399 1457 μάρτυς
2469 1381 2676 1440 ἀπιδὼν
2755 1385 2892 1460 πρὸς
2971 1382 3191 1454 αὐτοὺς,
3251 1385 3619 1455 Γυμναστικὸν
3694 1383 3843 1438 εἶπεν

2191 1471 2374 1529 ἔλαιον
2403 1476 2464 1530 τὸ
2495 1476 2631 1548 αἷμα
2660 1476 2809 1531 τουτῖ
2845 1472 3182 1551 λογίζομαι·
3218 1471 3302 1528 διὸ
3333 1474 3423 1528 καὶ
3465 1472 3678 1547 μᾶλλον
3706 1475 3845 1542 πρὸς

2187 1563 2314 1625 τοὺς
2373 1565 2585 1640 ἀγῶνας
2634 1563 2803 1620 πλέον
2861 1563 3184 1637 ἀλείφομαι.
3239 1563 3369 1620 Εἶτα
3416 1563 3506 1617 καὶ
3545 1563 3683 1617 κατᾶ
3737 1570 3842 1633 τῆς

2189 1654 2418 1726 γαστρὸς
2458 1651 2622 1708 πάλιν
2670 1654 2880 1726 ὁμοίως
2944 1650 3185 1729 τυφθεὶς,
3215 1651 3303 1706 καὶ
3359 1655 3439 1722 τῷ
3495 1649 3683 1723 α’ίματι
3743 1649 3842 1706 δα-

2188 1741 2506 1815 ψιλέστερον
2575 1741 2910 1819 ἐπιφοινίξας
2983 1743 3082 1810 τὴν
3153 1748 3296 1816 γῆν·
3360 1742 3578 1814 Χριστέ,
3642 1741 3837 1815 βοήθει

445 1852 690 1919 Christe,
716 1849 799 1904 fer
829 1845 972 1901 mihi
1003 1859 1193 1914 opem,
1215 1839 1405 1898 solum
1437 1842 1525 1894 est
1545 1837 1823 1893 elocutus.
1849 1836 1918 1890 Et
1948 1850 2074 1889 cum

2192 1833 2510 1927 μοι,Δμόνο-θ
2559 1830 2869 1909 ἐφθέγγετο.
2905 1832 3010 1888 Καὶ
3051 1835 3149 1886 τοῦ
3196 1832 3467 1905 ἡγεμόνος
3514 1832 3788 1909 φήσαντος
3822 1851 3835 1863 ·

445 1941 685 1997 dixisset
733 1951 981 2010 praeses:
1017 1933 1077 1989 Si
1125 1931 1229 1986 tibi
1277 1943 1444 2000 opem
1495 1927 1688 1992 ferret,
1721 1929 1776 1980 te
1814 1923 2083 1979 liberaret

447 2029 519 2085 ab
572 2026 841 2084 omnibus
899 2023 992 2078 his
1034 2018 1365 2086 tormentis,
1420 2015 1713 2086 sapienter
1766 2013 2081 2067 admodum

443 2115 748 2188 respondit
796 2113 883 2168 vir
928 2113 1162 2183 justus:
1194 2109 1314 2162 Non
1369 2119 1563 2176 quaero
1623 2118 1733 2157 non
1788 2101 1926 2172 pati,
1981 2102 2082 2156 sed

447 2205 670 2262 fortiter
727 2219 794 2258 ac
845 2203 1178 2256 constanter
1235 2195 1384 2251 ferre
1433 2191 1856 2264 perpessiones.
1905 2191 2084 2245 Nemo

444 2294 601 2350 enim
632 2308 698 2348 ex
747 2290 822 2346 iis
853 2289 951 2361 qui
999 2288 1316 2349 decertant,
1348 2282 1392 2336 si
1427 2281 1597 2337 fuerit
1643 2296 1798 2335 sanae
1851 2279 2083 2346 mentis,

444 2381 679 2454 petierit
723 2379 937 2435 auferri
969 2393 1002 2430 a
1032 2372 1454 2431 certaminibus
1499 2369 1710 2440 quibus
1758 2368 2086 2439 assequitur

448 2485 718 2526 coronam
753 2471 809 2522 et
834 2465 1090 2538 praemia.
1113 2463 1327 2518 Verum
1360 2465 1416 2515 te
1445 2458 1604 2525 latet,
1626 2474 1658 2512 ο
1683 2458 1884 2528 judex,
1910 2473 1997 2510 me
2028 2461 2085 2510 et

443 2558 611 2613 valde
641 2555 824 2618 fuisse
856 2552 1215 2617 exauditum,
1240 2553 1296 2603 et
1317 2547 1462 2601 mihi
1485 2548 1685 2600 datum
1719 2544 1896 2598 fuisse
1925 2544 2084 2597 auxi-

441 2645 610 2701 lium.
633 2645 761 2700 Tua
794 2656 1045 2711 namque
1074 2642 1383 2694 contemno
1415 2637 1724 2698 tormenta,
1749 2648 1864 2686 non
1896 2632 2080 2685 victus

441 2736 512 2790 ab
544 2734 616 2789 iis
650 2749 751 2804 per
781 2747 909 2803 qua:
941 2728 1157 2799 putasti
1186 2730 1241 2780 te
1275 2739 1364 2780 me
1396 2738 1524 2778 esse
1565 2721 1879 2788 victurum,
1913 2726 1971 2775 et
2011 2735 2077 2774 ex

445 2821 842 2878 acerbissimis
897 2816 1156 2888 corporis
1209 2812 1500 2869 doloribus
1557 2809 1818 2865 animum
1875 2814 2080 2864 nactus

443 2907 1026 2978 robustiorem.'Cum
1061 2904 1153 2959 his
1187 2901 1364 2957 simul
1413 2898 1702 2962 cessisset,
1736 2906 1788 2951 et
1831 2913 1962 2952 eum
1997 2898 2080 2951 di-

444 2999 706 3056 misisset
740 2997 944 3068 judex,
996 3009 1128 3050 eum
1174 2991 1407 3062 quidem
1459 2988 1605 3043 ferro
1653 2985 1880 3054 vinciri,
1923 2994 1976 3040 et
2021 2987 2078 3041 in

441 3103 730 3144 carcerem
762 3084 972 3140 abduci
1004 3083 1190 3154 jubet,
1223 3085 1280 3135 et
1309 3077 1531 3133 extendi
1566 3077 1624 3130 in
1657 3081 1901 3147 quatuor
1928 3076 2078 3132 fora-

441 3177 702 3232 minibus
732 3174 896 3246 ligni,
935 3174 1005 3228 ad
1036 3168 1423 3240 torquendum
1457 3165 1791 3220 constructi.

2193 1918 2258 1976 Εἱ
2295 1913 2512 1989 ἐϐοήθει
2562 1941 2668 1985 σοι,
2699 1921 2916 1982 πάντως
2960 1919 3018 1976 ἄν
3069 1940 3126 1974 σε
3157 1918 3246 1975 καὶ
3285 1923 3392 1975 τῶν
3430 1919 3673 1995 βασάνων
3704 1919 3844 1974 τού-

2190 2029 2298 2062 των
2339 2007 2624 2084 ἐξήρπασε,
2685 2015 2913 2072 συνετῶς
2967 2007 3097 2085 ὄίγαν
3143 2008 3171 2063 ὀ
3231 2006 3440 2070 δίκαιος
3494 2008 3840 2083 ἀπεκρίνατο,

2193 2099 2269 2160 ὡς
2301 2097 2446 2173 Οὐχὶ
2481 2100 2558 2171 μή
2590 2101 2797 2167 παθεῖν,
2837 2096 2983 2153 ἀλλά
3010 2102 3340 2174 καρτερῆσαι
3367 2100 3436 2153 τὰ
3472 2099 3616 2169 πάθη
3665 2103 3841 2169 ζητῶ,

2195 2185 2372 2250 οὐδεὶς
2403 2189 2506 2265 γὰρ
2562 2193 2667 2244 τῶν
2727 2187 3143 2264 ἀγωνιζομένων
3187 2187 3461 2264 λογισμοῦ
3492 2188 3691 2262 Κύριος
3739 2186 3840 2257 ὢν,

2195 2267 2528 2352 ἐξαιρεθῆναῖ
2569 2283 2673 2332 τῶν
2714 2278 2933 2352 ἀγώνων
2967 2278 3232 2348 αἰτήσειεν
3280 2275 3376 2332 ’ίνα
3422 2281 3523 2332 τοῦ
3577 2279 3848 2354 στεφάνου

2191 2367 2416 2421 καὶτῶν
2458 2363 2704 2439 ἀμοιϐῶν
2752 2365 3061 2441 διαμάρτοι.
3099 2365 3338 2436 Λέληθεν
3373 2365 3466 2422 οὖν
3509 2388 3566 2421 σε
3595 2366 3638 2420 ὦ
3673 2366 3839 2422 δικα-

2192 2456 2308 2525 στά,
2343 2454 2424 2508 ὅτι
2471 2455 2560 2508 καὶ
2611 2453 2734 2509 λίαν
2779 2453 3057 2528 ἤκουσμαί
3109 2476 3166 2510 τε
3209 2456 3299 2510 καὶ
3344 2451 3713 2530 βεϐοήθημαι,
3744 2459 3837 2513 καὶ

2191 2539 2278 2595 διὰ
2329 2546 2422 2595 τοῦ
2452 2543 2771 2613 τοσούντων,
2821 2545 3068 2616 βασάνων
3117 2548 3457 2620 καταφρονῶ,
3504 2545 3611 2620 οὐχ
3657 2548 3834 2615 ἡττη-

2189 2629 2296 2692 θεὶς
2335 2629 2570 2701 τούτων,
2601 2629 2670 2684 δι’
2703 2632 2775 2686 ὧν
2806 2632 2867 2685 σὺ
2897 2634 3133 2701 νικήσειν
3175 2630 3444 2705 ἐνόμιζες,
3476 2633 3566 2688 καὶ
3618 2633 3835 2709 ἀνδρει-

2189 2717 2374 2793 οτέραν
2429 2716 2683 2796 ἐσχηκὼς
2714 2723 2813 2787 τὴν
2853 2721 3038 2794 ψυχὴν
3087 2719 3146 2774 ἐκ
3181 2724 3289 2775 τῶν
3336 2719 3674 2797 δριμυτέρων
3731 2729 3831 2778 τοῦ

2185 2810 2438 2878 σώματος
2513 2807 2792 2882 ἀλγεινῶν.
2853 2808 3084 2869 Τούτοις
3152 2806 3337 2870 ἐνδούς
3411 2830 3471 2865 τε
3554 2812 3666 2884 ἅμα
3740 2813 3826 2866 καὶ

2161 2895 2369 2968 ,μεθεὶς
2413 2897 2440 2950 ὁ
2484 2892 2713 2966 δικάζων
2777 2894 3017 2972 σιδήρων
3061 2899 3154 2970 μὲν
3222 2899 3310 2952 καὶ
3369 2898 3530 2954 αὐτὸν
3587 2897 3818 2970 δεθῆναι,

2187 2985 2275 3039 καὶ
2332 2986 2466 3058 πρὸς
2521 2988 2620 3055 τήν
2678 2986 2892 3055 εἷρκτήν
2952 2987 3264 3061 ἀπαχθῆναι
3325 2987 3399 3049 εἷς
3457 2989 3712 3065 τέσσαρας
3761 2989 3815 3044 δὲ

2189 3075 2314 3142 ὀπᾶ,
2371 3079 2467 3129 τοῦ
2524 3076 2890 3149 κολαστηρίου
2973 3074 3135 3144 ξύλον
3222 3077 3557 3146 ἀποταθῆναι
3643 3077 3818 3134 διακε-

2187 3161 2419 3218 λεύεται.

513 3266 574 3322 γ.
598 3231 735 3321 Post
752 3231 922 3334 quem
943 3231 1278 3316 tertius-fuit.
1300 3256 1666 3311 introductus
1685 3253 2072 3319 Andronicus,

2255 3253 2328 3307 E'.
2362 3253 2494 3308 Μεθ’
2524 3253 2579 3306 ὃν
2633 3250 2999 3326 ’Δνδρόνικος,
3029 3274 3213 3328 τριτος
3263 3255 3535 3332 εἰσήγετο,
3577 3255 3696 3323 νέος
3728 3260 3819 3331 μὲν

441 3370 678 3426 corpore
708 3353 946 3424 quidem
972 3347 1228 3419 juvenis,
1252 3347 1322 3401 iis
1346 3350 1536 3400 autem
1562 3342 1660 3413 qui
1685 3342 1845 3413 prius
1877 3343 2072 3397 decer-

438 3450 634 3499 tarunt
659 3441 890 3512 ingenio
921 3438 1158 3509 aequalis
1189 3441 1244 3490 ct
1272 3435 1576 3506 perfectus.
1603 3430 1987 3495 Quamobrem
2022 3441 2073 3485 et

439 3532 845 3596 constantiam,
896 3533 952 3584 et
1003 3525 1233 3582 dicendi
1300 3523 1646 3589 libertatem,
1703 3523 1759 3574 et
1816 3520 2072 3574 eamdem

439 3619 692 3676 ostendit
746 3617 1089 3682 orationem,
1145 3628 1206 3667 se
1263 3609 1656 3666 Christianum
1723 3623 1958 3675 vocans,
2017 3613 2074 3663 et

439 3707 651 3762 Christi
681 3720 926 3761 servum.
959 3705 1102 3756 Cum
1144 3703 1337 3753 autem
1383 3704 1510 3767 post
1559 3695 2068 3766 interrogationem

427 3797 630 3867 jussus
678 3796 828 3849 esset
857 3807 919 3846 se
950 3806 1064 3845 non
1113 3786 1291 3842 stulte
1339 3801 1556 3856 gerere,
1588 3785 1688 3838 sed
1724 3785 2068 3849 sacriﬁcare,

435 3881 709 3938 alieniore
757 3877 931 3935 simul
963 3881 1020 3931 et
1049 3874 1264 3930 veriore
1308 3871 1479 3927 modo
1513 3871 1812 3940 respondit
1841 3871 2064 3940 judici:

434 3973 627 4039 Recte,
660 3986 692 4025 ο
724 3967 987 4034 Maxime,
1020 3965 1237 4028 dicens,
1270 3961 1583 4018 certamina
1631 3969 1826 4016 nostra
1875 3968 2068 4015 nomi—

435 4075 636 4115 nasses
667 4057 995 4122 stultitiam,
1029 4055 1076 4109 si
1106 4069 1207 4125 spe
1241 4053 1690 4117 frustrarentur;
1725 4050 1772 4103 si
1799 4048 1931 4120 quis
1961 4067 2066 4104 au-

433 4153 549 4204 tem
575 4147 901 4219 adspexerit
930 4145 1001 4200 ad
1034 4158 1194 4213 spem
1221 4146 1278 4197 et
1307 4139 1856 4205 remunerationem,
1891 4154 2063 4209 quam

431 4237 681 4292 Verbum
703 4235 968 4307 promisit
986 4233 1254 4298 salutare,
1270 4231 1393 4302 ipse
1411 4245 1641 4300 quoque
1659 4227 1900 4283 omnino
1918 4228 2067 4282 dicet

431 4343 564 4382 cum
600 4325 808 4381 Paulo:
837 4326 949 4380 Non
980 4330 1108 4377 sunt
1125 4320 1415 4391 condignae
1445 4320 1719 4387 passiones
1750 4318 1914 4383 huius
1938 4321 2066 4372 tem-

426 4415 580 4486 poris
604 4414 674 4470 ad
711 4416 960 4482 futuram
1001 4413 1235 4479 gloriam
1285 4406 1634 4463 revelandam
1663 4407 1721 4460 in
1754 4406 1929 4462 nobis.
1962 4404 2064 4458 Ille

431 4508 624 4558 autem
649 4517 876 4556 morsus
901 4501 1004 4554 bac
1027 4497 1397 4568 philosophia
1418 4493 1710 4563 martyris,
1737 4510 1868 4549 cum
1893 4493 2062 4547 vellet

2180 3340 2241 3393 τὸ
2290 3343 2468 3411 σῶμα,
2506 3345 2614 3394 τῶν
2667 3338 2724 3394 δὲ
2786 3341 3276 3416 προηγωνισμένων
3345 3343 3657 3418 ἡλικιώτης
3722 3349 3825 3423 ἄρα

2178 3429 2266 3482 τὸν
2310 3432 2430 3482 νοῦν
2460 3429 2548 3483 καὶ
2578 3427 2808 3494 τέλειος.
2843 3431 2936 3485 Διὸ
2984 3432 3072 3485 καὶ
3119 3434 3218 3500 τήν
3265 3430 3522 3500 ἔνστασιν,
3552 3439 3650 3506 τήν
3685 3438 3826 3514 παῤ-

2183 3515 2393 3590 ῥησίαν,
2443 3520 2530 3574 καὶ
2593 3518 2791 3595 λόγους
2847 3522 2974 3582 τοὺς
3048 3522 3246 3584 αὐτοὺς
3315 3521 3642 3596 ἐπεδείξατο,
3694 3529 3825 3602 Χρι-

2182 3609 2392 3662 στιανὸν
2425 3609 2610 3663 ἑαυτὸν
2639 3610 2729 3664 καὶ
2778 3613 3014 3684 Χριστοῦ
3054 3608 3250 3667 δοῦλον
3282 3612 3597 3673 ἀποκαλῶν.
3629 3617 3716 3678 Ὡς
3766 3619 3824 3673 δὲ

2183 3697 2316 3768 μετά
2353 3697 2450 3764 τὴν
2501 3696 2788 3771 ἐρώτησιν,
2837 3700 2912 3770 μὴ
2970 3702 3284 3772 μωραίνειν,
3338 3701 3482 3757 ἀλλά
3539 3704 3680 3758 θύειν
3724 3704 3820 3760 ἐπα

2179 3784 2448 3857 ετρέπετο,
2489 3788 2795 3860 καινότερον
2824 3790 2935 3858 ἅμα
2978 3789 3067 3841 καὶ
3126 3790 3485 3865 ἀληθέστερον
3539 3794 3673 3868 πρὸς
3726 3797 3818 3850 τὸν

2177 3869 2429 3938 δικαστὴν
2476 3873 2797 3945 ἀπεκρίνατο
2830 3892 2842 3904 ⁸
2899 3874 3089 3936 Καλῶς
3140 3877 3221 3946 ἂν,
3273 3879 3318 3931 ὧ
3362 3881 3593 3954 Μάξιμε,
3643 3883 3822 3954 λέγων

2616 3937 2624 3945 ι
3209 3937 3219 3946 ¹
3454 3937 3474 3950 Ἴ
3507 3937 3516 3954 Ι
3579 3937 3593 3953 ⁷
3645 3937 3694 3938 7W
3753 3937 3782 3940 '—
3805 3937 3812 3938 ί

2172 3958 2298 4019 τοὺς
2355 3961 2652 4032 ἡμετέρους
2709 3961 2920 4036 ἀγῶναν
2983 3964 3192 4036 μωρίαν
3247 3965 3557 4039 ὠνόμασας,
3623 3973 3668 4026 εἰ
3718 3937 3821 4043 ἒτῆς

2173 4044 2393 4108 ἐλπίδος
2426 4047 2742 4117 ἐξέπιπτυν’
2793 4050 2839 4103 εἰ
2889 4047 2946 4103 δὲ
2981 4051 3115 4124 πρὸς
3164 4054 3262 4120 τῆν
3311 4053 3504 4109 ἐλπίδα
3558 4062 3647 4112 καῖ
3711 4066 3817 4124 τήν

2382 4107 2389 4108 ,
2459 4107 2472 4117 ,
3024 4107 3033 4124 ,
3102 4107 3112 4111 ,
3220 4107 3228 4120 ,
3559 4107 3647 4112 --ω
3723 4107 3765 4117 -,

2172 4133 2438 4191 ἀντίδοσιν
2481 4133 2594 4190 ’ίδοι
2642 4158 2746 4206 τις,
2777 4139 2842 4207 ἢν
2891 4139 2918 4192 ὁ
2969 4141 3236 4214 σωτήριος
3285 4142 3453 4214 Λόγος
3518 4107 3792 4219 tim-£3751;

2738 4198 2746 4206 1
2802 4198 2811 4207 π
3104 4198 3131 4214 'l
3223 4198 3232 4201 '
3372 4198 3382 4214 Ι
3438 4198 3450 4204 ⁷
3630 4198 3638 4200 ἡ
3701 4198 3790 4206 γ’*

2178 4226 2310 4298 μετὰ
2344 4225 2560 4280 Παύλου
2590 4227 2802 4287 πάντως
2830 4228 2917 4282 καὶ
2951 4227 3112 4288 αὐτὸς
3152 4227 3281 4298 ἐρεῖ,
3320 4229 3382 4283 τὸ
3428 4229 3542 4287 Οὐκ
3577 4198 3700 4305 ἀξία
3746 4198 3822 4295 τά

2175 4317 2469 4387 παθήματα
2530 4319 2626 4370 τοῦ
2698 4320 2788 4369 νῦν
2862 4319 3051 4390 καιροῦ
3124 4317 3256 4391 πρὸς
3328 4319 3424 4386 τὴν
3497 4319 3818 4390 μέλλουσαν

2173 4401 2327 4472 δόξαν
2377 4403 2831 4476 ἀποκαλυφθῆναι
2881 4404 2956 4467 εἷς
3007 4406 3174 4477 ἡμᾶς.
3208 4405 3307 4458 Καὶ
3355 4406 3521 4480 ταύτῃ
3553 4413 3622 4481 τῇ
3654 4411 3815 4486 φιλο.

2173 4491 2332 4566 σοφίᾳ
2364 4490 2591 4567 δηχθεὶς
2623 4493 2824 4556 ἐκεῖνος
2853 4498 2949 4548 τοῦ
2983 4495 3276 4566 μάρτυρος,
3307 4495 3395 4549 καὶ
3442 4495 3567 4559 τοὺς
3609 4497 3813 4574 λόγους

431 4592 736 4648 ostendere
761 4590 927 4645 verba
961 4587 1105 4644 nihil
1134 4586 1289 4642 aliud
1321 4601 1448 4642 esse
1479 4600 1653 4656 quam
1686 4584 1874 4648 verba,
1907 4583 2060 4636 inve-

2183 4578 2461 4648 Ξουληθεῖς
2495 4580 2783 4656 διελέγξαι,
2819 4580 2986 4652 μηδὲν
3016 4581 3155 4638 ἄλλο
3187 4583 3428 4659 ἧλόγους
3474 4582 3628 4649 ὄντας
3662 4589 3803 4663 εὗρεν

431 4684 515 4738 nit
537 4697 628 4737 res
649 4681 805 4752 ipsas
827 4678 910 4733 eis
940 4678 1086 4733 ferre
1108 4675 1507 4732 testimonium
1528 4677 1584 4728 et
1604 4689 1671 4728 ea
1691 4672 2057 4728 conﬁrmare.

429 4773 571 4824 Nam
603 4785 736 4825 cum
767 4767 1035 4839 jussisset
1063 4782 1198 4820 eum
1230 4762 1510 4834 suspendi
1532 4762 1590 4816 in
1614 4761 1792 4831 ligno,
1819 4759 2064 4830 imperat

429 4863 493 4912 ut
521 4857 673 4914 ferro
703 4858 830 4928 ejus
861 4855 1334 4928 imprimerentur
1365 4853 1554 4919 tibia;
1588 4849 1817 4914 deinde,
1851 4852 1914 4902 ut
1942 4849 2064 4917 ejus

425 4945 612 5001 latera
643 4953 1040 5017 pungerentur
1059 4942 1307 4999 stimulis
1327 4937 1682 4996 acutissimis
1702 4941 1759 4992 et
1781 4935 1896 4990 sale
1916 4935 2062 4990 affri-

423 5042 693 5090 carentur
743 5040 800 5090 et
848 5034 1017 5090 testis
1071 5031 1502 5096 lacerarentur;
1533 5027 1642 5083 hoc
1687 5024 1954 5090 moliens,
1997 5030 2061 5078 ut

420 5121 689 5176 deﬁceret
721 5121 940 5177 athleta
972 5120 1229 5176 dolorum
1267 5117 1599 5172 acerbitate.
1633 5115 1744 5172 Sed
1777 5114 1873 5169 ille
1902 5115 2056 5170 dice-

418 5208 517 5262 bat
559 5208 736 5262 salem
781 5210 1023 5265 reddere
1071 5223 1274 5278 corpus
1322 5205 1560 5260 ﬁrmum
1592 5219 1658 5260 ac
1688 5201 1958 5269 solidum,
1995 5211 2058 5258 ut

421 5300 614 5362 posset
643 5293 908 5350 sufﬁcere
939 5297 1177 5368 reliquis
1209 5294 1646 5350 certaminibus.
1671 5290 2053 5357 Quamobrem

419 5397 621 5434 rursus
651 5380 913 5436 defessus
946 5384 995 5439 is
1026 5385 1118 5454 qui
1149 5382 1792 5455 puniebat,jussiteum
1827 5396 2054 5452 quoque

418 5467 684 5520 similiter
712 5468 995 5525 custodiri
1025 5473 1085 5528 in
1114 5486 1362 5529 carcere.

491 5645 574 5697 VI.
611 5644 750 5696 Cum
772 5641 952 5710 igitur
984 5650 1193 5710 horum
1219 5653 1396 5710 trium
1419 5653 1868 5708 fortissimorum
1901 5652 2050 5705 viro-

2171 4669 2365 4730 αὐτοὺς
2401 4671 2870 4742 μαρτυρουμένους
2911 4665 3081 4730 ὅντως
3128 4671 3216 4723 καὶ
3267 4682 3660 4746 πιστουμένους
3689 4685 3796 4737 τοῖς

2172 4759 2505 4832 πράγμασιν.
2565 4760 2686 4815 Ἐπὶ
2758 4757 2921 4826 ξύλου
2996 4759 3096 4832 γὰρ
3171 4765 3361 4816 τοῦτον
3448 4764 3792 4840 ἅναρτηθῆναι

2170 4845 2425 4906 κελεύσας
2501 4841 2712 4916 σιδήρῳ
2785 4844 2878 4903 τὰς
2945 4843 3108 4898 αὐτοῦ
3167 4849 3378 4919 κνήμας
3454 4851 3796 4928 ἐγχαράττειν

2169 4931 2520 5004 προσέταττεν
2556 4951 2568 4963 ο
2631 4933 2741 4985 εἶτα
2821 4930 2916 4992 τὰς
2987 4931 3226 5006 πλευρὰς
3281 4918 3609 5013 πλήκτρξιέ
3665 4940 3803 4994 τισὶν

2169 5021 2443 5093 ὀξυτάτοις
2497 5025 2720 5092 κεντεῖν,
2749 5019 2874 5074 ἀλσί
2923 5040 2980 5075 τε
3036 5017 3351 5095 ἐπιτρίϐειν,
3384 5025 3473 5080 καὶ
3523 5027 3804 5102 ὀστράκοις

2167 5107 2411 5176 ἐπιξέειν,
2460 5108 2596 5183 πρὸς
2650 5109 2713 5163 τὸ
2772 5106 2935 5182 δριμὺ
2984 5113 3088 5163 τῶν
3144 5108 3346 5165 ὀδυνῶν
3400 5116 3802 5189 μηχανώμενον

2166 5198 2528 5270 ἀπαγορεῦσαι
2598 5197 2691 5252 τὸν
2760 5195 3022 5267 ἀθλητήν.
3074 5197 3228 5254 Ἀλλ’
3308 5201 3508 5265 ἐκεῖνος
3581 5205 3800 5281 στερρεὸν

2164 5283 2356 5356 ἔφασκε
2385 5285 2446 5338 τό
2478 5291 2637 5358 σῶμα
2664 5285 2788 5348 τοὺς
2842 5286 2974 5348 ἅλας
3016 5286 3358 5362 ἐργάσασθαι,
3391 5291 3465 5352 ὡς
3519 5293 3608 5347 καὶ
3665 5296 3803 5366 πρὸς

2160 5374 2220 5427 τὸ
2281 5372 2472 5429 λοιπὸν
2525 5381 2632 5430 τῶν
2695 5376 2917 5449 ἀγώνων
2977 5374 3223 5431 δύνασθαι
3282 5375 3518 5454 διαρκεῖν
3553 5403 3564 5414 ·
3622 5381 3701 5455 ἐφ’
3756 5383 3803 5455 ᾧ

2160 5463 2250 5516 καὶ
2308 5461 2458 5526 αὖθις
2515 5465 2757 5519 ἀπειπὼν
2800 5465 2827 5518 ὁ
2885 5464 3152 5533 κολάζων,
3200 5467 3291 5521 καὶ
3339 5474 3532 5524 τοῦτον
3589 5439 3802 5543 ὁμοίως

2161 5550 2244 5606 ἐπὶ
2286 5557 2382 5607 τοῦ
2415 5551 2797 5628 δεσμωτηρίου
2830 5553 3174 5631 φυλαχθῆναι
3208 5556 3659 5630 παρεκελεύσατο.

2231 5648 2293 5704 ς’.
2337 5641 2438 5698 Καὶ
2510 5642 2710 5712 ταύτην
2778 5645 2876 5712 τὴν
2959 5640 3340 5717 δοκιμωτάτην
3423 5653 3608 5722 πεῖραν
3691 5655 3802 5706 τῶν
