4142 6248
437 301 591 362 1073

1559 309 2032 372 MABI‘YRIUM
2083 313 2146 372 S.
2194 310 2419 372 PROBI
2472 313 2567 372 ET
2612 312 2774 373 SOC.

3675 307 3828 370 1074

430 464 597 535 τριῶν
654 459 916 535 ἀριστέων
973 458 1184 532 λαϐὼν,
1237 462 1401 519 πάλιν
1458 465 1656 528 αὐτοὺς
1708 470 1826 523 καθ’
1874 467 1966 524 ἕνα
2001 475 2051 544 τῇ

2185 487 2312 526 rum
2349 471 2496 526 hanc
2531 470 2978 541 pulcherrimam
3010 470 3360 541 sumpsisset
3392 467 3824 539 experientiam,

429 549 671 623 προτέρᾳ
704 550 849 621 τάξει
878 552 968 606 καὶ
998 555 1087 606 νῦν
1116 552 1404 626 χρώμενος
1449 562 1663 629 παρῆγε
1710 560 1788 627 τῷ
1842 559 2071 631 βήματι’

428 639 555 696 Καὶ,
593 637 760 693 πάλιν
804 640 831 693 6
885 641 1133 715 Τάραχος
1183 644 1458 716 παραστὰς
1522 643 1654 714 μετὰ
1707 643 1927 715 πολλῆς
1980 649 2078 708 τῆς

427 725 736 802 παρρησίας
789 729 882 783 τὸν
941 731 1204 805 ἡγεμόνα,
1260 732 1388 792 τοὺς
1457 731 1879 810 αὐτοκράτορας,
1947 737 2074 798 τοὺς

425 816 604 871 αὐτῶν
662 817 1072 880 ἀσθενεστάτους
1129 819 1304 890 θεοὺς,
1351 819 1628 898 ἐξελέγχει
1685 826 2076 898 καρτερικώτα-

423 927 507 963 τα.
554 908 714 964 ’Ὀθεν
773 908 862 964 καὶ
920 906 1099 973 λίθοις
1153 912 1215 965 τὸ
1283 910 1460 985 στόμα
1516 911 1922 985 συνθλάττεται,
1981 914 2071 970 καὶ

426 992 577 1058 αὖθις
643 1001 743 1073 πῦρ
799 1001 920 1061 ταῖς
976 997 1163 1076 χερσὶν
1214 999 1313 1054 οὐκ
1359 1000 1592 1074 ἀγεννῶς
1651 999 1888 1076 δέχεται.
1949 1005 2072 1059 Εἴθ’

424 1083 586 1146 οὗτος
615 1083 694 1162 ἐφ’
734 1085 951 1160 ὑψηλοῦ
996 1087 1133 1142 κατὰ
1178 1086 1419 1164 κεφαλῆς
1467 1089 1812 1164 ἀναρτηθεὶς,
1863 1093 2067 1160 μετέω-

424 1192 520 1245 ρος
551 1173 657 1241 τῆα
688 1172 748 1228 ἐκ
774 1179 871 1229 τοῦ
900 1179 1108 1230 καπνοῦ
1139 1175 1443 1250 πικρότητα
1490 1181 1596 1232 τῶν
1645 1179 1805 1252 ῥινῶν
1856 1177 2068 1234 διαδυο-

424 1262 590 1332 μένην
625 1258 926 1336 εἰσδέχεται
961 1264 1212 1336 βάσανον,
1260 1265 1320 1319 οὐ
1357 1266 1465 1338 μὴν
1513 1263 1658 1322 ἄλλά
1701 1269 1789 1321 καὶ
1824 1269 2066 1342 προσθή-

417 1367 517 1418 κην
549 1353 628 1420 τῷ
658 1349 893 1427 χαλεπῷ
922 1351 1104 1424 τούτῳ
1144 1351 1492 1425 ἐπιτιθέντες,
1543 1352 1696 1425 ὄξους
1744 1355 1834 1411 καὶ
1891 1356 2062 1426 ἁλῶν,

416 1437 506 1492 καί
538 1435 882 1512 δριμυτάτων
932 1442 1257 1514 σπερμάτων
1322 1443 1496 1514 μίξεσι
1555 1440 1886 1518 δριμυτέρου
1933 1445 2063 1520 κρά-

421 1546 587 1599 μυτος
629 1525 942 1601 γενομένου,
994 1530 1056 1584 τὸ
1107 1528 1345 1594 ἐντεῦθεν
1405 1532 1716 1606 συγκραθὲν,
1761 1535 2062 1605 ὡμοτάτως

416 1611 506 1668 διὰ
547 1619 654 1670 τῶν
706 1615 912 1671 ἐκείνου
963 1615 1212 1687 διηθοῦσι
1265 1617 1445 1693 ῥινῶν.
1479 1621 1536 1677 Ὀ
1569 1617 1626 1674 δὲ
1655 1624 1722 1686 τῆ
1757 1622 2061 1695 ἀνυποίστῳ

413 1704 581 1776 ταύτῃ
615 1705 834 1779 βασάνῳ
893 1705 1248 1780 ἐγκαρτερῶν,
1298 1708 1387 1762 καὶ
1437 1709 1526 1763 τὸν
1583 1713 1691 1784 πῦρ
1732 1711 1944 1784 ψυχρὸν
2005 1711 2058 1766 ἐν

2187 576 2392 616 rursus
2422 575 2520 615 eos
2550 557 2910 630 singulatim,
2934 557 3106 629 priori
3130 573 3358 630 quoque
3378 561 3517 613 tunc
3540 562 3711 613 utens
3740 574 3827 613 or-

2186 648 2342 713 dine,
2392 648 2660 718 produxit
2706 647 2776 702 ad
2826 645 3100 702 tribunal.
3153 647 3490 717 Rursusque
3541 646 3825 701 assistens

2185 736 2483 791 Tarachus
2505 751 2635 791 cum
2660 735 2914 790 maxima
2936 733 3165 790 dicendi
3190 733 3470 801 libertate,
3497 735 3822 804 praesidem,

2184 827 2580 894 imperatores,
2610 825 2990 896 ipsorumque
3022 825 3158 879 deos
3188 839 3314 879 esse
3343 822 3588 878 maxime
3628 822 3822 877 imbe-

2183 911 2344 969 cillos
2391 914 2583 984 arguit
2631 913 2967 969 fortissime.
3003 913 3166 968 Unde
3195 912 3371 969 etiam
3422 928 3630 983 corpus
3682 927 3821 967 con-

2181 999 2458 1072 fringitur
2487 1000 2802 1071 lapidibus,
2834 1003 2891 1054 et
2920 999 3114 1071 ignem
3147 998 3420 1055 manibus
3465 999 3674 1068 accipit
3703 1015 3818 1054 non

2180 1089 2394 1160 pusillo
2417 1093 2473 1146 et
2494 1089 2715 1161 abjecto
2749 1089 2964 1145 animo.
2988 1088 3204 1144 Deinde
3235 1086 3503 1143 sublimis
3534 1103 3816 1158 praeceps-

2178 1193 2291 1247 que
2342 1194 2665 1249 suspensus
2705 1194 2774 1233 ex
2814 1178 2972 1232 fumo
3021 1192 3190 1232 nares
3246 1175 3619 1232 acerbissime
3675 1192 3814 1246 per-

2177 1271 2408 1322 meante
2438 1266 2650 1338 excipit
2679 1269 3044 1321 tormentum.
3071 1264 3400 1330 Quinetiam
3433 1263 3569 1319 huic
3593 1264 3675 1318 rei
3698 1272 3812 1320 tam

2175 1355 2332 1426 gravi
2381 1356 2766 1426 adjungentes
2814 1354 3226 1420 accessionem,
3254 1369 3375 1408 cum
3409 1352 3551 1408 aceti
3582 1355 3639 1407 et
3677 1353 3813 1408 salis

2174 1451 2226 1500 et
2256 1444 2668 1500 acerrimorum
2718 1443 3006 1499 seminum
3050 1442 3422 1498 mistionibus
3470 1441 3622 1497 facta
3662 1447 3812 1498 esset

2173 1533 2357 1590 acrior
2373 1533 2736 1606 temperatio,
2753 1535 2908 1605 quod
2927 1533 3062 1589 hinc
3081 1534 3101 1587 ί
3107 1537 3266 1589 uerat
3282 1537 3509 1589 contem
3520 1537 3718 1603 peratu
3730 1548 3781 1586 m
3795 1576 3807 1598 ,

2146 1637 2272 1692 'per
2300 1621 2457 1678 illius
2498 1639 2668 1678 nares
2699 1621 3106 1678 crudelissime
3135 1621 3453 1694 percolant.
3483 1620 3583 1676 Ille
3613 1625 3805 1676 autem

2170 1710 2278 1767 hoc
2335 1710 2766 1768 intolerandum
2814 1715 3169 1766 tormentum
3219 1709 3440 1765 fortiter
3491 1709 3702 1778 ferens,
3753 1714 3809 1764 et

414 1796 483 1866 τῇ
514 1793 802 1869 παραθέσει
831 1798 928 1849 τοῦ
983 1795 1208 1851 αἰωνίου
1255 1797 1448 1872 πυρὸς,
1502 1797 1756 1874 γλυκεῖαν
1805 1796 1860 1854 δὲ
1912 1801 2051 1876 λογι-

417 1882 474 1897 ..,
721 1883 736 1897 .
813 1880 836 1897 ει
970 1889 994 1897 η
1200 1886 1212 1897 ,
1445 1885 1471 1897 .,
1531 1893 1537 1897 .
1625 1885 1656 1897 ..
1698 1885 1722 1897 -
2000 1891 2009 1897 .

2171 1798 2365 1870 ignem
2398 1799 2634 1870 quidem
2659 1798 2958 1870 frigidum,
2982 1798 3029 1853 si
3053 1813 3181 1852 cum
3206 1797 3341 1869 igne
3372 1800 3584 1852 aeterno
3615 1796 3807 1851 confe-

416 1882 644 1953 ζόμενος
675 1883 774 1951 τὴν
809 1880 1056 1957 δριμεῖαν
1086 1886 1377 1956 ποιότητα,
1411 1885 1553 1942 οὕτω
1584 1885 1662 1960 τῷ
1695 1885 2058 1965 δεσμωτηρίῳ

415 1969 580 2025 πάλιν
605 1968 954 2046 σιδηρόδετος
994 1971 1347 2046 παραδίδόται
1360 2018 1372 2032 .

485 2150 554 2204 Ζ“.
580 2149 684 2205 Καὶ
717 2147 964 2224 δεύτερος
1020 2153 1132 2224 μετ’
1181 2153 1342 2209 αὐτὸν
1377 2154 1404 2208 6
1437 2150 1650 2230 Πρόϐος
1699 2160 1780 2228 τῷ
1829 2153 2053 2231 δικαστῇ

412 2236 758 2311 παρίσταται,
815 2238 1102 2312 κωμῳδῶν
1156 2241 1286 2304 τοὺς
1344 2243 1546 2299 ἐκείνου
1594 2245 1844 2320 γελοίους
1903 2247 2057 2311 θεοὺς

412 2325 460 2399 ἐξ
492 2329 669 2382 αὐτῶν
701 2335 830 2404 παρ’
875 2328 1118 2400 Ἕλλησι
1173 2329 1682 2407 μυθολογουμένων,
1735 2339 1842 2390 τῶν
1890 2336 2054 2390 αὐτο-

408 2417 686 2492 κρατόρων
727 2415 783 2472 δὲ
813 2419 886 2480 ὡς
937 2417 1129 2489 ἐπίσης
1181 2421 1248 2474 τὰ
1311 2419 1519 2494 ἄθεσμα
1585 2425 1676 2477 καὶ
1736 2422 2055 2498 διαπραττο-

411 2504 581 2576 μένων
629 2506 742 2579 ἅμα
798 2506 889 2561 καὶ
947 2506 1408 2582 ἐγκελευομένων.
1465 2512 1554 2580 Μὴ
1619 2509 1675 2566 δὲ
1737 2513 1799 2566 τὸ
1867 2513 2047 2588 βραχὺ

408 2594 730 2668 φροντίζων,
769 2599 1111 2672 τυπτόμενος
1149 2595 1204 2653 δὲ
1261 2600 1351 2654 καὶ
1407 2601 1570 2664 αὐτὸς
1625 2603 1687 2657 τὸ
1727 2603 1903 2676 στόμα
1958 2604 2047 2658 καὶ

409 2685 479 2755 τῇ
511 2682 724 2756 βασάνῳ
752 2685 918 2758 ταύτῃ
948 2687 1240 2762 καθαπερεὶ
1282 2693 1511 2764 σκιρτῶν
1560 2711 1619 2745 τε
1659 2691 1750 2745 καὶ
1808 2686 2046 2746 ἐναλλό-

418 2790 599 2842 μενος,
651 2773 751 2839 τῆν
819 2773 906 2828 ἐπὶ
974 2773 1204 2849 σιδήρου
1286 2777 1781 2850 πεπυρακτωμένου
1867 2782 2050 2834 στάσιν

407 2856 838 2928 καταδικάζεται.
900 2863 1051 2917 Ἐπεὶ
1109 2859 1166 2916 δὲ
1223 2863 1519 2942 εὐφραίνειν
1601 2865 1756 2936 ἐῴκει
1839 2866 2051 2938 μᾶλλον

409 2945 535 3022 οὐχθ
581 2946 770 3003 λυπεῖν
803 2951 837 3018 ἡ
877 2948 1108 3023 βάσανος
1155 2949 1290 3022 αὕτη
1339 2952 1430 3006 τὸν
1482 2953 1748 3026 μάρτυρα,
1790 2963 2052 3028 πυρωθῆ-

404 3057 487 3090 ναι
543 3033 907 3114 σφοδρότερον
951 3039 978 3092 6
1021 3036 1279 3109 δικαστὴς
1334 3040 1429 3095 τὸν
1491 3038 1711 3116 σίδηρον
1758 3041 2048 3114 ἐπιτάττει,

405 3125 494 3179 καὶ
541 3124 822 3194 ἐπιστῆναι
871 3126 1048 3200 τούτῳ
1105 3128 1194 3182 τὸν
1250 3128 1499 3200 ἀθλητὴν
1551 3130 1634 3184 δτι
1692 3130 1942 3205 τάχιστα,
1998 3130 2047 3200 ἐξ

2169 1891 2354 1954 ratur,
2372 1891 2672 1958 reputans,
2692 1885 2922 1941 dulcem
2944 1888 3137 1940 autem
3160 1884 3320 1940 illam
3339 1885 3603 1939 acerbam
3627 1883 3807 1954 quali-

2167 1979 2364 2044 tatem,
2396 1975 2480 2032 sic
2512 1990 2715 2031 rursus
2762 1973 2912 2030 ferro
2959 1973 3183 2030 vinctus
3239 1971 3547 2044 conjicitur
3589 1971 3646 2026 in
3678 1988 3803 2027 car-

2167 2079 2358 2122 cerem
2369 2107 2382 2120 .
3872 2131 3882 2139 '

2232 2153 2355 2209 VII.
2386 2153 2684 2208 Secundus
2715 2155 2846 2224 post
2875 2167 3008 2208 eum
3040 2151 3263 2207 Probus
3293 2150 3525 2207 sistitur
3544 2156 3676 2206 ante
3696 2151 3801 2222 ju-

2164 2241 2375 2310 dicem,
2401 2241 2678 2298 ridiculos
2707 2241 2946 2313 quidem
2967 2239 3125 2296 illius
3147 2239 3285 2295 deos
3315 2238 3622 2295 ludiﬁcans
3638 2255 3706 2293 ex
3728 2239 3798 2295 iis

2165 2347 2294 2402 quae
2323 2331 2500 2387 Graeci
2517 2332 2588 2387 de
2611 2331 2754 2402 ipsis
2784 2329 3145 2395 fabulantur,
3168 2327 3548 2400 imperatores
3578 2332 3792 2396 autem,

2164 2426 2226 2475 ut
2251 2419 2352 2491 qui
2381 2437 2450 2476 ex
2480 2435 2645 2491 equo
2676 2419 2897 2475 nefaria
2925 2415 3102 2474 simul
3135 2417 3390 2472 facerent
3419 2423 3472 2472 et
3496 2415 3790 2486 juberent.

2163 2508 2507 2564 Verberatus
2549 2523 2684 2563 vero
2733 2507 2856 2576 ipse
2907 2520 3137 2577 quoque
3188 2503 3248 2559 in
3297 2520 3383 2574 os,
3424 2510 3478 2559 et
3523 2502 3631 2558 hoc
3680 2510 3794 2559 tor-

2161 2599 2355 2652 mento
2403 2595 2582 2651 veluti
2627 2593 2925 2651 exsultans
2963 2597 3020 2650 et
3048 2593 3344 2661 exsiliens,
3378 2592 3796 2648 condemnatur

2159 2690 2314 2740 stare
2343 2699 2520 2755 super
2561 2683 2779 2740 ferrum
2827 2684 3105 2739 candens.
3137 2683 3276 2738 Cum
3309 2684 3501 2737 autem
3534 2680 3643 2737 hoc
3673 2685 3794 2736 tor-

2160 2777 2423 2829 mentum
2480 2773 2776 2828 videretur
2823 2771 3017 2844 potius
3068 2770 3266 2826 laetitia
3313 2785 3486 2840 quam
3535 2768 3798 2826 molestia

2158 2863 2384 2919 afficere
2408 2867 2743 2934 martyrem,
2762 2861 2929 2933 jubet
2944 2861 3125 2931 judex
3148 2861 3365 2916 ferrum
3387 2858 3576 2930 magis
3594 2859 3798 2914 cande-

2127 3013 2132 3019 ~
2161 2950 2308 3020 ﬁeri,
2340 2955 2397 3006 et
2427 2968 2602 3024 super
2630 2951 2686 3005 id
2720 2966 2894 3022 quam
2940 2951 3194 3022 primum
3234 2947 3458 3018 imponi
3489 2945 3794 3016 athletam,

2159 3041 2216 3092 et
2245 3055 2312 3094 ex
2345 3039 2698 3111 negligentia
2729 3038 3153 3103 ministrorum,
3177 3053 3294 3093 non
3315 3051 3381 3090 ex
3415 3035 3606 3091 divino
3633 3036 3798 3090 auxi-

2159 3125 2258 3193 lio,
2305 3127 2646 3183 existimans
2689 3143 2818 3182 esse
2864 3127 3132 3199 martyris
3181 3124 3600 3181 fortitudinem.
3647 3124 3794 3179 Illud

406 3213 666 3286 ἁμελείας
696 3220 803 3270 τῶν
835 3212 1272 3290 διακονουμένων
1302 3219 1402 3273 οὐκ
1440 3217 1498 3273 ἐκ
1537 3219 1806 3294 θειοτέρας
1857 3218 2051 3274 ἄνωθεν

2163 3219 2354 3271 autem
2393 3215 2668 3286 frigidum
2699 3215 2941 3270 vocabat
2970 3195 3207 3282 athleta,
3241 3218 3297 3268 et
3321 3213 3535 3284 judicis
3565 3213 3796 3268 inventa

406 3303 685 3377 βοηθείας,
713 3306 812 3374 τῆν
860 3310 957 3361 τοῦ
1009 3307 1282 3382 μάρτυρος
1330 3307 1464 3362 εἶναι
1505 3307 1790 3382 καρτερίαν
1841 3308 2052 3365 ὑπολα-

372 3421 374 3424 ν
403 3386 534 3448 ϐών.
571 3395 930 3471 Ψυχρότερον
959 3397 1152 3452 τοῦτον
1181 3397 1588 3462 ἀποκαλοῦντες
1634 3402 1734 3452 τοῦ
1784 3398 2048 3471 ἀθλητοῦ,

402 3482 491 3537 καὶ
547 3487 656 3538 τῶν
715 3483 969 3540 ἐπινοιῶν
1043 3485 1118 3548 ὡς
1187 3486 1420 3555 ἀνοήτου
1485 3484 1895 3560 καταγελῶντος
1953 3493 2049 3542 τοῦ

402 3569 658 3626 δικαστοῦ
687 3573 782 3634 τάς
837 3575 973 3627 κατὰ
1037 3574 1232 3628 τούτου
1275 3573 1491 3649 πληγάς
1522 3576 1550 3630 6
1589 3574 1904 3649 γελώμενος
1952 3576 2050 3648 ἐμ-

408 3664 592 3732 μανῶς
623 3659 929 3735 ἀντεπάγει,
986 3663 1218 3738 καρῆναί
1261 3684 1321 3718 τε
1364 3663 1464 3732 τήν
1521 3665 1700 3736 κόμην
1759 3665 1911 3737 αὐτῷ
1956 3663 2047 3719 καὶ

404 3745 540 3799 κατᾶ
585 3747 694 3800 τῶν
741 3748 1029 3823 κροτάφων
1088 3747 1353 3822 ἄνθρακας
1389 3751 1558 3826 πορὸς
1611 3749 1906 3820 ἐντεθῆναι,
1955 3751 2048 3806 καὶ

405 3838 504 3902 τήν
534 3834 784 3908 γλῶτταν
811 3838 1035 3906 ταθῆναι
1064 3838 1201 3912 πρὸς
1249 3839 1488 3913 ἐκτομὴν
1531 3838 1891 3915 ἐγκελεύεται.
1933 3843 2046 3898 Τοῦ

408 3919 466 3977 δὲ
527 3923 798 3998 μάρτυρος
857 3925 1095 3999 ἑτοίμως
1157 3927 1356 3999 ταύτην
1418 3928 1824 4003 προτείναντας,
1880 3930 2046 3998 ἤκουε

402 4012 502 4088 γὰρ
550 4014 578 4068 6
610 4009 868 4084 δικαστὴς
913 4018 1041 4090 παρ’
1084 4017 1275 4090 αὐτοῦ,
1330 4019 1404 4080 ὡς
1463 4020 1612 4076 Έστί
1671 4041 1764 4094 μοι
1823 4017 2047 4094 γλῶσσα

401 4101 685 4174 τέμνεσθαι
752 4105 829 4178 μὴ
921 4111 1214 4183 πεφυκυῖα,
1295 4106 1388 4162 καὶ
1469 4107 1658 4170 ἄλλως
1757 4108 2044 4178 ἀθάνατος,

2159 3308 2440 3376 tanquam
2474 3303 2635 3359 stulti
2665 3304 2965 3358 irridebat.
2993 3307 3065 3357 At
3097 3303 3156 3357 in
3187 3304 3359 3357 dorso
3394 3302 3589 3371 plagas
3617 3302 3667 3357 is
3694 3302 3795 3372 qui

2160 3393 2527 3463 irridebatur,
2562 3395 2764 3448 contra
2821 3390 3040 3446 furiose
3093 3390 3367 3461 imponit,
3403 3391 3686 3461 jubetque
3743 3390 3794 3446 ei

2157 3484 2382 3540 tonderi
2414 3499 2662 3548 comam,
2696 3486 2753 3539 et
2782 3481 3064 3538 carbones
3095 3480 3244 3550 ignis
3289 3481 3525 3535 immitti
3559 3480 3614 3534 in
3646 3485 3796 3535 tem-

2157 3590 2318 3644 pora,
2353 3578 2408 3628 et
2439 3573 2694 3642 linguam
2742 3571 2964 3627 extrahi
3013 3574 3076 3627 ut
3121 3574 3542 3642 amputaretur.
3585 3571 3795 3640 Martyr

2159 3666 2376 3730 autem,
2408 3677 2543 3718 cum
2576 3661 2740 3733 prius
2763 3660 2953 3731 judici
2983 3660 3226 3716 dixisset
3249 3675 3262 3714 :
3287 3660 3386 3714 Est
3409 3659 3550 3714 mihi
3571 3658 3788 3731 lingua.

2157 3769 2280 3823 qua
2341 3767 2460 3809 non
2509 3755 2696 3823 potest
2752 3750 3034 3820 exscindi,
3069 3756 3123 3804 et
3163 3748 3378 3820 alioqui
3429 3747 3790 3817 immortalis,

2157 3857 2331 3914 quam
2379 3840 2541 3897 audit
2590 3839 2763 3910 Deus,
2797 3838 2897 3911 qui
2943 3839 3118 3895 etiam
3149 3854 3211 3894 se
3240 3853 3438 3894 vocem
3493 3838 3791 3908 sanguinis

2157 3930 2303 3987 dixit
2357 3929 2562 3986 audire
2619 3928 2968 3984 clamantem
3015 3944 3144 3984 eam
3191 3927 3453 3998 protinus
3513 3927 3787 3999 porrexit.

2156 4022 2334 4086 Quam
2368 4035 2502 4075 cum
2535 4017 2634 4074 ille
2663 4017 2847 4074 secari
2878 4016 3128 4083 fecisset,
3170 4031 3303 4072 eum
3351 4016 3685 4073 transmisit
3731 4017 3790 4072 in

2155 4125 2464 4166 carcerem.

399 4217 580 4275 ἇκοόει
639 4221 768 4283 Θεὸς
809 4222 836 4276 6
885 4223 972 4276 καὶ
1012 4229 1112 4292 τῆς
1166 4230 1348 4302 φωνῆς
1405 4228 1502 4279 τοῦ
1553 4225 1784 4297 αἳματος
1838 4219 2009 4280 Ἀϐελ
2088 4223 2307 4298 βοώσης
2356 4219 2568 4277 ἄκούειν
2634 4219 2823 4276 εῗπών⁶
2880 4221 3080 4293 ταύτην
3134 4221 3371 4296 ἐκτεμὼν
3424 4221 3645 4292 ἐκεῖνος,
3714 4227 3791 4295 τῷ

400 4305 766 4383 δεσμωτηρίῳ
790 4315 982 4366 τοῦτον
1023 4309 1394 4385 παρέπεμψεν.

468 4403 548 4452 Il'.
610 4397 733 4453 Ἐπὶ
791 4395 848 4452 δὲ
902 4400 994 4451 τὸν
1049 4399 1327 4452 θεσπέσιον
1397 4397 1745 4474 Ἀνδρὸνικον
1809 4397 2042 4474 μεταϐὰς

401 4485 490 4538 καὶ
529 4491 598 4558 τῇ
655 4484 816 4560 πείρᾳ
861 4485 1121 4555 πεισθεὶς,
1163 4485 1237 4548 ὠς
1281 4491 1383 4543 πᾶν
1435 4485 1575 4552 ε’ίδος
1624 4490 1854 4565 βασάνου
1896 4490 2044 4564 αὐτῷ

405 4571 674 4648 ἄπρακτόν
705 4573 816 4629 ἐστι
855 4576 946 4630 καὶ
1003 4575 1284 4647 ἀνήνυτον,
1339 4576 1426 4633 ἐπὶ
1478 4581 1576 4650 τὴν
1625 4578 1835 4652 ἀπάτην
1893 4580 2044 4657 ἐτρά-

403 4661 616 4732 πη,καὶ
644 4659 710 4732 δὴ
742 4664 878 4738 πρὸς
932 4663 1089 4720 αὐτὸν
1147 4660 1271 4742 ἔφη.
1319 4669 1522 4742 Πρᾶξὸν
1572 4690 1623 4724 τι
1673 4673 1906 4742 συνετὸν,
1951 4673 2040 4728 καὶ

406 4749 563 4814 θῦσον
591 4750 717 4826 πρίν
765 4773 818 4806 τι
856 4756 966 4807 τῶν
1022 4753 1327 4824 ἀνηκέστων
1371 4759 1580 4815 παθεῖν.
1630 4758 1693 4815 Τί
1725 4759 1824 4835 γὰρ
1855 4760 1943 4814 καὶ
1989 4762 2039 4815 oi

405 4839 489 4893 σοὶ
547 4839 752 4916 ἑταῖροι
807 4847 906 4910 τῆς
962 4840 1260 4906 ἐνστάσεως
1346 4847 1524 4901 αὐτῶν
1609 4848 1891 4904 ἁπώναντο
1941 4857 2040 4920 τῆς

410 4921 657 4993 ματαίας,
692 4920 791 4996 ὀψὲ
829 4922 916 4977 καὶ
969 4923 1127 4998 μόγις
1171 4926 1302 4998 μετὰ
1345 4928 1440 4989 τὰς
1487 4927 1702 4992 πολλᾶς
1758 4932 2038 5004 βασάνους,

406 5009 536 5086 ὅπερ
595 5009 662 5080 ἦν
732 5012 1004 5087 συμφέρον
1081 5015 1496 5088 μεταμαθόντες,
1562 5018 1653 5072 καὶ
1709 5019 1834 5083 τους
1889 5021 2040 5085 θεοὺς

405 5098 822 5172 θεραπεύσαντες
847 5120 860 5170 ;
892 5101 954 5158 Ὁ
984 5098 1041 5156 δὲ
1071 5106 1167 5157 τοῦ
1198 5108 1440 5180 Χριστοῦ
1483 5108 1686 5180 μάρτυς
1735 5110 1870 5183 πρὸς
1916 5115 2041 5165 ταῦ-

400 5207 486 5256 τα,
523 5187 587 5244 Εἰ
640 5189 733 5261 μὲν
782 5187 900 5263 ἐμὲ,
946 5191 1099 5264 φησὶ,
1148 5185 1384 5265 ἔπεισας,
1439 5196 1711 5262 κακείνονς
1757 5201 2036 5269 πεπεῖσθα,

399 5277 658 5334 πιστεύω.
701 5278 761 5335 Εἰ
800 5275 856 5333 δὲ
903 5278 1130 5349 ἄπειθής
1175 5280 1280 5355 ἐγὼ
1327 5284 1429 5356 (μή
1488 5286 1592 5358 γὰρ
1646 5283 1705 5340 ἄν
1763 5309 1895 5343 ποτε
1951 5290 2038 5344 ἐκ·

402 5366 591 5436 σταίην
652 5364 914 5439 ἐμαυτοῦ,
983 5365 1124 5442 μηδὲ
1180 5368 1322 5424 οὕτω
1400 5374 1671 5448 μανείην),
1729 5378 1826 5446 τὴν
1897 5377 2034 5451 ἐμὴν

399 5454 627 5530 γνώμην
684 5453 800 5530 ἔχω
839 5462 942 5526 τῆς
991 5456 1210 5512 ἐκείνων
1254 5459 1564 5526 εὐσταθείας
1612 5463 1886 5540 ἐνέχυρον.
1940 5469 2038 5530 Εἷς

403 5541 505 5618 γὰρ
561 5540 614 5597 ἐν
668 5547 825 5599 πᾶσιν
859 5546 887 5600 6
919 5541 1147 5616 εὐσεϐὴς
1195 5546 1484 5625 λογισμὸς,
1535 5549 1652 5607 ἐπεὶ
1699 5555 1788 5608 καὶ
1844 5557 2040 5621 πάντες

402 5628 463 5685 ἓν
523 5631 679 5706 ἐσμεν
738 5631 792 5689 ἐν
841 5636 1063 5711 Χριστῷ
1102 5638 1302 5709 Ἰησοῦ.
1363 5640 1514 5715 Πρὸσ
1566 5645 1734 5698 ταῦτα
1785 5643 1949 5700 πάλιν
2009 5647 2038 5701 6

2224 4401 2373 4458 VIII.
2407 4406 2544 4457 Cum
2576 4415 2707 4458 vero
2740 4402 2810 4457 ad
2842 4401 3106 4459 divinum
3137 4401 3470 4457 transiisset
3498 4402 3789 4458 Androni-

2154 4508 2310 4557 cum,
2351 4495 2408 4548 et
2454 4490 2808 4562 experientia
2861 4506 3205 4563 persuasum
3265 4491 3582 4560 habuisset,
3633 4493 3785 4561 quod

2153 4597 2326 4638 omne
2375 4596 2558 4651 genus
2601 4581 2868 4637 tormenti
2920 4585 3076 4637 esset
3122 4581 3273 4652 apud
3315 4596 3445 4636 eum
3497 4580 3782 4646 inefﬁcax,

2152 4688 2462 4728 conversus
2498 4676 2586 4727 est
2613 4670 2686 4726 ad
2716 4672 3138 4742 deceptionem,
3170 4675 3227 4727 et
3254 4670 3305 4727 ei
3339 4671 3485 4726 dixit
3510 4687 3523 4726 :
3556 4671 3701 4726 Gere
3731 4677 3784 4728 te

2151 4760 2260 4817 hac
2291 4762 2351 4816 in
2381 4775 2441 4815 re
2471 4759 2775 4830 sapienter,
2802 4764 2854 4815 et
2886 4760 3172 4825 sacriﬁca,
3205 4759 3544 4830 priusquam
3574 4759 3784 4829 gravis-

2151 4851 2386 4916 simum,
2419 4852 2477 4903 et
2522 4848 2616 4904 cui
2667 4847 2893 4903 nullum
2942 4849 3054 4903 erit
3103 4848 3444 4916 remedium,
3479 4847 3780 4918 quippiam

2149 4938 2406 5011 patiaris.
2431 4936 2576 5002 Quid
2610 4936 2765 4992 enim
2797 4938 3088 4992 commodi
3118 4940 3463 5008 acceperunt
3494 4936 3664 4991 amici
3697 4937 3781 4992 tui

2149 5046 2217 5085 ex
2264 5043 2411 5083 vana
2453 5042 2555 5082 sua
2603 5027 2949 5093 constantia,
2983 5026 3084 5098 qui
3131 5027 3359 5081 tandem
3417 5030 3546 5096 post
3601 5024 3784 5081 multa

2147 5121 2434 5174 tormenta
2462 5116 2720 5172 conversi
2753 5114 3084 5171 didicerunt
3113 5113 3270 5186 quod
3289 5114 3398 5170 sibi
3422 5115 3780 5185 expediebat,

2148 5213 2204 5262 et
2232 5209 2370 5265 deos
2415 5206 2759 5268 coluerunt?
2788 5204 2874 5259 Ad
2909 5205 3025 5258 haec
3054 5213 3247 5258 autem
3278 5203 3489 5259 Christi
3523 5209 3778 5275 martyr:

2149 5296 2207 5351 Si
2240 5297 2381 5353 mihi
2433 5300 2688 5370 quidem,
2721 5294 2935 5368 inquit,
2969 5291 3330 5365 persuasisti,
3371 5292 3502 5348 illos
3551 5309 3783 5363 quoque
3834 5343 3837 5347 λ

2148 5385 2317 5440 credo
2375 5388 2557 5443 fuisse
2605 5400 2937 5457 persuasos.
2970 5383 3072 5438 Sin
3120 5387 3316 5437 autem
3365 5397 3470 5453 ego
3518 5398 3632 5437 non
3663 5398 3782 5437 sum

2148 5488 2466 5544 persuasus
2512 5473 2690 5545 (absit
2733 5472 2887 5530 enim
2933 5475 2998 5528 ut
3046 5486 3150 5543 ego
3199 5487 3462 5542 unquam
3511 5471 3592 5525 ita
3627 5485 3661 5524 a
3690 5484 3783 5524 me

2149 5563 2441 5621 discedam
2474 5569 2531 5622 et
2563 5566 2705 5622 adeo
2735 5564 3022 5621 insaniam
3049 5563 3088 5634 l)
3118 5561 3302 5618 habeo
3337 5576 3523 5616 meam
3556 5562 3784 5614 senten-

2147 5651 2288 5708 tiam
2331 5654 2543 5727 pignus
2588 5654 2820 5712 illorum
2871 5651 3229 5710 constantia.
3261 5655 3388 5705 Una
3417 5651 3505 5703 est
3533 5646 3686 5702 enim
3719 5645 3780 5701 in
