  <div class='ocr_page' id='page_1' title='image "/cluster/home/n/w/nwhite01/storage/ocr_20150623/115/mdp.39015028574336/555.png"; bbox 0 0 4142 6248; ppageno 0'>
   <div class='ocr_carea' id='block_1_1' title="bbox 351 293 505 354">
    <p class='ocr_par' dir='ltr' id='par_1_1' title="bbox 351 293 505 354">
     <span class='ocr_line' id='line_1_1' title="bbox 351 293 505 354; baseline 0.013 -2"><span class='ocrx_word' id='word_1_1' title='bbox 351 293 505 354; x_wconf 79' lang='grc'>1075</span> 
     </span>
    </p>
   </div>
   <div class='ocr_carea' id='block_1_2' title="bbox 1706 282 2417 349">
    <p class='ocr_par' dir='ltr' id='par_1_2' title="bbox 1706 282 2417 349">
     <span class='ocr_line' id='line_1_2' title="bbox 1706 282 2417 349; baseline -0.013 0"><span class='ocrx_word' id='word_1_2' title='bbox 1706 287 1987 349; x_wconf 87' lang='lat' dir='ltr'>MENSIS</span> <span class='ocrx_word' id='word_1_3' title='bbox 2032 282 2417 347; x_wconf 80' lang='lat' dir='ltr'>OCTOBER.</span> 
     </span>
    </p>
   </div>
   <div class='ocr_carea' id='block_1_3' title="bbox 3602 269 3771 332">
    <p class='ocr_par' dir='ltr' id='par_1_3' title="bbox 3602 269 3771 332">
     <span class='ocr_line' id='line_1_3' title="bbox 3602 269 3771 332; baseline -0.006 0"><span class='ocrx_word' id='word_1_4' title='bbox 3602 269 3771 332; x_wconf 86' lang='grc'>1076</span> 
     </span>
    </p>
   </div>
   <div class='ocr_carea' id='block_1_4' title="bbox 350 429 2024 521">
    <p class='ocr_par' dir='ltr' id='par_1_4' title="bbox 350 448 2024 521">
     <span class='ocr_line' id='line_1_4' title="bbox 350 448 2024 521; baseline -0.005 -14"><span class='ocrx_word' id='word_1_5' title='bbox 350 451 624 507; x_wconf 90' lang='lat' dir='ltr'>omnibus</span> <span class='ocrx_word' id='word_1_6' title='bbox 673 451 767 521; x_wconf 89' lang='lat' dir='ltr'>pia</span> <span class='ocrx_word' id='word_1_7' title='bbox 823 449 1115 521; x_wconf 77' lang='lat' dir='ltr'>cogitatio,</span> <span class='ocrx_word' id='word_1_8' title='bbox 1166 448 1442 519; x_wconf 90' lang='lat' dir='ltr'>quoniam</span> <span class='ocrx_word' id='word_1_9' title='bbox 1502 461 1704 502; x_wconf 91' lang='lat' dir='ltr'>omnes</span> <span class='ocrx_word' id='word_1_10' title='bbox 1761 460 2024 516; x_wconf 27' lang='lat' dir='ltr'>quoque,</span> 
     </span>
    </p>
   </div>
   <div class='ocr_carea' id='block_1_5' title="bbox 2137 429 3770 521">
    <p class='ocr_par' dir='ltr' id='par_1_5' title="bbox 2137 429 3770 514">
     <span class='ocr_line' id='line_1_5' title="bbox 2137 429 3770 514; baseline -0.008 -21"><span class='ocrx_word' id='word_1_11' title='bbox 2137 442 2375 514; x_wconf 79' lang='grc' dir='ltr'>ύραννος,</span> <span class='ocrx_word' id='word_1_12' title='bbox 2441 436 2546 491; x_wconf 82' lang='grc' dir='ltr'>ὑπὸ</span> <span class='ocrx_word' id='word_1_13' title='bbox 2600 441 2701 502; x_wconf 80' lang='grc' dir='ltr'>τῆς</span> <span class='ocrx_word' id='word_1_14' title='bbox 2762 434 2930 505; x_wconf 78' lang='grc' dir='ltr'>ὀργῆς</span> <span class='ocrx_word' id='word_1_15' title='bbox 2998 429 3275 502; x_wconf 77' lang='grc' dir='ltr'>ἐκμανεὶς,</span> <span class='ocrx_word' id='word_1_16' title='bbox 3344 434 3558 493; x_wconf 78' lang='grc' dir='ltr'>καιναῖς</span> <span class='ocrx_word' id='word_1_17' title='bbox 3621 451 3770 483; x_wconf 88' lang='grc' dir='ltr'>τισιν</span> 
     </span>
    </p>
   </div>
   <div class='ocr_carea' id='block_1_6' title="bbox 354 536 1997 606">
    <p class='ocr_par' dir='ltr' id='par_1_6' title="bbox 354 536 1997 606">
     <span class='ocr_line' id='line_1_6' title="bbox 354 536 1997 606; baseline -0.004 -11"><span class='ocrx_word' id='word_1_18' title='bbox 354 556 535 596; x_wconf 91' lang='lat' dir='ltr'>unum</span> <span class='ocrx_word' id='word_1_19' title='bbox 567 557 769 595; x_wconf 84' lang='lat' dir='ltr'>sumus</span> <span class='ocrx_word' id='word_1_20' title='bbox 802 540 859 594; x_wconf 92' lang='lat' dir='ltr'>in</span> <span class='ocrx_word' id='word_1_21' title='bbox 890 539 1118 595; x_wconf 89' lang='lat' dir='ltr'>Christo</span> <span class='ocrx_word' id='word_1_22' title='bbox 1148 538 1310 593; x_wconf 88' lang='lat' dir='ltr'>Jesu.</span> <span class='ocrx_word' id='word_1_23' title='bbox 1347 536 1447 591; x_wconf 88' lang='lat' dir='ltr'>His</span> <span class='ocrx_word' id='word_1_24' title='bbox 1478 539 1759 606; x_wconf 82' lang='lat' dir='ltr'>tyrannus</span> <span class='ocrx_word' id='word_1_25' title='bbox 1792 550 1997 589; x_wconf 83' lang='lat' dir='ltr'>rursus</span> 
     </span>
    </p>
   </div>
   <div class='ocr_carea' id='block_1_7' title="bbox 355 622 2000 700">
    <p class='ocr_par' dir='ltr' id='par_1_7' title="bbox 355 622 2000 700">
     <span class='ocr_line' id='line_1_7' title="bbox 355 622 2000 700; baseline -0.005 -16"><span class='ocrx_word' id='word_1_26' title='bbox 355 630 443 684; x_wconf 89' lang='lat' dir='ltr'>ira</span> <span class='ocrx_word' id='word_1_27' title='bbox 492 631 769 700; x_wconf 84' lang='lat' dir='ltr'>percitus,</span> <span class='ocrx_word' id='word_1_28' title='bbox 805 629 1057 682; x_wconf 89' lang='lat' dir='ltr'>minatus</span> <span class='ocrx_word' id='word_1_29' title='bbox 1105 630 1193 681; x_wconf 87' lang='lat' dir='ltr'>est</span> <span class='ocrx_word' id='word_1_30' title='bbox 1238 643 1299 681; x_wconf 91' lang='lat' dir='ltr'>se</span> <span class='ocrx_word' id='word_1_31' title='bbox 1344 642 1479 681; x_wconf 92' lang='lat' dir='ltr'>eum</span> <span class='ocrx_word' id='word_1_32' title='bbox 1513 626 1569 679; x_wconf 91' lang='lat' dir='ltr'>in</span> <span class='ocrx_word' id='word_1_33' title='bbox 1614 622 2000 680; x_wconf 75' lang='lat' dir='ltr'>intolerabilia</span> 
     </span>
    </p>
   </div>
   <div class='ocr_carea' id='block_1_8' title="bbox 353 712 2000 786">
    <p class='ocr_par' dir='ltr' id='par_1_8' title="bbox 353 712 2000 786">
     <span class='ocr_line' id='line_1_8' title="bbox 353 712 2000 786; baseline -0.003 -16"><span class='ocrx_word' id='word_1_34' title='bbox 353 718 753 786; x_wconf 84' lang='lat' dir='ltr'>conjecturum</span> <span class='ocrx_word' id='word_1_35' title='bbox 807 720 1112 769; x_wconf 81' lang='lat' dir='ltr'>tormenta.</span> <span class='ocrx_word' id='word_1_36' title='bbox 1149 713 1213 767; x_wconf 87' lang='lat' dir='ltr'>Et</span> <span class='ocrx_word' id='word_1_37' title='bbox 1245 716 1438 769; x_wconf 80' lang='lat' dir='ltr'>statim</span> <span class='ocrx_word' id='word_1_38' title='bbox 1475 714 1636 769; x_wconf 91' lang='lat' dir='ltr'>duris</span> <span class='ocrx_word' id='word_1_39' title='bbox 1675 712 1843 767; x_wconf 84' lang='lat' dir='ltr'>simul</span> <span class='ocrx_word' id='word_1_40' title='bbox 1878 728 2000 765; x_wconf 89' lang='lat' dir='ltr'>ner-</span> 
     </span>
    </p>
   </div>
   <div class='ocr_carea' id='block_1_9' title="bbox 354 801 2003 873">
    <p class='ocr_par' dir='ltr' id='par_1_9' title="bbox 354 801 2003 873">
     <span class='ocr_line' id='line_1_9' title="bbox 354 801 2003 873; baseline -0.002 -15"><span class='ocrx_word' id='word_1_41' title='bbox 354 807 440 859; x_wconf 93' lang='lat' dir='ltr'>vis</span> <span class='ocrx_word' id='word_1_42' title='bbox 490 806 863 858; x_wconf 82' lang='lat' dir='ltr'>vehementer</span> <span class='ocrx_word' id='word_1_43' title='bbox 910 808 995 857; x_wconf 89' lang='lat' dir='ltr'>est</span> <span class='ocrx_word' id='word_1_44' title='bbox 1051 801 1397 873; x_wconf 85' lang='lat' dir='ltr'>ﬂagellatus,</span> <span class='ocrx_word' id='word_1_45' title='bbox 1431 812 1484 857; x_wconf 87' lang='lat' dir='ltr'>et</span> <span class='ocrx_word' id='word_1_46' title='bbox 1513 806 1789 872; x_wconf 88' lang='lat' dir='ltr'>perpetua</span> <span class='ocrx_word' id='word_1_47' title='bbox 1836 802 2003 871; x_wconf 80' lang='lat' dir='ltr'>plaga</span> 
     </span>
    </p>
   </div>
   <div class='ocr_carea' id='block_1_10' title="bbox 356 890 2002 962">
    <p class='ocr_par' dir='ltr' id='par_1_10' title="bbox 356 890 2002 962">
     <span class='ocr_line' id='line_1_10' title="bbox 356 890 2002 962; baseline -0.002 -16"><span class='ocrx_word' id='word_1_48' title='bbox 356 894 541 948; x_wconf 85' lang='lat' dir='ltr'>factus</span> <span class='ocrx_word' id='word_1_49' title='bbox 618 908 719 962; x_wconf 90' lang='lat' dir='ltr'>per</span> <span class='ocrx_word' id='word_1_50' title='bbox 790 895 975 946; x_wconf 89' lang='lat' dir='ltr'>totum</span> <span class='ocrx_word' id='word_1_51' title='bbox 1055 909 1283 961; x_wconf 86' lang='lat' dir='ltr'>corpus,</span> <span class='ocrx_word' id='word_1_52' title='bbox 1362 901 1497 945; x_wconf 92' lang='lat' dir='ltr'>tunc</span> <span class='ocrx_word' id='word_1_53' title='bbox 1584 892 1800 957; x_wconf 84' lang='lat' dir='ltr'>ridens,</span> <span class='ocrx_word' id='word_1_54' title='bbox 1856 890 2002 943; x_wconf 83' lang='lat' dir='ltr'>dixit</span> 
     </span>
    </p>
   </div>
   <div class='ocr_carea' id='block_1_11' title="bbox 357 979 2003 1052">
    <p class='ocr_par' dir='ltr' id='par_1_11' title="bbox 357 979 2003 1052">
     <span class='ocr_line' id='line_1_11' title="bbox 357 979 2003 1052; baseline -0.004 -13"><span class='ocrx_word' id='word_1_55' title='bbox 357 982 606 1039; x_wconf 78' lang='lat' dir='ltr'>athleta:</span> <span class='ocrx_word' id='word_1_56' title='bbox 640 981 806 1036; x_wconf 88' lang='lat' dir='ltr'>Falsa</span> <span class='ocrx_word' id='word_1_57' title='bbox 864 981 1115 1049; x_wconf 90' lang='lat' dir='ltr'>fuerunt,</span> <span class='ocrx_word' id='word_1_58' title='bbox 1149 998 1181 1037; x_wconf 92' lang='grc' dir='ltr'>ο</span> <span class='ocrx_word' id='word_1_59' title='bbox 1218 983 1417 1051; x_wconf 85' lang='lat' dir='ltr'>judex,</span> <span class='ocrx_word' id='word_1_60' title='bbox 1466 998 1533 1036; x_wconf 90' lang='lat' dir='ltr'>ea</span> <span class='ocrx_word' id='word_1_61' title='bbox 1560 997 1688 1052; x_wconf 71' lang='lat' dir='ltr'>quae</span> <span class='ocrx_word' id='word_1_62' title='bbox 1719 996 1781 1035; x_wconf 90' lang='lat' dir='ltr'>es</span> <span class='ocrx_word' id='word_1_63' title='bbox 1815 979 2003 1033; x_wconf 85' lang='lat' dir='ltr'>mina-</span> 
     </span>
    </p>
   </div>
   <div class='ocr_carea' id='block_1_12' title="bbox 359 1066 2003 1139">
    <p class='ocr_par' dir='ltr' id='par_1_12' title="bbox 359 1066 2003 1139">
     <span class='ocr_line' id='line_1_12' title="bbox 359 1066 2003 1139; baseline -0.003 -14"><span class='ocrx_word' id='word_1_64' title='bbox 359 1077 478 1135; x_wconf 90' lang='lat' dir='ltr'>tus,</span> <span class='ocrx_word' id='word_1_65' title='bbox 510 1087 643 1125; x_wconf 90' lang='lat' dir='ltr'>cum</span> <span class='ocrx_word' id='word_1_66' title='bbox 697 1086 813 1125; x_wconf 94' lang='lat' dir='ltr'>non</span> <span class='ocrx_word' id='word_1_67' title='bbox 863 1072 1121 1139; x_wconf 87' lang='lat' dir='ltr'>potueris</span> <span class='ocrx_word' id='word_1_68' title='bbox 1164 1069 1385 1139; x_wconf 86' lang='lat' dir='ltr'>aliquid</span> <span class='ocrx_word' id='word_1_69' title='bbox 1416 1070 1544 1124; x_wconf 92' lang='lat' dir='ltr'>novi</span> <span class='ocrx_word' id='word_1_70' title='bbox 1576 1068 1900 1137; x_wconf 78' lang='lat' dir='ltr'>excogitare</span> <span class='ocrx_word' id='word_1_71' title='bbox 1933 1066 2003 1121; x_wconf 91' lang='lat' dir='ltr'>ad</span> 
     </span>
    </p>
   </div>
   <div class='ocr_carea' id='block_1_13' title="bbox 363 1156 2007 1231">
    <p class='ocr_par' dir='ltr' id='par_1_13' title="bbox 363 1156 2007 1231">
     <span class='ocr_line' id='line_1_13' title="bbox 363 1156 2007 1231; baseline -0.003 -17"><span class='ocrx_word' id='word_1_72' title='bbox 363 1159 752 1231; x_wconf 80' lang='lat' dir='ltr'>superandum</span> <span class='ocrx_word' id='word_1_73' title='bbox 782 1164 1005 1228; x_wconf 88' lang='lat' dir='ltr'>potens,</span> <span class='ocrx_word' id='word_1_74' title='bbox 1032 1160 1130 1213; x_wconf 85' lang='lat' dir='ltr'>sed</span> <span class='ocrx_word' id='word_1_75' title='bbox 1155 1174 1358 1213; x_wconf 90' lang='lat' dir='ltr'>rursus</span> <span class='ocrx_word' id='word_1_76' title='bbox 1388 1160 1536 1212; x_wconf 90' lang='lat' dir='ltr'>circa</span> <span class='ocrx_word' id='word_1_77' title='bbox 1568 1157 1733 1227; x_wconf 86' lang='lat' dir='ltr'>paria</span> <span class='ocrx_word' id='word_1_78' title='bbox 1763 1156 2007 1210; x_wconf 82' lang='lat' dir='ltr'>versaris</span> 
     </span>
    </p>
   </div>
   <div class='ocr_carea' id='block_1_14' title="bbox 365 1246 2006 1317">
    <p class='ocr_par' dir='ltr' id='par_1_14' title="bbox 365 1246 2006 1317">
     <span class='ocr_line' id='line_1_14' title="bbox 365 1246 2006 1317; baseline -0.002 -17"><span class='ocrx_word' id='word_1_79' title='bbox 365 1246 668 1317; x_wconf 90' lang='lat' dir='ltr'>supplicia.</span> <span class='ocrx_word' id='word_1_80' title='bbox 689 1246 1038 1301; x_wconf 82' lang='lat' dir='ltr'>Existimans</span> <span class='ocrx_word' id='word_1_81' title='bbox 1064 1247 1260 1316; x_wconf 87' lang='lat' dir='ltr'>itaque</span> <span class='ocrx_word' id='word_1_82' title='bbox 1288 1246 1466 1316; x_wconf 85' lang='lat' dir='ltr'>judex</span> <span class='ocrx_word' id='word_1_83' title='bbox 1500 1262 1562 1300; x_wconf 89' lang='lat' dir='ltr'>se</span> <span class='ocrx_word' id='word_1_84' title='bbox 1592 1249 1859 1300; x_wconf 86' lang='lat' dir='ltr'>sanctum</span> <span class='ocrx_word' id='word_1_85' title='bbox 1882 1260 2006 1298; x_wconf 82' lang='lat' dir='ltr'>ma-</span> 
     </span>
    </p>
   </div>
   <div class='ocr_carea' id='block_1_15' title="bbox 358 1331 2010 1405">
    <p class='ocr_par' dir='ltr' id='par_1_15' title="bbox 358 1331 2010 1405">
     <span class='ocr_line' id='line_1_15' title="bbox 358 1331 2010 1405; baseline -0.002 -17"><span class='ocrx_word' id='word_1_86' title='bbox 358 1335 475 1405; x_wconf 85' lang='lat' dir='ltr'>jori</span> <span class='ocrx_word' id='word_1_87' title='bbox 533 1334 731 1389; x_wconf 90' lang='lat' dir='ltr'>dolore</span> <span class='ocrx_word' id='word_1_88' title='bbox 791 1334 1156 1402; x_wconf 80' lang='lat' dir='ltr'>aﬂ‘ecturum,</span> <span class='ocrx_word' id='word_1_89' title='bbox 1208 1334 1377 1402; x_wconf 91' lang='lat' dir='ltr'>jubet</span> <span class='ocrx_word' id='word_1_90' title='bbox 1434 1332 1756 1404; x_wconf 89' lang='lat' dir='ltr'>plurimum</span> <span class='ocrx_word' id='word_1_91' title='bbox 1805 1331 2010 1386; x_wconf 71' lang='lat' dir='ltr'>muriae</span> 
     </span>
    </p>
   </div>
   <div class='ocr_carea' id='block_1_16' title="bbox 366 1421 2007 1493">
    <p class='ocr_par' dir='ltr' id='par_1_16' title="bbox 366 1421 2007 1493">
     <span class='ocr_line' id='line_1_16' title="bbox 366 1421 2007 1493; baseline -0.003 -15"><span class='ocrx_word' id='word_1_92' title='bbox 366 1423 586 1478; x_wconf 80' lang='lat' dir='ltr'>eil&#39;undi</span> <span class='ocrx_word' id='word_1_93' title='bbox 637 1423 696 1477; x_wconf 91' lang='lat' dir='ltr'>in</span> <span class='ocrx_word' id='word_1_94' title='bbox 747 1422 947 1493; x_wconf 86' lang='lat' dir='ltr'>plagas</span> <span class='ocrx_word' id='word_1_95' title='bbox 978 1422 1154 1477; x_wconf 90' lang='lat' dir='ltr'>illius.</span> <span class='ocrx_word' id='word_1_96' title='bbox 1191 1422 1253 1475; x_wconf 88' lang='lat' dir='ltr'>Ei</span> <span class='ocrx_word' id='word_1_97' title='bbox 1303 1426 1495 1477; x_wconf 88' lang='lat' dir='ltr'>autem</span> <span class='ocrx_word' id='word_1_98' title='bbox 1558 1421 1698 1476; x_wconf 91' lang='lat' dir='ltr'>dicit</span> <span class='ocrx_word' id='word_1_99' title='bbox 1751 1424 2007 1491; x_wconf 83' lang='lat' dir='ltr'>martyr:</span> 
     </span>
    </p>
   </div>
   <div class='ocr_carea' id='block_1_17' title="bbox 372 1509 2010 1580">
    <p class='ocr_par' dir='ltr' id='par_1_17' title="bbox 372 1509 2010 1580">
     <span class='ocr_line' id='line_1_17' title="bbox 372 1509 2010 1580; baseline -0.001 -15"><span class='ocrx_word' id='word_1_100' title='bbox 372 1511 611 1565; x_wconf 80' lang='lat' dir='ltr'>Etiamsi</span> <span class='ocrx_word' id='word_1_101' title='bbox 656 1526 845 1565; x_wconf 87' lang='lat' dir='ltr'>acrem</span> <span class='ocrx_word' id='word_1_102' title='bbox 897 1510 1079 1565; x_wconf 92' lang='lat' dir='ltr'>salem</span> <span class='ocrx_word' id='word_1_103' title='bbox 1125 1511 1297 1578; x_wconf 86' lang='lat' dir='ltr'>jubes</span> <span class='ocrx_word' id='word_1_104' title='bbox 1349 1511 1494 1565; x_wconf 87' lang='lat' dir='ltr'>meis</span> <span class='ocrx_word' id='word_1_105' title='bbox 1540 1510 1724 1580; x_wconf 86' lang='lat' dir='ltr'>plagis</span> <span class='ocrx_word' id='word_1_106' title='bbox 1755 1509 2010 1580; x_wconf 86' lang='lat' dir='ltr'>inspergi</span> 
     </span>
    </p>
   </div>
   <div class='ocr_carea' id='block_1_18' title="bbox 369 1598 2010 1665">
    <p class='ocr_par' dir='ltr' id='par_1_18' title="bbox 369 1598 2010 1665">
     <span class='ocr_line' id='line_1_18' title="bbox 369 1598 2010 1665; baseline -0.002 -11"><span class='ocrx_word' id='word_1_107' title='bbox 369 1599 519 1654; x_wconf 90' lang='lat' dir='ltr'>malo</span> <span class='ocrx_word' id='word_1_108' title='bbox 572 1600 786 1665; x_wconf 89' lang='lat' dir='ltr'>animo,</span> <span class='ocrx_word' id='word_1_109' title='bbox 834 1599 986 1653; x_wconf 88' lang='lat' dir='ltr'>scias</span> <span class='ocrx_word' id='word_1_110' title='bbox 1036 1606 1225 1653; x_wconf 88' lang='lat' dir='ltr'>tamen</span> <span class='ocrx_word' id='word_1_111' title='bbox 1277 1603 1329 1653; x_wconf 92' lang='lat' dir='ltr'>te</span> <span class='ocrx_word' id='word_1_112' title='bbox 1376 1616 1490 1653; x_wconf 91' lang='lat' dir='ltr'>non</span> <span class='ocrx_word' id='word_1_113' title='bbox 1546 1598 1671 1653; x_wconf 91' lang='lat' dir='ltr'>ideo</span> <span class='ocrx_word' id='word_1_114' title='bbox 1729 1598 2010 1652; x_wconf 89' lang='lat' dir='ltr'>acriorem</span> 
     </span>
    </p>
   </div>
   <div class='ocr_carea' id='block_1_19' title="bbox 369 1685 2014 1754">
    <p class='ocr_par' dir='ltr' id='par_1_19' title="bbox 369 1685 2014 1754">
     <span class='ocr_line' id='line_1_19' title="bbox 369 1685 2014 1754; baseline -0.001 -14"><span class='ocrx_word' id='word_1_115' title='bbox 369 1686 513 1740; x_wconf 91' lang='lat' dir='ltr'>mihi</span> <span class='ocrx_word' id='word_1_116' title='bbox 550 1686 762 1740; x_wconf 82' lang='lat' dir='ltr'>inferre</span> <span class='ocrx_word' id='word_1_117' title='bbox 809 1685 1090 1751; x_wconf 89' lang='lat' dir='ltr'>dolorem,</span> <span class='ocrx_word' id='word_1_118' title='bbox 1124 1686 1223 1740; x_wconf 90' lang='lat' dir='ltr'>sed</span> <span class='ocrx_word' id='word_1_119' title='bbox 1276 1687 1515 1740; x_wconf 83' lang='lat' dir='ltr'>reddere</span> <span class='ocrx_word' id='word_1_120' title='bbox 1565 1702 1760 1740; x_wconf 90' lang='lat' dir='ltr'>meum</span> <span class='ocrx_word' id='word_1_121' title='bbox 1806 1702 2014 1754; x_wconf 90' lang='lat' dir='ltr'>corpus</span> 
     </span>
    </p>
   </div>
   <div class='ocr_carea' id='block_1_20' title="bbox 2109 517 3771 601">
    <p class='ocr_par' dir='ltr' id='par_1_20' title="bbox 2109 517 3771 601">
     <span class='ocr_line' id='line_1_20' title="bbox 2109 517 3771 601; baseline -0.007 -19"><span class='ocrx_word' id='word_1_122' title='bbox 2109 523 2369 601; x_wconf 73' lang='grc' dir='ltr'>ἐμϐαλεῖν</span> <span class='ocrx_word' id='word_1_123' title='bbox 2434 524 2692 598; x_wconf 83' lang='grc' dir='ltr'>βασάνοις</span> <span class='ocrx_word' id='word_1_124' title='bbox 2745 520 2908 575; x_wconf 83' lang='grc' dir='ltr'>αὑτδν</span> <span class='ocrx_word' id='word_1_125' title='bbox 2955 517 3196 588; x_wconf 80' lang='grc' dir='ltr'>ἠπείλει.</span> <span class='ocrx_word' id='word_1_126' title='bbox 3246 519 3345 573; x_wconf 76' lang='grc' dir='ltr'>Καὶ</span> <span class='ocrx_word' id='word_1_127' title='bbox 3390 519 3504 590; x_wconf 78' lang='grc' dir='ltr'>ἅμα</span> <span class='ocrx_word' id='word_1_128' title='bbox 3549 519 3771 592; x_wconf 77' lang='grc' dir='ltr'>νεύροις</span> 
     </span>
    </p>
   </div>
   <div class='ocr_carea' id='block_1_21' title="bbox 2108 607 3773 686">
    <p class='ocr_par' dir='ltr' id='par_1_21' title="bbox 2108 607 3773 686">
     <span class='ocr_line' id='line_1_21' title="bbox 2108 607 3773 686; baseline -0.008 -14"><span class='ocrx_word' id='word_1_129' title='bbox 2108 614 2513 685; x_wconf 74' lang='grc' dir='ltr'>ἀπεσκληκόσιν</span> <span class='ocrx_word' id='word_1_130' title='bbox 2562 613 2646 666; x_wconf 80' lang='grc' dir='ltr'>ἐπὶ</span> <span class='ocrx_word' id='word_1_131' title='bbox 2705 609 2849 665; x_wconf 71' lang='grc' dir='ltr'>πολὺ</span> <span class='ocrx_word' id='word_1_132' title='bbox 2910 607 3159 686; x_wconf 72' lang='grc' dir='ltr'>σφοδρῶς</span> <span class='ocrx_word' id='word_1_133' title='bbox 3214 608 3633 679; x_wconf 80' lang='grc' dir='ltr'>μαστιζὸμενος,</span> <span class='ocrx_word' id='word_1_134' title='bbox 3677 608 3773 661; x_wconf 73' lang='grc' dir='ltr'>καὶ</span> 
     </span>
    </p>
   </div>
   <div class='ocr_carea' id='block_1_22' title="bbox 2111 696 3775 776">
    <p class='ocr_par' dir='ltr' id='par_1_22' title="bbox 2111 696 3775 776">
     <span class='ocr_line' id='line_1_22' title="bbox 2111 696 3775 776; baseline -0.006 -16"><span class='ocrx_word' id='word_1_135' title='bbox 2111 706 2477 776; x_wconf 81' lang='grc' dir='ltr'>ὁλοσώματος</span> <span class='ocrx_word' id='word_1_136' title='bbox 2522 701 2711 774; x_wconf 76' lang='grc' dir='ltr'>πληγή</span> <span class='ocrx_word' id='word_1_137' title='bbox 2762 698 3022 774; x_wconf 83' lang='grc' dir='ltr'>γεγονὼς,</span> <span class='ocrx_word' id='word_1_138' title='bbox 3074 697 3309 773; x_wconf 76' lang='grc' dir='ltr'>γελάσας</span> <span class='ocrx_word' id='word_1_139' title='bbox 3360 698 3503 751; x_wconf 56' lang='grc' dir='ltr'>εΪπεν</span> <span class='ocrx_word' id='word_1_140' title='bbox 3540 698 3567 751; x_wconf 85' lang='grc' dir='ltr'><strong>ὁ</strong></span> <span class='ocrx_word' id='word_1_141' title='bbox 3598 696 3775 767; x_wconf 80' lang='grc' dir='ltr'>ἀθλη-</span> 
     </span>
    </p>
   </div>
   <div class='ocr_carea' id='block_1_23' title="bbox 2108 784 3772 866">
    <p class='ocr_par' dir='ltr' id='par_1_23' title="bbox 2108 784 3772 866">
     <span class='ocr_line' id='line_1_23' title="bbox 2108 784 3772 866; baseline -0.004 -20"><span class='ocrx_word' id='word_1_142' title='bbox 2108 799 2233 865; x_wconf 68' lang='grc' dir='ltr'>τγςςο</span> <span class='ocrx_word' id='word_1_143' title='bbox 2287 794 2527 866; x_wconf 67' lang='grc' dir='ltr'>Ἑψεύσω</span> <span class='ocrx_word' id='word_1_144' title='bbox 2576 792 2671 852; x_wconf 79' lang='grc' dir='ltr'>τὰς</span> <span class='ocrx_word' id='word_1_145' title='bbox 2722 792 2816 851; x_wconf 78' lang='grc' dir='ltr'>σάς</span> <span class='ocrx_word' id='word_1_146' title='bbox 2866 787 3114 851; x_wconf 74' lang='grc' dir='ltr'>ἀπειλάς,</span> <span class='ocrx_word' id='word_1_147' title='bbox 3146 787 3191 839; x_wconf 82' lang='grc' dir='ltr'>ὦ</span> <span class='ocrx_word' id='word_1_148' title='bbox 3226 784 3472 853; x_wconf 78' lang='grc' dir='ltr'>δικαστά,</span> <span class='ocrx_word' id='word_1_149' title='bbox 3518 786 3772 839; x_wconf 72' lang='grc' dir='ltr'>καινότε-</span> 
     </span>
    </p>
   </div>
   <div class='ocr_carea' id='block_1_24' title="bbox 2116 874 3778 961">
    <p class='ocr_par' dir='ltr' id='par_1_24' title="bbox 2116 874 3778 961">
     <span class='ocr_line' id='line_1_24' title="bbox 2116 874 3778 961; baseline -0.008 -21"><span class='ocrx_word' id='word_1_150' title='bbox 2116 908 2205 961; x_wconf 92' lang='grc' dir='ltr'>ρον</span> <span class='ocrx_word' id='word_1_151' title='bbox 2236 882 2521 952; x_wconf 75' lang='grc' dir='ltr'>ἐπινοῆσαί</span> <span class='ocrx_word' id='word_1_152' title='bbox 2558 904 2609 936; x_wconf 91' lang='grc' dir='ltr'>τι</span> <span class='ocrx_word' id='word_1_153' title='bbox 2668 881 2743 952; x_wconf 81' lang='grc' dir='ltr'>μὴ</span> <span class='ocrx_word' id='word_1_154' title='bbox 2806 878 3080 946; x_wconf 70' lang='grc' dir='ltr'>δυνηθεὶς,</span> <span class='ocrx_word' id='word_1_155' title='bbox 3141 874 3288 929; x_wconf 71' lang='grc' dir='ltr'>ἀλλὰ</span> <span class='ocrx_word' id='word_1_156' title='bbox 3336 877 3456 948; x_wconf 74' lang='grc' dir='ltr'>περὶ</span> <span class='ocrx_word' id='word_1_157' title='bbox 3519 876 3587 930; x_wconf 74' lang='grc' dir='ltr'>τά</span> <span class='ocrx_word' id='word_1_158' title='bbox 3638 874 3778 929; x_wconf 72' lang='grc' dir='ltr'>αὐτὰ</span> 
     </span>
    </p>
   </div>
   <div class='ocr_carea' id='block_1_25' title="bbox 2113 964 3777 1044">
    <p class='ocr_par' dir='ltr' id='par_1_25' title="bbox 2113 964 3777 1044">
     <span class='ocr_line' id='line_1_25' title="bbox 2113 964 3777 1044; baseline -0.008 -14"><span class='ocrx_word' id='word_1_159' title='bbox 2113 975 2277 1031; x_wconf 86' lang='grc' dir='ltr'>πάλιν</span> <span class='ocrx_word' id='word_1_160' title='bbox 2312 975 2401 1027; x_wconf 83' lang='grc' dir='ltr'>καὶ</span> <span class='ocrx_word' id='word_1_161' title='bbox 2427 972 2521 1026; x_wconf 73' lang='grc' dir='ltr'>’ίσα</span> <span class='ocrx_word' id='word_1_162' title='bbox 2568 974 2903 1044; x_wconf 77' lang='grc' dir='ltr'>περιχωρεῖς</span> <span class='ocrx_word' id='word_1_163' title='bbox 2955 964 3322 1039; x_wconf 72' lang='grc' dir='ltr'>κολαστήρια.</span> <span class='ocrx_word' id='word_1_164' title='bbox 3376 964 3625 1036; x_wconf 80' lang='grc' dir='ltr'>Νομίσας</span> <span class='ocrx_word' id='word_1_165' title='bbox 3681 966 3777 1017; x_wconf 71' lang='grc' dir='ltr'>οὖν</span> 
     </span>
    </p>
   </div>
   <div class='ocr_carea' id='block_1_26' title="bbox 2116 1051 3780 1130">
    <p class='ocr_par' dir='ltr' id='par_1_26' title="bbox 2116 1051 3780 1130">
     <span class='ocr_line' id='line_1_26' title="bbox 2116 1051 3780 1130; baseline -0.008 -12"><span class='ocrx_word' id='word_1_166' title='bbox 2116 1066 2143 1117; x_wconf 87' lang='grc' dir='ltr'>ὁ</span> <span class='ocrx_word' id='word_1_167' title='bbox 2176 1062 2410 1130; x_wconf 76' lang='grc' dir='ltr'>δικάζων</span> <span class='ocrx_word' id='word_1_168' title='bbox 2455 1059 2671 1114; x_wconf 85' lang='grc' dir='ltr'>πλείονι</span> <span class='ocrx_word' id='word_1_169' title='bbox 2720 1052 3041 1129; x_wconf 75' lang='grc' dir='ltr'>περιϐαλεῖν</span> <span class='ocrx_word' id='word_1_170' title='bbox 3090 1051 3255 1126; x_wconf 73' lang='grc' dir='ltr'>ὀδύνῃ</span> <span class='ocrx_word' id='word_1_171' title='bbox 3306 1053 3397 1107; x_wconf 84' lang='grc' dir='ltr'>τὸν</span> <span class='ocrx_word' id='word_1_172' title='bbox 3452 1055 3630 1128; x_wconf 77' lang='grc' dir='ltr'>ἅγιον,</span> <span class='ocrx_word' id='word_1_173' title='bbox 3685 1053 3780 1105; x_wconf 80' lang='grc' dir='ltr'>καὶ</span> 
     </span>
    </p>
   </div>
   <div class='ocr_carea' id='block_1_27' title="bbox 2118 1140 3783 1223">
    <p class='ocr_par' dir='ltr' id='par_1_27' title="bbox 2118 1140 3783 1223">
     <span class='ocr_line' id='line_1_27' title="bbox 2118 1140 3783 1223; baseline -0.006 -17"><span class='ocrx_word' id='word_1_174' title='bbox 2118 1152 2302 1223; x_wconf 70' lang='grc' dir='ltr'>ἅλμην</span> <span class='ocrx_word' id='word_1_175' title='bbox 2359 1149 2575 1204; x_wconf 78' lang='grc' dir='ltr'>πολλοῦ</span> <span class='ocrx_word' id='word_1_176' title='bbox 2633 1147 2915 1220; x_wconf 85' lang='grc' dir='ltr'>κράματος</span> <span class='ocrx_word' id='word_1_177' title='bbox 2982 1144 3292 1217; x_wconf 89' lang='grc' dir='ltr'>γενομένου,</span> <span class='ocrx_word' id='word_1_178' title='bbox 3349 1147 3457 1197; x_wconf 91' lang='grc' dir='ltr'>τῶν</span> <span class='ocrx_word' id='word_1_179' title='bbox 3540 1140 3783 1215; x_wconf 85' lang='grc' dir='ltr'>πληγῶν</span> 
     </span>
    </p>
   </div>
   <div class='ocr_carea' id='block_1_28' title="bbox 2119 1229 3785 1315">
    <p class='ocr_par' dir='ltr' id='par_1_28' title="bbox 2119 1229 3785 1315">
     <span class='ocr_line' id='line_1_28' title="bbox 2119 1229 3785 1315; baseline -0.007 -20"><span class='ocrx_word' id='word_1_180' title='bbox 2119 1241 2321 1295; x_wconf 81' lang='grc' dir='ltr'>ἐκείνου</span> <span class='ocrx_word' id='word_1_181' title='bbox 2380 1240 2749 1315; x_wconf 75' lang='grc' dir='ltr'>καταχεθῆναι</span> <span class='ocrx_word' id='word_1_182' title='bbox 2832 1234 3073 1291; x_wconf 85' lang='grc' dir='ltr'>καλεύει.</span> <span class='ocrx_word' id='word_1_183' title='bbox 3133 1234 3194 1289; x_wconf 84' lang='grc' dir='ltr'>Ὁ</span> <span class='ocrx_word' id='word_1_184' title='bbox 3255 1231 3311 1286; x_wconf 71' lang='grc' dir='ltr'>δέ</span> <span class='ocrx_word' id='word_1_185' title='bbox 3382 1233 3584 1306; x_wconf 84' lang='grc' dir='ltr'>μάρτυς</span> <span class='ocrx_word' id='word_1_186' title='bbox 3641 1229 3785 1308; x_wconf 67' lang='grc' dir='ltr'>φησί</span> 
     </span>
    </p>
   </div>
   <div class='ocr_carea' id='block_1_29' title="bbox 2119 1319 3782 1402">
    <p class='ocr_par' dir='ltr' id='par_1_29' title="bbox 2119 1319 3782 1402">
     <span class='ocr_line' id='line_1_29' title="bbox 2119 1319 3782 1402; baseline -0.006 -19"><span class='ocrx_word' id='word_1_187' title='bbox 2119 1330 2255 1402; x_wconf 84' lang='grc' dir='ltr'>πρὸς</span> <span class='ocrx_word' id='word_1_188' title='bbox 2322 1327 2505 1383; x_wconf 83' lang='grc' dir='ltr'>αὐτόν.</span> <span class='ocrx_word' id='word_1_189' title='bbox 2565 1328 2653 1387; x_wconf 84' lang='grc' dir='ltr'>Ὡς</span> <span class='ocrx_word' id='word_1_190' title='bbox 2721 1324 2769 1378; x_wconf 72' lang='grc' dir='ltr'>εἴ</span> <span class='ocrx_word' id='word_1_191' title='bbox 2825 1324 2914 1378; x_wconf 80' lang='grc' dir='ltr'>καὶ</span> <span class='ocrx_word' id='word_1_192' title='bbox 2972 1323 3099 1383; x_wconf 75' lang='grc' dir='ltr'>τοὺς</span> <span class='ocrx_word' id='word_1_193' title='bbox 3184 1319 3395 1395; x_wconf 75' lang='grc' dir='ltr'>δριμεῖς</span> <span class='ocrx_word' id='word_1_194' title='bbox 3463 1320 3599 1383; x_wconf 77' lang='grc' dir='ltr'>ἅλας</span> <span class='ocrx_word' id='word_1_195' title='bbox 3657 1326 3782 1379; x_wconf 82' lang='grc' dir='ltr'>ταῖς</span> 
     </span>
    </p>
   </div>
   <div class='ocr_carea' id='block_1_30' title="bbox 2122 1409 3779 1492">
    <p class='ocr_par' dir='ltr' id='par_1_30' title="bbox 2122 1409 3779 1492">
     <span class='ocr_line' id='line_1_30' title="bbox 2122 1409 3779 1492; baseline -0.007 -19"><span class='ocrx_word' id='word_1_196' title='bbox 2122 1418 2364 1492; x_wconf 78' lang='grc' dir='ltr'>πληγαῖς</span> <span class='ocrx_word' id='word_1_197' title='bbox 2419 1413 2806 1477; x_wconf 83' lang='grc' dir='ltr'>ἐπιπάττεσθαί</span> <span class='ocrx_word' id='word_1_198' title='bbox 2860 1432 2965 1485; x_wconf 87' lang='grc' dir='ltr'>μου</span> <span class='ocrx_word' id='word_1_199' title='bbox 3012 1409 3252 1471; x_wconf 79' lang='grc' dir='ltr'>κελεύεις</span> <span class='ocrx_word' id='word_1_200' title='bbox 3299 1414 3502 1481; x_wconf 79' lang='grc' dir='ltr'>πονερᾷ</span> <span class='ocrx_word' id='word_1_201' title='bbox 3552 1411 3779 1483; x_wconf 73' lang='grc' dir='ltr'>γνώμῃ,</span> 
     </span>
    </p>
   </div>
   <div class='ocr_carea' id='block_1_31' title="bbox 2124 1496 3780 1577">
    <p class='ocr_par' dir='ltr' id='par_1_31' title="bbox 2124 1496 3780 1577">
     <span class='ocr_line' id='line_1_31' title="bbox 2124 1496 3780 1577; baseline -0.007 -15"><span class='ocrx_word' id='word_1_202' title='bbox 2124 1506 2249 1562; x_wconf 72' lang='grc' dir='ltr'>ἄλλ’</span> <span class='ocrx_word' id='word_1_203' title='bbox 2282 1504 2391 1568; x_wconf 67' lang='grc' dir='ltr'>ἴσθι</span> <span class='ocrx_word' id='word_1_204' title='bbox 2426 1506 2501 1577; x_wconf 82' lang='grc' dir='ltr'><strong>μή</strong></span> <span class='ocrx_word' id='word_1_205' title='bbox 2537 1502 2850 1575; x_wconf 82' lang='grc' dir='ltr'>δριμύττειν</span> <span class='ocrx_word' id='word_1_206' title='bbox 2883 1497 3099 1573; x_wconf 78' lang='grc' dir='ltr'>μᾶλλον</span> <span class='ocrx_word' id='word_1_207' title='bbox 3134 1498 3279 1553; x_wconf 79' lang='grc' dir='ltr'>οὕσω</span> <span class='ocrx_word' id='word_1_208' title='bbox 3310 1504 3512 1565; x_wconf 89' lang='grc' dir='ltr'>ποιῶν,</span> <span class='ocrx_word' id='word_1_209' title='bbox 3545 1496 3694 1552; x_wconf 74' lang='grc' dir='ltr'>ἀλλὰ</span> <span class='ocrx_word' id='word_1_210' title='bbox 3714 1498 3780 1552; x_wconf 89' lang='grc' dir='ltr'>τὸ</span> 
     </span>
    </p>
   </div>
   <div class='ocr_carea' id='block_1_32' title="bbox 2123 1586 3781 1665">
    <p class='ocr_par' dir='ltr' id='par_1_32' title="bbox 2123 1586 3781 1665">
     <span class='ocr_line' id='line_1_32' title="bbox 2123 1586 3781 1665; baseline -0.005 -17"><span class='ocrx_word' id='word_1_211' title='bbox 2123 1593 2368 1664; x_wconf 80' lang='grc' dir='ltr'>ἅσηπτόν</span> <span class='ocrx_word' id='word_1_212' title='bbox 2430 1613 2535 1665; x_wconf 82' lang='grc' dir='ltr'>μου</span> <span class='ocrx_word' id='word_1_213' title='bbox 2582 1596 2661 1662; x_wconf 81' lang='grc' dir='ltr'>τῷ</span> <span class='ocrx_word' id='word_1_214' title='bbox 2712 1590 2925 1661; x_wconf 79' lang='grc' dir='ltr'>σώματι</span> <span class='ocrx_word' id='word_1_215' title='bbox 2986 1588 3279 1661; x_wconf 75' lang='grc' dir='ltr'>προξενῶνο</span> <span class='ocrx_word' id='word_1_216' title='bbox 3340 1588 3468 1660; x_wconf 75' lang='grc' dir='ltr'>ὁρᾶς</span> <span class='ocrx_word' id='word_1_217' title='bbox 3526 1587 3626 1660; x_wconf 73' lang='grc' dir='ltr'>γάρ</span> <span class='ocrx_word' id='word_1_218' title='bbox 3687 1586 3781 1640; x_wconf 82' lang='grc' dir='ltr'>καὶ</span> 
     </span>
    </p>
   </div>
   <div class='ocr_carea' id='block_1_33' title="bbox 2126 1673 3781 1752">
    <p class='ocr_par' dir='ltr' id='par_1_33' title="bbox 2126 1673 3781 1752">
     <span class='ocr_line' id='line_1_33' title="bbox 2126 1673 3781 1752; baseline -0.006 -14"><span class='ocrx_word' id='word_1_219' title='bbox 2126 1684 2281 1744; x_wconf 81' lang='grc' dir='ltr'>αὐτὸς</span> <span class='ocrx_word' id='word_1_220' title='bbox 2339 1683 2414 1743; x_wconf 84' lang='grc' dir='ltr'>ὡς</span> <span class='ocrx_word' id='word_1_221' title='bbox 2471 1680 2605 1741; x_wconf 83' lang='grc' dir='ltr'>ὅλος</span> <span class='ocrx_word' id='word_1_222' title='bbox 2674 1677 2747 1731; x_wconf 82' lang='grc' dir='ltr'>ὥν</span> <span class='ocrx_word' id='word_1_223' title='bbox 2805 1676 3144 1752; x_wconf 67' lang='grc' dir='ltr'>τραυματίας</span> <span class='ocrx_word' id='word_1_224' title='bbox 3199 1673 3257 1730; x_wconf 80' lang='grc' dir='ltr'>ἐκ</span> <span class='ocrx_word' id='word_1_225' title='bbox 3330 1681 3438 1730; x_wconf 87' lang='grc' dir='ltr'>τῶν</span> <span class='ocrx_word' id='word_1_226' title='bbox 3498 1675 3781 1749; x_wconf 84' lang='grc' dir='ltr'>προτέρων</span> 
     </span>
    </p>
   </div>
   <div class='ocr_carea' id='block_1_34' title="bbox 373 1762 2024 1867">
    <p class='ocr_par' dir='ltr' id='par_1_34' title="bbox 373 1773 2013 1844">
     <span class='ocr_line' id='line_1_34' title="bbox 373 1773 2013 1844; baseline -0.001 -16"><span class='ocrx_word' id='word_1_227' title='bbox 373 1774 624 1829; x_wconf 88' lang='lat' dir='ltr'>alienum</span> <span class='ocrx_word' id='word_1_228' title='bbox 650 1790 683 1828; x_wconf 90' lang='lat' dir='ltr'>a</span> <span class='ocrx_word' id='word_1_229' title='bbox 706 1775 1028 1843; x_wconf 80' lang='lat' dir='ltr'>putredine.</span> <span class='ocrx_word' id='word_1_230' title='bbox 1056 1773 1200 1828; x_wconf 92' lang='lat' dir='ltr'>Nam</span> <span class='ocrx_word' id='word_1_231' title='bbox 1238 1774 1359 1844; x_wconf 90' lang='lat' dir='ltr'>ipse</span> <span class='ocrx_word' id='word_1_232' title='bbox 1391 1791 1622 1844; x_wconf 89' lang='lat' dir='ltr'>quoque</span> <span class='ocrx_word' id='word_1_233' title='bbox 1652 1776 1811 1829; x_wconf 89' lang='lat' dir='ltr'>vides</span> <span class='ocrx_word' id='word_1_234' title='bbox 1841 1776 2013 1844; x_wconf 84' lang='lat' dir='ltr'>quod,</span> 
     </span>
    </p>
   </div>
   <div class='ocr_carea' id='block_1_35' title="bbox 2137 1762 3781 1867">
    <p class='ocr_par' dir='ltr' id='par_1_35' title="bbox 2137 1762 3781 1867">
     <span class='ocr_line' id='line_1_35' title="bbox 2137 1762 3781 1846; baseline -0.005 -19"><span class='ocrx_word' id='word_1_235' title='bbox 2137 1772 2381 1846; x_wconf 78' lang='grc' dir='ltr'>πληγῶν,</span> <span class='ocrx_word' id='word_1_236' title='bbox 2422 1770 2594 1832; x_wconf 78' lang='grc' dir='ltr'>ἄλλος</span> <span class='ocrx_word' id='word_1_237' title='bbox 2626 1767 2889 1842; x_wconf 78' lang='grc' dir='ltr'>φαίνομαι</span> <span class='ocrx_word' id='word_1_238' title='bbox 2920 1770 3033 1835; x_wconf 76' lang='grc' dir='ltr'>νῦν,</span> <span class='ocrx_word' id='word_1_239' title='bbox 3076 1762 3201 1819; x_wconf 74' lang='grc' dir='ltr'>οὐδὲ</span> <span class='ocrx_word' id='word_1_240' title='bbox 3255 1764 3433 1842; x_wconf 72' lang='grc' dir='ltr'>βραχὺ</span> <span class='ocrx_word' id='word_1_241' title='bbox 3472 1786 3525 1819; x_wconf 91' lang='grc' dir='ltr'>τι</span> <span class='ocrx_word' id='word_1_242' title='bbox 3575 1764 3781 1837; x_wconf 88' lang='grc' dir='ltr'>στίγμα</span> 
     </span>
     <span class='ocr_line' id='line_1_36' title="bbox 2182 1850 3677 1867; baseline 0 0"><span class='ocrx_word' id='word_1_243' title='bbox 2182 1861 2191 1867; x_wconf 90' lang='grc'><strong>.</strong></span> <span class='ocrx_word' id='word_1_244' title='bbox 2369 1859 2382 1867; x_wconf 87' lang='grc'><strong>.</strong></span> <span class='ocrx_word' id='word_1_245' title='bbox 2478 1858 2491 1867; x_wconf 89' lang='grc'><strong>.</strong></span> <span class='ocrx_word' id='word_1_246' title='bbox 2652 1862 2678 1867; x_wconf 74' lang='lat'>_</span> <span class='ocrx_word' id='word_1_247' title='bbox 2810 1860 2836 1867; x_wconf 78' lang='lat'><strong><em>_</em></strong></span> <span class='ocrx_word' id='word_1_248' title='bbox 2966 1860 2989 1867; x_wconf 81' lang='lat'><strong><em>_</em></strong></span> <span class='ocrx_word' id='word_1_249' title='bbox 3057 1853 3069 1867; x_wconf 87' lang='lat'>.</span> <span class='ocrx_word' id='word_1_250' title='bbox 3157 1858 3182 1867; x_wconf 84' lang='grc'>-</span> <span class='ocrx_word' id='word_1_251' title='bbox 3253 1856 3297 1867; x_wconf 84' lang='lat'>..</span> <span class='ocrx_word' id='word_1_252' title='bbox 3466 1858 3491 1867; x_wconf 87' lang='grc'>..</span> <span class='ocrx_word' id='word_1_253' title='bbox 3556 1850 3580 1867; x_wconf 69' lang='grc' dir='ltr'>ε.</span> <span class='ocrx_word' id='word_1_254' title='bbox 3667 1855 3677 1867; x_wconf 89' lang='grc'>,</span> 
     </span>
    </p>
   </div>
   <div class='ocr_carea' id='block_1_36' title="bbox 374 1860 2021 1933">
    <p class='ocr_par' dir='ltr' id='par_1_36' title="bbox 374 1860 2021 1933">
     <span class='ocr_line' id='line_1_37' title="bbox 374 1860 2021 1933; baseline 0.001 -18"><span class='ocrx_word' id='word_1_255' title='bbox 374 1877 509 1916; x_wconf 82' lang='lat' dir='ltr'>cum</span> <span class='ocrx_word' id='word_1_256' title='bbox 537 1860 646 1914; x_wconf 90' lang='lat' dir='ltr'>sim</span> <span class='ocrx_word' id='word_1_257' title='bbox 678 1864 835 1914; x_wconf 92' lang='lat' dir='ltr'>totus</span> <span class='ocrx_word' id='word_1_258' title='bbox 870 1861 1214 1915; x_wconf 89' lang='lat' dir='ltr'>vulneratus</span> <span class='ocrx_word' id='word_1_259' title='bbox 1245 1877 1279 1914; x_wconf 92' lang='lat' dir='ltr'>a</span> <span class='ocrx_word' id='word_1_260' title='bbox 1309 1862 1603 1931; x_wconf 88' lang='lat' dir='ltr'>prioribus</span> <span class='ocrx_word' id='word_1_261' title='bbox 1636 1862 1844 1933; x_wconf 86' lang='lat' dir='ltr'>plagis,</span> <span class='ocrx_word' id='word_1_262' title='bbox 1870 1860 2021 1916; x_wconf 89' lang='lat' dir='ltr'>alius</span> 
     </span>
    </p>
   </div>
   <div class='ocr_carea' id='block_1_37' title="bbox 377 1948 2025 2018">
    <p class='ocr_par' dir='ltr' id='par_1_37' title="bbox 377 1948 2025 2018">
     <span class='ocr_line' id='line_1_38' title="bbox 377 1948 2025 2018; baseline 0 -15"><span class='ocrx_word' id='word_1_263' title='bbox 377 1964 535 2003; x_wconf 91' lang='lat' dir='ltr'>nunc</span> <span class='ocrx_word' id='word_1_264' title='bbox 566 1964 838 2018; x_wconf 86' lang='lat' dir='ltr'>appareo,</span> <span class='ocrx_word' id='word_1_265' title='bbox 883 1964 952 2001; x_wconf 92' lang='lat' dir='ltr'>ne</span> <span class='ocrx_word' id='word_1_266' title='bbox 987 1948 1290 2003; x_wconf 88' lang='lat' dir='ltr'>minimam</span> <span class='ocrx_word' id='word_1_267' title='bbox 1325 1948 1559 2018; x_wconf 88' lang='lat' dir='ltr'>quidem</span> <span class='ocrx_word' id='word_1_268' title='bbox 1608 1954 1808 2004; x_wconf 92' lang='lat' dir='ltr'>notam</span> <span class='ocrx_word' id='word_1_269' title='bbox 1841 1949 1899 2003; x_wconf 93' lang='lat' dir='ltr'>in</span> <span class='ocrx_word' id='word_1_270' title='bbox 1934 1964 2025 2003; x_wconf 89' lang='lat' dir='ltr'>mo</span> 
     </span>
    </p>
   </div>
   <div class='ocr_carea' id='block_1_38' title="bbox 380 2036 2022 2101">
    <p class='ocr_par' dir='ltr' id='par_1_38' title="bbox 380 2036 2022 2101">
     <span class='ocr_line' id='line_1_39' title="bbox 380 2036 2022 2101; baseline 0.002 -10"><span class='ocrx_word' id='word_1_271' title='bbox 380 2037 593 2101; x_wconf 85' lang='lat' dir='ltr'>ferens,</span> <span class='ocrx_word' id='word_1_272' title='bbox 626 2036 840 2091; x_wconf 89' lang='lat' dir='ltr'>Christi</span> <span class='ocrx_word' id='word_1_273' title='bbox 875 2037 983 2091; x_wconf 88' lang='lat' dir='ltr'>mei</span> <span class='ocrx_word' id='word_1_274' title='bbox 1016 2036 1224 2091; x_wconf 90' lang='lat' dir='ltr'>virtute</span> <span class='ocrx_word' id='word_1_275' title='bbox 1276 2042 1534 2092; x_wconf 86' lang='lat' dir='ltr'>mutatus</span> <span class='ocrx_word' id='word_1_276' title='bbox 1580 2037 2022 2095; x_wconf 82' lang='lat' dir='ltr'>admirabiliter.</span> 
     </span>
    </p>
   </div>
   <div class='ocr_carea' id='block_1_39' title="bbox 459 2125 2025 2199">
    <p class='ocr_par' dir='ltr' id='par_1_39' title="bbox 459 2125 2025 2199">
     <span class='ocr_line' id='line_1_40' title="bbox 459 2125 2025 2199; baseline 0.002 -20"><span class='ocrx_word' id='word_1_277' title='bbox 459 2126 555 2181; x_wconf 75' lang='grc' dir='ltr'>[Χ.</span> <span class='ocrx_word' id='word_1_278' title='bbox 590 2125 687 2179; x_wconf 79' lang='lat' dir='ltr'>[iis</span> <span class='ocrx_word' id='word_1_279' title='bbox 719 2125 927 2191; x_wconf 83' lang='lat' dir='ltr'>verbis,</span> <span class='ocrx_word' id='word_1_280' title='bbox 964 2125 1142 2180; x_wconf 90' lang='lat' dir='ltr'>veluti</span> <span class='ocrx_word' id='word_1_281' title='bbox 1177 2126 1431 2197; x_wconf 90' lang='lat' dir='ltr'>quodam</span> <span class='ocrx_word' id='word_1_282' title='bbox 1481 2126 1740 2194; x_wconf 88' lang='lat' dir='ltr'>stimulo,</span> <span class='ocrx_word' id='word_1_283' title='bbox 1773 2135 2025 2199; x_wconf 88' lang='lat' dir='ltr'>punctus</span> 
     </span>
    </p>
   </div>
   <div class='ocr_carea' id='block_1_40' title="bbox 375 2213 2023 2285">
    <p class='ocr_par' dir='ltr' id='par_1_40' title="bbox 375 2213 2023 2285">
     <span class='ocr_line' id='line_1_41' title="bbox 375 2213 2023 2285; baseline 0.001 -17"><span class='ocrx_word' id='word_1_284' title='bbox 375 2213 581 2283; x_wconf 85' lang='lat' dir='ltr'>judex,</span> <span class='ocrx_word' id='word_1_285' title='bbox 606 2214 876 2268; x_wconf 67' lang='lat' dir='ltr'>saeviebat</span> <span class='ocrx_word' id='word_1_286' title='bbox 898 2214 956 2267; x_wconf 92' lang='lat' dir='ltr'>in</span> <span class='ocrx_word' id='word_1_287' title='bbox 983 2213 1304 2282; x_wconf 88' lang='lat' dir='ltr'>ministros,</span> <span class='ocrx_word' id='word_1_288' title='bbox 1329 2230 1433 2269; x_wconf 89' lang='lat' dir='ltr'>nec</span> <span class='ocrx_word' id='word_1_289' title='bbox 1463 2219 1689 2285; x_wconf 91' lang='lat' dir='ltr'>poterat</span> <span class='ocrx_word' id='word_1_290' title='bbox 1718 2216 2023 2270; x_wconf 89' lang='lat' dir='ltr'>contineri.</span> 
     </span>
    </p>
   </div>
   <div class='ocr_carea' id='block_1_41' title="bbox 382 2301 2025 2375">
    <p class='ocr_par' dir='ltr' id='par_1_41' title="bbox 382 2301 2025 2375">
     <span class='ocr_line' id='line_1_42' title="bbox 382 2301 2025 2375; baseline 0.002 -20"><span class='ocrx_word' id='word_1_291' title='bbox 382 2302 769 2357; x_wconf 86' lang='lat' dir='ltr'>Existimabat</span> <span class='ocrx_word' id='word_1_292' title='bbox 802 2301 955 2357; x_wconf 91' lang='lat' dir='ltr'>enim</span> <span class='ocrx_word' id='word_1_293' title='bbox 988 2301 1265 2369; x_wconf 91' lang='lat' dir='ltr'>medicos,</span> <span class='ocrx_word' id='word_1_294' title='bbox 1300 2302 1543 2359; x_wconf 88' lang='lat' dir='ltr'>latenter</span> <span class='ocrx_word' id='word_1_295' title='bbox 1576 2303 1891 2375; x_wconf 87' lang='lat' dir='ltr'>ingressos,</span> <span class='ocrx_word' id='word_1_296' title='bbox 1927 2321 2025 2359; x_wconf 92' lang='lat' dir='ltr'>cu-</span> 
     </span>
    </p>
   </div>
   <div class='ocr_carea' id='block_1_42' title="bbox 384 2390 2029 2463">
    <p class='ocr_par' dir='ltr' id='par_1_42' title="bbox 384 2390 2029 2463">
     <span class='ocr_line' id='line_1_43' title="bbox 384 2390 2029 2463; baseline 0.001 -18"><span class='ocrx_word' id='word_1_297' title='bbox 384 2406 512 2445; x_wconf 90' lang='lat' dir='ltr'>ram</span> <span class='ocrx_word' id='word_1_298' title='bbox 565 2390 818 2461; x_wconf 86' lang='lat' dir='ltr'>gessisse</span> <span class='ocrx_word' id='word_1_299' title='bbox 869 2394 1212 2462; x_wconf 79' lang='lat' dir='ltr'>martyrum.</span> <span class='ocrx_word' id='word_1_300' title='bbox 1249 2391 1398 2462; x_wconf 90' lang='lat' dir='ltr'>Ipsis</span> <span class='ocrx_word' id='word_1_301' title='bbox 1444 2400 1637 2446; x_wconf 90' lang='lat' dir='ltr'>autem</span> <span class='ocrx_word' id='word_1_302' title='bbox 1683 2409 1790 2447; x_wconf 88' lang='lat' dir='ltr'>sua</span> <span class='ocrx_word' id='word_1_303' title='bbox 1838 2394 2029 2463; x_wconf 90' lang='lat' dir='ltr'>capita</span> 
     </span>
    </p>
   </div>
   <div class='ocr_carea' id='block_1_43' title="bbox 390 2478 2029 2550">
    <p class='ocr_par' dir='ltr' id='par_1_43' title="bbox 390 2478 2029 2550">
     <span class='ocr_line' id='line_1_44' title="bbox 390 2478 2029 2550; baseline 0.002 -18"><span class='ocrx_word' id='word_1_304' title='bbox 390 2478 743 2549; x_wconf 84' lang='lat' dir='ltr'>amputanda</span> <span class='ocrx_word' id='word_1_305' title='bbox 767 2480 1219 2549; x_wconf 88' lang='lat' dir='ltr'>porrigentibus,</span> <span class='ocrx_word' id='word_1_306' title='bbox 1244 2481 1291 2535; x_wconf 88' lang='lat' dir='ltr'>si</span> <span class='ocrx_word' id='word_1_307' title='bbox 1316 2480 1456 2550; x_wconf 89' lang='lat' dir='ltr'>quid</span> <span class='ocrx_word' id='word_1_308' title='bbox 1480 2482 1594 2536; x_wconf 88' lang='lat' dir='ltr'>tale</span> <span class='ocrx_word' id='word_1_309' title='bbox 1617 2482 1831 2537; x_wconf 85' lang='lat' dir='ltr'>factum</span> <span class='ocrx_word' id='word_1_310' title='bbox 1856 2482 2029 2536; x_wconf 85' lang='lat' dir='ltr'>fuerit</span> 
     </span>
    </p>
   </div>
   <div class='ocr_carea' id='block_1_44' title="bbox 385 2568 2025 2637">
    <p class='ocr_par' dir='ltr' id='par_1_44' title="bbox 385 2568 2025 2637">
     <span class='ocr_line' id='line_1_45' title="bbox 385 2568 2025 2637; baseline 0.001 -14"><span class='ocrx_word' id='word_1_311' title='bbox 385 2568 832 2637; x_wconf 89' lang='lat' dir='ltr'>deprehensum,</span> <span class='ocrx_word' id='word_1_312' title='bbox 867 2568 1101 2624; x_wconf 90' lang='lat' dir='ltr'>illorum</span> <span class='ocrx_word' id='word_1_313' title='bbox 1150 2570 1547 2625; x_wconf 85' lang='lat' dir='ltr'>defensionem</span> <span class='ocrx_word' id='word_1_314' title='bbox 1590 2570 1904 2626; x_wconf 87' lang='lat' dir='ltr'>arbitratus</span> <span class='ocrx_word' id='word_1_315' title='bbox 1934 2572 2025 2626; x_wconf 89' lang='lat' dir='ltr'>sui</span> 
     </span>
    </p>
   </div>
   <div class='ocr_carea' id='block_1_45' title="bbox 391 2656 2025 2729">
    <p class='ocr_par' dir='ltr' id='par_1_45' title="bbox 391 2656 2025 2729">
     <span class='ocr_line' id='line_1_46' title="bbox 391 2656 2025 2729; baseline 0.002 -18"><span class='ocrx_word' id='word_1_316' title='bbox 391 2656 1046 2726; x_wconf 86' lang='lat' dir='ltr'>accusationem,judex</span> <span class='ocrx_word' id='word_1_317' title='bbox 1076 2657 1312 2727; x_wconf 86' lang='lat' dir='ltr'>gravius</span> <span class='ocrx_word' id='word_1_318' title='bbox 1335 2660 1672 2729; x_wconf 88' lang='lat' dir='ltr'>angebatur,</span> <span class='ocrx_word' id='word_1_319' title='bbox 1698 2675 1812 2713; x_wconf 92' lang='lat' dir='ltr'>non</span> <span class='ocrx_word' id='word_1_320' title='bbox 1836 2660 2025 2714; x_wconf 79' lang='lat' dir='ltr'>ferens</span> 
     </span>
    </p>
   </div>
   <div class='ocr_carea' id='block_1_46' title="bbox 384 2738 2029 2817">
    <p class='ocr_par' dir='ltr' id='par_1_46' title="bbox 384 2738 2029 2817">
     <span class='ocr_line' id='line_1_47' title="bbox 384 2738 2029 2817; baseline 0.001 -17"><span class='ocrx_word' id='word_1_321' title='bbox 384 2746 582 2800; x_wconf 88' lang='lat' dir='ltr'>videre</span> <span class='ocrx_word' id='word_1_322' title='bbox 616 2744 725 2800; x_wconf 79' lang='lat' dir='ltr'>vim</span> <span class='ocrx_word' id='word_1_323' title='bbox 759 2745 1035 2813; x_wconf 84' lang='lat' dir='ltr'>veritatis,</span> <span class='ocrx_word' id='word_1_324' title='bbox 1064 2746 1154 2799; x_wconf 91' lang='lat' dir='ltr'>cui</span> <span class='ocrx_word' id='word_1_325' title='bbox 1185 2738 1299 2817; x_wconf 82' lang='lat' dir='ltr'>ipsi</span> <span class='ocrx_word' id='word_1_326' title='bbox 1327 2747 1546 2801; x_wconf 90' lang='lat' dir='ltr'>inimici</span> <span class='ocrx_word' id='word_1_327' title='bbox 1582 2748 1841 2802; x_wconf 85' lang='lat' dir='ltr'>ferebant</span> <span class='ocrx_word' id='word_1_328' title='bbox 1872 2747 2029 2803; x_wconf 84' lang='lat' dir='ltr'>testi-</span> 
     </span>
    </p>
   </div>
   <div class='ocr_carea' id='block_1_47' title="bbox 388 2833 2029 2907">
    <p class='ocr_par' dir='ltr' id='par_1_47' title="bbox 388 2833 2029 2907">
     <span class='ocr_line' id='line_1_48' title="bbox 388 2833 2029 2907; baseline 0.002 -19"><span class='ocrx_word' id='word_1_329' title='bbox 388 2834 674 2889; x_wconf 92' lang='lat' dir='ltr'>monium.</span> <span class='ocrx_word' id='word_1_330' title='bbox 700 2834 1085 2898; x_wconf 87' lang='lat' dir='ltr'>Quamobrem</span> <span class='ocrx_word' id='word_1_331' title='bbox 1117 2833 1177 2889; x_wconf 92' lang='lat' dir='ltr'>in</span> <span class='ocrx_word' id='word_1_332' title='bbox 1210 2834 1395 2889; x_wconf 90' lang='lat' dir='ltr'>minas</span> <span class='ocrx_word' id='word_1_333' title='bbox 1426 2835 1701 2891; x_wconf 90' lang='lat' dir='ltr'>desinens</span> <span class='ocrx_word' id='word_1_334' title='bbox 1731 2836 1905 2907; x_wconf 93' lang='lat' dir='ltr'>(quod</span> <span class='ocrx_word' id='word_1_335' title='bbox 1941 2853 2029 2891; x_wconf 89' lang='lat' dir='ltr'>so-</span> 
     </span>
    </p>
   </div>
   <div class='ocr_carea' id='block_1_48' title="bbox 389 2922 2027 2995">
    <p class='ocr_par' dir='ltr' id='par_1_48' title="bbox 389 2922 2027 2995">
     <span class='ocr_line' id='line_1_49' title="bbox 389 2922 2027 2995; baseline 0.002 -19"><span class='ocrx_word' id='word_1_336' title='bbox 389 2923 511 2976; x_wconf 90' lang='lat' dir='ltr'>lum</span> <span class='ocrx_word' id='word_1_337' title='bbox 535 2922 670 2993; x_wconf 92' lang='lat' dir='ltr'>quid</span> <span class='ocrx_word' id='word_1_338' title='bbox 694 2929 864 2990; x_wconf 90' lang='lat' dir='ltr'>agant</span> <span class='ocrx_word' id='word_1_339' title='bbox 886 2923 1277 2978; x_wconf 89' lang='lat' dir='ltr'>nescientibus</span> <span class='ocrx_word' id='word_1_340' title='bbox 1299 2923 1644 2994; x_wconf 88' lang='lat' dir='ltr'>relinquitur</span> <span class='ocrx_word' id='word_1_341' title='bbox 1661 2925 2027 2995; x_wconf 77' lang='lat' dir='ltr'>confugium),</span> 
     </span>
    </p>
   </div>
   <div class='ocr_carea' id='block_1_49' title="bbox 381 3010 2027 3083">
    <p class='ocr_par' dir='ltr' id='par_1_49' title="bbox 381 3010 2027 3083">
     <span class='ocr_line' id='line_1_50' title="bbox 381 3010 2027 3083; baseline 0.004 -20"><span class='ocrx_word' id='word_1_342' title='bbox 381 3010 553 3080; x_wconf 86' lang='lat' dir='ltr'>jubet</span> <span class='ocrx_word' id='word_1_343' title='bbox 582 3026 715 3066; x_wconf 92' lang='lat' dir='ltr'>eum</span> <span class='ocrx_word' id='word_1_344' title='bbox 746 3010 957 3080; x_wconf 85' lang='lat' dir='ltr'>conjici</span> <span class='ocrx_word' id='word_1_345' title='bbox 987 3010 1047 3065; x_wconf 92' lang='lat' dir='ltr'>in</span> <span class='ocrx_word' id='word_1_346' title='bbox 1071 3027 1382 3078; x_wconf 88' lang='lat' dir='ltr'>carcerem,</span> <span class='ocrx_word' id='word_1_347' title='bbox 1408 3011 1698 3083; x_wconf 87' lang='lat' dir='ltr'>reliquum</span> <span class='ocrx_word' id='word_1_348' title='bbox 1733 3018 2027 3069; x_wconf 85' lang='lat' dir='ltr'>certamen</span> 
     </span>
    </p>
   </div>
   <div class='ocr_carea' id='block_1_50' title="bbox 391 3100 2031 3175">
    <p class='ocr_par' dir='ltr' id='par_1_50' title="bbox 391 3100 2031 3175">
     <span class='ocr_line' id='line_1_51' title="bbox 391 3100 2031 3175; baseline 0.003 -22"><span class='ocrx_word' id='word_1_349' title='bbox 391 3115 694 3155; x_wconf 85' lang='lat' dir='ltr'>reservans</span> <span class='ocrx_word' id='word_1_350' title='bbox 727 3100 783 3154; x_wconf 92' lang='lat' dir='ltr'>in</span> <span class='ocrx_word' id='word_1_351' title='bbox 816 3100 969 3156; x_wconf 92' lang='lat' dir='ltr'>diem</span> <span class='ocrx_word' id='word_1_352' title='bbox 1019 3110 1380 3172; x_wconf 86' lang='lat' dir='ltr'>sequentem.</span> <span class='ocrx_word' id='word_1_353' title='bbox 1415 3102 1689 3165; x_wconf 63' lang='lat' dir='ltr'>Quasnam</span> <span class='ocrx_word' id='word_1_354' title='bbox 1723 3119 1858 3175; x_wconf 89' lang='lat' dir='ltr'>ergo</span> <span class='ocrx_word' id='word_1_355' title='bbox 1892 3108 2031 3158; x_wconf 91' lang='lat' dir='ltr'>sunt</span> 
     </span>
    </p>
   </div>
   <div class='ocr_carea' id='block_1_51' title="bbox 2134 1850 3781 1938">
    <p class='ocr_par' dir='ltr' id='par_1_51' title="bbox 2134 1850 3781 1938">
     <span class='ocr_line' id='line_1_52' title="bbox 2134 1850 3781 1938; baseline -0.006 -22"><span class='ocrx_word' id='word_1_356' title='bbox 2134 1861 2308 1938; x_wconf 78' lang='grc' dir='ltr'>φέρων</span> <span class='ocrx_word' id='word_1_357' title='bbox 2365 1859 2415 1915; x_wconf 80' lang='grc' dir='ltr'>ἐν</span> <span class='ocrx_word' id='word_1_358' title='bbox 2474 1858 2713 1931; x_wconf 81' lang='grc' dir='ltr'>ἐμαυτῷ,</span> <span class='ocrx_word' id='word_1_359' title='bbox 2771 1860 2840 1930; x_wconf 76' lang='grc' dir='ltr'>τῇ</span> <span class='ocrx_word' id='word_1_360' title='bbox 2897 1860 2993 1910; x_wconf 79' lang='grc' dir='ltr'>τοῦ</span> <span class='ocrx_word' id='word_1_361' title='bbox 3052 1853 3186 1926; x_wconf 76' lang='grc' dir='ltr'>ἐμοῦ</span> <span class='ocrx_word' id='word_1_362' title='bbox 3252 1856 3495 1928; x_wconf 73' lang='grc' dir='ltr'>Χριστοῦ</span> <span class='ocrx_word' id='word_1_363' title='bbox 3554 1850 3781 1925; x_wconf 82' lang='grc' dir='ltr'>δυνάμει</span> 
     </span>
    </p>
   </div>
   <div class='ocr_carea' id='block_1_52' title="bbox 2134 1943 2872 2024">
    <p class='ocr_par' dir='ltr' id='par_1_52' title="bbox 2134 1943 2872 2024">
     <span class='ocr_line' id='line_1_53' title="bbox 2134 1943 2872 2024; baseline -0.003 -19"><span class='ocrx_word' id='word_1_364' title='bbox 2134 1948 2455 2024; x_wconf 75' lang='grc' dir='ltr'>παραδόξως</span> <span class='ocrx_word' id='word_1_365' title='bbox 2488 1943 2872 2022; x_wconf 72' lang='grc' dir='ltr'>μεταϐληθεὶς.</span> 
     </span>
    </p>
   </div>
   <div class='ocr_carea' id='block_1_53' title="bbox 2206 2120 3782 2199">
    <p class='ocr_par' dir='ltr' id='par_1_53' title="bbox 2206 2120 3782 2199">
     <span class='ocr_line' id='line_1_54' title="bbox 2206 2120 3782 2199; baseline -0.006 -16"><span class='ocrx_word' id='word_1_366' title='bbox 2206 2130 2278 2185; x_wconf 80' lang='lat'>8&#39;.</span> <span class='ocrx_word' id='word_1_367' title='bbox 2324 2127 2555 2188; x_wconf 77' lang='grc' dir='ltr'>Τούτοις</span> <span class='ocrx_word' id='word_1_368' title='bbox 2606 2132 2725 2187; x_wconf 87' lang='grc' dir='ltr'>τοῖς</span> <span class='ocrx_word' id='word_1_369' title='bbox 2775 2126 3014 2199; x_wconf 82' lang='grc' dir='ltr'>ῥήμασιν</span> <span class='ocrx_word' id='word_1_370' title='bbox 3065 2122 3233 2179; x_wconf 80' lang='grc' dir='ltr'>οἱονεὶ</span> <span class='ocrx_word' id='word_1_371' title='bbox 3290 2123 3494 2195; x_wconf 85' lang='grc' dir='ltr'>κέντρῳ</span> <span class='ocrx_word' id='word_1_372' title='bbox 3542 2120 3782 2194; x_wconf 84' lang='grc' dir='ltr'>πληγεὶς</span> 
     </span>
    </p>
   </div>
   <div class='ocr_carea' id='block_1_54' title="bbox 2136 2209 3782 2290">
    <p class='ocr_par' dir='ltr' id='par_1_54' title="bbox 2136 2209 3782 2290">
     <span class='ocr_line' id='line_1_55' title="bbox 2136 2209 3782 2290; baseline -0.006 -18"><span class='ocrx_word' id='word_1_373' title='bbox 2136 2220 2164 2272; x_wconf 87' lang='grc' dir='ltr'>ὁ</span> <span class='ocrx_word' id='word_1_374' title='bbox 2196 2215 2453 2287; x_wconf 76' lang='grc' dir='ltr'>δικάζων,</span> <span class='ocrx_word' id='word_1_375' title='bbox 2486 2215 2730 2290; x_wconf 85' lang='grc' dir='ltr'>χαλεπὸς</span> <span class='ocrx_word' id='word_1_376' title='bbox 2761 2216 2827 2283; x_wconf 75' lang='grc' dir='ltr'>ἦν</span> <span class='ocrx_word' id='word_1_377' title='bbox 2856 2216 2994 2269; x_wconf 75' lang='grc' dir='ltr'>κατά</span> <span class='ocrx_word' id='word_1_378' title='bbox 3021 2218 3129 2269; x_wconf 90' lang='grc' dir='ltr'>τῶν</span> <span class='ocrx_word' id='word_1_379' title='bbox 3162 2211 3640 2285; x_wconf 66' lang='grc' dir='ltr'>ὑπηρετουμένων,</span> <span class='ocrx_word' id='word_1_380' title='bbox 3690 2209 3782 2264; x_wconf 80' lang='grc' dir='ltr'>καὶ</span> 
     </span>
    </p>
   </div>
   <div class='ocr_carea' id='block_1_55' title="bbox 2135 2296 3785 2376">
    <p class='ocr_par' dir='ltr' id='par_1_55' title="bbox 2135 2296 3785 2376">
     <span class='ocr_line' id='line_1_56' title="bbox 2135 2296 3785 2376; baseline -0.004 -17"><span class='ocrx_word' id='word_1_381' title='bbox 2135 2308 2330 2375; x_wconf 63' lang='grc' dir='ltr'>ἥκιστα</span> <span class='ocrx_word' id='word_1_382' title='bbox 2376 2307 2654 2361; x_wconf 76' lang='grc' dir='ltr'>καθεκτὸς.</span> <span class='ocrx_word' id='word_1_383' title='bbox 2726 2303 2977 2376; x_wconf 85' lang='grc' dir='ltr'>Ἐνόμισε</span> <span class='ocrx_word' id='word_1_384' title='bbox 3032 2303 3136 2376; x_wconf 83' lang='grc' dir='ltr'>γὰρ</span> <span class='ocrx_word' id='word_1_385' title='bbox 3188 2301 3385 2375; x_wconf 79' lang='grc' dir='ltr'>ἰατρῶν</span> <span class='ocrx_word' id='word_1_386' title='bbox 3440 2296 3638 2361; x_wconf 82' lang='grc' dir='ltr'>παῖδας</span> <span class='ocrx_word' id='word_1_387' title='bbox 3686 2297 3785 2353; x_wconf 90' lang='grc' dir='ltr'>λε-</span> 
     </span>
    </p>
   </div>
   <div class='ocr_carea' id='block_1_56' title="bbox 2138 2387 3786 2465">
    <p class='ocr_par' dir='ltr' id='par_1_56' title="bbox 2138 2387 3786 2465">
     <span class='ocr_line' id='line_1_57' title="bbox 2138 2387 3786 2465; baseline -0.007 -15"><span class='ocrx_word' id='word_1_388' title='bbox 2138 2395 2391 2465; x_wconf 85' lang='grc' dir='ltr'>ληθότως</span> <span class='ocrx_word' id='word_1_389' title='bbox 2479 2392 2894 2452; x_wconf 88' lang='grc' dir='ltr'>ὑπεισελθὸντας</span> <span class='ocrx_word' id='word_1_390' title='bbox 2975 2388 3289 2462; x_wconf 80' lang='grc' dir='ltr'>ἐπιμελείας</span> <span class='ocrx_word' id='word_1_391' title='bbox 3373 2387 3600 2457; x_wconf 83' lang='grc' dir='ltr'>ἀξιῶσαι</span> <span class='ocrx_word' id='word_1_392' title='bbox 3655 2389 3786 2450; x_wconf 75' lang='grc' dir='ltr'>τοὺς</span> 
     </span>
    </p>
   </div>
   <div class='ocr_carea' id='block_1_57' title="bbox 2140 2478 3783 2559">
    <p class='ocr_par' dir='ltr' id='par_1_57' title="bbox 2140 2478 3783 2559">
     <span class='ocr_line' id='line_1_58' title="bbox 2140 2478 3783 2559; baseline -0.005 -21"><span class='ocrx_word' id='word_1_393' title='bbox 2140 2486 2435 2559; x_wconf 85' lang='grc' dir='ltr'>μάρτυρας,</span> <span class='ocrx_word' id='word_1_394' title='bbox 2482 2481 2659 2537; x_wconf 79' lang='grc' dir='ltr'>αὑτῶν</span> <span class='ocrx_word' id='word_1_395' title='bbox 2710 2480 2767 2536; x_wconf 77' lang='grc' dir='ltr'>δὲ</span> <span class='ocrx_word' id='word_1_396' title='bbox 2814 2483 2908 2541; x_wconf 76' lang='grc' dir='ltr'>τὰς</span> <span class='ocrx_word' id='word_1_397' title='bbox 2958 2478 3197 2557; x_wconf 72' lang='grc' dir='ltr'>κεφαλὰς</span> <span class='ocrx_word' id='word_1_398' title='bbox 3248 2482 3315 2552; x_wconf 80' lang='grc' dir='ltr'>τῇ</span> <span class='ocrx_word' id='word_1_399' title='bbox 3364 2480 3511 2550; x_wconf 77' lang='grc' dir='ltr'>τομῇ</span> <span class='ocrx_word' id='word_1_400' title='bbox 3559 2497 3783 2552; x_wconf 82' lang='grc' dir='ltr'>προτει-</span> 
     </span>
    </p>
   </div>
   <div class='ocr_carea' id='block_1_58' title="bbox 2137 2567 3784 2643">
    <p class='ocr_par' dir='ltr' id='par_1_58' title="bbox 2137 2567 3784 2643">
     <span class='ocr_line' id='line_1_59' title="bbox 2137 2567 3784 2643; baseline -0.004 -18"><span class='ocrx_word' id='word_1_401' title='bbox 2137 2572 2366 2637; x_wconf 76' lang='grc' dir='ltr'>νόντων,</span> <span class='ocrx_word' id='word_1_402' title='bbox 2423 2569 2475 2622; x_wconf 80' lang='grc' dir='ltr'>εἶ’</span> <span class='ocrx_word' id='word_1_403' title='bbox 2533 2589 2586 2622; x_wconf 93' lang='grc' dir='ltr'>τι</span> <span class='ocrx_word' id='word_1_404' title='bbox 2642 2571 2891 2621; x_wconf 75' lang='grc' dir='ltr'>τοιοῦτον</span> <span class='ocrx_word' id='word_1_405' title='bbox 2952 2569 3240 2643; x_wconf 88' lang='grc' dir='ltr'>γενόμενον</span> <span class='ocrx_word' id='word_1_406' title='bbox 3320 2567 3623 2642; x_wconf 67' lang='grc' dir='ltr'>φωραθείη,</span> <span class='ocrx_word' id='word_1_407' title='bbox 3680 2568 3784 2633; x_wconf 76' lang='grc' dir='ltr'>τὴν</span> 
     </span>
    </p>
   </div>
   <div class='ocr_carea' id='block_1_59' title="bbox 2136 2654 3783 2731">
    <p class='ocr_par' dir='ltr' id='par_1_59' title="bbox 2136 2654 3783 2731">
     <span class='ocr_line' id='line_1_60' title="bbox 2136 2654 3783 2731; baseline -0.004 -17"><span class='ocrx_word' id='word_1_408' title='bbox 2136 2660 2353 2714; x_wconf 77' lang='grc' dir='ltr'>ἐκείνων</span> <span class='ocrx_word' id='word_1_409' title='bbox 2410 2654 2728 2731; x_wconf 86' lang='grc' dir='ltr'>ἀπολογίαν,</span> <span class='ocrx_word' id='word_1_410' title='bbox 2787 2657 3118 2730; x_wconf 80' lang='grc' dir='ltr'>κατηγορίαν</span> <span class='ocrx_word' id='word_1_411' title='bbox 3198 2658 3397 2710; x_wconf 64' lang='grc' dir='ltr'>ἑαυτοῦ</span> <span class='ocrx_word' id='word_1_412' title='bbox 3467 2655 3695 2727; x_wconf 77' lang='grc' dir='ltr'>ν)μίσας</span> <span class='ocrx_word' id='word_1_413' title='bbox 3756 2655 3783 2708; x_wconf 86' lang='grc' dir='ltr'><strong>ὁ</strong></span> 
     </span>
    </p>
   </div>
   <div class='ocr_carea' id='block_1_60' title="bbox 2137 2743 3785 2818">
    <p class='ocr_par' dir='ltr' id='par_1_60' title="bbox 2137 2743 3785 2818">
     <span class='ocr_line' id='line_1_61' title="bbox 2137 2743 3785 2818; baseline -0.004 -15"><span class='ocrx_word' id='word_1_414' title='bbox 2137 2746 2419 2815; x_wconf 72' lang='grc' dir='ltr'>δικαστής,</span> <span class='ocrx_word' id='word_1_415' title='bbox 2480 2744 2669 2809; x_wconf 84' lang='grc' dir='ltr'>δεινῶς</span> <span class='ocrx_word' id='word_1_416' title='bbox 2722 2747 2943 2816; x_wconf 81' lang='grc' dir='ltr'>ἠνιᾶτο,</span> <span class='ocrx_word' id='word_1_417' title='bbox 2995 2748 3093 2814; x_wconf 73' lang='grc' dir='ltr'>τὴν</span> <span class='ocrx_word' id='word_1_418' title='bbox 3159 2746 3321 2818; x_wconf 79' lang='grc' dir='ltr'>ἰσχὺυ</span> <span class='ocrx_word' id='word_1_419' title='bbox 3378 2752 3477 2813; x_wconf 78' lang='grc' dir='ltr'>τῆς</span> <span class='ocrx_word' id='word_1_420' title='bbox 3530 2743 3785 2813; x_wconf 78' lang='grc' dir='ltr'>ἀληθείας</span> 
     </span>
    </p>
   </div>
   <div class='ocr_carea' id='block_1_61' title="bbox 2139 2833 3783 2911">
    <p class='ocr_par' dir='ltr' id='par_1_61' title="bbox 2139 2833 3783 2911">
     <span class='ocr_line' id='line_1_62' title="bbox 2139 2833 3783 2911; baseline -0.002 -19"><span class='ocrx_word' id='word_1_421' title='bbox 2139 2837 2241 2893; x_wconf 85' lang='grc' dir='ltr'>ὑπὸ</span> <span class='ocrx_word' id='word_1_422' title='bbox 2306 2843 2414 2890; x_wconf 88' lang='grc' dir='ltr'>τῶν</span> <span class='ocrx_word' id='word_1_423' title='bbox 2472 2836 2681 2911; x_wconf 78' lang='grc' dir='ltr'>ἐχθρῶν</span> <span class='ocrx_word' id='word_1_424' title='bbox 2741 2833 3212 2909; x_wconf 73' lang='grc' dir='ltr'>’μαρτυρουμένην</span> <span class='ocrx_word' id='word_1_425' title='bbox 3271 2834 3337 2888; x_wconf 86' lang='grc' dir='ltr'>οὑ</span> <span class='ocrx_word' id='word_1_426' title='bbox 3394 2833 3569 2910; x_wconf 80' lang='grc' dir='ltr'>φέρων</span> <span class='ocrx_word' id='word_1_427' title='bbox 3632 2834 3783 2906; x_wconf 78' lang='grc' dir='ltr'>ὁρᾷν.</span> 
     </span>
    </p>
   </div>
   <div class='ocr_carea' id='block_1_62' title="bbox 2136 2920 3779 2996">
    <p class='ocr_par' dir='ltr' id='par_1_62' title="bbox 2136 2920 3779 2996">
     <span class='ocr_line' id='line_1_63' title="bbox 2136 2920 3779 2996; baseline -0.005 -14"><span class='ocrx_word' id='word_1_428' title='bbox 2136 2928 2292 2983; x_wconf 75' lang='grc' dir='ltr'>’Ὸθεν</span> <span class='ocrx_word' id='word_1_429' title='bbox 2333 2925 2407 2986; x_wconf 80' lang='grc' dir='ltr'>εἰς</span> <span class='ocrx_word' id='word_1_430' title='bbox 2467 2924 2695 2987; x_wconf 83' lang='grc' dir='ltr'>ἀπειλὰς</span> <span class='ocrx_word' id='word_1_431' title='bbox 2750 2926 3059 2994; x_wconf 76' lang='grc' dir='ltr'>καταλήξας</span> <span class='ocrx_word' id='word_1_432' title='bbox 3117 2924 3240 2996; x_wconf 71' lang='grc' dir='ltr'>(τὴν</span> <span class='ocrx_word' id='word_1_433' title='bbox 3301 2920 3779 2995; x_wconf 69' lang='grc' dir='ltr'>ὑπολελειμμένην</span> 
     </span>
    </p>
   </div>
   <div class='ocr_carea' id='block_1_63' title="bbox 2144 3008 3779 3087">
    <p class='ocr_par' dir='ltr' id='par_1_63' title="bbox 2144 3008 3779 3087">
     <span class='ocr_line' id='line_1_64' title="bbox 2144 3008 3779 3087; baseline -0.004 -19"><span class='ocrx_word' id='word_1_434' title='bbox 2144 3015 2313 3087; x_wconf 88' lang='grc' dir='ltr'>μόνην</span> <span class='ocrx_word' id='word_1_435' title='bbox 2383 3019 2501 3074; x_wconf 79' lang='grc' dir='ltr'>τοῖς</span> <span class='ocrx_word' id='word_1_436' title='bbox 2568 3012 2830 3085; x_wconf 82' lang='grc' dir='ltr'>ἀποροῦσι</span> <span class='ocrx_word' id='word_1_437' title='bbox 2903 3012 3203 3086; x_wconf 72' lang='grc' dir='ltr'>βοήθειαν),</span> <span class='ocrx_word' id='word_1_438' title='bbox 3268 3015 3347 3081; x_wconf 78' lang='grc' dir='ltr'>τῷ</span> <span class='ocrx_word' id='word_1_439' title='bbox 3421 3008 3779 3083; x_wconf 77' lang='grc' dir='ltr'>δεσμωτηρίῳ</span> 
     </span>
    </p>
   </div>
   <div class='ocr_carea' id='block_1_64' title="bbox 2139 3098 3786 3175">
    <p class='ocr_par' dir='ltr' id='par_1_64' title="bbox 2139 3098 3786 3175">
     <span class='ocr_line' id='line_1_65' title="bbox 2139 3098 3786 3175; baseline -0.004 -19"><span class='ocrx_word' id='word_1_440' title='bbox 2139 3101 2347 3157; x_wconf 81' lang='grc' dir='ltr'>κελεύει</span> <span class='ocrx_word' id='word_1_441' title='bbox 2397 3102 2487 3156; x_wconf 78' lang='grc' dir='ltr'>καὶ</span> <span class='ocrx_word' id='word_1_442' title='bbox 2536 3105 2728 3155; x_wconf 81' lang='grc' dir='ltr'>τοῦτον</span> <span class='ocrx_word' id='word_1_443' title='bbox 2775 3100 3247 3175; x_wconf 82' lang='grc' dir='ltr'>ἐγκαθειρχθῆναι,</span> <span class='ocrx_word' id='word_1_444' title='bbox 3298 3102 3367 3172; x_wconf 76' lang='grc' dir='ltr'>τῇ</span> <span class='ocrx_word' id='word_1_445' title='bbox 3420 3098 3674 3171; x_wconf 77' lang='grc' dir='ltr'>ὑστεραίᾳ</span> <span class='ocrx_word' id='word_1_446' title='bbox 3722 3099 3786 3151; x_wconf 72' lang='grc' dir='ltr'>τὰ</span> 
     </span>
    </p>
   </div>
   <div class='ocr_carea' id='block_1_65' title="bbox 392 3168 2024 3266">
    <p class='ocr_par' dir='ltr' id='par_1_65' title="bbox 392 3168 2024 3262">
     <span class='ocr_line' id='line_1_66' title="bbox 392 3168 2024 3262; baseline 0.004 -20"><span class='ocrx_word' id='word_1_447' title='bbox 392 3188 666 3259; x_wconf 87' lang='lat' dir='ltr'>deinceps</span> <span class='ocrx_word' id='word_1_448' title='bbox 725 3196 1033 3244; x_wconf 88' lang='lat' dir='ltr'>consecuta</span> <span class='ocrx_word' id='word_1_449' title='bbox 1064 3168 1544 3262; x_wconf 46' lang='lat' dir='ltr'>‘fCongregatur</span> <span class='ocrx_word' id='word_1_450' title='bbox 1606 3168 1820 3247; x_wconf 69' lang='lat' dir='ltr'>rursus</span> <span class='ocrx_word' id='word_1_451' title='bbox 1870 3193 2024 3248; x_wconf 90' lang='lat' dir='ltr'>aliud</span> 
     </span>
    </p>
   </div>
   <div class='ocr_carea' id='block_1_66' title="bbox 2137 3168 3787 3266">
    <p class='ocr_par' dir='ltr' id='par_1_66' title="bbox 2143 3186 3787 3266">
     <span class='ocr_line' id='line_1_67' title="bbox 2143 3186 3787 3266; baseline -0.002 -21"><span class='ocrx_word' id='word_1_452' title='bbox 2143 3190 2311 3246; x_wconf 83' lang='grc' dir='ltr'>λοιπᾶ</span> <span class='ocrx_word' id='word_1_453' title='bbox 2341 3196 2437 3245; x_wconf 76' lang='grc' dir='ltr'>τοῦ</span> <span class='ocrx_word' id='word_1_454' title='bbox 2476 3191 2682 3266; x_wconf 86' lang='grc' dir='ltr'>ἀγῶνος</span> <span class='ocrx_word' id='word_1_455' title='bbox 2728 3190 3145 3262; x_wconf 87' lang='grc' dir='ltr'>ταμιευόμενος.</span> <span class='ocrx_word' id='word_1_456' title='bbox 3193 3189 3328 3245; x_wconf 86' lang='grc' dir='ltr'>Τίνα</span> <span class='ocrx_word' id='word_1_457' title='bbox 3360 3186 3450 3242; x_wconf 75' lang='grc' dir='ltr'>οὖν</span> <span class='ocrx_word' id='word_1_458' title='bbox 3504 3188 3571 3242; x_wconf 73' lang='grc' dir='ltr'>τὰ</span> <span class='ocrx_word' id='word_1_459' title='bbox 3618 3186 3787 3242; x_wconf 78' lang='grc' dir='ltr'>ἐντεῦ-</span> 
     </span>
    </p>
   </div>
   <div class='ocr_carea' id='block_1_67' title="bbox 390 3277 2035 3351">
    <p class='ocr_par' dir='ltr' id='par_1_67' title="bbox 390 3277 2035 3351">
     <span class='ocr_line' id='line_1_68' title="bbox 390 3277 2035 3351; baseline 0.003 -19"><span class='ocrx_word' id='word_1_460' title='bbox 390 3277 681 3333; x_wconf 90' lang='lat' dir='ltr'>theatrum</span> <span class='ocrx_word' id='word_1_461' title='bbox 718 3278 1052 3333; x_wconf 88' lang='lat' dir='ltr'>hominibus</span> <span class='ocrx_word' id='word_1_462' title='bbox 1083 3280 1648 3351; x_wconf 83' lang='lat' dir='ltr'>frequentissimum,</span> <span class='ocrx_word' id='word_1_463' title='bbox 1673 3291 1725 3337; x_wconf 92' lang='lat' dir='ltr'>et</span> <span class='ocrx_word' id='word_1_464' title='bbox 1749 3283 1917 3338; x_wconf 90' lang='lat' dir='ltr'>tertio</span> <span class='ocrx_word' id='word_1_465' title='bbox 1951 3300 2035 3337; x_wconf 87' lang='lat' dir='ltr'>se-</span> 
     </span>
    </p>
   </div>
   <div class='ocr_carea' id='block_1_68' title="bbox 394 3367 2025 3442">
    <p class='ocr_par' dir='ltr' id='par_1_68' title="bbox 394 3367 2025 3442">
     <span class='ocr_line' id='line_1_69' title="bbox 394 3367 2025 3442; baseline 0.002 -21"><span class='ocrx_word' id='word_1_466' title='bbox 394 3367 538 3422; x_wconf 91' lang='lat' dir='ltr'>dens</span> <span class='ocrx_word' id='word_1_467' title='bbox 560 3368 743 3437; x_wconf 85' lang='lat' dir='ltr'>judex</span> <span class='ocrx_word' id='word_1_468' title='bbox 772 3368 829 3422; x_wconf 91' lang='lat' dir='ltr'>in</span> <span class='ocrx_word' id='word_1_469' title='bbox 864 3368 1087 3423; x_wconf 86' lang='lat' dir='ltr'>excelso</span> <span class='ocrx_word' id='word_1_470' title='bbox 1119 3369 1420 3438; x_wconf 87' lang='lat' dir='ltr'>tribunali,</span> <span class='ocrx_word' id='word_1_471' title='bbox 1454 3370 1613 3425; x_wconf 85' lang='lat' dir='ltr'>duxit</span> <span class='ocrx_word' id='word_1_472' title='bbox 1643 3375 1926 3442; x_wconf 88' lang='lat' dir='ltr'>martyres</span> <span class='ocrx_word' id='word_1_473' title='bbox 1958 3372 2025 3425; x_wconf 89' lang='lat' dir='ltr'>ad</span> 
     </span>
    </p>
   </div>
   <div class='ocr_carea' id='block_1_69' title="bbox 393 3456 2027 3529">
    <p class='ocr_par' dir='ltr' id='par_1_69' title="bbox 393 3456 2027 3529">
     <span class='ocr_line' id='line_1_70' title="bbox 393 3456 2027 3529; baseline 0.002 -20"><span class='ocrx_word' id='word_1_474' title='bbox 393 3458 704 3524; x_wconf 89' lang='lat' dir='ltr'>tormenta,</span> <span class='ocrx_word' id='word_1_475' title='bbox 730 3456 903 3511; x_wconf 89' lang='lat' dir='ltr'>veluti</span> <span class='ocrx_word' id='word_1_476' title='bbox 935 3456 993 3511; x_wconf 94' lang='lat' dir='ltr'>in</span> <span class='ocrx_word' id='word_1_477' title='bbox 1026 3457 1224 3511; x_wconf 90' lang='lat' dir='ltr'>orbem</span> <span class='ocrx_word' id='word_1_478' title='bbox 1257 3458 1519 3514; x_wconf 84' lang='lat' dir='ltr'>choream</span> <span class='ocrx_word' id='word_1_479' title='bbox 1552 3458 2027 3529; x_wconf 87' lang='lat' dir='ltr'>circumagentes.</span> 
     </span>
    </p>
   </div>
   <div class='ocr_carea' id='block_1_70' title="bbox 393 3544 2030 3617">
    <p class='ocr_par' dir='ltr' id='par_1_70' title="bbox 393 3544 2030 3617">
     <span class='ocr_line' id='line_1_71' title="bbox 393 3544 2030 3617; baseline 0.002 -19"><span class='ocrx_word' id='word_1_480' title='bbox 393 3544 465 3598; x_wconf 91' lang='lat' dir='ltr'>Et</span> <span class='ocrx_word' id='word_1_481' title='bbox 494 3560 628 3599; x_wconf 92' lang='lat' dir='ltr'>cum</span> <span class='ocrx_word' id='word_1_482' title='bbox 654 3545 869 3600; x_wconf 86' lang='lat' dir='ltr'>nullam</span> <span class='ocrx_word' id='word_1_483' title='bbox 895 3546 1057 3616; x_wconf 91' lang='lat' dir='ltr'>prius</span> <span class='ocrx_word' id='word_1_484' title='bbox 1082 3548 1547 3617; x_wconf 60' lang='lat' dir='ltr'>pratermisisset</span> <span class='ocrx_word' id='word_1_485' title='bbox 1569 3553 1669 3602; x_wconf 91' lang='lat' dir='ltr'>aut</span> <span class='ocrx_word' id='word_1_486' title='bbox 1688 3547 2030 3603; x_wconf 87' lang='lat' dir='ltr'>illiberalem</span> 
     </span>
    </p>
   </div>
   <div class='ocr_carea' id='block_1_71' title="bbox 398 3635 2030 3711">
    <p class='ocr_par' dir='ltr' id='par_1_71' title="bbox 398 3635 2030 3711">
     <span class='ocr_line' id='line_1_72' title="bbox 398 3635 2030 3711; baseline 0.004 -23"><span class='ocrx_word' id='word_1_487' title='bbox 398 3635 878 3705; x_wconf 82' lang='lat' dir='ltr'>assentationem,</span> <span class='ocrx_word' id='word_1_488' title='bbox 913 3642 1014 3691; x_wconf 89' lang='lat' dir='ltr'>aut</span> <span class='ocrx_word' id='word_1_489' title='bbox 1060 3639 1366 3693; x_wconf 86' lang='lat' dir='ltr'>obscuram</span> <span class='ocrx_word' id='word_1_490' title='bbox 1411 3638 1810 3709; x_wconf 89' lang='lat' dir='ltr'>calliditatem,</span> <span class='ocrx_word' id='word_1_491' title='bbox 1844 3656 2030 3711; x_wconf 83' lang='lat' dir='ltr'>neque</span> 
     </span>
    </p>
   </div>
   <div class='ocr_carea' id='block_1_72' title="bbox 393 3723 2030 3795">
    <p class='ocr_par' dir='ltr' id='par_1_72' title="bbox 393 3723 2030 3795">
     <span class='ocr_line' id='line_1_73' title="bbox 393 3723 2030 3795; baseline 0.004 -20"><span class='ocrx_word' id='word_1_492' title='bbox 393 3723 713 3794; x_wconf 85' lang='lat' dir='ltr'>proficeret,</span> <span class='ocrx_word' id='word_1_493' title='bbox 748 3739 1017 3794; x_wconf 89' lang='lat' dir='ltr'>egressus</span> <span class='ocrx_word' id='word_1_494' title='bbox 1069 3730 1156 3779; x_wconf 92' lang='lat' dir='ltr'>est</span> <span class='ocrx_word' id='word_1_495' title='bbox 1194 3727 1265 3779; x_wconf 90' lang='lat' dir='ltr'>ad</span> <span class='ocrx_word' id='word_1_496' title='bbox 1308 3728 1539 3781; x_wconf 88' lang='lat' dir='ltr'>modum</span> <span class='ocrx_word' id='word_1_497' title='bbox 1592 3727 1941 3795; x_wconf 91' lang='lat' dir='ltr'>belluinum,</span> <span class='ocrx_word' id='word_1_498' title='bbox 1974 3733 2030 3784; x_wconf 92' lang='lat' dir='ltr'>et</span> 
     </span>
    </p>
   </div>
   <div class='ocr_carea' id='block_1_73' title="bbox 396 3811 2025 3886">
    <p class='ocr_par' dir='ltr' id='par_1_73' title="bbox 396 3811 2025 3886">
     <span class='ocr_line' id='line_1_74' title="bbox 396 3811 2025 3886; baseline 0.004 -21"><span class='ocrx_word' id='word_1_499' title='bbox 396 3811 521 3880; x_wconf 88' lang='lat' dir='ltr'>ejus</span> <span class='ocrx_word' id='word_1_500' title='bbox 554 3811 726 3880; x_wconf 89' lang='lat' dir='ltr'>plane</span> <span class='ocrx_word' id='word_1_501' title='bbox 759 3812 859 3881; x_wconf 90' lang='lat' dir='ltr'>qui</span> <span class='ocrx_word' id='word_1_502' title='bbox 892 3814 1100 3865; x_wconf 75' lang='lat' dir='ltr'>caedem</span> <span class='ocrx_word' id='word_1_503' title='bbox 1127 3814 1411 3882; x_wconf 85' lang='lat' dir='ltr'>spirat;et</span> <span class='ocrx_word' id='word_1_504' title='bbox 1434 3814 1678 3884; x_wconf 80' lang='lat' dir='ltr'>singulis</span> <span class='ocrx_word' id='word_1_505' title='bbox 1700 3818 2025 3886; x_wconf 90' lang='lat' dir='ltr'>tormentis,</span> 
     </span>
    </p>
   </div>
   <div class='ocr_carea' id='block_1_74' title="bbox 396 3898 2030 3970">
    <p class='ocr_par' dir='ltr' id='par_1_74' title="bbox 396 3898 2030 3970">
     <span class='ocr_line' id='line_1_75' title="bbox 396 3898 2030 3970; baseline 0.006 -19"><span class='ocrx_word' id='word_1_506' title='bbox 396 3904 673 3969; x_wconf 87' lang='lat' dir='ltr'>tanquam</span> <span class='ocrx_word' id='word_1_507' title='bbox 711 3898 972 3968; x_wconf 85' lang='lat' dir='ltr'>quaedam</span> <span class='ocrx_word' id='word_1_508' title='bbox 1000 3899 1117 3953; x_wconf 81' lang='lat' dir='ltr'>fera</span> <span class='ocrx_word' id='word_1_509' title='bbox 1140 3901 1411 3970; x_wconf 87' lang='lat' dir='ltr'>agrestis,</span> <span class='ocrx_word' id='word_1_510' title='bbox 1457 3909 1795 3959; x_wconf 89' lang='lat' dir='ltr'>sanctorum</span> <span class='ocrx_word' id='word_1_511' title='bbox 1828 3922 2030 3961; x_wconf 53' lang='lat' dir='ltr'>carnes</span> 
     </span>
    </p>
   </div>
   <div class='ocr_carea' id='block_1_75' title="bbox 397 3986 2028 4065">
    <p class='ocr_par' dir='ltr' id='par_1_75' title="bbox 397 3986 2028 4065">
     <span class='ocr_line' id='line_1_76' title="bbox 397 3986 2028 4065; baseline 0.006 -26"><span class='ocrx_word' id='word_1_512' title='bbox 397 3986 722 4055; x_wconf 90' lang='lat' dir='ltr'>mandidit;</span> <span class='ocrx_word' id='word_1_513' title='bbox 752 3992 816 4041; x_wconf 88' lang='lat' dir='ltr'>ut</span> <span class='ocrx_word' id='word_1_514' title='bbox 846 3986 943 4057; x_wconf 92' lang='lat' dir='ltr'>qui</span> <span class='ocrx_word' id='word_1_515' title='bbox 987 3988 1226 4043; x_wconf 85' lang='lat' dir='ltr'>Tarachi</span> <span class='ocrx_word' id='word_1_516' title='bbox 1275 3990 1508 4060; x_wconf 91' lang='lat' dir='ltr'>quidem</span> <span class='ocrx_word' id='word_1_517' title='bbox 1558 3992 1769 4063; x_wconf 89' lang='lat' dir='ltr'>capitis</span> <span class='ocrx_word' id='word_1_518' title='bbox 1817 3993 2028 4065; x_wconf 88' lang='lat' dir='ltr'>pellem</span> 
     </span>
    </p>
   </div>
   <div class='ocr_carea' id='block_1_76' title="bbox 397 4077 2029 4156">
    <p class='ocr_par' dir='ltr' id='par_1_76' title="bbox 397 4077 2029 4156">
     <span class='ocr_line' id='line_1_77' title="bbox 397 4077 2029 4156; baseline 0.007 -26"><span class='ocrx_word' id='word_1_519' title='bbox 397 4077 785 4144; x_wconf 82' lang='lat' dir='ltr'>excoriaverit,</span> <span class='ocrx_word' id='word_1_520' title='bbox 818 4081 874 4132; x_wconf 90' lang='lat' dir='ltr'>et</span> <span class='ocrx_word' id='word_1_521' title='bbox 904 4077 959 4131; x_wconf 91' lang='lat' dir='ltr'>id</span> <span class='ocrx_word' id='word_1_522' title='bbox 993 4078 1331 4134; x_wconf 88' lang='lat' dir='ltr'>ardentibus</span> <span class='ocrx_word' id='word_1_523' title='bbox 1364 4081 1708 4138; x_wconf 82' lang='lat' dir='ltr'>carbonibus</span> <span class='ocrx_word' id='word_1_524' title='bbox 1757 4100 2029 4156; x_wconf 88' lang='lat' dir='ltr'>consper-</span> 
     </span>
    </p>
   </div>
   <div class='ocr_carea' id='block_1_77' title="bbox 397 4166 2030 4240">
    <p class='ocr_par' dir='ltr' id='par_1_77' title="bbox 397 4166 2030 4240">
     <span class='ocr_line' id='line_1_78' title="bbox 397 4166 2030 4240; baseline 0.006 -20"><span class='ocrx_word' id='word_1_525' title='bbox 397 4166 555 4231; x_wconf 83' lang='lat' dir='ltr'>serit,</span> <span class='ocrx_word' id='word_1_526' title='bbox 588 4169 645 4220; x_wconf 90' lang='lat' dir='ltr'>et</span> <span class='ocrx_word' id='word_1_527' title='bbox 677 4182 844 4221; x_wconf 91' lang='lat' dir='ltr'>aures</span> <span class='ocrx_word' id='word_1_528' title='bbox 888 4167 1167 4223; x_wconf 89' lang='lat' dir='ltr'>novacula</span> <span class='ocrx_word' id='word_1_529' title='bbox 1206 4171 1543 4240; x_wconf 87' lang='lat' dir='ltr'>exsecuerit,</span> <span class='ocrx_word' id='word_1_530' title='bbox 1578 4176 1633 4227; x_wconf 90' lang='lat' dir='ltr'>et</span> <span class='ocrx_word' id='word_1_531' title='bbox 1665 4172 1825 4229; x_wconf 90' lang='lat' dir='ltr'>labra</span> <span class='ocrx_word' id='word_1_532' title='bbox 1856 4174 2030 4229; x_wconf 88' lang='lat' dir='ltr'>muti-</span> 
     </span>
    </p>
   </div>
   <div class='ocr_carea' id='block_1_78' title="bbox 304 4252 2029 4329">
    <p class='ocr_par' dir='ltr' id='par_1_78' title="bbox 304 4252 2029 4329">
     <span class='ocr_line' id='line_1_79' title="bbox 304 4252 2029 4329; baseline 0.01 -28"><span class='ocrx_word' id='word_1_533' title='bbox 400 4252 637 4308; x_wconf 88' lang='lat' dir='ltr'>laverit:</span> <span class='ocrx_word' id='word_1_534' title='bbox 682 4255 866 4310; x_wconf 82' lang='lat' dir='ltr'>Probo</span> <span class='ocrx_word' id='word_1_535' title='bbox 918 4266 1107 4311; x_wconf 89' lang='lat' dir='ltr'>autem</span> <span class='ocrx_word' id='word_1_536' title='bbox 1157 4258 1353 4313; x_wconf 93' lang='lat' dir='ltr'>oculos</span> <span class='ocrx_word' id='word_1_537' title='bbox 1400 4260 1681 4329; x_wconf 72' lang='lat' dir='ltr'>effoderit,</span> <span class='ocrx_word' id='word_1_538' title='bbox 1733 4268 1789 4318; x_wconf 90' lang='lat' dir='ltr'>et</span> <span class='ocrx_word' id='word_1_539' title='bbox 1834 4264 2029 4318; x_wconf 84' lang='lat' dir='ltr'>vinum</span> 
     </span>
    </p>
   </div>
   <div class='ocr_carea' id='block_1_79' title="bbox 399 4345 2032 4418">
    <p class='ocr_par' dir='ltr' id='par_1_79' title="bbox 399 4345 2032 4418">
     <span class='ocr_line' id='line_1_80' title="bbox 399 4345 2032 4418; baseline 0.007 -21"><span class='ocrx_word' id='word_1_540' title='bbox 399 4359 509 4397; x_wconf 75' lang='lat' dir='ltr'>aras</span> <span class='ocrx_word' id='word_1_541' title='bbox 541 4360 747 4397; x_wconf 88' lang='lat' dir='ltr'>cruore</span> <span class='ocrx_word' id='word_1_542' title='bbox 795 4345 1161 4414; x_wconf 91' lang='lat' dir='ltr'>permistum,</span> <span class='ocrx_word' id='word_1_543' title='bbox 1188 4348 1271 4402; x_wconf 89' lang='lat' dir='ltr'>ori</span> <span class='ocrx_word' id='word_1_544' title='bbox 1303 4348 1431 4417; x_wconf 85' lang='lat' dir='ltr'>ejus</span> <span class='ocrx_word' id='word_1_545' title='bbox 1460 4350 1753 4418; x_wconf 86' lang='lat' dir='ltr'>infuderit,</span> <span class='ocrx_word' id='word_1_546' title='bbox 1786 4358 1843 4406; x_wconf 90' lang='lat' dir='ltr'>et</span> <span class='ocrx_word' id='word_1_547' title='bbox 1871 4352 2032 4408; x_wconf 87' lang='lat' dir='ltr'>invo-</span> 
     </span>
    </p>
   </div>
   <div class='ocr_carea' id='block_1_80' title="bbox 396 4428 2030 4508">
    <p class='ocr_par' dir='ltr' id='par_1_80' title="bbox 396 4428 2030 4508">
     <span class='ocr_line' id='line_1_81' title="bbox 396 4428 2030 4508; baseline 0.008 -25"><span class='ocrx_word' id='word_1_548' title='bbox 396 4428 653 4485; x_wconf 90' lang='lat' dir='ltr'>luntaria</span> <span class='ocrx_word' id='word_1_549' title='bbox 679 4433 781 4487; x_wconf 90' lang='lat' dir='ltr'>hac</span> <span class='ocrx_word' id='word_1_550' title='bbox 806 4434 1243 4504; x_wconf 88' lang='lat' dir='ltr'>participatione</span> <span class='ocrx_word' id='word_1_551' title='bbox 1265 4436 1374 4490; x_wconf 91' lang='lat' dir='ltr'>hoc</span> <span class='ocrx_word' id='word_1_552' title='bbox 1396 4438 1644 4492; x_wconf 81' lang='lat' dir='ltr'>maxime</span> <span class='ocrx_word' id='word_1_553' title='bbox 1661 4441 2030 4508; x_wconf 84' lang='lat' dir='ltr'>tyrannicum</span> 
     </span>
    </p>
   </div>
   <div class='ocr_carea' id='block_1_81' title="bbox 2141 3275 3779 3351">
    <p class='ocr_par' dir='ltr' id='par_1_81' title="bbox 2141 3275 3779 3351">
     <span class='ocr_line' id='line_1_82' title="bbox 2141 3275 3779 3351; baseline -0.002 -18"><span class='ocrx_word' id='word_1_554' title='bbox 2141 3283 2263 3347; x_wconf 87' lang='grc' dir='ltr'>θεν;</span> <span class='ocrx_word' id='word_1_555' title='bbox 2299 3280 2526 3351; x_wconf 86' lang='grc' dir='ltr'>Θέατρον</span> <span class='ocrx_word' id='word_1_556' title='bbox 2584 3276 2736 3340; x_wconf 72' lang='grc' dir='ltr'>αὖθις</span> <span class='ocrx_word' id='word_1_557' title='bbox 2795 3275 2935 3332; x_wconf 75' lang='grc' dir='ltr'>ἄλλο</span> <span class='ocrx_word' id='word_1_558' title='bbox 2990 3277 3293 3331; x_wconf 85' lang='grc' dir='ltr'>συνίσταται</span> <span class='ocrx_word' id='word_1_559' title='bbox 3341 3276 3779 3351; x_wconf 74' lang='grc' dir='ltr'>πολυάνθρωπον</span> 
     </span>
    </p>
   </div>
   <div class='ocr_carea' id='block_1_82' title="bbox 2136 3364 3783 3441">
    <p class='ocr_par' dir='ltr' id='par_1_82' title="bbox 2136 3364 3783 3441">
     <span class='ocr_line' id='line_1_83' title="bbox 2136 3364 3783 3441; baseline -0.001 -19"><span class='ocrx_word' id='word_1_560' title='bbox 2136 3367 2226 3422; x_wconf 76' lang='grc' dir='ltr'>καὶ</span> <span class='ocrx_word' id='word_1_561' title='bbox 2256 3367 2434 3439; x_wconf 89' lang='grc' dir='ltr'>τρίτον</span> <span class='ocrx_word' id='word_1_562' title='bbox 2478 3366 2864 3439; x_wconf 78' lang='grc' dir='ltr'>προκαθεσθεὶς</span> <span class='ocrx_word' id='word_1_563' title='bbox 2920 3364 3000 3441; x_wconf 64' lang='grc' dir='ltr'>ἐφ’</span> <span class='ocrx_word' id='word_1_564' title='bbox 3059 3365 3278 3439; x_wconf 73' lang='grc' dir='ltr'>ὑψηλοῦ</span> <span class='ocrx_word' id='word_1_565' title='bbox 3318 3370 3414 3421; x_wconf 72' lang='grc' dir='ltr'>τοῦ</span> <span class='ocrx_word' id='word_1_566' title='bbox 3474 3368 3723 3440; x_wconf 70' lang='grc' dir='ltr'>βήματος</span> <span class='ocrx_word' id='word_1_567' title='bbox 3757 3368 3783 3420; x_wconf 83' lang='grc' dir='ltr'>ὁ</span> 
     </span>
    </p>
   </div>
   <div class='ocr_carea' id='block_1_83' title="bbox 2139 3454 3786 3530">
    <p class='ocr_par' dir='ltr' id='par_1_83' title="bbox 2139 3454 3786 3530">
     <span class='ocr_line' id='line_1_84' title="bbox 2139 3454 3786 3530; baseline -0.001 -20"><span class='ocrx_word' id='word_1_568' title='bbox 2139 3455 2397 3525; x_wconf 80' lang='grc' dir='ltr'>δικάζων,</span> <span class='ocrx_word' id='word_1_569' title='bbox 2446 3456 2545 3529; x_wconf 82' lang='grc' dir='ltr'>ἦγε</span> <span class='ocrx_word' id='word_1_570' title='bbox 2606 3454 2734 3517; x_wconf 76' lang='grc' dir='ltr'>τοὺς</span> <span class='ocrx_word' id='word_1_571' title='bbox 2795 3455 3067 3530; x_wconf 86' lang='grc' dir='ltr'>μάρτυρας</span> <span class='ocrx_word' id='word_1_572' title='bbox 3126 3454 3215 3509; x_wconf 77' lang='grc' dir='ltr'>ἓπὶ</span> <span class='ocrx_word' id='word_1_573' title='bbox 3272 3457 3370 3517; x_wconf 75' lang='grc' dir='ltr'>τὰς</span> <span class='ocrx_word' id='word_1_574' title='bbox 3414 3455 3573 3517; x_wconf 73' lang='grc' dir='ltr'>αὑτὰς</span> <span class='ocrx_word' id='word_1_575' title='bbox 3618 3456 3786 3530; x_wconf 83' lang='grc' dir='ltr'>βασά-</span> 
     </span>
    </p>
   </div>
   <div class='ocr_carea' id='block_1_84' title="bbox 2136 3544 3782 3624">
    <p class='ocr_par' dir='ltr' id='par_1_84' title="bbox 2136 3544 3782 3624">
     <span class='ocr_line' id='line_1_85' title="bbox 2136 3544 3782 3624; baseline -0.001 -24"><span class='ocrx_word' id='word_1_576' title='bbox 2136 3568 2280 3616; x_wconf 89' lang='grc' dir='ltr'>νους,</span> <span class='ocrx_word' id='word_1_577' title='bbox 2326 3550 2565 3621; x_wconf 78' lang='grc' dir='ltr'>καθάπερ</span> <span class='ocrx_word' id='word_1_578' title='bbox 2634 3544 2685 3600; x_wconf 90' lang='grc' dir='ltr'>ἐν</span> <span class='ocrx_word' id='word_1_579' title='bbox 2744 3546 2935 3617; x_wconf 72' lang='grc' dir='ltr'>κύκλῳ</span> <span class='ocrx_word' id='word_1_580' title='bbox 3002 3545 3224 3624; x_wconf 82' lang='grc' dir='ltr'>χορείαν</span> <span class='ocrx_word' id='word_1_581' title='bbox 3293 3545 3621 3607; x_wconf 87' lang='grc' dir='ltr'>ἐλίττοντας.</span> <span class='ocrx_word' id='word_1_582' title='bbox 3684 3546 3782 3599; x_wconf 81' lang='grc' dir='ltr'>Καὶ</span> 
     </span>
    </p>
   </div>
   <div class='ocr_carea' id='block_1_85' title="bbox 2143 3633 3780 3710">
    <p class='ocr_par' dir='ltr' id='par_1_85' title="bbox 2143 3633 3780 3710">
     <span class='ocr_line' id='line_1_86' title="bbox 2143 3633 3780 3710; baseline 0 -23"><span class='ocrx_word' id='word_1_583' title='bbox 2143 3633 2309 3708; x_wconf 76' lang='grc' dir='ltr'>μηδὲν</span> <span class='ocrx_word' id='word_1_584' title='bbox 2348 3635 2673 3709; x_wconf 86' lang='grc' dir='ltr'>παραλιπὼν</span> <span class='ocrx_word' id='word_1_585' title='bbox 2716 3639 2826 3689; x_wconf 87' lang='grc' dir='ltr'>τῶν</span> <span class='ocrx_word' id='word_1_586' title='bbox 2882 3636 2983 3688; x_wconf 83' lang='grc' dir='ltr'>ὅσα</span> <span class='ocrx_word' id='word_1_587' title='bbox 3030 3636 3265 3696; x_wconf 87' lang='grc' dir='ltr'>θωπείας</span> <span class='ocrx_word' id='word_1_588' title='bbox 3318 3636 3382 3704; x_wconf 65' lang='grc' dir='ltr'>ἦν</span> <span class='ocrx_word' id='word_1_589' title='bbox 3436 3634 3703 3710; x_wconf 76' lang='grc' dir='ltr'>ἀγεννοῦς.</span> <span class='ocrx_word' id='word_1_590' title='bbox 3746 3635 3780 3703; x_wconf 82' lang='grc' dir='ltr'><strong>ἢ</strong></span> 
     </span>
    </p>
   </div>
   <div class='ocr_carea' id='block_1_86' title="bbox 2139 3722 3782 3802">
    <p class='ocr_par' dir='ltr' id='par_1_86' title="bbox 2139 3722 3782 3802">
     <span class='ocr_line' id='line_1_87' title="bbox 2139 3722 3782 3802; baseline 0 -23"><span class='ocrx_word' id='word_1_591' title='bbox 2139 3724 2470 3799; x_wconf 84' lang='grc' dir='ltr'>πανουργίας</span> <span class='ocrx_word' id='word_1_592' title='bbox 2547 3726 2919 3802; x_wconf 66' lang='grc' dir='ltr'>ἀσυμφανοῦς,</span> <span class='ocrx_word' id='word_1_593' title='bbox 3015 3726 3151 3799; x_wconf 87' lang='grc' dir='ltr'>πρὸς</span> <span class='ocrx_word' id='word_1_594' title='bbox 3245 3722 3489 3799; x_wconf 79' lang='grc' dir='ltr'>θηριώδη</span> <span class='ocrx_word' id='word_1_595' title='bbox 3580 3725 3782 3797; x_wconf 81' lang='grc' dir='ltr'>τρόπον</span> 
     </span>
    </p>
   </div>
   <div class='ocr_carea' id='block_1_87' title="bbox 2138 3810 3785 3891">
    <p class='ocr_par' dir='ltr' id='par_1_87' title="bbox 2138 3810 3785 3891">
     <span class='ocr_line' id='line_1_88' title="bbox 2138 3810 3785 3891; baseline -0.002 -22"><span class='ocrx_word' id='word_1_596' title='bbox 2138 3810 2292 3885; x_wconf 76' lang='grc' dir='ltr'>ἐξέϐη</span> <span class='ocrx_word' id='word_1_597' title='bbox 2351 3814 2442 3869; x_wconf 83' lang='grc' dir='ltr'>καὶ</span> <span class='ocrx_word' id='word_1_598' title='bbox 2501 3814 2738 3891; x_wconf 73' lang='grc' dir='ltr'>φονικόνο</span> <span class='ocrx_word' id='word_1_599' title='bbox 2795 3815 2883 3868; x_wconf 88' lang='grc' dir='ltr'>καὶ</span> <span class='ocrx_word' id='word_1_600' title='bbox 2956 3818 3072 3875; x_wconf 86' lang='grc' dir='ltr'>ταῖς</span> <span class='ocrx_word' id='word_1_601' title='bbox 3112 3814 3248 3868; x_wconf 78' lang='grc' dir='ltr'>κατὰ</span> <span class='ocrx_word' id='word_1_602' title='bbox 3308 3810 3469 3885; x_wconf 85' lang='grc' dir='ltr'>μέρος</span> <span class='ocrx_word' id='word_1_603' title='bbox 3529 3812 3785 3885; x_wconf 78' lang='grc' dir='ltr'>βασάνοις</span> 
     </span>
    </p>
   </div>
   <div class='ocr_carea' id='block_1_88' title="bbox 2141 3900 3788 3975">
    <p class='ocr_par' dir='ltr' id='par_1_88' title="bbox 2141 3900 3788 3975">
     <span class='ocr_line' id='line_1_89' title="bbox 2141 3900 3788 3975; baseline -0.002 -18"><span class='ocrx_word' id='word_1_604' title='bbox 2141 3904 2307 3957; x_wconf 69' lang='grc' dir='ltr'>οἱονεί</span> <span class='ocrx_word' id='word_1_605' title='bbox 2338 3924 2419 3964; x_wconf 92' lang='grc' dir='ltr'>τις</span> <span class='ocrx_word' id='word_1_606' title='bbox 2466 3905 2569 3973; x_wconf 77' lang='grc' dir='ltr'>θῆρ</span> <span class='ocrx_word' id='word_1_607' title='bbox 2625 3900 2808 3975; x_wconf 78' lang='grc' dir='ltr'>ἄγριος</span> <span class='ocrx_word' id='word_1_608' title='bbox 2858 3901 2952 3963; x_wconf 80' lang='grc' dir='ltr'>τὰς</span> <span class='ocrx_word' id='word_1_609' title='bbox 3004 3905 3111 3955; x_wconf 89' lang='grc' dir='ltr'>τῶν</span> <span class='ocrx_word' id='word_1_610' title='bbox 3161 3900 3327 3974; x_wconf 82' lang='grc' dir='ltr'>ἁγίων</span> <span class='ocrx_word' id='word_1_611' title='bbox 3377 3902 3575 3975; x_wconf 83' lang='grc' dir='ltr'>σάρκας</span> <span class='ocrx_word' id='word_1_612' title='bbox 3626 3920 3788 3954; x_wconf 83' lang='grc' dir='ltr'>κατε-</span> 
     </span>
    </p>
   </div>
   <div class='ocr_carea' id='block_1_89' title="bbox 2144 3986 3788 4065">
    <p class='ocr_par' dir='ltr' id='par_1_89' title="bbox 2144 3986 3788 4065">
     <span class='ocr_line' id='line_1_90' title="bbox 2144 3986 3788 4065; baseline -0.002 -20"><span class='ocrx_word' id='word_1_613' title='bbox 2144 3994 2446 4065; x_wconf 69' lang='grc' dir='ltr'>μασήσατο,</span> <span class='ocrx_word' id='word_1_614' title='bbox 2479 3994 2572 4043; x_wconf 80' lang='grc' dir='ltr'>τοῦ</span> <span class='ocrx_word' id='word_1_615' title='bbox 2616 3991 2877 4063; x_wconf 86' lang='grc' dir='ltr'>Ταράχου</span> <span class='ocrx_word' id='word_1_616' title='bbox 2930 3989 3021 4059; x_wconf 75' lang='grc' dir='ltr'>μὲν</span> <span class='ocrx_word' id='word_1_617' title='bbox 3074 3988 3137 4042; x_wconf 88' lang='grc' dir='ltr'>τὸ</span> <span class='ocrx_word' id='word_1_618' title='bbox 3184 3986 3355 4059; x_wconf 85' lang='grc' dir='ltr'>δέρμα</span> <span class='ocrx_word' id='word_1_619' title='bbox 3392 3992 3491 4052; x_wconf 82' lang='grc' dir='ltr'>τῆς</span> <span class='ocrx_word' id='word_1_620' title='bbox 3538 3986 3788 4064; x_wconf 77' lang='grc' dir='ltr'>κεφαλῆς</span> 
     </span>
    </p>
   </div>
   <div class='ocr_carea' id='block_1_90' title="bbox 2140 4075 3787 4154">
    <p class='ocr_par' dir='ltr' id='par_1_90' title="bbox 2140 4075 3787 4154">
     <span class='ocr_line' id='line_1_91' title="bbox 2140 4075 3787 4154; baseline -0.003 -18"><span class='ocrx_word' id='word_1_621' title='bbox 2140 4078 2451 4154; x_wconf 84' lang='grc' dir='ltr'>ἀποδείρας,</span> <span class='ocrx_word' id='word_1_622' title='bbox 2501 4079 2589 4133; x_wconf 83' lang='grc' dir='ltr'>καὶ</span> <span class='ocrx_word' id='word_1_623' title='bbox 2639 4077 2919 4151; x_wconf 75' lang='grc' dir='ltr'>ἀνθρακιὰν</span> <span class='ocrx_word' id='word_1_624' title='bbox 2981 4075 3116 4148; x_wconf 83' lang='grc' dir='ltr'>αὑτῇ</span> <span class='ocrx_word' id='word_1_625' title='bbox 3171 4078 3471 4147; x_wconf 71' lang='grc' dir='ltr'>καιομένην</span> <span class='ocrx_word' id='word_1_626' title='bbox 3516 4076 3787 4131; x_wconf 87' lang='grc' dir='ltr'>ἐπιπασά-</span> 
     </span>
    </p>
   </div>
   <div class='ocr_carea' id='block_1_91' title="bbox 2145 4162 3787 4244">
    <p class='ocr_par' dir='ltr' id='par_1_91' title="bbox 2145 4162 3787 4244">
     <span class='ocr_line' id='line_1_92' title="bbox 2145 4162 3787 4244; baseline -0.003 -20"><span class='ocrx_word' id='word_1_627' title='bbox 2145 4192 2325 4244; x_wconf 89' lang='grc' dir='ltr'>μενος,</span> <span class='ocrx_word' id='word_1_628' title='bbox 2360 4170 2499 4243; x_wconf 80' lang='grc' dir='ltr'>ξυρῷ</span> <span class='ocrx_word' id='word_1_629' title='bbox 2526 4188 2587 4222; x_wconf 88' lang='grc' dir='ltr'>τε</span> <span class='ocrx_word' id='word_1_630' title='bbox 2628 4168 2693 4222; x_wconf 81' lang='grc' dir='ltr'>τὰ</span> <span class='ocrx_word' id='word_1_631' title='bbox 2741 4167 2852 4220; x_wconf 77' lang='grc' dir='ltr'>ὦτα</span> <span class='ocrx_word' id='word_1_632' title='bbox 2900 4162 3189 4238; x_wconf 84' lang='grc' dir='ltr'>περιελὼν,</span> <span class='ocrx_word' id='word_1_633' title='bbox 3225 4165 3313 4217; x_wconf 83' lang='grc' dir='ltr'>καὶ</span> <span class='ocrx_word' id='word_1_634' title='bbox 3363 4163 3787 4235; x_wconf 75' lang='grc' dir='ltr'>ἀκρωτηριάσας</span> 
     </span>
    </p>
   </div>
   <div class='ocr_carea' id='block_1_92' title="bbox 2140 4250 3781 4334">
    <p class='ocr_par' dir='ltr' id='par_1_92' title="bbox 2140 4250 3781 4334">
     <span class='ocr_line' id='line_1_93' title="bbox 2140 4250 3781 4334; baseline -0.005 -21"><span class='ocrx_word' id='word_1_635' title='bbox 2140 4262 2203 4313; x_wconf 84' lang='grc' dir='ltr'>τὰ</span> <span class='ocrx_word' id='word_1_636' title='bbox 2233 4259 2421 4334; x_wconf 80' lang='grc' dir='ltr'>χείλη·</span> <span class='ocrx_word' id='word_1_637' title='bbox 2473 4262 2552 4329; x_wconf 78' lang='grc' dir='ltr'>τῷ</span> <span class='ocrx_word' id='word_1_638' title='bbox 2604 4252 2799 4330; x_wconf 75' lang='grc' dir='ltr'>Πρὸϐῳ</span> <span class='ocrx_word' id='word_1_639' title='bbox 2858 4252 2914 4310; x_wconf 72' lang='grc' dir='ltr'>δὲ</span> <span class='ocrx_word' id='word_1_640' title='bbox 2968 4254 3093 4314; x_wconf 76' lang='grc' dir='ltr'>τοὺς</span> <span class='ocrx_word' id='word_1_641' title='bbox 3142 4251 3456 4328; x_wconf 67' lang='grc' dir='ltr'>ὀφθαλμοὺς</span> <span class='ocrx_word' id='word_1_642' title='bbox 3517 4250 3781 4323; x_wconf 75' lang='grc' dir='ltr'>ἐκκόψας,</span> 
     </span>
    </p>
   </div>
   <div class='ocr_carea' id='block_1_93' title="bbox 2138 4338 3783 4419">
    <p class='ocr_par' dir='ltr' id='par_1_93' title="bbox 2138 4338 3783 4419">
     <span class='ocr_line' id='line_1_94' title="bbox 2138 4338 3783 4419; baseline -0.004 -16"><span class='ocrx_word' id='word_1_643' title='bbox 2138 4354 2217 4419; x_wconf 79' lang='grc' dir='ltr'>τῷ</span> <span class='ocrx_word' id='word_1_644' title='bbox 2242 4370 2298 4403; x_wconf 89' lang='grc' dir='ltr'>τε</span> <span class='ocrx_word' id='word_1_645' title='bbox 2331 4348 2559 4419; x_wconf 78' lang='grc' dir='ltr'>στόματι</span> <span class='ocrx_word' id='word_1_646' title='bbox 2619 4346 2781 4401; x_wconf 72' lang='grc' dir='ltr'>αὑτοῦ</span> <span class='ocrx_word' id='word_1_647' title='bbox 2830 4349 2934 4399; x_wconf 91' lang='grc' dir='ltr'>τῶν</span> <span class='ocrx_word' id='word_1_648' title='bbox 2986 4338 3303 4415; x_wconf 74' lang='grc' dir='ltr'>ἐπιϐωμίων</span> <span class='ocrx_word' id='word_1_649' title='bbox 3366 4340 3577 4414; x_wconf 78' lang='grc' dir='ltr'>λύθρων</span> <span class='ocrx_word' id='word_1_650' title='bbox 3627 4340 3783 4396; x_wconf 77' lang='grc' dir='ltr'>οἶνον</span> 
     </span>
    </p>
   </div>
   <div class='ocr_carea' id='block_1_94' title="bbox 2140 4429 3785 4509">
    <p class='ocr_par' dir='ltr' id='par_1_94' title="bbox 2140 4429 3785 4509">
     <span class='ocr_line' id='line_1_95' title="bbox 2140 4429 3785 4509; baseline -0.002 -23"><span class='ocrx_word' id='word_1_651' title='bbox 2140 4434 2358 4509; x_wconf 71' lang='grc' dir='ltr'>ἐγχέας,</span> <span class='ocrx_word' id='word_1_652' title='bbox 2400 4436 2488 4489; x_wconf 74' lang='grc' dir='ltr'>καί</span> <span class='ocrx_word' id='word_1_653' title='bbox 2554 4439 2623 4509; x_wconf 80' lang='grc' dir='ltr'>τῇ</span> <span class='ocrx_word' id='word_1_654' title='bbox 2683 4433 2921 4505; x_wconf 78' lang='grc' dir='ltr'>ἀκουσίῳ</span> <span class='ocrx_word' id='word_1_655' title='bbox 2977 4431 3144 4505; x_wconf 80' lang='grc' dir='ltr'>ταύτῃ</span> <span class='ocrx_word' id='word_1_656' title='bbox 3207 4429 3529 4503; x_wconf 70' lang='grc' dir='ltr'>μεταλήψει,</span> <span class='ocrx_word' id='word_1_657' title='bbox 3586 4448 3785 4502; x_wconf 73' lang='grc' dir='ltr'>τυρανο</span> 
     </span>
    </p>
   </div>
   <div class='ocr_carea' id='block_1_95' title="bbox 397 4516 2024 4597">
    <p class='ocr_par' dir='ltr' id='par_1_95' title="bbox 397 4520 2024 4589">
     <span class='ocr_line' id='line_1_96' title="bbox 397 4520 2024 4589; baseline 0.006 -16"><span class='ocrx_word' id='word_1_658' title='bbox 397 4520 681 4573; x_wconf 90' lang='lat' dir='ltr'>invenerit</span> <span class='ocrx_word' id='word_1_659' title='bbox 711 4520 1078 4589; x_wconf 91' lang='lat' dir='ltr'>supplicium.</span> <span class='ocrx_word' id='word_1_660' title='bbox 1103 4524 1247 4575; x_wconf 93' lang='lat' dir='ltr'>Cum</span> <span class='ocrx_word' id='word_1_661' title='bbox 1282 4527 1473 4576; x_wconf 86' lang='lat' dir='ltr'>autem</span> <span class='ocrx_word' id='word_1_662' title='bbox 1502 4541 1701 4580; x_wconf 89' lang='lat' dir='ltr'>carnes</span> <span class='ocrx_word' id='word_1_663' title='bbox 1733 4542 2024 4583; x_wconf 88' lang='lat' dir='ltr'>exsecran-</span> 
     </span>
    </p>
   </div>
   <div class='ocr_carea' id='block_1_96' title="bbox 2137 4516 3779 4597">
    <p class='ocr_par' dir='ltr' id='par_1_96' title="bbox 2144 4516 3779 4596">
     <span class='ocr_line' id='line_1_97' title="bbox 2144 4516 3779 4596; baseline -0.004 -17"><span class='ocrx_word' id='word_1_664' title='bbox 2144 4528 2444 4594; x_wconf 84' lang='grc' dir='ltr'>νικωτάτην</span> <span class='ocrx_word' id='word_1_665' title='bbox 2501 4523 2726 4596; x_wconf 81' lang='grc' dir='ltr'>ἐξευρὼν</span> <span class='ocrx_word' id='word_1_666' title='bbox 2792 4522 3085 4595; x_wconf 81' lang='grc' dir='ltr'>τιμωρίαν.</span> <span class='ocrx_word' id='word_1_667' title='bbox 3162 4523 3269 4576; x_wconf 76' lang='grc' dir='ltr'>Τοῦ</span> <span class='ocrx_word' id='word_1_668' title='bbox 3328 4516 3385 4573; x_wconf 86' lang='grc' dir='ltr'>δέ</span> <span class='ocrx_word' id='word_1_669' title='bbox 3448 4539 3511 4592; x_wconf 86' lang='grc' dir='ltr'>γε</span> <span class='ocrx_word' id='word_1_670' title='bbox 3574 4518 3779 4591; x_wconf 84' lang='grc' dir='ltr'>τρίτου,</span> 
     </span>
    </p>
   </div>
   <div class='ocr_carea' id='block_1_97' title="bbox 402 4607 2037 4682">
    <p class='ocr_par' dir='ltr' id='par_1_97' title="bbox 402 4607 2037 4682">
     <span class='ocr_line' id='line_1_98' title="bbox 402 4607 2037 4682; baseline 0.004 -19"><span class='ocrx_word' id='word_1_671' title='bbox 402 4608 491 4663; x_wconf 87' lang='lat' dir='ltr'>dis</span> <span class='ocrx_word' id='word_1_672' title='bbox 525 4607 776 4679; x_wconf 89' lang='lat' dir='ltr'>pollutas</span> <span class='ocrx_word' id='word_1_673' title='bbox 807 4607 1107 4662; x_wconf 81' lang='lat' dir='ltr'>sacrificiis</span> <span class='ocrx_word' id='word_1_674' title='bbox 1140 4607 1196 4661; x_wconf 91' lang='lat' dir='ltr'>in</span> <span class='ocrx_word' id='word_1_675' title='bbox 1229 4624 1292 4663; x_wconf 91' lang='lat' dir='ltr'>os</span> <span class='ocrx_word' id='word_1_676' title='bbox 1324 4610 1479 4664; x_wconf 91' lang='lat' dir='ltr'>tertii</span> <span class='ocrx_word' id='word_1_677' title='bbox 1517 4611 1832 4682; x_wconf 90' lang='lat' dir='ltr'>injecisset,</span> <span class='ocrx_word' id='word_1_678' title='bbox 1867 4620 1923 4671; x_wconf 93' lang='lat' dir='ltr'>et</span> <span class='ocrx_word' id='word_1_679' title='bbox 1952 4616 2037 4671; x_wconf 55' lang='lat' dir='ltr'>vi.</span> 
     </span>
    </p>
   </div>
   <div class='ocr_carea' id='block_1_98' title="bbox 405 4697 2031 4777">
    <p class='ocr_par' dir='ltr' id='par_1_98' title="bbox 405 4697 2031 4777">
     <span class='ocr_line' id='line_1_99' title="bbox 405 4697 2031 4777; baseline 0.005 -25"><span class='ocrx_word' id='word_1_680' title='bbox 405 4714 545 4753; x_wconf 91' lang='lat' dir='ltr'>num</span> <span class='ocrx_word' id='word_1_681' title='bbox 571 4698 1005 4769; x_wconf 86' lang='lat' dir='ltr'>inquinatorum</span> <span class='ocrx_word' id='word_1_682' title='bbox 1029 4697 1375 4754; x_wconf 89' lang='lat' dir='ltr'>libaminum</span> <span class='ocrx_word' id='word_1_683' title='bbox 1399 4701 1706 4759; x_wconf 88' lang='lat' dir='ltr'>admittere</span> <span class='ocrx_word' id='word_1_684' title='bbox 1728 4705 2031 4777; x_wconf 88' lang='lat' dir='ltr'>coegisset,</span> 
     </span>
    </p>
   </div>
   <div class='ocr_carea' id='block_1_99' title="bbox 400 4786 2035 4858">
    <p class='ocr_par' dir='ltr' id='par_1_99' title="bbox 400 4786 2035 4858">
     <span class='ocr_line' id='line_1_100' title="bbox 400 4786 2035 4858; baseline 0.006 -17"><span class='ocrx_word' id='word_1_685' title='bbox 400 4792 695 4858; x_wconf 90' lang='lat' dir='ltr'>postremo</span> <span class='ocrx_word' id='word_1_686' title='bbox 728 4786 923 4841; x_wconf 90' lang='lat' dir='ltr'>oculos</span> <span class='ocrx_word' id='word_1_687' title='bbox 954 4786 1003 4842; x_wconf 92' lang='lat' dir='ltr'>ei</span> <span class='ocrx_word' id='word_1_688' title='bbox 1029 4787 1197 4858; x_wconf 87' lang='lat' dir='ltr'>jubet</span> <span class='ocrx_word' id='word_1_689' title='bbox 1228 4788 1419 4845; x_wconf 80' lang='lat' dir='ltr'>eil‘odi.</span> <span class='ocrx_word' id='word_1_690' title='bbox 1454 4789 1591 4846; x_wconf 89' lang='lat' dir='ltr'>Cum</span> <span class='ocrx_word' id='word_1_691' title='bbox 1642 4796 1893 4849; x_wconf 88' lang='lat' dir='ltr'>omnium</span> <span class='ocrx_word' id='word_1_692' title='bbox 1931 4813 2035 4851; x_wconf 86' lang='lat' dir='ltr'>au-</span> 
     </span>
    </p>
   </div>
   <div class='ocr_carea' id='block_1_100' title="bbox 400 4875 2035 4953">
    <p class='ocr_par' dir='ltr' id='par_1_100' title="bbox 400 4875 2035 4953">
     <span class='ocr_line' id='line_1_101' title="bbox 400 4875 2035 4953; baseline 0.006 -23"><span class='ocrx_word' id='word_1_693' title='bbox 400 4882 513 4930; x_wconf 90' lang='lat' dir='ltr'>tem</span> <span class='ocrx_word' id='word_1_694' title='bbox 539 4875 809 4930; x_wconf 88' lang='lat' dir='ltr'>similiter</span> <span class='ocrx_word' id='word_1_695' title='bbox 841 4875 1154 4943; x_wconf 75' lang='lat' dir='ltr'>m‘amillas,</span> <span class='ocrx_word' id='word_1_696' title='bbox 1183 4876 1381 4943; x_wconf 87' lang='lat' dir='ltr'>latera,</span> <span class='ocrx_word' id='word_1_697' title='bbox 1424 4877 1598 4934; x_wconf 89' lang='lat' dir='ltr'>tibias</span> <span class='ocrx_word' id='word_1_698' title='bbox 1630 4884 1686 4936; x_wconf 90' lang='lat' dir='ltr'>et</span> <span class='ocrx_word' id='word_1_699' title='bbox 1719 4881 2035 4953; x_wconf 80' lang='lat' dir='ltr'>digitorum</span> 
     </span>
    </p>
   </div>
   <div class='ocr_carea' id='block_1_101' title="bbox 399 4963 2037 5028">
    <p class='ocr_par' dir='ltr' id='par_1_101' title="bbox 399 4963 2037 5028">
     <span class='ocr_line' id='line_1_102' title="bbox 399 4963 2037 5028; baseline 0.007 -11"><span class='ocrx_word' id='word_1_700' title='bbox 399 4963 740 5019; x_wconf 90' lang='lat' dir='ltr'>intermedia</span> <span class='ocrx_word' id='word_1_701' title='bbox 772 4964 1156 5021; x_wconf 90' lang='lat' dir='ltr'>candentibus</span> <span class='ocrx_word' id='word_1_702' title='bbox 1187 4969 1435 5023; x_wconf 89' lang='lat' dir='ltr'>verubus</span> <span class='ocrx_word' id='word_1_703' title='bbox 1468 4971 1851 5027; x_wconf 83' lang='lat' dir='ltr'>transﬁxisset</span> <span class='ocrx_word' id='word_1_704' title='bbox 1879 4977 1935 5028; x_wconf 90' lang='lat' dir='ltr'>et</span> <span class='ocrx_word' id='word_1_705' title='bbox 1966 4974 2037 5028; x_wconf 90' lang='lat' dir='ltr'>ad</span> 
     </span>
    </p>
   </div>
   <div class='ocr_carea' id='block_1_102' title="bbox 400 5052 2043 5121">
    <p class='ocr_par' dir='ltr' id='par_1_102' title="bbox 400 5052 2043 5121">
     <span class='ocr_line' id='line_1_103' title="bbox 400 5052 2043 5121; baseline 0.007 -16"><span class='ocrx_word' id='word_1_706' title='bbox 400 5068 531 5105; x_wconf 93' lang='lat' dir='ltr'>ossa</span> <span class='ocrx_word' id='word_1_707' title='bbox 555 5067 737 5121; x_wconf 91' lang='lat' dir='ltr'>usque</span> <span class='ocrx_word' id='word_1_708' title='bbox 761 5052 1202 5119; x_wconf 88' lang='lat' dir='ltr'>combussisset,</span> <span class='ocrx_word' id='word_1_709' title='bbox 1219 5055 1457 5111; x_wconf 86' lang='lat' dir='ltr'>vidisset</span> <span class='ocrx_word' id='word_1_710' title='bbox 1480 5063 1671 5114; x_wconf 89' lang='lat' dir='ltr'>autem</span> <span class='ocrx_word' id='word_1_711' title='bbox 1696 5061 1889 5116; x_wconf 89' lang='lat' dir='ltr'>omnia</span> <span class='ocrx_word' id='word_1_712' title='bbox 1910 5077 2043 5118; x_wconf 91' lang='lat' dir='ltr'>con-</span> 
     </span>
    </p>
   </div>
   <div class='ocr_carea' id='block_1_103' title="bbox 400 5139 2043 5218">
    <p class='ocr_par' dir='ltr' id='par_1_103' title="bbox 400 5139 2043 5218">
     <span class='ocr_line' id='line_1_104' title="bbox 400 5139 2043 5218; baseline 0.009 -26"><span class='ocrx_word' id='word_1_713' title='bbox 400 5139 569 5206; x_wconf 89' lang='lat' dir='ltr'>victa,</span> <span class='ocrx_word' id='word_1_714' title='bbox 604 5144 660 5192; x_wconf 90' lang='lat' dir='ltr'>et</span> <span class='ocrx_word' id='word_1_715' title='bbox 686 5140 927 5207; x_wconf 88' lang='lat' dir='ltr'>periisse</span> <span class='ocrx_word' id='word_1_716' title='bbox 962 5145 1263 5201; x_wconf 88' lang='lat' dir='ltr'>machinas</span> <span class='ocrx_word' id='word_1_717' title='bbox 1296 5146 1737 5218; x_wconf 88' lang='lat' dir='ltr'>suppliciorum,</span> <span class='ocrx_word' id='word_1_718' title='bbox 1770 5150 1953 5205; x_wconf 90' lang='lat' dir='ltr'>Probo</span> <span class='ocrx_word' id='word_1_719' title='bbox 1989 5154 2043 5206; x_wconf 89' lang='lat' dir='ltr'>et</span> 
     </span>
    </p>
   </div>
   <div class='ocr_carea' id='block_1_104' title="bbox 394 5226 2043 5313">
    <p class='ocr_par' dir='ltr' id='par_1_104' title="bbox 394 5226 2043 5313">
     <span class='ocr_line' id='line_1_105' title="bbox 394 5226 2043 5313; baseline 0.012 -34"><span class='ocrx_word' id='word_1_720' title='bbox 394 5226 723 5313; x_wconf 79' lang='lat' dir='ltr'>Andronico</span> <span class='ocrx_word' id='word_1_721' title='bbox 755 5230 1018 5287; x_wconf 84' lang='lat' dir='ltr'>carnium</span> <span class='ocrx_word' id='word_1_722' title='bbox 1052 5235 1109 5289; x_wconf 90' lang='lat' dir='ltr'>in</span> <span class='ocrx_word' id='word_1_723' title='bbox 1145 5252 1241 5291; x_wconf 91' lang='lat' dir='ltr'>ara</span> <span class='ocrx_word' id='word_1_724' title='bbox 1272 5237 1746 5307; x_wconf 80' lang='lat' dir='ltr'>sacrificatarum,</span> <span class='ocrx_word' id='word_1_725' title='bbox 1773 5246 1829 5296; x_wconf 90' lang='lat' dir='ltr'>et</span> <span class='ocrx_word' id='word_1_726' title='bbox 1850 5244 2043 5313; x_wconf 82' lang='lat' dir='ltr'>profa-</span> 
     </span>
    </p>
   </div>
   <div class='ocr_carea' id='block_1_105' title="bbox 397 5310 2042 5454">
    <p class='ocr_par' dir='ltr' id='par_1_105' title="bbox 397 5310 2042 5454">
     <span class='ocr_line' id='line_1_106' title="bbox 397 5310 2042 5454; baseline 0.013 -88"><span class='ocrx_word' id='word_1_727' title='bbox 397 5329 606 5454; x_wconf 57' lang='lat' dir='ltr'>gorlum</span> <span class='ocrx_word' id='word_1_728' title='bbox 660 5310 1011 5374; x_wconf 87' lang='lat' dir='ltr'>libaminum</span> <span class='ocrx_word' id='word_1_729' title='bbox 1057 5330 1296 5395; x_wconf 82' lang='lat' dir='ltr'>gustum</span> <span class='ocrx_word' id='word_1_730' title='bbox 1331 5326 1511 5383; x_wconf 89' lang='lat' dir='ltr'>miser</span> <span class='ocrx_word' id='word_1_731' title='bbox 1541 5329 1790 5386; x_wconf 88' lang='lat' dir='ltr'>irridens</span> <span class='ocrx_word' id='word_1_732' title='bbox 1832 5310 2042 5403; x_wconf 78' lang='lat' dir='ltr'>expro-</span> 
     </span>
     <span class='ocr_line' id='line_1_107' title="bbox 440 5405 620 5453; baseline -0.022 -1"><span class='ocrx_word' id='word_1_733' title='bbox 440 5418 499 5453; x_wconf 88' lang='lat' dir='ltr'>ra</span> <span class='ocrx_word' id='word_1_734' title='bbox 546 5405 620 5452; x_wconf 90' lang='lat' dir='ltr'>at.</span> 
     </span>
    </p>
   </div>
   <div class='ocr_carea' id='block_1_106' title="bbox 440 5405 620 5453">
    <p class='ocr_par' dir='ltr' id='par_1_106' title="bbox 440 5405 620 5453">
     <span class='ocr_line' id='line_1_108' title="bbox 440 5405 620 5453; baseline -0.028 0"><span class='ocrx_word' id='word_1_735' title='bbox 440 5405 620 5453; x_wconf 89' lang='lat' dir='ltr'>rabat.</span> 
     </span>
    </p>
   </div>
   <div class='ocr_carea' id='block_1_107' title="bbox 467 5486 2046 5567">
    <p class='ocr_par' dir='ltr' id='par_1_107' title="bbox 467 5486 2046 5567">
     <span class='ocr_line' id='line_1_109' title="bbox 467 5486 2046 5567; baseline 0.02 -30"><span class='ocrx_word' id='word_1_736' title='bbox 467 5486 527 5537; x_wconf 87' lang='lat' dir='ltr'>X.</span> <span class='ocrx_word' id='word_1_737' title='bbox 564 5487 727 5539; x_wconf 91' lang='lat' dir='ltr'>Tunc</span> <span class='ocrx_word' id='word_1_738' title='bbox 761 5486 1135 5556; x_wconf 86' lang='lat' dir='ltr'>Andronicus</span> <span class='ocrx_word' id='word_1_739' title='bbox 1172 5504 1331 5558; x_wconf 82' lang='lat' dir='ltr'>valde</span> <span class='ocrx_word' id='word_1_740' title='bbox 1382 5508 1575 5561; x_wconf 87' lang='lat' dir='ltr'>ridens</span> <span class='ocrx_word' id='word_1_741' title='bbox 1632 5509 1787 5563; x_wconf 90' lang='lat' dir='ltr'>illius</span> <span class='ocrx_word' id='word_1_742' title='bbox 1846 5527 2046 5567; x_wconf 88' lang='lat' dir='ltr'>amen-</span> 
     </span>
    </p>
   </div>
   <div class='ocr_carea' id='block_1_108' title="bbox 392 5572 2045 5663">
    <p class='ocr_par' dir='ltr' id='par_1_108' title="bbox 392 5572 2045 5663">
     <span class='ocr_line' id='line_1_110' title="bbox 392 5572 2045 5663; baseline 0.018 -35"><span class='ocrx_word' id='word_1_743' title='bbox 392 5572 551 5638; x_wconf 77' lang='lat' dir='ltr'>tiam,</span> <span class='ocrx_word' id='word_1_744' title='bbox 587 5572 891 5638; x_wconf 65' lang='lat' dir='ltr'>respondit</span> <span class='ocrx_word' id='word_1_745' title='bbox 921 5594 1026 5647; x_wconf 79' lang='lat' dir='ltr'>pro</span> <span class='ocrx_word' id='word_1_746' title='bbox 1075 5604 1135 5644; x_wconf 87' lang='lat' dir='ltr'>se</span> <span class='ocrx_word' id='word_1_747' title='bbox 1178 5589 1473 5663; x_wconf 89' lang='lat' dir='ltr'>Proboque</span> <span class='ocrx_word' id='word_1_748' title='bbox 1504 5611 1516 5650; x_wconf 93' lang='lat'>:</span> <span class='ocrx_word' id='word_1_749' title='bbox 1551 5597 1689 5650; x_wconf 91' lang='lat' dir='ltr'>Post</span> <span class='ocrx_word' id='word_1_750' title='bbox 1731 5599 1915 5655; x_wconf 90' lang='lat' dir='ltr'>multa</span> <span class='ocrx_word' id='word_1_751' title='bbox 1945 5604 2045 5656; x_wconf 86' lang='lat' dir='ltr'>tua</span> 
     </span>
    </p>
   </div>
   <div class='ocr_carea' id='block_1_109' title="bbox 2146 4606 3775 4688">
    <p class='ocr_par' dir='ltr' id='par_1_109' title="bbox 2146 4606 3775 4688">
     <span class='ocr_line' id='line_1_111' title="bbox 2146 4606 3775 4688; baseline -0.003 -22"><span class='ocrx_word' id='word_1_752' title='bbox 2146 4614 2275 4685; x_wconf 87' lang='grc' dir='ltr'>κρέα</span> <span class='ocrx_word' id='word_1_753' title='bbox 2314 4616 2411 4688; x_wconf 65' lang='grc' dir='ltr'>φεῦ</span> <span class='ocrx_word' id='word_1_754' title='bbox 2467 4616 2685 4683; x_wconf 86' lang='grc' dir='ltr'>μιαραῖς</span> <span class='ocrx_word' id='word_1_755' title='bbox 2747 4608 2954 4672; x_wconf 85' lang='grc' dir='ltr'>θυσίαις</span> <span class='ocrx_word' id='word_1_756' title='bbox 3010 4607 3361 4682; x_wconf 74' lang='grc' dir='ltr'>ἡλισγημένα</span> <span class='ocrx_word' id='word_1_757' title='bbox 3414 4610 3493 4677; x_wconf 77' lang='grc' dir='ltr'>τῷ</span> <span class='ocrx_word' id='word_1_758' title='bbox 3552 4606 3775 4679; x_wconf 70' lang='grc' dir='ltr'>στόματι</span> 
     </span>
    </p>
   </div>
   <div class='ocr_carea' id='block_1_110' title="bbox 2143 4692 3768 4773">
    <p class='ocr_par' dir='ltr' id='par_1_110' title="bbox 2143 4692 3768 4773">
     <span class='ocr_line' id='line_1_112' title="bbox 2143 4692 3768 4773; baseline -0.006 -17"><span class='ocrx_word' id='word_1_759' title='bbox 2143 4698 2424 4773; x_wconf 72' lang='grc' dir='ltr'>ἐμϐαλὼν,</span> <span class='ocrx_word' id='word_1_760' title='bbox 2454 4700 2541 4753; x_wconf 87' lang='grc' dir='ltr'>καὶ</span> <span class='ocrx_word' id='word_1_761' title='bbox 2578 4696 2725 4752; x_wconf 80' lang='grc' dir='ltr'>οἷ’νου</span> <span class='ocrx_word' id='word_1_762' title='bbox 2754 4702 2861 4751; x_wconf 88' lang='grc' dir='ltr'>τῶν</span> <span class='ocrx_word' id='word_1_763' title='bbox 2906 4696 3337 4769; x_wconf 82' lang='grc' dir='ltr'>μεμολυσμένων</span> <span class='ocrx_word' id='word_1_764' title='bbox 3371 4692 3615 4750; x_wconf 89' lang='grc' dir='ltr'>σπονδῶν</span> <span class='ocrx_word' id='word_1_765' title='bbox 3648 4715 3768 4768; x_wconf 81' lang='grc' dir='ltr'>προ-</span> 
     </span>
    </p>
   </div>
   <div class='ocr_carea' id='block_1_111' title="bbox 2146 4783 3770 4864">
    <p class='ocr_par' dir='ltr' id='par_1_111' title="bbox 2146 4783 3770 4864">
     <span class='ocr_line' id='line_1_113' title="bbox 2146 4783 3770 4864; baseline -0.005 -19"><span class='ocrx_word' id='word_1_766' title='bbox 2146 4788 2326 4847; x_wconf 85' lang='grc' dir='ltr'>σέσθαι</span> <span class='ocrx_word' id='word_1_767' title='bbox 2382 4787 2807 4864; x_wconf 78' lang='grc' dir='ltr'>καταναγκάσας,</span> <span class='ocrx_word' id='word_1_768' title='bbox 2856 4784 3013 4847; x_wconf 88' lang='grc' dir='ltr'>τέλος</span> <span class='ocrx_word' id='word_1_769' title='bbox 3092 4784 3237 4855; x_wconf 83' lang='grc' dir='ltr'>αύτῷ</span> <span class='ocrx_word' id='word_1_770' title='bbox 3282 4785 3411 4847; x_wconf 80' lang='grc' dir='ltr'>τοὺς</span> <span class='ocrx_word' id='word_1_771' title='bbox 3466 4783 3770 4860; x_wconf 59' lang='grc' dir='ltr'>ὀφθαλμοὺς</span> 
     </span>
    </p>
   </div>
   <div class='ocr_carea' id='block_1_112' title="bbox 2145 4870 3779 4956">
    <p class='ocr_par' dir='ltr' id='par_1_112' title="bbox 2145 4870 3779 4956">
     <span class='ocr_line' id='line_1_114' title="bbox 2145 4870 3779 4956; baseline -0.004 -23"><span class='ocrx_word' id='word_1_772' title='bbox 2145 4882 2502 4956; x_wconf 81' lang='grc' dir='ltr'>ἐξορυχθῆναι</span> <span class='ocrx_word' id='word_1_773' title='bbox 2570 4875 2916 4949; x_wconf 84' lang='grc' dir='ltr'>προστάττει.</span> <span class='ocrx_word' id='word_1_774' title='bbox 2978 4872 3194 4928; x_wconf 83' lang='grc' dir='ltr'>Πάντων</span> <span class='ocrx_word' id='word_1_775' title='bbox 3254 4870 3309 4927; x_wconf 78' lang='grc' dir='ltr'>δέ</span> <span class='ocrx_word' id='word_1_776' title='bbox 3367 4874 3599 4945; x_wconf 87' lang='grc' dir='ltr'>ὁμοίως,</span> <span class='ocrx_word' id='word_1_777' title='bbox 3657 4872 3779 4934; x_wconf 73' lang='grc' dir='ltr'>τοὺς</span> 
     </span>
    </p>
   </div>
   <div class='ocr_carea' id='block_1_113' title="bbox 2151 4959 3783 5045">
    <p class='ocr_par' dir='ltr' id='par_1_113' title="bbox 2151 4959 3783 5045">
     <span class='ocr_line' id='line_1_115' title="bbox 2151 4959 3783 5045; baseline -0.005 -22"><span class='ocrx_word' id='word_1_778' title='bbox 2151 4969 2375 5045; x_wconf 69' lang='grc' dir='ltr'>μαζοὺς,</span> <span class='ocrx_word' id='word_1_779' title='bbox 2406 4969 2499 5029; x_wconf 79' lang='grc' dir='ltr'>τὰς</span> <span class='ocrx_word' id='word_1_780' title='bbox 2538 4964 2795 5039; x_wconf 74' lang='grc' dir='ltr'>πλευρὰς.</span> <span class='ocrx_word' id='word_1_781' title='bbox 2831 4963 2928 5024; x_wconf 82' lang='grc' dir='ltr'>τὰς</span> <span class='ocrx_word' id='word_1_782' title='bbox 2958 4964 3197 5035; x_wconf 73' lang='grc' dir='ltr'>κνήμας,</span> <span class='ocrx_word' id='word_1_783' title='bbox 3247 4961 3313 5016; x_wconf 75' lang='grc' dir='ltr'>τὰ</span> <span class='ocrx_word' id='word_1_784' title='bbox 3356 4962 3488 5035; x_wconf 89' lang='grc' dir='ltr'>μέσα</span> <span class='ocrx_word' id='word_1_785' title='bbox 3535 4967 3643 5017; x_wconf 88' lang='grc' dir='ltr'>τῶν</span> <span class='ocrx_word' id='word_1_786' title='bbox 3690 4959 3783 5016; x_wconf 80' lang='grc' dir='ltr'>δα·</span> 
     </span>
    </p>
   </div>
   <div class='ocr_carea' id='block_1_114' title="bbox 2146 5047 3787 5129">
    <p class='ocr_par' dir='ltr' id='par_1_114' title="bbox 2146 5047 3787 5129">
     <span class='ocr_line' id='line_1_116' title="bbox 2146 5047 3787 5129; baseline -0.008 -14"><span class='ocrx_word' id='word_1_787' title='bbox 2146 5060 2359 5116; x_wconf 86' lang='grc' dir='ltr'>κτύλων</span> <span class='ocrx_word' id='word_1_788' title='bbox 2415 5052 2825 5129; x_wconf 86' lang='grc' dir='ltr'>πεπυρωμένοις</span> <span class='ocrx_word' id='word_1_789' title='bbox 2876 5047 3095 5113; x_wconf 77' lang='grc' dir='ltr'>ὀϐελοῖς</span> <span class='ocrx_word' id='word_1_790' title='bbox 3162 5050 3428 5119; x_wconf 80' lang='grc' dir='ltr'>ἐπελθών,</span> <span class='ocrx_word' id='word_1_791' title='bbox 3475 5054 3566 5105; x_wconf 85' lang='grc' dir='ltr'><strong>καί</strong></span> <span class='ocrx_word' id='word_1_792' title='bbox 3617 5050 3787 5105; x_wconf 87' lang='grc' dir='ltr'>ὀστῶν</span> 
     </span>
    </p>
   </div>
   <div class='ocr_carea' id='block_1_115' title="bbox 2150 5135 3788 5225">
    <p class='ocr_par' dir='ltr' id='par_1_115' title="bbox 2150 5135 3788 5225">
     <span class='ocr_line' id='line_1_117' title="bbox 2150 5135 3788 5225; baseline -0.005 -24"><span class='ocrx_word' id='word_1_793' title='bbox 2150 5150 2281 5225; x_wconf 80' lang='grc' dir='ltr'>ἄχρι</span> <span class='ocrx_word' id='word_1_794' title='bbox 2346 5143 2704 5213; x_wconf 80' lang='grc' dir='ltr'>κατακαύσας,</span> <span class='ocrx_word' id='word_1_795' title='bbox 2776 5142 2851 5204; x_wconf 86' lang='grc' dir='ltr'>ὡς</span> <span class='ocrx_word' id='word_1_796' title='bbox 2920 5138 3059 5195; x_wconf 80' lang='grc' dir='ltr'>εἶδεν</span> <span class='ocrx_word' id='word_1_797' title='bbox 3136 5135 3341 5195; x_wconf 72' lang='grc' dir='ltr'>ἅπαντα</span> <span class='ocrx_word' id='word_1_798' title='bbox 3418 5137 3788 5216; x_wconf 81' lang='grc' dir='ltr'>ἐληλεγμένα,</span> 
     </span>
    </p>
   </div>
   <div class='ocr_carea' id='block_1_116' title="bbox 2150 5224 3790 5314">
    <p class='ocr_par' dir='ltr' id='par_1_116' title="bbox 2150 5224 3790 5314">
     <span class='ocr_line' id='line_1_118' title="bbox 2150 5224 3790 5314; baseline -0.008 -19"><span class='ocrx_word' id='word_1_799' title='bbox 2150 5224 2239 5295; x_wconf 74' lang='grc' dir='ltr'>καὶ</span> <span class='ocrx_word' id='word_1_800' title='bbox 2282 5233 2491 5314; x_wconf 68' lang='grc' dir='ltr'>ερροῦδα</span> <span class='ocrx_word' id='word_1_801' title='bbox 2536 5236 2603 5291; x_wconf 73' lang='grc' dir='ltr'>τὰ</span> <span class='ocrx_word' id='word_1_802' title='bbox 2657 5238 2764 5288; x_wconf 86' lang='grc' dir='ltr'>τῶν</span> <span class='ocrx_word' id='word_1_803' title='bbox 2816 5230 3093 5288; x_wconf 80' lang='grc' dir='ltr'>κολάσεων</span> <span class='ocrx_word' id='word_1_804' title='bbox 3145 5231 3538 5306; x_wconf 79' lang='grc' dir='ltr'>μηχανήματα.</span> <span class='ocrx_word' id='word_1_805' title='bbox 3590 5224 3790 5306; x_wconf 79' lang='grc' dir='ltr'>Πρόϐῳ</span> 
     </span>
    </p>
   </div>
   <div class='ocr_carea' id='block_1_117' title="bbox 2150 5317 3790 5400">
    <p class='ocr_par' dir='ltr' id='par_1_117' title="bbox 2150 5317 3790 5400">
     <span class='ocr_line' id='line_1_119' title="bbox 2150 5317 3790 5400; baseline -0.008 -15"><span class='ocrx_word' id='word_1_806' title='bbox 2150 5328 2239 5385; x_wconf 77' lang='grc' dir='ltr'>καὶ</span> <span class='ocrx_word' id='word_1_807' title='bbox 2270 5324 2592 5400; x_wconf 85' lang='grc' dir='ltr'>Ἀνδρονίκῳ</span> <span class='ocrx_word' id='word_1_808' title='bbox 2653 5322 2841 5397; x_wconf 87' lang='grc' dir='ltr'>μόνοις</span> <span class='ocrx_word' id='word_1_809' title='bbox 2888 5322 2987 5391; x_wconf 74' lang='grc' dir='ltr'>τήν</span> <span class='ocrx_word' id='word_1_810' title='bbox 3018 5342 3077 5375; x_wconf 89' lang='grc' dir='ltr'>τε</span> <span class='ocrx_word' id='word_1_811' title='bbox 3104 5324 3212 5375; x_wconf 89' lang='grc' dir='ltr'>τῶν</span> <span class='ocrx_word' id='word_1_812' title='bbox 3254 5317 3569 5392; x_wconf 85' lang='grc' dir='ltr'>ἐπινωμίων</span> <span class='ocrx_word' id='word_1_813' title='bbox 3616 5322 3790 5392; x_wconf 87' lang='grc' dir='ltr'>κρεῶν</span> 
     </span>
    </p>
   </div>
   <div class='ocr_carea' id='block_1_118' title="bbox 2151 5407 3280 5485">
    <p class='ocr_par' dir='ltr' id='par_1_118' title="bbox 2151 5407 3280 5485">
     <span class='ocr_line' id='line_1_120' title="bbox 2151 5407 3280 5485; baseline -0.005 -13"><span class='ocrx_word' id='word_1_814' title='bbox 2151 5418 2239 5473; x_wconf 81' lang='grc' dir='ltr'>καὶ</span> <span class='ocrx_word' id='word_1_815' title='bbox 2269 5419 2367 5485; x_wconf 70' lang='grc' dir='ltr'>τὴν</span> <span class='ocrx_word' id='word_1_816' title='bbox 2396 5417 2502 5469; x_wconf 87' lang='grc' dir='ltr'>τῶν</span> <span class='ocrx_word' id='word_1_817' title='bbox 2535 5412 2759 5485; x_wconf 85' lang='grc' dir='ltr'>ἀνιέρων</span> <span class='ocrx_word' id='word_1_818' title='bbox 2794 5407 3041 5466; x_wconf 89' lang='grc' dir='ltr'>σπονδῶν</span> <span class='ocrx_word' id='word_1_819' title='bbox 3080 5414 3280 5484; x_wconf 79' lang='grc' dir='ltr'>γεῦσιν.</span> 
     </span>
    </p>
   </div>
   <div class='ocr_carea' id='block_1_119' title="bbox 2224 5493 3796 5573">
    <p class='ocr_par' dir='ltr' id='par_1_119' title="bbox 2224 5493 3796 5573">
     <span class='ocr_line' id='line_1_121' title="bbox 2224 5493 3796 5573; baseline -0.006 -11"><span class='ocrx_word' id='word_1_820' title='bbox 2224 5509 2281 5563; x_wconf 80' lang='grc' dir='ltr'><strong><em>Γ.</em></strong></span> <span class='ocrx_word' id='word_1_821' title='bbox 2342 5500 2729 5573; x_wconf 75' lang='grc' dir='ltr'>Ἐ’πιτωθάζων</span> <span class='ocrx_word' id='word_1_822' title='bbox 2799 5503 2826 5555; x_wconf 86' lang='grc' dir='ltr'>ὁ</span> <span class='ocrx_word' id='word_1_823' title='bbox 2886 5498 3127 5562; x_wconf 83' lang='grc' dir='ltr'>δείλαιος</span> <span class='ocrx_word' id='word_1_824' title='bbox 3186 5493 3574 5565; x_wconf 75' lang='grc' dir='ltr'>κατωνείδιζεν·</span> <span class='ocrx_word' id='word_1_825' title='bbox 3628 5496 3679 5550; x_wconf 77' lang='grc' dir='ltr'>οἱ</span> <span class='ocrx_word' id='word_1_826' title='bbox 3738 5493 3796 5552; x_wconf 75' lang='grc' dir='ltr'>δὲ</span> 
     </span>
    </p>
   </div>
   <div class='ocr_carea' id='block_1_120' title="bbox 2151 5583 3794 5672">
    <p class='ocr_par' dir='ltr' id='par_1_120' title="bbox 2151 5583 3794 5672">
     <span class='ocr_line' id='line_1_122' title="bbox 2151 5583 3794 5672; baseline -0.007 -22"><span class='ocrx_word' id='word_1_827' title='bbox 2151 5600 2391 5672; x_wconf 83' lang='grc' dir='ltr'>γενναῖοι</span> <span class='ocrx_word' id='word_1_828' title='bbox 2427 5593 2607 5671; x_wconf 81' lang='grc' dir='ltr'>μακρὰ</span> <span class='ocrx_word' id='word_1_829' title='bbox 2652 5594 2751 5663; x_wconf 78' lang='grc' dir='ltr'>τήν</span> <span class='ocrx_word' id='word_1_830' title='bbox 2794 5589 2980 5647; x_wconf 80' lang='grc' dir='ltr'>ἄνοιαν</span> <span class='ocrx_word' id='word_1_831' title='bbox 3040 5587 3243 5645; x_wconf 82' lang='grc' dir='ltr'>ἐκείνου</span> <span class='ocrx_word' id='word_1_832' title='bbox 3287 5584 3632 5664; x_wconf 79' lang='grc' dir='ltr'>γελάσαντες,</span> <span class='ocrx_word' id='word_1_833' title='bbox 3684 5583 3794 5641; x_wconf 84' lang='grc' dir='ltr'>ἆπ-</span> 
     </span>
    </p>
   </div>
  </div>
