4142 6248
406 284 561 345 1079

1732 280 1895 340 ΜΕΝ
1905 276 2018 339 SIS
2060 274 2436 337 OCTOBER.

3641 268 3822 330 1080

405 442 598 510 sisset,
616 458 789 499 suum
815 442 1050 513 quidem
1074 441 1323 497 refrenat
1341 441 1651 512 impetum,
1677 438 1922 508 procidit
1944 454 2043 491 au-

2179 454 2311 502 rasa,
2340 433 2428 486 καὶ
2482 432 2589 503 ὀξεῖ
2647 427 2837 503 δρόμῳ
2892 432 3007 487 τοῖς
3068 425 3299 500 μάρτυσι
3354 425 3820 513 προσπελάσάσα,

406 532 525 584 tem
574 529 646 584 ad
695 530 867 599 pedes
917 532 1271 584 sanctorum.
1316 527 1607 583 Tarachus
1664 530 1857 582 autem
1907 541 2040 581 cum

410 621 671 673 sanctam
703 632 940 672 manum
972 616 1343 682 extendisset,
1366 620 1422 671 et
1452 616 1660 687 partim
1693 615 1925 687 quidem
1962 614 2044 682 pi-

410 705 504 771 lis,
539 705 745 775 partim
780 720 914 760 vero
945 720 1082 761 aure
1118 705 1621 776 apprehendisset,
1656 705 1725 759 ad
1760 720 1821 759 se
1851 702 2049 757 trahe-

414 793 527 848 bat.
554 793 658 847 Illa
679 795 871 848 autem
906 808 1040 847 cum
1075 792 1311 864 placidae
1334 793 1456 848 ovis
1478 794 1683 858 instar,
1708 791 2047 848 contrectari

414 896 530 936 non
561 880 870 947 renuisset,
894 882 963 935 ad
998 885 1220 951 portam
1254 885 1456 952 postea
1485 881 1757 946 accurrit,
1780 888 1833 936 et
1862 880 2050 935 inﬁxit

417 971 620 1024 dentes
654 968 889 1034 tabulis,
922 973 980 1023 et
1008 984 1107 1038 per
1154 969 1265 1024 vim
1314 970 1630 1025 conabatur
1675 969 1908 1042 egredi:
1945 982 2049 1023 nec

418 1057 580 1128 prius
611 1056 852 1124 dimisit,
876 1072 1048 1127 quam
1071 1056 1381 1114 clamasset
1400 1058 1649 1129 populus
1675 1058 1891 1127 jubens
1921 1071 2047 1112 eam

418 1146 571 1201 foras
601 1145 772 1200 exire.
803 1145 932 1199 Hec
955 1147 1146 1199 autem
1178 1149 1233 1200 et
1262 1144 1354 1200 his
1385 1146 1600 1201 similia
1633 1162 1803 1201 nemo
1836 1143 2055 1216 putarit

421 1249 535 1288 non
569 1233 876 1300 credenda,
911 1232 1111 1303 legens
1142 1232 1475 1304 epistolam,
1508 1250 1683 1304 quam
1717 1232 1952 1303 scripsit
1981 1232 2051 1285 ad

423 1322 716 1377 Romanos
748 1321 980 1376 divinus
1012 1322 1287 1390 Ignatius.
1313 1322 1406 1377 Sic
1434 1321 1589 1378 enim
1622 1321 1833 1377 habet:
1860 1321 2055 1390 Mein-

422 1411 608 1465 verint
642 1411 838 1465 bestia:
867 1410 1010 1465 mihi
1046 1415 1257 1481 parata:
1305 1427 1453 1482 quas
1501 1411 1677 1466 etiam
1708 1415 1842 1482 opto
1873 1410 1931 1464 in
1965 1423 2057 1464 me

424 1498 667 1553 inveniri
702 1502 1022 1569 promptas.
1054 1498 1277 1561 Quibus
1327 1500 1501 1555 etiam
1554 1500 1844 1567 blandiar,
1880 1503 1939 1552 ut
1970 1513 2061 1551 me

426 1587 676 1642 breviter
723 1588 1015 1642 devorent.
1048 1586 1207 1649 Quod
1265 1588 1312 1643 si
1370 1590 1545 1643 etiam
1596 1588 1805 1655 nolint,
1833 1603 1937 1659 ego
1978 1586 2062 1641 eis

425 1673 541 1729 vim
575 1674 833 1730 atteram.

500 1763 617 1818 XII.
648 1763 792 1820 Hinc
820 1766 1107 1821 Maximus
1139 1765 1318 1819 animi
1366 1766 1600 1835 dubius,
1634 1765 1921 1837 planeque
1961 1780 2061 1819 ne-
2096 1759 2149 1822 Β

431 1852 622 1907 sciens
653 1853 792 1922 quid
825 1859 1040 1925 ageret,
1072 1869 1205 1909 cum
1249 1853 1469 1909 videret
1509 1863 1738 1910 sanctos
1786 1858 2065 1924 martyres

430 1956 532 2009 per
575 1940 769 1995 omnia
819 1942 1209 2012 resplendere,
1242 1947 1299 1999 et
1326 1942 1524 1998 haberi
1558 1944 1617 1999 in
1660 1943 2066 2007 admiratione,

432 2044 531 2084 eos
564 2033 748 2084 morte
775 2032 1143 2087 condemnat.
1168 2031 1274 2095 Qui
1296 2048 1452 2090 eum.
1473 2037 1749 2103 tanquam
1772 2049 1890 2087 rem
1916 2030 2070 2086 desi-

432 2116 713 2187 deratam,
748 2117 895 2173 hanc
941 2123 1249 2175 extremam
1301 2122 1663 2191 accepissent
1699 2120 2067 2187 sententiam,

435 2209 721 2263 truncatis
751 2209 1061 2279 capitibus,
1094 2211 1351 2267 coronati
1382 2213 1636 2284 migrant
1667 2213 1736 2267 ad
1768 2228 1960 2267 veram
1994 2211 2073 2265 vi-

434 2299 577 2362 tam,
605 2297 835 2351 fruituri
860 2300 1113 2368 praemiis
1141 2300 1619 2371 immortalitatis,
1643 2307 1699 2356 et
1728 2319 1815 2369 ea,
1839 2319 1964 2372 quae
1988 2307 2073 2356 est

439 2383 578 2449 illic,
612 2383 984 2440 beatitudine.
1012 2386 1123 2442 Sed
1147 2388 1377 2444 invidus
1400 2389 1660 2461 quidem,
1683 2396 1740 2446 et
1760 2392 2073 2446 sceleratus

434 2473 635 2541 judex,
668 2474 836 2528 nobis
877 2474 1142 2531 invidens
1192 2483 1525 2533 sanctorum
1576 2479 1870 2550 reliquias,
1908 2480 2075 2549 jubet

441 2577 677 2629 corpora
709 2565 1027 2633 martyrum
1070 2566 1331 2632 profanis
1374 2566 1681 2621 admisceri
1708 2568 2071 2637 corporibus,

442 2664 569 2718 quae
603 2649 832 2703 fuerant
863 2650 1163 2706 interfecta
1185 2668 1218 2706 a
1239 2653 1677 2721 gladiatoribus,
1701 2656 1895 2709 decem
1918 2656 2071 2710 mili-

440 2736 596 2791 tibus
639 2739 946 2804 mandans,
980 2744 1042 2794 ut
1088 2754 1151 2794 ea
1198 2746 1512 2796 servarent.
1541 2742 1693 2799 Deus
1736 2747 1928 2799 autem
1976 2761 2071 2800 re-

443 2841 570 2879 rum
601 2825 1055 2895 admirabilium,
1081 2829 1523 2885 convivantibus
1552 2831 1913 2900 custodibus,
1945 2849 2074 2888 cum

436 2913 557 2982 jam
589 2929 791 2984 rogum
824 2915 1242 2985 accendissent,
1276 2934 1487 2989 magna
1518 2920 1572 2975 vi
1604 2925 1839 2992 repente
1869 2922 2075 2977 caden-

442 3002 587 3056 tium
635 3002 934 3073 imbrium,
963 3010 1019 3060 et
1047 3005 1264 3077 ingenti
1314 3013 1667 3077 terrmmotu,
1702 3026 1907 3082 rogum
1950 3011 2077 3082 qui-

2151 524 2378 596 χαλινοῖ
2429 520 2520 593 μὲν
2577 519 2771 586 ἑαυτὴν
2812 522 2912 586 τῆς
2967 514 3169 590 ὁρμῆς,
3229 513 3529 569 ὐποκύπτει
3570 512 3627 569 δὲ
3681 519 3821 574 τοῖς

2151 614 2258 664 τῶν
2292 610 2451 663 ὁσίων
2480 607 2628 664 ποσί.
2652 605 2903 683 Τάραχος
2938 602 2994 659 δὲ
3031 604 3131 672 τήν
3173 603 3322 678 ἁγίαν
3356 602 3593 665 ἐκτείνας
3618 609 3821 679 χεῖρα,

2152 696 2240 752 καὶ
2307 703 2382 765 πῆ
2446 697 2538 769 μὲν
2596 699 2702 748 τῶν
2742 697 2972 767 τριχῶν,
3025 698 3101 761 πῆ
3158 689 3214 746 δὲ
3251 696 3349 745 τοῦ
3408 691 3548 755 ὠτὸς
3596 689 3822 759 ἐκείνης

2153 782 2596 859 λαμϐανόμενος,
2650 782 2800 838 εἷλκε
2849 783 2985 856 πρὸς
3046 782 3259 848 ἑαυτὸν,
3319 783 3353 849 ἡ
3396 778 3456 835 δὲ
3510 781 3610 848 τὴν
3664 780 3823 857 ἀφὴν

2154 875 2376 948 ἡμέρως
2433 875 2507 936 ὼς
2574 868 2847 947 πρόϐατον
2906 870 3334 943 ἀποσεισαμένη,
3393 870 3483 924 καὶ
3548 872 3617 942 τῇ
3676 868 3827 943 θύρᾳ

2154 961 2600 1037 προσδραμοῦσα,
2644 961 2774 1021 τοὺς
2816 957 3039 1019 ὀδόντας
3079 964 3199 1020 ταῖς
3248 959 3423 1013 σανίσι
3479 957 3824 1032 προσέπηξε·

2158 1052 2258 1108 Καὶ
2310 1050 2541 1120 ἐξελθεῖν
2597 1045 2864 1118 ἐϐιάζετο,
2896 1048 2986 1102 καὶ
3028 1048 3130 1102 οὐκ
3168 1048 3360 1117 ἀνῆκεν
3403 1046 3508 1111 ἕως
3546 1047 3574 1101 6
3635 1044 3828 1117 δῆμος

2158 1139 2257 1210 ἔξω
2297 1140 2541 1214 γενέσθαι
2580 1139 2781 1207 ταύτην
2841 1132 3054 1207 ἐϐόησε.
3097 1140 3281 1194 Ταῦτα
3328 1134 3387 1191 δὲ
3429 1133 3630 1209 μηδεὶς
3689 1137 3828 1190 ἀπιο

2162 1227 2350 1283 στείτω
2381 1228 2467 1283 καὶ
2499 1228 2565 1281 τά
2610 1226 2881 1288 τοιούτοις
2931 1226 3119 1299 ὅμοια,
3149 1226 3248 1293 τὴν
3300 1224 3594 1293 ἐπιστολὴν
3633 1222 3829 1299 ἀναγι-

2162 1318 2497 1385 νώσκων,ἢν
2566 1314 2842 1371 ἐπέστειλε
2906 1316 3201 1386 Ῥωμαίοις
3262 1316 3290 1369 6
3337 1313 3604 1391 θεοφόρος
3644 1312 3833 1389 Ἰγνά-

2164 1427 2302 1468 τιος.
2336 1406 2495 1479 Ἔχει
2523 1404 2623 1479 γὰρ
2664 1403 2771 1459 ὧδέ
2814 1425 2931 1465 πως
2966 1422 2979 1434 '
3029 1403 3262 1473 Οναίνην
3322 1408 3429 1457 τῶν
3469 1401 3674 1475 θηρίων
3712 1406 3835 1457 τῶν

2165 1496 2289 1566 ἐμοὶ
2326 1495 2577 1567 ἑτοίμων,
2611 1493 2643 1547 ἆ
2672 1493 2760 1547 καὶ
2801 1491 3061 1568 εὔχομαι.
3103 1494 3347 1565 σ’ἱντομά
3382 1512 3475 1565 μοι
3509 1492 3831 1566 εὑρεθῆναι,

2165 1583 2198 1638 ’ἀ
2258 1584 2347 1637 καὶ
2425 1581 2708 1638 κολακεύω
2773 1582 3052 1655 συντόμως
3134 1601 3201 1653 με
3273 1587 3627 1657 καταφαγεῖν.
3706 1580 3835 1636 Κᾶν

2168 1672 2300 1726 αὖτά
2334 1674 2408 1744 μὴ
2452 1669 2609 1745 θέλῃ,
2643 1672 2752 1746 ἐγὼ
2794 1668 2851 1726 δὲ
2879 1666 3309 1745 προσϐιάσομαι.

2244 1763 2345 1817 ΙΒ’.
2377 1762 2649 1817 Ἐντεῦθεν
2706 1766 2822 1822 τοῖς
2881 1758 3037 1823 ὅλοις
3084 1760 3111 1813 ὁ
3155 1759 3402 1831 Μάξιμος
3443 1758 3833 1830 έξαπορηθεὶς,

2173 1850 2261 1904 καὶ
2304 1846 2392 1903 διὰ
2439 1847 2653 1903 πάντων
2700 1848 3017 1923 λάμποντας
3057 1848 3147 1903 καὶ
3198 1848 3647 1921 θαυμαζομένους
3681 1849 3833 1921 ὁρῶν

2174 1937 2300 1999 τοὺς
2354 1938 2649 2012 μάρτυρας,
2694 1938 2784 1992 τὸν
2833 1935 2921 1992 διὰ
2960 1937 3146 2010 ξίφους
3180 1937 3356 1991 αὐτῶν
3388 1935 3836 2012 καταψηφίζεται

2178 2026 2421 2080 θάνατον.
2469 2026 2535 2083 Οἳ
2594 2026 2682 2081 καὶ
2740 2024 2921 2100 ὥσπερ
2969 2047 3021 2079 τι
3071 2032 3267 2101 χρῆμα
3314 2024 3676 2097 ποθούμενον,
3725 2026 3835 2093 τὴν

2176 2114 2487 2170 τελευταίαν
2556 2114 2758 2185 ταύτην
2833 2118 3013 2189 ψῆφον
3102 2112 3515 2187 ὑποδεξάμενοι,
3563 2115 3652 2167 καὶ
3734 2115 3836 2174 τὰς

2179 2203 2416 2281 κεφαλὰς
2518 2203 2894 2277 ἐκτμηθέντες,
3002 2203 3403 2278 στεφανηφόροι
3497 2204 3633 2277 πρὸς

2180 2293 2361 2363 ἀληθῆ
2400 2296 2545 2363 ζωὴν
2605 2289 3010 2365 μεταϐαίνουσι,
3040 2298 3149 2347 τῶν
3196 2300 3298 2361 τῆς
3339 2292 3634 2355 ἀθανασίας
3692 2293 3837 2365 βρα-

2182 2380 2342 2438 ϐείων
2396 2382 2485 2436 καὶ
2542 2384 2639 2449 τῆς
2690 2382 2888 2444 ἐκεῖθεν
2944 2382 3349 2455 μακαριότητος
3401 2380 3833 2441 ἀπολαύσοντες.

2183 2471 2343 2527 Ἀλλ’
2400 2472 2429 2524 6
2493 2470 2587 2542 μὲν
2647 2471 2908 2544 βάσκανος
2972 2471 3063 2525 καὶ
3139 2472 3493 2543 μιαμώτατος
3575 2467 3837 2536 δικαστής

2183 2564 2389 2636 φθονῶν
2443 2561 2576 2631 ἡμῖν
2627 2564 2734 2614 τῶν
2783 2560 2951 2634 ἁγίων
2998 2558 3296 2632 λειψάνων,
3327 2561 3391 2614 τά
3438 2560 3665 2633 σώματα
3722 2564 3835 2614 τῶν

2184 2648 2495 2723 μαρτύρων,
2553 2653 2669 2709 τοῖς
2729 2650 2873 2723 παρά
2930 2652 3034 2703 τῶν
3105 2650 3442 2724 μονομάχιον
3508 2646 3835 2722 ἇναιρεθεῖσι

2188 2734 2447 2815 βεϐήλοις
2506 2738 2738 2811 ἀνέμιξε,
2788 2740 3132 2813 στρατιωτῶν
3204 2736 3387 2794 δεκάδι
3466 2737 3834 2816 φυλάττεσθαι

2185 2833 2354 2883 ταῦτα
2419 2825 2821 2900 διαταξάμενος.
2880 2830 2939 2885 Ὸ
2994 2826 3051 2883 δὲ
3118 2833 3223 2883 τῶν
3305 2830 3619 2900 θαυμασίων
3681 2829 3835 2893 Θεὸς,

3727 2205 3837 2271 τήν

2185 2922 2291 2972 τῶν
2343 2916 2598 2994 φυλάκων
2642 2916 3041 2991 εὐωχουμένων
3080 2919 3169 2973 καὶ
3215 2918 3386 2989 πυρὰν
3436 2914 3547 2987 ἤδη
3602 2917 3831 2971 καυσάν-

2187 3029 2318 3080 των,
2351 3003 2574 3080 ὄμϐρων
2616 3007 2872 3081 ἐξαπίνης
2906 3013 3067 3087 φορᾷ,
3099 3009 3185 3062 καὶ
3235 3006 3420 3080 κλόνῳ
3466 3015 3567 3082 γῆς
3614 3006 3833 3077 ἑξουσὶῳ

442 3094 573 3148 dem
620 3094 914 3159 exstinxit,
966 3098 1238 3153 custodes
1286 3102 1479 3153 autem
1527 3100 1697 3155 vertit
1749 3101 1808 3156 in
1859 3102 2070 3172 fugam.

2189 3099 2289 3166 τὴν
2343 3097 2435 3170 μὲν
2485 3092 2688 3166 ἔσϐεσε,
2720 3098 2847 3159 τοὺς
2889 3095 2945 3152 δὲ
3002 3096 3245 3174 φυγάδας
3286 3095 3546 3167 ἀπέδειξε,
3579 3098 3669 3151 καὶ
3726 3102 3835 3152 τῶν

442 3181 696 3251 Cumque
726 3197 858 3237 cum
892 3183 1022 3238 aliis
1053 3186 1332 3254 permista
1360 3189 1556 3241 essent
1587 3196 1919 3244 sanctorum
1950 3205 2077 3246 cor-

442 3286 603 3340 pora,
636 3274 693 3325 et
723 3270 1126 3341 ignorarentur
1156 3279 1390 3345 propter
1421 3277 1711 3344 tenebras,
1743 3278 1911 3333 stella
1941 3278 2081 3332 luci-

442 3357 686 3413 dissima
716 3375 745 3413 e
776 3359 919 3415 caelo
966 3365 1181 3417 terram
1227 3363 1551 3431 illustrans,
1594 3369 1652 3421 et
1698 3370 1861 3421 stans
1903 3382 2080 3437 super

445 3449 905 3518 unumquodque
934 3466 1167 3521 corpus,
1194 3452 1436 3523 praebuit
1476 3453 1663 3510 lucem
1698 3455 1769 3509 ad
1800 3470 1867 3510 ea
1895 3470 2079 3525 agno-

445 3536 679 3605 scenda,
712 3537 869 3592 illam
904 3540 1046 3594 forte
1076 3540 1302 3596 stellam
1339 3542 1591 3611 imitans,
1616 3561 1746 3615 quae
1776 3544 1834 3599 in
1867 3544 2081 3599 Christi

444 3628 573 3679 ortu
608 3627 930 3681 secundum
962 3643 1195 3683 carnem
1219 3628 1419 3701 Magos
1448 3648 1516 3686 ex
1538 3632 1770 3689 Perside
1801 3634 2077 3701 evocavit,

443 3716 496 3766 et
547 3713 799 3768 deduxit.
844 3720 973 3769 Haec
1022 3723 1211 3771 autem
1262 3719 1412 3773 facta
1456 3725 1610 3789 sunt,
1656 3739 1789 3777 cum
1839 3724 2077 3792 quidam

444 3800 641 3855 fideles
672 3801 731 3854 in
763 3808 960 3856 monte
990 3804 1237 3873 genibus
1260 3805 1421 3861 ﬂexis
1442 3809 1754 3863 Dominum
1786 3811 2081 3882 supplices

444 3892 733 3959 rogarent,
759 3905 829 3945 ne
851 3890 1213 3961 privarentur
1243 3894 1393 3949 dono
1427 3904 1756 3953 sanctorum
1788 3900 2084 3954 membro-

444 3994 595 4045 rum,
626 3994 749 4048 quas
783 3984 1018 4050 propter
1047 3981 1175 4051 ejus
1204 3981 1450 4054 gloriam
1496 4001 1676 4057 supra
1707 3988 1943 4042 modum
1978 3989 2079 4044 de-

445 4072 760 4123 certarunt.
817 4069 895 4125 Ea
941 4086 1073 4126 vero
1120 4073 1532 4130 descendentes
1582 4076 1982 4132 sustulerunt:
2026 4083 2083 4135 et

444 4173 675 4213 summo
706 4158 919 4227 studio,
955 4166 1187 4231 propter
1215 4170 1434 4219 metum
1470 4165 1752 4236 praesidis,
1786 4166 1844 4221 in
1888 4172 2082 4225 monte

444 4247 503 4301 in
536 4250 695 4316 petra
723 4264 976 4304 concava
998 4252 1402 4321 condiderunt,
1427 4254 1814 4324 glorificantes
1838 4260 2080 4314 sanctis-

443 4335 656 4390 simum
705 4353 914 4393 nomen
965 4339 1178 4395 Christi
1224 4342 1322 4397 Dei
1369 4345 1551 4398 nostri
1586 4362 1597 4398 :
1631 4348 1905 4415 quoniam
1948 4363 2079 4403 eum

443 4423 609 4480 decet
638 4426 830 4481 omnis
855 4427 1041 4497 gloria
1070 4446 1202 4484 cum
1237 4430 1398 4484 Patre
1431 4433 1699 4503 principii
1740 4440 1992 4506 experte,
2026 4440 2082 4492 et

443 4516 647 4568 sancto
669 4512 910 4585 Spiritu,
928 4531 1082 4571 nunc
1103 4526 1155 4572 et
1174 4517 1231 4571 in
1256 4518 1469 4575 secula
1489 4520 1853 4578 saculorum.
1868 4524 2077 4581 Amen.

2193 3186 2355 3241 ὁσίων
2406 3186 2675 3257 σωμάτων
2725 3185 2920 3258 ἀναμὶξ
2975 3191 3092 3247 τοῖς
3150 3186 3347 3250 ἄλλοις
3419 3187 3683 3259 κειμένων
3751 3187 3839 3241 καὶ

2190 3274 2571 3350 ἀγνοουμένων
2624 3272 2711 3327 διὰ
2786 3276 2848 3329 τὸ
2920 3276 3137 3347 σκότος,
3195 3277 3368 3351 ἀστὴρ
3437 3279 3738 3356 φανότατος
3795 3276 3844 3347 ἐξ

2191 3365 2423 3437 οὐρανοῦ
2493 3362 2758 3437 πρόσγεια
2838 3363 3096 3438 λάμπων,
3157 3366 3248 3420 καὶ
3315 3367 3395 3440 ἐφ’
3456 3368 3666 3439 ἑκάστῳ
3737 3371 3849 3421 τῶν

2191 3453 2459 3524 σωμάτων
2566 3453 2873 3525 ἱστάμενος,
2949 3455 3041 3509 τὸν
3121 3457 3432 3532 γνωρισμὸν
3507 3453 3847 3533 διεφώτιζεν,

2191 3542 2387 3596 ἐκεῖνον
2460 3542 2605 3616 τάχα
2677 3542 2770 3597 τὸν
2830 3542 3401 3617 ἀστεραμιμούμενος,
3459 3546 3550 3599 τὸν
3620 3544 3706 3599 ἐπὶ
3777 3547 3851 3617 of;

2191 3630 2325 3685 κατά
2373 3632 2543 3705 σάρκα
2584 3634 2685 3685 τοῦ
2747 3633 2981 3705 Χριστοῦ
3028 3635 3274 3707 γεννήσει
3322 3635 3452 3696 τοὺς
3504 3635 3728 3707 Μάγους
3798 3632 3855 3688 ἐκ

2193 3716 2455 3793 Περσίδος
2506 3717 2943 3791 μετακαλέσαντά
2989 3742 3046 3776 τε
3103 3722 3193 3776 καὶ
3244 3720 3616 3795 ὁδηγήσαντα.
3662 3724 3855 3779 Ταῦτά

2195 3806 2250 3862 δὲ
2306 3807 2532 3881 ἐγένετο,
2576 3813 2736 3863 τινῶν
2790 3808 2878 3863 ἐπὶ
2944 3814 3040 3863 τοῦ
3099 3806 3257 3883 ὄρους
3306 3816 3513 3865 πιστῶν
3573 3811 3648 3872 εἰς
3706 3811 3849 3883 γόνυ

2192 3895 2487 3951 κλιθέντων
2555 3897 2642 3951 καὶ
2710 3898 3056 3951 ἱκετευόντων
3133 3899 3226 3952 τὸν
3284 3900 3509 3973 Κύριον,
3582 3900 3659 3968 μή
3735 3907 3847 3969 τῆς

2194 3983 2398 4060 δωρεᾶς
2439 3991 2546 4040 τῶν
2605 3985 2768 4059 ἁγίων
2826 3985 3125 4056 ἀμοιρῆσαι
3190 3986 3394 4058 μελῶν,
3441 3993 3549 4043 τῶν
3588 3995 3690 4056 τῆς
3747 3990 3851 4044 αῦ-

2190 4078 2286 4128 τοῦ
2340 4072 2499 4145 δόξης
2556 4072 2729 4128 ἕνεκεν
2790 4073 3332 4147 ὑπερηθληκότων,ἃ
3370 4077 3457 4129 καὶ
3510 4072 3853 4139 καταϐάντες

2193 4163 2603 4231 ἀνείλοντο,καὶ
2636 4161 2848 4237 σπουδῇ
2874 4160 3061 4236 πολλῇ
3095 4160 3181 4217 διὰ
3209 4163 3298 4218 τὸν
3322 4168 3422 4218 τοῦ
3447 4165 3718 4238 ἡγεμόνος
3749 4169 3855 4244 φό-

2193 4249 2286 4307 ϐον
2317 4251 2403 4307 ἐπὶ
2442 4257 2539 4307 τοῦ
2576 4248 2734 4327 ὄρους
2773 4253 2824 4307 ἐν
2877 4251 3045 4325 πέτρᾳ
3080 4250 3242 4326 κοίλῃ
3269 4253 3627 4327 κατέκρυψαν,
3679 4250 3852 4324 δοξά-

2194 4348 2374 4411 ζοντες
2406 4344 2468 4397 τὸ
2503 4342 2793 4417 ὑπεράγιον
2844 4343 3016 4416 ὅνομα
3052 4344 3287 4415 Χριστοῦ
3323 4346 3421 4397 τοῦ
3467 4345 3600 4397 Θεοῦ
3651 4343 3846 4416 ἡμῶν,

2194 4432 2278 4487 ὅτι
2307 4432 2454 4502 αὐτῴ
2486 4432 2679 4506 πρέπει
2706 4437 2848 4487 πᾶσα
2880 4428 3006 4502 δόξα
3038 4430 3129 4486 σὺν
3159 4435 3239 4503 τῷ
3267 4429 3493 4506 ἀνάρχῳ
3532 4431 3702 4506 [Ιατρὶ
3751 4435 3843 4489 καὶ

2188 4527 2268 4594 τῷ
2307 4523 2450 4600 ἁγίῳ
2495 4522 2795 4595 [[νεόματι,
2845 4526 2937 4576 νῦν
3004 4523 3093 4577 καὶ
3147 4520 3223 4584 εἰς
3283 4520 3411 4587 τοὺς
3485 4521 3683 4586 αἰῶνας
3734 4528 3838 4578 τῶν

2188 4611 2423 4668 αἰώνων.
2456 4612 2660 4685 ’Δμήν.
