4142 6248
304 332 459 394 1081

1468 336 1655 397 VITA
1701 337 1764 394 S.
1812 337 2160 399 ANDREIE
2205 342 2283 399 IN
2330 338 2555 400 CRISI.

3562 344 3718 403 1082

706 681 965 841 DE
1100 680 1263 843 s.
1400 602 2211 844 ANDREA
2336 682 3320 850 CRETENSI

1753 941 1962 998 DICTO
2002 940 2072 997 ΙΝ
2108 941 2285 998 CRISI

918 1085 1078 1155 (Acta
1107 1085 1204 1140 SS.
1241 1084 1490 1141 Bolland.
1526 1085 1595 1140 ad
1630 1086 1782 1141 diem
1816 1087 1885 1141 2O
1911 1087 2196 1155 Octobris,
2225 1091 2366 1144 tom.
2399 1088 2547 1145 VIII.
2584 1088 2891 1158 Bruxellis,
2930 1091 3112 1162 1853.)

424 1473 452 1539 §
482 1470 533 1527 1.
566 1471 757 1528 Sancti
784 1473 1048 1529 memoria
1082 1474 1142 1529 in
1175 1473 1359 1546 fastis,
1390 1475 1583 1530 Cultus
1612 1478 1661 1530 et
1691 1476 1850 1530 Acta.

390 1559 444 1616 1.
470 1560 719 1616 Sanctus
740 1562 1013 1624 Andreas,
1032 1566 1251 1634 martyr
1272 1562 1705 1635 Cpolitanus,in
1730 1562 1964 1618 Oriente

322 1648 641 1720 plurimum
674 1649 1017 1717 celebratus,
1052 1651 1112 1706 in
1144 1651 1415 1707 omnibus
1445 1667 1604 1722 paene
1634 1651 1851 1708 Graacis
1877 1650 1962 1706 fa-

323 1737 430 1793 stis
462 1754 608 1809 quos
637 1738 911 1809 vidimus,
945 1740 1116 1796 modo
1147 1748 1274 1813 post
1305 1741 1430 1811 ejus
1463 1742 1797 1812 passionem
1826 1756 1963 1796 con-

324 1826 524 1897 scripti
573 1827 808 1895 fuerint,
861 1827 1187 1899 recolitur;
1234 1845 1338 1885 nec
1388 1832 1537 1901 apud
1590 1847 1689 1886 eas
1736 1835 1963 1885 tantum

327 1921 551 1987 gentes,
574 1933 701 1987 qua:
724 1917 921 1972 Graca
944 1918 1144 1990 lingua
1176 1919 1311 1974 olim
1347 1936 1466 1975 USEB
1497 1925 1637 1975 sunt
1664 1925 1765 1976 aut
1799 1924 1966 1975 utun-

329 2008 445 2070 tur,
478 2008 572 2060 sed
607 2006 778 2062 etiam
804 2006 960 2076 apud
990 2008 1273 2075 Moschus,
1308 2008 1607 2064 Rutbenos
1639 2014 1697 2065 et
1724 2008 1964 2063 Melchi-

332 2097 422 2149 tas
452 2093 867 2161 Antiochenos,
901 2094 1260 2151 Kalendariis
1290 2096 1699 2152 ecclesiasticis
1750 2096 1969 2152 adscri-

333 2186 473 2252 ptus
521 2184 626 2236 est.
672 2183 734 2236 In
779 2183 1207 2253 antiquissimis
1252 2194 1440 2241 autem
1485 2184 1810 2256 Eclogadiis
1866 2200 1969 2240 seu

337 2270 696 2343 Menologiis,
716 2286 835 2341 quas
860 2273 1156 2329 codicibus
1177 2275 1318 2331 Novi
1341 2275 1698 2330 Testamenti
1721 2274 1969 2345 attigua-

333 2361 428 2412 tur
456 2361 513 2412 et
542 2360 701 2413 nuda
731 2359 968 2414 nomina
991 2360 1335 2417 Sanctorum
1358 2361 1634 2418 exhibent
1655 2378 1787 2417 cum
1818 2362 1971 2417 indi-

333 2446 559 2501 catione
590 2446 902 2503 lectionum
928 2448 986 2503 in
1018 2465 1218 2505 eorum
1269 2452 1411 2505 festo
1455 2450 1971 2515 instituendarum,

330 2536 388 2591 S.
420 2538 682 2592 Andreas
714 2537 771 2591 in
794 2538 940 2593 Crisi
973 2554 1037 2594 eo
1070 2539 1198 2611 ipso
1225 2541 1317 2595 die
1347 2540 1753 2600 annuntiatur.
1779 2556 1889 2610 quo
1912 2539 1972 2594 in

324 2625 488 2681 Actis
518 2625 727 2682 nostris
753 2626 962 2684 obiisse
994 2627 1196 2696 fertur,
1219 2645 1293 2683 xx
1315 2645 1523 2700 nempe
1550 2628 1836 2684 Octobris.
1860 2632 1975 2682 Hu-

317 2713 578 2783 jusmodi
625 2718 766 2770 sunt
813 2714 1140 2786 Menologia
1188 2717 1604 2789 Hierosolymis
1634 2722 1691 2772 et
1730 2714 1973 2788 Calipoli

327 2800 539 2857 saeculo
573 2802 797 2858 decimo
830 2803 1175 2873 conscripta,
1205 2804 1396 2873 judice
1428 2807 1575 2874 Aug.
1611 2805 1840 2872 Scholz,
1874 2804 1974 2873 qui

328 2906 396 2946 ea
425 2892 485 2945 in
519 2890 709 2947 lucem
736 2893 831 2948 edi
862 2892 1081 2949 curavit
1109 2893 1210 2964 (1),
1233 2895 1365 2948 dein
1390 2894 1783 2964 Menologium
1816 2894 1976 2948 aliud

332 2980 526 3035 smculi
558 2997 635 3046 ιι,
664 2982 817 3051 quod
847 2998 879 3035 a
909 2981 1319 3053 Mingharellio
1367 2981 1670 3052 vulgatum
1700 2985 1786 3036 est
1818 2981 1894 3053 (2)
1925 2984 1981 3034 et

330 3070 605 3123 Sanctum
643 3073 907 3124 nostrum
943 3070 1151 3125 iisdem
1184 3070 1418 3126 omnino
1448 3069 1641 3125 verbis
1673 3070 1982 3125 annuntiat

334 3172 401 3212 ac
446 3158 558 3212 duo
617 3159 1048 3228 praecedentia:
1107 3159 1189 3230 Τῇ
1250 3155 1383 3230 αὐτῇ
1442 3156 1624 3231 ἡμέρᾳ
1678 3160 1774 3211 τοῦ
1823 3155 1981 3231 ἁγίου

334 3244 733 3320 ὁσιομάρτυρος
792 3243 1050 3319 Ἀνδρέου
1106 3250 1205 3315 τῆς
1264 3246 1509 3319 Κρίσεως
1556 3265 1569 3316 ;
1630 3248 1830 3303 eadem
1891 3248 1981 3302 die

335 3336 432 3405 (xx
463 3336 753 3408 Octobris)
803 3336 991 3392 sancti
1042 3336 1314 3393 monachi
1374 3337 1533 3408 (nam
1584 3334 1730 3398 ὅσιος
1778 3353 1983 3392 mona-

331 3430 503 3483 chum
561 3426 856 3498 designat)
906 3431 963 3482 et
1017 3428 1285 3500 martyris
1342 3428 1588 3483 Andreae
1618 3446 1649 3482 a
1679 3427 1846 3482 Crisi.
1897 3427 1981 3481 Ad

338 3516 612 3571 eumdem
645 3516 797 3570 diem
820 3532 892 3569 xx
912 3531 1045 3570 eum
1070 3514 1343 3569 similiter
1373 3516 1627 3570 referunt
1655 3516 1870 3570 Mensas.
1896 3530 1985 3569 vc-

332 3609 513 3669 tusta,
547 3620 674 3674 quae
710 3602 1017 3658 Mediolani
1068 3603 1125 3658 in
1176 3604 1534 3659 Bibliotheca
1560 3604 1981 3671 ‘Ambrosiana,

331 3694 391 3748 in
424 3693 773 3748 Taurinensi
805 3692 979 3747 etiam
1018 3697 1073 3747 et
1104 3693 1367 3747 Parisina
1407 3697 1806 3760 asservantur,
1838 3698 1893 3747 et
1918 3708 1985 3747 ex

341 3780 552 3852 quibus
584 3780 722 3836 olim
755 3780 1143 3852 Hagiographi
1178 3782 1623 3851 Antverpienses
1652 3782 1841 3837 multa
1869 3782 1975 3853 Sy-

341 3869 605 3936 naxaria,
666 3885 768 3924 seu
829 3868 1093 3924 Vitarum
1154 3869 1501 3941 compendia
1552 3874 1981 3940 excerpserunt.

340 3964 613 4014 Attamen
650 3974 785 4013 cum
818 3959 1014 4015 eadem
1049 3959 1141 4014 die
1169 3976 1243 4013 xx
1273 3959 1541 4015 Octobris
1574 3959 1855 4016 memoria
1882 3960 1986 4015 fie-

343 4053 435 4103 ret
464 4046 703 4104 alterius
734 4048 886 4120 apud
922 4049 1147 4105 Graecos
1180 4049 1431 4105 maxime
1471 4048 1738 4106 celebrati
1770 4052 1985 4118 marty-

348 4138 425 4194 ris
474 4152 683 4208 nempe
731 4137 975 4193 Artemii
1024 4138 1208 4205 ducis,
1262 4137 1437 4210 coepit
1493 4138 1703 4193 festum
1751 4138 1809 4193 S.
1860 4138 1981 4191 An-

342 4226 488 4282 dreas
537 4225 838 4281 transferri
885 4226 955 4281 ad
990 4243 1106 4291 ιιι,
1141 4243 1255 4296 quo
1288 4226 1381 4281 die
1428 4225 1676 4281 occurrit
1704 4225 1763 4278 in
1794 4223 1988 4279 omni-
2017 4204 2067 4272 Ο

345 4314 454 4370 bus
486 4314 737 4383 antiquis
778 4314 1211 4384 exemplaribus
1257 4312 1617 4368 collectionis
1666 4310 1989 4383 Metaphra-

346 4405 527 4461 sticss.
562 4404 628 4460 Id
658 4404 1035 4458 manifestum
1086 4407 1176 4458 est
1207 4418 1274 4457 ex
1302 4401 1673 4457 Bibliotheca;
1714 4401 1990 4458 Parisinzs

343 4494 643 4549 codicibus
677 4493 821 4548 bene
851 4492 1053 4548 multis
1081 4491 1179 4563 (3),
1207 4509 1275 4548 ex
1303 4492 1500 4549 codice
1530 4491 1807 4548 historico
1838 4493 1903 4547 17
1934 4496 1993 4548 et

354 4583 419 4636 18
443 4581 812 4637 Bibliotheca:
834 4580 1309 4638 Vindobonensis
1332 4582 1412 4655 (4)
1435 4586 1491 4639 et
1512 4582 1817 4655 permultis
1839 4580 1989 4652 aliis,

355 4685 423 4726 ex
453 4669 832 4743 Synaxarista
852 4670 1098 4742 denique
1120 4671 1409 4729 Sirmondi
1439 4671 1640 4740 nostri,
1661 4688 1832 4744 quem
1864 4671 1995 4727 Bol-

353 4758 617 4815 Iandiani
650 4759 789 4817 socii
822 4775 889 4816 ex
922 4758 1156 4831 collegio
1204 4762 1652 4818 Claromontano
1684 4761 1993 4819 Parisiensi

357 4845 494 4902 olim
529 4846 976 4903 exscribendum
1009 4859 1378 4921 acceperunt.

422 4939 477 4990 2.
512 4935 623 4991 Sed
671 4935 792 4992 haec
836 4937 1080 4994 mutatio
1123 4954 1239 4995 non
1288 4939 1567 5010 perstitit,
1598 4942 1656 4996 et
1693 4939 1904 4996 iterum
1936 4940 1994 4995 S.

356 5025 618 5080 Andreas
650 5024 720 5081 ad
746 5041 864 5080 xvu
897 5025 1161 5082 Octobris
1216 5028 1535 5085 translatus
1583 5032 1696 5098 est,
1741 5044 1857 5100 quo
1906 5028 1999 5084 die

356 5113 532 5170 Oseas
566 5113 845 5186 propheta
877 5117 933 5170 et
962 5114 1062 5171 SS.
1095 5114 1335 5173 Cosmas
1364 5120 1421 5173 et
1442 5116 1759 5174 Damianus
1790 5133 2001 5189 quam—

426 5305 503 5377 (1)
539 5304 616 5360 De
644 5301 984 5377 Menologiis
1005 5302 1256 5359 duorum
1287 5302 1553 5359 codicum
1577 5303 1758 5359 Graec.
1782 5308 2001 5361 Bonna:

356 5378 517 5445 1823,
944 5446 956 5459 _

432 5448 511 5519 (2)
582 5448 778 5519 odices
810 5446 1152 5519 Naniorum,
1188 5462 1255 5519 p._
1278 5446 1398 5519 {369.

456 5516 510 5587 3)
533 5517 713 5574 Catal.
766 5518 944 5573 Codd.
993 5518 1129 5575 Mss.
1174 5516 1319 5574 Bibl.
1366 5516 1572 5587 Paris.,
1612 5519 1654 5572 t.
1702 5519 1771 5587 II,
1820 5519 1997 5576 Codd.

362 5588 524 5659 1480,
554 5588 713 5656 1484,
743 5589 901 5657 1495,
932 5593 1045 5647 etc.

434 5632 903 5737 (ὧίἰεῐιῖοὶῖοὶῖἶιζζ
933 5632 1366 5732 “damma,
1416 5663 1551 5733 etc.,
1580 5664 1623 5718 t.
1662 5660 1816 5732 VIII,
1863 5661 2002 5719 Cod.

1989 1477 2047 1542 Α
2071 1473 2155 1529 vis
2191 1478 2606 1546 memorentur,
2637 1475 2829 1532 locum
2861 1479 3056 1533 tamen
3088 1478 3146 1534 in
3181 1478 3352 1534 modo
3382 1477 3571 1535 allatis
3613 1496 3711 1534 co-

2073 1561 2298 1616 dicibus
2327 1564 2476 1634 apud
2504 1565 2948 1636 Metaphrastem
2984 1582 3095 1621 non
3128 1566 3408 1622 obtinent.
3434 1567 3557 1629 Qua
3580 1583 3710 1622 vero

2072 1655 2238 1705 astate
2281 1652 2404 1708 dies
2458 1652 2648 1708 cultus
2694 1653 2774 1709 ita
2818 1658 3071 1709 mutatus
3103 1654 3173 1709 sit
3205 1672 3319 1710 non
3369 1656 3515 1710 bene
3544 1654 3710 1709 nobis

2072 1745 2335 1809 constat;
2370 1741 2734 1797 collectiones
2767 1747 2959 1798 tamen
3005 1743 3465 1814 Metaphrasticae
3513 1743 3711 1798 saeculi

2072 1846 2172 1884 ιιιι
2205 1837 2257 1885 et
2292 1847 2383 1885 XIX
2417 1830 2567 1886 diem
2597 1848 2692 1885 xix
2723 1832 3032 1899 retinuere,
3058 1836 3113 1887 et
3137 1832 3391 1903 primum
3424 1832 3547 1887 dies
3577 1848 3715 1897 xvu,

2075 1928 2355 1990 quantum
2402 1919 2457 1973 id
2499 1920 2731 1992 assequi
2779 1921 3096 1991 potuimus,
3132 1924 3368 1990 apparet
3412 1920 3470 1974 in
3519 1918 3715 1974 codice

2075 2007 2270 2064 saeculi
2304 2024 2393 2074 xv,
2423 2008 2523 2078 qui
2554 2012 2737 2063 exstat
2775 2007 2833 2062 in
2878 2007 3231 2062 Bibliotheca
3266 2006 3527 2062 Parisina
3558 2013 3615 2061 et
3642 2007 3717 2061 i-

2076 2102 2287 2171 gnatur
2320 2107 2378 2151 n'
2409 2097 2565 2152 1558.
2599 2098 2661 2152 In
2709 2096 3026 2166 Menologio
3076 2096 3287 2161 Sirleti,
3322 2097 3474 2167 quod
3520 2111 3714 2165 perpe-

2077 2204 2197 2242 ram
2251 2184 2458 2241 saeculo
2488 2202 2545 2239 ιι
2574 2189 2675 2240 aut
2703 2202 2781 2239 xu
2813 2186 3202 2257 conscriptum
3238 2201 3364 2239 esse
3404 2185 3720 2255 Basnagius

2079 2275 2315 2345 conjicit
2344 2276 2438 2343 (5),
2463 2273 2750 2345 siquidem
2787 2290 2942 2329 mera
2973 2273 3307 2344 compilatio
3338 2278 3426 2328 est
3446 2291 3477 2327 a
3508 2272 3717 2327 Sirleto

2080 2379 2145 2419 ex
2192 2363 2426 2418 Menmis
2475 2362 2701 2417 excusis
2750 2366 2849 2417 aut
2905 2362 3321 2431 manuscriptis
3380 2361 3713 2430 desumpta,

2080 2453 2431 2524 quandoque
2462 2467 2636 2522 opera
2667 2452 2808 2506 satis
2839 2450 2947 2506 levi
2978 2452 3078 2521 (6),
3105 2451 3259 2521 quod
3292 2450 3603 2505 Baroninm
3641 2447 3719 2501 la-

2080 2542 2265 2596 tuisse
2295 2542 2523 2595 videtur
2556 2538 2653 2610 (7),
2691 2538 2746 2592 in
2783 2539 2888 2594 hoc
2929 2538 3267 2609 Menologio,
3302 2539 3566 2609 inquam,
3600 2536 3725 2589 dies

2081 2631 2279 2686 itidem
2312 2646 2404 2684 xvx
2452 2633 2508 2684 S.
2543 2629 2783 2682 Andreas
2828 2629 3176 2699 assignatur.
3213 2629 3275 2683 In
3325 2624 3729 2697 Ephemeridi-

2083 2720 2191 2775 hus
2237 2714 2744 2781 Greco-Moschis,
2777 2716 2835 2771 in
2866 2716 3106 2772 Tabulis
3153 2714 3540 2788 Capponianis
3578 2720 3634 2769 et
3663 2714 3723 2768 in

2009 2808 2318 2905 BMenssis
2366 2808 2593 2862 excusis
2643 2810 2972 2862 constanter
3018 2805 3087 2860 ad
3137 2804 3290 2859 diem
3330 2820 3445 2858 xvn
3474 2806 3721 2901 Sanctus

2088 2900 2287 2950 noster
2342 2897 2611 2966 refertur,
2669 2897 2824 2951 unde
2886 2895 3060 2950 etiam
3122 2893 3192 2947 ad
3252 2889 3720 2963 Martyrologium

2090 2983 2414 3038 Romanum
2472 3001 2537 3041 eo
2596 2985 2688 3040 die
2748 2982 3062 3039 devenerit.
3116 2981 3173 3034 In
3235 2979 3473 3035 Tabulis
3531 2980 3726 3047 itaque

2088 3073 2497 3141 Capponianis,
2533 3074 2630 3128 ubi
2662 3074 2720 3129 S.
2754 3074 3009 3127 Andreas
3060 3069 3246 3125 loculo
3293 3069 3461 3123 tertio
3508 3067 3728 3123 mensis

2090 3158 2354 3214 Octobris
2404 3159 2644 3216 ultimus
2690 3161 2882 3231 prodit
2928 3159 3031 3232 (8),
3063 3158 3170 3213 sub
3210 3156 3412 3212 habitu
3462 3154 3731 3211 monachi

2092 3251 2404 3317 comparet,
2438 3248 2694 3318 itemque
2724 3249 2781 3302 in
2828 3245 3315 3317 Papebrochianis
3343 3262 3356 3311 ;
3388 3258 3727 3315 quanquam

2090 3336 2243 3391 enim
2276 3334 2438 3391 stolas
2479 3334 2732 3406 speciem
2764 3334 2927 3388 habet
2963 3350 2993 3389 e
3023 3333 3169 3387 collo
3211 3333 3575 3403 pendentem,
3608 3347 3723 3386 non

2090 3424 2221 3478 ideo
2244 3439 2378 3479 cum
2411 3424 2730 3478 Assemano
2756 3425 2820 3476 ut
2850 3421 3248 3492 presbyterum
3282 3436 3415 3475 eum
3449 3421 3725 3473 vestitum

2093 3512 2375 3578 dicemus,
2400 3527 2532 3566 cum
2561 3526 2764 3565 omnes
2797 3508 3066 3565 monachi
3090 3513 3147 3563 et
3167 3508 3419 3563 cremitae
3442 3508 3522 3561 ita
3553 3507 3726 3577 prod-

2091 3607 2245 3667 eant,
2277 3608 2330 3655 et
2379 3600 2639 3670 quidem,
2680 3604 2746 3654 ut
2791 3600 2851 3657 S.
2891 3598 3174 3664 Andreas,
3220 3598 3450 3652 dextera
3496 3593 3733 3650 benedi-

2093 3705 2221 3744 cere
2251 3689 2576 3745 videantur.
2610 3689 2741 3744 Haec
2772 3688 3048 3743 distincte
3092 3687 3249 3741 cerni
3302 3688 3547 3757 possunt
3579 3683 3731 3754 apud

2094 3779 2553 3851 Papebrochium
2575 3779 2791 3850 (9),qui
2813 3778 3099 3849 imagines
3121 3776 3424 3845 diligenter
3439 3774 3535 3829 aeri
3560 3771 3737 3827 incidi

2092 3869 2317 3928 curavit
2337 3872 2394 3924 et
2413 3868 2484 3924 de
2504 3884 2704 3924 eorum
2736 3867 2959 3938 origine
2982 3874 3036 3922 et
3058 3882 3164 3922 usu
3195 3863 3479 3921 nonnulla
3508 3863 3733 3918 curiosa

2093 3960 2367 4033 praefatus
2397 3962 2485 4013 est
2509 3976 2522 4027 ;
2548 3973 2741 4013 verum
2763 3955 3148 4028 Capponiane
3179 3954 3458 4024 imagines
3486 3956 3605 4007 tam
3632 3966 3732 4006 ne-

2095 4050 2373 4121 gligenter
2402 4064 2556 4103 cusae
2585 4050 2727 4102 sunt
2759 4050 2822 4101 ut
2845 4062 2939 4099 Vix
2970 4043 3281 4115 quidquam
3307 4043 3362 4096 in
3388 4041 3457 4097 iis
3478 4037 3732 4096 discerni

2098 4138 2298 4208 possit.
2331 4135 2530 4205 Neque
2576 4139 2772 4190 tamen
2824 4137 3126 4204 propterea
3158 4133 3204 4186 is
3234 4130 3366 4185 illas
3396 4147 3429 4184 a
3460 4128 3627 4184 nobis
3669 4127 3731 4181 in

2099 4225 2372 4280 omnibus
2404 4222 2659 4293 praeponi
2692 4221 2983 4292 quispiam
3011 4220 3317 4287 existimet,
3351 4233 3480 4273 cum
3513 4230 3733 4272 errores

2097 4314 2244 4368 bene
2286 4310 2502 4367 multos
2530 4311 2589 4365 in
2621 4311 2743 4365 suis
2786 4308 3019 4364 Tabulis
3065 4306 3509 4379 deprehenderit
3556 4306 3735 4375 Pape-

2099 4402 2397 4471 brochius,
2429 4400 2527 4456 ubi
2560 4400 2939 4471 Capponianaa
2990 4401 3256 4454 accurate
3296 4413 3400 4452 sua
3440 4395 3740 4467 proferunt

2099 4498 2313 4552 Iterum
2363 4493 2556 4566 prodit
2602 4492 2661 4547 S.
2702 4492 2959 4547 Andreas
3008 4492 3065 4547 in
3115 4488 3389 4560 diptycbo
3436 4485 3736 4558 Cpolitano

2101 4586 2254 4657 quod
2288 4582 2719 4655 Papebrochius
2750 4580 3238 4653 Ephemeridibus
3260 4578 3381 4633 suis
3403 4575 3653 4646 subjecit
3682 4578 3739 4629 et

2101 4676 2197 4731 teri
2225 4673 2402 4730 incidi
2435 4674 2574 4727 item
2607 4670 2866 4737 curavit;
2892 4668 2969 4723 ibi
3000 4672 3192 4723 autem
3226 4683 3354 4721 cum
3388 4664 3582 4720 Sancti
3615 4667 3738 4717 tan-

2101 4767 2227 4819 tum
2252 4760 2640 4831 quadraginta
2661 4757 2821 4828 Cpoli
2841 4755 3182 4811 celebriores
3206 4755 3614 4809 recenseantur
3634 4767 3737 4822 pa-

2103 4855 2187 4909 tet
2217 4852 2432 4921 quanto
2481 4849 2701 4903 honore
2748 4848 3061 4916 martyrem
3110 4842 3277 4898 illum
3318 4840 3498 4897 Grtsci
3530 4855 3737 4909 prose-

2103 4940 2379 5010 quantur.
2408 4931 2766 4989 Prastereain
2790 4930 3122 5002 Synaxariis
3156 4931 3292 4984 Mss.
3325 4926 3666 4983 Ruthenicis
3689 4932 3744 4980 et

2108 5024 2362 5084 Moschis
2388 5039 2516 5095 quas
2547 5025 2608 5076 P.
2634 5020 2809 5076 David
2840 5020 2899 5075 S.
2921 5018 2973 5075 J.
3008 5034 3160 5074 anno
3193 5018 3331 5073 1688
3358 5024 3412 5071 et
3438 5016 3639 5071 Comes
3671 5015 3741 5070 de

2105 5111 2506 5188 Sparwenfeld
2536 5127 2688 5168 anno
2719 5110 2857 5166 1712
2886 5107 2959 5166 ad
2990 5105 3422 5180 Hagiographos
3459 5104 3740 5161 transmi-

2107 5301 2212 5357 556
2242 5303 2300 5355 et
2327 5314 2491 5371 seqq.

2179 5372 2258 5443 (5)
2292 5360 2834 5443 Lectiones__antiq._,
2865 5368 2909 5424 t.
2944 5365 3046 5435 III,
3075 5369 3218 5436 part.
3251 5380 3296 5432 ι,
3326 5379 3382 5435 p.
3416 5360 3543 5417 480.

2181 5439 2261 5515 (6)
2286 5443 2331 5515 Τ
2345 5485 2370 5515 ,Α
2387 5442 2462 5515 Ill
2491 5439 2856 5515 Maii,_p_._69.

2184 5508 2264 5585 (7')
2291 5512 2438 5585 Ibid,
2470 5516 2528 5585 et
2557 5520 2595 5567 t.
2627 5508 2919 5585 lj‘Martii,
2952 5524 3020 5585 p_._
3040 5508 3306 5585 609,Aet_c.

2031 5570 2089 5639 D
2190 5570 2262 5657 ‘8)
2293 5570 2597 5640 Kale'ndar.
2632 5581 2872 5648 Eccles.,
2903 5570 3041 5648 ἣν,
3075 5570 3268 5651 p.216
3296 5581 3352 5635 et
3372 5576 3494 5632 304.

2183 5590 2262 5731 (9)
2294 5658 2359 5714 T.
2395 5657 2439 5727 1,
2470 5653 2630 5725 Maii,
2661 5670 2719 5727 p.
2751 5670 2900 5723 XLVI,
2932 5668 3001 5708 ιι
3031 5658 3087 5710 et
3115 5667 3171 5723 p.
3205 5666 3265 5707 ιι.

2207 5653 2262 5729 9)
2294 5658 2359 5714 T.
2395 5657 2439 5727 1,
2470 5653 2630 5725 Maii,
2661 5670 2719 5727 p.
2751 5670 2900 5723 XLVI,
2932 5668 3001 5708 ιι
3031 5658 3087 5710 et
3115 5667 3171 5723 p.
3205 5666 3265 5707 ιι.
