4142 6248
494 239 646 298 1083

1817 237 2094 298 MENSIS
2139 237 2524 298 OCTOBER.

3741 234 3903 291 1084

492 411 634 464 sere,
666 399 721 450 S.
771 397 1032 452 Andreas
1082 394 1353 451 similiter
1400 412 1569 451 suam
1617 397 2122 452 annuntiationem
2153 398 2214 462 Α
2237 395 2568 452 Cretensem
2594 395 2862 447 nostrum
2887 389 3186 446 ostendere
3214 390 3467 446 conabor
3500 390 3750 445 inferius
3777 394 3804 463 ξ
3829 408 3896 446 ιι.

494 482 736 551 obtinet,
771 485 859 540 die
890 484 1088 540 itidem
1122 501 1238 538 xvn
1262 484 1544 540 Octobris.

559 574 607 626 3.
645 573 746 628 Hic
793 574 1152 644 praetermitti
1187 592 1299 629 non
1332 575 1500 630 debet
1530 575 1903 646 Papebrochii
1939 576 2129 631 Tabu-

487 662 574 718 las
618 679 936 733 earumque
977 663 1413 734 explicationes,
1451 665 1506 718 in
1539 666 1943 737 Supplemento
1974 667 2124 721 The-

484 752 636 806 sauri
686 752 914 807 Goriani
966 753 1382 822 Diptychorum
1435 760 1733 811 mutuatas
1773 773 1898 812 esse
1931 757 2122 823 modo,

483 840 861 895 utlenissime
886 842 1091 908 dicam,
1115 843 1279 898 valde
1302 842 1606 915 singulari.
1628 847 1923 900 Passerius
1945 845 2123 913 enim,

485 930 581 1000 qui
633 929 906 999 praeclaro
939 931 1074 985 huic
1107 933 1263 1002 operi
1319 939 1539 1003 partem
1583 943 1845 1004 quantam
1879 950 1939 988 se
1969 936 2125 1004 adje-

483 1018 633 1073 cisse
682 1022 948 1084 testatur,
983 1019 1062 1073 ait
1104 1037 1164 1074 se
1208 1019 1474 1091 Diptychi
1523 1022 1805 1090 Cpolitani
1855 1027 2123 1094 ectypum

483 1111 855 1160 consecutum
874 1107 1006 1176 (10),
1023 1111 1080 1162 at
1099 1124 1231 1163 cum
1248 1125 1315 1164 ex
1332 1109 1709 1165 Bollandiano
1736 1127 1905 1181 opere
1926 1110 2123 1164 lumen

480 1200 786 1264 quareret,
824 1198 1058 1252 nomina
1091 1197 1273 1252 multa
1301 1199 1647 1253 Sanctorum
1680 1199 1896 1253 omissa
1927 1215 1989 1253 se
2021 1200 2126 1253 ad-

474 1283 717 1338 vertisse
763 1290 1070 1350 asseverat,
1108 1286 1216 1340 alia
1251 1304 1283 1356 p
1308 1287 1627 1351 erturbala,
1663 1288 2122 1343 Commentarios

481 1373 620 1427 item
658 1375 817 1430 nullo
850 1376 1050 1431 ordine
1075 1377 1459 1448 conscriptos,
1487 1378 1568 1432 ita
1593 1382 1656 1431 ut
1680 1395 1794 1433 non
1823 1378 1879 1432 in
1903 1378 2123 1445 lumen,

480 1462 578 1517 sed
613 1462 670 1517 in
705 1463 1012 1534 caliginem
1048 1467 1296 1535 irruens,
1344 1465 1466 1534 ipse
1505 1481 1605 1536 per
1635 1483 1693 1522 se
1725 1467 1921 1521 omnia
1953 1468 2123 1521 extri-

486 1565 612 1604 care
643 1550 925 1606 debuerit.
959 1552 1129 1622 Atqui
1161 1569 1225 1607 ex
1276 1553 1363 1608 his
1415 1555 1709 1621 omnibus,
1745 1571 1815 1610 ne
1847 1572 1964 1610 una
1993 1556 2124 1626 qui-

484 1638 616 1693 dem
674 1642 915 1696 assertio
973 1659 1104 1697 vero
1165 1643 1425 1712 proxima
1480 1650 1584 1712 est,
1638 1663 1741 1701 nec
1800 1649 2121 1718 quidquam

2236 489 2423 557 Atque
2455 484 2548 538 hic
2580 485 2804 537 tantum
2849 480 3058 536 notabo
3093 481 3210 535 haec
3243 496 3447 551 pauca.
3484 481 3701 534 Passus
3753 481 3899 551 qui-

2236 578 2368 630 dem
2419 577 2509 630 est
2555 575 2611 630 S.
2644 571 2970 643 Stephanus
3010 586 3184 625 xxvm
3217 570 3580 638 Novembris,
3618 571 3718 626 sed
3755 587 3891 624 cum

2237 665 2310 720 sit
2351 662 2680 736 praecipuus
2731 660 3152 732 persecutionis
3199 661 3675 731 COpronymianaa
3727 678 3893 714 mar-

2237 761 2346 827 tyr,
2381 755 2452 810 iis
2484 753 2691 809 diebus
2741 752 2950 823 quibus
3003 751 3095 804 abi
3145 751 3408 820 ejusdem
3463 751 3890 820 persecutionis

2238 849 2522 915 martyres
2555 842 2995 907 annuntianlur,
3018 856 3168 911 saepe
3193 840 3314 911 ipse
3348 839 3525 895 simul
3560 845 3885 910 comparet.

2235 933 2682 1003 Conjunguntur
2751 930 2950 1000 itaque
3028 930 3360 998 frequenter
3415 934 3472 984 S.
3531 929 3884 998 Stephanus,

2236 1022 2292 1076 S.
2329 1022 2602 1089 Andreas,
2630 1024 2685 1072 S.
2721 1019 2921 1073 Petrus
2951 1023 3004 1074 et
3030 1023 3086 1072 S.
3120 1017 3334 1072 Paulus
3375 1019 3484 1073 sub
3518 1017 3885 1089 Copronymo

2237 1110 2408 1180 passi,
2435 1125 2756 1178 quanquam
2787 1108 2960 1162 simul
2994 1109 3061 1162 ad
3101 1108 3464 1179 martyrium,
3491 1114 3553 1161 ut
3585 1123 3652 1160 ex
3682 1109 3886 1177 singu-

2235 1197 2422 1252 lorum
2471 1197 2621 1252 Actis
2676 1201 2845 1266 patet,
2895 1213 3007 1250 non
3060 1201 3486 1266 processerunt.
3531 1199 3590 1249 In
3647 1196 3886 1251 Menaeis

2237 1289 2372 1342 Mss.
2405 1285 2804 1341 Ambrosianis
2836 1300 2932 1338 seu
2968 1283 3503 1339 Mediolanensibus
3536 1284 3594 1338 hi
3630 1290 3886 1354 quatuor

2233 1376 2331 1431 SS.
2370 1379 2647 1445 martyres
2695 1374 2860 1429 simul
2915 1373 3137 1428 colendi
3189 1373 3566 1444 assignantur
3600 1391 3670 1428 xx
3702 1375 3883 1430 Octo-

2234 1467 2396 1532 bris;
2429 1467 2557 1519 dein
2589 1465 2648 1520 S.
2682 1466 2925 1521 Andreae
2971 1464 3028 1518 in
3076 1463 3218 1518 Crisi
3267 1465 3674 1535 Synaxarium,
3707 1465 3763 1519 id
3801 1475 3886 1521 est

2233 1555 2422 1610 brevis
2452 1555 2579 1608 vitae
2605 1559 2659 1608 et
2693 1553 2982 1623 passionis
3014 1553 3257 1607 historia
3289 1555 3684 1623 subjungilur.
3719 1555 3881 1610 Idem

2233 1644 2290 1699 in
2323 1643 2453 1699 aliis
2483 1643 2710 1698 Menaeis
2742 1645 2872 1697 Mss.
2909 1646 2973 1697 ut
3003 1642 3061 1696 in
3093 1642 3288 1697 codice
3338 1644 3589 1714 quodam
3636 1646 3886 1699 Mazari-

481 1728 811 1783 emendavit
841 1729 936 1784 ille
968 1729 1213 1800 scriptor
1239 1740 1334 1786 aut
1368 1737 1610 1805 ectypon
1633 1741 1980 1792 consecutus
2010 1741 2119 1805 est,
2153 1764 2207 1831 Β
2235 1749 2358 1788 naso
2407 1749 2523 1804 quo
2572 1749 2724 1802 saepe
2772 1733 3115 1831 decesspre‘s'
3154 1731 3339 1831 nostri
3371 1733 3462 1786 usi
3500 1737 3658 1831 sunt,
3687 1733 3884 1790 videre

480 1815 580 1870 sed
629 1816 852 1887 efﬁgies
898 1817 1396 1888 Papebrochianas
1428 1831 1664 1878 conatus
1697 1825 1927 1893 referre,
1961 1841 2120 1882 erro-

478 1919 570 1958 res
595 1920 712 1959 non
734 1903 887 1960 leves
909 1907 1168 1962 admisit.
1190 1908 1460 1965 Testatur
1490 1913 1642 1967 enim
1671 1913 2117 1984 Papebrochius,

472 2008 610 2048 cum
646 1998 827 2049 totum
860 1995 1182 2066 Diptychon
1216 1999 1428 2068 pagina
1457 2017 1658 2071 capere
1683 2019 1795 2057 non
1819 2011 2033 2074 posset,
2058 2021 2118 2060 se

475 2081 753 2137 artiﬁcem
787 2099 1020 2153 rogasse
1055 2090 1114 2140 ut
1143 2086 1337 2142 icones
1368 2089 1463 2142 eri
1495 2089 1888 2146 inciderentur
1919 2094 2118 2149 ordine

475 2169 678 2225 leviter
723 2171 1028 2228 immutata
1057 2193 1069 2241 ;
1103 2177 1202 2230 sed
1252 2192 1406 2243 eum,
1443 2177 1829 2248 postulatione
1862 2197 1976 2236 non
2009 2182 2118 2237 rite

474 2256 788 2327 intellecta,
823 2260 1154 2331 plusculum
1189 2281 1222 2318 a
1255 2281 1382 2320 vera
1424 2266 1687 2338 Diptychi
1736 2269 2116 2340 dispositione

473 2345 813 2416 aberrasse;
849 2366 1022 2420 quam
1069 2355 1265 2407 tamen
1310 2354 1759 2425 Papebrochius,
1793 2359 1932 2412 dum
1967 2359 2112 2416 Sau-

473 2443 696 2492 ctorum
731 2441 967 2496 nomina
997 2442 1265 2510 (nitidius
1291 2445 1472 2501 multo
1494 2447 1551 2501 in
1576 2453 1774 2520 ectypo
1798 2467 1904 2505 suo
1935 2468 2110 2521 quam

467 2523 525 2577 in
579 2525 828 2583 Goriano
879 2532 1287 2601 supplemento
1348 2535 1617 2605 prolata),
1670 2537 2109 2594 Commentariis

467 2610 793 2683 illustravit,
825 2617 894 2670 ad
946 2620 1191 2687 rigorem
1242 2625 1479 2676 secutus
1526 2628 1616 2678 est
1661 2626 1794 2692 (11).
1830 2627 1883 2679 Si
1935 2627 2110 2697 igitur

469 2705 713 2771 ectypon
747 2703 1042 2760 habuisset
1075 2709 1323 2776 scriptor
1355 2709 1470 2778 ille,
1496 2711 1809 2783 sculptoris
1842 2715 2110 2786 sphalma

472 2803 586 2842 non
621 2797 818 2847 exacte
850 2793 1157 2864 retulisset,
1185 2814 1369 2869 neque
1401 2799 1494 2855 ubi
1516 2803 1948 2871 Papebrochius
1980 2804 2110 2860 'Iri-

466 2877 660 2966 ptychi
685 2879 903 2936 Moschi
927 2900 1162 2954 capsam
1187 2889 1440 2955 rescidit,
1465 2890 1605 2960 quia
1622 2907 1749 2947 eam
1774 2896 1984 2950 iterum
2007 2913 2106 2966 pa-

465 2965 603 3036 gina
660 2985 774 3024 non
835 2973 1118 3041 capiebat,
1153 2975 1249 3030 ille
1288 2977 1558 3034 similiter
1614 2981 1969 3051 rescidisset,
2004 2965 2108 3042 nec

464 3053 716 3126 denique
764 3063 884 3114 tam
930 3068 1199 3118 accurate
1249 3065 1678 3124 Bollandianam
1719 3070 1971 3143 efﬁgiem
2007 3075 2102 3130 de-

459 3143 804 3214 scripsisset,
821 3155 880 3202 ut
903 3165 974 3204 ne
991 3150 1077 3205 vel
1102 3149 1394 3210 levissima
1417 3157 1723 3214 diversitas
1747 3162 2098 3233 deprehendi

463 3234 666 3302 possit.
697 3237 806 3290 Sed
859 3239 1284 3308 Papebrochius
1335 3250 1625 3302 mutatum
1673 3266 1801 3304 esse
1831 3253 2096 3308 ordinem

464 3320 762 3389 indicavit,
795 3341 859 3378 ac
903 3325 959 3380 in
1011 3327 1240 3384 iconum
1287 3335 1618 3390 recensione
1668 3337 1853 3407 ipsius
1903 3345 2094 3408 proto-

460 3411 581 3481 typi
613 3419 874 3471 servatus
905 3422 992 3473 est
1021 3421 1162 3475 ordo
1191 3438 1204 3488 ;
1240 3422 1338 3477 ille
1387 3441 1515 3480 vero
1566 3427 1771 3484 horum
1821 3434 2094 3487 neutrum

459 3499 610 3567 fecit,
641 3505 698 3556 et
731 3505 870 3573 quia
902 3507 1147 3576 singulis
1179 3513 1511 3570 nominibus
1549 3521 2094 3576 commentariolum

461 3594 767 3645 annectere
799 3592 998 3661 voluit,
1027 3597 1122 3652 ubi
1149 3599 1662 3671 Hagiographicum
1697 3613 1959 3664 nostrum
1993 3612 2096 3665 du-

459 3686 582 3726 cem
617 3690 730 3729 non
763 3675 989 3744 habuit,
1033 3695 1254 3736 errores
1303 3689 1674 3754 gravissimos
1721 3693 1974 3748 admisit.
2009 3698 2094 3750 Ita

454 3759 507 3813 S.
530 3760 881 3851 Stephanum
902 3765 1196 3823 Juniorem
1218 3772 1352 3842 (12),
1372 3779 1680 3845 martyrem
1701 3781 2088 3851 notissimum,

456 3865 571 3939 non
604 3850 713 3904 sub
744 3852 1102 3926 Copronymo
1135 3859 1233 3912 sed
1259 3859 1368 3914 sub
1403 3861 1585 3917 Leone
1617 3863 1820 3920 Isauro
1856 3850 2087 3939 passum

454 3937 728 4029 afﬁrmat,
787 3943 943 4012 quod
994 3945 1418 4015 Papebrochius
1477 3953 1727 4021 profecto
1786 3937 2086 4029 nunquam

455 4028 804 4096 scripsisset.
854 4032 1064 4090 Eodem
1115 4039 1284 4094 modo
1331 4043 1635 4110 procedere
1685 4045 1901 4104 videtur
1927 4028 2086 4108 idum

455 4115 766 4189 Triptycha
798 4121 1034 4180 Moscha
1062 4127 1350 4198 explanat,
1374 4133 1474 4187 sed
1509 4151 1623 4190 non
1655 4142 1821 4194 vacat
1852 4155 1967 4196 rem
1999 4142 2088 4197 di-

449 4201 724 4299 ligentius
777 4209 1038 4282 indigare
1086 4216 1220 4288 (13).
1255 4218 1334 4274 Ne
1384 4223 1696 4294 quisquam
1731 4226 1824 4282 hic
1856 4229 2084 4299 objiciet

447 4290 508 4345 in
540 4295 852 4354 editionem
882 4302 1148 4358 Venetam
1182 4290 1771 4383 BollandianiOperis
1812 4290 2085 4387 praedicta

446 4384 782 4450 gravamina
819 4389 1042 4456 prolata
1074 4393 1270 4448 fuisse.
1309 4396 1449 4451 Nam
1483 4400 1668 4467 primo
1699 4384 2079 4476 Antverpien-

446 4485 567 4524 sem
593 4472 746 4541 citat,
771 4475 903 4530 dein
923 4479 980 4530 in
1006 4483 1251 4550 utraque
1274 4484 1524 4541 editione
1545 4488 1718 4546 iidem
1744 4499 1883 4549 sunt
1913 4472 2074 4553 Com-

449 4561 736 4630 mentarii,
771 4579 916 4632 quos
947 4565 994 4620 si
1043 4566 1333 4627 immerito
1387 4590 1626 4645 arguere
1666 4584 1721 4633 et
1770 4581 2078 4641 immutare

448 4665 626 4705 ausus
655 4656 762 4720 est,
788 4654 844 4708 in
869 4670 932 4711 eo
955 4656 1193 4728 dignam
1226 4665 1565 4733 arrogantia
1599 4685 1826 4738 poenam
1860 4674 1993 4730 tulit
2015 4681 2078 4732 ut

442 4738 547 4793 tibi
607 4743 984 4812 gravissimos
1045 4763 1268 4806 errores
1315 4767 1383 4807 ex
1427 4752 1649 4813 calamo
1695 4761 1954 4818 excidere
2002 4765 2079 4820 sit

440 4840 670 4894 passus.

509 4917 562 4969 4.
598 4919 810 4977 Colitur
841 4924 897 4978 S.
933 4927 1187 4983 Andreas
1221 4947 1332 4986 non
1365 4936 1596 4991 tantum
1636 4939 1925 5008 praedictis
1954 4943 2075 4999 die-

440 5003 571 5074 bus,
605 5023 802 5066 verum
853 5015 1027 5070 etiam
1079 5034 1250 5073 xxvm
1300 5021 1638 5081 Novembris
1687 5044 1819 5084 cum
1953 5033 2073 5088 Ste-

437 5091 631 5160 phano
661 5093 918 5156 Juniore.
952 5105 1238 5162 Andream
1271 5112 1449 5177 enim,
1475 5113 1574 5182 qui
1605 5113 1662 5168 in
1695 5115 1860 5172 fastis
1892 5121 2073 5176 sacris

439 5193 556 5235 una
604 5199 734 5238 cum
784 5187 890 5243 hoc
943 5191 1235 5264 Stephano
1279 5200 1488 5269 prodit,
1533 5205 1800 5260 eumdem
1842 5223 1966 5264 esse
2007 5226 2072 5264 ac

652 5325 805 5419 (523i
835 5329 1168 5419 '{hesaurus
1197 5345 1454 5419 veterum
1486 5345 1917 5419 diptychorum.
1945 5354 2073 5410 Flo-

430 5395 634 5486 rep‘tiae
669 5397 1007 5486 ‘17‘5t9,np‘artl.
1043 5424 1128 5486 1_v,_
1143 5411 1260 5486 _p.__l
1298 5395 1548 5486 é't'quEf.

501 5460 586 5596 γυ
597 5465 623 5528 )
653 5471 796 5522 Acta
812 5460 946 5548 's:s.,
979 5477 1019 5528 t.
1055 5460 1262 5548 ιίιιᾜίῑξ
1298 5460 1356 5552 fi
1385 5460 1574 5554 ἱῖξᾜ.
1608 5490 1657 5545 4.

529 5529 620 5596 12)
649 5536 781 5596 Loc.
818 5541 940 5596 οιι..
976 5557 1031 5596 n.
1059 5550 1111 5596 8.

529 5529 620 5601 12)
649 5536 781 5597 Loc.
818 5529 943 5609 oit.,
971 5557 1031 5612 p.
1055 5529 1111 5603 ξς.

2232 1827 2333 1876 est.
2350 1822 2732 1890 Synaxarium
2758 1825 2949 1876 autem
2973 1819 3422 1887 Mediolanense,
3439 1822 3716 1892 quoniam
3742 1839 3886 1878 non-

2229 1910 2372 1964 nihil
2417 1911 2608 1966 difl‘ert
2658 1911 2731 1965 ab
2780 1910 2878 1964 illo
2929 1911 3081 1980 quod
3125 1911 3195 1966 ad
3228 1927 3342 1964 xvn
3374 1909 3637 1966 Octobris
3669 1911 3727 1966 in
3763 1914 3879 1967 Me-

2227 1999 2369 2054 naeis
2419 1999 2761 2070 vulgaribus
2809 2015 3089 2056 excusum
3123 2006 3225 2062 est,
3258 2003 3314 2056 et
3346 1999 3697 2055 mirabiliter
3746 2018 3881 2057 cum

2225 2087 2383 2144 Actis
2430 2089 2644 2144 nostris
2693 2089 2986 2160 prioribus
3019 2091 3316 2155 consonat,
3349 2088 3428 2144 ita
3461 2093 3522 2143 ut
3553 2104 3622 2143 ex
3654 2089 3748 2145 his
3781 2091 3881 2147 de-

2225 2182 2531 2250 sumptum
2579 2178 2723 2234 illud
2775 2178 2980 2234 merito
3030 2178 3333 2248 conjicias,
3365 2177 3458 2232 hic
3487 2177 3780 2249 integrum
3809 2196 3877 2235 ex

2225 2267 2421 2322 codice
2449 2269 2551 2322 Ms.
2579 2266 2944 2338 proferimus.
2970 2266 3150 2321 Datur
3173 2281 3303 2320 vero
3336 2265 3506 2321 sicuti
3537 2271 3646 2334 est,
3673 2267 3879 2339 sphal-

2224 2356 2393 2411 matis
2415 2361 2471 2411 et
2500 2355 2900 2412 locutionibus
2927 2355 3256 2411 Graecorum
3290 2356 3506 2410 inﬁmae
3538 2357 3719 2412 astatis
3752 2358 3880 2414 ubi-

2220 2461 2331 2514 que
2353 2446 2606 2513 retentis,
2629 2446 2696 2500 de
2712 2445 2946 2516 quibus,
2965 2444 3014 2499 si
3034 2444 3211 2510 lubet,
3227 2444 3410 2514 aliqui
3427 2443 3605 2500 videri
3627 2456 3875 2516 possunt

2219 2533 2373 2602 apud
2405 2533 2486 2589 Cl.
2519 2535 2665 2588 Hase
2696 2535 2754 2588 in
2787 2533 3041 2588 editione
3075 2533 3284 2588 Leonis
3319 2533 3556 2590 Diaconi
3589 2535 3720 2605 (14).

2284 2622 2338 2677 5.
2381 2621 2525 2692 Μηνὶ
2585 2617 2872 2696 ὀκτωϐρίῳ
2935 2623 2980 2676 κ’
3027 2627 3135 2676 τῶν
3182 2621 3350 2696 ἁγίων
3410 2629 3678 2700 νεοφανῶν
3725 2646 3869 2698 μαρ-

2213 2709 2386 2784 τύρων
2473 2712 2772 2781 Στεφάνου,
2842 2710 3081 2766 Παύλου.
3135 2710 3338 2785 Πέτρου
3425 2712 3514 2766 καὶ
3582 2710 3866 2787 Ἀνδρέου,

2214 2805 2322 2854 τῶν
2356 2799 2442 2854 ἐπὶ
2475 2798 2855 2874 Κοπρωδύμου
2907 2800 3386 2877 μαρτυρησάντων.
3435 2802 3608 2864 Οὗτος
3670 2803 3734 2870 ἦν
3777 2801 3864 2858 ἐπὶ

2216 2890 2619 2946 Κωνσταντίνου
2684 2894 2781 2944 τοῦ
2833 2885 3170 2946 καϐαλλίνου
3247 2889 3298 2944 ἐν
3368 2891 3590 2961 ἀσκήσει
3634 2889 3853 2965 διάγων,

2215 2977 2265 3033 έν
2307 2984 2374 3053 τῇ
2415 2981 2564 3052 νήσῳ
2608 2981 2818 3054 Κρήτῃ.
2863 2979 3101 3034 Ἀκούων
3147 2977 3204 3034 δὲ
3246 2979 3336 3033 τὸν
3377 2979 3631 3053 τύραννον
3683 3002 3854 3052 τιμω-

2217 3071 2454 3143 ρήσαντα
2516 3067 2641 3130 τοὺς
2708 3066 3050 3143 ὀρθοδόξους,
3118 3067 3413 3123 ἀνέπλευσε
3482 3070 3620 3144 πρὸς
3714 3076 3864 3124 Κων-

2213 3156 2654 3212 σταντινούπολιν
2731 3156 2960 3232 ἐλέγξων
3039 3157 3223 3226 αὐτὸν,
3282 3158 3371 3213 καὶ
3449 3157 3618 3232 εὑρὼν
3698 3158 3856 3214 αὐτὸν

2202 3248 2366 3322 πέραν
2408 3249 2456 3302 έν
2483 3253 2578 3303 τοῦ
2619 3249 2771 3321 ἁγίου
2813 3249 3114 3322 Μάμαντος
3155 3248 3443 3310 παλατίοις
3504 3256 3864 3324 τιμωροῦνται

2198 3336 2328 3397 τοὺς
2381 3338 2457 3410 μή
2507 3334 2870 3410 ἀρνουμένους
2901 3338 2996 3398 τὰς
3046 3339 3193 3401 θείας
3243 3339 3474 3409 εἰκόνας,
3504 3337 3604 3415 ἔφη
3643 3359 3656 3372 .
3715 3343 3859 3414 «Δρα

2201 3428 2511 3501 χριστιανὸς
2557 3425 2622 3495 εἴ,
2677 3425 2938 3501 βασιλεῦ;
2992 3427 3053 3483 Ὀ
3095 3423 3151 3481 δὲ
3189 3427 3328 3498 πρὸς
3371 3427 3530 3482 αὐτὸν
3591 3429 3706 3500 μετ’
3756 3428 3856 3502 ὀρ-

2198 3519 2300 3592 γῆς
2343 3516 2589 3594 στραφεὶς
2640 3513 2886 3570 ἐκέλευσε
2943 3517 3080 3588 πρὸς
3137 3514 3296 3571 αὐτόν
3353 3515 3570 3592 ἄγεσθαι
3619 3536 3634 3551 ο
3681 3518 3734 3571 οἱ
3794 3515 3852 3570 δὲ

2195 3609 2301 3659 τῶν
2333 3608 2537 3679 τριχῶν
2587 3605 2853 3678 σύροντες.
2897 3603 3059 3660 ἄλλοι
3101 3607 3192 3660 τὸν
3242 3612 3483 3679 χοιτῶνα
3535 3605 3846 3681 ῥηγνύντες.

2194 3695 2283 3749 καὶ
2336 3692 2394 3747 ἐκ
2457 3699 2564 3748 τῶν
2623 3689 2839 3758 ὄπισθεν
2902 3694 3218 3766 τύπτοντες,
3270 3690 3455 3769 ἔσυρον
3509 3697 3599 3750 τὸν
3660 3693 3850 3771 ἅγιον,

2192 3784 2282 3837 καί
2325 3804 2452 3857 φησι
2492 3783 2626 3855 πρὸς
2685 3784 2846 3838 αὐτόν
2883 3804 2896 3817 ’
2940 3786 3128 3845 Οὕτως
3194 3782 3490 3859 ἐδιδάχθης
3558 3785 3846 3856 ἀτιμάζειν

2196 3872 2455 3947 βασιλέα;
2489 3873 2548 3928 Ὀ
2581 3868 2637 3926 δέ
2671 3891 2682 3903 ·
2727 3869 2922 3933 Οὐδεὶς
2956 3873 3243 3948 ἀμαρτέίνει
3297 3873 3526 3947 βασιλέα
3594 3871 3841 3948 ἐλέγχων

2190 3965 2607 4034 παρανομοῦντα
2651 3980 2662 3992 ·
2699 3963 2725 4015 ὁ
2775 3959 2830 4015 δέ
2863 3979 2877 3992 ⁶
2938 3960 3078 4020 Τοὺς
3127 3967 3576 4034 παρανομοῦντας
3623 3962 3844 4036 μᾶλλον

2191 4054 2343 4126 ὑμεῖς
2374 4053 2709 4127 κολάζομεν,
2739 4053 2868 4114 τοὺς
2901 4053 2974 4113 ὡς
3017 4052 3170 4115 θεοὺς
3219 4053 3703 4127 προσερχομένους
3756 4057 3853 4108 καὶ

2189 4141 2542 4217 λατρεύοντας
2568 4147 2684 4204 ταῖς
2744 4139 2942 4196 εἷκόσιν
2981 4141 3008 4194 ὁ
3059 4137 3152 4194 δέ·
3191 4141 3452 4215 Ἀγνοεῖς,
3495 4143 3539 4194 ὧ
3581 4140 3845 4213 βασιλεῦ,

2184 4233 2234 4285 τί
2282 4232 2374 4304 μὲν
2409 4234 2470 4287 τὸ
2503 4236 2770 4310 σχετικῶς
2811 4235 3150 4305 προσκυνεῖν,
3172 4229 3220 4283 τί
3255 4226 3310 4283 δὲ
3341 4230 3403 4283 τὸ
3435 4229 3841 4303 λατρευτικῶς.

2183 4320 2241 4376 Ὁ
2301 4317 2357 4374 δὲ
2395 4319 2657 4375 τείνεσθαι
2707 4325 2896 4376 τοῦτον
2958 4321 3008 4374 ἐν
3068 4320 3330 4394 μαστίγας
3395 4317 3665 4389 έκέλὲυσε,
3713 4321 3844 4395 βου-

2186 4409 2397 4484 νεύροις
2450 4411 2585 4464 κατὰ
2639 4415 2737 4466 τοῦ
2776 4412 2936 4465 νότου
2971 4409 3059 4464 καὶ
3090 4413 3182 4464 τνῦ
3213 4410 3442 4480 στήθους
3475 4408 3803 4486 φραγελλῶν
3826 4430 3838 4443 ·

2189 4498 2304 4552 εἶτα
2371 4497 2527 4553 λίθου
2584 4499 2644 4552 τὸ
2699 4499 2876 4572 στόμα
2923 4499 3216 4573 προσέταξε
3270 4498 3584 4562 τύπτεσθαι.
3639 4500 3722 4571 Τῇ
3781 4495 3836 4551 δὲ

2183 4584 2434 4659 ἐπαύριον
2493 4581 2761 4653 ἐκϐαλὼν,
2797 4587 2870 4648 ὡς
2931 4586 3031 4640 οὐκ
3083 4585 3292 4641 ἔπεισεν
3353 4587 3687 4661 ἀρνήσασθαι
3740 4587 3823 4639 τὸν

2182 4678 2418 4751 Χριστὸν
2467 4675 2557 4730 καὶ
2605 4675 2700 4737 τὰς
2753 4674 2902 4747 ἁγίας
2947 4673 3177 4743 εἰκόνας,
3237 4674 3410 4748 τύψας
3463 4677 3650 4745 πάλιν,
3695 4674 3819 4727 κατὰ

2182 4764 2424 4843 κεφαλῆς
2480 4765 2729 4837 σύρεσθαι
2788 4767 2977 4817 τοῦτον
3025 4766 3131 4817 τῶν
3191 4761 3377 4818 ποδῶν
3419 4766 3550 4826 τοὺς
3583 4764 3826 4839 σχοίνους

2182 4853 2489 4927 έξαψάντες,
2542 4852 2593 4907 ἐν
2663 4855 2731 4924 τῇ
2799 4852 3373 4908 Κωνσταντινουπόλει
3461 4854 3822 4928 Οεατρίζεσθαι

2180 4943 2522 5016 προστάσσει.
2567 4942 2632 4997 Οἱ
2693 4939 2748 4995 δὲ
2803 4939 3039 5019 τάχιστα
3093 4944 3534 5015 περανιωθέντες,
3589 4943 3677 4996 καὶ
3734 4943 3827 4996 τὸν

2182 5033 2328 5104 ἅγιον
2388 5029 2634 5103 σύροντες
2694 5026 2926 5085 ἔϐαπτον
2967 5031 3068 5098 τὴν
3124 5032 3224 5106 γὴν
3260 5036 3377 5092 τοῖς
3417 5030 3637 5104 α’ίμασιν
3681 5051 3692 5063 ·

2180 5117 2238 5174 δὲ
2281 5119 2357 5180 εἷς
2405 5121 2502 5188 τήν
2543 5124 2640 5174 τοῦ
2692 5121 2828 5183 Bob;
2876 5119 3077 5195 ἀγορὰν
3127 5119 3478 5195 πεφθάκασιν,
3521 5118 3682 5175 εἰὸὼν
3731 5120 3838 5174 αύ-

2174 5207 2304 5269 τούς
2344 5229 2426 5269 τις
2467 5208 2585 5282 ἄρτι
2644 5211 2770 5272 τοὺς
2824 5208 3019 5287 ἰχθύας
3070 5207 3606 5287 ἄποφορτισάμενος,
3647 5207 3841 5283 ἠρώτα

2254 5355 2371 5497 (13)
2404 5354 2573 5423 lbid.,
2610 5371 2666 5426 p.
2704 5356 2791 5436 10.

2258 5425 2348 5494 (14
2404 5426 2613 5481 Leonis
2663 5428 2791 5482 Dlac

2258 5425 2371 5494 (14)
2404 5425 2627 5481 Leonis
2663 5425 2898 5482 Diaconi
2955 5426 3223 5483 Historias
3288 5441 3318 5481 e
3371 5440 3593 5483 recens.

2182 5493 2363 5566 Ha’se,
2387 5497 2600 5553 Bonnas
2637 5498 2791 5564 1828,
2825 5513 2881 5570 p.
2914 5514 3044 5554 xnv
3076 5504 3132 5554 et
3163 5498 3401 5570 passim.

3769 5031 3829 5063 ς..

3755 5053 3828 5092 ως

3653 5428 3713 5484 C.
3771 5428 3837 5486 Β.
