4142 6248
228 319 381 382 1085

1397 319 1580 382 νιΤΑ
1628 321 1693 384 S.
1743 319 2083 382 ANDREIE
2127 317 2203 378 IN
2252 316 2478 378 CRISI.

3470 302 3625 364 1086

230 479 329 545 τήν
358 474 530 530 αἷτῖαν
562 483 662 545 τῆς
716 475 949 550 βασάνου
1007 477 1097 532 καὶ
1151 478 1361 548 μαθὼν,
1420 479 1604 550 eam
1673 477 1881 552 μακελ-

1994 481 2239 549 quenter
2269 479 2502 530 sanctos
2550 469 2756 536 varios,
2791 466 2890 538 qui
2934 469 3149 520 Sancto
3204 461 3487 533 praecipuo
3521 460 3623 515 tali

226 563 388 632 λικὴν
423 566 450 618 ὁ
486 563 675 624 ἅθλιος
729 562 991 637 ἀρπάσας,
1042 565 1409 640 χαριζόμενος
1452 573 1568 626 τοῖς
1616 571 1711 620 τοῦ
1762 564 1883 619 δια-

232 649 405 708 ϐόλου
455 653 769 727 ὑπηρέταις,
820 651 1101 727 δρομαίως
1152 651 1371 728 ἔρχεται
1424 656 1514 709 καὶ
1562 658 1652 710 τὸν
1707 652 1878 723 δεξιὸν

235 739 378 797 πόδα
407 746 504 796 τοῦ
535 741 693 817 ἁγίου
743 741 1006 814 ἀπέκοψε,
1059 743 1148 797 καὶ
1187 745 1315 818 παρ’
1365 743 1529 798 αὐτοῦ
1579 746 1676 812 τήν
1729 743 1878 816 ἁγίαν

229 833 396 886 cat-31073
462 831 553 884 καὶ
615 829 880 905 μακαρίαν
972 833 1157 906 ψυχήν
1223 831 1487 908 παρέθετο
1534 837 1612 904 τῷ
1671 831 1881 906 Κυρίῳ,

229 923 295 979 Οἱ
345 919 434 976 οὗν
496 920 766 992 σύροντες,
818 921 1004 995 νεκρὸν
1053 919 1277 990 ἰδόντες,
1329 919 1402 984 ὥς
1451 945 1506 977 τι
1553 924 1881 994 θνησιμαῖον

228 1009 282 1065 ἐν
315 1008 585 1082 κοπρώδει
619 1011 819 1084 χωρίῳ
853 1009 1177 1085 ἀπέῥριψαν,
1218 1012 1409 1072 νυκτὸς
1439 1009 1495 1066 δὲ
1537 1005 1881 1067 καταλαϐού-

231 1119 351 1171 σης,
380 1100 524 1160 τινες
554 1102 659 1153 τῶν
704 1095 1014 1172 ὀρθοὸόξων
1077 1098 1323 1173 ἄραντες,
1370 1094 1569 1174 ἔθαψαν
1626 1099 1680 1154 ἐν
1728 1101 1881 1171 τόπῳ

231 1187 511 1262 λεγομένῳ
575 1194 678 1256 τῆς
742 1186 1001 1260 Κρίσεως.
1052 1191 1172 1246 Haec
1222 1190 1396 1247 latine
1439 1207 1606 1248 versa
1652 1189 1736 1246 sic
1789 1205 1880 1246 :0-

228 1288 386 1335 nant.

297 1370 351 1425 6.
388 1368 490 1425 Die
521 1386 595 1424 xx
626 1368 891 1426 Octobris
943 1369 1224 1427 Memoria
1271 1371 1594 1428 recentium
1639 1373 1880 1427 sancto—

229 1475 361 1515 rum
399 1465 720 1531 martyrum
768 1458 1069 1530 Stephani,
1111 1458 1298 1526 Pauli,
1349 1461 1502 1517 Petri
1535 1463 1593 1516 et
1642 1459 1881 1516 Andreae

229 1547 332 1620 qui
363 1548 473 1604 sub
508 1551 866 1620 Copronymo
900 1547 1057 1620 passi
1081 1553 1237 1604 sunt.
1270 1579 1338 1590 —
1371 1550 1422 1604 Is
1444 1549 1748 1621 (Andreas)
1768 1550 1878 1603 sub

229 1637 612 1694 Constantino
642 1636 964 1705 Caballino,
999 1636 1258 1693 asceticas
1289 1638 1420 1693 vitae
1442 1637 1710 1693 addictus
1732 1636 1878 1692 vive-

230 1726 334 1782 bat
363 1725 420 1780 in
446 1725 639 1780 insula
663 1728 851 1793 Creta,
883 1741 1136 1796 cumque
1165 1725 1426 1782 audisset
1449 1730 1758 1796 tyrannum
1782 1740 1874 1780 or-

233 1814 521 1908 thodoxos
568 1815 871 1908 tormentis
899 1815 1226 1908 exagitare,
1267 1815 1438 1871 illum
1488 1813 1873 1908 redarguendi
1909 1843 1964 1908 Β

235 1919 409 1958 causa
438 1902 1001 1974 Constantinopolim
1039 1903 1350 1976 navigavit.
1388 1905 1613 1960 Invenit
1633 1919 1763 1959 eum
1785 1902 1872 1958 ul-

234 1997 324 2047 tra
360 1991 702 2062 (civitatem,
735 1993 775 2046 i.
809 2009 858 2048 e.
895 1993 966 2047 ad
999 2001 1221 2064 partem
1253 1991 1694 2050 occidentalem.
1735 1992 1880 2048 Vide

238 2081 394 2136 infra
420 2096 586 2136 num.
611 2081 703 2153 30)
737 2081 792 2135 in
824 2080 1042 2137 Palatio
1074 2082 1146 2137 ad
1181 2082 1239 2138 S.
1273 2081 1608 2152 Mamantis,
1639 2082 1880 2138 saevien-

230 2173 353 2226 tem
386 2169 446 2225 in
477 2186 576 2225 eos
607 2169 703 2240 qui
733 2186 1033 2225 sacrarum
1054 2169 1380 2242 imaginum
1414 2171 1632 2227 nollent
1655 2171 1878 2226 cultum

235 2257 510 2329 abjicere,
569 2275 821 2330 eumque
871 2259 1231 2329 compellans
1281 2275 1293 2313 :
1343 2260 1680 2330 Imperator,
1737 2263 1881 2316 tunc

243 2347 606 2403 Christianus
637 2364 720 2418 es,
752 2347 986 2418 inquit?
1015 2348 1118 2402 Hic
1162 2364 1298 2404 vero
1348 2365 1481 2404 cum
1515 2349 1600 2404 ira
1630 2349 1697 2403 ad
1748 2363 1880 2403 eum

239 2451 575 2505 conversus,
623 2437 828 2492 adduci
860 2436 1060 2508 jussit.
1094 2438 1241 2491 Tum
1292 2437 1390 2492 alii
1440 2437 1672 2508 capillis
1726 2437 1880 2492 abri-

235 2524 482 2597 pientes,
515 2525 613 2580 alii
644 2525 903 2581 tunicam
936 2525 1256 2582 lacerantes
1287 2531 1344 2581 et
1381 2544 1416 2582 a
1467 2531 1623 2596 tergo
1669 2525 1884 2580 caeden-

235 2619 347 2684 tes,
378 2615 656 2672 Sanctum
691 2616 1018 2688 raptabant.
1051 2615 1152 2672 Cui
1184 2619 1464 2688 tyrannus
1497 2632 1510 2670 :
1553 2617 1710 2671 Itane
1740 2631 1880 2671 con-

243 2704 503 2762 tumeliis
521 2705 926 2778 imperatorem
949 2705 1177 2762 afﬁcere
1198 2707 1438 2762 edoctus
1461 2722 1521 2761 es
1542 2706 1571 2758 ?
1593 2704 1693 2760 Ille
1714 2720 1878 2760 vero:

240 2793 424 2849 Nemo
450 2792 761 2864 delinquit,
793 2794 1205 2864 imperatorem
1237 2809 1509 2864 arguens,
1555 2793 1692 2848 dum
1725 2791 1883 2864 leges

241 2882 578 2936 contemnit.
631 2881 933 2953 Tyrannus
962 2882 1174 2936 iterum
1211 2898 1224 2937 :
1259 2883 1322 2935 In
1346 2897 1446 2936 vos
1469 2879 1661 2951 potius
1691 2879 1884 2950 legum

238 2972 606 3039 corruptores
621 2969 1162 3034 animadvertimus,
1177 2967 1454 3039 quiquasi
1478 2966 1588 3022 diis
1607 2967 1884 3030 advoluti,

239 3057 525 3128 imagines
557 3057 897 3114 adoratione
925 3056 1361 3128 proscquimini.
1410 3053 1727 3126 Respondit
1749 3054 1882 3109 ille:

244 3141 467 3212 Nescis,
501 3146 837 3218 imperator,
873 3146 1012 3217 quid
1038 3146 1110 3201 sit
1137 3144 1358 3202 cultum
1393 3145 1698 3200 relativum
1732 3141 1887 3198 exhi-

239 3235 393 3304 bere,
429 3235 567 3302 quid
600 3250 732 3290 vero
783 3234 1180 3292 latreuticum.
1229 3235 1376 3290 Tum
1422 3249 1555 3289 cum
1604 3234 1673 3288 ad
1709 3232 1886 3302 ﬂagra

236 3323 512 3390 extendit,
548 3329 774 3394 tergum
812 3333 865 3380 et
903 3329 1108 3396 pectus
1139 3323 1365 3381 bovinis
1399 3322 1590 3380 nervis
1635 3321 1884 3389 concidi,

242 3413 451 3469 deinde
472 3430 536 3469 os
568 3413 724 3470 saxis
747 3414 1028 3471 contundi
1050 3414 1324 3486 praecepit
1346 3439 1360 3482 ;
1385 3415 1615 3485 postera
1632 3412 1724 3468 die
1747 3411 1886 3466 foris

240 3502 517 3573 ejectum,
552 3507 750 3574 utpote
793 3504 884 3560 cui
918 3503 1213 3558 Christum
1263 3506 1320 3558 et
1367 3517 1566 3558 sacras
1598 3500 1886 3572 imagines

243 3591 531 3661 abnegare
563 3607 676 3648 non
710 3592 1124 3662 persuasisset,
1149 3607 1353 3646 rursus
1385 3589 1766 3658 ﬂagellatum,
1789 3605 1886 3644 ca-

243 3679 360 3750 pite
395 3680 455 3734 in
505 3684 718 3735 terram
768 3680 1044 3748 demisso,
1091 3678 1342 3750 alligatis
1390 3678 1636 3748 pedibus
1668 3676 1885 3748 raptari

233 3767 418 3836 jussit
445 3771 504 3822 et
531 3766 1276 3837 Constantinopolipublice
1307 3765 1686 3821 deridendum
1711 3780 1884 3837 expo-

246 3854 328 3910 ni.
353 3855 534 3918 Quem
550 3855 826 3912 citissime
849 3855 1266 3927 pertrahentes,
1285 3859 1498 3912 terram
1523 3855 1581 3910 in
1607 3855 1885 3925 reptando

245 3943 535 4015 sanguine
567 3949 1037 4015 consperserunt.
1062 3944 1149 4000 Ita
1179 3945 1370 4000 forum
1393 3944 1562 4001 Bovis
1591 3947 1886 4001 assecutos

242 4032 611 4102 conspiciens
641 4033 856 4104 aliquis
887 4033 988 4105 qui
1023 4035 1193 4089 modo
1212 4033 1399 4106 pisces
1429 4037 1789 4099 exoneraret,
1814 4034 1884 4089 de

237 4122 516 4177 tormenti
572 4137 745 4178 causa
776 4123 1146 4192 sciscitatur;
1193 4139 1253 4179 re
1301 4126 1616 4192 comperta,
1660 4120 1885 4178 macelli

247 4210 438 4266 cultro
468 4211 642 4267 miser
677 4219 926 4284 arrepto,
960 4212 1140 4268 servis
1186 4211 1400 4268 diaboli
1454 4210 1679 4283 placere
1709 4225 1889 4281 appe-

241 4309 388 4368 tens,
420 4318 597 4358 cursu
627 4303 1002 4359 contenditet
1029 4304 1296 4358 dextrum
1317 4302 1522 4372 pedem
1556 4300 1753 4356 Sancti
1784 4299 1887 4355 ab-

243 4391 439 4457 scidit,
471 4392 569 4462 qui
603 4392 824 4448 interea
852 4396 1118 4448 sanctam
1150 4407 1214 4447 ac
1235 4390 1467 4446 beatam
1493 4389 1752 4446 animam
1773 4388 1887 4445 Do-

244 4480 403 4536 mino
454 4480 714 4535 tradidit.
749 4479 858 4544 Qui
905 4496 1038 4535 cum
1098 4479 1430 4551 raptabant,
1464 4481 1530 4534 ut
1589 4481 1884 4534 mortuum

1992 568 2085 623 die
2123 567 2406 622 celebrato
2439 563 2641 618 attines
2687 562 2840 624 sunt,
2869 561 2925 612 et
2956 561 3149 610 tamen
3195 553 3416 624 priores
3448 551 3622 605 etiam

1992 672 2166 710 suum
2228 652 2524 724 proprium
2556 649 2706 705 diem
2758 644 3038 701 obtinere.
3072 643 3136 697 In
3169 640 3403 695 Menaeis
3434 639 3626 707 itaque

1992 743 2246 816 praedicti
2281 748 2530 813 quatuor
2559 735 2756 793 Sancti
2795 735 2862 788 ad
2896 732 3048 787 diem
3081 747 3174 784 xxx
3207 725 3628 816 Octobris,qqui

1994 813 2104 888 diei
2138 849 2252 903 quo
2284 846 2493 903 passus
2522 834 2606 884 est
2638 826 2695 881 S.
2730 823 2986 878 Andreas
3009 821 3066 873 in
3098 817 3270 885 Crisi,
3303 833 3374 870 xx
3404 813 3630 869 scilicet

1993 923 2284 994 proximus
2319 923 2426 984 est,
2459 917 2621 972 relati
2656 916 2794 970 sunt
2833 915 2888 967 et
2928 907 3193 980 sequenti
3246 905 3398 961 brevi
3457 918 3629 994 enco-

1993 991 2110 1067 mio
2141 1011 2540 1067 celebrantur:
2587 1006 2670 1077 Τῇ
2695 1003 2834 1074 αὐτῇ
2867 997 3032 1072 ἡμέρ,
3065 997 3259 1069 μνήμη
3317 998 3423 1048 τῶν
3457 991 3628 1065 ἁγίων

1990 1103 2262 1176 νεοφανῶν
2334 1095 2621 1171 μαρτύρων
2703 1087 2983 1163 Ἀνδρέου,
3044 1083 3334 1162 Στεφάνου,
3403 1077 3626 1136 Ηαύλου

1989 1187 2078 1242 καὶ
2101 1188 2332 1262 Ηέτρου.

1992 1253 2222 1354 XI'CXOL"
2242 1278 2419 1349 Τρεῖς,
2455 1273 2482 1326 ὁ
2525 1268 2817 1345 Στέφανος,
2858 1267 2918 1319 σὺ
2953 1261 3268 1341 στεφανίτας
3297 1253 3444 1333 ἔχεις

2237 1348 2377 1425 Τοὺς
2416 1360 2498 1415 σοὶ
2531 1354 2968 1426 συναθλήσαντας
3001 1353 3051 1425 ἐξ
3091 1350 3208 1412 ἑνὸς
3247 1348 3452 1424 ξίφους.

2059 1456 2121 1511 Id
2153 1460 2243 1510 est
2273 1471 2287 1508 z
2317 1453 2526 1507 Eadem
2554 1449 2647 1504 die
2677 1449 2795 1518 (xxi
2826 1443 3053 1514 Octob.)
3090 1438 3369 1496 memoria
3402 1443 3628 1493 sancto-

1989 1561 2119 1601 rum
2155 1543 2470 1600 recentium
2505 1541 2827 1608 martyrum
2852 1533 3114 1600 Andreae,
3146 1525 3439 1600 Stephani,
3462 1521 3625 1578 Pauli

1985 1638 2249 1775 $5321.:
2282 1717 2422 1772 Tres
2452 1717 2866 1768 concoronatos
2887 1707 3090 1773 habes,
3124 1719 3156 1758 ο
3187 1699 3497 1770 Stephane,

2289 1807 2505 1861 Tecum
2537 1815 2674 1856 ense
2707 1800 3031 1870 pugnantes
3062 1792 3262 1848 eodem
3295 1797 3548 1843 strenue.

1989 1897 2238 1952 Rursum
2270 1893 2362 1950 die
2385 1908 2557 1948 xxxiii
2588 1887 2850 1944 Octobris
2873 1886 2929 1939 in
2955 1881 3132 1938 altero
3155 1880 3401 1933 duorum
3427 1875 3624 1929 Meno-

1987 1987 2276 2060 logiorum
2335 2001 2458 2056 quae
2517 1978 2816 2038 Scholzius
2875 1974 3057 2031 edidit
3114 1969 3247 2043 (16),
3284 1966 3629 2060 comparent

2151 2055 2432 2147 martyres
2483 2068 2837 2140 Stephanus,
2899 2064 3098 2118 Petrus
3155 2063 3212 2147 et
3266 2056 3525 2112 Andreas
3576 2055 3632 2106 et

1989 2182 2166 2222 xxvm
2199 2146 2337 2220 Nov.
2371 2162 2583 2217 iterum
2615 2157 2673 2212 S.
2709 2153 3040 2224 Stephanus
3065 2146 3265 2204 Iunior
3292 2147 3511 2212 martyr
3533 2156 3628 2194 so-

1987 2256 2082 2311 lus
2117 2271 2130 2320 ;
2165 2254 2220 2308 in
2253 2252 2433 2308 altero
2464 2264 2595 2304 vero
2627 2245 2783 2302 solus
2814 2243 2871 2298 S.
2906 2239 3240 2310 Stephanus
3270 2231 3478 2289 Junior
3508 2243 3626 2283 mo-

1994 2343 2214 2400 nachus
2243 2348 2296 2396 et
2319 2344 2534 2410 martyr
2565 2335 2658 2392 die
2686 2349 2860 2389 xxvm
2891 2329 3014 2385 Oct.
3057 2323 3235 2381 semel
3279 2332 3629 2410 commemo-

1992 2436 2172 2486 ratur.
2214 2430 2356 2486 Item
2398 2405 2701 2481 in'codice
2752 2415 3134 2475 Laurentiano
3182 2411 3294 2482 (17)
3326 2405 3522 2464 seaculi
3555 2418 3627 2458 χε

1990 2535 2169 2573 xxvm
2200 2517 2398 2572 Octob.
2431 2513 2489 2568 S.
2527 2503 3002 2582 Stephanietqui
3036 2515 3162 2556 cum
3188 2514 3254 2554 eo
3286 2493 3445 2568 passi
3477 2498 3630 2548 sunt.

1992 2607 2335 2675 Coniectura
2366 2601 2520 2656 ducti
2574 2605 2635 2653 ut
2673 2607 3031 2667 exponemus
3063 2606 3119 2644 n.
3172 2586 3241 2640 23
3283 2583 3636 2678 arbitramur

1992 2695 2087 2750 hic
2119 2669 2284 2749 illum
2317 2689 2680 2760 Stephanum
2713 2684 2849 2740 olim
2897 2669 3634 2760 commemoramtuifuisse

1994 2783 2092 2855 qui
2121 2783 2230 2839 sub
2252 2756 2455 2838 eodem
2481 2778 2841 2848 Copronymo
2864 2767 3117 2858 plurima
3143 2778 3380 2858 passus,
3411 2759 3538 2858 dein
3557 2756 3632 2858 “in

1995 2845 2304 2941 Sugdmam
2354 2867 2516 2924 exsul
2564 2845 2769 2920 sancte
2800 2861 2969 2914 vitam
2999 2853 3203 2941 ﬁnivit.
3239 2852 3320 2941 Ita
3348 2845 3632 2941 enim-Ie-

1996 2934 2137 3014 runt
2166 2962 2291 3013 tum
2324 2956 2708 3022 Mentea,tum
2739 2944 3066 3017 Menologia
3096 2939 3285 2996 Sirleti
3316 2943 3369 2993 et
3399 2934 3634 2990 Basilia-

1997 3062 2140 3102 num
2199 3045 2270 3101 ad
2309 3043 2462 3099 diem
2506 3057 2680 3097 xxvm
2731 3032 3090 3093 Novembris.
3136 3028 3281 3085 Huic
3322 3023 3528 3080 deinde
3567 3039 3634 3078 ex

1999 3152 2156 3194 more
2214 3137 2545 3192 Graecorum
2594 3130 2775 3188 additi
2825 3126 3037 3182 fuerint
3064 3123 3161 3178 SS.
3195 3126 3400 3175 Petrus
3431 3119 3487 3171 et
3516 3116 3633 3170 Λιι-

1917 3205 1968 3273 C
1996 3228 2185 3294 dreas,
2211 3241 2279 3281 ex
2309 3240 2426 3295 quo
2457 3223 2629 3277 etiam
2657 3215 2927 3289 proﬂuxit
2953 3217 3016 3268 ut
3047 3211 3140 3266 die
3172 3223 3350 3264 xxvm
3375 3204 3632 3295 Novem-

1993 3316 2137 3383 bris,
2163 3292 2278 3385 quo
2308 3292 2367 3368 S.
2394 3308 2723 3380 Stephanus
2743 3303 2947 3360 Junior
2969 3314 3179 3371 passus
3199 3293 3486 3385 est,_idem
3517 3292 3632 3385 duo

1991 3378 2197 3460 Sancti.
2217 3408 2342 3458 tum
2393 3401 2450 3455 in
2494 3378 2751 3460 Menmis,
2784 3396 2910 3447 tum
2951 3389 3011 3444 in
3061 3385 3234 3443 variis
3289 3378 3633 3451 Menologiis

1991 3493 2199 3549 iterum
2234 3488 2557 3547 recolantur
2598 3484 2799 3556 (supra
2826 3494 2988 3534 num.
3024 3475 3133 3546 14).

2063 3582 2116 3636 8.
2168 3581 2247 3636 De
2297 3577 2458 3634 Actis
2516 3589 2640 3646 quae
2695 3567 3044 3639 subjicimus
3097 3563 3219 3617 hac
3252 3559 3465 3630 accipe.
3512 3557 3631 3646 ~Du-

1992 3670 2170 3743 plicia
2225 3644 2588 3734 exhibemus,
2637 3664 2880 3730 utraque
2909 3655 3099 3711 Graece
3141 3649 3379 3745 inedita,
3425 3644 3632 3745 ‘priora

1992 3738 2124 3816 vero
2155 3758 2328 3814 etiam
2364 3753 2596 3819 Latine;
2623 3750 2679 3806 id
2704 3747 2951 3804 facimus
2970 3746 3097 3798 tum
3127 3739 3277 3810 quod
3315 3738 3630 3807 posteriora

1992 3863 2061 3905 ex
2090 3847 2206 3903 illis
2238 3861 2350 3902 non
2383 3844 2796 3915 proﬂuxerunt,
2829 3835 2929 3890 sed
2970 3828 3172 3902 paucis
3201 3823 3457 3893 omissis,
3488 3835 3632 3876 non-

1993 3935 2156 3992 nulla
2177 3932 2578 4005 superaddunt
2612 3970 2626 3996 ,
2659 3936 2778 3981 tum
2811 3922 2984 3979 etiam
3008 3918 3160 3991 quod
3193 3917 3403 4012 horum
3436 3925 3630 4012 exemi

1993 4024 2118 4098 plar
2149 3999 2635 4096 periectissimum
2681 4012 2834 4070 nacti
2874 4025 3100 4098 sumus,
3134 4005 3389 4098 quinque
3418 3999 3635 4098 scilicet

1993 4089 2451 4169 Mss-codicum
2508 4104 2875 4163 collationem
2935 4097 2997 4153 in
3046 4093 3309 4165 margine
3356 4089 3632 4145 referens.

1993 4203 2353 4258 Tribuuntur
2383 4199 2504 4252 hac
2534 4193 2962 4262 Metapbrastas,
2993 4190 3059 4241 ut
3095 4185 3312 4239 diserte
3342 4179 3516 4235 habet
3541 4177 3635 4232 Al-

1993 4291 2187 4356 latius,
2229 4287 2330 4359 qui
2377 4285 2437 4340 in
2484 4279 2738 4338 diatriba
2766 4278 2836 4332 de
2864 4271 3252 4347 Symeonibus
3284 4264 3632 4359 cacumini-

1993 4380 2141 4437 tium
2174 4353 2339 4432 all‘ert
2377 4372 2490 4445 (18)
2515 4385 2528 4426 ;
2555 4383 2733 4440 quare
2763 4365 2912 4420 hunc
2939 4363 3127 4418 locum
3153 4373 3267 4412 non
3298 4354 3511 4445 viderit
3532 4353 3635 4408 Pa-

1993 4468 2125 4543 gius
2155 4465 2270 4537 (19)
2295 4441 2395 4535 qui
2425 4441 2598 4531 negat
2639 4457 2776 4511 Acta
2803 4452 2904 4543 illa
2930 4447 3199 4523 Symeoni
3232 4441 3631 4543 bieta‘phrastm

246 4531 734 4638 ξιζρἒχεῖέξνὲιᾷι
756 4531 928 4640 quid
945 4531 1885 4625 ὲῶι-ιῖἐίῖλῖἶιῗιὲὲάἶὲείᾘιξῷ
1916 4551 1974 4619 D
1994 4531 2332 4628 adjudicata
2345 4551 2545 4607 fuisse.
2570 4541 2997 4640 Testimonium
3017 4542 3210 4640 autem
3236 4531 3634 4640 All-atiiquan:

248 4673 381 4713 cum
408 4658 743 4729 abjecerunt
775 4675 789 4726 ;
823 4663 990 4715 nocte
1028 4674 1158 4716 vero
1188 4659 1554 4725 adventante,
1586 4657 1889 4715 sublatum

249 4745 486 4816 quidam
531 4745 833 4802 orthodoxi
867 4747 1094 4805 tumulo
1123 4747 1510 4805 condiderunt
1539 4746 1599 4802 in
1629 4745 1756 4803 loco
1789 4745 1888 4820 qui

249 4834 464 4890 dicitur
491 4834 688 4891 Crisis.

321 4923 375 4978 7.
408 4923 466 4980 In
512 4922 746 4981 Menaeis
777 4925 1006 4982 excusis
1045 4925 1367 4996 saepissime
1403 4925 1648 4982 diversis
1678 4925 1887 4982 diebus

249 5016 424 5072 iidem
459 5014 649 5070 Sancti
695 5019 1221 5071 commemorantur
1268 5014 1406 5086 quia
1449 5014 1704 5071 diversos
1743 5015 1882 5071 Mss.

249 5105 478 5161 codices
507 5103 759 5159 editores
789 5103 1123 5159 adhibuere.
1152 5102 1338 5158 Aliam
1372 5107 1562 5160 tamen
1595 5103 1773 5173 hujus
1804 5103 1884 5158 rei

248 5210 485 5250 causam
537 5193 796 5263 assignat
823 5191 1255 5264 Papebrochius
1285 5193 1413 5262 (15),
1463 5192 1686 5249 Graecos
1718 5190 1890 5246 nimi-

249 5301 378 5342 rum
411 5284 611 5341 eodem
661 5286 762 5338 aut
819 5281 1086 5353 sequenti
1133 5281 1226 5338 die
1280 5296 1734 5338 commemorare
1772 5280 1882 5336 fre-

323 5444 432 5516 (15)
465 5445 614 5516 Eph.
646 5444 1118 5512 Graeco-Mosch.,
1151 5448 1192 5499 t.
1226 5443 1429 5512 IMaii,
1463 5461 1518 5517 p.
1541 5459 1642 5501 vm
1668 5449 1718 5501 et
1750 5459 1884 5515 pas-

252 5517 362 5572 sim
399 5533 414 5582 ;
445 5524 487 5572 t.
521 5519 570 5572 II
597 5517 746 5572 Maii.
782 5533 840 5587 p.
875 5518 996 5586 110,
1028 5535 1087 5572 n.
1123 5518 1208 5571 11.

350 5587 436 5672 1.92
462 5589 535 5672 ρο
557 5587 915 5672 Μεηφιοεὶίξ»
945 5595 1079 5672 seu
1104 5605 1160 5672 ρ·
1182 5587 1243 5672 βο

352 5657 440 5731 17)
467 5659 710 5718 Baudini
741 5657 912 5734 codd,
943 5657 1147 5734 Graeci,
1176 5662 1220 5716 t.
1247 5657 1288 5731 l,
1321 5675 1378 5733 p.
1406 5659 1528 5722 130.

1997 4619 2124 4705 tum
2158 4645 2218 4700 in
2275 4643 2384 4697 hac
2417 4656 2476 4695 re
2535 4636 2737 4701 valeat,
2771 4647 2942 4689 nemo
2972 4629 3242 4700 ignorat;
3277 4628 3553 4689 attamen,
3585 4619 3634 4674 si

2000 4752 2149 4810 opus
2176 4736 2346 4800 esset,
2366 4745 2486 4786 rem
2511 4722 2871 4798 argumentis
2893 4717 3181 4791 pluribus,
3213 4730 3281 4769 ex
3311 4710 3453 4810 ipsis
3475 4707 3632 4764 Actis

1997 4799 2346 4894 desumptis,
2406 4817 2669 4874 evincere
2717 4823 3044 4884 possemus.
3105 4806 3242 4897 Acta
3301 4799 3631 4897 prioraex-

1996 4886 2364 4987 scripta-sunt
2385 4923 2454 4964 ex
2477 4907 2706 4962 vetusto
2729 4899 2924 4987 codice
2948 4892 3312 4987 Bibliotheca:
3335 4886 3634 4987 Earisinaa,

1996 4974 2168 5076 quem
2202 5002 2263 5055 Β.
2299 4995 2667 5056 Montfaucon
2700 4974 3464 5076 saaculo__ixad_scribit.(20),
3496 4977 3553 5076 et
3570 4977 3634 5074 ut

1995 5060 2270 5165 perpetua
2290 5081 2724 5157 comparatione
2747 5091 2879 5133 cum
2903 5064 3358 5165 Metapbrastaeis
3387 5060 3636 5118 conferri

1996 5153 2235 5254 possint,
2260 5153 2506 5246 utraque
2535 5171 2742 5226 iisdem
2776 5161 3058 5230 numeris,
3081 5156 3181 5213 ubi
3203 5153 3406 5212 eadem
3429 5167 3632 5254 narra-

1993 5243 2232 5336 bantur,
2255 5243 2635 5336 signavimus.
2668 5258 2790 5322 Quo
2814 5256 3006 5310 autem
3026 5253 3286 5317 tempore
3306 5243 3634 5313 conscripta

2063 5435 2177 5507 (18)
2207 5428 2467 5507 Allatius,
2500 5425 2586 5507 de
2607 5409 3255 5507 Symeonijbustpggﬂ.

2207 5481 2530 5580 Igilii-litim.
2548 5481 2904 5580 Bar'on‘iigzad
2935 5481 3075 5542 anni
3102 5481 3230 5550 761,
3265 5495 3328 5536 ιι.
3355 5483 3413 5534 2.

2061 5561 2177 5653 (‘205
2207 5574 2333 5631 Bib.
2363 5567 2622 5634 Coislin.,
2645 5580 2702 5636 p.
2729 5561 2852 5617 185.
