4142 6248
506 329 659 390 1087

1840 329 2125 390 MENSIS
2171 326 2546 387 OCTOBER.

3752 313 3912 373 1088

504 490 722 544 fuerint
749 486 972 543 deﬁniri
1009 488 1239 559 nequit;
1263 487 1408 542 nihil
1442 487 1595 542 enim
1630 487 1970 559 reperimus,
2005 506 2142 560 praao

2258 484 2572 540 berrimum
2634 481 2813 536 fuisse
2870 478 2928 534 8.
2974 481 3284 546 martyrem
3331 476 3451 545 jam
3486 492 3518 527 a
3575 473 3794 529 saeculo
3831 492 3908 538 1x,

503 580 589 632 ter
620 576 848 631 minimi
881 577 1160 631 momenti
1201 579 1390 631 notam
1429 575 1894 648 chronologicam
1926 594 1994 634 ex
2033 595 2142 646 qua

506 666 734 720 constat
785 665 1127 734 scriptorem
1171 665 1313 720 satis
1372 665 1467 720 diu
1528 669 1658 737 post
1713 667 2140 738 Copronymum

499 754 738 810 vixisse.
793 754 999 820 Locus,
1031 754 1128 824 qui
1183 771 1343 809 num.
1377 755 1409 807 3
1438 755 1541 809 sub
1584 756 1756 810 ﬁnem
1791 757 2060 822 occurrit,
2094 756 2142 812 is

501 847 638 898 est:
692 844 805 898 Iste
850 859 981 898 vero
1014 846 1135 897 erat
1191 843 1669 900 Constantinus...
1722 861 1892 915 quem
1941 843 2139 900 ﬁdeles

503 932 631 1002 ejus
660 931 938 1000 temporis
970 929 1043 1000 (οἱ
1076 928 1125 982 ἐν
1176 935 1292 990 τοῖς
1331 931 1455 984 τότε
1488 925 1730 1004 χρὸνοης)
1784 934 1986 988 merito
2033 935 2138 988 sub

503 1020 848 1088 cognomine
877 1019 1225 1090 Cepronymi
1261 1020 1640 1076 infamarunt.
1677 1021 1786 1076 Sed
1817 1039 1884 1077 ex
1906 1039 1970 1077 eo
2001 1026 2140 1078 Acta

507 1107 609 1163 illa
639 1108 832 1178 priora
863 1109 1368 1176 commendantur,
1403 1111 1556 1180 quod
1593 1110 1781 1165 locum
1810 1111 2001 1164 Sancti
2039 1129 2138 1165 na-

502 1196 779 1263 talitium,
813 1196 964 1250 diem
999 1197 1288 1266 passionis
1322 1197 1552 1268 aliaque
1583 1199 1863 1268 adjuncta
1893 1199 2142 1270 plurima

498 1285 720 1339 minute
755 1287 1076 1354 proferunt,
1111 1289 1166 1340 et
1197 1302 1533 1356 quanquam
1570 1287 1980 1356 prolixioribus
2012 1304 2140 1342 ver-

499 1372 593 1428 bis
626 1372 918 1427 interdum
943 1373 1001 1426 S.
1022 1373 1414 1445 martyrloqui
1444 1374 1688 1444 videtur,
1710 1374 1910 1430 eadem
1947 1383 2139 1431 tamen

499 1461 615 1516 fere
657 1461 714 1514 in
746 1460 875 1514 aliis
906 1461 1060 1515 Actis
1092 1465 1424 1525 occurrunt,
1457 1479 1609 1534 saepe
1633 1463 1870 1518 vocibus
1927 1464 2138 1518 iisdem

501 1555 601 1603 aut
631 1549 926 1604 similibus
957 1566 1246 1621 expressa.
1281 1553 1538 1606 Conferri
1572 1553 1628 1606 in
1675 1569 1802 1607 eam
1851 1569 1971 1608 rem
2005 1570 2140 1624 pos-

503 1643 641 1691 sunt
665 1638 889 1693 numeri
925 1639 1297 1709 potissimum
1325 1641 1358 1691 7
1382 1645 1436 1695 et
1471 1642 1553 1694 10.
1589 1642 1669 1695 Ex
1699 1642 1950 1697 locorum
1987 1643 2138 1698 desi-

502 1724 798 1794 gnatione,
825 1729 888 1780 ut
917 1724 1068 1781 infra
1090 1727 1331 1782 uberius
1362 1728 1729 1796 disserimus,
1752 1735 1808 1786 et
1830 1746 1897 1784 ex
1921 1730 1990 1786 iis
2010 1747 2136 1802 quas

2252 575 2552 630 miraculis
2573 572 2769 628 multis
2793 569 3070 626 claruisse
3094 566 3404 638 colligitur.
3431 566 3723 636 Josephus
3744 567 3913 620 enim

2251 663 2726 737 bymnographus
2749 676 2944 732 quem,
2975 674 3041 713 ex
3070 657 3227 713 Actis
3251 673 3283 711 a
3304 655 3701 727 Papebrochio
3731 655 3788 708 in
3819 655 3914 708 lu-

2249 771 2373 810 cem
2409 753 2562 808 datis
2599 751 2734 823 (22),
2775 765 2840 805 eo
2875 745 3084 803 saeculo
3117 744 3387 800 floruisse
3417 749 3666 808 constat,
3703 744 3912 798 decem

2250 843 2496 899 diversis
2516 841 2660 896 locis
2689 840 2749 894 in
2783 855 2887 894 suo
2912 839 3141 892 Canone
3164 833 3448 889 miracula
3468 832 3743 899 celebrat,
3773 849 3909 902 quae

2251 932 2362 988 sub
2394 931 2579 1002 ipsius
2599 927 2783 984 oculis
2809 925 2968 998 Cpoli
2997 939 3193 979 coram
3217 921 3416 977 Sancti
3450 920 3676 975 tumulo
3706 927 3908 991 patra-

2250 1021 2483 1075 bantur.
2517 1018 2720 1072 Merito
2753 1017 2950 1085 itaque
2988 1018 3046 1068 et
3079 1013 3138 1066 in
3169 1013 3444 1067 Actorum
3481 1008 3652 1064 titulo
3706 1009 3903 1063 Thau-

2250 1115 2552 1178 maturgus
2602 1105 2793 1159 dictus
2841 1107 2950 1168 est,
2994 1106 3049 1157 et
3103 1101 3160 1154 in
3220 1099 3515 1165 Contacio,
3559 1103 3626 1151 ut
3671 1102 3902 1163 vorant,

2251 1195 2423 1250 Graeci
2464 1193 2673 1258 Ofﬁcii,
2707 1193 2797 1247 his
2827 1191 3013 1246 verbis
3038 1189 3333 1245 extollitur
3363 1204 3374 1240 :
3410 1187 3691 1258 Ἐορτάζει
3736 1187 3908 1255 σήμε-

2253 1304 2343 1359 ρον
2384 1286 2418 1350 ἡ
2463 1279 2827 1354 βασιλεύουσα
2866 1278 3030 1336 πολις
3098 1277 3295 1349 ἓόρτήν
3342 1272 3736 1348 ὑπέρλαμπρον
3800 1281 3903 1341 τῆς

2250 1371 2574 1448 φωτοφόρου
2681 1390 2774 1423 σου
2881 1368 3157 1439 μνήμης,
3237 1365 3442 1418 ἅπασαν
3547 1361 3903 1435 προσκαλου-

2253 1461 2383 1533 μένη
2463 1455 2625 1514 πόλιν
2700 1457 2792 1511 καὶ
2868 1456 3104 1530 χώραν·
3151 1452 3329 1527 χαίρει
3393 1453 3494 1525 γὰρ
3555 1453 3629 1513 ὡς
3696 1471 3895 1519 κεκτη-

2254 1549 2386 1621 μένη
2465 1547 2731 1621 θησαυρὸν
2811 1544 3000 1618 μέγαν,
3035 1543 3093 1596 τὸ
3169 1540 3483 1604 πολύαϐλὸν
3561 1561 3656 1593 σου
3717 1544 3899 1609 σῶμα,

2251 1638 2472 1713 Ἀνδρέα
2551 1639 2780 1712 μάρτυς,
2812 1633 3126 1708 ὀρθοδοξίαξ
3187 1634 3432 1709 gomet-rip.
3486 1635 3547 1687 Id
3598 1637 3733 1686 est:
3785 1632 3904 1685 Ho-

2252 1731 2346 1786 die
2403 1729 2659 1786 celebrat
2719 1726 2916 1797 regina
2968 1724 3204 1780 urbium
3265 1723 3489 1793 (Cpotz’s)
3551 1721 3777 1776 illustre
3829 1721 3910 1776 fe-

501 1811 559 1864 in
594 1813 707 1867 fine
739 1814 1009 1869 Actorum
1042 1815 1399 1884 scribuntur,
1433 1820 1497 1872 ut
1527 1816 1728 1873 itidem
1763 1819 2009 1876 inferius
2049 1821 2139 1875 di-
2177 1841 2229 1906 B
2257 1827 2412 1875 stum
2465 1827 2572 1873 tuaa
2607 1815 2924 1884 memoriae,
2956 1817 3137 1868 totam
3167 1827 3493 1867 convocans
3523 1809 3814 1865 civitatem
3850 1814 3908 1864 et

503 1905 687 1967 cetur,
723 1901 1075 1958 arbitramur
1105 1921 1168 1960 ea
1207 1903 1369 1975 Cpoli
1421 1906 1748 1978 conscripta
1794 1925 1905 1963 non
1941 1910 2140 1966 fuisse.

505 1989 736 2044 Scimus
770 1994 995 2046 tantum
1037 1993 1350 2047 maximam
1399 1998 1622 2065 partem
1657 2012 1949 2052 sacrorum
1984 1998 2144 2053 codi-

507 2092 641 2132 cum
682 2079 1044 2136 Bibliotheca:
1068 2082 1460 2151 Coislinianaa,
1497 2090 1559 2140 ut
1588 2085 1647 2140 in
1689 2087 2022 2156 praefatione
2053 2092 2143 2143 te-

506 2173 698 2224 statur
719 2169 986 2227 laudatus
1018 2173 1409 2242 Montfaucon,
1441 2193 1509 2232 ex
1542 2179 1912 2234 monasteriis
1935 2180 2147 2235 montis

511 2257 662 2311 Atho
722 2261 1025 2330 prodiisse,
1058 2267 1115 2317 et
1145 2262 1262 2317 illic
1291 2263 1428 2320 olim
1462 2266 1764 2322 brachium
1799 2268 1858 2323 S.
1910 2270 2145 2324 Andreae

511 2343 822 2412 Cretensis,
848 2349 947 2418 qui
981 2349 1134 2405 idem
1165 2355 1254 2406 est
1284 2353 1520 2410 fortasse
1551 2372 1614 2410 ac
1646 2356 1890 2413 Sanctus
1931 2365 2144 2426 noster,

512 2440 876 2492 asservatum
909 2439 1106 2495 fuisse.
1140 2442 1263 2506 Qua
1293 2442 1362 2497 de
1389 2459 1448 2499 re
1483 2443 1651 2515 plura
1697 2446 1825 2500 vide
1858 2462 2021 2501 num.
2055 2447 2144 2502 37.

582 2523 635 2589 9,
672 2523 1114 2596 Metaphrasten,
1149 2531 1317 2600 cujus
1375 2533 1509 2587 Acta
1566 2536 1814 2588 secundo
1859 2534 1984 2590 loco
2016 2552 2144 2604 pro-

511 2613 714 2682 deunt,
748 2615 938 2683 priora
967 2617 1065 2672 illa
1087 2635 1199 2674 non
1234 2621 1447 2675 vidisse
1473 2623 1614 2677 satis
1643 2629 1796 2678 certo
1819 2624 1983 2678 nobis
2006 2641 2143 2679 con-

510 2706 641 2756 stat.
674 2704 805 2774 Ipse
835 2704 991 2760 enim
1024 2721 1127 2761 nec
1159 2713 1321 2762 ortus
1347 2708 1559 2776 locum,
1596 2725 1701 2766 nec
1732 2711 1884 2766 diem
1923 2712 2139 2781 obitus,

511 2806 685 2861 quem
745 2809 930 2864 usque
987 2794 1293 2864 diligenter
1349 2797 1718 2868 inquisivisse
1774 2800 1863 2856 vel
1908 2816 1975 2855 ex
2011 2801 2145 2856 Vita

509 2879 567 2934 S.
601 2880 956 2938 Theoctistes
1013 2885 1226 2940 Lesbize
1284 2891 1513 2943 constat
1552 2889 1688 2959 (21),
1723 2891 1780 2945 in
1815 2891 2144 2947 narratione

506 2983 611 3023 sua
641 2970 1019 3041 consignavit.
1052 2972 1166 3028 Nec
1196 2979 1472 3044 praterea
1502 2978 1638 3033 dum
1669 2979 1848 3034 vitam
1881 2980 2026 3036 satis
2058 2997 2145 3037 ac-

507 3061 704 3113 curate
760 3060 1034 3130 scriptam
1095 3070 1297 3119 nactus
1338 3073 1457 3120 erat
1485 3067 1745 3123 ordinem
1781 3073 1879 3125 aut
1926 3070 2142 3142 stylum

509 3145 758 3202 multum
791 3149 1099 3206 immutare
1128 3159 1542 3225 consueverat;
1570 3173 1823 3229 cumque
1843 3161 1996 3230 apud
2026 3177 2145 3215 am-

1530 3211 1588 3225 ,γ
1847 3211 1996 3230 κίττ-
2029 3211 2119 3215 —-—-

507 3235 610 3291 bos
636 3237 946 3308 scriptores
979 3241 1323 3313 plerumque
1347 3245 1564 3301 similia
1586 3247 1749 3302 obvia
1768 3249 1907 3317 sint,
1938 3250 2144 3304 existi-
2172 3211 2222 3276 Ο

507 3340 738 3380 mamus
769 3331 1076 3398 utrumque
1103 3346 1169 3384 ex
1190 3331 1348 3388 Actis
1379 3333 1830 3406 antiquioribus,
1861 3339 1959 3392 sed
1986 3355 2142 3394 nunc

503 3413 835 3483 deperditis,
869 3432 1037 3472 suam
1065 3420 1454 3477 narrationem
1482 3425 1795 3494 excepisse,
1827 3426 1898 3480 iis
1931 3426 2140 3482 additis

504 3516 628 3572 qua
657 3502 894 3558 aliunde
932 3505 1202 3577 colligere
1250 3515 1579 3579 potuerant.
1613 3513 2031 3585 Metaphrastes
2061 3520 2142 3571 ta-

505 3607 634 3647 men
666 3595 833 3648 mtate
857 3595 1145 3665 posterior
1173 3598 1395 3655 videtur
1426 3617 1493 3657 ex
1509 3619 1575 3657 eo
1599 3605 1752 3675 quod
1784 3605 1841 3661 in
1869 3607 1996 3677 ejus
2027 3606 2142 3662 col-

504 3678 854 3736 lectionibus
886 3683 944 3737 S.
970 3686 1207 3742 Andreaa
1239 3689 1373 3744 Vita
1395 3690 1549 3746 diem
1570 3709 1665 3746 χιχ
1682 3694 1943 3750 Octobris
1973 3712 2142 3752 occu-

509 3771 624 3837 pat,
667 3773 864 3823 noster
895 3775 1083 3826 autem
1109 3776 1374 3845 scriptor,
1409 3778 1508 3832 ubi
1540 3781 1713 3835 refert
1744 3784 2022 3840 Sanctum
2051 3786 2143 3840 die

505 3872 578 3909 xx
610 3872 839 3926 passum
872 3873 1016 3927 esse,
1040 3861 1185 3916 nihil
1218 3865 1288 3918 de
1310 3865 1616 3922 immutate
1639 3869 1828 3925 cultus
1861 3871 1952 3927 die
1982 3889 2141 3929 com-

508 3951 794 4002 memorat
826 3965 841 4016 ;
896 3948 999 4003 sed
1031 3965 1162 4005 cum
1196 3951 1335 4009 levis
1362 3971 1427 4011 ea
1457 3959 1601 4012 ratio
1632 3959 1810 4014 videri
1859 3967 2050 4031 queat,
2083 3963 2141 4019 id

509 4031 673 4088 aliter
703 4034 1085 4105 adstruimus,
1119 4039 1515 4111 Metaphraste
1541 4059 1748 4115 nempe
1779 4045 2145 4106 eollectiones

511 4120 654 4176 adeo
692 4127 822 4192 post
869 4125 1241 4196 scriptionem
1274 4129 1427 4187 illico
1458 4134 1829 4206 pervulgatas
1856 4137 2035 4194 fuisse
2085 4147 2143 4195 ut

510 4211 764 4280 priorem
814 4214 1158 4286 scriptorem
1217 4217 1387 4276 illum
1430 4222 1627 4294 fugere
1658 4242 1773 4282 non
1823 4230 2141 4298 potuerint.

514 4300 648 4363 Quae
682 4300 858 4371 igitur
901 4304 1051 4373 apud
1082 4322 1216 4362 eum
1261 4309 1330 4363 de.
1378 4311 1435 4365 S.
1467 4313 1696 4369 Andrea
1726 4313 1786 4370 in
1819 4315 1984 4372 Creta
2015 4334 2147 4374 mo-

513 4389 792 4444 nasticam
826 4391 1003 4448 vitam
1039 4397 1296 4466 amplexo
1329 4406 1664 4469 narrantur,
1701 4405 1831 4460 dein
1865 4407 1935 4460 de
1967 4408 2144 4463 mira-

511 4476 660 4532 culis
691 4479 898 4547 quibus
942 4496 1074 4536 eum
1108 4485 1505 4554 Metaphrastae
1537 4489 1710 4546 etiam
1758 4497 2144 4566 temporibus,

2257 1907 2551 1978 regionem
2587 1903 2832 1976 ;jubilat
2863 1901 3015 1957 enim
3048 1915 3326 1972 magnum
3349 1899 3693 1954 thesaurum
3719 1897 3908 1968 possi-

2257 1997 2420 2063 dens,
2455 2012 2666 2067 corpus
2716 1991 3134 2049 certaminibus
3164 1988 3503 2061 gloriosum,
3536 1990 3737 2042 sancte
3761 2003 3908 2042 mar-

2255 2090 2348 2157 tyr
2367 2085 2617 2152 Andrea,
2651 2080 3000 2138 orthodoxiaa
3031 2078 3248 2134 lumen.
3283 2078 3386 2132 Hic
3415 2092 3549 2132 vero
3579 2077 3766 2131 obiter
3791 2093 3906 2131 mo-

2258 2191 2489 2241 nemus,
2523 2173 2572 2229 si
2603 2172 2732 2242 quis
2775 2171 3014 2225 nomina
3044 2185 3111 2223 ex
3149 2166 3480 2222 Grecorum
3514 2164 3775 2235 Liturgia
3807 2165 3904 2220 de-

2257 2267 2492 2336 sumpta
2523 2278 2636 2318 non
2663 2261 2808 2316 satis
2838 2257 2949 2315 sibi
2973 2260 3109 2313 nota
3135 2255 3230 2311 hic
3247 2255 3581 2322 offenderet,
3615 2269 3752 2307 eum
3776 2254 3871 2308 sin
3890 2281 3905 2294 -

2257 2353 2529 2426 gulorum
2557 2349 2995 2406 declarationem
3032 2350 3391 2416 reperturum
3425 2343 3484 2398 in
3506 2342 3659 2414 Ryaei
3691 2342 3908 2398 disser-

2257 2442 2472 2497 tatione
2515 2441 2585 2496 de
2635 2437 2939 2494 Acoluthia
2979 2435 3328 2496 Graecorum,
3351 2449 3481 2503 quae
3515 2432 3571 2486 in
3607 2432 3786 2487 Junio
3811 2448 3909 2488 no-

2255 2536 2374 2586 stro
2398 2531 2552 2586 edita
2581 2532 2668 2584 est
2699 2527 2837 2598 (23),
2870 2524 3192 2597 expeditius
3227 2527 3420 2579 autem
3457 2538 3523 2577 ea
3555 2526 3771 2587 utetur,
3808 2522 3911 2590 qui

2252 2619 2506 2674 indicem
2541 2617 2812 2672 ultimum
2846 2633 2879 2670 a
2920 2612 3279 2684 Ghesquiero
3325 2616 3479 2667 tome
3513 2613 3699 2682 primo
3733 2610 3901 2667 Octo-

2252 2709 2368 2765 bris
2402 2710 2475 2764 ad
2505 2706 2722 2763 calcem
2755 2705 3079 2774 subjectum
3112 2701 3386 2757 adhibere
3415 2699 3681 2756 voluerit.

2253 2802 2279 2867 §
2334 2800 2402 2853 II.
2456 2796 2668 2867 Septem
2715 2798 2990 2865 Martyres
3039 2793 3099 2846 in
3140 2789 3417 2861 plerisque
3462 2791 3622 2860 fastis
3669 2791 3901 2858 confuse

2322 2887 2527 2958 prolati
2581 2887 2647 2940 ab
2702 2885 2934 2940 invicem
2986 2880 3404 2950 distinguuntur
3434 2888 3485 2935 et
3542 2895 3731 2934 eorum
3770 2880 3896 2933 Acta

2326 2976 2562 3032 breviter
2625 2974 3000 3030 illustrantur.
3073 2970 3481 3027 Persecutionis
3549 2968 3892 3024 Constantini

2325 3066 2654 3138 Copronymi
2685 3064 2859 3120 brevis
2883 3065 3112 3121 historia
3141 3071 3191 3118 et
3212 3060 3561 3117 chronotaxis
3584 3059 3892 3114 exhibetur.

2328 3157 2413 3211 11.
2440 3156 2553 3210 Hos
2585 3159 2806 3224 septem
2831 3153 3095 3223 Sanctos,
3120 3153 3219 3222 qui
3241 3165 3448 3206 omnes
3478 3149 3587 3203 sub
3613 3149 3897 3218 Coprony-

2252 3260 2347 3299 mo
2377 3244 2536 3298 varia
2567 3247 2873 3308 tormenta,
2908 3246 2964 3297 et
2995 3245 3262 3306 mortem,
3287 3254 3399 3293 uno
3443 3240 3701 3308 excepto,
3739 3238 3896 3306 passi

2250 3336 2407 3397 sunt,
2442 3331 2536 3385 hic
2558 3331 2728 3399 juxta
2758 3330 2967 3384 seriem
3010 3328 3298 3384 mensium
3331 3331 3388 3383 et
3418 3326 3641 3382 dierum
3677 3325 3895 3396 quibus

2251 3420 2524 3476 coluntur
2554 3417 2927 3488 subjicimus,
2955 3435 3020 3473 ex
3079 3433 3190 3488 quo
3236 3416 3410 3472 simul
3444 3415 3748 3487 apparebit
3779 3431 3895 3485 quo

2251 3509 2376 3565 loco
2408 3508 2467 3562 in
2498 3523 2671 3580 opere
2693 3513 2892 3562 nostro
2925 3507 2995 3562 de
3025 3505 3097 3561 iis
3129 3509 3322 3561 aetum
3348 3504 3444 3572 sit,
3477 3508 3576 3559 aut
3603 3503 3662 3558 in
3698 3509 3899 3574 poste-

2252 3615 2381 3654 rum
2415 3599 2704 3670 agendum
2739 3613 2796 3652 :1
2828 3596 2930 3652 Die
2960 3613 3072 3650 xvn
3103 3595 3307 3651 Martii.
3343 3595 3399 3650 S.
3434 3593 3650 3648 Paulus
3700 3610 3899 3649 mona-

2253 3687 2401 3745 chus
2431 3695 2487 3742 et
2514 3690 2732 3759 martyr
2753 3685 2812 3740 in
2841 3686 3008 3741 Creta
3034 3703 3048 3752 ;
3080 3701 3262 3740 --xvr
3286 3682 3443 3751 Maii,
3478 3684 3530 3737 S.
3557 3686 3765 3737 Petrus
3789 3682 3898 3737 Ca-

2253 3778 2428 3848 lybila
2446 3786 2501 3832 et
2533 3782 2749 3848 martyr
2772 3775 2829 3829 in
2865 3774 3221 3839 Blachernis,
3255 3789 3432 3844 prope
3462 3773 3682 3843 Cpolim
3717 3789 3817 3825 :—
3844 3789 3901 3826 iv

2251 3867 2429 3932 Junii,
2463 3867 2521 3922 S.
2580 3867 2830 3921 Joannes
2880 3865 3190 3935 Monagriae
3240 3863 3636 3934 Hegumenus,
3674 3866 3903 3932 martyr

2251 3955 2413 4026 Cpoli
2447 3973 2459 4020 ;
2508 3985 2562 3994 —
2593 3971 2690 4008 Vll!
2720 3953 2882 4016 Julii,
2907 3954 2964 4008 S.
2992 3953 3205 4008 Paulus
3227 3952 3421 4007 Novus
3456 3957 3671 4022 martyr
3694 3952 3897 4020 Cpoli;

2250 4073 2320 4085 -—-
2367 4060 2440 4099 xx
2488 4043 2776 4109 Octobris,
2810 4043 2868 4096 8.
2921 4042 3178 4095 Andreas
3227 4040 3547 4095 monachus
3578 4040 3898 4103 Cretensis,

2253 4131 2443 4186 dictus
2473 4131 2534 4185 in
2567 4131 2728 4199 Crisi,
2765 4135 2984 4201 martyr
3003 4127 3160 4197 Cpoli
3195 4146 3209 4194 ;
3243 4143 3506 4180 ——xxvm
3539 4126 3812 4183 Octobris
3836 4130 3903 4199 (‘2)

2253 4222 2306 4276 S.
2340 4220 2666 4291 Stephanus
2725 4219 2825 4291 qui
2865 4219 2922 4273 in
2980 4217 3285 4286 Sugdaaam
3328 4214 3617 4283 relegatus
3659 4218 3751 4269 est
3785 4234 3800 4282 ;
3838 4249 3905 4258 —-

2254 4327 2424 4366 xxvm
2469 4309 2831 4378 Novembris,
2893 4309 2950 4366 S.
3008 4305 3341 4377 Stephanus
3396 4302 3623 4370 Junior,
3673 4311 3904 4377 martyr

2255 4399 2436 4471 Cpoli.
2462 4430 2530 4440 -—
2559 4398 2754 4454 Placet
2784 4406 2836 4452 et
2868 4399 2937 4452 de
2965 4397 3057 4451 his
3089 4394 3357 4452 omnibus
3391 4392 3678 4447 nonnulla
3711 4393 3901 4449 disse-

2255 4505 2405 4560 rere,
2441 4504 2507 4544 ex
2540 4487 2751 4560 quibus
2805 4487 3004 4541 lumen
3048 4483 3281 4555 aliquod
3343 4481 3730 4554 persecutioni
3787 4483 3896 4536 Co-

510 4566 634 4656 ipso
656 4570 819 4656 teste,
853 4569 911 4623 in
945 4571 1084 4626 urbe
1105 4573 1264 4641 Cpoli
1297 4574 1451 4631 Deus
1490 4577 1868 4652 glorificabat,
1904 4587 2143 4656 scriptor

2260 4578 2652 4651 pronymiane
2687 4575 2941 4630 atl'usum
2992 4574 3060 4628 iri
3102 4589 3296 4645 spero.
3352 4578 3432 4628 De
3464 4571 3652 4642 primn
3704 4586 3768 4626 ex
3801 4570 3891 4624 his

510 4655 666 4712 idem
699 4655 795 4712 ille
826 4658 983 4728 prior
1011 4677 1123 4717 non
1154 4665 1464 4722 omisisset.
1501 4669 1724 4733 Quibus
1757 4674 1981 4744 positis,
2014 4655 2150 4736 eum
2258 4672 2492 4741 septem,
2525 4680 2730 4736 nempe
2762 4665 2832 4718 de
2873 4665 2931 4719 S.
2965 4663 3146 4719 Paulo
3182 4667 3432 4735 martyre
3464 4663 3522 4718 in
3548 4663 3726 4726 Creta,
3756 4675 3880 4728 ege-

511 4749 820 4838 notumisit
860 4751 1284 4823 Metaphrasten
1318 4758 1507 4814 medio
1531 4762 1740 4818 smeulo
1785 4782 1818 4819 x
1859 4766 2147 4838 floruisse,

509 4833 645 4927 hinc
702 4837 980 4895 deducere
1018 4839 1151 4897 licet
1179 4845 1318 4900 Acta
1367 4863 1492 4918 quae
1536 4850 1716 4921 priori
1745 4852 1867 4911 loco
1898 4833 2145 4927 edimus,

509 4921 610 4978 illa
642 4928 807 4982 aetate
837 4928 1171 5000 antiquiora
1202 4948 1350 4990 esse.

510 5114 709 5190 pense,
736 5106 886 5171 quod
919 5122 1082 5164 num.
1115 5109 1150 5161 5
1181 5110 1512 5183 retulimus,
1546 5118 1910 5190 desumptum
1934 5127 2041 5188 est,
2066 5123 2146 5177 ita

509 5184 652 5240 illud
703 5195 857 5261 quod
914 5195 972 5250 in
1023 5196 1255 5254 Menaeis
1307 5203 1531 5258 excusis
1572 5184 1836 5265 occurrit.
1874 5224 1940 5263 ex
1973 5184 2142 5264 Meta-

507 5274 757 5370 p-brastae
814 5284 1148 5370 narratione
1198 5288 1492 5346 evidenter
1546 5295 1839 5363 proﬂuxit.
1891 5298 1971 5351 Ex
2007 5314 2143 5368 quo,

507 5368 658 5415 sicut
708 5379 776 5421 ex
805 5368 998 5426 Sancti
1030 5373 1232 5430 Ofﬁcio
1290 5381 1446 5448 quod
1476 5380 1691 5438 ibidem
1731 5383 1964 5456 legitur,
1994 5384 2142 5441 cele-

722 5565 927 5652 Surius
952 5574 1107 5652 edux.
1143 5581 1304 5652 Nova
1330 5597 1385 5652 p.
1414 5584 1536 5652 238,
1563 5581 1702 5638 edit.
1738 5584 1894 5642 1618.

579 5627 691 5700 (22)
722 5635 784 5689 T.
817 5638 861 5691 ι.
893 5627 1106 5716 Αντίιξ
1125 5627 1328 5718 ῥζέὂὸ.

2258 4763 2396 4815 runt
2427 4759 2757 4813 decessores
2780 4755 2851 4809 ad
2883 4754 3035 4808 diem
3059 4754 3244 4808 Martii
3278 4754 3604 4809 indicatum
3639 4751 3757 4823 (24),
3777 4748 3880 4803 ibi-

2257 4865 2368 4919 que
2398 4864 2464 4903 ex
2492 4845 2646 4901 Actis
2678 4848 2732 4898 S.
2757 4843 3037 4915 Stephani
3063 4842 3346 4907 Junioris,
3380 4859 3412 4896 a
3441 4842 3791 4911 Lipomanno
3822 4854 3892 4894 ex

2255 4935 2648 5007 Metaphraste
2676 4933 2874 4989 Latine
2901 4931 3173 5002 vulgatis,
3200 4931 3323 4987 loco
3367 4930 3563 5001 aliquo
3588 4928 3798 4998 insigni
3827 4928 3894 4982 de

2255 5025 2313 5079 S.
2338 5023 2513 5080 Paulo
2535 5023 2801 5090 adducto,
2823 5021 3181 5078 concludunt
3204 5036 3336 5075 eum
3361 5019 3417 5072 in
3444 5021 3624 5089 Cypro
3653 5033 3896 5088 passum

2254 5129 2381 5169 esse
2415 5129 2428 5181 ;
2460 5127 2658 5168 verum
2693 5127 2822 5167 eum
2858 5111 2916 5165 in
2940 5109 3067 5180 ipsa
3099 5109 3265 5164 Creta
3297 5123 3533 5178 passum
3575 5122 3702 5160 esse
3734 5105 3903 5160 nobis

2254 5202 2492 5259 omnino
2523 5201 2892 5256 manifestum
2914 5206 3018 5255 est.
3044 5199 3192 5253 Sunt
3214 5196 3368 5252 enim
3399 5196 3468 5250 ad
3494 5209 3735 5249 manum
3760 5198 3906 5249 Acta

2254 5293 2518 5362 ejusdem
2534 5290 2811 5361 Stephani
2826 5290 2852 5345 J
2865 5289 3107 5355 unioris,
3131 5285 3570 5343 accuratissime
3593 5299 3627 5337 a
3644 5284 3902 5353 quodam

2253 5381 2542 5452 Stephano
2591 5379 2844 5436 Diacono
2913 5377 3259 5448 conscripta.
3322 5375 3466 5430 Dum
3516 5371 3674 5427 hunc
3704 5371 3909 5444 itaque

2325 5590 2438 5728 $23)
2471 5590 2534 5645 T.
2581 5589 2626 5644 [Ι
2657 5590 2839 5646 Junii.
2875 5608 2928 5659 p.
2963 5594 3058 5645 ret
3089 5605 3251 5662 seqq.

2347 5661 2433 5728 24)
2463 5662 2529 5715 Τ.
2557 5661 2605 5716 ll
2638 5661 2849 5728 Martii,
2883 5678 2940 5728 p.
2966 5662 3092 5716 609.

2347 5661 2433 5730 24)
2463 5662 2529 5715 Τ.
2557 5661 2605 5716 ll
2638 5661 2849 5732 Martii,
2883 5678 2940 5734 p.
2966 5662 3092 5716 609.
