4142 6248
317 313 470 373 1089

1502 308 1677 370 νιΤΑ
1721 309 1784 373 S.
1829 312 2177 374 ANDREIE
2220 313 2295 374 ΙΝ
2342 315 2569 378 CRISI.

3558 332 3714 395 1090

313 480 651 534 narrantem
674 475 859 533 secuti
885 490 1092 532 sumus
1114 473 1246 546 (25),
1270 472 1759 545 deprehendimus
1780 475 1957 547 illico,
1989 480 2049 548 Α
2072 481 2475 551 persecutione
2507 498 2633 554 quae
2676 486 2927 555 praefecti
2960 489 3324 561 imperatoris
3375 496 3621 556 diversis
3654 502 3715 560 in

314 569 402 625 vel
420 567 595 641 Cypri
615 584 823 623 nomen
845 567 1123 623 mendose
1146 566 1205 621 in
1228 565 1487 622 codicem
1510 567 1858 638 Lipomanni
1889 569 1964 624 ir-

314 659 565 729 repsisse
593 657 679 715 vel
711 656 907 729 ipsum
957 657 1335 726 interpretem
1367 655 1687 712 oscitantis:
1714 673 1961 730 arguen-

314 747 455 802 dum
487 761 632 802 esse.
662 747 743 801 En
768 745 1057 816 quomodo
1078 759 1146 800 ea
1169 744 1226 799 in
1246 744 1303 800 S.
1328 744 1608 814 Stephani
1630 746 1959 819 antiquiore

313 833 446 889 Vita
484 842 795 889 narrentur
826 833 957 904 (26).
990 834 1189 903 Itaque
1219 831 1278 887 in
1311 832 1564 888 medium
1597 834 1811 903 prodiit
1842 836 1955 890 An-

313 923 509 979 tonius
538 939 603 979 ex
634 925 799 977 Creta
843 920 1057 987 insula,
1092 920 1194 992 qui
1224 920 1295 976 de
1324 920 1559 977 victima
1590 921 1705 979 Deo
1745 922 1957 981 immo-

314 1011 431 1066 lata
462 1011 550 1067 his
580 1010 771 1066 verbis
802 1009 1033 1065 locutus
1056 1012 1143 1065 est
1167 1025 1181 1063 :
1203 1009 1499 1073 Quomodo
1530 1009 1656 1065 sine
1681 1011 1954 1084 lacrymis

313 1099 538 1170 egregia
568 1098 796 1154 abbatis
827 1099 962 1169 (quo
994 1096 1273 1153 vocabulo
1295 1113 1411 1153 non
1438 1098 1627 1153 solum
1657 1105 1953 1157 monaste-

313 1189 380 1241 rii
416 1190 865 1255 moderatorem,
898 1187 1020 1243 sive
1049 1184 1385 1259 ἡγούμετον,
1404 1188 1505 1242 sed
1537 1204 1739 1243 omnes
1766 1204 1957 1245 mona-

309 1282 451 1337 chos
496 1280 677 1335 Graeci
712 1278 869 1334 illius
914 1277 1187 1348 temporis
1218 1276 1560 1348 plerumque
1590 1279 1952 1351 nuncupant)

311 1369 472 1425 Pauli
507 1368 823 1424 certamina
854 1367 912 1422 in
947 1370 1196 1421 vestrum
1247 1370 1622 1437 conspectum
1648 1368 1953 1436 adducam,

308 1457 623 1514 venerandi
657 1457 853 1511 Patres
873 1454 899 1508 ‘I
937 1456 1034 1509 Vir
1059 1454 1164 1510 ille
1190 1470 1509 1525 generosus
1539 1472 1573 1510 a
1602 1455 1953 1527 Theophane

304 1549 693 1618 cognomento
740 1545 1077 1615 Lardotyro,
1109 1542 1315 1598 insulsa
1343 1543 1760 1614 archisatrapa,
1790 1560 1952 1609 com-

2073 566 2213 622 locis
2242 567 2647 626 adhibuerant.
2683 572 2877 643 itaque
2919 576 2973 630 in
3010 580 3260 635 medium
3295 586 3508 653 prodiit
3540 593 3716 646 Anto-

2073 657 2207 751 nius
2254 673 2323 751 ex
2370 657 2537 751 Creta
2589 660 2786 751 insula
2836 667 2941 719 etc.
2980 666 3117 735 (Cfr.
3170 686 3345 739 supra
3403 690 3562 730 num.
3601 680 3712 751 11.)

2073 743 2319 801 Aliunde
2376 748 2637 804 inductio
2688 749 2788 806 illa
2835 751 3131 822 Cpolitana
3180 759 3402 830 quinta,
3435 780 3543 833 qua
3577 743 3710 824 novi

2071 834 2325 905 praefecti
2357 836 2427 891 ad
2462 838 2787 907 provincias
2836 841 2998 897 missi
3051 855 3205 916 sunt,
3249 851 3517 908 currebat
3546 873 3579 911 a
3611 857 3713 914 Se-

2070 922 2317 992 ptembri
2352 923 2491 979 anni
2518 925 2645 988 766,
2671 927 2740 980 ad
2761 930 3154 998 Septembrem
3180 937 3317 992 anni
3338 938 3463 1006 767,
3488 945 3542 995 et
3565 960 3711 1012 prie-

2068 1015 2226 1066 terea
2252 1016 2478 1068 certum
2511 1019 2601 1068 est
2632 1014 2690 1069 S.
2725 1015 3087 1086 Stephanum
3131 1021 3241 1077 hoc
3271 1041 3426 1082 anno
3457 1029 3583 1095 767,
3619 1033 3709 1089 die

2063 1114 2238 1189 iuvui
2253 1100 2587 1157 Novembris
2604 1105 2873 1175 martyrio
2890 1112 3589 1189 coronatumfuisseErgo
3603 1121 3709 1177 sub

2062 1185 2630 1257 ipsaindictioneilla
2644 1192 2867 1262 quinta,
2885 1200 3019 1250 ante
3031 1198 3428 1268 Septembrem
3449 1185 3705 1264 anni767

2063 1276 2373 1347 contigerit
2396 1279 2731 1350 martyrium
2752 1281 2810 1335 S.
2837 1282 2997 1337 Pauli
3017 1284 3074 1339 in
3098 1288 3281 1355 Creta,
3305 1291 3374 1346 de
3395 1308 3509 1361 quo
3532 1300 3706 1352 Anto-

2064 1363 2203 1420 nius
2236 1364 2332 1421 ille
2362 1365 2652 1422 Cretensis
2699 1373 2916 1425 narrat.
2951 1372 3091 1428 Cum
3129 1390 3255 1431 vero
3283 1381 3337 1430 S.
3373 1378 3584 1437 Paulus
3632 1386 3703 1439 ad

2062 1451 2213 1543 diem
2229 1470 2344 1509 xvn
2368 1454 2561 1509 Martii
2585 1455 2642 1510 in
2664 1456 2995 1515 Graecorum
3018 1462 3180 1518 fastis
3204 1472 3704 1543 memoretur(33),

2061 1540 2208 1597 forte
2233 1558 2346 1598 non
2382 1543 2673 1600 immerito
2697 1544 2806 1600 hoc
2829 1547 2941 1616 die,
2967 1549 3281 1609 indictione
3302 1556 3526 1625 quinta,
3550 1540 3703 1617 anno

306 1635 655 1707 prehensus,
698 1634 758 1689 in
815 1632 1151 1703 praetorium
1202 1631 1452 1687 Heraclii
1501 1631 1950 1705 interrogandus
2062 1633 3699 1711 consequenter767,eumpassumessepronuntiabimus.

305 1725 593 1780 adductus
624 1727 733 1777 est.
768 1722 889 1777 Etc.
922 1720 1209 1777 Antonius
1240 1720 1440 1792 igitur,
1463 1721 1600 1777 dum
1635 1720 1835 1777 insulas
1866 1739 1943 1778 ar-

2139 1718 2221 1774 13.
2276 1720 2420 1776 Cum
2474 1722 2532 1777 S.
2584 1722 2759 1779 Paulo
2821 1725 2891 1779 ad
2951 1727 3218 1783 eumdem
3276 1731 3429 1788 diem
3488 1736 3701 1792 colitur

305 1812 699 1883 chisatrapam
729 1813 1169 1874 commemorat,
1201 1825 1319 1865 non
1351 1809 1422 1865 de
1461 1808 1644 1880 Cypro
1671 1808 1943 1881 loquitur,
1980 1862 2033 1883 η
2059 1807 2119 1863 S.
2154 1808 2588 1867 Theosterictus
2616 1812 2750 1882 (34),
2784 1813 3106 1869 monachus
3153 1822 3491 1876 monasterii
3533 1823 3700 1879 Pele—

305 1862 1017 1971 διῖέιῑζξιῶῑῑσῑφέῑλίίῐ
1032 1862 1416 1954 satis;
1437 1862 1949 1969 sanabant
1978 1862 2035 1929 Β
2058 1862 2585 1966 σειωίέέιλέίξξᾱ
2608 1862 3699 1983 aeiiggaga'ggnragna;11:3;

302 1991 372 2046 de
401 1992 590 2055 Creta,
621 2004 689 2044 ex
738 2004 857 2059 qua
905 1988 1213 2053 oriundus,
1244 1986 1468 2057 Cpolim
1518 1987 1769 2044 advenit.
1803 1991 1946 2044 Cum
2059 2000 2125 2041 eo
2154 1986 2246 2041 die
2266 1985 2474 2041 obierit
2503 1992 2663 2057 (nam
2706 1990 3100 2047 confessorem
3148 2010 3279 2050 eum
3319 1996 3518 2054 dicunt
3572 2001 3697 2056 Me-

299 2094 434 2135 vero
459 2094 529 2133 ex
559 2077 763 2133 iisdem
804 2075 963 2132 Actis
1012 2074 1443 2147 antiquioribus
1477 2075 1536 2130 S.
1569 2075 1864 2145 Stephani,
1894 2084 1949 2133 et
2055 2089 2181 2129 nisa
2207 2074 2321 2146 (36)
2353 2080 2408 2130 et
2437 2076 2496 2130 in
2548 2092 2683 2147 pace
2725 2080 3072 2152 mortuum),
3114 2083 3215 2137 sed
3274 2086 3429 2155 quod
3490 2090 3693 2146 eodem

300 2168 754 2241 Metaphrastzsa,
780 2183 908 2238 quas
940 2167 1337 2237 Lipomannus
1370 2165 1573 2223 Latine
1596 2182 1763 2222 versa
1783 2167 1947 2222 exhi-

299 2258 418 2327 bet,
451 2266 505 2314 et
536 2257 760 2329 reliqua
788 2255 985 2312 omnia
1028 2254 1427 2326 proﬂuxerint,
1461 2254 1694 2310 etiamsi
1733 2254 1946 2313 alicubi

299 2347 469 2419 Cypri
501 2362 708 2402 nomen
742 2345 1018 2416 prodiret,
1053 2360 1120 2399 ex
1163 2344 1325 2401 Actis
1374 2343 1809 2415 probatioribus
1856 2361 1946 2400 re-

304 2435 636 2506 spuendum
668 2437 842 2489 esset.
868 2432 1076 2488 Verum
1109 2430 1287 2486 dubio
1318 2429 1513 2487 locum
1545 2430 1785 2485 omnino
1817 2430 1946 2485 nul-

298 2522 422 2578 lum
455 2521 750 2594 relinquit,
776 2521 930 2592 quod
954 2519 1105 2575 libro
1127 2519 1316 2591 primo
1337 2520 1406 2574 de
1428 2518 1805 2574 Thematibus
1828 2519 1941 2591 (27)

299 2612 473 2667 refert
500 2610 914 2668 Constantinus
947 2608 1518 2681 Porphyrogenneta,
1549 2606 1803 2678 Cyprum
1835 2608 1945 2663 sci-

299 2700 452 2767 licet,
484 2701 556 2755 ab
593 2698 840 2755 Heraclii
885 2702 1146 2768 tempore
1196 2712 1381 2768 usque
1409 2697 1480 2750 ad
1513 2696 1785 2751 Basilium
1814 2695 1943 2751 Ma-

300 2789 599 2854 cedonem,
622 2804 656 2841 a
676 2784 975 2841 Saracenis
1005 2784 1187 2838 fuisse
1217 2788 1583 2853 occupatam,
1608 2785 1665 2838 in
1690 2799 1940 2855 quorum

301 2880 674 2946 potestatem,
696 2870 1250 2944 postquam,Basilio
1275 2871 1613 2941 imperante,
1638 2887 1740 2941 per
1756 2888 1942 2927 annos

301 2967 525 3035 septem
571 2962 819 3016 fuissent
866 2958 1115 3031 depulsi,
1149 2958 1360 3013 iterum
1406 2958 1654 3013 devenit.
1694 2962 1769 3012 Ex
1827 2974 1942 3028 quo

301 3051 676 3107 manifestum
708 3053 797 3104 est
824 3051 1253 3118 Copronymum
1286 3046 1469 3117 Cypro
1500 3060 1797 3115 nunquam
1831 3046 1944 3100 im-

299 3156 553 3214 perasse,
582 3154 766 3210 neque
797 3138 868 3194 ab
898 3135 1147 3192 Antonio
1179 3134 1278 3191 illo
1308 3151 1377 3190 ex
1418 3134 1602 3203 Creta,
1635 3138 1773 3189 dum
1808 3151 1943 3189 nar-

2055 2163 2181 2219 loco
2212 2163 2326 2235 (37)
2355 2166 2630 2220 Actorum
2664 2166 2722 2221 S.
2755 2167 3050 2239 Stephani,
3082 2176 3216 2240 post
3258 2173 3478 2230 dictum
3521 2178 3698 2233 Anto-

2058 2251 2218 2306 nium
2251 2252 3055 2321 Cretensem,Theosterictus
3093 2261 3486 2318 narrationem
3524 2262 3693 2320 insti-

2056 2341 2205 2404 tuat,
2235 2340 2305 2396 de
2352 2341 2631 2410 martyrio
2680 2342 2918 2415 triginta
2948 2354 3072 2401 octo
3104 2348 3515 2405 monachorum
3569 2370 3687 2409 mo-

2055 2428 2293 2483 nasterii
2340 2429 2450 2484 sui.
2497 2430 2613 2486 Hos
2662 2430 2841 2502 igitur
2883 2433 3027 2489 dicit
3072 2436 3688 2497 a'Lachanodraconte

2054 2517 2339 2585 praefecto,
2371 2518 2511 2573 feria
2544 2518 2751 2589 quinta
2788 2521 2847 2575 in
2897 2524 3066 2577 Cmna
3105 2523 3356 2593 Domini,
3388 2526 3447 2581 in
3479 2544 3687 2585 mona-

2053 2603 2233 2659 sterio
2266 2620 2367 2661 suo
2399 2622 2505 2661 suo
2536 2607 2813 2663 Pelecetae
2842 2610 3293 2681 comprehensos
3331 2630 3479 2683 esse,
3510 2633 3695 2689 eoque

2053 2700 2290 2763 vastato,
2322 2695 2393 2748 ab
2443 2694 2644 2750 eodem
2695 2695 3234 2755 Lachanodraconte
3278 2718 3477 2758 versus
3509 2705 3692 2775 Ephe-

2052 2796 2184 2835 sum
2204 2781 2504 2851 abductos,
2518 2782 2599 2839 ibi
2619 2785 2874 2856 martyrii
2891 2786 3142 2856 palmam
3161 2789 3500 2847 obtinuisse.
3518 2791 3691 2849 Porro

2051 2868 2203 2923 inter
2235 2870 2550 2939 praefectos.
2582 2888 2727 2942 quos
2770 2890 2931 2928 num.
2965 2876 3308 2945 praecedenti
3341 2895 3373 2932 a
3397 2880 3689 2954 Coprony-

2053 2972 2168 3022 mo,
2194 2956 2509 3014 indictione
2530 2960 2755 3031 quinta,
2781 2961 2838 3016 in
2867 2963 3194 3034 provincias
3218 2966 3426 3023 missos
3446 2984 3574 3025 esse
3598 2970 3688 3025 di-

2051 3043 2265 3113 ximus,
2284 3048 2666 3103 nominatura
2686 3050 3039 3122 Theophane
3057 3052 3181 3123 ipse
3205 3053 3689 3114 Lachanodracon

2052 3131 2171 3199 ille,
2203 3133 2297 3187 cui
2331 3134 2516 3189 thema
2550 3137 2690 3191 Asiae
2721 3139 2955 3196 Minoris
2983 3140 3265 3197 traditum
3300 3144 3522 3211 scribit,
3545 3144 3691 3201 alias

303 3230 586 3285 rationem
619 3244 786 3285 suam
818 3226 1087 3295 absolvit,
1112 3225 1183 3281 de
1205 3224 1372 3297 Cypri
1404 3225 1669 3295 praefecto
1699 3224 1815 3280 dici
1848 3240 1943 3295 po-
1974 3219 2025 3288 C
2054 3221 2273 3277 dictum
2298 3223 2760 3279 Thracesiorum.
2787 3227 3088 3298 Perperam
3108 3229 3326 3301 itaque,
3346 3241 3403 3286 ut
3426 3233 3481 3288 id
3508 3235 3693 3292 obiter

297 3318 475 3374 tuisse
505 3318 653 3390 (28):
689 3317 782 3373 Sic
828 3322 1096 3372 sanctum
1127 3314 1320 3369 virum
1352 3311 1759 3369 holocaustum
1810 3313 1943 3385 igne

298 3408 489 3463 effecit
536 3422 790 3479 nequam
837 3406 1184 3476 imperatore
1215 3403 1603 3475 (Copronymo
1635 3402 1939 3474 nimirum)

297 3496 543 3568 nequior
564 3496 889 3567 praefectus,
910 3493 1008 3548 ille
1032 3508 1241 3563 nempe
1260 3491 1649 3570 Theophanes
1672 3490 1944 3562 Lardoty-

295 3601 416 3652 rus,
444 3587 513 3641 de
534 3602 651 3656 quo
679 3600 878 3655 supra.
905 3583 1016 3638 Sed
1038 3582 1111 3636 de
1136 3581 1302 3636 Creta
1325 3581 1527 3651 utique
1548 3583 1773 3650 poterat
1802 3580 1938 3645 dici,

298 3689 475 3744 quam
507 3674 662 3727 idem
693 3671 1247 3742 Porphyrogenneta
1278 3668 1510 3723 nonnisi
1532 3667 1641 3722 sub
1663 3666 1942 3725 Michaele

296 3760 476 3816 Balbo
508 3778 539 3816 a
574 3758 877 3815 Saracenis
908 3762 1134 3830 captam
1166 3756 1418 3811 afﬁrmat
1448 3755 1583 3828 (29).

370 3850 456 3903 12.
490 3849 748 3919 Tempus
800 3845 1057 3918 martyrii
1090 3860 1155 3901 ex
1196 3842 1565 3915 Theophane,
1596 3858 1729 3898 cum
1779 3843 1938 3899 Actis

294 3943 351 3997 S.
385 3938 661 4010 Stephani
694 3937 904 3993 collato
930 3936 1014 3991 sic
1046 3934 1222 3990 statui
1258 3940 1461 4006 potest.
1494 3938 1702 3989 Narrat
1730 3931 1827 3988 ille
1865 3933 1937 3987 ad

293 4045 512 4085 annum
564 4027 765 4083 mundi
814 4026 977 4091 6257,
1029 4025 1138 4080 sub
1188 4022 1505 4079 indictione
1554 4025 1759 4094 quarta
1797 4021 1933 4093 (30),

292 4119 724 4190 Copronymum
752 4115 1025 4170 omnibus
1047 4113 1711 4182 subditisjuramentum
1730 4125 1938 4181 praece-

292 4209 470 4279 pisse,
522 4222 593 4261 ne
652 4204 1011 4275 imaginibus
1070 4201 1499 4258 venerationem
1559 4198 1936 4264 exhiberent;

293 4312 446 4352 anno
480 4311 609 4351 vero
641 4294 932 4364 sequenti,
966 4291 1286 4346 indictione
1332 4287 1534 4356 quinta
1575 4287 1707 4356 (31),
1742 4285 1938 4353 praefe-

292 4391 416 4440 ctos
446 4385 507 4439 in
539 4381 860 4453 provincias
885 4395 985 4435 seu
1015 4378 1272 4433 themata
1304 4375 1558 4439 misisse,
1585 4373 1685 4444 qui
1707 4373 1935 4428 easdem

292 4473 375 4528 ibi
401 4473 459 4527 in
483 4470 822 4537 monachos,
838 4483 985 4539 quas
1006 4466 1131 4537 ipse
1151 4463 1579 4533 Cpoli,ederent
1600 4462 1934 4533 tragoedias.

296 4562 473 4618 Porro
520 4557 812 4627 monachi,
847 4556 948 4628 qui
979 4570 1133 4611 anno
1162 4554 1269 4609 767
1299 4567 1429 4608 cum
1459 4554 1514 4605 S.
1549 4550 1835 4621 Stephano
1872 4551 1931 4605 in

293 4664 523 4705 carcere
575 4645 823 4718 praetorii
868 4644 1267 4709 versabantur,
1296 4641 1369 4696 de
1398 4638 1740 4697 crudelitate
1787 4655 1934 4710 prte-

299 4738 580 4794 fectorum
631 4735 691 4790 in
738 4732 1050 4806 provinciis
1104 4730 1358 4803 plurima
1416 4731 1741 4784 memorant
1796 4727 1931 4799 (32).

292 4826 437 4882 Cum
472 4828 669 4881 autem
697 4822 950 4895 quadam
982 4820 1075 4876 die
1106 4836 1223 4875 una
1264 4834 1396 4874 cum
1427 4816 1638 4873 vinctis
1668 4814 1799 4873 aliis
1828 4816 1932 4873 Pa-

290 4915 477 4971 tribus
533 4913 760 4970 sederet
815 4912 900 4967 vir
941 4916 1197 4977 sanctus,
1238 4921 1431 4964 sermo
1488 4909 1676 4961 motus
1726 4907 1815 4961 est
1860 4905 1931 4962 de

382 5076 475 5148 25)
505 5072 778 5148 Analecta
807 5072 1020 5148 Graeca.
1040 5071 1237 5148 _Paris_,
1271 5070 1431 5139 1688,
1463 5086 1519 5143 p.
1550 5071 1676 5129 504.

379 5141 468 5216 26)
498 5145 769 5202 Analecta
801 5146 1015 5212 Graeca,
1040 5141 1148 5216 loc.
1182 5145 1282 5199 cit.

360 5214 473 5289 (27)
504 5217 654 5289 Edit.
688 5217 897 5289 Bonn.,
930 5231 986 5286 p.
1015 5214 1104 5269 40.

361 5286 472 5357 (28)
502 5288 777 5344 Analecta
808 5287 1025 5354 Greca,
1058 5301 1114 5355 p.
1143 5286 1271 5340 505.

358 5358 470 5430 (29)
501 5360 581 5415 De
611 5359 837 5430 admin.
868 5358 1033 5430 Imp.,
1068 5372 1196 5427 cap.
1228 5372 1365 5430 xxii.

361 5426 878 5557 (303.182gophanis
938 5426 1430 5500 Chronographia,
1496 5427 1705 5483 Bonna
1764 5426 1922 5494 1839,

400 5504 495 5571 ,p.
526 5504 652 5557 675.

707 5589 763 5644 p.
794 5571 919 5644 681.

501 5573 774 5700 ﬂgiécié
794 5573 1020 5708 (grtes,
1054 5656 1111 5712 p.
1142 5640 1268 5694 504.

2051 3314 2268 3375 notem,
2296 3310 2517 3366 Goarus
2548 3311 2639 3366 hic
2670 3312 2867 3369 thema
2896 3316 3317 3374 Thracensium
3344 3320 3691 3392 interpreta-

2051 3402 2149 3454 tus
2177 3403 2265 3453 est
2295 3399 2444 3471 (38);
2479 3416 2612 3454 nam
2660 3398 2871 3456 horum
2919 3402 3114 3459 thema
3147 3404 3204 3458 in
3238 3406 3465 3476 EurOpa
3504 3410 3684 3466 situm

2049 3492 2192 3554 erat,
2218 3488 2301 3542 Th
2313 3488 2667 3544 racesiorum
2690 3504 2823 3544 vero
2846 3490 3341 3561 complectebatur
3360 3497 3553 3552 Asiam
3586 3502 3636 3552 Μ
3647 3500 3689 3552 i-

2050 3591 2267 3630 norem.
2304 3576 2574 3646 Apprime
2606 3593 2673 3632 ea
2702 3576 3030 3650 distinguit,
3054 3580 3228 3635 simul
3261 3598 3465 3639 vocum
3497 3591 3685 3659 etyma

2048 3664 2303 3729 tradens,
2339 3664 2756 3721 Constantinus
2798 3667 3339 3739 Porphyrogenneta
3372 3673 3426 3727 in
3460 3676 3685 3732 laudato

2049 3768 2218 3822 Opere
2247 3754 2316 3807 de
2347 3753 2727 3809 Thematibus
2772 3756 2905 3825 (39).
2939 3754 3183 3813 Indictio
3226 3766 3410 3815 autem
3460 3763 3685 3834 quinta,

2041 3841 2165 3911 jam
2200 3842 2474 3909 indicata,
2506 3843 2845 3915 incipiebat,
2878 3848 2941 3899 ut
2989 3845 3264 3913 diximus,
3299 3866 3331 3904 a
3359 3854 3683 3921 Septembri

2045 3930 2183 3984 anni
2216 3931 2356 3999 766;
2388 3931 2484 3986 sed
2516 3947 2649 3987 cum
2679 3931 3107 3989 Theosterictus
3140 3940 3556 3996 monasterium
3588 3942 3686 3997 Pe-

2045 4016 2236 4073 lecetaa
2284 4036 2316 4074 a
2363 4019 2929 4087 Lachanodraconte,
2961 4021 3104 4077 feria
3151 4025 3356 4093 quinta
3402 4026 3460 4081 in
3510 4030 3683 4085 Coena

2046 4106 2297 4175 Domini,
2333 4109 2596 4164 invasum
2648 4114 2860 4179 narret,
2894 4111 3207 4167 dicendum
3254 4115 3361 4169 erit
3400 4116 3457 4171 id
3497 4121 3681 4174 conti-

2045 4195 2198 4266 gisse
2228 4212 2380 4251 anno
2411 4197 2533 4263 767,
2559 4197 2652 4253 die
2683 4215 2774 4253 xvr
2807 4200 3042 4268 Aprilis,
3076 4204 3304 4271 quando
3336 4208 3559 4263 Pascha
3590 4208 3682 4264 die

2044 4300 2157 4338 xxx.
2183 4285 2520 4355 Martyrium
2545 4289 2737 4340 autem
2757 4286 2993 4357 triginta
3015 4292 3142 4343 octo
3167 4292 3454 4348 sociorum
3489 4295 3680 4352 Theo-

2045 4371 2285 4442 stericti,
2318 4373 2473 4443 quod
2502 4373 2560 4428 in
2592 4373 2800 4445 Ephesi
2844 4376 3111 4446 partibus
3142 4380 3401 4451 contigit,
3436 4384 3681 4455 afﬁgen-

2044 4461 2180 4515 dum
2235 4466 2321 4517 est
2362 4462 2616 4531 profecto
2669 4464 2855 4518 eidem
2888 4481 3041 4520 anno
3070 4466 3195 4533 769,
3231 4467 3516 4539 siquidem
3549 4477 3683 4529 ante

2046 4550 2221 4604 tinem
2250 4550 2592 4606 Novembris
2615 4550 2772 4606 illius
2794 4553 2953 4622 anni,
2977 4553 3036 4608 S.
3062 4555 3353 4626 Stephano
3376 4558 3433 4613 in
3456 4576 3682 4616 carcere

2046 4642 2342 4694 narratum
2376 4638 2502 4693 fuit.
2526 4638 2687 4695 Diem
2712 4641 2972 4713 martyrii
2995 4643 3275 4709 assignari
3310 4647 3449 4703 forte
3475 4648 3679 4718 poteri-

2043 4744 2177 4785 mus
2209 4730 2264 4784 in
2296 4729 2446 4785 hunc
2489 4730 3015 4795 modum.\0btinet
3045 4733 3281 4804 quidem
3312 4734 3432 4790 haec
3463 4743 3676 4810 marty-

2040 4833 2172 4873 rum
2229 4816 2439 4874 cohors
2486 4818 2547 4874 in
2594 4818 3006 4890 Martyrologio
3064 4820 3323 4878 Romano
3380 4822 3533 4880 diem
3591 4843 3670 4883 xu

2034 4905 2319 4976 Januarii,
2367 4908 2438 4962 ad
2483 4922 2658 4978 quem
2702 4908 3034 4965 decessores
3082 4909 3263 4966 nostri
3312 4910 3383 4965 de
3424 4910 3497 4967 iis
3540 4927 3672 4986 ege-

2246 5068 2395 5196 ῗὲὶἑι
2427 5067 2637 5139 Martii,
2668 5085 2725 5142 p.
2756 5070 2883 5128 609.

2104 5069 2220 5284 £33)
2246 5069 2395 5151 T..II
2427 5069 2637 5139 Martii,
2668 5085 2725 5142 p.
2756 5070 2822 5125 60

2129 5141 2193 5196 34
2249 5140 2393 5196 Ibid.

2127 5212 2218 5284 35)
2248 5212 2310 5268 T.
2352 5211 2609 5284 IiApril.,
2645 5228 2701 5282 p.
2731 5211 2822 5268 30.

2030 5284 2216 5423 mag)
2237 5283 2517 5409 .diem
2548 5299 2663 5338 xvn
2693 5283 2901 5353 Martii,
2924 5284 3037 5340 Cfr.
3061 5286 3204 5343 Acta
3224 5287 3349 5357 SS.,
3370 5294 3412 5346 t.
3440 5292 3489 5349 II
3521 5292 3669 5351 Mar-

2239 5394 2483 5496 B'ewqua
2530 5423 2771 5496 ratione,
2802 5425 2932 5482 vide
2975 5444 3173 5501 supra,
3204 5446 3261 5490 n.
3292 5433 3327 5486 7
3355 5434 3660 5493 Commen-

2028 5496 2207 5637 tm(318.)
2236 5565 2597 5640 Theophila,
2633 5568 2673 5623 Ι.
2706 5584 2779 5636 c.,
2814 5586 2867 5640 p.
2899 5571 3023 5627 681.

2100 5639 2210 5709 (39)
2239 5638 2359 5696 Lib.
2393 5654 2436 5708 ι,
2465 5638 2647 5695 them.
2680 5656 2766 5708 ιιι,
2798 5638 2855 5697 et
2883 5641 2983 5699 lib.
3017 5660 3078 5713 ιι,
3111 5645 3291 5703 them.
3326 5647 3375 5703 1.
