4142 6248
480 334 631 398 1091

1835 319 2120 381 MENSIS
2165 316 2547 381 OCTOBER.

3718 318 3883 379 1092

477 497 619 552 runt
642 491 776 565 (40),
809 491 908 549 sed
939 488 1001 545 hi
1033 488 1286 543 fatentur
1314 500 1378 540 se
1407 483 1466 537 in
1499 481 1676 537 nullis
1726 479 1889 535 fastis
1918 479 1989 534 ad
2022 478 2112 532 di-
2149 476 2522 549 Απτόμενος)
2570 492 2675 548 pro
2720 474 2932 531 Christi
2982 474 3239 547 imagine
3286 491 3496 543 caesus,
3543 475 3714 532 illum
3764 476 3884 533 Da-

479 590 638 641 ctum
680 583 833 637 diem
884 578 1255 648 consignatos
1285 590 1384 629 eos
1416 569 1716 642 reperisse.
1752 572 1957 623 Postea
1986 581 2116 622 vero

480 672 713 728 eosdem
743 668 941 725 obvios
968 666 1298 719 habuerunt
1329 662 1387 715 in
1420 657 1840 731 pretiosissimo
1872 657 2117 727 Synaxa-

479 762 621 816 rists
668 754 1050 818 Chiﬂletiano,
1092 753 1161 807 ad
1215 750 1368 805 diem
1396 766 1434 803 ιι
1466 747 1623 803 Junii
1654 764 1667 813 ;
1702 762 1833 800 nam
1884 745 2115 800 eosdem

479 865 626 911 esse,
660 863 728 903 ex
776 843 1108 900 narratione
1136 837 1513 895 Theostericti
1566 852 1699 891 cum
1757 833 2117 906 synaxarisla

475 937 577 993 illo
600 934 813 992 collata
830 934 967 1004 (41),
990 930 1225 985 cuilibet
1246 926 1617 982 manifestum
1641 924 1759 989 ﬁet,
1784 938 2113 994 quanquam

476 1024 907 1082 Henschenium
942 1024 1204 1075 nostrum
1239 1017 1298 1071 id
1328 1021 1455 1070 tum
1489 1015 1680 1084 fugere
1711 1013 1915 1082 potuit.
1943 1012 2114 1065 Porro

479 1114 749 1169 laudatus
799 1109 1191 1181 synaxaristes
1231 1120 1342 1160 non
1376 1103 1563 1158 solum
1599 1103 1667 1155 ad
1702 1102 1855 1155 diem
1888 1117 1931 1154 ιι
1955 1098 2114 1153 Junii

478 1218 579 1259 eos
600 1202 811 1271 signat,
837 1199 934 1253 sed
964 1200 1240 1268 praeterea
1263 1193 1408 1249 satis
1432 1196 1627 1262 aperte
1648 1189 1906 1244 insinuat
1922 1188 1994 1243 iis
2017 1187 2115 1242 illo

481 1292 574 1347 die
605 1291 857 1362 palmam
892 1285 1150 1357 martyrii
1174 1283 1473 1354 obtigisse.
1501 1282 1578 1335 Ex
1601 1280 1811 1350 quibus
1833 1277 2118 1333 verisimi-

477 1380 611 1435 liter
630 1377 973 1435 conﬁcimus
1004 1376 1111 1431 hos
1130 1372 1473 1439 monachos,
1499 1385 1694 1425 mense
1714 1384 1849 1424 cum
1873 1367 2115 1423 dimidio

479 1473 789 1539 postquam
818 1464 1235 1521 monasterium
1260 1477 1432 1517 suum
1458 1460 1728 1515 Pelecetas
1749 1462 2038 1513 vastatum
2062 1460 2118 1511 et

477 1557 848 1612 combustum
898 1554 1184 1619 viderunt,
1229 1566 1404 1621 prope
1454 1548 1743 1617 Ephesum
1804 1546 2116 1602 suﬁ'ocatos

477 1649 680 1717 fuisse,
714 1646 807 1702 die
836 1644 1054 1702 scilicet
1082 1661 1123 1699 ιι
1156 1642 1312 1699 Junii
1345 1642 1484 1697 anni
1511 1641 1637 1695 757.

551 1739 636 1792 14.
671 1737 750 1792 De
780 1737 838 1791 S.
876 1735 1041 1790 Petro
1088 1736 1158 1789 de
1206 1731 1563 1797 Blachernis,
1614 1745 1782 1801 quem
1832 1744 1996 1784 num.
2052 1728 2111 1782 11

481 1833 609 1899 post
629 1829 686 1880 S.
710 1822 952 1880 Paulum
977 1824 1304 1879 Cretensem
1324 1820 1653 1891 posuimus,
1672 1817 1922 1889 plurima
1944 1816 2116 1872 etiam

482 1932 551 1971 ex
572 1913 731 1970 Actis
760 1914 818 1967 S.
852 1911 1121 1983 Stephani
1160 1910 1550 1965 innotescunt.
1584 1905 2011 1978 Papebrochius
2044 1905 2115 1960 ad

480 2006 633 2061 diem
664 2020 757 2059 xvr
796 2002 927 2057 Maii
975 2001 1087 2073 (42)
1136 2015 1203 2055 ex
1253 1998 1487 2053 laudato
1537 1997 1895 2069 synaxarista
1942 1996 2050 2053 Ms.
2082 2013 2117 2051 a

480 2092 770 2149 Chifﬂetio
825 2094 1022 2146 nostro
1082 2090 1335 2158 accepto,
1383 2087 1452 2141 de
1490 2087 1547 2141 S.
1592 2086 1754 2140 Petro
1813 2086 2115 2156 sequentia

480 2181 911 2253 depromit:‘0
976 2176 1029 2230 ἐν
1112 2174 1446 2249 Βλαχὲρναις
1513 2171 1739 2247 Πέτρος,
1802 2172 2115 2247 βουνεύροις

480 2270 816 2340 τυπτόμενος
845 2264 1145 2320 τελειοῦταί
1174 2281 1188 2331 ;
1222 2266 1274 2319 id
1328 2268 1452 2319 est:
1485 2266 1692 2318 Petrus
1736 2262 1794 2317 in
1844 2263 2118 2318 Blacher-

483 2360 568 2414 nis
586 2358 880 2423 habitans,
902 2353 1114 2410 taureis
1135 2370 1340 2419 caesus,
1364 2352 1706 2424 martyrium
1730 2360 2117 2409 consummat.

482 2450 654 2503 Recte
702 2443 1130 2516 Papebrochius
1179 2443 1415 2512 conjicit
1463 2442 1556 2497 hic
1600 2442 1691 2512 agi
1736 2442 1806 2497 de
1844 2441 2121 2497 alterutro

493 2537 740 2591 duorum
775 2537 1115 2604 martyrum,
1140 2548 1287 2603 quos
1309 2530 1692 2601 Theophanes
1718 2531 1787 2584 ad
1813 2546 2024 2584 annum
2051 2531 2114 2584 21

485 2630 541 2681 et
567 2625 637 2677 27
667 2621 1005 2693 Copronymi
1057 2621 1267 2687 refert;
1300 2636 1367 2675 en
1422 2620 1599 2689 hujus
1647 2618 1901 2673 historici
1945 2618 2118 2671 verba

484 2710 687 2766 Latine
717 2724 881 2763 versa
908 2707 1053 2777 (/13):
1077 2707 1286 2761 Eodem
1320 2705 1491 2760 etiam
1527 2720 1678 2759 anno
1702 2704 1926 2774 (mundi
1955 2705 2115 2771 6253,

483 2796 840 2855 Constantini
872 2795 961 2865 2|)
994 2795 1402 2850 Constantinus
1453 2797 1788 2865 persecutor
1831 2793 2117 2847 Andream

480 2888 871 2946 venerabilem
906 2886 1268 2951 monachum,
1292 2884 1606 2956 Calybitsm
1631 2883 1872 2951 dictum,
1898 2885 1965 2938 ad
1995 2884 2118 2939 Bla-

486 2978 732 3034 ohernas
765 2976 1147 3042 habitantem,
1179 2974 1237 3027 in
1276 2973 1466 3028 Sancti
1501 2973 1811 3028 Mamantis
1846 2973 1995 3027 circo
2028 2972 2123 3026 ﬁa-

486 3066 655 3138 gellis
686 3065 989 3131 interfecit,
1024 3064 1173 3134 quod
1211 3063 1339 3131 ejus
1372 3061 1748 3132 impietatem,
1782 3078 1846 3117 eo
1879 3061 2123 3118 Valente

483 3152 714 3224 juniore
743 3156 799 3207 et
828 3152 1055 3207 Juliano
1095 3151 1362 3216 vocitato,
1397 3149 1724 3221 arguisset;
1759 3151 1883 3219 ejus
1928 3155 2121 3205 autem

2222 569 2456 625 cianum
2500 571 2556 622 et
2603 566 3096 639 praevaricatorem
3148 565 3330 621 libere
3376 566 3751 637 appellando,
3786 584 3887 621 su-

2225 656 2517 729 blatisque
2538 657 2606 712 ad
2631 656 2817 712 Deum
2848 654 3029 710 oculis
3062 654 3329 723 dicendo,
3355 656 3585 711 Gratias
3608 656 3715 710 tibi
3744 672 3881 728 ago,

2224 746 2487 814 Domine,
2520 748 2579 800 in
2616 746 2823 800 mediis
2868 744 3175 799 verberum
3222 744 3577 800 cruciatibus
3620 746 3883 816 exspira-

2222 837 2300 891 vit
2332 838 2465 909 (44).
2499 838 2579 892 Ad
2615 836 2733 891 haec
2766 836 3020 908 primum
3070 834 3431 890 advertimus
3457 851 3612 901 eum,
3646 837 3749 905 qui
3782 836 3875 893 hic

2222 926 2529 995 Decianus,
2564 926 2619 980 id
2672 930 2759 981 est
2807 930 3138 995 persecutor
3188 924 3548 979 saevissimus
3596 926 3735 995 (45),
3768 943 3870 997 ap-

2224 1015 2489 1086 pellatur,
2510 1032 2539 1068 a
2560 1014 2947 1085 Metaphraste
2978 1013 3035 1067 in
3068 1013 3268 1068 eadem
3292 1013 3409 1068 vita
3441 1014 3594 1085 apud
3628 1014 3866 1069 Surium

2224 1105 2292 1159 ad
2328 1104 2478 1159 diem
2511 1120 2689 1159 xxvm
2721 1102 2995 1159 Novemb.
3029 1101 3332 1157 Ju!ianum
3363 1105 3697 1174 Apostatam
3732 1103 3867 1167 dici,

2224 1193 2378 1264 quod
2442 1191 2782 1263 TheOphani
2842 1208 3079 1262 prorsus
3136 1207 3459 1247 consonum
3518 1197 3608 1247 est
3664 1196 3871 1263 (supra

2224 1298 2389 1337 num.
2425 1283 2532 1352 14).
2572 1280 2784 1335 Deinde
2807 1280 3033 1351 reliqua
3063 1281 3261 1336 omnia
3288 1297 3412 1353 quae
3445 1282 3499 1337 S.
3535 1280 3870 1352 Stephanus

2224 1375 2421 1428 narrat
2444 1371 2514 1425 de
2548 1373 2707 1427 Petro
2739 1370 2795 1424 in
2830 1369 3164 1425 Blachernis
3210 1371 3458 1438 incluso,
3492 1371 3640 1425 nihil
3683 1372 3869 1426 diver-

2224 1476 2351 1517 sum
2402 1460 2617 1515 habent
2665 1462 2871 1531 praeter
2918 1458 3105 1514 solum
3166 1476 3401 1528 nomen,
3434 1460 3506 1514 ab
3538 1460 3610 1514 iis
3641 1476 3771 1531 quas
3804 1460 3874 1516 de

2224 1550 2456 1604 Andrea
2488 1549 2546 1602 in
2582 1548 2913 1604 Blachernis
2946 1548 3203 1620 Calybita
3233 1549 3436 1604 scribit
3464 1549 3871 1620 Theophanes.

2224 1637 2503 1692 Praeterea
2535 1637 2581 1691 si
2613 1636 3020 1707 Theophanes,
3055 1637 3152 1691 ubi
3185 1636 3256 1692 de
3292 1637 3457 1691 Petro
3491 1635 3691 1709 stylita
3724 1638 3867 1691 scri-

2224 1727 2309 1781 bit
2356 1728 2435 1796 (n.
2479 1727 2591 1799 14),
2621 1742 2749 1781 vere
2801 1726 3030 1781 Petrum
3078 1726 3138 1781 in
3194 1726 3526 1782 Blachernis
3573 1726 3873 1782 inclusum

2225 1816 2576 1887 designaret,
2629 1830 2752 1884 quae
2798 1815 2868 1870 de
2915 1814 3027 1869 isto
3080 1819 3411 1882 narrantur,
3443 1831 3570 1870 cum
3628 1814 3873 1871 historia

2223 1907 2277 1960 S.
2310 1904 2585 1976 Stephani
2615 1904 2884 1975 componi
2913 1920 3025 1959 non
3059 1909 3317 1975 possent.
3352 1905 3599 1961 Sanctus
3626 1906 3869 1975 Stepha-

2226 2011 2332 2049 nus
2361 1994 2540 2062 enim,
2583 1998 2647 2048 ut
2678 2010 2781 2049 suo
2833 1993 2955 2049 loco
2996 1994 3398 2064 probabimus,
3433 2011 3467 2048 a
3494 2011 3696 2049 mense
3727 1994 3866 2049 Nov.

2224 2084 2330 2138 763
2362 2098 2545 2153 usque
2571 2084 2640 2138 ad
2678 2083 2848 2137 ﬁnem
2881 2082 3017 2137 anni
3047 2083 3154 2136 766
3182 2083 3241 2138 in
3273 2083 3475 2139 exsilio
3506 2082 3633 2151 fuit,
3667 2088 3727 2137 et
3758 2084 3867 2137 cir-

2228 2174 2367 2228 citer
2398 2174 2468 2228 ab
2503 2172 2741 2227 ineunte
2766 2170 3043 2227 Januario
3068 2172 3173 2226 767
3196 2186 3322 2225 cum
3348 2172 3639 2242 praedictis
3670 2188 3871 2227 mona-

2227 2262 2353 2318 chis
2410 2262 2468 2317 in
2524 2276 2750 2316 carcere
2808 2259 3057 2315 Praeterii
3107 2260 3465 2315 versabatur.
3513 2261 3592 2316 Ex
3656 2262 3868 2332 quibus

2228 2350 2525 2424 probabile
2559 2351 2621 2404 ﬁt
2653 2355 2785 2404 ante
2810 2350 2919 2403 763
2946 2352 3002 2402 S.
3036 2355 3350 2422 martyrem
3376 2352 3630 2419 Petrum,
3655 2353 3728 2406 de
3758 2368 3868 2420 quo

2228 2444 2445 2508 narrat,
2479 2439 2825 2494 occubuisse
2854 2464 2868 2506 ;
2902 2455 3037 2493 nam
3069 2438 3345 2509 alioquin,
3380 2441 3477 2510 qui
3513 2457 3624 2494 non
3660 2441 3871 2495 melius

2234 2528 2500 2585 monachi
2548 2532 2605 2586 S.
2639 2528 2952 2598 Stephano,
2998 2545 3170 2600 quam
3217 2528 3315 2585 hic
3360 2528 3495 2595 illis,
3531 2530 3869 2601 martyrium

2230 2615 2387 2669 istud
2422 2615 2830 2669 enarrassent?
2850 2614 3046 2686 Neque
3070 2615 3126 2670 S.
3155 2615 3411 2670 Andreas
3444 2615 3499 2669 in
3534 2614 3871 2670 Blachernis

2231 2719 2406 2775 prope
2436 2702 2657 2774 Cpolim
2686 2702 3003 2773 habitabat,
3028 2708 3091 2758 ut
3120 2703 3497 2774 TheOphanes
3526 2703 3746 2771 scribit,
3770 2705 3869 2760 sed

2229 2808 2297 2848 ex
2345 2794 2513 2848 Creta
2561 2792 2873 2847 adveniens
2906 2793 2975 2847 ad
3010 2792 3360 2847 Blachernas
3390 2809 3451 2846 se
3484 2792 3745 2858 contulit,
3777 2794 3866 2848 ubi

2231 2883 2629 2955 Copronymus
2663 2883 2721 2937 in
2754 2882 2967 2953 palatio
2999 2899 3104 2937 suo
3134 2882 3254 2936 Divi
3288 2884 3593 2937 Mamantis
3634 2883 3692 2938 in
3730 2901 3867 2938 mar-

2232 2982 2381 3045 tyres
2412 2973 2705 3039 saeviebat,
2728 2972 3073 3042 quibuscum
3098 2971 3250 3027 illico
3271 2975 3468 3027 tentus
3498 2976 3606 3027 est.
3634 2973 3859 3027 Testan-

2232 3067 2325 3117 tur
2347 3063 2400 3116 id
2425 3065 2565 3116 Acta
2596 3065 2652 3116 et
2680 3060 3059 3132 Synaxarium
3094 3076 3264 3131 supra
3296 3060 3543 3116 relatum
3577 3062 3863 3133 (num.5).

2229 3151 2344 3207 Nec
2373 3150 2544 3205 etiam
2576 3153 2858 3221 tyrannus
2898 3150 3082 3219 jussit
3126 3166 3255 3206 eum
3302 3167 3491 3223 usque
3522 3152 3589 3205 ad
3624 3156 3864 3205 mortem

486 3222 699 3313 corpus
740 3240 799 3297 in
850 3241 1128 3295 fluentum
1181 3238 1383 3310 projici
1430 3238 1703 3307 jusserat,
1739 3241 1833 3294 sed
1887 3240 2123 3296 Andreas
2150 3222 2201 3289 C
2232 3238 2425 3307 ﬂagris
2457 3237 2618 3305 caedi,
2653 3241 2716 3291 ut
2746 3236 2954 3292 iterum
2986 3238 3370 3309 Theophanes
3398 3222 3619 3308 scribit,
3648 3245 3706 3294 et
3736 3240 3867 3294 dein

496 3347 722 3387 sorores
750 3331 941 3402 ipsum
993 3329 1318 3395 efferentes,
1350 3328 1406 3382 in
1444 3327 1714 3382 Leucadii
1746 3329 2002 3399 emporio
2033 3345 2120 3384 se-

494 3419 739 3490 pultura:
773 3420 1139 3474 mandarunt.
1169 3419 1231 3470 Et
1254 3433 1404 3471 anno
1437 3416 1640 3471 mundi
1662 3417 1822 3482 6259,
1844 3419 2125 3471 Constan-

492 3509 597 3563 tini
629 3509 718 3561 27.
752 3507 1015 3561 Ceterum
1060 3508 1129 3561 ab
1177 3505 1286 3560 hoc
1330 3509 1591 3576 tempore
1637 3505 1839 3575 majori
1888 3506 2123 3562 vesania

492 3597 553 3651 in
587 3603 817 3651 sanctas
847 3596 945 3650 Dei
979 3594 1262 3650 Ecclesiae
1296 3595 1619 3660 ferebatur;
1653 3595 1810 3650 misit
1840 3595 1991 3650 enim
2026 3596 2124 3666 qui

494 3686 724 3741 Petrum
775 3684 1160 3739 venerabilem
1208 3684 1462 3755 stylitam
1496 3701 1529 3737 a
1571 3689 1730 3754 petra
1778 3686 2124 3751 exturbaret,

492 3789 740 3844 eumque
769 3772 1142 3843 dogmatibus
1173 3773 1297 3825 suis
1330 3780 1725 3840 repugantem,
1754 3773 1940 3826 vivum
1974 3773 2127 3843 pedi-

493 3863 603 3917 bus
632 3861 912 3924 vinctum,
944 3875 1009 3913 ac
1040 3875 1141 3929 per
1172 3859 1392 3913 medias
1424 3858 1583 3912 urbis
1615 3858 1733 3913 vias
1778 3865 2125 3928 pcrtractum

495 3951 551 4004 in
585 3948 813 4020 Pelagia
843 3947 1042 4018 projici
1070 3946 1264 4016 jussit,
1290 3946 1434 4001 alios
1465 3963 1599 4001 vero
1632 3947 1813 4001 saccis
1846 3947 2125 4016 inclusos,

493 4038 742 4107 alligatis
773 4036 1040 4107 pedibus,
1074 4035 1131 4089 in
1166 4050 1322 4090 mare
1353 4034 1629 4106 demergi.

565 4127 650 4180 15.
683 4125 1070 4194 Synaxaristae
1101 4140 1206 4178 suo
1240 4123 1667 4194 Papebrochius
1696 4124 1942 4180 nimium
1975 4125 2127 4180 difﬁ-

497 4213 601 4277 dit,
632 4215 763 4268 dum
816 4213 1134 4268 arbitratur
1182 4227 1311 4267 eum
1362 4214 1477 4267 duo
1523 4211 1698 4268 allata
1748 4215 2021 4286 martyris
2066 4213 2127 4270 in

493 4318 674 4357 unum
707 4302 990 4357 conﬁasse
1018 4320 1031 4371 ;
1064 4302 1187 4373 ipse
1224 4302 1377 4357 enim
1410 4302 1789 4373 Theophanes
1820 4303 1913 4358 hic
1945 4320 2124 4360 unum

494 4399 799 4462 martyrem
844 4407 942 4461 pro
991 4390 1171 4445 altero
1211 4391 1426 4460 posuit,
1460 4395 1525 4444 ut
1556 4392 1929 4446 manifestum
1963 4394 2028 4447 ﬁt
2058 4408 2127 4449 ex

490 4480 818 4534 narratione
848 4478 905 4531 S.
938 4476 1211 4546 Stephani
1242 4477 1518 4542 Junioris,
1544 4494 1659 4546 qua
1691 4478 2002 4534 monachos
2034 4498 2125 4536 se-

2226 3328 2285 3383 in
2318 3329 2599 3382 fluentum
2634 3327 2856 3398 projici,
2884 3328 2983 3382 sed
3017 3328 3326 3384 crudeliter
3346 3329 3559 3400 raptari
3585 3345 3686 3400 per
3706 3329 3861 3384 viam

2228 3416 2521 3487 publicam
2550 3434 2563 3482 ;
2590 3432 2693 3470 nec
2715 3416 2875 3487 Cpoli
2898 3433 3122 3472 sorores
3145 3434 3281 3473 suas
3303 3417 3517 3474 habere
3548 3419 3737 3489 potuit
3763 3420 3862 3490 qui

2228 3508 2287 3561 in
2310 3506 2477 3561 Creta
2502 3506 2880 3560 monasticam
2914 3505 3089 3561 vitam
3123 3507 3361 3578 degens,
3386 3507 3525 3564 illuc
3556 3508 3869 3563 advenerat

2230 3601 2294 3650 ut
2314 3595 2534 3650 cultum
2553 3595 2652 3651 SS.
2673 3594 2992 3666 imaginum
3015 3611 3202 3649 coram
3222 3600 3469 3667 tyranno
3495 3597 3864 3661 defenderet;

2232 3701 2418 3755 neque
2450 3685 2684 3738 demum
2714 3685 2771 3737 in
2804 3684 3056 3753 emporio
3107 3684 3377 3740 Leucadii
3411 3686 3482 3739 ad
3515 3687 3675 3741 littus
3706 3686 3870 3742 Asia-

2231 3773 2405 3829 ticum
2437 3772 2696 3845 Bospori,
2734 3773 2982 3827 honestm
3023 3772 3336 3843 sepulturae
3369 3774 3625 3829 mandari
3654 3776 3866 3844 potuit,

2230 3878 2402 3934 quem
2434 3862 2491 3916 in
2523 3862 2647 3933 ipsa
2677 3862 2840 3930 urbe,
2874 3862 3012 3916 dum
3063 3867 3407 3933 raptaretur,
3445 3865 3867 3934 exspirantem,

2230 3950 2288 4004 in
2338 3950 2529 4005 locum
2580 3951 3070 4020 sordidissimum,
3103 3952 3159 4006 in
3193 3952 3425 4026 Pelagia
3454 3953 3690 4017 scilicet,
3728 3971 3865 4011 cum

2230 4038 2511 4094 maleﬁcia
2532 4040 2841 4110 projecere,
2864 4055 3151 4110 quemque
3181 4041 3311 4096 dein
3340 4041 3444 4095 viri
3475 4042 3780 4098 orthodoxi
3805 4043 3869 4100 in

2228 4128 2352 4183 loco
2383 4133 2581 4184 sancto
2624 4128 2818 4198 Crisis,
2872 4131 3082 4184 iterum
3116 4129 3172 4183 in
3210 4131 3347 4184 urbe
3395 4129 3531 4199 ipsa,
3567 4130 3868 4199 deposue-

2229 4220 2383 4273 runt.
2428 4219 2565 4281 Quas
2612 4217 2840 4288 singula
2882 4233 3011 4273 cum
3050 4234 3115 4274 ex
3155 4218 3307 4273 Actis
3350 4218 3404 4271 S.
3439 4217 3678 4272 Andreae
3733 4220 3869 4277 luce

2229 4306 2465 4363 clariora
2489 4306 2627 4374 sint,
2651 4307 3024 4363 manifestum
3057 4311 3144 4362 est
3173 4306 3580 4378 Theophanem
3612 4323 3731 4361 non
3766 4309 3868 4362 ad-

2222 4396 2429 4465 juncta
2452 4395 2711 4467 martyrii
2736 4396 3097 4464 immutasse,
3124 4396 3223 4451 sed
3248 4394 3369 4451 sola
3391 4394 3623 4451 nomina
3646 4402 3864 4467 marty-

2226 4503 2353 4542 rum
2387 4487 2837 4557 transposuisse.
2866 4490 3052 4559 Atque
3082 4486 3204 4543 haec
3235 4487 3473 4552 iterum,
3506 4502 3618 4541 non
3652 4487 3857 4551 dicam,

490 4583 621 4623 cum
651 4567 708 4620 in
742 4580 965 4620 carcere
998 4563 1251 4618 Prmtorii
1285 4580 1436 4619 anno
1465 4565 1570 4617 767
1607 4566 1873 4622 detentos
1903 4569 1973 4623 ad
2015 4587 2119 4641 pa-
2148 4586 2206 4652 ι)
2231 4574 2669 4640 conﬁrmantur,
2709 4576 2808 4628 sed
2840 4591 2969 4631 vere
2999 4576 3477 4630 demonstrantur
3512 4590 3580 4629 ex
3618 4573 3689 4630 iis
3738 4591 3856 4644 quae

487 4654 750 4711 tientiam
781 4654 1084 4709 hortatur:
1109 4656 1352 4708 Sanctos
1381 4652 1511 4708 illos
1537 4654 1752 4719 Patres,
1785 4654 1993 4727 inquit,
2018 4659 2117 4730 qui

490 4745 638 4815 apud
674 4761 778 4798 nos
827 4743 998 4796 vitam
1052 4740 1326 4812 martyrio
1376 4740 1768 4809 absolverunt,
1800 4742 2116 4804 imitemur.

492 4834 769 4889 Sanctum
793 4832 953 4887 illum
980 4830 1325 4911 monachum
1348 4832 1578 4885 Petrum
1605 4831 1749 4899 dico,
1769 4832 1826 4887 in
1852 4834 2119 4891 Blacher-

490 4925 579 4980 nis
630 4926 915 4980 inclusum
968 4919 1469 4997 (ἐγκεκλεισμένονε
1506 4924 1820 4991 inclusum,
1867 4927 2116 4985 Gallice:

488 5013 699 5079 reclus,
750 5031 864 5084 quo
913 5029 1088 5067 sensu
1141 5014 1608 5084 frequentissime
1668 5013 1784 5067 haac
1842 5032 1947 5071 vox
1996 5035 2118 5088 pro-

488 5102 605 5167 dit;
642 5118 942 5172 perperam
978 5104 1157 5172 igitur
1191 5102 1621 5172 Lipomannus:
1665 5101 1999 5160 Blachernis
2058 5107 2116 5161 in

488 5191 737 5247 vinculis
814 5194 1143 5259 conjectum
1201 5192 1300 5262 qui
1352 5195 1484 5245 ante
1558 5192 1915 5260 imperatoris
1982 5212 2116 5248 con-

486 5285 753 5348 spectum
786 5280 1163 5335 iutolerandis
1212 5282 1385 5335 boum
1438 5280 1627 5335 nervis
1665 5277 2003 5352 (βουνεύροις
2034 5303 2118 5335 τυ-

555 5438 667 5509 (40)
697 5438 761 5492 Τ.
796 5439 817 5492 Ι
845 5438 1107 5509 ,Ιαιιιιειιη
1141 5456 1196 5509 p.
1228 5439 1352 5509 747.

554 5506 667 5580 (4-1)
698 5509 761 5563 T.
798 5508 1022 5580 lJunii,
1054 5526 1108 5577 p.
1142 5506 1275 5563 ’168.
1327 5508 1440 5563 Cfr.
1474 5512 1516 5563 t.
1554 5507 1575 5561 Ι
1604 5506 1872 5580 Januar.,
1906 5509 1944 5565 l.
1977 5527 2024 5565 c.
2059 5515 2116 5566 et

477 5574 754 5648 Analecta
785 5574 1093 5648 Grmc8,_p.
1125 5581 1249 5635 505.

546 5644 661 5714 (42)
692 5650 755 5706 T.
791 5649 861 5702 ur
895 5644 1055 5712 Maii;
1087 5666 1143 5721 ρ.
1174 5650 1299 5703 625.

2230 4662 2403 4719 habet
2424 4661 2812 4733 Menologium
2836 4662 3026 4718 Basilii
3051 4664 3118 4718 ad
3140 4681 3315 4718 xxvm
3339 4663 3673 4719 Novembris
3700 4665 3845 4732 post—

2228 4768 2402 4823 quam
2462 4752 2532 4806 de
2589 4752 2641 4804 S.
2675 4752 2965 4821 Stephano
3021 4751 3261 4807 Juniore
3307 4752 3444 4823 egit.
3484 4750 3749 4806 Similiter
3792 4753 3850 4801 et

2227 4842 2285 4897 S.
2322 4842 2583 4895 Andreas
2632 4841 2709 4911 (in
2763 4840 2933 4912 Crisi)
2983 4842 3231 4908 vinctus,
3267 4846 3654 4911 raptatusque,
3681 4856 3712 4894 e
3741 4838 3859 4893 vita

2225 4929 2484 4985 excessit.
2518 4933 2589 4984 At
2618 4934 2851 4984 sanctus
2892 4932 3092 4985 Petrus
3123 4930 3218 4999 (de
3249 4929 3606 4999 Blachernis)
3638 4929 3697 4982 in
3732 4944 3863 4981 car-

2227 5035 2409 5073 cerem
2442 5019 2600 5090 prius
2631 5020 2946 5088 conjectus,
2970 5020 3179 5074 deinde
3208 5018 3475 5085 eductus,
3498 5017 3719 5072 tamdiu
3758 5016 3863 5070 ﬁa-

2225 5108 2392 5178 gellis
2438 5108 2695 5171 caeditur,
2730 5108 2910 5162 donec
2959 5108 3229 5176 spiritum
3266 5107 3382 5163 Deo
3416 5107 3670 5160 tradidit.
3705 5105 3863 5159 Num

2225 5202 2418 5250 autem
2453 5197 2511 5251 S.
2540 5197 2800 5250 Andreas
2831 5196 3039 5263 Stylita
3068 5197 3181 5252 dici
3213 5195 3418 5266 possit,
3443 5196 3591 5250 intra
3619 5194 3869 5264 inquiri-

2225 5300 2376 5339 mus.
2414 5290 2489 5340 De
2519 5285 2790 5357 Calybitm
2821 5300 2949 5339 vero
2980 5285 3323 5355 cognomine
3352 5299 3485 5340 cum
3520 5282 3688 5354 plura
3721 5298 3869 5337 con-

2295 5444 2406 5516 (43)
2436 5445 2791 5516 Theophan.,
2818 5449 2859 5499 t.
2893 5446 2933 5511 l,
2961 5461 3015 5514 p.
3048 5444 3174 5499 667.

2294 5515 2405 5584 (44)
2437 5515 2607 5570 Anal.
2637 5517 2849 5583 Graeca,
2884 5532 2938 5584 p.
2968 5516 3093 5570 507.

2295 5585 2409 5653 (45)
2442 5585 2553 5638 Ct'r.
2588 5590 2631 5641 t.
2670 5585 2715 5641 Il
2746 5585 2928 5650 Junii,
2964 5603 3017 5657 p.
3045 5587 3172 5652 788,
3206 5601 3261 5640 ιι.
3293 5586 3346 5640 9.
