4142 6248
274 316 427 378 1093

1454 314 1635 377 VITA
1678 312 1739 375 S.
1788 315 2125 376 ANDRE/E
2170 317 2244 377 Ili
2291 315 2513 377 CRISI.

3516 324 3671 385 1094

273 477 517 550 gesserit
567 475 885 533 Bollandus
936 475 1007 532 ad
1058 475 1212 532 diem
1252 491 1326 531 xv
1372 474 1659 547 Januarii,
1700 476 1799 533 ubi
1847 477 1916 534 de
1944 478 2003 544 A
2027 477 2248 549 Phocea,
2282 480 2374 534 cui
2397 497 2548 537 unus
2570 497 2761 538 annus
2792 483 3085 540 detractus
3108 488 3194 541 est
3224 486 3359 557 (49),
3393 502 3574 560 usque
3594 488 3662 545 ad

271 568 501 624 Joanne
531 566 813 639 Calybita,
838 566 982 621 satis
1004 564 1222 621 erithic
1254 564 1469 621 dixisse
1492 564 1636 620 illud
1662 582 1695 621 a
1714 566 1921 623 vocula

274 648 523 725 Καλύϐη,
571 671 700 727 quae
750 659 841 710 ast
889 653 1189 726 tugurium
1242 654 1553 724 signiﬁcat,
1605 655 1917 710 deductum

276 746 475 811 fuisse,
510 745 587 799 ita
618 748 681 799 ut
712 742 1001 816 Calybites
1031 742 1129 798 ille
1158 744 1236 798 sit
1266 743 1366 814 qui
1397 743 1456 798 in
1488 744 1722 815 tugurio
1756 744 1918 800 habi-

276 842 373 890 tat.
427 836 611 899 Quam
662 837 812 889 recte
858 849 990 888 vero
1040 833 1097 888 S.
1132 832 1337 888 Petrus
1389 832 1498 889 hoc
1540 840 1919 903 cognomento

276 923 635 995 insigniatur
665 938 838 993 quem
872 922 931 978 S.
972 921 1302 994 Stephanus
1338 920 1589 993 appellat
1617 920 1716 975 Τὸν
1747 919 1919 990 ὅσιον,

274 1012 365 1066 τὸν
426 1009 476 1065 ἐν
564 1009 901 1085 Βλαχὲρναις
964 1008 1445 1087 τέγκεκλεισμὲνον,
1503 1012 1655 1067 sicut
1724 1012 1917 1083 ipsum

278 1104 335 1159 S.
400 1102 760 1174 Stephanum
818 1102 1204 1173 Theophanes
1254 1101 1440 1156 dicit:
1474 1098 1564 1153 τὸν
1605 1092 1915 1174 ἕγχλειστον

277 1191 404 1245 ὄντα
453 1189 527 1251 εἷς
576 1189 666 1243 τὸν
714 1188 864 1264 ἅγιον
914 1188 1197 1258 Αὗξέντιον
1230 1189 1408 1260 (quod
1440 1205 1652 1245 nomen
1703 1189 1918 1245 montis

276 1282 401 1351 est),
437 1296 607 1336 nemo
640 1296 754 1336 non
787 1280 939 1335 videt
968 1280 1097 1350 (46).

349 1369 436 1425 16.
486 1369 594 1425 Sed
644 1367 935 1440 quomodo
980 1366 1364 1439 Theophanes
1411 1367 1469 1422 in
1522 1366 1668 1423 hanc
1715 1366 1916 1422 confu-

274 1458 498 1515 sionem
530 1457 808 1513 devenit?
836 1456 951 1512 Nos
980 1455 1156 1512 aliam
1197 1471 1432 1511 causam
1483 1470 1597 1512 non
1648 1455 1915 1510 novimus

276 1547 389 1603 nisi
423 1547 575 1619 quod
609 1550 751 1602 tunc
773 1545 1111 1602 adolescens
1135 1544 1310 1600 fuerit
1331 1543 1519 1612 valde,
1551 1547 1615 1599 ut
1646 1544 1770 1615 ipse
1790 1559 1921 1615 pro-

274 1636 358 1692 dit
389 1635 461 1691 ad
492 1638 557 1691 A.
591 1636 651 1691 C.
685 1635 790 1691 763
822 1633 958 1707 (ipsi
1004 1649 1225 1689 annum
1257 1633 1459 1689 mundi
1491 1633 1654 1705 6255)
1685 1633 1823 1688 dum
1858 1631 1916 1687 in

277 1722 429 1777 mari
467 1721 652 1794 glacie
683 1720 998 1778 constricto
1030 1735 1161 1775 cum
1198 1718 1395 1791 pueris
1427 1735 1489 1775 se
1519 1719 1729 1775 lusisse
1754 1735 1914 1774 com-

279 1817 582 1909 memorat.
635 1814 697 1868 In
748 1809 1096 1909 monasterio
1150 1813 1420 1909 versatus
1468 1810 1580 1881 (47)
1637 1809 1835 1909 procul
1885 1826 2003 1909 aB

279 1901 463 1973 Cpoli,
488 1900 799 1973 diligenter
828 1898 1079 1969 quidem,
1115 1902 1179 1954 ut
1207 1898 1267 1955 in
1300 1914 1404 1955 suo
1432 1898 1708 1970 procemio
1737 1901 1917 1953 testa-

278 1994 378 2048 tur
405 1991 521 2062 (48)
551 1989 848 2046 volumina
877 1987 1132 2059 plurima
1178 1988 1549 2054 examinavit,
1583 1988 1683 2043 sed
1716 1988 1785 2042 de
1816 2001 1914 2042 re-

280 2079 548 2136 centibus
578 2093 695 2133 non
728 2075 934 2144 multa,
958 2082 1023 2131 ut
1052 2077 1323 2145 arbitror,
1347 2090 1657 2146 congerere
1687 2076 1914 2146 potuit;

280 2170 543 2242 sequitur
584 2168 644 2222 in
693 2166 786 2222 his
830 2165 1170 2237 plerumque
1201 2164 1555 2221 Breviarium
1587 2162 1915 2236 Nicephori,

280 2257 381 2329 qui
413 2257 615 2311 Photio
646 2254 930 2326 probatus
964 2255 1212 2325 scriptor
1240 2253 1474 2323 dicitur,
1507 2253 1605 2308 sed
1637 2251 1688 2308 is
1729 2252 1917 2307 histo-

280 2347 449 2413 riam,
483 2361 597 2401 non
631 2343 1159 2415 chronographiam
1191 2346 1293 2397 aut
1330 2341 1569 2398 annales
1602 2341 1917 2397 contexuit.

277 2433 479 2491 Causis
505 2438 698 2490 autem
731 2432 945 2488 erroris
964 2431 1125 2486 illius
1148 2430 1518 2503 assignandis
1539 2430 1668 2485 ideo
1699 2430 1918 2487 diutius

274 2523 645 2589 inhaeremus,
677 2522 828 2593 quod
888 2521 945 2575 in
993 2520 1269 2589 martyrio
1319 2520 1377 2574 S.
1408 2518 1684 2590 Stephani
1715 2518 1917 2590 lapsus

275 2614 486 2668 iterum
520 2610 833 2666 nonnullos
866 2608 1188 2675 admiserit,
1222 2612 1287 2663 ut
1316 2608 1386 2663 ad
1410 2624 1585 2663 xxvnr
1612 2608 1748 2665 Nov.
1784 2608 1919 2664 ube-

279 2704 400 2759 rius
434 2702 677 2758 dicetur.
727 2699 875 2767 Quid
906 2700 1082 2771 igitur
1109 2699 1346 2766 mirum,
1380 2698 1514 2753 dum
1552 2698 1611 2753 in
1660 2698 1915 2766 Menaeis,

280 2794 339 2847 in
385 2790 722 2861 Menologiis
771 2788 1105 2857 calerisque
1137 2787 1298 2843 fastis
1336 2787 1547 2842 Graecis
1579 2786 1815 2841 Andreae
1847 2787 1919 2841 il-

283 2880 397 2934 lius
417 2878 691 2946 Calybitsa
710 2876 1060 2931 mentionem
1077 2874 1561 2945 qualemcumque
1580 2873 1921 2944 diligentius

281 2966 732 3037 exquireremus,
768 2962 926 3018 nulla
948 2979 1054 3018 nos
1077 2977 1319 3032 usquam
1356 2961 1529 3031 hujus
1560 2961 1923 3031 cognominis

282 3055 522 3127 vestigia
551 3054 721 3110 obvia
741 3052 1021 3108 habuisse
1050 3051 1077 3104 ?
1106 3053 1606 3107 Commemoratur
1635 3054 1829 3104 tamen
1853 3051 1923 3105 ab

283 3144 557 3201 omnibus
580 3143 638 3198 S.
666 3142 917 3197 Andreas
940 3139 1261 3196 monachus
1288 3139 1397 3194 sub
1420 3139 1780 3209 Copronymo
1805 3155 1927 3208 pas-

284 3251 386 3290 sus
408 3238 464 3288 et
484 3233 829 3304 plerumque
850 3229 1024 3284 verba
1044 3231 1099 3283 in
1121 3228 1264 3283 Crisi
1293 3231 1685 3299 apponuntur.
1719 3232 1928 3298 Depre-
1955 3211 2005 3279 C

285 3323 605 3378 henderant
630 3319 851 3374 scilicet
874 3318 1052 3373 Graaci
1076 3316 1352 3372 fastorum
1384 3316 1714 3387 scriptores,
1740 3333 1866 3388 quae
1889 3333 1922 3371 a

279 3411 626 3483 Theophane
658 3408 1051 3465 efferebantur
1089 3422 1223 3462 cum
1259 3406 1446 3461 ueteris
1476 3406 1851 3473 testimoniis,
1874 3406 1920 3460 si

285 3503 473 3559 minus
503 3500 936 3563 historicorum,
961 3500 1019 3551 at
1048 3501 1201 3552 certe
1230 3495 1760 3566 hagiographorum
1793 3511 1924 3549 con-

282 3596 439 3646 stare
486 3605 600 3645 non
634 3603 824 3659 posse,
856 3593 909 3640 et
942 3585 1070 3641 ideo
1103 3584 1456 3655 Theophane
1487 3582 1781 3649 derelicto,
1817 3584 1922 3654 Sy-

286 3679 523 3735 naxaria
555 3694 662 3733 sua
684 3677 877 3748 potius
908 3690 975 3729 ex
1004 3674 1389 3745 Metaphraste
1419 3672 1618 3729 aliisve
1648 3676 1920 3729 Actorum

284 3766 692 3838 scriptoribus,
739 3772 800 3820 ut
850 3768 1120 3819 caeterum
1171 3762 1513 3834 plerumque
1560 3777 1922 3831 consuevere,

289 3858 629 3927 depromere
664 3852 1009 3909 maluerunt.
1039 3852 1227 3907 Latini
1256 3868 1286 3908 e
1307 3850 1594 3907 contrario
1626 3850 1920 3922 Theopha-

288 3961 421 4001 nem
445 3948 545 3999 aut
567 3944 692 4013 ejus
721 3942 1091 4013 interpretem
1118 3940 1359 3997 Paulum
1390 3940 1694 3997 Diaconum
1715 3941 1918 4009 secuti,

284 4035 419 4089 inde
452 4048 581 4104 quae
612 4048 645 4087 a
675 4031 865 4103 priore
897 4032 1141 4086 confusa
1171 4032 1400 4086 fuerant
1431 4031 1813 4085 retinuerunt.

360 4124 447 4178 17.
481 4120 550 4177 Ut
582 4124 772 4176 autem
806 4120 874 4174 ad
919 4119 1106 4191 ipsum
1161 4134 1380 4175 annum
1430 4118 1736 4189 utriusque
1767 4134 1923 4173 mar-

284 4211 437 4285 tyrii,
474 4211 618 4266 Petri
650 4223 856 4278 nempe
879 4214 934 4263 et
964 4208 1228 4271 Andreae,
1255 4208 1379 4277 jam
1412 4206 1804 4275 indagandum
1827 4222 1923 4260 ac-

283 4300 581 4365 cedamus,
630 4297 713 4353 sic
764 4295 1136 4365 TheOphanis
1186 4295 1359 4349 verba
1411 4309 1572 4348 num.
1620 4293 1686 4345 14
1744 4291 1924 4348 relata

285 4392 707 4459 consequenter
728 4387 799 4442 ad
824 4386 976 4440 dicta
998 4385 1451 4455 interpretamur
1477 4397 1491 4437 :
1519 4390 1685 4437 Anno
1719 4382 1923 4439 mundi

284 4477 446 4541 6253,
483 4491 582 4529 seu
620 4474 686 4528 21
736 4471 1083 4544 Copronymi
1134 4470 1371 4542 contigit
1409 4472 1773 4543 martyrium,
1810 4488 1921 4527 non

2027 584 2245 624 annum
2277 568 2548 625 ultimum
2598 572 2971 643 Copronymi,
3003 574 3101 629 ubi
3143 590 3303 630 error
3333 578 3664 646 praecedens

2028 673 2175 712 novo
2204 671 2394 712 errore
2426 658 2640 728 tegitur
2670 662 2803 730 (50).
2836 661 2922 716 vel
2954 678 3138 717 annos
3173 664 3374 717 mundi
3398 665 3484 720 vel
3515 666 3664 721 indi-

2028 747 2249 802 ctiones
2281 752 2559 819 perpetuo
2592 749 2937 818 claudicare,
2972 752 3241 819 idemque
3273 754 3341 806 de
3370 754 3666 826 Theopha-

2028 835 2122 891 nis
2151 838 2554 892 emendatione
2594 838 2904 909 specialem
2938 839 3238 895 dialribam
3297 842 3478 897 edidit
3535 846 3662 913 (51),

2028 938 2097 979 ex
2120 939 2234 995 qua
2254 925 2662 997 Theophanem
2687 943 2859 981 suum
2885 929 3200 997 plurimum
3227 946 3429 985 ornare
3447 932 3664 987 doctis-

2027 1013 2161 1069 simi
2183 1014 2432 1069 editores
2458 1014 2919 1085 Bonnenses(52)
2945 1016 3287 1086 potuissent.
3312 1022 3526 1075 Verum
3554 1021 3662 1077 hoc

2026 1101 2148 1158 loco
2183 1110 2377 1158 manet
2407 1102 2583 1159 altera
2616 1103 2705 1158 via
2735 1108 2991 1159 accurate
3023 1121 3205 1160 annos
3238 1108 3406 1162 modo
3440 1108 3657 1164 indica-

2029 1197 2115 1245 tos
2168 1190 2241 1246 ad
2297 1208 2468 1246 seram
2527 1191 2822 1263 vulgarem
2885 1194 3240 1261 reducendi;
3282 1195 3660 1265 Theophanes

2028 1277 2183 1332 enim
2217 1278 2287 1332 ad
2318 1294 2539 1333 annum
2568 1279 2728 1346 6252,
2757 1279 2853 1350 qui
2885 1296 3102 1335 annum
3134 1283 3392 1351 martyrii
3417 1284 3565 1339 Petri
3589 1285 3660 1339 de

2030 1364 2364 1422 Blachernis
2394 1365 2724 1422 immediate
2756 1368 3074 1438 praecessit,
3105 1369 3368 1441 eclipsim
3402 1370 3657 1443 aliquam

2029 1452 2167 1509 solis
2212 1454 2660 1526 diligentissime
2692 1456 2990 1528 consignat
3011 1458 3099 1513 his
3120 1458 3328 1527 verbis,
3351 1475 3417 1515 ex
3446 1462 3661 1517 versio-

2028 1558 2099 1597 ne
2130 1542 2319 1600 Goari.
2354 1546 2673 1615 Apparente
2704 1545 2845 1600 solis
2886 1545 3112 1601 defectu
3171 1547 3389 1603 mensis
3420 1549 3660 1620 Augusti
3690 1576 3691 1579 η

2026 1630 2120 1687 die
2149 1632 2372 1688 decimo
2404 1632 2626 1703 quinto,
2663 1633 2801 1689 feria
2842 1638 3023 1703 sexta,
3070 1634 3209 1691 hora
3258 1636 3370 1691 diei
3411 1637 3655 1704 decima,

2026 1736 2178 1776 anno
2209 1721 2449 1791 proinde
2475 1722 2602 1790 760,
2638 1727 2700 1777 ut
2730 1739 2799 1777 ex
2845 1723 3055 1779 tabulis
3082 1724 3489 1780 astronomicis
3520 1740 3657 1781 con-

2026 1812 2144 1865 stat
2173 1810 2308 1879 (53).
2342 1811 2410 1864 Et
2432 1810 2568 1881 quia
2598 1827 2791 1867 annus
2826 1811 3027 1866 mundi
3058 1812 3198 1866 6253
3230 1812 3387 1883 Cpoli
3423 1813 3656 1884 incepit,

2025 1914 2093 1953 ex
2123 1915 2280 1954 more
2337 1899 2682 1972 Graecorum,
2717 1917 2917 1957 mense
2973 1901 3294 1972 Septembri
3337 1902 3474 1957 anni
3509 1903 3658 1959 761)

2023 1991 2089 2043 ut
2120 2005 2305 2060 usque
2363 1992 2433 2045 ad
2490 1991 2887 2061 Septembrem
2945 1991 3083 2046 anni
3137 1992 3237 2045 761
3300 1993 3656 2058 decurreret,

2023 2076 2230 2133 exinde
2260 2078 2558 2150 probabile
2589 2080 2651 2134 fit
2709 2079 2766 2134 S.
2810 2083 3044 2134 Petrum
3076 2082 3143 2135 de
3201 2079 3531 2136 Blachernis
3560 2097 3653 2136 oc-

2025 2167 2210 2222 cisum
2243 2184 2365 2224 esse
2395 2167 2484 2224 die
2514 2186 2608 2223 xv1
2638 2168 2772 2224 Maii
2801 2169 2938 2224 dicti
2972 2169 3107 2224 anni
3128 2171 3253 2225 761.
3287 2169 3449 2224 Diem
3482 2170 3652 2224 illum

2026 2257 2181 2311 enim
2238 2256 2496 2327 assignat
2579 2258 3023 2327 antiquissimus
3092 2257 3490 2327 Synaxaristes
3545 2262 3656 2315 Ms.

2026 2359 2193 2413 quem
2227 2344 2653 2417 Papebrochius
2683 2362 2716 2401 a
2762 2344 3050 2403 Chil'ﬂetio
3089 2349 3283 2402 nostro
3315 2346 3373 2401 in
3414 2346 3656 2419 collegio

2024 2433 2359 2489 Divionensi
2388 2433 2829 2490 exscribendum
2848 2435 3090 2507 accepit.

2098 2522 2183 2577 18.
2216 2527 2423 2577 Annus
2472 2522 2732 2594 martyrii
2781 2523 2841 2579 S.
2891 2525 3129 2580 Andreas
3160 2525 3218 2579 in
3276 2524 3421 2581 Crisi
3470 2525 3663 2598 dupli-

2026 2613 2169 2665 citer
2224 2610 2437 2679 inquiri
2488 2627 2554 2666 ac
2601 2612 2777 2666 statui
2835 2615 3041 2683 potest.
3074 2612 3303 2668 Primus
3334 2615 3544 2669 modus
3576 2620 3665 2670 est

2026 2700 2140 2755 iste
2202 2717 2215 2755 :
2278 2699 2601 2755 Memorant
2664 2700 3023 2771 Nicephorus
3081 2700 3196 2773 (54)
3274 2708 3326 2756 et
3400 2703 3665 2774 TeOpha-

2028 2804 2132 2843 nes
2165 2788 2274 2859 (55)
2304 2788 2494 2843 varias
2526 2788 2876 2860 Copronymi
2900 2789 3294 2860 expeditiones
3322 2790 3666 2863 plerumque

2030 2875 2224 2930 felices
2246 2875 2304 2929 in
2329 2874 2630 2946 Bulgaros,
2648 2884 2698 2930 at
2719 2891 2890 2947 quam
2915 2877 3229 2933 indictione
3246 2885 3448 2947 quarta
3467 2896 3667 2936 mense

2028 2963 2307 3018 Januario
2358 2965 2638 3035 suscepit,
2670 2981 2820 3019 anno
2862 2964 3137 3020 nimirum
3177 2967 3305 3034 766,
3338 2967 3540 3022 iisdem
3576 2973 3665 3023 te-

2033 3050 2219 3105 stibus
2278 3051 2674 3106 infelicissima
2706 3052 2814 3107 fuit
2857 3071 2869 3122 ;
2904 3070 2972 3108 ex
3011 3070 3123 3122 qua
3186 3070 3391 3124 nempe
3421 3055 3669 3124 turpiter

2032 3155 2233 3194 mense
2262 3139 2414 3194 Julio
2446 3156 2711 3195 reversus
2742 3145 2847 3205 est,
2883 3158 2948 3195 ac
2979 3143 3171 3197 furore
3204 3144 3451 3214 quodam
3486 3160 3670 3199 corre-

2040 3232 2198 3298 ptus,
2230 3226 2463 3282 saevitiae
2480 3226 2537 3280 in
2563 3228 2879 3283 monachos
2899 3245 2962 3283 ac
2986 3235 3319 3285 sanctarum
3343 3232 3669 3301 imaginum

2035 3316 2288 3373 cultores
2346 3314 2654 3386 tragoedias
2685 3315 2853 3369 edere
2883 3316 3076 3387 cmpit.
3108 3317 3320 3372 Eadem
3354 3318 3669 3373 indictione

2026 3405 2426 3476 juramentum
2458 3404 2527 3458 ab
2560 3402 2834 3457 omnibus
2867 3405 3115 3460 subditis
3151 3405 3403 3474 exegisse
3436 3407 3665 3473 dicitur,

2035 3510 2149 3565 quo
2180 3493 2608 3547 venerationem
2640 3491 2996 3563 imaginibus
3028 3493 3089 3548 in
3130 3498 3423 3565 posterum
3457 3511 3517 3549 se
3550 3512 3665 3549 non

2035 3581 2394 3637 exhibituros
2427 3596 2552 3636 esse
2584 3582 2956 3651 sponderent.
2988 3582 3161 3639 Porro
3194 3582 3314 3639 haec
3347 3583 3578 3655 singula
3609 3585 3668 3640 in

2035 3673 2193 3729 Actis
2224 3672 2435 3728 nostris
2476 3672 2739 3742 utrisque
2770 3672 3114 3744 reperimus.
3167 3674 3250 3728 Ibi
3301 3675 3409 3729 sub
3451 3691 3610 3731 num.
3638 3676 3671 3728 8

2036 3762 2158 3834 ipse
2204 3765 2601 3833 Copronymus
2658 3761 2797 3816 dicit
2853 3776 2914 3816 se
2971 3764 3265 3817 decretum
3300 3763 3505 3820 tulisse
3554 3780 3668 3836 quo

2036 3850 2318 3921 plectendi
2352 3856 2505 3918 sunt,
2539 3849 2874 3921 quicunque
2907 3850 3191 3923 imagines
3233 3861 3666 3908 venerarentur.

2036 3941 2175 3996 Dein
2208 3956 2369 3994 num.
2400 3941 2464 3993 10
2495 3939 2755 4012 arguitur
2785 3957 2817 3994 a
2847 3939 2904 3996 S.
2933 3942 3164 3997 Andrea
3193 3944 3340 4013 quod
3366 3943 3583 3999 bellum
3606 3943 3664 3998 in

2036 4031 2315 4086 Barbaros
2364 4030 2699 4101 ordinisque
2728 4028 2950 4101 politici
2982 4030 3545 4089 administrationem
3579 4050 3672 4089 ne-

2037 4117 2293 4188 glexerit,
2325 4135 2390 4173 ac
2429 4118 2746 4188 superbum
2788 4118 3049 4173 animum
3082 4120 3140 4174 in
3188 4119 3542 4176 Christianos
3573 4122 3673 4177 de-

2037 4209 2362 4261 monstrare
2420 4204 2707 4259 statuerit.
2750 4206 3029 4260 Praeterea
3078 4224 3239 4262 num.
3269 4208 3304 4261 6
3334 4213 3390 4263 et
3415 4211 3471 4278 7,
3524 4210 3667 4265 dum

2038 4294 2096 4349 S.
2145 4295 2401 4347 Andreas
2450 4291 2703 4364 primum
2745 4308 2941 4348 coram
2984 4293 3323 4364 imperatore
3381 4298 3674 4367 apparuit,

2036 4380 2356 4455 permultos
2388 4380 2610 4437 invenit
2648 4380 2958 4452 quaestioni
2993 4382 3305 4452 subjectos,
3344 4385 3539 4441 nervis
3568 4384 3678 4441 bu-

2036 4472 2190 4528 bulis
2220 4487 2423 4537 caasos,
2446 4470 2750 4527 oculorum
2775 4470 3085 4528 eﬂ‘ossione
3117 4473 3425 4542 cruciatos,
3451 4474 3679 4545 aliaque

288 4569 354 4619 ut
401 4562 785 4633 Theophanes
842 4559 1065 4628 scribit,
1099 4560 1336 4614 Andreas
1390 4559 1661 4631 Calybita:
1702 4560 1760 4615 in
1795 4559 1921 4615 Bla-
1951 4577 2007 4644 D
2032 4560 2234 4618 similia
2264 4575 2486 4632 passos,
2515 4576 2644 4631 quae
2669 4576 2699 4614 a
2721 4560 2950 4616 duobus
2974 4560 3261 4633 praedictis
3293 4563 3679 4635 scriptoribus

289 4651 541 4719 chernis,
582 4650 684 4705 sed
725 4648 874 4705 Petri
906 4647 1252 4721 Calybitain
1286 4648 1651 4715 Blachernis;
1686 4652 1741 4704 et
1771 4665 1923 4703 anno

291 4738 493 4795 mundi
545 4738 708 4808 6259,
754 4736 1096 4809 Copronymi
1128 4740 1320 4792 autem
1351 4739 1441 4805 27,
1475 4737 1817 4809 martyrium
1867 4737 1926 4792 in

291 4828 644 4901 quibusdam
678 4826 884 4886 simile.
919 4826 1020 4883 sed
1063 4826 1347 4882 diversam
1375 4831 1623 4883 mortem
1648 4831 1702 4882 et
1734 4826 1927 4898 sepul-

293 4923 484 4974 turam
517 4920 722 4972 nactus
753 4919 841 4971 est
870 4914 928 4970 S.
974 4916 1252 4985 Andreas,
1285 4915 1383 4987 qui
1418 4933 1452 4971 a
1476 4914 1782 4986 sepulturae
1803 4915 1928 4971 loco

291 5006 486 5061 dictus
509 5010 597 5061 est
615 5005 674 5059 in
697 5003 860 5060 Crisi.
885 5004 966 5059 De
984 5004 1151 5059 annis
1174 5021 1208 5060 a
1236 5004 1586 5073 TheOphane
1619 5004 1933 5075 assignatis

282 5094 638 5165 jamdudum
699 5092 1101 5148 Henschenius
1178 5093 1500 5147 adverterat
1556 5093 1628 5147 ab
1685 5092 1931 5165 imperio

360 5240 473 5308 (46)
502 5238 762 5308 Theoph.
795 5235 1125 5308 Chronogr._
1145 5235 1304 5308 _Edi_t_.
1337 5235 1544 5302 Bonn.,
1571 5238 1613 5290 t.
1640 5238 1682 5303 Ι,
1719 5253 1772 5306 p.
1803 5237 1929 5292 674.

286 5306 474 5436 21(147)
507 5314 569 5435 Ιέ]
601 5306 727 5435 zjus
758 5309 907 5372 Vita,
940 5311 982 5360 t.
1029 5306 1078 5359 ΙΙ
1109 5306 1318 5371 Martii,
1351 5322 1406 5375 ρ,
1440 5308 1566 5373 220,
1599 5323 1656 5363 n.
1688 5308 1753 5362 14
1783 5313 1924 5380 etp.

402 5423 415 5436 .
449 5399 521 5436 no
559 5422 571 5436 .
642 5423 655 5436 .

332 5386 415 5436 17.
449 5387 571 5436 not.
604 5386 655 5436 k.

361 5454 476 5523 (48)
508 5453 643 5508 Loc.
672 5450 800 5523 cit.,
833 5450 970 5523 p13.

363 5518 475 5589 (49)
509 5525 575 5578 Τ.
607 5522 686 5579 Ill
718 5518 926 5586 Martii,
960 5537 1016 5588 p.
1048 5534 1165 5573 vm.
1200 5534 1260 5576 n.
1294 5518 1378 5576 17.

385 5596 476 5664 50)
511 5596 681 5665 lbid.,
717 5611 774 5665 p.
808 5608 885 5662 ιι,
928 5610 984 5649 n.
1022 5590 1105 5645 18.

389 5665 479 5734 51)
514 5664 683 5731 Ibid.,
716 5664 770 5736 ρ.
805 5679 839 5718 ι.

2039 4653 2173 4706 ante
2220 4648 2588 4704 indictionem
2640 4653 2909 4719 quartam
2944 4664 3235 4719 nusquam
3281 4656 3676 4719 recensentur,

2036 4739 2136 4794 sed
2169 4753 2236 4793 ea
2258 4736 2571 4792 indictione
2599 4736 2804 4793 iisdem
2828 4752 2972 4808 pene
2994 4738 3184 4793 verbis
3204 4738 3491 4808 descripta
3512 4742 3679 4809 sunt,

2038 4826 2122 4882 uti
2153 4830 2208 4883 et
2236 4826 2512 4896 deinceps
2548 4824 2764 4897 pluries
2795 4825 2926 4897 (56).
2961 4825 3042 4880 Ex
3062 4825 3151 4880 his
3183 4825 3362 4897 igitur
3390 4832 3543 4882 recte
3564 4830 3677 4882 sta-

2038 4915 2264 4970 tuimus
2294 4919 2428 4970 ante
2454 4914 2835 4969 indictionem
2869 4913 3029 4969 illam
3058 4913 3139 4982 id,
3173 4918 3259 4970 est
3289 4921 3421 4970 ante
3450 4931 3676 4971 annum

2037 5005 2145 5059 766
2176 5005 2233 5059 S.
2267 5005 2510 5059 Andreae
2544 5004 2883 5075 martyrium
2913 5019 3027 5057 non
3060 5003 3389 5073 contigisse.

2114 5094 2200 5149 19.
2231 5093 2389 5149 Alter
2446 5091 2677 5160 modus,
2712 5107 2823 5163 quo
2855 5091 3113 5163 pressius
3163 5107 3377 5148 annum
3409 5093 3679 5166 martyrii

2112 5235 2221 5307 (52)
2250 5234 2621 5307 Theophanis
2645 5234 3121 5307 Chronographia
3146 5250 3212 5291 ex
3237 5238 3568 5295 recensione
3586 5242 3671 5297 Jo.

2040 5305 2318 5362 Classeni.
2351 5306 2561 5361 Bonna:
2597 5307 2753 5360 1839.

2110 5378 2224 5451 (53)
2253 5381 2354 5451 A_rt
2384 5377 2642 5451 devérif.
2674 5377 2758 5451 les
2780 5378 3124 5451 dates,édit.
3158 5379 3316 5445 1783,
3348 5383 3389 5435 t.
3420 5381 3467 5448 Ι,
3498 5384 3669 5451 p.66.
3712 5400 3715 5403 '

2112 5446 2257 5522 (54)_
2285 5448 2345 5503 S.
2406 5446 2711 5522 Nicephori
2769 5452 2922 5504 Patr.
2972 5449 3133 5522 Cpol.
3182 5446 3539 5521 Breviaru‘m,
3562 5463 3670 5510 etc.

2042 5518 2435 5592 Edit.»B_onn.,
2465 5534 2525 5592 p.
2551 5519 2619 5572 77
2651 5527 2704 5592 et
2735 5535 2900 5592 seqq.

2113 5590 2228 5662 (55)
2262 5589 2392 5662 bac.
2426 5590 2550 5662 cit.,
2585 5601 2623 5644 ι.
2659 5591 2701 5657 1,
2736 5608 2793 5662 p.
2817 5589 2949 5646 691.

2116 5660 2229 5733 (56)
2260 5659 2621 5733 Theophan.,
2648 5665 2687 5718 t.
2721 5659 2765 5730 I',
2788 5679 2845 5736 p.
2868 5662 2973 5719 677
3003 5666 3059 5718 et
3087 5678 3251 5735 seqq.
