4142 6248
488 282 640 342 1095

1833 265 2109 329 MENSIS
2155 263 2537 333 OCTOBER.

3735 265 3900 327 1096

476 445 531 499 S.
569 440 805 497 Andreae
837 435 1303 494 determinamus
1334 432 1427 489 hic
1451 435 1539 489 est
1577 448 1589 486 :
1624 429 2006 502 TheOphanes
2040 427 2107 483 ad
2148 424 2657 492 AGrammaticus
2706 424 2939 493 Suidas,
2972 423 3214 481 tradunt
3270 424 3341 481 ad
3377 425 3584 483 Divum
3620 426 3898 484 Maman-

480 547 695 588 annum
729 528 868 583 6259
898 542 1024 582 serae
1047 524 1375 592 mundanas,
1404 527 1468 576 ut
1500 521 1721 576 dictum
1747 523 1837 575 est
1868 533 2031 573 num.
2058 516 2123 570 14

483 626 542 678 et
572 622 659 688 17,
720 615 1059 686 martyrium
1094 614 1152 667 S.
1187 610 1339 666 Petri
1380 610 1588 681 stylitze
1619 625 1750 663 cum
1782 609 1839 663 S.
1895 607 2124 661 Andrea

484 706 844 771 commutati,
879 705 1331 759 commemorat:
1367 701 1463 755 sed
1493 700 1565 755 ad
1597 699 1867 755 eumdem
1901 712 2120 752 annum

486 797 661 853 etiam
703 793 1081 850 indictionem
1133 788 1406 859 signavit,
1442 789 1595 857 quod
1637 786 1773 843 satis
1799 786 2131 856 frequenter

483 885 712 956 quidem
746 882 905 946 facit,
941 896 1057 935 non
1087 886 1277 933 tamen
1302 876 1537 947 ubique.
1570 877 1808 941 Quando
1836 879 2025 929 autem
2061 872 2116 926 id

483 974 640 1039 facit,
674 970 884 1040 Pagius
914 967 1129 1038 aliique
1155 964 1489 1036 gravissimi
1522 964 1829 1035 scriptores
1872 979 1984 1016 non
2016 962 2120 1015 du-

486 1062 673 1116 bitant
700 1058 1078 1115 indictionem
1115 1071 1225 1124 pra
1267 1071 1379 1109 aera
1410 1052 1773 1108 Antiochena
1803 1050 2124 1115 admittere,

486 1166 593 1219 qua
640 1146 1019 1216 Theophanes
1053 1143 1254 1210 utitur,
1290 1142 1427 1196 licet
1481 1141 1817 1211 proﬁteatur
1843 1154 1906 1194 se
1954 1154 2122 1192 ieram

481 1238 621 1295 Julii
648 1236 902 1291 Africani
924 1232 1198 1289 adhibere
1221 1230 1358 1301 (57).
1385 1229 1526 1285 Mihi
1544 1234 1736 1284 tamen
1760 1232 2125 1299 compertum

483 1331 572 1383 est
602 1341 774 1381 seram
806 1321 1111 1393 aliquoties
1137 1324 1287 1375 recte
1320 1317 1580 1389 proferri,
1614 1334 1746 1372 cum
1769 1331 2006 1371 erronea
2037 1314 2127 1370 in—

480 1414 755 1478 dictione,
790 1411 1037 1482 exempli
1069 1425 1245 1466 causa
1278 1409 1345 1463 ad
1382 1423 1475 1462 an.
1520 1407 1684 1474 6253,
1719 1410 1780 1461 ut
1808 1422 1876 1460 ex
1900 1405 2127 1475 adjecta

480 1502 711 1571 eclipsis
743 1501 1098 1557 indicatione
1154 1497 1536 1553 manifestum
1571 1500 1679 1552 est.
1717 1495 1881 1550 Patet
1912 1492 2122 1549 nihilo-

482 1591 671 1646 minus
703 1598 851 1645 recte
876 1588 1087 1659 egisse,
1120 1586 1220 1657 qui
1247 1584 1601 1641 indictiones
1633 1582 1950 1638 universim
1985 1598 2123 1651 prte-

478 1679 759 1735 tulerunt.
792 1677 876 1731 Ad
918 1676 1071 1730 hunc
1108 1674 1287 1747 igitur
1319 1690 1538 1729 annum
1570 1673 1711 1727 6259
1740 1670 2119 1743 Theophanes

480 1765 859 1822 indictionem
915 1763 1109 1834 signat
1166 1761 1258 1817 his
1299 1760 1487 1816 verbis
1545 1760 1655 1831 (58)
1705 1776 1717 1814 :

482 1854 699 1911 mensis
756 1852 1023 1907 Octobris
1081 1850 1173 1905 die
1225 1854 1407 1916 sexto,
1440 1848 1757 1904 indictione
1808 1851 1970 1904 sexta
2006 1853 2117 1903 etc.

476 1942 694 1997 Verum
727 1940 850 1995 hinc
881 1938 1122 1993 indictio
1154 1953 1284 1992 cum
1316 1953 1468 1993 anno
1484 1936 1625 1992 6259
1654 1953 1778 1991 aerea
1810 1936 2119 1991 mundanae

484 2047 597 2085 non
643 2028 972 2095 concordat,
1005 2042 1139 2081 cum
1165 2042 1228 2080 ex
1253 2026 1447 2097 regula
1478 2026 1537 2081 S.
1571 2023 1804 2080 Maximi
1834 2026 1968 2096 (59),
1996 2042 2122 2079 ieris

490 2118 760 2174 addenda
782 2116 859 2171 sit
887 2115 1100 2184 unitas,
1134 2115 1266 2170 dein
1291 2113 1573 2169 divisione
1604 2114 1882 2169 instituta
1912 2129 2010 2184 per
2036 2114 2122 2179 15,

481 2208 633 2279 quod
694 2205 983 2277 reliquum
1034 2209 1140 2272 est,
1186 2204 1567 2259 indictionem
1628 2204 1854 2259 efﬁcere
1895 2203 2123 2258 debeat.

484 2300 660 2354 Porro
686 2295 792 2350 hac
812 2293 1080 2349 methodo
1102 2292 1197 2347 hic
1218 2309 1328 2348 non
1351 2309 1468 2360 sex,
1493 2293 1592 2348 sed
1617 2292 1881 2363 quinque
1902 2296 2127 2347 tantum

482 2384 849 2442 obtinemus.
882 2381 1269 2437 Nihilominus
1300 2380 1675 2436 indictionem
1711 2380 1803 2436 hic
1845 2384 1997 2436 recte
2028 2381 2132 2436 ad-

486 2473 689 2540 scribi,
740 2470 959 2543 duplici
995 2471 1090 2525 via
1124 2470 1410 2525 firmatur.
1439 2470 1647 2539 Primo,
1680 2469 2131 2541 quiaTheopha-

492 2578 595 2618 nes
654 2562 726 2617 ad
783 2575 1000 2615 annum
1064 2564 1424 2629 sequentem,
1476 2558 1789 2613 indictione
1860 2558 2128 2628 septima,

495 2650 704 2705 scribit
734 2648 887 2704 diem
930 2665 947 2701 1
977 2646 1192 2718 Aprilis
1222 2646 1401 2701 fuisse
1431 2645 1583 2702 diem
1616 2646 1854 2701 Sabbati
1890 2646 1996 2716 (60)
2024 2662 2037 2711 ;
2062 2662 2131 2701 ex

500 2754 616 2810 quo
656 2738 1032 2793 manifestum
1074 2741 1181 2802 est,
1225 2734 1590 2791 indictionem
1629 2734 1790 2789 illam
1822 2734 2130 2805 septimam

497 2833 654 2883 recte
684 2825 937 2882 adscribi
964 2843 978 2893 ;
1001 2840 1136 2896 ergo
1158 2828 1213 2878 et
1243 2825 1313 2879 ad
1342 2824 1757 2894 praecedentem
1789 2828 1941 2879 recte
1970 2826 2131 2878 sexta

493 2916 788 2987 adscripta
817 2920 927 2971 est.
952 2916 1231 2970 Praeterea
1251 2915 1320 2969 ad
1341 2914 1489 2969 hanc
1511 2913 1881 2968 indictionem
1907 2918 2127 2968 sextam

495 3006 690 3077 signat
717 3005 1096 3075 Theophanes
1121 3020 1339 3059 annum
1367 3003 1614 3075 primum
1638 3003 1912 3074 Stephani
1946 3020 2128 3075 papa,

2238 516 2355 569 tem
2388 522 2616 585 pontem
2668 512 2849 569 fuisse
2900 512 3207 569 duodecim
3260 513 3582 571 fornicibus
3624 520 3902 571 constan-

2239 606 2357 657 tem
2387 618 2399 658 :
2435 602 2628 658 multae
2678 602 2833 658 enim
2882 618 3043 673 aqua;
3093 618 3159 658 eo
3191 602 3547 660 deﬂuebant.
3580 605 3895 675 Theopha-

2241 706 2343 746 nes
2401 690 2595 763 igitur,
2631 708 2762 746 cum
2805 692 2876 746 de
2918 690 3138 746 ﬂuento
3170 690 3555 748 determinato
3586 692 3893 765 loquatur,

2239 785 2303 834 ut
2334 784 2489 851 patet
2527 796 2595 834 ex
2635 780 2858 850 adjecto
2908 779 3154 835 articulo
3185 782 3284 850 τῷ,
3314 781 3421 837 has
3459 798 3641 853 aquas
3672 782 3748 837 ad
3792 783 3892 838 Di-

2237 886 2373 924 vum
2405 870 2755 925 Mamantem
2789 868 3053 940 designat
3090 885 3103 937 ;
3149 868 3261 923 nisi
3303 870 3447 927 forte
3485 871 3683 926 sinum
3716 873 3891 928 Cera-

2238 959 2447 1023 tinum,
2482 959 2581 1029 qui
2614 976 2681 1014 ex
2719 963 2972 1029 Bosporo
3019 975 3227 1016 versus
3268 958 3642 1016 Occidentem
3668 977 3733 1017 se
3762 978 3889 1033 por-

2237 1047 2391 1118 rigit,
2425 1047 2669 1103 voluerit
2717 1048 3066 1119 significare.
3130 1048 3217 1103 Ita
3246 1048 3604 1106 intellexisse
3634 1050 3890 1106 Goarius

2235 1135 2481 1203 videtur,
2531 1135 2631 1207 qui
2689 1137 2859 1191 vertit
2916 1136 3195 1192 ﬂuentum
3257 1138 3437 1194 maris
3486 1139 3595 1209 (63)
3631 1157 3643 1192 :
3680 1156 3886 1194 verum

2236 1223 2407 1295 ῥεῦμα
2439 1225 2509 1278 de
2540 1225 2730 1280 ﬂuviis
2771 1241 3093 1297 eorumque
3126 1226 3344 1298 impetu
3396 1227 3630 1296 dicitur,
3664 1246 3782 1283 non
3818 1230 3889 1284 de

2235 1313 2365 1369 sinu
2416 1313 2637 1382 maris;
2690 1330 2880 1386 neque
2922 1314 3119 1381 etiam,
3162 1315 3211 1369 si
3271 1315 3425 1371 sinui
3456 1316 3725 1373 Ceratino
3773 1317 3884 1372 hoc

2234 1417 2445 1459 nomen
2494 1403 2647 1470 apud
2694 1403 3042 1475 Byzantinos
3092 1403 3407 1473 scriptores
3452 1405 3787 1477 obtigisset,
3823 1407 3879 1461 id

2233 1491 2817 1563 Gyllium,Cangium
2878 1492 3012 1562 (64),
3046 1490 3307 1563 aliosque
3376 1493 3638 1565 fugisset.
3702 1495 3885 1551 Porro

2231 1580 2397 1635 docet
2427 1580 2673 1650 Gyllius,
2706 1580 2991 1651 templum
3038 1584 3093 1635 et
3132 1580 3350 1636 circum
3387 1582 3509 1637 Divi
3544 1582 3886 1651 Mamantis,

2230 1670 2312 1724 uti
2346 1674 2403 1725 et
2459 1668 2743 1741 palatium
2791 1670 2861 1725 ab
2903 1686 2968 1725 eo
3000 1669 3241 1736 dictum,
3278 1670 3387 1725 sita
3442 1671 3627 1727 fuisse
3656 1672 3715 1727 in
3757 1673 3885 1728 Bla-

1777 1759 1893 1814 Hoc
1941 1775 2117 1829 anno,
2151 1758 2477 1855 Bchernis,
2523 1767 2681 1815 extra
2759 1775 2960 1815 muros
3020 1759 3272 1815 civitatis
3329 1760 3465 1829 (65).
3546 1761 3881 1816 Blachernae

2229 1846 2385 1901 enim
2409 1846 2630 1902 audivit
2657 1847 2851 1903 omnis
2882 1847 3061 1919 regio,
3085 1864 3209 1919 quae
3240 1848 3390 1903 inter
3420 1848 3698 1918 angulum
3734 1851 3884 1920 Cpo-

2228 1935 2300 1989 lis
2349 1936 2765 1991 occidentalem
2825 1941 2883 1991 et
2931 1936 3127 1991 sinum
3177 1936 3511 1992 Ceratinum
3555 1939 3731 2007 jacet,
3766 1956 3879 2009 quo

2230 2025 2360 2079 sinu
2419 2024 2617 2079 civitas
2673 2041 2705 2079 a
2760 2024 3161 2095 Septentrione
3202 2024 3496 2082 clauditur
3530 2043 3543 2092 ;
3578 2026 3671 2080 hic
3704 2027 3879 2082 etiam

2231 2112 2515 2167 decimam
2540 2117 2810 2183 quartam
2877 2112 3068 2184 Cpolis
3127 2113 3419 2183 regionem
3480 2114 3663 2170 fuisse
3721 2114 3877 2170 idem

2233 2200 2455 2271 Gyllius
2487 2200 2801 2257 constituit.
2844 2201 2925 2256 De
2954 2199 3097 2257 locis
3125 2201 3243 2256 illis
3282 2202 3448 2274 plura
3477 2202 3691 2258 videsis
3725 2205 3878 2274 apud

2234 2290 2693 2361 Papebrochium
2745 2290 2817 2345 ad
2860 2290 3013 2346 diem
3066 2307 3159 2346 xw
3207 2290 3343 2346 Maii
3399 2291 3512 2363 (66)
3545 2296 3601 2346 et
3642 2292 3697 2347 in
3740 2310 3881 2364 prae-

2234 2379 2393 2435 claro
2426 2395 2593 2448 opere
2624 2378 2822 2448 Cangii
2862 2380 3013 2450 quod
3057 2379 3251 2451 Cpolis
3300 2380 3627 2435 Christiana
3673 2382 3880 2437 inscri-

2236 2467 2390 2522 bitur
2419 2469 2552 2537 (67).

2302 2556 2389 2609 21.
2442 2556 2778 2626 Emporium
2831 2556 3112 2623 Leucadii,
3153 2558 3211 2612 in
3261 2574 3371 2629 quo
3421 2574 3644 2615 sorores
3672 2559 3731 2614 S.
3767 2561 3875 2615 Pe-

2236 2643 2304 2698 tri
2361 2643 2429 2698 de
2485 2643 2825 2699 Blachernis
2856 2644 2978 2714 ejus
3026 2660 3236 2716 corpus
3282 2645 3652 2715 sepelierunt,
3686 2647 3872 2703 diver-

2235 2749 2361 2787 sum
2397 2749 2510 2787 non
2541 2737 2628 2788 est
2659 2750 2689 2787 a
2720 2733 2844 2788 loco
2877 2750 3049 2804 quem
3097 2735 3403 2808 Dionysius
3432 2739 3783 2807 Byzantinus
3812 2739 3869 2795 in

2235 2820 2452 2893 Anaplo
2485 2822 2723 2893 Bospori
2761 2823 2874 2894 (68)
2921 2824 3234 2895 Lycadium
3285 2828 3747 2895 promontorium
3782 2830 3868 2882 di-

2235 2911 2334 2978 cit,
2368 2918 2598 2982 eratque
2639 2911 2696 2965 in
2748 2913 2939 2968 littore
2983 2913 3248 2968 orientali
3280 2914 3544 2986 Bospori,
3577 2933 3690 2971 non
3737 2934 3861 2986 pro-

2235 2998 2325 3054 cul
2366 3016 2398 3054 a
2428 2999 2759 3072 Chrysopoli
2790 3002 2992 3057 situm.
3023 3002 3260 3057 Constat
3290 3003 3343 3056 id
3380 3003 3587 3058 iterum
3611 3021 3675 3059 ex
3704 3006 3860 3059 Chro—

491 3094 654 3164 atqui
705 3110 905 3163 reapse
934 3092 1264 3164 Stephanus
1289 3091 1527 3157 Ill,bzec
1557 3092 1891 3158 indictione,
1926 3108 2125 3148 mense
2156 3135 2203 3167 Γ,
2237 3081 2383 3143 uicis
2416 3088 2717 3157 Symeonis
2748 3088 3002 3159 Magistri
3033 3091 3169 3161 (69),
3202 3092 3429 3163 Georgii
3465 3094 3737 3150 monachi
3760 3095 3865 3167 (70)

2156 3135 2206 3202 G

492 3186 757 3254 Augusto
790 3182 1000 3239 electus
1050 3186 1138 3237 est
1186 3182 1320 3253 (61).
1364 3182 1456 3237 Sic
1515 3181 1777 3237 stabilita
1806 3182 2124 3237 indictione
2157 3177 2206 3202 υ
2237 3182 2293 3233 et
2322 3177 2737 3232 continuatoris
2770 3179 3044 3249 anonymi
3095 3180 3465 3251 Theophanis
3497 3182 3629 3253 (71).
3662 3186 3874 3253 Empo-

493 3288 608 3341 qua
639 3287 845 3341 passus
876 3275 963 3326 est
995 3272 1053 3326 S.
1104 3271 1365 3326 Andreas
1405 3270 1462 3325 in
1495 3270 1633 3325 Crisi
1669 3288 1769 3342 pro
1801 3286 1914 3341 quo
1941 3270 2124 3325 Theo-

493 3359 713 3430 phanes
747 3359 973 3415 Petrum
1000 3360 1069 3414 de
1101 3359 1437 3416 Blachernis
1478 3360 1641 3424 dixit,
1672 3358 1837 3414 facile
1868 3358 1989 3428 ipse
2022 3374 2125 3412 an-

490 3464 601 3502 nus
641 3449 884 3505 eruitur.
944 3449 1170 3503 Etenim
1222 3449 1280 3503 in
1329 3448 1484 3504 Actis
1543 3446 1757 3503 nostris
1807 3446 2121 3518 prioribus,

489 3536 835 3605 martyrium
885 3535 1200 3606 contigisse
1229 3534 1439 3590 dicitur
1486 3535 1576 3589 die
1634 3552 1706 3589 xx
1737 3534 2023 3604 Octobris,
2056 3550 2123 3590 ex

488 3640 600 3694 quo
634 3623 820 3694 palam
856 3624 917 3677 fit
948 3623 1095 3678 illud
1127 3641 1279 3679 anno
1308 3626 1413 3678 767
1444 3624 1800 3695 afﬁgendum
1834 3639 1979 3679 esse.

557 3712 645 3766 20.
694 3714 893 3767 Annus
942 3711 1196 3781 martyrii
1230 3712 1288 3765 S.
1321 3713 1559 3765 Andreae
1599 3712 1658 3765 in
1708 3712 1853 3766 Crisi
1896 3728 2006 3766 uno
2039 3716 2121 3767 te-

488 3815 625 3856 nore
668 3815 796 3854 cum
857 3799 953 3853 illo
986 3815 1099 3869 quo
1148 3815 1353 3866 passus
1409 3802 1497 3853 est
1550 3801 1607 3855 S.
1670 3799 1870 3855 Petrus
1900 3800 1970 3855 de
2002 3800 2121 3856 Bla-

485 3888 736 3955 chernis,
770 3886 1214 3943 constituendus
1271 3888 1399 3955 fuit,
1432 3886 1566 3941 licet
1597 3887 1877 3943 nonnulla
1915 3889 1985 3943 de
2017 3906 2119 3960 po-

486 3975 724 4031 steriore
780 3980 979 4030 sancto
1036 3975 1279 4029 dicenda
1330 3974 1645 4046 supersint.
1705 3976 1924 4047 Corpus
1965 3977 2115 4047 ejus,

483 4070 790 4134 postquam
848 4064 907 4117 in
939 4063 1091 4118 circo
1130 4062 1252 4117 Divi
1289 4063 1601 4118 Mamantis
1632 4063 1829 4135 ﬂagris
1876 4063 2113 4120 interfe-

483 4157 609 4208 ctus
657 4158 764 4222 est,
809 4152 1231 4224 projiciendum
1278 4157 1401 4208 erat
1457 4151 1517 4207 in
1574 4152 1856 4208 ﬂuentum
1915 4153 2118 4225 (supra

483 4258 644 4297 num.
680 4243 743 4296 14
785 4242 969 4315 seqq.)
1000 4239 1050 4296 ἐν
1090 4245 1167 4313 τῷ
1212 4239 1458 4315 ῥεύματι,
1492 4246 1554 4297 ut
1609 4242 1990 4315 Theophanes
2030 4242 2116 4299 lo-

485 4331 702 4397 quitur,
736 4331 835 4385 sed
885 4332 1012 4400 ejus
1045 4347 1274 4386 sorores
1305 4331 1498 4401 ipsum
1529 4331 1853 4398 efferentes,
1884 4332 1942 4386 in
1969 4335 2115 4387 Leu-

482 4418 657 4473 cadiae
698 4418 953 4490 emporio
984 4418 1295 4488 sepulturae
1329 4418 1701 4474 mandarunt.
1746 4418 2112 4484 Qualeluerit

480 4506 633 4562 istud
688 4506 995 4571 ﬂuentum,
1054 4503 1218 4559 facile
1270 4503 1564 4575 colligitur
1594 4520 1660 4560 ex
1714 4506 2116 4578 Topographia

478 4596 778 4666 Cpolitana
834 4595 984 4650 Petri
1043 4591 1235 4665 Gyllii,
1269 4592 1421 4663 apud
1461 4609 1634 4664 quem
1665 4593 1765 4649 lib.
1798 4611 1855 4651 1v
1885 4610 2008 4665 cap.
2056 4613 2113 4651 v1

480 4684 601 4741 haec
641 4683 913 4757 leguntur
942 4683 1055 4756 (62)
1089 4701 1103 4751 ;
1137 4684 1257 4739 Non
1289 4682 1550 4738 historici
1576 4685 1774 4754 modo,
1805 4686 1901 4741 sed
1934 4686 2110 4742 etiam

549 4832 663 4904 (57)
693 4831 971 4904 Petavius,
1006 4832 1083 4887 De
1112 4831 1373 4887 doctrina
1403 4836 1748 4901 temporum,
1779 4833 1863 4888 Ad
1913 4842 2111 4888 aucta-

479 4903 655 4969 rium,
687 4908 819 4970 etc.,
862 4903 961 4976 lib.
1002 4918 1138 4976 vin,
1158 4919 1282 4974 cap.
1308 4920 1325 4957 1
1353 4908 1554 4976 >et_1v.,
1590 4908 1631 4959 t.
1683 4905 1780 4973 III,
1817 4922 1871 4976 p.
1924 4906 2026 4960 153
2055 4909 2113 4962 et

481 4976 564 5032 15.
590 4976 741 5047 Edit.
774 4975 1087 5047 Andwerp.
1124 4974 1612 5047 (Amstelodam)

546 5048 657 5116 (58)
680 5045 966 5117 Theoph.,
1001 5044 1108 5117 loc.
1141 5044 1262 5116 cit.,
1295 5061 1351 5115 p.
1381 5045 1508 5099 681.

545 5118 661 5188 (59)
690 5116 975 5189 Petavius,
998 5116 1112 5189 loc.
1152 5116 1271 5189 cit.,
1303 5131 1504 5189 cap._v,
1538 5134 1595 5189 p.
1632 5118 1754 5173 161.

568 5186 657 5259 60)
686 5188 966 5258 Theoph.,
997 5186 1105 5242 loc.
1140 5187 1262 5253 cit.,
1292 5203 1347 5259 p.
1380 5186 1506 5259 686.

569 5256 661 5329 61⁷)
693 5256 975 5314 Baronius
1004 5263 1060 5314 et
1092 5256 1423 5329 Pagius',ad
1446 5273 1540 5314 an.
1570 5256 1697 5325 768,
1722 5273 1901 5329 num.
1921 5258 1962 5312 Ι.

476 5327 665 5452 31(ἐξ)
695 5329 942 5385 Gronovi
982 5327 1267 5401 Antiquit.
1318 5328 1520 5398 Graec.,
1552 5330 1595 5383 t.
1628 5328 1717 5397 VI,
1741 5327 1851 5385 col.
1883 5328 2024 5382 3323
2054 5334 2107 5384 et

547 5469 659 5538 (63)
691 5467 977 5536 Theoph.,
1000 5470 1106 5524 loc.
1142 5470 1260 5537 cit.,
1301 5472 1504 5535 p.667.

541 5536 651 5612 (64)
682 5540 797 5612 er.
823 5536 1392 5612 tamenfilossarium
1425 5543 1679 5596 Gracum
1707 5539 1779 5591 νο
1806 5536 1996 5612 ῥεῦμα.

541 5539 628 5603 (64
682 5540 797 5593 Cfr.
823 5542 1014 5592 tamen
1035 5540 1392 5596 Glossarium
1425 5558 1428 5585 ι

540 5539 651 5679 (65)
683 5610 744 5667 L.
780 5623 856 5675 c.,
888 5606 996 5664 col.
1018 5609 1160 5667 5322
1189 5615 1244 5667 et
1272 5624 1428 5681 seqq.

2238 3265 2307 3321 rii
2338 3272 2529 3320 autem
2564 3266 2817 3334 nomine,
2849 3268 2998 3338 quod
3033 3269 3171 3324 locis
3194 3270 3263 3324 ad
3299 3286 3455 3326 mare
3490 3271 3619 3326 sitis
3645 3274 3877 3343 potissi-

2236 3370 2392 3409 mum
2430 3354 2608 3409 tribui
2648 3359 2842 3411 notum
2876 3360 2981 3424 est,
3019 3358 3469 3431 nonimproprie
3501 3360 3593 3417 hic
3634 3360 3877 3433 insigni-

2234 3450 2346 3498 tur.
2378 3445 2553 3499 Porro
2603 3443 2764 3499 locus
2811 3444 2962 3500 idem
2994 3448 3249 3514 omnino,
3286 3448 3577 3518 siquidem
3608 3449 3679 3504 ad
3715 3468 3877 3506 eum-

2231 3533 2363 3587 dem
2407 3550 2625 3588 annum
2659 3533 2874 3589 similia
2915 3534 3130 3605 ubique
3168 3537 3239 3590 de
3290 3554 3354 3592 eo
3387 3545 3807 3603 memorantur,
3842 3558 3875 3595 a

2227 3626 2509 3693 Symeonc
2541 3628 2597 3677 et
2635 3623 2855 3679 Joanne
2885 3623 3127 3695 Scylitza
3168 3626 3503 3681 Leucatium
3537 3628 3699 3682 audit
3732 3629 3869 3700 (72),

2230 3728 2262 3767 a
2293 3713 2516 3767 caeteris
2547 3728 2679 3767 vero
2704 3712 2975 3767 Leucates
3001 3730 3015 3780 ;
3050 3714 3425 3784 quamobrem
3463 3716 3766 3772 manifeste
3798 3718 3869 3774 de

2228 3816 2293 3855 eo
2317 3802 2408 3872 agi
2450 3802 2696 3868 videtur,
2728 3803 2799 3857 ad
2834 3802 2989 3858 diem
3020 3820 3157 3859 xxm
3186 3803 3346 3869 Julii,
3380 3805 3477 3860 ubi
3510 3806 3579 3860 de
3608 3806 3662 3860 S.
3699 3811 3869 3864 Anna

2226 3884 2276 3941 ἐν
2328 3892 2405 3959 τῷ
2459 3890 2702 3964 Λεύκατῃ
2764 3891 2962 3946 Pinius
3014 3898 3212 3948 noster
3267 3894 3500 3949 disserit
3556 3895 3685 3963 (73).
3722 3895 3866 3951 Pro-

2226 3979 2579 4034 montorium
2628 3980 2783 4035 enim
2842 3984 3119 4037 Leucates
3177 3982 3261 4036 vel
3314 3983 3627 4039 Leucactas
3685 4001 3864 4056 prope

2224 4067 2615 4122 Nicomediam
2650 4068 2706 4123 in
2727 4068 3015 4141 Bithynia,
3045 4074 3107 4125 ut
3126 4075 3330 4125 caetera
3355 4072 3602 4139 mittam,
3626 4071 3863 4143 longius

2227 4173 2258 4211 a
2307 4156 2466 4223 Cpoli
2516 4157 2786 4212 dissitum
2820 4159 2952 4224 fuit,
2991 4176 3163 4230 quam
3198 4164 3261 4215 ut
3318 4160 3453 4215 illuc
3485 4160 3543 4215 S.
3576 4163 3743 4217 Anna
3788 4164 3861 4218 ad

2224 4245 2627 4314 imperatorem
2669 4246 2945 4303 Basilium
2997 4248 3395 4316 Macedonem,
3431 4266 3464 4303 a
3502 4266 3614 4320 quo
3647 4251 3864 4306 dicitur

2226 4332 2282 4386 in
2316 4349 2591 4403 sponsam
2624 4333 3005 4406 expostulata,
3032 4352 3092 4391 se
3115 4338 3417 4391 conferret.
3452 4336 3629 4392 Nobis
3661 4344 3859 4393 autem

2233 4438 2346 4475 non
2387 4422 2591 4478 inutile
2622 4424 2807 4479 visum
2839 4429 2950 4492 est,
2982 4426 3158 4480 situm
3193 4427 3447 4497 Emporii
3479 4426 3659 4492 illius,
3693 4429 3860 4496 cujus

2229 4510 2559 4582 frequenter
2596 4513 2887 4584 Byzantini
2914 4513 3224 4584 scriptores
3256 4515 3591 4580 meminere,
3624 4514 3718 4569 hic
3765 4532 3857 4569 ac-

2222 4604 2420 4654 curate
2462 4600 2784 4671 assignare.
2814 4600 3101 4657 Addimus
3131 4602 3348 4672 solum,
3380 4602 3439 4657 in
3474 4608 3753 4675 quantum
3784 4619 3847 4656 ex

2221 4686 2422 4761 Gyllio,
2459 4688 2669 4759 Cangio
2701 4690 2756 4743 et
2785 4688 3009 4743 erudito
3039 4692 3369 4762 geographo
3398 4689 3837 4757 Hammers(7-1),

2290 4836 2402 4905 (66)
2432 4837 2498 4890 T.
2535 4835 2608 4891 IlI
2638 4836 2788 4903 Maii,
2825 4854 2883 4907 p.
2912 4840 3043 4894 625.

2290 4907 2670 5032 ()67)ll;ibi.61v,
2704 4926 2757 4979 p.
2791 4910 2882 4978 83,
2929 4927 2985 4966 n.
3018 4912 3074 4979 6,
3106 4916 3164 4967 et
3211 4928 3267 4984 p.
3321 4913 3443 4981 174,
3478 4929 3534 4968 n.
3566 4914 3638 4983 3;
3679 4913 3783 4970 lib.
3815 4931 3854 4981 ι,

2217 4993 2605 5175 Ξέζέδέἰᾷρῖιοά
2662 5050 2932 5121 Gronov.,
2965 5051 3075 5109 loc.
3135 5054 3264 5124 cit.,
3322 5054 3431 5113 col.
3482 5056 3618 5111 3201
3670 5055 3732 5112 d.
3800 5059 3862 5113 et

2287 5192 2399 5266 (69)
2432 5192 2534 5266 Ed.
2569 5192 2775 5266 130nm,
2810 5211 2865 5266 p.
2904 5195 3032 5249 721.

2287 5263 2397 5337 (70)
2432 5263 2534 5337 Ed.
2568 5263 2775 5337 Bona,
2805 5263 2859 5337 p.
2893 5267 3017 5322 877.

2288 5332 2401 5475 (71⁷)
2434 5333 2532 5388 Ed.
2566 5332 2771 5404 Bonn.,
2805 5332 2859 5408 ᾖ.
2892 5338 3014 5392 384.

2307 5406 2397 5475 72)
2427 5404 2680 5475 Cangius
2709 5405 2767 5463 in
2813 5408 2965 5465 notis
2994 5426 3014 5465 ε

2215 5404 2397 5545 p(382)
2427 5404 2680 5476 Cangius
2709 5405 2767 5463 in
2807 5404 2965 5465 notis
2994 5408 3065 5465 ad
3105 5413 3310 5471 Zonar.
3343 5412 3446 5469 Ed.
3479 5412 3663 5469 Paris.
3698 5416 3743 5469 t.
3780 5414 3857 5480 II,

2286 5546 2399 5619 (73)
2428 5546 2489 5619 '_r_.
2526 5550 2570 5601 v
2600 5547 2764 5619 Julii,
2799 5566 2854 5619 p.
2886 5552 3009 5605 486.

2290 5566 2399 5616 (ID)
2436 5566 2489 5600 1.
2533 5566 2563 5601 ν
2600 5566 2764 5619 dum,
2840 5593 2854 5607 .
2886 5566 3009 5605 acu.

2290 5617 2401 5688 (74)
2433 5615 2759 5678 Hammers.
2792 5566 3005 5693 Epolis.
3032 5622 3226 5683 Pesth.
3262 5625 3417 5693 1822,
3452 5642 3505 5698 p.
3533 5625 3663 5683 298.
