4142 6248
329 330 480 392 1097

1509 331 1692 394 VlTA
1738 329 1797 392 S.
1844 332 2194 394 ANDRE/E
2235 336 2313 396 IN
2359 337 2586 401 CRISI.

3561 350 3718 412 1098

322 508 444 548 rem
477 489 709 562 assequi
741 489 1066 580 potuimus,
1099 489 1503 547 collocandum
1535 489 1680 547 illud
1732 507 1856 548 esse
1901 492 1959 548 in
1990 491 2228 562 AJulii,
2253 511 2428 567 anno,
2463 501 2523 553 ut
2548 499 2795 570 videtur,
2825 503 2950 559 771.
2984 505 3228 578 Reliqua
3277 525 3407 580 quae
3441 510 3514 566 ad
3577 527 3712 569 eum

321 581 444 638 loco
505 581 604 652 qui
666 579 835 635 hodie
891 579 1139 635 Keurfus
1212 580 1445 649 dicitur,
1503 581 1771 652 jacetque
1818 583 1970 637 inter

322 668 667 726 Kandlische
716 672 771 724 et
820 667 1068 737 Anatoli,
1100 671 1158 722 et
1185 667 1416 724 duabus
1467 669 1584 725 fere
1630 668 1812 726 leucis
1859 669 1968 726 ho-

319 760 489 815 rariis
523 766 680 813 trans
710 757 1031 828 Bosporum
1063 773 1094 812 a
1125 756 1284 828 Cpoli
1317 756 1512 813 distat.

388 850 479 906 22.
533 849 608 903 De
655 847 710 902 S.
769 847 991 902 Joanne
1048 845 1314 918 praefecto
1373 847 1710 902 monasterii
1770 850 1962 904 Mona-

319 938 477 1012 grize,
511 937 608 1008 qui
641 941 900 1004 tempore
943 934 1364 1003 persecutionis
1398 935 1870 1008 Copronymianae
1901 937 1962 993 in

320 1043 487 1084 sacco
517 1025 804 1092 inclusus,
838 1024 896 1078 in
932 1041 1091 1079 mare
1142 1024 1442 1080 demersus
1480 1029 1588 1093 est,
1633 1042 1817 1096 pauca
1853 1026 1961 1081 ha-

318 1117 416 1172 bet
446 1116 517 1171 ad
546 1114 698 1169 diem
739 1130 795 1168 1v
834 1112 995 1168 Junii
1036 1112 1439 1168 Henschenius
1483 1119 1680 1170 noster
1700 1117 1838 1186 (75),
1870 1131 1962 1171 ea-

321 1221 434 1277 que
465 1204 677 1258 iterum
709 1218 775 1257 ex
805 1202 1135 1272 Synaxariis
1166 1219 1199 1256 a
1231 1202 1518 1258 Chifﬂetio
1567 1204 1820 1274 acceptis
1865 1204 1962 1258 de-

320 1293 556 1367 promit.
587 1296 871 1349 Joannem
919 1289 1077 1346 hunc
1125 1291 1200 1345 ita
1241 1291 1495 1347 celebrat
1538 1293 1596 1347 S.
1630 1293 1962 1362 Stephanus

320 1385 380 1440 in
411 1397 641 1440 carcere
691 1381 967 1452 praetorii,
1003 1385 1314 1452 postquam
1346 1381 1417 1436 de
1447 1383 1506 1438 S.
1540 1385 1703 1437 Petro
1733 1383 1804 1439 de
1834 1383 1961 1438 Bla-

320 1472 552 1529 chernis
582 1471 758 1526 verba
805 1470 1063 1526 fecerat:
1099 1469 1402 1525 Imitemur
1430 1474 1484 1526 et
1515 1471 1614 1541 qui
1664 1485 1794 1526 eum
1835 1471 1960 1543 (Pe-

318 1560 499 1632 trum)
532 1562 768 1615 secutus
799 1561 903 1627 est,
933 1559 1213 1613 Joannem
1245 1558 1510 1613 divinum
1542 1558 1711 1613 illum
1747 1560 1958 1614 ammni

319 1648 656 1706 monasterii
708 1646 1020 1718 Monagrise
1070 1647 1430 1718 praefectum,
1462 1663 1634 1719 quem
1677 1652 1960 1719 tyrannus

317 1739 631 1812 imperator
653 1735 1102 1808 (Copronymus)
1125 1736 1420 1804 tyrannice
1451 1736 1957 1807 comprehensum,

2072 585 2437 654 spectant,in
2460 588 2617 642 Actis
2651 591 2867 646 nostris
2899 593 2968 647 ad
3001 593 3220 650 dictum
3253 597 3406 653 diem
3440 615 3715 670 quaeran-

2071 677 2183 728 tur.
2207 674 2320 729 Nos
2354 675 2448 731 hic
2480 676 2671 731 solum
2700 695 2732 733 a
2764 679 2941 736 Paulo
2973 697 3041 736 ex
3071 684 3258 754 Creta,
3290 686 3358 740 de
3391 703 3504 756 quo
3534 705 3712 759 supra

2073 778 2236 818 num.
2275 766 2332 818 11
2385 769 2442 819 et
2489 782 2674 837 scqq.,
2727 783 2855 822 eum
2911 770 3268 842 distinguere
3325 774 3708 846 intendimus,

2071 853 2205 909 dein
2240 852 2460 924 aliquid
2484 857 2555 909 de
2577 871 2728 910 anno
2757 859 3016 928 martyrii
3041 862 3407 918 emendatius
3432 866 3707 934 proferre.

2073 942 2337 996 Refertur
2367 942 2424 996 in
2458 943 2615 997 Actis
2661 944 2808 1013 ejus,
2846 946 2946 998 122
2977 948 3145 1003 annis
3188 955 3316 1019 post
3355 953 3707 1022 passionem,

2071 1031 2418 1086 revelatione
2450 1032 2596 1085 facta
2644 1033 2888 1088 Antonio
2921 1035 3140 1090 Caulezs
3173 1039 3513 1108 patriarchas
3564 1043 3712 1114 Cpo-

2071 1118 2270 1186 litano,
2304 1120 2431 1188 ejus
2476 1136 2709 1174 sacrum
2759 1137 2967 1191 corpus
3017 1123 3348 1181 honoriﬁca:
3393 1130 3707 1200 sepultura;

2072 1207 2232 1279 Cpoli
2265 1208 2320 1262 in
2349 1209 2700 1264 monasterio
2729 1211 2985 1277 Cajumae
3018 1215 3292 1270 traditum
3327 1216 3520 1285 fuisse,
3556 1221 3710 1276 unde

2072 1296 2215 1352 illud
2248 1296 2450 1352 Veneti
2489 1314 2641 1352 anno
2695 1299 2831 1352 1222
2879 1307 3225 1372 acceperunt
3254 1308 3310 1359 et
3339 1305 3480 1362 forte
3529 1325 3709 1379 usque

2071 1386 2129 1440 in
2180 1384 2517 1441 hodiernam
2561 1385 2711 1440 diem
2760 1394 3075 1443 asservant.
3110 1391 3584 1451 Demonstratum
3623 1406 3708 1453 est

2070 1479 2263 1530 autem
2324 1475 2394 1529 ab
2455 1474 2817 1531 Henschenio
2876 1478 3194 1535 Antonium
3269 1482 3536 1539 Cauleam
3591 1502 3709 1542 non

2070 1580 2222 1618 anno
2280 1563 2406 1632 888,
2458 1567 2519 1617 ut
2575 1567 2745 1619 antea
2803 1565 3169 1636 credebatur,
3207 1573 3300 1626 sed
3350 1572 3452 1626 893
3510 1575 3708 1631 sedere

2070 1653 2312 1722 coepisse
2370 1652 2522 1723 (81);
2565 1669 2632 1706 ex
2688 1671 2802 1723 quo
2857 1671 3118 1720 numero,
3151 1658 3199 1712 si
3253 1659 3354 1714 122
3402 1663 3708 1718 demantur

2069 1739 2290 1796 residui
2348 1744 2516 1795 erunt
2570 1741 2694 1796 771.
2755 1745 2969 1797 Verum
3035 1743 3235 1800 Pinius
3291 1750 3706 1806 correctionem

321 1827 480 1900 quod
526 1825 742 1881 Christi
799 1825 1046 1896 ejusque
1101 1824 1305 1880 Matris
1347 1824 1660 1895 imaginem
1712 1826 1959 1898 pedibus
1990 1827 2418 1906 BHenschenii
2465 1844 2636 1898 quam
2686 1829 2896 1901 Pagius
2942 1829 3154 1901 aliique
3205 1849 3408 1890 omnes
3457 1837 3706 1907 amplexi

321 1915 658 1973 conculcare
707 1919 996 1982 renuerat,
1051 1929 1218 1968 sacco
1270 1913 1527 1982 inclusit,
1579 1930 1831 1986 eumque
1886 1914 1958 1969 ad

320 2007 617 2078 ingentem
670 2001 924 2073 lapidem
974 2001 1280 2072 alligatum
1333 2002 1391 2056 in
1443 2001 1724 2072 profundo
1784 2002 1962 2058 maris

322 2091 667 2166 prrefocavit.
701 2089 850 2153 Quid
893 2089 1228 2158 hujusmodi
1278 2093 1464 2145 morte
1512 2090 1825 2145 acerbius?
1853 2091 1965 2144 Ve-

323 2199 476 2246 rum,
521 2197 587 2236 eo
638 2177 1031 2252 gloriosiorem
1092 2195 1368 2234 coronam
1429 2179 1644 2250 praebet
1702 2180 1833 2251 (76).
1885 2181 1966 2235 Ex

323 2271 558 2341 quibus,
589 2267 758 2324 sicuti
792 2273 848 2322 et
879 2283 947 2323 ex
995 2266 1420 2336 chronologicis
1459 2268 1965 2324 observationibus

323 2363 434 2416 sub
483 2375 646 2414 num.
683 2357 748 2411 17
797 2355 1013 2423 allatis,
1065 2360 1214 2412 recte
1259 2355 1543 2412 deducere
1593 2357 1763 2412 nobis
1811 2357 1965 2412 vide-

321 2464 475 2515 mur,
508 2449 568 2504 S.
600 2447 886 2502 Joannem
937 2445 1339 2516 IIegumenum
1390 2446 1723 2500 monasterii
1767 2446 1965 2502 Mona-

321 2537 457 2609 griaa
505 2536 598 2591 die
647 2552 723 2591 ιν.
755 2534 940 2604 Junii,
973 2550 1126 2589 anno
1169 2533 1296 2602 761,
1330 2533 1532 2588 eodem
1583 2533 1804 2589 scilicet
1852 2551 1966 2605 quo

323 2629 384 2682 8.
418 2625 645 2694 Petrus,
679 2622 939 2694 martyrii
991 2621 1243 2693 palmam
1291 2621 1565 2692 adeptum
1615 2637 1764 2678 esse.
1797 2622 1964 2692 Apud

322 2712 759 2768 Henschcnium
809 2711 1044 2782 quidem
1093 2709 1327 2775 dicitur,
1360 2725 1474 2763 non
1509 2711 1816 2780 Monagrim
1867 2711 1966 2765 sed

322 2801 631 2871 Menagriaa
691 2800 1037 2870 praefectus:
1081 2813 1285 2852 verum
1343 2796 1486 2852 illud
1533 2813 1600 2852 ex
1649 2815 1970 2853 amanuen-

326 2890 480 2945 sium
515 2889 680 2958 lapsu
713 2887 929 2941 factum
963 2901 1090 2940 esse
1121 2885 1450 2952 conﬁcitur,
1473 2900 1604 2938 cum
1630 2900 1697 2938 ex
1724 2889 1973 2955 quatuor

328 2993 468 3032 mss.
506 2975 808 3031 codicibus
857 2988 1004 3044 quos
1051 2972 1176 3028 Jac.
1212 2971 1394 3041 Lopin
1427 2986 1489 3025 se
1520 2970 1838 3026 contulisse
1887 2976 1972 3026 te-

328 3070 515 3123 statur
543 3065 678 3136 (77),
709 3069 834 3118 tum
867 3079 936 3117 ex
967 3061 1094 3132 ipso
1125 3059 1514 3130 Metaphraste
1545 3059 1646 3130 qui
1679 3060 1833 3131 apud
1865 3059 1976 3114 Su-

2069 1920 2208 1972 sunt
2237 1917 2374 1988 (82),
2399 1933 2513 1970 non
2543 1922 2871 1986 assecutus,
2904 1933 3036 1973 cum
3071 1921 3309 1977 Baronio
3356 1940 3573 1979 annum
3602 1925 3707 1978 888

2068 2021 2306 2062 erronee
2365 2005 2599 2059 retinuit
2647 2005 2777 2076 (83).
2839 2007 3084 2063 Proinde
3139 2025 3356 2066 annum
3416 2029 3529 2067 non
3576 2014 3704 2078 771,

2069 2095 2169 2149 sed
2199 2095 2306 2147 766
2338 2094 2609 2164 martyrio
2659 2094 2714 2149 S.
2767 2095 2925 2150 Pauli
2977 2099 3395 2168 assignaverat.
3428 2101 3592 2156 Nunc
3639 2118 3707 2157 ex

2070 2184 2215 2239 serie
2262 2198 2434 2252 quam
2487 2182 2809 2252 sequimur,
2843 2185 3179 2240 devenimus
3223 2189 3290 2242 ad
3322 2189 3375 2243 S.
3416 2191 3706 2246 Andream

2071 2273 2130 2328 in
2178 2271 2345 2339 Crisi,
2381 2287 2552 2342 quem
2603 2272 2694 2326 die
2723 2290 2796 2326 xx
2828 2274 3089 2329 Octobris
3137 2277 3274 2330 anni
3317 2279 3423 2332 767
3465 2295 3704 2348 passum

2072 2377 2222 2429 esse,
2255 2377 2432 2431 supra
2465 2376 2625 2415 num.
2665 2361 2726 2413 18
2760 2377 2877 2431 seq.
2912 2363 3349 2434 adstruximus;
3385 2382 3583 2422 verum
3615 2384 3704 2423 re-

2072 2451 2337 2519 servatis,
2372 2467 2497 2521 quae
2531 2451 2600 2504 de
2631 2465 2696 2504 eo
2728 2451 2954 2522 reliqua
2998 2457 3154 2517 sunt,
3188 2455 3254 2508 ad
3287 2457 3314 2522 ἓ
3343 2461 3704 2527 sequentem,

2067 2541 2189 2610 jam
2235 2539 2436 2609 paucis
2468 2539 2618 2593 diem
2660 2556 2834 2593 xxvm
2885 2541 3150 2610 ejusdem
3203 2543 3420 2599 mensis
3466 2545 3707 2617 attingi-

2073 2644 2225 2683 mus.
2255 2627 2382 2683 Jam
2426 2626 2645 2681 dictum
2679 2632 2768 2682 est
2798 2644 2974 2698 supra
3021 2647 3183 2684 num.
3215 2633 3268 2698 7,
3303 2631 3401 2688 illo
3433 2634 3522 2689 die
3551 2651 3585 2689 a
3613 2652 3707 2691 ve-

2073 2715 2416 2772 tustissimis
2470 2715 2796 2785 Eclogadiis
2826 2732 2927 2771 seu
2960 2717 3297 2791 Menologiis
3320 2721 3595 2777 colendos
3627 2723 3712 2778 in-

2075 2804 2188 2859 dici
2245 2809 2300 2859 S.
2363 2804 2745 2873 Stephanum,
2805 2809 3036 2860 Petrum
3093 2808 3188 2874 (de
3245 2807 3602 2881 Blaehernis)
3658 2815 3714 2866 et

2076 2893 2370 2946 Andream
2430 2892 2508 2962 (in
2564 2891 2754 2962 Crisi).
2787 2892 2852 2946 In
2901 2894 3116 2964 'l‘ypico
3157 2896 3216 2950 S.
3250 2896 3409 2952 Saba:
3466 2899 3717 2970 aliisque

2079 2979 2266 3046 fastis,
2302 2980 2494 3050 prodit
2533 2979 2643 3034 hoc
2692 2981 2891 3035 eodem
2925 2981 3016 3037 die
3044 2987 3098 3037 S.
3133 2983 3458 3054 Stephanus
3490 2987 3719 3043 Sabaita

2081 3082 2371 3122 canonum
2425 3067 2689 3136 scriptor,
2723 3069 2792 3123 de
2819 3085 2931 3139 quo
2973 3071 3091 3141 agit
3129 3087 3314 3126 canon
3365 3074 3718 3130 Menseorum

331 3156 483 3212 rium
533 3155 605 3210 ad
654 3153 805 3208 diem
856 3167 1031 3206 xxvm
1061 3149 1372 3205 Novembr.
1413 3148 1686 3204 similiter
1732 3149 1968 3205 scribit:
2004 3184 2055 3252 Ο
2087 3171 2243 3210 novae
2290 3154 2585 3219 editionis,
2617 3171 2651 3209 a
2679 3155 2978 3211 Theodoro
3027 3160 3236 3230 Grapto
3269 3161 3468 3216 Nicaea:
3501 3172 3722 3218 metro-

333 3245 756 3304 monasterium
783 3243 1110 3314 Monagriaa.
1131 3242 1257 3297 Non
1274 3241 1456 3312 igitur
1477 3240 1780 3298 veritatem
1805 3241 1975 3312 plane

335 3353 570 3395 omnem
615 3333 1044 3406 Papebrochius
1095 3332 1455 3403 assequitur,
1504 3332 1644 3386 dum
1696 3331 1755 3386 in
1798 3331 1975 3401 hujus

333 3425 674 3484 monasterii
727 3421 1222 3494 nuncupationem
1275 3421 1522 3494 inquirit
1570 3420 1730 3491 (78);
1779 3420 1976 3476 verisi-

333 3517 472 3573 mile
519 3520 720 3573 tamen
760 3515 852 3569 est
891 3511 1034 3584 illud
1068 3511 1129 3565 in
1161 3511 1296 3578 ista,
1328 3525 1504 3582 quam
1547 3509 1711 3576 dicit,
1743 3510 1976 3581 regione

335 3605 604 3677 Sigriana
648 3602 826 3658 situm
879 3599 1079 3668 fuisse,
1113 3599 1272 3669 quia,
1306 3602 1370 3652 ut
1397 3596 1534 3651 alibi
1567 3597 1809 3652 adstruit
1838 3598 1974 3668 (79),

335 3693 415 3748 ibi
447 3691 701 3763 plurima
728 3687 1080 3744 monasteria
1125 3686 1394 3742 exstitere
1425 3699 1637 3739 nomen
1669 3700 1783 3740 non
1815 3684 1978 3740 valde

335 3784 626 3838 diversum
675 3780 1007 3844 consecuta,
1043 3779 1104 3832 ut
1141 3779 1307 3832 erant
1353 3790 1483 3846 qua:
1528 3774 1694 3829 Parvi
1739 3775 1873 3846 Agri
1921 3778 1979 3830 et

336 3869 532 3941 Magni
585 3868 718 3939 Agri
778 3866 1144 3922 dicebantur.
1177 3867 1462 3921 Praeterea
1502 3865 1552 3919 si
1593 3863 1738 3918 illud
1799 3879 1977 3935 prope

336 3959 562 4032 Cpolim
612 3957 840 4023 fuisset,
875 3972 988 4010 non
1039 3954 1375 4010 dubitamus
1413 3953 1549 4022 quin
1588 3953 1860 4025 Cangius.
1893 3955 1979 4008 tot

335 4049 649 4117 scriptores
680 4045 865 4102 editos
896 4049 952 4099 et
981 4059 1121 4100 mss.
1154 4040 1478 4098 incredibili
1523 4040 1823 4114 diligentia
1853 4056 1979 4110 per-

336 4140 646 4204 scrutatus,
675 4134 824 4205 ejus,
858 4133 916 4188 in
948 4148 1057 4188 sua
1103 4129 1602 4201 Constantinopoli
1649 4129 1980 4185 Christiana

335 4226 604 4282 notitiam
639 4223 988 4279 tradidisset.

407 4317 495 4371 23.
530 4315 590 4370 ln
636 4312 895 4368 indieulo
944 4315 1268 4383 martyrum
1304 4309 1374 4365 de
1416 4308 1631 4380 quibus
1677 4307 1772 4363 hic
1812 4320 1982 4378 agere

337 4403 506 4460 nobis
556 4399 988 4471 assumpsimus
1033 4399 1236 4470 (supra
1282 4412 1448 4452 num.
1499 4396 1612 4465 ll),
1656 4400 1714 4451 et
1760 4396 1818 4450 in
1867 4411 1982 4467 quo

2087 3242 2266 3315 polita
2312 3242 2419 3312 (84)
2469 3241 2848 3312 conscriptus.
2907 3247 2972 3299 In
3015 3247 3328 3316 Synaxario
3372 3250 3723 3307 Menasorum

2085 3331 2180 3387 hic
2211 3329 2544 3401 Stephanus
2576 3329 2786 3384 dicitur
2815 3331 3122 3401 episcopus
3174 3335 3351 3391 fuisse
3382 3345 3436 3392 et
3470 3343 3722 3394 certasse

2086 3425 2288 3476 contra
2343 3420 2589 3474 haereses
2620 3435 2632 3484 ;
2662 3419 2721 3472 in
2772 3419 3096 3492 Menologio
3147 3423 3340 3482 Sirleti
3389 3432 3452 3482 ut
3502 3434 3724 3501 martyr

2088 3508 2474 3564 annuntiatur
2522 3508 2654 3576 (85).
2710 3507 2839 3564 Haec
2886 3514 3079 3566 autem
3133 3530 3238 3569 nec
3286 3517 3574 3588 Stephano
3618 3524 3722 3575 Sa—

2088 3597 2252 3652 baita:
2304 3596 2401 3669 qui
2434 3614 2468 3652 a
2498 3595 2794 3654 Theodoro
2852 3597 3065 3671 Grapto
3116 3602 3461 3676 celebratur,
3493 3623 3597 3663 nec
3636 3608 3722 3662 al-

2088 3685 2194 3740 teri
2250 3685 2602 3757 homonymo
2660 3685 2858 3742 itidem
2913 3688 3183 3759 Sabaitce,
3231 3693 3398 3762 cujus
3447 3695 3722 3766 praeclara

2085 3776 2224 3830 Acta
2250 3774 2448 3829 Pinius
2482 3773 2793 3832 illustravit
2821 3776 2892 3830 ad
2925 3792 3023 3831 xm
3051 3777 3215 3847 Julii,
3246 3785 3549 3839 convenire
3588 3801 3722 3856 pos-

2088 3867 2226 3918 sunt
2256 3862 2393 3934 (86).
2421 3865 2778 3934 Quapropter
2807 3865 3052 3934 conjicio
3083 3867 3177 3922 hic
3210 3870 3301 3940 agi
3334 3872 3404 3928 de
3434 3872 3725 3945 Stephano

2085 3951 2207 4018 illo,
2240 3952 2337 4022 qui
2371 3968 2405 4007 a
2433 3952 2796 4022 Copronymo
2844 3954 2902 4008 in
2952 3956 3284 4028 Sugdaeam,
3317 3959 3533 4017 Moesiae
3579 3962 3728 4018 inte-

2089 4042 2256 4099 rioris
2313 4045 2538 4112 partem
2590 4042 2727 4112 (87),
2761 4043 2977 4112 ejectus
3033 4053 3118 4100 est
3166 4047 3300 4118 (88),
3335 4050 3536 4105 eodem
3588 4052 3731 4106 forte

2089 4129 2189 4197 qui
2249 4127 2455 4195 viginti
2515 4126 2633 4181 fere
2690 4133 2822 4196 post
2878 4129 3070 4195 annis,
3103 4131 3161 4186 in
3196 4133 3443 4190 concilio
3499 4137 3730 4192 Nicazno

2090 4215 2229 4269 anni
2267 4213 2372 4266 787
2420 4211 2810 4284 subscripsit:
2861 4214 3126 4289 Στέφανος
3177 4217 3394 4286 ἀνάξιος
3441 4219 3731 4284 ἐπίσκοπος

2092 4295 2386 4373 Σουγδάων
2419 4300 2554 4371 (89).
2592 4301 2702 4355 Sed
2744 4301 2816 4358 de
2860 4302 2950 4358 his
3001 4303 3215 4362 iterum
3274 4310 3344 4364 ad
3402 4327 3581 4366 xxvm
3629 4313 3733 4368 Oc-

2091 4391 2298 4446 tobris.

337 4491 604 4548 ordinem
660 4488 950 4544 mensium
1011 4502 1217 4542 sumus
1264 4486 1473 4553 secuti,
1525 4489 1652 4555 post
1698 4485 1981 4540 Joannem
2011 4527 2070 4594 D
2165 4479 2254 4534 24.
2285 4478 2415 4533 Jam
2460 4479 2531 4534 ad
2575 4477 3095 4538 celebratissimum
3148 4485 3326 4541 totius
3379 4491 3734 4559 persecutio-

338 4581 392 4594 ιιι
587 4579 600 4590 ο
727 4581 1127 4594 πΑγηγμγηηᾉ-
1220 4576 1409 4594 ,_,,-j?L
1466 4575 1499 4594 n
1583 4573 1795 4594 “Aul---
1871 4573 1946 4594 ιτ-
2095 4568 2186 4594 ..2.-
2210 4568 3385 4594 F------....:--.._.-_1-._-_.OL-_L,__,,,,,
3421 4577 3442 4594 τ
3537 4578 3548 4590 ο

338 4579 654 4651 Monagrim
727 4581 1159 4648 Hegumenum,
1218 4576 1412 4649 prodit
1466 4575 1524 4630 S.
1583 4573 1798 4630 Paulus
1871 4573 1980 4629 No-

339 4685 466 4736 vus,
502 4665 719 4741 militiae
747 4666 886 4736 dux,
917 4664 1051 4721 dein
1084 4663 1410 4720 monachus
1441 4667 1506 4719 ut
1535 4679 1602 4719 ex
1633 4663 1984 4733 quibusdam

341 4755 704 4814 documentis
753 4761 988 4827 apparet
1037 4754 1166 4825 (80),
1215 4755 1452 4810 demum
1502 4761 1716 4825 martyr
1758 4753 1850 4808 die
1882 4767 1984 4806 vm

413 4937 523 5008 (75)
551 4937 619 4994 T.
655 4934 888 5002 IJunii,
923 4951 978 5006 p.
1014 4935 1142 4989 402-

411 5003 525 5081 (76)
555 5009 829 5081 Analecta
852 5003 1066 5081 Grates,
1098 5022 1154 5076 p.
1185 5003 1312 5058 507.

415 5077 529 5150 (77')
563 5079 709 5135 Ibid.
730 5078 800 5150 Vin
835 5077 1052 5150 praefat.

413 5147 530 5222 (78)
560 5151 624 5222 Τ.
659 5152 679 5222 l
708 5148 982 5222 Junii,_gp.
1015 5147 1140 5222 402.

415 5218 528 5290 (79')
559 5221 625 5275 T.
662 5221 706 5275 11
740 5219 946 5290 Uartii,
981 5218 1200 5290 p.213,
1235 5232 1293 5273 n.
1325 5219 1382 5290 2.

417 5289 530 5364 (80)
559 5292 625 5346 T-
662 5290 708 5364 ΙΙ
738 5289 899 5364 Julii.

345 5359 876 5435 nolog'ium‘Basilii
905 5359 974 5435 ad
1003 5375 1176 5435 XXVII_I
1206 5359 1510 5435 Novembr.

417 5428 532 5504 (δῖ)
563 5435 630 5489 Τ.
663 5432 704 5488 Ι.
738 5435 883 5504 Aug.
912 5432 990 5504 de
1021 5429 1332 5503 patriarch.
1365 5429 1596 5502 Cpolit.,
1629 5445 1686 5500 p.
1719 5428 1844 5484 H3.

421 5503 532 5576 (se)
566 5504 736 5576 Ibid.,
758 5503 987 5576 p.663.

423 5573 524 5646 (83’
572 5579 633 5629 T.
669 5574 715 5629 II
747 5575 912 5638 Julii,
947 5591 1001 5644 p.
1034 5573 1164 5637 633,
1189 5588 1248 5627 η.
1284 5573 1370 5628 10.

423 5577 540 5718 (84)
569 5645 837 5715 Lequien,
868 5645 1072 5700 Oriens
1103 5643 1343 5712 Christ.,

669 5743 935 5807 PATBOL.
980 5743 1090 5806 Gs.
1136 5741 1309 5804 CXV.

932 5285 997 5360 pi
1016 5288 1144 5356 636,
1178 5305 1247 5360 υ.
1267 5292 1320 5345 2.
1358 5287 1454 5344 Ci'r
1500 5286 1739 5354 Menam,
1772 5289 1831 5342 et
1877 5285 1989 5342 Me-

2095 4568 2187 4625 nis
2210 4568 2683 4640 Cepronymiane
2704 4574 3017 4640 martyrem
3035 4573 3395 4645 Stephanum
3412 4577 3732 4646 Juniorem,

2096 4655 2196 4728 qui
2225 4671 2398 4711 xxvm
2428 4655 2775 4712 Novembris
2827 4657 3060 4727 colitur,
3091 4661 3450 4719 devenimus.
3486 4665 3588 4722 Hic
3629 4684 3736 4722 au-

2095 4754 2208 4802 tem
2259 4745 2399 4801 satis
2446 4744 2553 4801 erit
2603 4745 2974 4802 chronotaxin
3023 4750 3360 4819 posterioris
3392 4753 3575 4823 partis
3608 4755 3735 4826 ejus

2098 4923 2894 4998 ChronicLSymeongis.’Edit.
2929 4931 3139 4998 Bonn.,
3172 4945 3228 4998 p.
3261 4929 3388 4986 643.

2168 4996 2283 5068 (85)
2313 4995 2480 5068 (ζῆ-1.
2517 4997 2592 5052 IlI
2621 4996 2784 5063 Julii,
2817 5013 2873 5068 p.
2906 4998 3032 5064 525,
3066 4995 3131 5054 n.
3157 4995 3210 5054 9.

2169 5067 2279 5135 (86)
2310 5067 2482 5138 Ibid.,
2517 5084 2571 5121 n.
2605 5068 2638 5121 8
2669 5073 2726 5122 et
2754 5067 2874 5138 seq.

2169 5138 2274 5207 (87)
2305 5137 2608 5213 Cellarius,
2639 5137 2939 5213 t._l,iedit.
2992 5140 3147 5208 1773,
3181 5158 3238 5213 p.
3286 5142 3408 5199 498.
3462 5147 3559 5202 Cfr
3601 5153 3739 5206 Acta

2097 5211 2214 5270 88.,
2242 5215 2284 5263 t.
2317 5208 2364 5260 V
2393 5209 2572 5275 Junii,
2605 5226 2656 5275 p.
2690 5210 2815 5264 247.

2167 5281 2280 5357 (88)
2313 5280 2550 5357 Mentea,
2585 5279 2839 5357 Yenetiis
2871 5283 3047 5357 __t_8_43_,
3082 5285 3153 5357 ad
3185 5300 3362 5357 xxvm
3405 5288 3736 5357 Novembr.,

2336 5351 2727 5489 gleglqilpgium
2756 5351 2975 5421 Basilii,
3001 5353 3204 5410 Urbini
3237 5358 3398 5428 1727,
3435 5359 3506 5414 ad
3538 5351 3736 5418 eumd.

2172 5493 2284 5571 (se)
2317 5493 2491 5571 La_b_b.
2517 5493 2755 5571 .Concil.
2808 5496 2849 5548 t.
2889 5494 3007 5565 vn,
3041 5514 3104 5571 ρ.
3129 5499 3233 5552 327
3265 5515 3312 5554 c.
3346 5501 3450 5555 363
3483 5501 3535 5566 b,
3569 5503 3638 5556 42
3667 5521 3734 5571 c;

2102 5562 3197 5646 ροξρῐυδλξιΙγῐ-ξουμηιῠςαρῐνριηὶξ’ζγῐῐΙ,
3217 5572 3396 5641 p.126
3424 5597 3436 5637 ;
3463 5562 3734 5642 Lequien,

569 5645 837 5715 Lequien,
868 5633 1072 5700 Oriens
1103 5633 1343 5712 Christ.,
1376 5647 1420 5700 t.
1455 5643 1549 5713 lll,
1582 5641 1688 5698 col.
1723 5643 1867 5698 359:
1902 5640 1994 5697 Cfr
2104 5633 2308 5689 Oriens
2336 5633 2574 5704 Christ.,
2607 5640 2647 5690 t.
2676 5637 2719 5706 Ι,
2753 5637 2860 5693 col.
2899 5639 3056 5695 1229.

3340 5735 3415 5794 35
