4142 6248
442 648 593 742 anno
622 682 750 749 715,
783 681 914 749 post
960 668 1383 727 ordinationem
1425 664 1480 714 Β.
1516 652 1783 713 Germani
1835 648 2075 749 patriar-

442 739 562 831 chae
613 739 748 839 (90),
783 739 921 836 .quze
969 757 1212 828 contigit
1266 754 1358 809 die
1411 767 1469 804 x1
1523 744 1764 815 Augusti
1821 739 2077 837 ejusdem

446 825 582 918 anni
771 825 1066 909 Deductus
1097 825 1231 902 esto
1258 838 1616 914 parentibus,
1636 832 1800 889 valde
1823 825 2077 927 juvenis,

448 952 518 1007 ad
545 917 825 1004 Joannem
856 938 1266 995 anachoretam
1296 928 1511 984 montis
1541 926 1597 981 S-
1632 917 1921 985 Auxentii,
1947 932 1976 970 e
2001 931 2082 969 re-

448 1039 615 1108 gione
636 1033 851 1106 Cpolis,
875 1029 946 1083 ad
977 1027 1172 1081 sinum
1203 1016 1550 1075 Nicomedia:
1582 1011 1695 1080 siti,
1717 1010 1776 1063 in
1801 1022 1914 1079 quo
1947 1019 2080 1059 cum

451 1094 546 1184 diu
577 1094 845 1189 vixisset,
870 1134 1020 1174 anno
1062 1111 1243 1168 aetatis
1275 1111 1344 1162 42
1375 1108 1507 1177 (93‘,
1539 1101 1752 1158 Christi
1783 1098 1943 1168 proin
1974 1094 2082 1147 756

451 1215 685 1275 aut757,
701 1213 768 1266 ad
789 1211 977 1279 ipsum
999 1216 1276 1258 cacumen
1297 1195 1512 1251 montis
1532 1195 1586 1248 in
1603 1184 2081 1261 augustissimam

450 1304 720 1359 cellulam
776 1314 837 1351 se
885 1290 1150 1349 contulit.
1204 1288 1425 1341 Interea
1480 1282 1874 1351 Copronymus
1932 1287 2083 1327 anno

446 1393 552 1445 754
600 1390 709 1461 (93)
758 1383 1047 1454 synodum
1089 1372 1553 1432 iconoclasticam
1606 1367 1887 1437 coegerat,
1918 1363 2085 1429 cujus

451 1484 684 1535 decreta
706 1478 825 1546 ipse
849 1472 1123 1538 deinceps
1152 1459 1555 1537 propugnavit,
1580 1467 1873 1527 quamque
1894 1469 1925 1504 a
1946 1452 2087 1503 Con~

452 1567 706 1625 stantino
756 1553 1328 1634 pseudopatriarcba,
1363 1552 1679 1617 antequam
1729 1557 1862 1597 eum
1915 1536 2084 1593 morti

454 1657 726 1719 traderet,
756 1626 907 1706 anno
954 1626 1061 1700 768
1108 1645 1317 1699 iterum
1363 1634 1672 1708 approbari
1720 1630 1901 1685 voluit
1951 1626 2084 1719 (94)Σ

454 1746 639 1815 ilujus
669 1714 1039 1796 conciliabuli
1072 1734 1297 1787 decreta
1328 1742 1480 1783 anno
1508 1724 1615 1779 763
1636 1722 1704 1777 ad
1739 1721 1796 1775 S.
1820 1714 2087 1773 Auxentii

2186 568 2319 610 eum
2353 551 2461 605 sub
2494 549 2672 602 ﬁnem
2722 544 2862 601 anni
2891 543 2998 597 766
3030 541 3255 613 Cpolim
3296 545 3586 598 revectum
3639 542 3863 608 fuisse,

2186 645 2243 697 et
2273 642 2703 709 consequenter
2731 640 2849 689 tres
2882 634 2999 687 fere
3030 648 3215 687 annos
3248 630 3459 687 vixisse
3489 631 3752 688 exsulem
3790 630 3861 685 in

2188 730 2569 785 Proconneso.
2605 723 2908 792 Quocirca,
2943 721 3044 776 ubi
3083 721 3154 775 de
3201 719 3370 776 Petro
3402 720 3474 776 de
3506 720 3863 776 Blachernis

2187 819 2415 890 egimus
2448 816 2649 885 (supra
2680 829 2842 868 num.
2882 811 2989 879 15),
3023 810 3124 881 qui
3153 825 3307 863 anno
3336 810 3437 863 761
3487 825 3691 880 passus
3731 812 3861 875 est,

2190 908 2394 962 merilo
2426 904 2681 960 diximus
2713 902 2841 970 ejus
2876 897 3219 970 martyrium
3248 902 3306 952 S.
3338 897 3627 969 Stephano
3681 898 3862 953 inno-

2189 1004 2407 1051 tescere
2440 991 2700 1063 potuisse
2731 998 2788 1045 et
2818 990 2889 1044 ab
2919 1004 3008 1053 eo,
3034 1004 3135 1042 sex
3163 987 3333 1041 annis
3364 986 3604 1059 elapsis,
3635 986 3697 1041 in
3730 1003 3862 1043 car—

2191 1103 2318 1143 cere
2342 1084 2598 1157 praetorii
2624 1082 2879 1148 narrari;
2899 1084 2959 1135 at
2980 1096 3094 1135 non
3119 1080 3259 1133 item
3284 1078 3628 1150 martyrium
3650 1079 3712 1134 S.
3737 1082 3864 1135 An-

2191 1178 2338 1231 dreae
2372 1175 2429 1228 in
2464 1173 2637 1238 Crisi,
2670 1171 2829 1242 quod
2859 1188 2934 1224 xx
2961 1169 3229 1225 Octobris
3262 1168 3399 1223 anni
3429 1169 3533 1222 767
3562 1167 3815 1239 contigit
3840 1184 3859 1223 :

2193 1273 2314 1320 tum
2346 1262 2501 1318 enim
2529 1260 2885 1331 jamdudum
2910 1258 2968 1313 S.
2992 1256 3321 1327 Stephanus
3342 1255 3401 1310 in
3434 1256 3587 1311 dicto
3620 1272 3863 1311 carcere

2194 1351 2589 1416 detinebatur,
2626 1364 2759 1404 mox
2807 1348 2930 1418 ipse
2963 1347 3033 1401 ad
3073 1346 3341 1401 eamdem
3392 1344 3653 1415 palmam
3706 1346 3869 1400 arri-

2195 1442 2495 1513 piendam,
2544 1438 2683 1493 inde
2732 1437 3011 1492 exiturus.
3054 1434 3429 1502 Rursum,ex
3458 1434 3669 1489 iisdem
3726 1451 3863 1506 quas

2195 1530 2573 1597 deduximus,
2624 1526 2938 1583 conﬁcitur
2982 1526 3041 1581 S.
3075 1526 3437 1595 Stephanum
3485 1528 3572 1579 ter
3618 1524 3863 1595 publice

2196 1618 2502 1689 prodiisse,
2551 1620 2609 1672 et
2657 1614 2974 1671 crudeliter
3023 1613 3206 1669 fuisse
3249 1612 3495 1683 ligatum
3528 1629 3594 1668 ac
3626 1615 3860 1682 pertra-

2197 1710 2379 1772 ctum,
2413 1703 2642 1759 ultimis
2675 1702 2899 1758 scilicet
2933 1699 3237 1757 mensibus
3267 1715 3555 1755 annorum
3586 1700 3713 1767 763,
3743 1700 3860 1754 766

456 1788 712 1887 mo’ntem
742 1830 891 1883 idem
922 1825 1240 1895 imperator
1264 1815 1443 1888 jussit
1472 1812 1698 1872 deferri.
1727 1815 1790 1865 ut
1820 1826 1852 1863 a
1881 1808 1938 1861 S.
1972 1805 2092 1860 Ste-

2218 1800 2256 1850 Et
2283 1795 2389 1900 767
2420 1794 2593 1866 (107).
2627 1794 2814 1863 Atque
2861 1789 3068 1846 exinde
3110 1790 3324 1844 factum
3355 1791 3459 1856 est,
3490 1796 3549 1843 ut
3579 1792 3705 1844 tum
3754 1788 3863 1843 Ni-

457 1922 650 1993 phano
683 1916 1191 1973 subscriberentur
1220 1907 1353 1980 (95).
1386 1907 1437 1959 Is
1468 1919 1622 1970 vero,
1654 1914 1787 1956 eum
1818 1897 1875 1950 id
1907 1895 2093 1948 facere

459 2010 770 2077 renuisset,
802 2005 872 2060 ad
905 2005 959 2057 S.
992 1997 1261 2055 Auxentii
1292 1992 1682 2050 cmmeterium
1715 1990 1868 2043 arcte
1898 1986 2098 2039 custo-

461 2100 638 2164 ditus,
672 2074 765 2150 die
813 2091 1081 2163 septimo,
1114 2088 1254 2142 dum
1300 2081 1566 2153 Bulgaris
1618 2077 1837 2132 bellum
1884 2074 2097 2129 inferre

458 2160 776 2259 imperator
802 2160 1025 2247 debuit,
1060 2178 1340 2231 liberatus
1385 2176 1472 2226 est
1500 2170 1632 2238 (96).
1671 2168 1839 2222 Porro
1871 2165 1929 2218 in
1961 2160 2097 2216 Bul-

460 2295 637 2349 garos
685 2274 977 2344 profectus
1009 2272 1092 2323 est
1124 2266 1527 2336 Copronymus
1556 2258 1646 2313 die
1675 2272 1787 2310 xvn
1820 2251 1999 2318 Junii,
2042 2254 2100 2305 et

463 2368 556 2421 die
588 2380 696 2417 xxx
730 2361 985 2432 ejusdem
1038 2354 1280 2417 mensis,
1316 2351 1455 2406 feria
1495 2365 1547 2417 v,
1582 2344 1899 2401 indictione
1929 2359 1968 2407 1,
2001 2355 2099 2394 eos

463 2453 661 2525 praelio
696 2429 901 2504 devicit
931 2446 1041 2517 (97)
1068 2461 1081 2511 ;
1115 2459 1183 2498 ex
1213 2457 1330 2511 qua
1367 2433 1703 2493 indictionis
1733 2437 1791 2487 et
1822 2430 1973 2485 feriae
2005 2429 2095 2483 in-

464 2524 749 2597 dicatione
779 2535 1167 2591 certissimum
1190 2535 1366 2585 estea
1387 2524 1700 2597 contigisse
1730 2536 1902 2586 anno,
1927 2532 2097 2587 quem

466 2645 641 2698 supra
672 2626 958 2689 dicebam,
987 2622 1113 2675 763.

536 2718 626 2770 25.
663 2715 804 2769 Dein
850 2729 882 2764 a
939 2711 1125 2765 reditu
1184 2700 1547 2776 imperatoris
1604 2696 1848 2767 Cpolim,
1897 2692 2099 2764 paucis

468 2804 769 2861 eventibus
800 2797 1137 2869 interjectis,
1172 2795 1403 2849 incenso
1435 2790 1491 2844 S.
1520 2786 1785 2843 Auxentii
1819 2789 2102 2838 monaste-

470 2894 553 2948 rio
585 2893 697 2962 (98)
726 2891 780 2943 S.
808 2887 1136 2957 Stephanus
1167 2899 1196 2937 e
1227 2879 1456 2951 tugurio
1489 2893 1595 2932 suo
1629 2890 1815 2945 usque
1843 2872 1911 2927 ad
1944 2886 2104 2925 mare

470 2960 791 3053 pertractus
822 2981 930 3041 est,
965 2974 1157 3042 ibique
1187 2968 1463 3025 naviculze
1509 2962 1820 3035 impositus
1851 2968 1904 3016 et
1934 2960 2106 3031 Chry-

472 3050 718 3145 sopolim
760 3068 829 3122 ad
873 3060 1177 3134 Philippici
1232 3054 1651 3113 monasterium
1699 3050 1921 3106 delatus
1967 3050 2103 3120 (99),

2202 1883 2490 1954 cephorus
2520 1883 2582 1937 in
2610 1879 2901 1936 Breviario
2936 1880 3100 1948 (108),
3130 1884 3256 1933 tum
3287 1877 3674 1950 Theophanes
3704 1879 3858 1949 (109)

2202 1971 2513 2042 anticipate
2545 1975 2602 2025 et
2632 1970 2873 2024 confuse
2905 1968 3104 2024 omnia
3134 1966 3519 2033 narraverint,
3552 1982 3657 2022 nec
3705 1982 3861 2038 opus

2201 2066 2291 2117 est
2341 2076 2475 2116 cum
2528 2060 2702 2130 Pagio
2752 2059 2901 2129 (110)
2930 2058 2989 2111 in
3023 2056 3200 2111 aliam
3248 2072 3484 2111 causam
3535 2055 3857 2127 inquirere.

2202 2153 2379 2206 Porro
2412 2149 2533 2204 haec
2566 2147 2939 2219 Theophanis
2964 2146 3220 2200 narratio
3245 2144 3557 2200 Baronium
3588 2144 3863 2216 aliosque

2206 2240 2523 2312 aliquando
2555 2239 2616 2293 in
2648 2253 2923 2305 errorem,
2958 2236 3028 2292 de
3059 2252 3211 2290 anno
3246 2234 3448 2290 mortis
3479 2235 3539 2290 S.
3572 2233 3861 2306 Stephani

2207 2329 2612 2385 constituendo
2644 2327 2889 2382 induxit.

2274 2428 2364 2483 26.
2396 2427 2563 2483 Nunc
2610 2430 2803 2481 autem
2855 2424 3129 2496 quoniam
3177 2421 3478 2494 inquisitio
3524 2421 3641 2478 ista
3679 2421 3744 2478 in
3777 2421 3859 2476 bi-

2206 2518 2444 2572 storiam
2466 2522 2523 2571 et
2540 2514 2976 2586 chronologiam
2998 2512 3412 2583 persecutionis
3430 2511 3852 2568 iconoclasticas

2208 2606 2497 2674 secundae,
2531 2604 2803 2675 prolixior
2836 2605 2985 2658 facta
3015 2608 3123 2672 est,
3157 2619 3321 2673 quam
3357 2603 3413 2656 id
3446 2601 3701 2673 primum
3733 2601 3851 2656 exi-

2206 2692 2613 2757 stimabamus,
2649 2692 2791 2746 utile
2824 2691 3100 2745 duximus
3130 2706 3275 2756 eam,
3304 2691 3469 2759 juxta
3498 2688 3712 2744 seriem
3746 2707 3851 2744 an-

2209 2798 2441 2848 norum,
2476 2781 2569 2837 hic
2618 2780 2962 2851 compendio
3011 2780 3301 2844 exhibere,
3336 2778 3549 2834 additis
3589 2779 3850 2834 numeris

2209 2869 2639 2937 Commentarii,
2675 2869 2747 2924 ad
2778 2885 2924 2939 quos
2955 2869 3026 2923 de
3057 2867 3306 2940 singulis
3337 2873 3532 2923 actum
3564 2872 3690 2924 est:

2281 2979 2442 3033 Anno
2466 2977 2594 3044 761,
2625 2994 2718 3031 xvr
2750 2977 2902 3045 Maii,
2936 2978 3128 3048 passio
3181 2975 3236 3031 S.
3275 2974 3423 3031 Petri
3472 2976 3545 3031 de
3595 2976 3843 3032 Blacher-

2213 3067 2323 3122 nis.
2358 3067 2544 3137 Supra
2575 3082 2739 3123 num.
2771 3066 2859 3120 17.

474 3172 778 3235 postquam
837 3157 960 3253 dies
1009 3142 1800 3255 XVII-31h?Alfellffg‘ifﬁbnffl
2140 3189 2188 3255 Ο
2291 3166 2500 3221 Eodem
2533 3182 2717 3255 anno,
2742 3181 2795 3219 IV
2832 3164 3014 3232 Junii,
3050 3163 3244 3235 passio
3291 3167 3346 3217 S.
3380 3163 3623 3220 Joannis
3672 3164 3855 3237 Hege-

472 3229 900 3307 Proconnesum
927 3244 983 3297 in
1006 3239 1264 3295 exsilium
1286 3234 1501 3290 missus
1524 3238 1609 3288 est
1631 3231 1800 3300 (100).
1825 3229 2106 3293 Quoniam

473 3356 608 3395 vero
641 3336 851 3392 dicitur
873 3332 974 3399 ibi,
998 3327 1162 3384 initio
1187 3342 1346 3398 paene
1368 3321 1551 3378 exsilii
1583 3320 1695 3388 sui,
1718 3335 1868 3374 anno
1890 3318 1957 3370 49
1978 3323 2110 3370 alla-

477 3431 553 3484 tis
601 3424 1017 3482 domunculam
1052 3421 1109 3475 in
1143 3417 1426 3472 columnas
1461 3414 1700 3467 formam
1734 3426 1764 3463 a
1794 3425 1854 3463 se
1893 3410 2111 3461 exstru-

476 3524 648 3583 ctam,
680 3515 1011 3583 ingressum
1054 3524 1178 3563 esse
1228 3505 1392 3576 (101),
1428 3502 1477 3556 si
1508 3497 1949 3556 meminerimus
1980 3510 2108 3549 eum

476 3622 630 3661 anno
658 3605 764 3657 715
792 3605 920 3672 post
948 3617 1006 3653 x1
1034 3596 1276 3667 Augusti
1305 3607 1429 3648 esse
1470 3598 1689 3652 natum,
1723 3586 2011 3642 constabit
2055 3584 2109 3638 id

475 3693 761 3748 accidisse
810 3704 960 3742 anno
996 3686 1103 3738 763
1134 3686 1397 3745 exeunte,
1431 3683 1531 3733 aut
1580 3680 1843 3731 currente
1875 3676 1996 3727 764.
2033 3674 2107 3727 Ex

474 3781 689 3853 quibus
722 3793 844 3847 quae
874 3789 1034 3829 num.
1061 3773 1131 3824 24
1162 3769 1455 3824 attulimus
1483 3766 1553 3818 de
1584 3781 1735 3818 anno
1767 3763 1870 3815 763
1901 3764 2112 3816 iterum

474 3869 909 3927 confirmantur.
932 3861 1184 3914 Rursum
1209 3855 1451 3909 traditur
1477 3853 1532 3905 in
1555 3853 1680 3921 ejus
1701 3851 1837 3913 vita,
1858 3849 2111 3904 secundo

475 3955 660 4012 exsilii
717 3968 891 4017 anno,
942 3949 999 4003 id
1048 3950 1136 4001 est
1186 3945 1291 3997 763
1346 3946 1446 3996 aut
1487 3942 1614 4005 766,
1656 3946 1896 3994 matrem
1954 3938 2112 3992 illius

477 4044 689 4102 obiisse
720 4040 888 4111 (102),
922 4035 1172 4106 denique
1220 4029 1516 4088 nonnullis
1565 4029 1738 4083 rebus
1779 4027 2112 4095 interjectis,

478 4132 696 4204 Cpolim
730 4145 863 4184 eum
897 4130 1225 4181 revocatum
1259 4120 1536 4177 fuisse.In
1570 4134 1687 4190 qua
1718 4116 1965 4182 civitate,
1999 4114 2115 4169 die-

478 4227 588 4280 bus
620 4221 844 4291 aliquot
873 4230 1100 4272 carcere
1122 4211 1333 4268 Phialae
1357 4211 1624 4266 detentus
1649 4208 1817 4277 (103),
1844 4222 1973 4260 cum
2000 4205 2117 4259 im—

478 4314 800 4384 peratorem
845 4306 1071 4379 publice
1117 4302 1427 4374 arguisset,
1457 4316 1553 4371 per
1586 4298 1852 4353 undecim
1888 4312 2116 4350 menses

480 4400 745 4472 praetorio
802 4397 1196 4452 incarceratur
1243 4392 1387 4459 (104)
1419 4395 1476 4443 et
1505 4389 1735 4443 demum
1785 4401 1936 4440 anno
1986 4394 2117 4438 zela-

479 4491 553 4544 tis
582 4490 672 4555 53,
705 4487 793 4541 die
815 4500 993 4539 xxvm
1026 4480 1363 4535 Novembris
1417 4478 1590 4544 (105),
1624 4476 1761 4529 anni
1795 4474 1957 4544 proin
1989 4474 2115 4539 767,

2221 3254 2375 3309 meui
2409 3254 2745 3308 monasterii
2777 3253 3105 3325 Monagrize,
3139 3269 3300 3308 num.
3333 3252 3423 3306 22.

2284 3356 2448 3407 Anno
2492 3353 2599 3406 763
2648 3353 2717 3407 ad
2760 3353 2936 3407 ﬁnem
2983 3361 3270 3421 vergente,
3301 3357 3358 3407 S.
3390 3352 3724 3425 Stephanus
3750 3356 3857 3411 Ju-

2216 3440 2346 3495 nior
2394 3456 2462 3494 ex
2508 3439 2799 3511 tuguriolo
2848 3441 3062 3496 montis
3110 3441 3380 3497 Auxentii
3425 3442 3757 3499 abstractus
3801 3451 3861 3501 et

2217 3527 2361 3584 mari
2391 3529 2791 3599 Chrysopolim
2837 3530 3127 3595 devectus,
3162 3546 3295 3585 mox
3329 3529 3386 3585 in
3419 3532 3857 3589 Proconnesum

2217 3617 2376 3674 exsul
2411 3618 2681 3683 mittitur,
2716 3635 2879 3675 num.
2910 3620 2977 3674 24
3006 3636 3126 3691 seq.

2291 3723 2455 3774 Anno
2485 3721 2609 3785 766,
2644 3719 2749 3774 sub
2784 3720 2978 3775 tinem.
3013 3721 3072 3775 S.
3104 3719 3430 3791 Stephanus
3472 3720 3680 3777 Junior
3709 3723 3857 3795 Cpo-

2240 3809 2318 3863 im
2351 3809 2555 3874 redux,
2578 3809 2792 3863 carceri
2826 3808 3091 3879 traditur,
3118 3809 3368 3881 primum
3393 3810 3605 3867 Phiala
3634 3811 3863 3884 aliquot

2219 3899 2360 3962 dies,
2396 3899 2605 3954 deinde
2635 3899 2903 3970 praetorii,
2940 3915 3098 3955 num.
3129 3901 3221 3955 25.

2287 3995 2501 4050 Eodem
2537 4013 2686 4052 anno
2717 3998 3115 4070 Copronymus
3159 4015 3362 4055 omnes
3393 3999 3659 4056 subditos
3693 4001 3863 4071 jura-

2220 4089 2475 4140 mentum
2508 4091 2779 4157 praestare
2801 4087 2990 4156 jubet,
3016 4104 3076 4143 se
3096 4089 3452 4160 imaginibus
3474 4091 3653 4146 sacris
3681 4107 3865 4149 vene-

2218 4175 2501 4231 rationem
2534 4192 2653 4231 non
2684 4175 3070 4247 exhibituros,
3106 4194 3270 4234 num.
3309 4178 3394 4236 12.

2291 4274 2571 4372 Anno-767
2588 4273 2988 4372 capronymus
3010 4277 3311 4347 praefectos
3333 4276 3771 4337 crudelissimos
3789 4281 3862 4335 ad

2221 4362 2547 4431 provincias
2582 4363 2778 4430 mittit,
2813 4380 2977 4419 num.
3014 4366 3100 4418 12.

2292 4460 2503 4516 Eodem
2538 4479 2844 4528 anno,xvn
2866 4462 3050 4518 Martii
3083 4462 3275 4535 passio
3308 4464 3369 4543 S,
3392 4464 3555 4519 Pauli
3586 4468 3858 4524 monachi

480 4548 735 4646 martyrii
796 4585 1070 4627 coronam
1130 4565 1348 4634 accepit
1377 4563 1546 4633 (106.)
1578 4562 1721 4615 Cum
1754 4561 1909 4615 enim
1959 4578 2109 4614 anno
2140 4552 2196 4617 D
2224 4549 2279 4601 in
2314 4548 2500 4646 Creta,
2524 4552 2632 4605 sub
2655 4551 3002 4621 Theophane
3034 4552 3340 4623 Lardotyro
3362 4553 3562 4609 insulae
3593 4557 3856 4626 praefecto

476 4666 581 4720 715
611 4663 680 4717 sit
710 4661 769 4715 in
800 4659 989 4713 lucem
1023 4655 1235 4720 editus,
1269 4656 1423 4722 patet
1454 4666 1586 4703 eum
1619 4649 1772 4704 dicto
1803 4665 1952 4702 anno
1981 4650 2110 4716 767,

476 4768 691 4809 annum
727 4748 912 4804 aetatis
941 4747 1011 4799 53
1037 4760 1165 4800 esse
1194 4742 1546 4812 ingressum.
1572 4744 1768 4803 Porro,
1801 4737 1849 4791 si
1882 4752 2113 4792 menses

547 4914 660 4985 (90)
691 4912 968 4968 Analecta
985 4923 1213 4985 graeca,
1235 4921 1290 4985 p.
1320 4904 1437 4985 403“
1453 4907 1515 4985 et.
1540 4902 1660 4985 404.

546 4972 659 5054 (91)
693 4986 899 5052 Pagius
931 4972 1126 5035 adven.
1318 4977 1526 5054 n._:2_et
1555 4973 1627 5028 ad
1663 4988 1757 5027 an.
1788 4972 1913 5041 766,
1949 4989 2004 5028 n.
2038 4973 2106 5040 2;

476 5048 568 5109 Cir
602 5048 875 5109 Analecta
905 5055 1024 5117 Gr.,
1062 5068 1116 5120 p.
1150 5050 1252 5102 403
1282 5052 1338 5120 et
1368 5048 1488 5099 406.

548 5128 659 5195 (93)
692 5126 966 5180 Analecta
995 5119 1115 5181 Gr.,
1149 5137 1203 5195 p.
1236 5119 1434 5195 423Aetﬁ
1456 5133 1576 5195 seq.

546 5185 663 5319 (193’)
695 5196 950 5266 Theoph.
978 5196 1082 5248 loc.
1114 5185 1234 5259 cit.,
1262 5202 1315 5260 ρ.
1335 5188 1459 5241 659.
1487 5186 1695 5257 Pagius
1722 5187 1790 5241 ad
1824 5201 1959 5240 ann.
1984 5185 2107 5251 754,

476 5280 536 5318 Π.
572 5280 660 5319 1υ.

548 5338 655 5403 (94)
690 5336 974 5406 Theoph.,
1009 5352 1062 5406 p.
1091 5334 1217 5387 683.

550 5408 659 5474 195)
694 5402 966 5461 Analecta
996 5405 1117 5471 Gr.,
1151 5422 1204 5475 p.
1237 5403 1340 5458 457
1370 5406 1426 5458 et
1458 5402 1578 5455 477.

548 5478 656 5539 (96)
690 5477 855 5541 It)id.,
890 5494 945 5543 p.
976 5476 1101 5527 460.

548 5548 655 5622 (ἓξ)
679 5546 933 5622 Theoph.
969 5545 1077 5622 lege.
1112 5544 1227 5605 cit.,
1254 5544 1447 5622 _p_._667
1481 5545 1535 5596 et
1566 5557 1681 5609 seq.

544 5615 665 5683 (98)
699 5616 967 5672 Analecta
1002 5615 1118 5675 Gr.,
1155 5632 1205 5683 ιη.
1243 5614 1366 5667 4ἷὲ.

546 5682 655 5752 {99)
689 5688 857 5751 Ibid,
894 5702 945 5754 ρ.
984 5684 1104 5737 476.

2222 4653 2385 4693 num.
2421 4640 2508 4692 12.

2290 4736 2501 4793 Eodem
2554 4754 2729 4805 anno,
2776 4754 2871 4792 xvx
2916 4739 3150 4811 Aprilis,
3201 4740 3493 4798 invaditur
3557 4746 3841 4799 monaste-

2289 4900 2433 4969 (100)
2461 4900 2631 4966 Ibid.,
2666 4917 2718 4968 p.
2754 4901 2881 4955 483.

2291 4973 2434 5039 (161)
2471 4972 2636 5039 lbid.,
2671 4989 2725 5042 p.
2762 4972 2884 5025 486.

2291 5045 2438 5110 (102)
2468 5043 2632 5109 Ibid.,
2668 5060 2722 5113 p.
2753 5044 2875 5097 495.

2290 5114 2437 5182 (103)
2473 5113 2642 5179 Ibid.,
2676 5132 2729 5183 p.
2766 5116 2887 5169 495.

2289 5185 2438 5252 (104)
2472 5185 2639 5255 lbid.,
2669 5203 2721 5254 p.
2754 5187 2857 5238 499
2878 5190 2933 5242 et
2959 5186 3085 5243 503.

2292 5255 2438 5327 (105)
2469 5255 2638 5327 Ibid.,
2670 5274 2724 5327 p.
2757 5258 2881 5312 521.

2292 5326 2433 5391 (106)
2461 5326 2552 5381 Cir
2583 5326 2785 5397 Pagius
2816 5330 2886 5383 ad
2920 5344 3015 5383 an.
3048 5328 3172 5395 766,
3207 5346 3265 5383 n.
3299 5333 3351 5383 2.

2290 5397 2433 5469 (167)
2470 5397 2737 5469 analecta
2765 5401 2883 5467 Gr.,
2919 5417 2970 5469 p.
3006 5400 3128 5464 475,
3164 5401 3265 5454 499
3296 5406 3351 5456 et
3380 5402 3505 5455 518.

2290 5468 2438 5540 (108)
2469 5467 2615 5540 Edit.
2651 5470 2857 5529 Bonn..
2980 5472 3067 5524 81.

2315 5538 2432 5600 109)
2469 5536 2597 5592 Loc.
2634 5541 2757 5601 cit.,
2784 5536 2975 5595 674-91.
3006 5542 3128 5595 6S4.

2290 5541 2432 5603 (109)
2469 5541 2597 5592 Loc.
2634 5541 2757 5601 cit.,
2784 5543 2887 5595 674
2920 5546 2975 5595 et
3006 5542 3128 5595 6S4.

2290 5607 2436 5677 (110)
2468 5609 2678 5679 Pagius
2708 5613 2776 5665 ad
2810 5629 2900 5667 an.
2935 5614 3059 5679 765,
3094 5629 3250 5669 num.
3292 5616 3341 5670 1.
