4142 6248
324 304 474 369 1101

1489 302 1673 365 VlTA
1715 303 1778 367 S.
1824 303 2168 366 ANDREE
2210 305 2287 365 IN
2331 306 2553 371 CRISl.

3559 320 3716 381 1102

317 470 468 526 rium
497 467 772 524 Pelecetaz
801 463 863 521 in
891 462 1030 521 Asia
1059 464 1128 520 ad
1159 462 1619 537 Hellespontum,
1639 481 1672 520 a
1692 463 1969 522 Michaele
1997 463 2054 532 Α
2081 465 2317 536 quidem
2349 469 2596 538 nonulli,
2640 475 2704 527 ut
2750 471 3075 540 Hoﬂ‘mann,
3125 473 3309 542 Balbi,
3340 479 3473 544 etc.,
3520 477 3716 535 vicum

321 558 870 616 Lachanodraconte
898 555 1050 610 Asias
1077 553 1366 625 praefecto,
1403 571 1570 609 num.
1606 554 1692 611 13.

395 647 608 703 Eodem
646 660 818 700 anno.
851 661 891 699 ιι
950 642 1136 711 Junii,
1171 642 1364 714 passio
1423 643 1492 697 38
1549 642 1970 698 monachorum

324 737 590 807 ejusdem
660 732 1020 796 monasterii,
1081 749 1115 787 a
1174 732 1727 788 Lachanodraconte
1793 747 1971 805 prope

326 824 620 895 Ephesum
653 825 818 877 terra:
841 821 992 876 mole
1016 819 1374 887 obrutorum,
1410 835 1572 876 num.
1605 820 1692 875 13.

398 911 615 968 Eodem
673 926 828 966 anno
859 926 932 965 xx
972 908 1257 978 Octobris,
1298 908 1494 980 passio
1528 909 1582 964 S.
1615 909 1856 965 Andreas
1909 909 1971 965 in

330 1003 499 1074 Crisi,
520 1017 680 1057 num.
709 1000 796 1056 19.

397 1095 564 1148 Anno
619 1090 748 1158 771,
815 1103 914 1144 vm
974 1086 1140 1158 Julii,
1199 1087 1389 1160 passio
1448 1089 1506 1145 S.
1566 1087 1731 1144 Pauli

328 1197 494 1238 num.
526 1179 616 1234 23.

325 1271 354 1338 §
395 1269 495 1325 ΙΙΙ.
537 1268 854 1340 Inquirilur
879 1268 940 1322 in
971 1270 1140 1322 vitam
1169 1267 1228 1322 S.
1260 1265 1522 1322 Andreae.
1566 1266 1818 1322 Actorum
1855 1265 1972 1321 loca

804 1355 1075 1411 nonnulla
1104 1355 1493 1411 illustrantur.

394 1447 487 1501 27.
529 1447 589 1501 S.
623 1445 886 1500 Andreas
917 1447 1091 1500 natus
1129 1452 1216 1498 est
1245 1443 1304 1498 in
1351 1442 1544 1498 insula
1572 1446 1757 1510 Creta,
1789 1447 1854 1498 ut
1884 1447 1970 1498 te-

328 1542 561 1597 stantur
590 1537 721 1608 ejus
749 1541 886 1590 Acta
916 1539 972 1591 et
1002 1535 1308 1608 synaxaria
1336 1535 1554 1603 omnia,
1583 1539 1707 1591 tum
1743 1550 1971 1606 excusa,

329 1634 457 1686 tum
515 1643 661 1683 mss.
717 1627 1083 1682 Assemanus
1140 1623 1351 1681 asserit
1398 1626 1612 1680 Mena-2a
1665 1624 1971 1695 impressa,

330 1733 460 1774 eum
503 1733 572 1772 ex
602 1732 721 1771 una
748 1713 980 1770 urbium
1011 1714 1188 1770 Creta:
1229 1713 1548 1768 oriundum
1583 1713 1768 1768 facere
1798 1714 1971 1784 (111),

1808 1088 1968 1156 Novi,

2081 555 2555 628 Castel-priotisa
2578 567 3055 630 commemorant,
3081 579 3195 619 non
3222 566 3423 635 procul
3447 583 3480 620 a
3502 567 3720 623 Candia

2079 643 2278 711 situm,
2313 663 2346 700 a
2404 647 2535 701 rudi
2593 653 2763 719 gente
2806 649 3156 717 habitatum,
3189 657 3248 707 at
3278 655 3549 708 eumdem
3591 672 3719 711 esse

2080 749 2212 788 cum
2246 734 2368 790 loco
2399 737 2500 806 qui
2542 739 2730 794 medio
2763 756 2881 794 aevo
2910 740 3178 794 Castrum
3227 741 3548 811 dicebatur,
3573 744 3720 801 nihil

2080 829 2169 879 est
2201 826 2438 881 omnino
2497 829 2652 898 quod
2686 827 2921 894 indicet,
2967 833 3024 883 et
3055 829 3160 883 hac
3191 831 3262 884 de
3296 847 3355 886 re
3403 833 3488 887 vel
3521 836 3717 903 conje-

2080 920 2298 969 cturam
2321 915 2578 972 emittere
2603 917 2910 971 ridiculum
2943 921 3111 972 esset.
3147 919 3226 972 Ex
3255 935 3322 973 eo
3343 924 3537 976 autem
3563 923 3718 992 quod

2080 1001 2138 1056 S.
2181 1003 2438 1059 Andreas
2471 1009 2690 1076 martyr
2745 1005 2802 1059 in
2858 1007 3020 1061 Creta
3052 1010 3224 1061 natus
3277 1008 3515 1074 feratur,
3545 1013 3718 1065 Baro-

2077 1088 2216 1145 nius
2250 1093 2304 1145 et
2333 1090 2431 1146 alii
2471 1099 2603 1148 ante
2633 1093 2810 1161 hunc,
2843 1108 2977 1150 eum
3011 1111 3123 1150 non
3161 1094 3452 1152 immerito
3482 1099 3720 1154 Creten-

2083 1194 2202 1234 sem
2224 1185 2500 1234 vocarunt
2529 1181 2703 1251 (116),
2736 1197 2840 1236 nec
2873 1181 3002 1238 ideo
3031 1188 3185 1239 certe
3205 1200 3336 1239 cum
3374 1185 3546 1257 Pagio
3568 1188 3717 1258 (117)

2083 1266 2197 1322 dici
2247 1271 2457 1338 potest,
2489 1268 2804 1323 Baronium
2837 1275 3149 1340 martyrem
3181 1271 3337 1326 hunc
3367 1273 3439 1326 ab
3489 1275 3720 1330 Andrea

2082 1355 2374 1428 episcopo,
2406 1357 2680 1412 similiter
2717 1359 2971 1412 Cretensi
3003 1359 3178 1428 dicto,
3214 1376 3325 1415 non
3359 1361 3718 1430 distinxisse,

2083 1461 2220 1500 nam
2250 1446 2309 1500 in
2333 1446 2740 1502 Notationibus
2772 1450 2839 1503 ad
2873 1448 3307 1521 Martyrogium,
3342 1452 3435 1507 die
3463 1469 3578 1507 xvu
3609 1452 3718 1507 Oc-

2080 1533 2282 1600 tobris,
2309 1539 2502 1605 aperte
2523 1535 2675 1590 inter
2701 1539 3017 1608 utrumque
3037 1537 3363 1609 distinguit.

2151 1625 2239 1678 28.
2301 1624 2380 1678 De
2434 1623 2566 1678 Vita
2611 1628 2668 1679 S.
2725 1625 2966 1680 Andreae
3026 1626 3082 1680 in
3133 1627 3298 1682 Creta
3343 1631 3491 1694 acta,
3543 1645 3724 1700 pauca

2081 1712 2395 1768 admodum
2465 1712 2866 1768 innotuerunt.
2926 1714 3131 1770 Petrus
3206 1717 3277 1770 de
3360 1717 3720 1785 Blachernis,

331 1807 433 1864 sed
483 1804 858 1861 doctissimus
915 1803 1002 1858 vir
1059 1806 1326 1858 accurate
1367 1803 1560 1894 verba
1605 1802 1800 1894 Graeca
1857 1817 1971 1856 non
2005 1815 2271 1894 Bquem‘
2315 1801 2700 1894 Theophanes
2757 1803 2830 1856 ad
2885 1819 3105 1894 annum
3164 1804 3376 1860 Christi
3417 1807 3521 1859 767
3551 1806 3723 1876 (118),

331 1894 708 1968 expenderit:
783 1891 1026 1963 Γέννημα
1115 1890 1206 1944 καὶ
1292 1890 1510 1965 θρέμμα
1593 1889 1781 1965 γὲγονε
1871 1895 1971 1957 τῆς

332 1982 718 2057 εὐνομωτάτης
769 1985 876 2036 τῶν
905 1980 1121 2036 πόλεων
1166 1983 1407 2053 Κρήτης.
1441 1983 1704 2038 Raderus
1753 1986 1971 2048 noster,

333 2075 432 2146 qui
465 2074 661 2130 omnia
716 2077 1065 2129 Menaeorum
1114 2072 1425 2144 synaxaria
1471 2071 1667 2126 Latine
1697 2070 1974 2140 interpre-

329 2167 486 2219 tatus
525 2166 634 2231 est,
675 2165 731 2217 et
771 2161 938 2230 cujus
967 2176 1112 2230 Opus
1152 2175 1288 2227 ms.,
1323 2160 1380 2214 in
1441 2158 1797 2214 Bibliotheca
1827 2159 1973 2212 Bur-

333 2250 588 2323 gundica
641 2249 997 2304 Bruxellensi
1045 2252 1381 2304 asservatur
1410 2249 1555 2320 (112)
1587 2248 1858 2303 eumdem
1890 2246 1973 2301 lo-

333 2355 466 2395 cum
491 2339 737 2394 obscure
767 2345 986 2393 vertere
1018 2335 1227 2392 maluit
1261 2354 1273 2391 :
1308 2337 1490 2392 Natus
1518 2340 1573 2391 et
1595 2337 1867 2391 educatus
1887 2339 1978 2391 est

331 2428 392 2483 in
449 2427 671 2498 optime
724 2431 946 2482 morata
993 2426 1225 2481 civitate
1300 2425 1501 2481 Cretae.
1566 2426 1674 2481 Sed
1733 2425 1977 2479 dubium

335 2531 506 2572 omne
539 2513 687 2570 tollit
717 2513 1138 2586 Metaphrastes
1169 2530 1236 2569 ex
1267 2530 1380 2584 quo
1413 2515 1760 2570 Menmorum
1793 2513 1976 2584 Syna-

336 2605 588 2672 xarium,
622 2607 688 2659 ut
738 2604 1070 2673 frequenter
1108 2601 1412 2674 contingit,
1446 2601 1807 2674 descriptum
1839 2607 1926 2658 est
1961 2615 1974 2656 :

340 2694 575 2767 Ἥνεγκε
636 2691 742 2762 μὴν
801 2689 906 2766 γὰρ
961 2689 1119 2744 αὐτὸν
1167 2691 1202 2758 ἡ
1257 2688 1608 2762 εὐνομωτάτη
1677 2689 1809 2744 ποτὲ
1866 2693 1975 2743 τῶν

337 2778 555 2834 πόλεων
607 2781 798 2852 Κρήτη
858 2779 1030 2848 (infra
1087 2795 1250 2833 num.
1312 2781 1390 2848 3).
1431 2780 1508 2833 Ex
1538 2779 1751 2849 quibus
1799 2779 1978 2832 mani-

340 2869 555 2924 festum
584 2873 691 2932 est,
740 2866 1173 2937 Metaphrasten
1221 2867 1293 2920 de
1323 2866 1574 2936 legibus,
1623 2882 1765 2936 quas
1797 2866 1978 2920 Minos

337 2958 472 3014 olim
503 2955 878 3013 Cretensibus
911 2955 1172 3021 tradidit,
1205 2969 1532 3008 sermonem
1567 2954 1768 3008 facere.
1806 2953 1978 3008 inso-

329 3047 500 3104 litum
524 3045 762 3117 quidem
791 3047 875 3099 est
897 3039 1061 3096 πόλιν
1095 3042 1249 3113 apud
1273 3041 1470 3097 mediae
1503 3042 1824 3098 Graecitatis
1845 3040 1982 3096 scri-

341 3141 560 3209 ptores,
593 3151 708 3190 non
741 3131 812 3188 de
860 3133 1000 3187 urbe
1047 3130 1244 3202 aliqua
1297 3130 1410 3186 dici
1446 3129 1612 3204 (113),
1644 3131 1746 3186 sed
1795 3133 1864 3186 de
1895 3131 1978 3185 ci-

340 3226 530 3294 vibus,
553 3221 654 3294 qui
702 3219 930 3292 legibus
969 3219 1385 3275 communibus
1425 3223 1714 3290 reguntur
1744 3233 1984 3287 ;verum

341 3313 400 3369 in
436 3311 850 3383 Metaphraste,
883 3324 1052 3378 quem
1079 3324 1148 3364 ex
1189 3305 1421 3378 scriptis
1444 3311 1602 3378 patet
1635 3306 1694 3360 in
1727 3305 1985 3377 antiquis

342 3400 552 3458 litteris
585 3416 699 3455 non
759 3396 1133 3453 mediocriter
1171 3400 1464 3451 versatum
1489 3409 1612 3450 esse
1643 3398 1700 3449 et
1745 3393 1985 3449 allusio-

349 3508 452 3548 nes
501 3489 809 3545 historicas
832 3485 1159 3550 adamasse,
1189 3485 1247 3539 id
1282 3484 1494 3538 mirum
1527 3483 1708 3538 videri
1741 3499 1854 3537 non
1888 3483 1986 3538 de-

349 3582 465 3637 bet.
499 3578 666 3648 Apud
717 3575 1031 3630 Hesiodum
1062 3577 1276 3639 autem,
1305 3571 1722 3643 Thucydidem,
1766 3570 1984 3626 Isocra-

351 3674 492 3733 tem,
527 3663 889 3720 Aristotelem
915 3661 1197 3732 aliosque,
1228 3657 1389 3713 πόλιν
1421 3661 1576 3714 cives
1606 3675 1989 3730 quoscunque

350 3756 558 3811 iisdem
590 3753 819 3824 legibus
856 3754 1044 3806 rectos
1075 3750 1438 3821 designasse,
1470 3751 1628 3803 extra
1657 3752 1986 3803 controver-

352 3846 500 3900 siam
541 3848 628 3896 est
679 3840 852 3911 (114).
891 3839 1061 3894 Porro
1092 3838 1152 3893 in
1211 3837 1368 3894 Actis
1421 3837 1635 3893 nostris
1673 3836 1985 3908 prioribus,

349 3938 403 3989 S.
439 3933 697 3989 Andreas
739 3934 909 3986 natus
940 3929 1150 3984 dicitur
1177 3929 1236 3984 in
1270 3928 1414 3995 loco,
1450 3928 1549 4000 qui
1597 3929 1865 3984 Castrum
1899 3928 1986 3982 di-

350 4022 584 4078 cebatur
631 4019 804 4090 (infra
844 4033 1002 4074 num.
1052 4018 1156 4089 6):
1195 4017 1281 4070 ’Ev
1327 4020 1406 4087 τῷ
1463 4012 1841 4090 ἐπιλεγομένῳ
1889 4020 1992 4082 τῆς

354 4109 580 4183 Κρήτης
612 4108 880 4180 Καστρῳ;
924 4111 981 4162 et
1011 4105 1092 4161 ita
1121 4105 1294 4161 verba
1340 4105 1440 4160 illa
1471 4106 1810 4175 accipienda
1839 4120 1989 4170 esse,

354 4197 734 4254 manifestum
790 4196 1019 4251 videtur
1065 4211 1134 4250 ex
1181 4195 1254 4250 iis
1295 4210 1422 4264 quas
1467 4195 1525 4249 in
1575 4194 1784 4248 iisdem
1844 4193 1994 4246 Actis

354 4290 544 4358 (num.
610 4287 696 4355 16)
762 4284 1006 4339 deloco
1072 4282 1248 4337 Crisis
1305 4281 1571 4351 leguntur
1620 4297 1634 4335 :

357 4373 737 4446 ἐπιλεγομένῳ
778 4371 969 4442 Κρίσις
1015 4387 1030 4438 ;
1082 4369 1179 4424 hic
1210 4369 1364 4424 enim
1413 4369 1484 4423 de
1512 4384 1716 4423 vocum
1770 4367 1996 4440 signiﬁ-

359 4468 494 4519 catu
548 4476 719 4516 nemo
754 4459 964 4513 dubius
995 4455 1255 4512 haerebit.
1298 4457 1639 4527 Quanquam
1671 4459 1865 4511 autem
1898 4473 1999 4527 op-

2084 1905 2188 1962 pro
2246 1890 2472 1944 Andrea
2520 1893 2712 1945 nostro
2762 1891 2954 1959 posuit
2985 1891 3135 1958 (vide
3192 1909 3372 1963 supra
3410 1910 3573 1947 num.
3609 1894 3724 1965 14),

2084 1977 2157 2032 ab
2204 1978 2404 2032 eodem
2446 1977 2604 2048 Styla
2633 1984 3026 2048 nuncupatur,
3062 1996 3233 2051 quam
3275 1981 3720 2052 appellationem

2086 2067 2158 2121 ad
2189 2067 2248 2122 S.
2281 2067 2576 2120 Andream
2599 2066 3061 2122 transferendam
3093 2085 3242 2136 esse,
3275 2070 3562 2140 conjicere
3593 2071 3725 2140 quis

2088 2157 2278 2225 posset
2305 2156 2334 2208 ‘?
2363 2155 2442 2208 De
2482 2153 2586 2209 hac
2620 2169 2678 2209 re
2709 2155 2962 2223 adverto,
2995 2156 3228 2226 stylitas
3257 2157 3433 2212 etiam
3466 2157 3580 2213 fors
3609 2158 3724 2213 dici

2087 2244 2364 2314 potuisse,
2391 2243 2490 2314 qui
2521 2243 2577 2298 in
2601 2243 2727 2300 loco
2741 2245 2964 2300 excelso
2986 2245 3192 2300 cellam
3221 2263 3384 2300 suam
3407 2247 3722 2314 habebant,

2085 2331 2174 2387 vel
2205 2348 2450 2404 quorum
2509 2331 2717 2387 cellula
2744 2331 2803 2386 in
2859 2332 3138 2387 columnae
3170 2333 3410 2389 formam
3440 2339 3728 2390 exstructa

2086 2421 2276 2476 fuerat
2305 2440 2320 2488 ;
2357 2437 2488 2474 nam
2517 2420 2574 2474 id
2607 2420 2921 2491 aliquando
2952 2421 3168 2476 factum
3200 2437 3328 2477 esse
3356 2427 3506 2493 patet
3524 2438 3591 2478 ex
3618 2425 3726 2478 Ac-

2084 2509 2162 2565 tis
2191 2513 2246 2562 S.
2280 2508 2558 2580 Stephani
2589 2508 2866 2573 Junioris,
2901 2510 3069 2579 cujus
3101 2510 3307 2580 exigua
3347 2509 3509 2575 cella,
3551 2527 3727 2582 quam

2085 2597 2213 2669 ipse
2263 2597 2374 2652 sibi
2435 2599 2494 2652 in
2551 2595 2744 2650 insula
2801 2596 3169 2652 Proconneso
3217 2598 3622 2667 aadiﬁcaverat,
3655 2600 3727 2653 ab

2086 2687 2214 2756 ejus
2263 2685 2582 2757 biograpbo
2645 2682 2970 2752 στολοειδής
3035 2691 3276 2742 vocatur
3335 2704 3349 2742 :
3409 2683 3730 2748 Στυλοειδές

2091 2775 2284 2847 μικρὸν
2326 2767 2674 2846 ἕγκλειστρον
2708 2772 2758 2826 ἐν
2787 2778 2865 2844 τῷ
2893 2773 3048 2845 τόπῳ
3090 2772 3527 2846 ἀνοικοδομήσας
3556 2777 3727 2848 (119).

2087 2863 2232 2917 Dein
2263 2862 2496 2916 Petrum
2530 2862 2601 2917 de
2633 2863 2990 2932 Blachernis,
3025 2881 3057 2918 a
3088 2863 3440 2935 Theophane
3468 2863 3728 2936 Stylitam

2090 2950 2334 3014 dictum,
2393 2951 2548 3005 idem
2614 2951 2672 3006 S.
2740 2951 3070 3022 Stephanus
3131 2956 3474 3023 nuncupat:
3529 2952 3634 3008 Τὸν
3675 2950 3728 3005 ἐν

2090 3034 2425 3110 Βλαχὲρναῐς
2455 3036 2928 3112 ἐγκεκλεισμένον,
2986 3042 3141 3112 quod
3199 3043 3270 3096 de
3324 3042 3443 3097 veri
3474 3041 3730 3096 nominis

2091 3125 2292 3196 stylita
2321 3127 2429 3179 dici
2466 3143 2581 3182 non
2622 3133 2832 3197 posset.
2868 3130 2926 3184 Si
2957 3129 3135 3200 igitur
3170 3131 3224 3184 S.
3257 3134 3462 3186 Petrus
3496 3132 3566 3186 de
3598 3131 3729 3185 Bla-

2093 3214 2324 3271 chernis
2373 3213 2568 3285 stylita
2622 3216 2753 3282 fuit,
2813 3217 3219 3287 accipiendum
3279 3220 3336 3272 id
3395 3223 3484 3274 est
3539 3219 3732 3274 latiori

2095 3320 2310 3372 sensu;
2342 3305 2440 3360 sed
2475 3319 2606 3358 cum
2639 3304 3024 3374 Theophanes
3055 3306 3160 3360 hoc
3194 3306 3317 3362 loco
3356 3309 3592 3362 Petrum
3628 3325 3730 3378 pro

2096 3392 2328 3447 Andrea
2383 3391 2662 3462 posuerit,
2713 3406 2818 3446 nec
2871 3393 3046 3447 addat
3093 3408 3224 3448 eum
3276 3395 3334 3449 in
3393 3395 3731 3452 Blachernis

2096 3481 2306 3536 vixisse
2331 3481 2461 3551 (cfr.
2495 3495 2675 3551 supra
2704 3497 2867 3548 num,
2903 3481 2968 3534 14
3010 3483 3215 3553 seqq.),
3248 3483 3318 3538 ad
3352 3499 3570 3539 annum
3601 3501 3732 3540 vero

2095 3570 2194 3622 761
2232 3567 2482 3625 vicissim
2515 3568 2806 3624 Andream
2841 3585 2942 3638 pro
2975 3569 3139 3625 Petro
3179 3571 3408 3638 scribat,
3443 3573 3734 3642 addatque

2098 3673 2230 3713 eum
2271 3657 2340 3711 ad
2393 3655 2742 3712 Blachernas
2775 3657 3066 3713 habitasse
3096 3662 3153 3714 et
3199 3659 3506 3731 calybitam
3556 3662 3735 3717 fuisse

2099 3747 2316 3801 dictum
2357 3745 2560 3816 (supra
2616 3745 2806 3816 ibid.),
2836 3746 2982 3801 mihi
3041 3763 3185 3816 pene
3234 3754 3457 3803 certum
3488 3753 3598 3816 est,
3630 3751 3736 3806 Pe-

2098 3841 2250 3889 trum
2285 3833 2354 3889 de
2388 3833 2738 3899 Blachernis,
2758 3849 2826 3888 ex
2855 3835 3245 3906 appellatione
3267 3853 3381 3906 qua
3409 3839 3462 3892 S.
3490 3838 3737 3908 Stepha-

2098 3940 2208 3979 nus
2243 3923 2446 3987 utitur,
2480 3923 2536 3977 in
2596 3921 2933 3978 Blachernis
2987 3939 3116 3979 vere
3176 3925 3483 3997 calybitam
3519 3943 3621 3982 seu
3654 3927 3735 3981 in-

2098 4013 2328 4069 clusum
2362 4009 2561 4075 fuisse,
2623 4027 2740 4065 non
2790 4014 2983 4066 autem
3022 4012 3302 4083 stylitam.
3355 4014 3740 4084 Theophanes

2101 4099 2279 4170 igitur
2307 4098 2458 4153 sicut
2487 4097 2746 4169 calybitae
2804 4115 3017 4154 nomen
3049 4117 3082 4154 a
3138 4100 3303 4155 Petro
3343 4102 3412 4156 ad
3443 4103 3738 4157 Andream

2102 4185 2423 4251 transtulit,
2455 4184 2711 4240 vicissim
2771 4201 2976 4241 nomen
3035 4188 3240 4258 stylitw
3297 4189 3368 4243 ab
3408 4191 3637 4245 Andrea
3667 4192 3739 4245 ad

1695 4281 1783 4335 ’Ev
1845 4278 1997 4350 τόπῳ
2104 4275 2337 4328 Petrum
2369 4271 2553 4343 potuit
2585 4272 2918 4327 transferre.
2959 4273 3141 4330 Nemo
3171 4275 3327 4332 enim
3357 4277 3416 4332 S.
3447 4279 3740 4334 Andream

2107 4361 2417 4434 calybitam
2450 4361 2614 4428 dixit,
2648 4365 2858 4432 praeter
2912 4362 3321 4434 Theophanem
3365 4371 3421 4421 et
3478 4368 3577 4439 qui
3609 4385 3740 4424 eum

2107 4450 2394 4522 explicare
2423 4449 2631 4515 solent,
2675 4451 2951 4517 Zonaras,
3001 4452 3291 4508 Cedrenus
3323 4455 3467 4526 (120)
3499 4462 3557 4512 et
3592 4457 3745 4511 Pau-

363 4551 567 4622 pidum
629 4548 1032 4620 quodcunque,
1087 4545 1409 4616 praesertim
1462 4545 1513 4599 si
1571 4544 1860 4600 munitum
1903 4545 1997 4615 sit,
2032 4539 2198 4614 [)lus
2229 4538 2518 4592 Diaconos
2549 4540 2607 4592 in
2641 4537 2922 4594 Miscella.
2955 4538 3164 4594 Verum
3198 4541 3319 4596 haec
3351 4548 3439 4598 est
3469 4543 3584 4598 sola
3615 4560 3747 4614 pro-

362 4638 612 4694 testibus
644 4638 909 4691 Cretsero
952 4639 1150 4690 nostro
1182 4639 1236 4690 et
1275 4633 1457 4690 Goaro
1486 4633 1546 4687 in
1577 4633 1792 4688 Codino
1823 4635 1997 4688 Curo-

2106 4628 2262 4683 batio
2316 4644 2442 4698 quae
2482 4627 2692 4683 adduci
2724 4632 2922 4699 queat,
2953 4630 3064 4684 nisi
3117 4630 3263 4685 forte
3294 4632 3362 4686 ad
3392 4633 3634 4687 Andreae
3662 4633 3746 4687 vi-

366 4727 560 4800 palata
608 4725 899 4780 illustrato
933 4724 1099 4796 (115),
1129 4723 1359 4796 κάστρον
1387 4723 1621 4791 dicitur,
1654 4723 1707 4778 id
1749 4727 1901 4777 certe
1928 4722 1998 4776 de
2108 4724 2224 4773 tam
2284 4715 2595 4788 stylilicam
2634 4716 2856 4772 alludat
2909 4718 3197 4788 Iosephus
3239 4719 3747 4792 Hymnographus,

364 4821 487 4872 tota
513 4816 680 4872 Creta
724 4814 835 4869 dici
865 4814 1087 4884 nequit,
1111 4821 1164 4868 et
1195 4813 1430 4884 quidem
1460 4811 1996 4883 interpretationem

2107 4807 2164 4860 in
2205 4805 2615 4875 antiquissimo
2672 4821 2892 4860 canone
2950 4806 3325 4875 Menaeorum,
3378 4810 3484 4865 ode
3540 4825 3748 4880 nempe

371 4903 710 4975 hujusmodi
742 4903 914 4959 verba
969 4903 1166 4958 Graeca
1203 4907 1398 4974 aperte
1460 4904 1764 4972 respuunt.
1826 4901 1999 4955 Porro
2108 4895 2281 4950 tertia
2305 4898 2362 4949 et
2408 4893 2679 4966 septima,
2710 4894 2963 4963 trepario
3022 4900 3062 4949 Ι.
3123 4896 3461 4970 Stylitarum
3517 4897 3749 4954 vivendi

373 4995 638 5048 Castrum
680 4991 845 5048 locus
893 4993 1066 5048 Crete
1123 5006 1237 5046 non
1289 4988 1456 5046 valde
1503 4989 1750 5058 insignis
1807 4987 2001 5052 fuerit,

2113 4983 2392 5039 rationem
2417 4983 2464 5038 si
2497 4983 2632 5053 quis
2663 4998 2899 5038 noscere
2930 4983 3142 5054 cupiat,
3182 4983 3346 5054 plura
3374 4985 3444 5041 de
3490 4985 3563 5041 iis
3594 5002 3755 5057 repe-

369 5099 504 5138 cum
528 5083 680 5154 apud
715 5080 1076 5153 geographos
1108 5095 1400 5150 nusquam
1435 5079 1696 5150 prodeat.
1729 5078 2004 5133 Recentes
2116 5073 2222 5128 riet
2250 5072 2310 5127 in
2360 5071 2518 5128 Actis
2552 5072 2786 5139 nostris,
2830 5071 2900 5126 ad
2930 5087 2963 5127 v
2991 5071 3274 5140 Januarii,
3307 5075 3539 5144 quando
3569 5078 3626 5132 S.
3659 5075 3753 5130 Si-

445 5337 598 5407 (111)
629 5327 1299 5407 Kalendar_ia_Ecclesiaa,
1331 5329 1373 5382 t.
1397 5325 1464 5397 V,
1497 5340 1554 5396 p.
1578 5324 1701 5380 304.

448 5402 597 5483 in?)
619 5407 738 5483 Sllb
770 5422 828 5483 ξ’
866 5402 1052 5483 ⁷8β3λ.
1227 5469 1240 5483 .

454 5469 602 5548 (113)
633 5479 744 5533 Cfr.
768 5475 968 5548 Cangii
991 5469 1349 5548 Glossarium
1380 5469 1661 5548 graecum.

456 5541 603 5618 (114)
635 5548 748 5602 Cfr.
772 5541 1051 5618 Stephani
1071 5544 1362 5618 Thesaur._
1382 5541 1558 5618 Graec.

457 5609 700 5693 (14531).
732 5609 1025 5685 212,’edit.
1077 5614 1254 5672 Paris.
1299 5612 1412 5668 on.
1447 5611 1746 5682 Cangium,
1779 5610 1886 5666 loc.
1920 5609 2020 5665 cit.

2191 5327 2318 5396 (116
2350 5326 2433 5382 Ad
2467 5342 2562 5380 an.
2601 5327 2729 5393 762,
2764 5343 2821 5381 n.
2860 5330 2908 5380 1.

2195 5398 2342 5463 (117)
2375 5397 2460 5452 Ad
2491 5415 2583 5452 an.
2607 5399 2735 5465 761,
2768 5416 2824 5452 n.
2858 5399 2914 5452 2-

2195 5469 2340 5541 (118)
2371 5468 2732 5538 Theophan.,
2763 5469 2871 5524 loc.
2902 5470 3023 5535 oit.,
3057 5487 3112 5541 p.
3143 5473 3269 5530 683.

2197 5540 2348 5613 (110)
2378 5541 2648 5613 Analecta
2679 5544 2892 5607 Grmca,
2916 5559 2970 5613 p.
3009 5540 3130 5598 486.

2199 5611 2345 5681 (120)
2377 5613 2440 5665 Ρ.
2477 5612 2560 5666 11.
2594 5613 2734 5670 edit.
2767 5611 2949 5670 Bonn.
