4142 6248
434 319 586 380 1103

431 500 600 539 meon
643 481 973 555 stylitarum
1034 474 1449 543 antesignanus
1507 469 1718 525 colitur
1776 466 1791 535 (

431 571 561 628 aliis
593 550 735 626 locis
768 567 1040 639 plurimis.
1076 563 1158 618 Cl.
1192 564 1253 618 B.
1303 561 1470 625 Hase,
1502 557 1589 612 vir
1618 558 1819 611 Graecae
1870 550 2062 608 erudi-

429 661 601 716 tionis
624 659 914 724 maximae,
942 655 998 708 in
1024 652 1176 708 notis
1202 652 1271 705 ad
1291 652 1538 704 Leonem
1561 643 2060 712 Diaconum(t22),

429 749 693 803 observat
724 745 955 815 stylitas
989 756 1174 811 usque
1211 740 1282 793 ad
1325 734 1600 793 saeculum
1632 748 1708 787 χιι
1739 732 1798 786 in
1830 731 2061 786 Oriente

428 837 796 908 perdurasse,
848 828 1280 900 Papehrochius
1336 843 1467 881 vero
1527 821 1908 894 deprehendit
1963 834 2059 872 eo-

428 907 691 979 rumdem
745 922 1068 976 institutum
1128 918 1275 987 apud
1334 915 1631 970 Rutbenos
1681 909 1933 982 viguisse
1989 907 2059 962 ad

427 1031 535 1069 sua
565 1028 752 1083 usque
782 1016 1043 1079 tempora
1083 1006 1253 1075 (123).

497 1103 586 1157 29.
649 1107 844 1167 Porro,
911 1099 959 1152 si
1045 1094 1357 1166 styliticam
1419 1092 1595 1146 vitam
1650 1090 1707 1145 S.
1769 1087 2061 1142 Andream

428 1189 756 1260 amplexum
788 1203 917 1241 esse
950 1186 1145 1239 minus
1177 1183 1413 1237 evidens
1443 1187 1545 1244 est,
1587 1182 1740 1233 certe
1770 1192 1904 1232 eum
1938 1191 2060 1229 mo-

428 1277 680 1332 nachum
739 1274 823 1329 vel
858 1273 1270 1328 anachoretam
1304 1269 1501 1330 fuisse,
1536 1282 1704 1321 nemo
1753 1263 2060 1320 dubitabit.

426 1365 738 1420 Permultis
770 1363 829 1418 id
864 1360 1217 1417 testimoniis
1250 1359 1573 1422 adstruere,
1608 1354 1795 1418 facile,
1828 1354 1928 1408 sed
1961 1368 2057 1406 su-

429 1469 851 1524 pervacaneum
890 1452 1035 1505 foret
1072 1466 1084 1504 :
1118 1464 1221 1503 nec
1253 1446 1410 1501 aliud
1440 1445 1531 1500 hic
1558 1443 1854 1499 aﬂerimus
1885 1456 2059 1512 quam

428 1557 708 1596 canoncm
736 1542 858 1610 jam
883 1539 1205 1604 laudatum,
1240 1541 1371 1590 ante
1402 1534 1663 1589 medium
1696 1529 1970 1587 saeculum
2006 1543 2060 1581 ιχ

430 1647 463 1683 a
503 1630 559 1684 S.
620 1628 875 1699 Josepho
934 1626 1327 1695 conscriptum
1370 1624 1536 1693 (124).
1589 1621 1673 1676 Ibi
1710 1620 1905 1690 igitur,
1954 1617 2061 1672 ode

429 1717 635 1787 prima,
657 1716 906 1785 tr0pario
926 1713 1112 1780 tertio,
1138 1713 1418 1767 Sanctum
1450 1712 1800 1779 ajuventute
1821 1709 2057 1776 captum

430 1806 716 1861 desiderio
748 1803 979 1869 Christi,
1014 1802 1275 1856 laztanter
1305 1816 1534 1854 crucem
1567 1798 1776 1868 suique
1798 1799 2057 1867 abnega-
2094 1816 2148 1881 B

431 1895 649 1950 tionem
672 1893 1003 1964 amplexum
1028 1906 1154 1945 esse
1178 1889 1317 1944 dicit
1342 1906 1353 1954 ;
1378 1890 1482 1944 ode
1515 1904 1648 1942 vero
1673 1902 1844 1955 nona,
1879 1893 2066 1956 tropa-

431 1984 515 2037 rio
546 1982 821 2047 secundo,
844 1997 973 2036 eum
999 1979 1434 2044 monachorum,
1467 1976 1557 2031 vel
1581 1976 2060 2030 anachoretarum

431 2073 607 2126 decus
637 2070 890 2141 appellat
923 2086 935 2122 :
969 2066 1322 2133 Μοναζὸντων
1353 2062 1806 2139 ἐγκαλλώπισμα.
1833 2066 1892 2119 In
1918 2079 2062 2135 quo-

430 2159 565 2213 dam
590 2158 910 2227 Menologio
935 2156 1169 2211 Moscho
1195 2172 1323 2222 ms.,
1348 2154 1466 2220 cui,
1490 2153 1573 2209 uti
1594 2157 1650 2208 et
1670 2152 1889 2207 tabulis
1913 2154 2063 2224 ﬁgu-

427 2248 567 2301 ratis
601 2248 669 2301 de
701 2246 915 2317 quibus
948 2261 1111 2299 num.
1143 2244 1197 2310 2,
1233 2244 1404 2297 ﬁdere
1450 2258 1674 2312 semper
1714 2258 1829 2296 non
1863 2257 2063 2311 possu-

429 2351 581 2399 mus,
618 2343 984 2402 nuncupatur
1011 2336 1066 2387 S.
1091 2332 1349 2387 Andreas
1381 2330 1792 2400 Hieromartyr,
1818 2330 1968 2399 quod
1995 2330 2063 2385 de

430 2422 784 2493 martyribus
807 2420 1160 2492 presbyteris
1182 2420 1370 2475 solum
1394 2419 1527 2488 dici,
1547 2418 1606 2473 in
1630 2426 1922 2490 comperto
1946 2428 2062 2487 est;

427 2527 626 2567 verum
658 2511 715 2565 in
750 2510 1023 2566 omnibus
1053 2508 1184 2563 aliis
1225 2513 1287 2563 ut
1327 2508 1741 2578 Hosiomartyr,
1778 2509 1831 2561 id
1868 2518 1972 2576 est,
2001 2514 2064 2564 ut

431 2599 751 2654 monachus
774 2603 828 2653 et
851 2609 1087 2665 martyr,
1122 2598 1461 2667 proponitur
1481 2598 1646 2666 (125).
1674 2596 1735 2650 In
1766 2597 2060 2651 Sirmondi

428 2686 800 2755 Synaxarista
847 2702 983 2750 ms.,
1018 2700 1188 2754 quem
1222 2684 1459 2739 Parisiis
1507 2685 1843 2739 decessores
1875 2686 2059 2740 nostri

431 2776 566 2830 olim
601 2779 966 2843 acceperunt,
1000 2772 1217 2828 dicitur
1255 2772 1315 2827 in
1372 2771 1536 2827 Creta
1563 2771 1661 2838 τὴν
1696 2773 1907 2844 μονήρη
1945 2771 2061 2847 βίον

436 2861 855 2936 μετεσχὸμενος,
888 2880 955 2917 ex
995 2862 1208 2932 quibus
1232 2861 1473 2932 aliisque
1495 2862 1783 2917 similibus
1815 2863 2062 2933 appella-

429 2953 706 3019 tionibus,
742 2953 799 3007 S.
834 2953 1088 3006 Andreas
1138 2949 1329 3022 potius
1361 2951 1706 3005 anachoreta
1748 2951 1832 3005 vel
1868 2953 2060 3007 solita-

432 3044 576 3110 rius,
609 3058 783 3110 quam
818 3040 1138 3095 monachus
1158 3056 1259 3095 seu
1290 3040 1579 3095 caanobita
1602 3040 1779 3095 fuisse
1812 3042 2059 3097 videtur.

430 3130 776 3200 Hujusmodi
806 3134 998 3184 autem
1032 3128 1413 3183 anachoretas
1446 3145 1558 3184 non
1592 3114 1766 3184 rudes
1798 3131 2062 3188 homines

1774 299 2061 362 MENSIS
2105 292 2483 358 OCTOBEB.

3674 277 3838 338 1104

1804 465 1950 533 121),
2008 465 2063 517 et
2091 458 2348 530 Asitum
2373 454 2574 517 fuisse,
2608 449 2842 504 constat
2868 442 3144 533 exiGyllio
3168 444 3223 497 et
3254 440 3469 509 Cangio
3497 456 3644 511 quos
3676 457 3738 496 n.
3760 440 3837 494 20

2173 543 2542 606 adduximus,
2576 542 2789 593 etcum
2823 532 3045 604 Cpolim
3079 548 3143 586 ex
3176 534 3344 601 portu
3376 527 3835 584 advenientibus

2173 634 2326 688 ultra
2348 630 2547 686 urbem
2571 631 2746 693 esset,
2763 624 2892 679 ideo
2914 622 2972 676 in
2994 620 3154 676 Actis
3180 618 3471 690 prioribus
3492 617 3553 671 in
3578 634 3833 689 synaxa-

2173 723 2254 779 rio
2285 716 2724 785 Mediolanensi,
2760 713 2912 784 quod
2944 712 2973 783 ξ
3004 727 3021 763 1
3060 724 3339 763 excusum
3372 711 3482 773 est,
3516 712 3574 762 et
3613 709 3673 763 in
3700 708 3829 761 Sir-

2170 810 2479 868 mondiano
2505 824 2638 872 ms.,
2664 803 2945 876 palatium
2970 799 3087 853 divi
3110 797 3412 852 Mamantis
3431 796 3597 869 πέραν
3637 797 3825 852 situm

2172 900 2399 964 dicitur,
2422 898 2478 952 id
2495 901 2604 961 est,
2630 894 2781 949 ultra
2801 892 3023 946 urbem.
3048 888 3207 941 Idem
3232 886 3515 957 palatium
3542 886 3823 957 Symeoni

2171 990 2570 1061 Metaphrastzn
2584 985 2682 1054 qui
2706 981 2865 1054 Cpoli
2891 976 3227 1048 degebat,in
3247 976 3405 1030 Actis
3429 991 3594 1030 num.
3621 976 3675 1042 6,
3702 992 3825 1032 non

2172 1080 2339 1145 ultra,
2373 1078 2469 1133 sed
2515 1083 2646 1131 ante
2681 1073 2883 1126 urbem
2916 1068 3132 1123 dicitur
3163 1086 3177 1134 ;
3205 1067 3440 1120 demum
3472 1066 3729 1135 Cangius
3761 1065 3823 1120 in

2172 1168 2455 1223 Chronico
2488 1162 2708 1219 Pascali
2732 1160 2878 1231 (129)
2910 1155 3076 1230 πέραν
3104 1155 3309 1211 vertit:
3345 1171 3542 1210 versus
3576 1155 3823 1226 fretum,

2172 1258 2461 1326 siquidem
2492 1255 2644 1309 aedes
2670 1252 2726 1305 S.
2749 1246 3057 1304 Mamantis
3082 1246 3153 1299 de
3172 1260 3286 1315 quo
3310 1243 3416 1299 hoc
3448 1243 3574 1299 loco
3600 1259 3821 1311 sermo,

2174 1348 2315 1401 freto
2346 1345 2580 1415 Sycaano
2612 1355 2716 1396 seu
2747 1336 3013 1392 Ceratino
3056 1334 3320 1405 proxima
3351 1335 3495 1387 erat.

2242 1436 2330 1489 31.
2365 1436 2422 1489 S.
2470 1432 2748 1494 Andreas,
2783 1442 2915 1482 cum
2965 1425 3326 1495 Copronymo
3360 1422 3610 1477 furorem
3641 1438 3821 1476 suum

2171 1527 2230 1582 in
2289 1524 2577 1595 imagines
2643 1535 2837 1576 sacras
2912 1529 3231 1584 earumque
3308 1512 3561 1569 cultores
3618 1529 3825 1584 expro-

2172 1616 2419 1681 brasset,
2452 1611 2607 1668 varia
2639 1622 2973 1681 perpessus,
3010 1609 3070 1659 ut
3108 1605 3168 1658 in
3209 1601 3365 1656 Actis
3410 1602 3680 1671 refertur,
3716 1603 3817 1657 de-

2173 1720 2335 1759 mum
2366 1703 2426 1757 in
2451 1704 2675 1757 arctum
2703 1698 3034 1765 foedumque
3055 1706 3340 1748 carcerem
3372 1692 3673 1761 conjectus
3705 1694 3813 1746 est.

2177 1794 2337 1849 Hunc
2394 1808 2509 1846 non
2566 1795 2781 1843 temere
2834 1798 3118 1839 carcerem
3180 1779 3387 1835 Phialaa
3458 1796 3561 1835 seu
3619 1780 3818 1835 Fontis

2178 1882 2357 1938 fuisse
2388 1878 2619 1944 dixeris,
2680 1876 2854 1944 cujus
2902 1873 3172 1942 frequens
3207 1868 3421 1924 mentio
3464 1868 3523 1922 in
3562 1868 3720 1923 Actis
3752 1869 3816 1924 S.

2171 1968 2470 2040 Stephani,
2503 1979 2790 2036 quemque
2818 1977 2886 2015 ex
2908 1959 3113 2013 iisdem
3139 1973 3253 2012 non
3277 1953 3477 2025 procul
3501 1955 3572 2010 ab
3597 1955 3815 2027 Hippo—

2174 2059 2422 2121 dromio,
2446 2052 2880 2123 martyriorum,
2910 2047 2969 2102 in
3000 2046 3109 2103 hac
3133 2044 3550 2115 persecutione,
3582 2044 3818 2100 ordina-

2174 2147 2257 2202 rio
2298 2148 2540 2209 theatro,
2575 2141 2774 2205 situm,
2818 2153 2883 2191 ac
2930 2135 3097 2190 valde
3126 2132 3398 2189 tetricum
3432 2132 3613 2188 fuisse
3633 2150 3817 2204 appa-

2174 2240 2261 2291 ret
2312 2233 2479 2305 (130).
2540 2228 2961 2299 Metaphrastes
2991 2224 3085 2278 hic
3123 2222 3383 2278 insinuat
3435 2226 3490 2275 S.
3527 2223 3817 2277 Andream

2173 2326 2371 2396 plures
2401 2324 2526 2377 dies
2552 2319 2612 2374 in
2634 2331 2862 2373 carcere
2895 2312 3247 2384 transegisse
3268 2318 3321 2366 et
3348 2310 3537 2366 socios
3560 2311 3818 2382 captivos

2173 2413 2551 2469 confirmasse
2576 2426 2589 2476 ;
2615 2407 2706 2462 cui
2735 2408 2876 2460 Acta
2902 2403 3092 2473 priora
3115 2399 3505 2456 contradicere
3526 2400 3815 2468 videntur,

2172 2508 2226 2557 et
2258 2500 2560 2555 manifeste
2592 2492 2936 2551 contradicit
2965 2491 3337 2563 synaxarium
3367 2506 3437 2544 ex
3476 2489 3548 2543 iis
3580 2494 3816 2545 contra-

2173 2600 2348 2655 ctum,
2381 2597 2434 2645 et
2475 2603 2634 2642 num.
2666 2586 2701 2638 5
2759 2585 3064 2639 recitatum
3100 2598 3115 2648 ;
3147 2596 3280 2635 nam
3315 2578 3394 2633 ibi
3437 2581 3812 2651 posterajam

2172 2681 2285 2750 die,
2334 2694 2528 2733 coram
2576 2678 2934 2745 Copronymo
2984 2670 3198 2725 iterum
3232 2669 3577 2741 apparuisse
3608 2670 3811 2737 fertur,

2172 2768 2327 2840 quod
2360 2768 2497 2821 item
2523 2761 2911 2836 synaxarisles
2933 2759 3279 2814 Menaaorum
3304 2757 3535 2824 asserit,
3560 2757 3619 2811 in
3643 2763 3815 2813 caete-

2172 2858 2249 2912 ris
2280 2854 2552 2913 omni'ous
2606 2850 2748 2922 ipsis
2797 2847 3197 2919 Metaphrastaa
3236 2845 3424 2901 verbis
3470 2845 3719 2902 locutus.
3749 2846 3815 2901 In

2172 2946 2379 3001 iisdem
2414 2942 2642 2998 Menaais
2693 2939 2938 3002 excusis,
2968 2937 3037 2991 ad
3072 2952 3242 2991 xxviii
3273 2934 3619 2990 Novembris
3649 2936 3811 3005 (131),

2174 3035 2272 3089 ubi
2303 3035 2370 3088 de
2403 3033 2459 3087 S.
2495 3029 2782 3101 Stephano
2813 3027 3024 3082 dicitur
3052 3041 3185 3080 eum
3221 3024 3278 3078 in
3302 3039 3529 3078 carcere
3568 3025 3812 3094 praetorii

2173 3124 2352 3178 fuisse
2372 3122 2694 3184 detentum,
2709 3117 2939 3171 additur
2955 3130 3086 3170 eum
3111 3114 3190 3167 ibi
3208 3116 3441 3168 Petrum
3463 3113 3816 3168 etAndream

431 3221 627 3284 fuisse,
660 3220 760 3274 sed
783 3220 1125 3289 plerumque
1156 3218 1475 3272 doctrinam
1501 3235 1725 3273 sacram
1758 3222 1900 3275 satis
1920 3222 2061 3276 bene

2180 3210 2486 3282 reperisse,
2522 3223 2719 3261 verum
2768 3204 2910 3258 illud
2943 3203 3231 3257 evidenter
3278 3217 3588 3256 erroneum
3624 3210 3730 3267 est,
3764 3207 3820 3256 et

429 3311 684 3375 edoctos,
717 3324 783 3363 ex
825 3308 982 3362 Actis
1027 3307 1085 3362 S.
1142 3306 1421 3376 Stephani
1477 3307 1750 3374 Junioris,
1813 3308 2060 3379 aliisque

430 3397 822 3451 monumentis
854 3394 1020 3450 facile
1052 3400 1245 3463 posset
1276 3394 1478 3450 evinci.

500 3486 588 3538 30.
620 3488 749 3539 Jam
780 3482 1110 3537 accedimus
1149 3484 1220 3537 ad
1255 3498 1321 3536 ea
1355 3499 1481 3553 quas
1512 3483 1570 3537 S.
1606 3484 1862 3539 Andreas
1902 3486 2058 3555 Cpoli

427 3574 629 3644 gessit.
677 3576 817 3627 Acta
860 3571 1073 3642 priora,
1108 3587 1268 3625 num.
1302 3572 1357 3640 6,
1399 3573 1537 3625 dum
1572 3572 1699 3641 ejus
1748 3575 2059 3630 adventum

427 3661 590 3732 Cpoli
622 3664 912 3727 enarrant,
946 3676 1078 3714 eum
1110 3660 1311 3714 dicunt
1343 3664 1550 3731 Byzam
1593 3662 1910 3732 appulisse,
1945 3682 2058 3719 non

426 3751 788 3820 Byzantium,
840 3757 935 3802 aut
974 3746 1198 3815 Cpolim
1235 3765 1246 3800 :
1280 3747 1391 3811 Τὴν
1452 3747 1624 3813 Βύςωω
1665 3747 2057 3821 κατελάμϐανε.

424 3839 642 3892 Nomen
663 3837 817 3891 istud
845 3850 946 3889 nec
969 3835 1122 3888 inter
1154 3834 1316 3888 urbis
1349 3840 1572 3903 portus,
1596 3836 1654 3890 in
1677 3841 1876 3906 Cangii
1899 3842 2057 3910 Cpoli

426 3926 749 3981 Christiana
771 3923 1113 3993 reperimus,
1141 3937 1245 3976 nec
1268 3921 1338 3975 ab
1362 3922 1480 3976 ullo
1511 3923 1787 3993 scriptore
1809 3929 1876 3981 de
1901 3929 2059 3999 Cpoli

423 4017 643 4070 dictum
675 4012 853 4066 fuisse
889 4010 1158 4066 vidimus.
1192 4009 1419 4081 Gyllius
1449 4012 1650 4067 scribit
1690 4014 1759 4067 de
1806 4014 2060 4086 Barbysa

424 4105 598 4161 ﬂuvio
630 4118 807 4175 prope
855 4101 1075 4171 Cpolim
1107 4101 1278 4171 (126).
1324 4100 1573 4156 Ortelius
1611 4105 1765 4175 (127)
1796 4110 1866 4161 de
1906 4107 2057 4178 Bisa,

427 4193 611 4263 bizya,
646 4192 772 4245 Bizo
806 4189 1068 4246 Thracias
1100 4197 1154 4243 et
1185 4188 1394 4244 Mmsiaz
1439 4191 1702 4262 urbibus,
1737 4195 1832 4249 sed
1866 4196 1936 4252 de
1966 4197 2058 4253 his

424 4281 694 4337 omnibus
728 4280 819 4335 hic
851 4280 945 4351 agi
968 4296 1081 4334 non
1112 4284 1319 4349 potest.
1355 4279 1435 4333 Ex
1457 4279 1548 4334 his
1567 4284 1893 4352 autemjam
1929 4304 2057 4357 pro.

424 4384 565 4420 num
597 4369 686 4421 est
708 4366 974 4435 judicare
999 4364 1119 4418 haec
1146 4367 1287 4419 Acta
1321 4366 1511 4434 priora
1541 4366 1702 4436 Cpoli
1733 4387 1845 4424 non
1880 4372 2059 4428 fuisse

424 4455 659 4524 scripta,
700 4454 853 4523 quod
890 4454 1090 4505 iterum
1124 4468 1190 4505 ex
1224 4452 1374 4505 intra
1402 4452 1661 4508 dicendis
1696 4473 1840 4524 pene
1872 4461 2056 4514 mani-

2169 3316 2233 3354 ex
2260 3296 2405 3352 male
2430 3296 2723 3350 intellecto
2755 3292 3082 3362 Menologio
3108 3290 3401 3344 Basiliano
3434 3290 3729 3360 proﬂuxit.
3756 3291 3817 3343 In

2169 3387 2343 3455 hujus
2374 3386 2703 3453 synaxario,
2736 3382 2807 3436 ad
2840 3383 3110 3435 eumdem
3142 3378 3319 3444 diem,
3354 3377 3554 3433 titulus
3592 3378 3765 3432 habet
3797 3395 3812 3433 :

2109 3487 2111 3489 ‘
2168 3475 2471 3530 Certamen
2514 3473 2571 3528 S.
2606 3470 2881 3542 Stephani
2910 3468 3169 3523 .Iunioris
3211 3466 3479 3522 monachi
3511 3470 3566 3522 et
3598 3470 3817 3537 marty-

2168 3565 2269 3630 ris,
2305 3568 2362 3618 et
2393 3562 2495 3633 qui
2536 3576 2667 3616 cum
2719 3575 2784 3615 eo
2836 3557 2987 3627 passi
3046 3559 3204 3631 sunt,
3256 3555 3409 3611 Petri
3465 3560 3524 3610 et
3551 3554 3813 3610 Andreae.

2171 3653 2309 3707 Dein
2341 3653 2400 3707 S.
2434 3651 2695 3706 Andreas
2728 3647 2963 3718 quidem
2995 3644 3211 3700 dicitur
3242 3643 3561 3699 monachus
3589 3644 3811 3699 fuisse:

2169 3741 2195 3792 ὁ
2228 3740 2396 3808 ὅσιος,
2429 3739 2527 3793 sed
2560 3739 2617 3793 S.
2652 3739 2856 3791 Petrus
2884 3740 3116 3791 vocatur
3144 3732 3488 3802 simpliciter
3518 3747 3531 3785 :
3564 3731 3591 3784 ὁ
3624 3732 3809 3804 ἅγιος,

2168 3835 2223 3885 et
2244 3828 2525 3883 enarratis
2557 3826 2803 3881 breviter
2830 3824 3137 3878 amborum
3170 3821 3482 3892 martyriis,
3507 3820 3672 3875 sicuti
3708 3838 3816 3875 su-

2169 3934 2273 3988 pra
2302 3924 2359 3971 et
2389 3917 2446 3971 in
2487 3916 2644 3969 Actis
2681 3912 3115 3975 describuntur,
3149 3910 3220 3965 de
3247 3913 3303 3963 S.
3340 3911 3509 3965 Petro
3552 3909 3815 3975 additur,

2170 4021 2299 4060 eum
2338 4004 2498 4076 prius
2556 4015 2786 4057 carcere
2814 4000 3113 4054 detentum
3142 3997 3320 4054 fuisse
3371 3998 3494 4068 (cfr.
3547 4014 3713 4053 num.
3749 3997 3819 4053 15

2167 4096 2321 4150 circa
2353 4094 2577 4163 tinem).

2239 4185 2325 4237 32.
2369 4181 2589 4247 Quibus
2646 4196 2760 4235 non
2820 4181 3090 4234 accurate
3146 4176 3432 4233 discussis
3489 4179 3592 4231 aut
3642 4176 3817 4246 juxta

2170 4276 2309 4326 Acta
2329 4269 2665 4326 authentica
2682 4267 3022 4337 emendatis,
3044 4265 3436 4338 synaxaristes
3454 4264 3812 4320 Menazorum

2167 4360 2443 4415 discernit
2483 4376 2515 4413 a
2572 4356 2868 4413 monachis
2924 4356 2980 4410 S.
3018 4356 3251 4410 Petrum
3274 4359 3330 4409 et
3371 4354 3429 4409 S.
3490 4354 3809 4423 Andream,

2166 4450 2431 4521 quamvis
2455 4456 2645 4517 aperte
2670 4463 2783 4501 non
2806 4446 2960 4499 dicat
2981 4460 3081 4499 eos
3107 4443 3422 4499 monachos
3452 4459 3569 4498 non
3595 4442 3806 4509 fuisse;

425 4548 633 4600 festum
659 4542 773 4595 fiet.
808 4545 981 4594 Porro
1013 4555 1143 4592 cum
1178 4540 1236 4593 S.
1266 4542 1524 4595 Andreas
1547 4543 1767 4612 Cpolim
1792 4546 2055 4603 advenis-
2088 4550 2145 4614 D
2169 4546 2224 4595 et
2254 4540 2454 4593 itidem
2489 4542 2776 4592 trecentos
2808 4540 2864 4589 et
2916 4535 3300 4605 quadraginta
3347 4534 3495 4588 duos
3527 4532 3804 4601 captivos,

425 4639 532 4700 set,
566 4630 720 4685 illico
753 4628 823 4683 ad
857 4626 1131 4697 palatium
1172 4628 1324 4696 quod
1355 4645 1386 4682 a
1419 4630 1477 4685 S.
1510 4630 1800 4687 Mamante
1833 4652 2057 4691 nuncu-

426 4726 620 4789 patur,
670 4733 728 4772 se
758 4716 1020 4783 contulit,
1056 4717 1205 4786 quod
1256 4716 1335 4770 ibi
1379 4717 1695 4787 imperator
1725 4721 1972 4791 degeret,
2008 4734 2061 4780 et

425 4810 697 4865 continua
721 4806 1129 4877 martyriorum
1162 4806 1493 4876 spectacula
1523 4806 1580 4861 in
1609 4808 1905 4879 adjacente
1929 4813 2059 4884 Hip-

428 4900 724 4970 podromio
756 4900 906 4968 (128)
937 4900 1263 4952 ederentur.
1298 4897 1583 4953 Palatium
1610 4898 1748 4953 illud
1784 4911 1939 4957 extra
1964 4921 2056 4957 Ur-

425 4990 577 5056 bem,
612 4989 969 5043 occidentem
1002 5002 1227 5054 versus,
1261 4986 1319 5040 in
1346 4987 1568 5042 decima
1598 4993 1804 5060 quarta
1828 4991 2059 5061 regione

497 5136 645 5261 (ἔξω
670 5135 732 5188 Τ.
767 5134 788 5188 I
818 5135 1077 5201 Januar.,
1116 5151 1169 5206 p.
1202 5134 1351 5201 262;
1395 5134 1476 5187 cfr
1498 5136 1536 5187 t.
1575 5134 1627 5189 II
1660 5134 1849 5201 Febr.,
1880 5154 1932 5207 p.
1966 5140 2056 5209 91,

676 5276 823 5330 Edit.
859 5275 1036 5343 Paris,
1073 5293 1127 5346 p.
1159 5276 1302 5343 263;
1346 5276 1429 5331 εῖτ
1453 5279 1492 5331 t.
1529 5277 1577 5331 II
1608 5276 1761 5343 Feb.,
1792 5277 1899 5333 loc.
1936 5281 2055 5344 cit.,

499 5418 644 5483 (123)
673 5416 735 5468 Τ.
774 5416 792 5467 ῐ
828 5414 981 5475 Maii,
1017 5433 1069 5484 p.
1104 5433 1297 5471 xxvui.

496 5484 1489 5554 (124)1‘.lAnril.,p.269,r.l3.

493 5555 640 5629 (ἶὲδ)
673 5556 833 5629 βπ).-
874 5552 1079 5615 ῙΜτηίζ
1108 5576 1170 5629 νυ·
1216 5575 1287 5609 VH
1327 5576 1337 5611 ε
1374 5568 1426 5613 et
1458 5576 1652 5621 supra,
1688 5558 1715 5627 ξ
1747 5577 1783 5621 ι,
1819 5563 2053 5629 passim.

490 5622 641 5690 (126)
676 5627 747 5678 De
781 5623 1034 5686 Bosporo
1059 5628 1321 5691 'l‘hraczo,
1348 5632 1493 5699 apud
1532 5622 2053 5701 GronoviiAntiqq.

2168 4628 2378 4696 quibus
2411 4627 2467 4681 S.
2503 4624 2838 4695 Stephanus
2869 4623 2925 4676 in
2972 4623 3239 4692 pratorio
3271 4622 3586 4691 adjunctus
3616 4628 3719 4686 est,
3745 4621 3801 4674 in

2168 4714 2486 4770 monachos
2544 4718 2600 4768 et
2658 4712 2803 4768 alios
2860 4712 3219 4782 distinguere
3275 4711 3523 4765 videtur.
3568 4714 3792 4772 Verum,

2168 4810 2288 4859 tam
2338 4803 2633 4858 distinctio
2676 4802 2811 4866 ista,
2848 4816 3027 4872 quam
3061 4800 3366 4871 praesentia
3391 4799 3447 4855 S.
3479 4799 3717 4854 Andreas
3742 4797 3804 4853 in

2168 4908 2392 4948 carcere
2425 4890 2672 4961 praetorii
2708 4906 2838 4944 cum
2872 4890 2928 4944 S.
2961 4889 3269 4960 Stephano,
3314 4904 3380 4943 ex
3414 4887 3699 4957 scriptore
3721 4886 3806 4941 di-

2167 4979 2551 5052 ligentissimo
2596 4983 2651 5034 et
2691 4995 2874 5033 coaevo
2923 4978 3211 5049 Stephano
3270 4976 3544 5044 Diacono,
3572 4978 3671 5047 qui
3706 4976 3815 5030 342

2167 5139 2370 5201 Graec,
2398 5138 2438 5189 t.
2474 5133 2597 5199 VII,
2623 5132 2917 5188 001.3128.

2236 5208 2381 5298 (1127)
2423 5204 2623 5262 Ortelii
2672 5204 3004 5258 Thesaurus
3035 5201 3481 5275 geographicus.
3527 5200 3816 5271 Antverp.

2166 5279 2383 5419 15fio-2'8)
2440 5346 2779 5419 Theophan.
2831 5345 2942 5419 loc.
3003 5345 3127 5413 cit.,
3191 5361 3247 5416 p.
3308 5344 3436 5409 667,
3500 5342 3627 5409 676,
3680 5343 3818 5413 e77,

2163 5424 2289 5481 682,
2323 5417 2455 5482 etc.,
2484 5426 2536 5470 et
2560 5418 2613 5470 in
2648 5417 2803 5471 Actis
2830 5417 3000 5472 intra.

2239 5490 2385 5558 (129)
2414 5489 2565 5541 Edit.
2601 5490 2807 5551 Bonn.,
2843 5505 2897 5558 p.
2930 5488 3054 5541 598.

2237 5554 2385 5628 (130)
2420 5559 2581 5613 Anal.
2619 5576 2805 5627 gnra,
2843 5554 2897 5627 ᾗ).
2924 5561 3045 5623 466,
3081 5559 3182 5613 467
3211 5562 3267 5613 et
3298 5573 3453 5627 seqq.
3484 5558 3538 5610 et
3572 5554 3699 5609 499.

2238 5632 2386 5701 (t31)
2418 5628 2677 5685 Venetiis
2711 5630 2868 5699 1843,
2905 5646 2960 5701 p.
2992 5632 3116 5685 210.
