4142 6248
364 334 517 394 1105

1582 335 1767 395 VITA
1812 338 1875 396 S.
1923 337 2262 399 ANDBE/E
2306 340 2382 399 IN
2429 340 2651 398 CBISI.
3603 339 3756 399 1106

359 490 493 544 illos
517 490 777 561 captivos
808 504 1012 545 omnes
1042 489 1363 545 monachos
1393 490 1574 546 fuisse
1606 494 1817 550 diserte
1850 512 2011 551 asse-
2042 498 2101 563 A
2126 497 2511 553 illustrantur.
2549 498 2657 551 Bos
2703 493 2919 549 scilicet
2970 509 3069 549 seu
3104 493 3290 549 forum
3327 493 3513 559 Bovis,
3548 509 3758 549 nomen

362 580 456 644 rit,
488 596 593 635 nec
625 578 810 634 ullum
873 580 1103 635 Petrum
1135 583 1236 633 aut
1293 580 1589 635 Andream
1620 586 1744 637 tum
1789 600 2016 641 carcere
2123 587 2504 641 mutuabatur
2534 603 2566 640 a
2596 585 2822 639 camino
2864 598 3017 637 azneo
3049 584 3108 637 in
3157 583 3399 637 formam
3435 584 3595 639 bovis
3626 600 3760 639 con-

362 667 683 736 detentum,
733 667 820 722 vel
876 666 1099 722 socium
1146 668 1411 737 quemvis
1461 684 1592 723 cum
1634 670 1691 723 S.
1725 674 2014 743 Stephano

364 756 650 826 supplicio
665 757 941 811 traditum
955 762 1374 822 commemorat,
1390 757 1598 828 corrigi
1613 760 1824 814 debent
1844 762 2010 831 (132).

368 844 425 900 Id
460 844 668 900 iterum
705 849 944 916 apparet
991 861 1062 899 ex
1091 861 1312 900 canone
1360 846 1411 899 S.
1463 846 1766 918 Stephani,
1800 848 1859 904 in
1891 850 2016 905 Me-

369 934 511 989 naeis
553 935 621 988 ad
669 951 843 989 xxvm
883 934 1246 1001 Novembris,
1296 937 1391 1004 qui
1438 950 1622 990 canon
1674 938 2011 1007 scriptorem

367 1023 599 1094 praefert
647 1024 918 1079 eumdem
950 1023 1007 1078 S.
1060 1023 1399 1094 Josephum,
1456 1025 1551 1095 qui
1615 1027 1851 1081 Andreae
1911 1044 2013 1083 ca—

366 1128 579 1167 nonem
614 1111 983 1168 concinnavit
1032 1128 1098 1167 ac
1129 1129 1339 1167 nomen
1372 1113 1430 1167 in
1460 1113 1651 1168 ulimaa
1698 1116 1819 1171 odia
1852 1131 2011 1171 acro-

367 1200 618 1256 stichide
649 1201 880 1272 signare
921 1203 1244 1267 consuevit,
1276 1218 1568 1273 quemque
1600 1220 1767 1260 nosse
1800 1207 2013 1275 poterit

367 1289 563 1346 Lector
592 1306 661 1345 ex
712 1290 871 1345 Actis
910 1308 941 1345 a
975 1291 1365 1362 Papebrocbio
1409 1291 1584 1347 editis
1610 1293 1680 1347 ad
1713 1294 1866 1348 diem
1899 1302 2014 1348 ter-

366 1379 510 1435 tium
540 1379 752 1451 Aprilis
790 1380 965 1451 (133).
1001 1381 1062 1435 In
1095 1380 1203 1436 hoc
1225 1396 1470 1450 canone,
1503 1382 1610 1435 ode
1638 1382 1691 1448 6,
1726 1382 1898 1437 etiam
1924 1398 2015 1438 ce-

364 1466 660 1522 lebrantur
710 1468 769 1523 S.
830 1468 1046 1523 Paulus
1108 1484 1280 1540 quem
1338 1468 1672 1525 Gretensem
1732 1471 2009 1538 diximus,

366 1557 463 1613 SS.
498 1561 779 1626 martyres
820 1557 1095 1628 Ephesini
1152 1559 1220 1612 38
1278 1558 1404 1629 (cfr.
1464 1575 1643 1630 supra
1700 1575 1862 1616 num.
1899 1561 2008 1631 13),

366 1646 425 1701 S.
479 1650 683 1701 Petrus
722 1647 793 1701 de
848 1647 1203 1711 Blachernis,
1252 1650 1450 1704 eodem
1510 1648 1713 1704 ordine
1745 1650 2005 1716 omnino,

366 1750 552 1806 eoque
582 1734 700 1789 illis
733 1735 991 1806 martyrii
1029 1752 1237 1805 genere
1268 1736 1508 1806 tributo,
1551 1753 1667 1807 quo
1699 1739 1851 1808 apud
1885 1741 2009 1792 Ste-

2122 676 2277 743 flato,
2311 675 2368 729 in
2404 691 2518 745 quo
2547 677 2716 728 ustus
2756 674 2935 727 fertur
2963 672 3020 725 S.
3052 670 3291 740 Antipas
3328 676 3568 742 martyr,
3599 674 3759 725 ante-

2122 781 2295 835 quam
2328 767 2608 836 Pergamo
2650 762 2872 833 Cpolim
2908 778 2939 815 a
2977 760 3296 814 Theodosio
3360 776 3567 831 magno
3611 762 3760 815 esset

2121 856 2413 920 advectus,
2438 854 2654 924 quique
2676 853 2731 906 in
2757 852 2865 907 hoc
2890 853 3009 905 foro
3033 850 3346 905 eminebat.
3372 850 3448 904 De
3479 850 3587 905 hoc
3612 867 3758 905 mar-

2119 942 2248 1013 tyrii
2284 942 2672 997 instrumento
2696 940 2922 1011 egregie
2940 938 3202 1009 disputat
3225 938 3529 993 Morcellus
3560 942 3759 993 noster

2120 1031 2176 1085 in
2212 1032 2569 1086 doctissimis
2602 1029 3053 1084 Commentariis
3085 1027 3296 1097 quibus
3345 1027 3756 1082 Kalendarium

2120 1136 2291 1175 suum
2324 1120 2693 1190 Cpolitanum
2725 1116 3026 1173 exornavit
3055 1116 3227 1185 (135).
3256 1116 3530 1186 Capiebat
3561 1124 3754 1169 autem

2121 1209 2309 1263 forum
2360 1208 2527 1264 Bovis
2568 1208 2875 1262 undecima
2933 1205 3110 1273 regio,
3143 1220 3257 1259 non
3297 1203 3496 1273 procul
3529 1220 3562 1257 a
3610 1204 3755 1257 freto

2119 1299 2381 1353 Ceratino
2436 1297 2665 1364 dissita,
2725 1311 2831 1350 nec
2869 1312 2900 1349 a
2949 1298 3108 1365 porta
3152 1291 3622 1359 Blachernarum,
3657 1292 3757 1347 ubi

2120 1389 2287 1444 mulli
2320 1388 2667 1443 habitabant
2722 1386 3037 1455 piscatores
3070 1383 3238 1454 (136).
3291 1384 3367 1437 De
3400 1382 3548 1437 Bove
3588 1380 3757 1452 plura

2119 1479 2294 1533 etiam
2325 1474 2623 1547 congessit
2654 1473 2791 1529 olim
2815 1471 3246 1543 Papebrochius
3268 1470 3437 1542 (137).
3462 1471 3542 1524 Ex
3565 1486 3629 1525 eo
3654 1485 3756 1524 au-

2121 1570 2234 1621 tem
2259 1565 2413 1635 quod
2438 1564 2515 1618 ibi
2538 1564 2726 1618 forum
2754 1561 2931 1616 fuisse
2952 1560 3198 1628 dicatur,
3224 1559 3389 1613 facile
3411 1558 3756 1629 intelligitur

2120 1656 2274 1724 quod
2309 1654 2366 1707 in
2398 1650 2557 1706 Actis
2589 1650 2803 1705 nostris
2856 1648 3138 1719 scriptum
3175 1652 3261 1702 est
3301 1664 3467 1703 num.
3495 1649 3580 1712 15,
3628 1650 3755 1701 tru-

2117 1742 2415 1798 culentum
2454 1739 2623 1794 illum
2675 1738 3022 1809 piscatorem
3078 1736 3328 1803 hastam,
3388 1752 3456 1790 ex
3510 1734 3755 1790 macello

366 1823 626 1927 phanum
667 1822 997 1927 Piaconum
1044 1824 1465 1895 insigniuntur.
1512 1824 2008 1897 Hymnographus
2040 1831 2371 1927 Bquodam
2430 1829 2507 1883 ibi
2566 1830 2880 1896 arreptam,
2931 1824 3294 1879 adhibuisse.
3354 1823 3754 1878 Conferendus

364 1911 544 1983 igitur
575 1912 634 1966 S.
666 1912 938 1983 Stephani
965 1914 1103 1968 Acta
1133 1913 1387 1984 genuina
1421 1913 1871 1985 perlustraverit,
1911 1916 2009 1970 sed

365 2017 482 2055 non
527 2000 666 2056 item
716 2003 1113 2073 synaxaristes
1164 2003 1513 2059 Menaeorum
1542 2023 1556 2071 ;
1590 2003 1764 2075 idque
1810 2004 1897 2060 vel
1947 2021 2014 2061 eo

367 2093 631 2148 evincere
660 2109 989 2164 possemus,
1025 2092 1181 2163 quod
1206 2092 1332 2163 ejus
1363 2109 1574 2164 corpus
1602 2094 1660 2149 in
1695 2111 1852 2150 mare
1882 2112 2011 2166 pro-

361 2182 584 2251 jectum
618 2182 797 2237 fuisse
854 2181 1084 2251 referat,
1139 2179 1190 2233 ὲν
1220 2184 1298 2251 τῷ
1326 2180 1576 2255 πελάγει,
1612 2199 1745 2239 cum
1802 2184 1862 2238 in
1918 2184 2016 2239 Pe-

363 2269 518 2342 lagia
541 2273 853 2327 dicendum
879 2271 1104 2326 fuisset.
1121 2274 1310 2342 Atque
1332 2271 1427 2327 hic
1442 2273 1613 2327 etiam
1639 2272 2013 2338 advertimus,

364 2360 517 2430 quod
544 2359 762 2415 dudum
781 2362 902 2429 jam
927 2360 1357 2430 Papebrochius
1376 2362 1603 2416 monuit
1622 2361 2015 2431 (134),Ofﬁcia

365 2453 421 2506 et
449 2464 699 2505 canones
731 2450 1084 2505 Menzeorum
1144 2449 1487 2521 plerumque
1525 2453 1848 2522 synaxariis
1883 2465 2014 2507 esse

366 2539 550 2595 multo
579 2540 910 2611 antiquiora
941 2543 996 2595 et
1044 2539 1397 2610 probatiora.
1452 2544 1623 2595 Porro
1662 2541 1857 2611 prodit
1889 2542 2015 2611 qui-

367 2630 523 2695 dem,
566 2628 624 2683 in
685 2629 884 2683 eodem
925 2628 1166 2699 Josephi
1206 2644 1427 2684 canone
1458 2629 1529 2684 de
1578 2629 1635 2684 S.
1694 2628 2011 2700 Stephano,

370 2720 543 2773 etiam
600 2716 861 2772 Andreas
903 2725 1147 2785 martyr,
1199 2718 1301 2772 sed
1358 2722 1519 2773 extra
1577 2717 1788 2773 seriem
1848 2718 2009 2773 illam

371 2821 546 2876 quam
594 2821 661 2859 ex
717 2809 772 2859 Β.
824 2805 1098 2875 Stephani
1143 2806 1300 2859 Actis
1356 2809 1683 2876 excerptam
1735 2806 2011 2876 diximus,

375 2895 495 2949 Ode
528 2908 737 2963 nempe
766 2896 986 2961 octava,
1028 2893 1285 2962 tropario
1312 2894 1483 2947 tertio
1515 2912 1529 2959 ;
1565 2909 1755 2963 neque
1784 2894 2017 2947 additur

373 2998 508 3037 eum
540 2997 673 3038 cum
695 2982 749 3035 S.
774 2980 1067 3051 Stephano
1096 2980 1155 3034 in
1179 2996 1404 3035 carcere
1436 2981 1690 3052 praetorii
1724 2985 2015 3036 versatum

376 3088 527 3140 esse,
557 3072 657 3127 sed
694 3071 894 3142 paucis
918 3071 1129 3135 verbis,
1157 3070 1329 3126 unico
1353 3071 1632 3141 Tropario
1655 3071 1786 3139 isto,
1809 3076 2021 3143 marty-

376 3162 528 3215 rium
560 3160 617 3215 in
650 3159 806 3214 hunc
826 3160 1063 3215 modum
1095 3159 1402 3230 exponitur
1433 3175 1447 3214 :
1476 3159 1720 3214 Fortiter
1742 3176 2013 3230 persecu-

2120 1920 2294 1975 etiam
2327 1920 2668 1986 Anonymus
2690 1912 3152 1970 Combeﬁsianus
3183 1912 3351 1983 (138),
3383 1911 3480 1982 qui
3513 1928 3581 1966 ex
3612 1912 3756 1965 Bove

2121 2024 2278 2063 aeneo
2316 2021 2587 2061 nummos
2616 2019 2786 2058 cusos
2815 2002 2885 2056 ab
2917 2000 3178 2055 Heraclio
3209 2000 3405 2062 refert,
3439 2003 3503 2053 ut
3557 1997 3637 2052 ita
3681 1995 3754 2051 ad

2122 2094 2466 2167 Copronymi
2494 2100 2951 2163 usquetempora
2977 2094 3087 2144 Bos
3117 2105 3231 2143 non
3264 2087 3658 2158 permansisse
3676 2086 3758 2140 vi-

2123 2186 2349 2250 deatur,
2384 2182 2480 2238 sed
2515 2180 2708 2235 solum
2741 2193 2951 2233 nomen
2980 2177 3101 2231 foro
3136 2175 3409 2230 inditum.
3444 2179 3626 2229 Locus
3657 2173 3755 2228 ille

2124 2273 2500 2328 foedissimus.
2524 2271 2583 2323 in
2608 2284 2778 2338 quem
2804 2266 2862 2321 S.
2887 2265 3148 2319 Andreas
3178 2264 3471 2333 projectus
3498 2263 3627 2328 fuit,
3651 2262 3755 2315 Pe-

2122 2362 2261 2434 lagii
2292 2360 2681 2431 sepulcretum
2721 2360 2831 2422 est,
2874 2354 3025 2423 quod
3084 2352 3259 2406 etiam
3292 2352 3348 2406 S.
3400 2349 3756 2419 Stephanum

2121 2451 2425 2506 Juniorem
2458 2445 2750 2516 excepisse
2781 2446 3032 2498 testatur
3060 2439 3419 2508 Nicephorus
3450 2439 3508 2493 in
3536 2436 3760 2491 Brevia-

2121 2540 2228 2605 rio,
2261 2547 2313 2593 et
2344 2553 2413 2592 ex
2443 2536 2571 2605 ejus
2605 2533 2761 2587 Actis
2794 2531 2867 2586 ad
2893 2530 3045 2585 diem
3080 2545 3253 2582 xxvm
3276 2527 3551 2582 Novemb.
3584 2524 3760 2595 pluri-

2119 2630 2232 2683 bus
2264 2625 2672 2681 declarabitur.
2706 2625 2790 2677 En
2825 2619 3130 2690 Nicephori
3163 2617 3336 2671 verba
3382 2616 3609 2670 Petavio
3667 2615 3754 2668 in-

2119 2720 2371 2789 terprete
2405 2732 2417 2770 :
2449 2716 2495 2768 A
2531 2711 2747 2784 palatio
2780 2710 2851 2765 ad
2885 2708 3053 2764 Bovis
3096 2720 3282 2776 usque
3339 2705 3529 2760 forum
3583 2707 3759 2757 attra-

2122 2812 2300 2872 ctum,
2343 2803 2672 2859 miserrime
2711 2800 3163 2868 discerpserunt.
3210 2794 3384 2863 Cujus
3443 2807 3651 2863 corpus
3698 2790 3758 2846 in

2123 2910 2255 2948 eum
2288 2892 2479 2946 locum
2512 2905 2685 2960 quem
2731 2885 2945 2957 Pelagii
2978 2883 3245 2954 sepulcra
3275 2881 3596 2947 nominant,
3628 2884 3761 2933 tan-

2126 2997 2301 3054 quam
2351 2978 2599 3034 maleﬁci
2648 2975 2951 3045 cujusdam
2994 2972 3275 3041 abjiciunt
3304 2987 3317 3024 :
3352 2969 3491 3024 illuc
3520 2968 3675 3022 enim
3706 2971 3762 3022 et

2127 3070 2498 3141 profanorum
2531 3065 2832 3137 gentilium
2858 3071 2911 3117 et
2940 3076 3133 3116 eorum
3167 3059 3267 3130 qui
3291 3057 3521 3129 capitali
3545 3055 3762 3126 snppli-

2127 3157 2213 3211 cio
2244 3154 2501 3210 damnati
2532 3155 2752 3218 essent,
2780 3150 3060 3204 cadavera
3107 3145 3564 3214 deportabantur
3593 3142 3756 3211 (139).

377 3250 489 3304 tori
522 3248 822 3316 resistens,
854 3248 1047 3303 divina
1079 3228 1367 3319 sapientia
1413 3249 1690 3318 praeditus
1728 3228 2011 3313 Andreas,
2046 3228 2095 3295 Ο
2130 3244 2547 3314 Metaphrastes
2580 3255 2739 3294 num.
2779 3239 2862 3304 15,
2904 3249 2962 3291 et
2993 3235 3381 3306 synaxaristes
3416 3232 3762 3287 Menzeorum

378 3336 623 3409 ﬂagellis
644 3337 982 3408 percutitur,
1003 3340 1060 3392 et
1080 3337 1402 3392 immanem
1427 3341 1670 3393 mortem
1690 3338 1892 3407 justus
1925 3355 2017 3407 pa~

375 3426 681 3496 titur,jam
711 3426 980 3482 accinens
1006 3426 1254 3481 Domino
1284 3426 1505 3482 Christo
1537 3426 1598 3482 in
1629 3426 1859 3483 saecula.
1893 3432 2016 3483 Non

380 3516 566 3589 potuit
614 3517 805 3587 itaque
846 3517 1134 3585 Josepbus
1168 3516 1678 3588 Hymnographus,
1713 3517 1813 3587 qui
1861 3517 2020 3588 Cpoli

380 3606 641 3676 degebat,
675 3604 1021 3675 patriarchae
1052 3605 1263 3675 Ignatii
1286 3604 1708 3675 Sceuophylax,
1732 3606 1829 3659 ubi
1862 3607 1931 3660 de
1961 3606 2020 3662 S.

383 3694 698 3766 Stephano,
732 3693 1009 3764 primario
1043 3692 1218 3748 totius
1268 3695 1689 3764 persecutionis
1727 3696 2023 3765 Coprony-

386 3782 592 3836 mianae
636 3786 888 3849 martyre
937 3782 1164 3852 agebat,
1198 3781 1372 3836 etiam
1406 3782 1462 3837 S.
1497 3783 1738 3837 Andreas
1790 3783 1847 3837 in
1880 3784 2024 3839 Crisi

392 3886 510 3926 non
560 3870 918 3937 meminisse,
951 3869 1086 3925 licet
1129 3870 1188 3924 in
1222 3869 1381 3926 Actis
1412 3874 1466 3927 S.
1497 3871 1775 3942 Stephani
1807 3889 1932 3943 quae
1966 3872 2024 3928 in

387 3974 608 4016 canone
640 3974 746 4014 suo
779 3961 1011 4014 secutus
1041 3959 1286 4027 videtur,
1320 3960 1390 4016 de
1418 3976 1484 4015 eo
1516 3961 1732 4015 mentio
1757 3977 1870 4016 non
1903 3962 2022 4017 ﬁat.

386 4050 447 4105 Id
488 4048 697 4103 iterum
730 4047 950 4119 patebit
980 4063 1046 4102 ex
1075 4046 1350 4105 laudibus
1382 4050 1597 4120 quibus
1646 4050 1703 4104 S.
1736 4052 2024 4106 Andream

386 4139 647 4195 cumulat
677 4138 737 4194 in
770 4154 991 4194 canone
1013 4154 1187 4209 quem
1212 4137 1429 4210 deipso
1461 4138 1849 4206 concinnavit,
1883 4145 1939 4194 et
1958 4155 2026 4194 ex

385 4243 495 4299 quo
526 4227 770 4283 inferius
802 4226 1055 4298 plurima
1087 4226 1459 4296 proferimus.

456 4319 545 4372 33.
614 4319 871 4373 Eductus
940 4321 1030 4372 est
1084 4321 1142 4369 S.
1204 4316 1468 4370 Andreas
1532 4332 1563 4369 e
1621 4331 1848 4372 carcere
1902 4332 2028 4385 suo,

390 4422 565 4479 quem
595 4405 811 4461 Phiala:
834 4405 1010 4459 fuisse
1029 4403 1425 4459 verosimilius
1448 4403 1723 4470 diximus,
1747 4405 1816 4459 ad
1850 4405 2031 4476 impe-

391 4499 666 4559 ratorem,
698 4497 755 4548 et
786 4509 982 4549 coram
1016 4509 1080 4548 eo
1113 4492 1437 4564 imaginum
1471 4494 1897 4548 venerationem
1930 4495 2032 4549 ite-

2129 3337 2185 3392 S.
2212 3335 2502 3390 Andream
2518 3331 2574 3383 in
2590 3329 2780 3382 locum
2797 3324 3189 3380 maleﬁcorum
3209 3321 3525 3392 projectum
3541 3319 3759 3385 dicunt,

2127 3434 2182 3482 et
2238 3425 2387 3479 inter
2445 3434 2753 3490 corporum
2796 3412 3120 3482 congeriem
3177 3416 3510 3481 repertum;
3562 3423 3763 3462 verum

2130 3512 2506 3583 Theophanes
2527 3513 2719 3578 aperte
2750 3501 2980 3572 Pelagia
3001 3499 3218 3553 indicat
3240 3499 3436 3568 (supra
3458 3512 3617 3551 num.
3652 3495 3762 3563 14).

2133 3605 2247 3657 Cur
2278 3604 2469 3655 autem
2502 3597 2701 3651 eadem
2753 3590 3017 3662 sepulcra
3048 3605 3160 3643 non
3194 3585 3429 3656 Pelagii,
3464 3585 3562 3639 sed
3604 3583 3766 3637 Pela-

2133 3692 2258 3764 giae,
2287 3696 2387 3758 τῆς
2427 3687 2583 3762 ἁγίας
2624 3682 2912 3757 Πελαγίας,
2945 3682 3015 3736 ab
3074 3678 3369 3749 aliquibus
3423 3675 3578 3730 dicta
3625 3674 3763 3740 sint,

2135 3781 2439 3851 diligenter
2468 3778 2706 3849 inquirit
2742 3772 3075 3843 Janningus
3109 3770 3170 3824 in
3219 3768 3396 3823 Actis.
3427 3770 3484 3821 S.
3520 3764 3765 3834 Pelagize

2132 3869 2507 3927 Antiocheam
2564 3866 2730 3938 (140),
2778 3879 2882 3919 nec
2942 3858 3382 3932 explicationem
3441 3853 3661 3924 Cangii,
3695 3852 3765 3906 ad

2135 3961 2351 4016 calcem
2382 3955 2690 4013 Annalium
2720 3956 2947 4007 Zonaras
2991 3948 3283 4014 traditam,
3312 3944 3540 4000 admitti
3573 3955 3765 4014 posse,

2134 4055 2285 4106 recte
2315 4048 2527 4103 ibidem
2560 4044 2801 4100 evicisse
2829 4041 3068 4095 videtur.

2290 4135 2435 4207 §IV.
2470 4138 2527 4189 S.
2561 4132 2807 4187 Andreae
2844 4128 3121 4197 reliquiae,
3153 4122 3446 4186 miracula,
3481 4120 3627 4175 locus

2796 4217 3110 4288 sepulturae.

2210 4316 2300 4370 34.
2334 4314 2553 4383 Corpus
2584 4311 2643 4364 S.
2668 4308 2905 4362 Andrem
2926 4305 2983 4359 in
3016 4301 3256 4373 Pelagiis
3286 4315 3388 4371 per
3417 4295 3767 4353 miraculum

2141 4407 2432 4477 repertum
2460 4416 2525 4456 ac
2548 4417 2579 4455 a
2611 4396 2828 4454 caeteris
2854 4395 3190 4461 discretum,
3212 4407 3244 4445 a
3265 4389 3374 4460 piis
3396 4386 3535 4443 viris
3564 4386 3620 4440 in
3646 4386 3768 4441 loco

2141 4476 2344 4551 sancto
2376 4489 2553 4546 Crisis
2585 4487 2911 4559 depositum
2944 4487 3032 4539 est
3065 4499 3079 4551 ;
3113 4486 3284 4550 atque
3305 4478 3413 4533 hoc
3435 4476 3669 4547 quidem
3701 4489 3770 4528 ex

394 4600 523 4639 rum
557 4583 831 4638 audacter
861 4581 1063 4647 tuitus,
1096 4599 1129 4636 a
1162 4560 1376 4653 palatio
1407 4585 1461 4636 S.
1498 4583 1805 4638 Mamantis
1845 4584 1902 4637 in
1936 4601 2027 4638 ur-
2057 4594 2114 4659 D
2138 4584 2315 4648 Actis,
2357 4589 2417 4636 ut
2467 4579 2651 4647 aiunt,
2686 4571 3091 4646 anepigraphis
3122 4585 3281 4659 num.
3321 4568 3404 4633 16,
3438 4560 3770 4633 insequenti

393 4673 527 4728 hem
578 4670 834 4742 pertrahi
869 4672 1111 4740 jubetur
1140 4671 1221 4742 (in
1271 4671 1452 4741 Actis,
1487 4688 1652 4726 num.
1694 4674 1761 4726 14-
1808 4678 1864 4728 et
1917 4676 2031 4745 15),

397 4776 650 4832 cumque
671 4760 744 4815 ad
767 4760 953 4815 forum
985 4761 1149 4816 Bovis
1170 4761 1545 4832 pervenisset,
1572 4766 1785 4817 terram
1818 4763 2034 4835 ubique

398 4850 645 4922 irrigans
662 4864 881 4916 cruore,
909 4849 983 4904 ibi
1008 4865 1041 4904 a
1063 4849 1342 4920 piscatore
1360 4850 1610 4921 quodam
1637 4851 1779 4920 pede
1800 4853 2031 4909 dextero

401 4937 683 5004 abscisso,
718 4937 972 4992 animam
1010 4938 1120 4992 Deo
1154 4938 1412 4993 tradidit.
1474 4940 1635 5005 Quod
1696 4956 1827 4995 eum
1869 4942 2032 4997 vidis-

401 5031 551 5096 sent,
598 5026 695 5096 qui
738 5041 872 5081 eum
920 5025 1251 5095 trahebant,
1301 5027 1359 5081 in
1408 5026 1598 5085 locum
1649 5029 2034 5086 foedissimum

400 5115 669 5174 exanime
723 5130 932 5187 corpus
975 5116 1286 5187 projecere.
1347 5118 1471 5172 Haec
1520 5135 1589 5174 ex
1653 5120 2036 5192 sequentibus

470 5282 615 5351 (132)
647 5278 813 5335 Anal.
847 5279 1054 5348 Graec,
1102 5296 1157 5350 p.
1190 5280 1296 5336 500
1334 5288 1385 5336 et
1415 5281 1539 5336 517.

499 5352 618 5419 133)
650 5352 715 5405 Τ.
748 5351 954 5423 April.,
983 5369 1038 5423 p.
1061 5353 1185 5406 268.

471 5355 622 5497 E134)
648 5423 712 5479 T.
746 5423 822 5479 ΙΙΙ
880 5422 1078 5491 Mart.,
1139 5439 1196 5494 p.
1231 5423 1336 5478 165
1364 5427 1422 5479 et
1454 5430 1490 5479 t.
1533 5425 1557 5478 Ι
1602 5424 1760 5481 Junii

499 5424 622 5495 134)
648 5423 712 5479 Τ.
746 5422 822 5479 ΙΙΙ
880 5422 1078 5491 Mart.,
1139 5439 1196 5494 p.
1231 5423 1336 5478 165
1364 5427 1490 5479 ett.
1533 5425 1557 5478 Ι
1602 5424 1782 5492 Junii,
1832 5442 1887 5496 p.
1947 5424 2038 5495 17,

401 5498 621 5638 “(iam
654 5570 717 5619 T.
742 5567 811 5638 Π,
838 5583 895 5637 ρ.
928 5567 1015 5621 85.

475 5636 626 5710 (136)
656 5636 879 5708 Gylliu’s
911 5639 1160 5709 Topogr.
1201 5636 1389 5710 Cpol.,
1418 5636 1518 5694 lib.
1553 5655 1614 5708 ιι,
1650 5656 1773 5711 cap.
1806 5656 1865 5695 ιι.

2145 4676 2308 4729 nocte
2358 4671 2568 4725 factum
2601 4682 2725 4721 esse
2755 4664 3001 4719 videtur.
3036 4658 3372 4714 Miraculum
3405 4663 3593 4709 tamen
3624 4667 3770 4721 prze-

2142 4763 2401 4827 citatum,
2434 4757 2584 4828 quod
2607 4754 3031 4824 Metaphrastes
3062 4753 3117 4804 et
3137 4747 3355 4802 Menaaa
3383 4757 3595 4799 excusa
3626 4739 3770 4793 refe-

2142 4854 2299 4916 runt,
2332 4848 2392 4902 in
2424 4846 2627 4901 iisdem
2659 4843 2817 4897 Actis
2857 4856 2971 4894 non
3008 4838 3323 4905 comparet,
3358 4832 3456 4886 sed
3496 4828 3775 4885 omittunt

2143 4943 2392 5003 tantum,
2422 4952 2487 4991 ac
2511 4932 2657 4988 nihil
2689 4931 2992 4985 dissonum
3017 4925 3241 4980 addunt
3264 4920 3417 4991 quod
3451 4934 3579 4972 cum
3606 4916 3775 4970 Meta-

2142 5029 2373 5099 pbraste
2404 5021 2673 5093 componi
2696 5036 2810 5075 non
2836 5016 3042 5089 possit.
3077 5017 3141 5066 Et
3165 5013 3283 5099 haec
3300 5011 3399 5099 est
3427 5007 3606 5099 altera
3628 5004 3772 5059 ratio

2142 5095 2247 5175 cur
2302 5117 2444 5171 Acta
2472 5112 2573 5167 illa
2603 5107 2763 5181 Cpoli
2812 5107 3027 5176 scripta
3073 5117 3187 5157 non
3231 5097 3413 5153 fuisse
3441 5095 3771 5149 videantur.

2215 5277 2362 5348 (137)
2393 5278 2456 5348 Τ.
2511 5273 2607 5329 VII
2650 5270 2805 5340 Maji,
2840 5285 2895 5339 p.
2949 5264 3039 5332 68,
3081 5280 3139 5318 n.
3184 5262 3249 5316 12
3296 5263 3352 5316 et.
3388 5264 3429 5314 t.
3479 5259 3527 5313 II
3568 5256 3771 5327 April.,

2144 5347 2666 5491 “deﬁciamur
2701 5410 2931 5491 Cpolitl,
2965 5424 3021 5491 ρ.
3054 5407 3142 5461 20.

2219 5471 2368 5561 (130)
2607 5486 2662 5540 d.
2695 5471 2830 5538 edit.
2873 5471 3034 5535 Paris
3068 5496 3083 5548 ;
3115 5478 3200 5534 cfr
3229 5475 3505 5532 Analecta
3557 5471 3772 5535 Graeca,

2148 5580 2204 5635 p.
2229 5558 2428 5616 '5l9'et
2457 5558 2582 5612 520.

2219 5633 2365 5704 (140)
2398 5636 2459 5685 Τ.
2494 5629 2541 5684 II
2571 5625 2750 5696 Junii,
2783 5642 2837 5697 p.
2875 5624 2995 5691 159,
3030 5640 3086 5678 u.
3118 5621 3187 5676 25
3218 5627 3269 5676 et
3300 5634 3461 5689 seqq.
