4142 6248
358 316 513 377 1107

1698 302 1977 365 MENSIS
2023 297 2408 362 OCTOBER.

3608 282 3773 344 1108

362 478 515 546 quod
548 477 771 533 scilicet
821 492 888 532 ex
938 480 1023 530 tot
1071 472 1388 539 miraculis,
1422 486 1551 541 quae
1601 469 1659 522 S.
1713 465 1999 536 Josephus
2030 463 2090 527 A
2186 460 2281 530 qui
2335 477 2366 514 a
2421 457 2650 515 Christo
2700 455 2815 508 Deo
2860 453 3065 507 nostro
3090 446 3483 546 “curationum
3518 443 3771 517 gratiam

362 565 854 635 Hymnographus
886 579 1036 619 anno
1062 564 1167 617 814
1190 563 1312 632 jam
1337 559 1497 629 Cpoli
1520 556 1842 612 sacerdotio
1875 554 1999 607 fun-

364 667 505 721 gens
538 653 705 720 (141),
730 668 796 707 ac
820 650 1026 706 saeculo
1050 648 1314 719 sequenti
1339 645 1758 717 Metaphrastes
1780 640 2001 711 magni-

366 741 472 794 fice
518 741 822 805 extollunt,
874 740 1105 795 nullum
1152 756 1219 793 ea
1266 738 1741 803 commemorent,
1789 736 1886 785 aut
1931 731 2000 784 de

366 826 486 882 illis
518 845 590 882 ne
632 829 872 882 verbum
908 829 1142 898 quidem
1186 827 1502 897 proferant.
1537 825 1595 879 Si
1643 822 1799 877 enim
1843 818 2000 889 Cpoli

366 916 615 986 scriptor
662 920 936 971 Actorum
990 916 1263 987 degisset,
1298 933 1409 970 non
1441 930 1505 969 eo
1537 913 1708 967 modo
1741 908 2001 980 patroci-

368 1005 534 1059 nium
580 1010 635 1059 S.
691 1006 930 1059 Andreae
982 1006 1091 1059 sibi
1143 1008 1486 1075 apprecatus
1519 1002 1682 1067 foret,
1714 998 1828 1053 tale
1857 995 2002 1051 illud

370 1109 582 1163 rogans
640 1093 882 1162 scilicet,
916 1093 1080 1164 quale
1137 1093 1189 1146 id
1244 1092 1618 1163 experiuntur
1666 1088 1766 1159 qui
1806 1086 2006 1142 colunt

370 1186 533 1235 tuam
582 1197 806 1236 sacram
856 1181 1199 1236 memoriam
1228 1188 1281 1235 et
1322 1178 1578 1235 loculum
1623 1175 2003 1247 reliquiarum

370 1278 603 1329 tuarum
636 1278 1011 1328 venerantur.
1046 1271 1211 1326 Nunc
1243 1287 1311 1325 ex
1338 1270 1569 1325 Canone
1598 1267 1657 1322 S.
1689 1263 1921 1334 Josepbi
1944 1280 2007 1318 ea

373 1362 717 1418 exhibemus
748 1378 874 1433 quae
899 1362 957 1417 S.
992 1361 1236 1415 Andreae
1257 1357 1539 1414 miracula
1561 1354 2007 1423 commendant;

375 1452 472 1506 sed
492 1451 760 1506 ultimam
777 1452 960 1506 Odam
978 1450 1067 1505 cui
1084 1446 1583 1520 hymnographus,
1599 1446 1655 1499 in
1672 1451 2009 1516 perpetuam

374 1539 765 1595 venerationis
802 1556 920 1594 suae
963 1538 1321 1604 memoriam,
1356 1551 1566 1591 nomen
1618 1550 1719 1604 per
1767 1530 2011 1587 acrosti-

376 1626 606 1682 chidcm
640 1628 896 1682 intexere
926 1627 1131 1691 suevit,
1164 1627 1447 1694 integram
1478 1623 1777 1685 vertimus,
1812 1620 2011 1675 eadem

380 1716 763 1771 acrostichide
792 1720 1033 1771 servata.
1083 1715 1417 1769 Advertisse
1460 1713 1633 1767 etiam
1661 1710 1895 1780 juverit,
1930 1708 2013 1762 uti

384 1808 690 1875 postremae
718 1804 853 1859 huic
872 1804 1024 1873 Odae,
1059 1805 1139 1858 ita
1168 1803 1389 1858 caeteris
1419 1801 1693 1857 omnibus
1725 1812 2011 1855 annexum

383 1909 511 1947 esse
539 1893 909 1949 Theotocium
947 1909 1043 1948 seu
1080 1890 1428 1947 versiculum
1462 1891 1521 1945 in
1564 1892 1837 1945 honorem
1886 1886 2015 1941 Dei-

383 1997 555 2051 parae,
590 1983 743 2051 quod
788 1984 912 2051 jam
949 1988 1079 2037 ante
1126 1980 1446 2051 Josephum
1507 1978 1806 2033 factitabat
1844 1976 2025 2030 Theo-

383 2070 629 2140 phanes,
662 2072 877 2143 aliique
908 2072 1329 2144 hymnographi
1368 2070 1542 2125 Graeci
1565 2086 1578 2137 ;
1600 2073 1661 2124 ut
1690 2069 1769 2123 ita
1798 2066 2025 2138 planum

386 2158 489 2213 ﬁat
519 2166 739 2231 quanta
769 2154 971 2227 Graeci,
998 2180 1030 2217 a
1053 2163 1314 2216 Romana
1338 2161 1471 2214 sede
1503 2158 1753 2213 necdum
1785 2155 2020 2223 divulsi,

387 2253 632 2317 quanta,
668 2250 927 2320 inquam,
954 2250 1014 2304 in
1047 2251 1107 2305 B.
1139 2249 1440 2320 Virginem
1472 2246 1773 2303 devotione
1806 2244 2023 2314 pollue-

384 2337 525 2395 rint.
576 2338 656 2392 Ex
716 2338 807 2393 his
846 2338 1099 2393 Canticis
1151 2341 1487 2407 excerptum
1533 2339 1623 2390 est
1677 2334 2021 2406 opusculum

385 2427 826 2497 Wangnereckii
881 2427 1064 2482 nostri
1114 2426 1206 2481 cui
1250 2426 1503 2481 titulus:
1550 2424 1736 2479 Pietas
1767 2421 2026 2477 Mariana

388 2518 739 2581 Graecorum,
756 2522 808 2569 et
830 2515 1148 2569 Maraccius
1167 2531 1339 2569 suum
1366 2511 1599 2568 Mariale
1620 2528 1687 2566 ex
1713 2511 1884 2566 unius
1910 2511 2026 2564 fere

394 2607 453 2661 S.
486 2604 723 2673 Josephi
762 2604 1010 2673 hymnis,
1044 2604 1150 2658 etsi
1195 2603 1465 2674 permulti
1496 2601 1687 2656 adhuc
1726 2600 1783 2653 in
1826 2598 2025 2653 biblio-

393 2697 579 2752 thecis
611 2695 992 2765 manuscripti
1032 2695 1398 2760 delitescunt,
1433 2692 1781 2749 concinnare
1814 2690 2021 2762 potuit.

392 2787 481 2841 35.
516 2785 746 2840 Sanitas
778 2800 845 2839 ex
875 2788 930 2839 te
978 2785 1094 2839 sive
1139 2784 1264 2838 vivo
1313 2782 1526 2847 adhuc,
1559 2782 1679 2837 sive
1703 2783 1824 2850 jam
1875 2796 2027 2835 mor-

464 2877 584 2943 tuo,
617 2877 897 2942 tanquam
931 2888 999 2927 ex
1040 2874 1195 2927 fonte
1224 2871 1283 2927 in
1324 2875 1570 2941 mgrotos
1602 2870 1823 2936 deﬂuit,
1854 2869 2026 2923 verbo

468 2962 660 3015 divino
688 2964 909 3030 potens,
943 2966 1141 3014 sancte
1161 2961 1408 3028 Andrea,
1441 2960 1534 3029 qui
1566 2959 1807 3029 spiritus
1837 2958 2027 3026 impu-

469 3066 563 3105 ros
604 3048 871 3120 depellis,
904 3053 960 3103 et
989 3048 1243 3103 Creatori
1284 3053 1381 3103 tuo
1404 3048 1685 3103 inclamas
1719 3063 1731 3102 :
1765 3047 1846 3101 Tu
1873 3044 2029 3102 solus

470 3149 727 3205 sanctus,
762 3140 1022 3195 Domine.
1052 3139 1157 3193 Ode
1186 3140 1238 3205 3,
1274 3139 1520 3211 imparia
1551 3140 1604 3194 2.

2176 548 2405 603 cmlitus
2436 543 2729 618 accepisti.
2764 540 2871 597 Ode
2899 540 2952 603 8,
2987 543 3056 593 tr.
3090 537 3146 593 3.

2839 657 2949 715 Ode
2976 657 3031 712 9.

2110 774 2266 839 Ideo,
2320 774 2489 829 Pater
2544 777 2759 834 sancte,
2810 783 2983 823 cursu
3044 767 3147 819 tuo
3220 766 3645 821 consummato.
3708 767 3764 815 et

2179 862 2498 917 orthodoxa
2541 861 2650 915 ﬁde
2681 859 3027 913 intemerate
3068 856 3307 917 servata,
3342 850 3483 920 quia
3529 848 3764 903 certasti

2187 954 2468 1027 legitime,
2505 963 2776 1004 coronam
2809 944 3101 1015 duplicem
3153 942 3405 1011 desuper
3453 936 3763 1009 accepisti,

2184 1055 2243 1101 ut
2276 1047 2495 1112 martyr
2522 1038 2795 1102 invictus,
2827 1037 2893 1088 ut
2921 1035 3117 1088 asceta
3150 1029 3436 1100 egregius.

2113 1133 2478 1190 Odoriferum
2538 1130 2602 1181 ut
2658 1124 2868 1189 lilium,
2911 1126 2976 1175 ut
3027 1136 3185 1187 rosa,
3236 1117 3426 1184 Pater,
3486 1115 3545 1170 in
3597 1117 3766 1186 prato

2184 1223 2392 1277 divine
2434 1231 2698 1273 asceseos
2730 1210 3002 1277 ﬂoruisti,
3039 1214 3103 1265 ut
3141 1208 3355 1264 cedrus
3386 1221 3560 1260 suave
3590 1203 3771 1258 redo-

2185 1310 2289 1377 les,
2320 1314 2637 1377 martyrum
2680 1301 3049 1373 splendorem
3102 1298 3364 1367 adeptus,
3414 1294 3582 1349 beate
3644 1294 3771 1345 An-

2188 1401 2345 1467 drea,
2380 1392 2795 1451 monachorum
2819 1390 3019 1443 decus.

2118 1488 2308 1561 Signis
2366 1494 2419 1540 et
2464 1480 2743 1554 portentis
2784 1477 2987 1533 merito
3026 1473 3292 1540 celebris,
3335 1472 3603 1528 omnium
3656 1468 3770 1523 sub

2192 1558 2376 1632 oculis
2436 1566 2863 1627 indissolubilis
2894 1581 3114 1630 manes,
3157 1564 3319 1618 beate
3376 1561 3631 1627 Andrea,
3666 1558 3773 1628 qui

2190 1672 2446 1723 mentem
2490 1660 2791 1717 illuminas
2840 1657 2953 1713 fide
2984 1655 3211 1711 ardenti
3254 1652 3590 1709 adeuntium
3625 1654 3683 1704 te
3716 1651 3774 1703 et

2194 1753 2606 1828 gratulantium
2642 1748 2767 1804 tibi.

2048 1844 2101 1909 B
2127 1848 2268 1904 Ecce
2301 1846 2452 1900 diem
2496 1840 2761 1896 festivum
2817 1841 2872 1891 et
2930 1838 3196 1890 sanctam
3235 1830 3773 1905 suavissimamque

2200 1932 2542 1991 memoriam
2573 1936 2731 1983 tuam
2787 1925 3146 1981 celebrantes
3189 1922 3382 1989 hodie,
3420 1919 3544 1985 tibi,
3576 1918 3777 1982 Pater,

2202 2040 2335 2080 cum
2368 2020 2584 2076 fiducia
2613 2019 2937 2072 clamamus
2973 2031 2986 2068 :
3027 2012 3223 2068 Sacris
3252 2010 3327 2066 ad
3357 2011 3539 2065 Deum
3574 2022 3776 2079 preca-

2202 2112 2461 2170 tionibus
2488 2109 2628 2179 tuis,
2656 2108 2725 2162 ab
2758 2103 2919 2161 omni
2947 2100 3351 2159 vicissitudine
3381 2099 3506 2154 vitae
3529 2096 3779 2152 liberare

2203 2222 2309 2262 nos
2342 2201 2620 2275 digneris.

2770 2310 3135 2368 Theotocium.

2131 2427 2451 2500 Phosphori
2507 2424 2646 2492 veri,
2718 2421 2817 2492 qui
2890 2420 3089 2474 lumen
3148 2415 3287 2471 tulit
3340 2413 3402 2468 in
3488 2412 3775 2467 mundum

2205 2517 2513 2589 splendore
2560 2512 2821 2575 Deitatis,
2853 2514 2910 2564 et
2938 2506 3279 2579 ignorantiae
3311 2503 3583 2559 tenebras
3615 2501 3777 2569 fuga-

2201 2608 2283 2661 vit
2312 2606 2368 2659 in
2421 2618 2629 2665 aevum,
2662 2600 2882 2654 viscera
2926 2601 3047 2667 tua,
3078 2593 3415 2651 castissima
3442 2591 3639 2662 Virgo,
3674 2590 3779 2644 ha-

2202 2693 2517 2750 bitaculum
2549 2692 2693 2746 facta
2726 2692 2904 2756 sunt;
2937 2686 3066 2741 ideo
3098 2684 3491 2756 glorificamus
3527 2686 3602 2736 te.

2202 2785 2291 2839 36.
2350 2783 2454 2837 Hic
2498 2779 2881 2837 exscribenda
2949 2776 3139 2831 forent
3195 2770 3599 2843 Metaphrastze
3654 2784 3784 2823 ver-

2133 2876 2228 2942 ba,
2290 2873 2505 2944 quibus
2556 2872 2825 2933 testatur,
2875 2882 2980 2921 suo
3040 2865 3216 2920 etiam
3272 2866 3552 2932 tempore,
3601 2857 3784 2914 nemi.

2136 2984 2262 3022 nem
2314 2964 2513 3020 morbo
2591 2964 2691 3017 aut
2759 2957 2913 3014 malo
2970 2954 3359 3027 qualicunque
3432 2954 3783 3021 correptum,

2136 3055 2332 3113 Sancti
2375 3051 2668 3109 tumulum
2702 3048 2913 3105 adiisse
2935 3046 3075 3118 quin
3109 3043 3429 3101 remedium
3458 3041 3591 3096 inde
3623 3043 3787 3093 retu-

2137 3146 2265 3201 lerit
2310 3163 2322 3213 ;
2367 3143 2463 3215 qui
2512 3140 2671 3213 Cpoli
2726 3141 2944 3211 degens
2994 3136 3074 3191 ita
3124 3135 3372 3188 fidenter
3418 3147 3531 3185 non
3584 3127 3785 3183 fuisset

400 3230 583 3285 Suave
613 3231 866 3300 spirans;
900 3229 1072 3283 οάοτθ
1114 3229 1420 3294 Virtutum,
1457 3228 1555 3283 Ubi
1588 3245 1744 3283 Πυηο
1777 3228 1938 3298 iaces
1969 3226 2026 3280 in
2062 3217 2109 3283 Ο
2142 3235 2405 3291 concives
2465 3231 2773 3296 allocutus,
2834 3226 2948 3283 nisi
3013 3222 3415 3295 frequentibus
3486 3218 3785 3276 miraculis

472 3317 759 3387 sepulcro.
797 3317 964 3371 Pater
1015 3321 1229 3383 sancte,
1266 3318 1486 3371 vultum
1545 3316 1806 3371 laetificas
1837 3330 2037 3369 eorum

473 3406 571 3475 qui
600 3406 914 3460 confidenti
947 3407 1117 3460 corde
1147 3407 1225 3461 Te
1248 3407 1482 3461 adeunt.
1517 3406 1621 3460 Ode
1652 3406 1681 3459 4
1712 3408 1851 3474 trop.
1884 3404 1935 3456 2.

403 3496 630 3551 Peccati
686 3496 953 3550 tenebras
1004 3494 1382 3559 abhorruisti,
1432 3494 1615 3561 Pater,
1666 3498 1723 3548 et
1775 3492 2038 3548 libidinis

472 3600 673 3653 expers
723 3584 1048 3639 utlucerna
1099 3584 1465 3654 splenduisti,
1501 3584 1597 3653 qui
1648 3584 1717 3637 ad
1776 3592 2037 3638 sanctum

476 3673 771 3725 tumulum
813 3678 975 3726 tuum
1027 3674 1363 3727 accedentes
1421 3673 1729 3740 splendore
1783 3673 2036 3726 curatio-

475 3775 640 3828 num,
676 3765 783 3813 Deo
813 3759 1007 3825 dante,
1040 3759 1356 3814 illuminas.
1394 3760 1517 3814 Ode.
1550 3762 1606 3824 5,
1638 3764 1707 3813 tr.
1745 3760 1794 3813 1.

406 3848 508 3905 Dei
542 3848 939 3903 habitaculum
967 3850 1150 3902 factus
1171 3864 1249 3917 es,
1282 3849 1469 3915 Pater,
1495 3850 1591 3918 qui
1614 3854 1813 3903 sancte
1846 3849 2037 3903 vixisti

475 3942 533 3990 et
573 3936 839 4007 pugnasti
887 3936 1110 3992 fortiter
1144 3954 1159 4007 ;
1193 3954 1348 3992 nunc
1391 3954 1523 3993 vero
1573 3938 1631 3992 in
1662 3947 2038 3994 monumento

469 4026 652 4095 jaces,
703 4026 898 4081 salvus
947 4029 1003 4080 et
1060 4025 1510 4091 indissolubilis,
1550 4031 1893 4082 cunctorum
1926 4027 2037 4083 sol-

476 4131 617 4170 vens
650 4117 879 4171 morbos
908 4114 1189 4171 fidelium.
1226 4116 1341 4173 Ode
1368 4117 1423 4186 5,
1455 4122 1526 4173 tr.
1559 4118 1612 4172 2.

408 4205 476 4261 Ut
512 4208 705 4277 magni
755 4206 922 4277 pretii
968 4206 1280 4264 thesaurus
1321 4208 1722 4277 absconditus,
1758 4208 1943 4265 oculis
1976 4207 2041 4262 li-

478 4296 715 4360 delium,
756 4297 937 4365 Pater,
986 4298 1328 4353 manifestus
1372 4300 1556 4354 factus
1588 4315 1671 4363 es,
1707 4303 1763 4354 et
1795 4302 2043 4357 miracu-

475 4384 546 4438 lis
568 4385 718 4439 ditas
749 4402 949 4439 omnes
980 4386 1079 4454 qui
1111 4387 1306 4441 colunt
1336 4392 1410 4441 te.
1444 4389 1549 4443 Ode
1577 4390 1630 4456 6,
1666 4399 1735 4444 ιν.
1771 4390 1823 4443 3.

409 4474 664 4545 Spiritus
695 4478 833 4527 tuus
866 4474 1062 4527 divina
1084 4475 1611 4531 communicatione
1642 4479 2036 4549 praefulgidus,

2143 3326 2201 3381 S.
2244 3322 2506 3378 Andreas
2546 3318 2805 3374 fidelium
2857 3318 3137 3388 pietatem
3183 3316 3631 3369 remunerasset.
3680 3307 3790 3361 Ve-

2143 3430 2295 3483 rum,
2328 3412 2422 3468 his
2454 3410 2675 3477 missis,
2709 3425 2843 3464 cum
2875 3409 2932 3462 in
2968 3405 3123 3461 Actis
3173 3405 3301 3474 ejus
3328 3420 3387 3459 n.
3415 3402 3481 3457 17
3514 3400 3625 3471 legi
3658 3414 3793 3471 pos-

2143 3505 2258 3559 sint
2286 3503 2356 3556 de
2407 3500 2586 3556 Crisis
2637 3499 2761 3554 loco
2811 3497 2906 3554 cui
2946 3511 3180 3552 sacrum
3230 3494 3446 3565 pignus
3503 3488 3789 3544 creditum

2142 3598 2249 3663 est,
2283 3592 2547 3663 quaedam
2579 3587 2923 3661 proferenda
2973 3589 3132 3641 sunt.
3185 3584 3246 3639 In
3298 3581 3460 3636 Actis
3508 3578 3794 3648 utrisque,

2144 3683 2241 3738 sed
2275 3681 2335 3736 in
2366 3677 2829 3751 Metaphrastaeis
2876 3674 3170 3740 disertius,
3221 3672 3382 3726 locus
3421 3668 3520 3724 ille
3550 3672 3791 3722 sanctus

2141 3770 2369 3826 dicitur.
2423 3768 2552 3823 Fuit
2600 3767 2678 3821 ibi
2729 3764 2952 3821 scilicet
3003 3760 3450 3825 monasterium,
3502 3756 3593 3812 cui
3637 3770 3797 3811 anno

2142 3859 2371 3916 circiter
2434 3859 2593 3926 1284,
2650 3874 2719 3911 ex
2798 3854 3027 3910 Possini
3094 3851 3276 3907 nostri
3339 3847 3560 3905 calculo
3611 3846 3796 3918 (142),

2144 3948 2403 4004 Raulena
2440 3943 2941 4001 Protovestiarissa
2998 3940 3359 4014 peramplam
3409 3942 3466 3993 et
3512 3934 3799 4007 exquisiti

2142 4038 2370 4093 artificii
2413 4036 2592 4091 aedem
2650 4034 2883 4106 adjecit.
2925 4032 3078 4087 Alibi
3110 4048 3243 4087 vero
3282 4029 3691 4101 Pachymeres,
3725 4041 3799 4080 ex

2143 4128 2404 4197 ersdem
2439 4124 2674 4181 Possini
2704 4122 3194 4195 interpretatione,
3228 4118 3310 4175 ita
3343 4119 3459 4174 fere
3481 4116 3747 4187 loquitur
3775 4130 3791 4169 :

2145 4216 2368 4273 abdidit
2398 4232 2457 4271 se
2489 4214 2807 4286 Gregorius
2842 4211 3170 4284 patriarcha
3207 4209 3268 4263 in
3303 4203 3790 4264 monasteriolum

2144 4307 2408 4363 Aristinre
2443 4305 2686 4373 dictum,
2712 4304 3051 4375 contiguum
3076 4297 3431 4354 monasterio
3464 4296 3523 4352 S'
3548 4293 3796 4349 Andreae

2143 4398 2202 4453 in
2258 4395 2427 4465 Crisi,
2459 4394 2733 4452 viciniam
2794 4393 2856 4447 in
2912 4392 3045 4446 talis
3093 4387 3320 4445 delectu
3370 4386 3481 4441 loci
3530 4398 3788 4455 sequens

2143 4485 2661 4543 Protovestiarissae
2696 4484 2983 4538 Raulsanaa
3022 4482 3084 4535 in
3114 4495 3178 4535 eo
3213 4482 3269 4533 S.
3308 4477 3549 4531 Andreaa
3584 4490 3799 4529 mona-

481 4561 765 4617 mirabilis
832 4562 1083 4627 Andrea,
1135 4562 1362 4617 stellam
1419 4564 1670 4620 lucidam
1715 4568 1933 4621 cunctis
1990 4576 2321 4641 teDsterio
2381 4575 2642 4645 degentis
2699 4590 2732 4627 a
2780 4587 2890 4642 qua
2947 4570 3199 4641 benigne
3265 4566 3563 4623 fovebatur
3620 4563 3786 4635 (M3).

479 4650 763 4717 exhibuit,
822 4655 876 4705 et
916 4650 1127 4720 ubique
1186 4652 1479 4707 miraculis
1527 4654 1785 4709 illustras
1842 4656 2042 4712 fideles

481 4743 870 4798 collaudantes
892 4746 965 4797 te.
1001 4742 1107 4797 01c
1133 4745 1188 4811 7,
1223 4752 1292 4799 tr.
1324 4744 1376 4798 3.

411 4832 619 4887 Contra
669 4833 964 4887 Christum
1018 4832 1075 4886 in
1136 4834 1353 4889 rabiem
1387 4832 1631 4905 abrepti,
1682 4839 1745 4890 ut
1785 4835 1911 4890 ferae
1946 4837 2043 4891 be-

481 4923 601 4975 stiae
637 4928 687 4976 te
744 4923 1026 4978 trucidari
1050 4925 1349 4994 jusserunt
1383 4942 1395 4991 ;
1430 4941 1606 4995 quare
1664 4931 1956 4995 raptantes
1987 4931 2043 4981 et

482 5012 764 5065 caedentes
850 5016 903 5066 te
964 5013 1021 5069 in
1094 5014 1431 5069 barathrum
1494 5014 1879 5085 projecerunt,
1940 5016 2040 5085 qui

478 5095 841 5236 itageritatis
868 5101 1213 5156 manifestus
1246 5105 1460 5172 martyr
1489 5101 1675 5155 factus
1698 5116 1779 5156 es.
1825 5099 1930 5156 Ode
1985 5103 2040 5169 8,

505 5200 549 5236 r.
613 5225 626 5236 .

505 5200 549 5237 r.
572 5200 626 5237 Ζ.

407 5268 693 5366 Prodigiis
722 5272 945 5340 fideles,
970 5285 1246 5351 tanquam
1269 5280 1503 5346 ﬂuento,
1526 5279 1751 5351 irrigas,
1776 5286 1829 5335 et
1850 5280 2039 5350 fugas,

477 5360 563 5408 vir
592 5360 777 5426 beate,
816 5368 1091 5431 nequitias
1140 5370 1406 5442 spiritus,
1439 5378 1493 5427 et
1521 5371 1828 5441 languores
1861 5368 2039 5437 tollis,

461 5524 699 5609 (μέλῃ
739 5529 1001 5609 mpm,
1036 5542 1247 5609 p.269,
1284 5558 1341 5594 n.
1377 5544 1462 5597 13.

452 5591 597 5665 (142)
618 5591 1064 5673 Pacbyiner,'tf
1080 5591 1151 5679 ir,
1168 5591 1497 5680 53536.3:
1524 5614 1649 5667 606.

2153 4665 2297 4719 Num
2330 4663 2510 4734 igitur
2555 4662 2627 4717 ob
2661 4661 2931 4715 viciniam
2975 4656 3254 4713 utriusvis
3301 4656 3547 4710 istorum
3592 4665 3779 4707 mona-

2153 4753 2456 4808 steriorum
2491 4749 2665 4804 Crisis
2688 4748 2850 4803 locus
2876 4750 3139 4812 sanctus,
3159 4747 3277 4815 jam
3309 4742 3444 4798 inde
3473 4746 3676 4797 octavo
3697 4754 3789 4793 sae-

2151 4841 2277 4898 culo
2326 4840 2479 4896 dicta
2528 4838 2625 4904 sit,
2661 4836 2890 4892 definiri
2927 4851 3039 4892 non
3083 4837 3314 4907 potest;
3349 4849 3456 4888 nos
3484 4831 3659 4887 aliam
3690 4845 3797 4900 ap-

2150 4929 2477 5002 pellationis
2545 4943 2784 4982 causam
2857 4942 2971 4981 non
3048 4924 3400 4980 deteximus.
3478 4921 3653 4976 Porro
3728 4933 3798 4973 ex

2150 5020 2342 5090 priore
2376 5016 2748 5089 Pachymeris
2780 5013 3028 5086 allegato
3058 5013 3184 5069 loco
3212 5011 3519 5077 discimus,
3564 5006 3800 5063 Raulaa-

2152 5125 2309 5173 nam,
2343 5108 2620 5162 feminam
2663 5105 2867 5160 multis
2895 5104 3055 5159 tertii
3081 5101 3290 5158 decimi
3314 5098 3516 5156 saeculi
3552 5096 3801 5166 scripto-

2151 5198 2312 5252 ribus
2344 5195 2712 5262 celebratam,
2736 5195 2793 5250 S.
2822 5193 3063 5248 Andreae
3094 5190 3474 5263 magniﬁcum
3505 5184 3799 5257 templum

2149 5288 2501 5352 suscitasse;
2538 5284 2631 5340 cui
2662 5284 2951 5339 Maximus
2994 5281 3280 5337 Planudes
3314 5276 3662 5343 monachus,
3698 5272 3802 5344 qui

2147 5379 2273 5432 tum
2304 5374 2584 5445 temporis
2611 5372 2843 5429 vivebat
2874 5370 3025 5443 (144)
3053 5373 3109 5426 et
3145 5385 3214 5426 ex
3243 5365 3586 5439 biographis
3617 5364 3797 5421 inno-

2221 5542 2367 5612 (143)
2401 5541 2535 5597 Loc.
2568 5541 2667 5597 cit.
2701 5557 2758 5613 p7.
2792 5541 2861 5597 89
2888 5558 2938 5598 e.
2972 5564 2983 5574 ·

2218 5610 2369 5682 (144)
2399 5610 2775 5685 Ραοὴγω.,’1.
2810 5630 2861 5670 c.
2889 5630 2943 5685 p.
2980 5610 3080 5668 166
3101 5627 3148 5667 c.
