4142 6248
395 305 548 365 1109

1567 320 1750 381 VlTA
1797 323 1860 382 S.
1909 323 2244 385 ANDRE/E
2288 327 2366 386 IN
2411 326 2636 387 CRISl.

3628 321 3781 380 1110

392 467 609 556 tescere
667 465 835 556 facile
883 469 1136 542 cuipiam
1188 475 1418 546 poterit,
1449 476 1882 551 inscriptionem
1928 483 2582 556 du-APalmogrophiae
2632 486 2836 540 Graecae
2887 483 3262 555 reproducta;
3297 481 3512 537 scimus
3547 480 3783 551 quidem

395 553 606 626 plicem
655 555 984 614 destinavit.
1035 561 1196 618 Hanc
1249 567 1559 638 utramque
1596 569 1868 639 Cangius,
1900 585 2034 626 cum
2144 573 2287 628 Acta
2317 553 2374 628 at
2405 553 2590 628 Vitam
2619 576 2674 627 S.
2708 553 3234 642 Andreaevepiscopi
3274 569 3565 624 Cretensis
3593 567 3786 624 minus

395 645 780 715 comperisset
831 646 1168 705 Raultenam
1217 666 1286 707 ex
1343 653 1578 712 Francis
1636 658 1874 729 stirpem
1935 661 2036 716 de-

396 733 628 790 duxisse
657 734 828 806 (145),
883 736 943 791 in
987 738 1393 810 supplemento
1442 744 1635 815 Cpolis
1673 747 2036 815 Christianae,

397 825 548 896 quod
579 824 815 881 Zonaras
847 827 1170 885 Annalibus
1195 832 1461 902 subjecit,
1485 835 1765 892 edendam
1796 839 2035 894 curavit.

393 915 509 970 Nos
539 912 670 969 illas
703 914 794 969 hic
843 917 1203 974 recudendas
1253 937 1382 978 esse
1431 940 1544 979 non
1578 925 1870 992 duximus,
1903 943 2036 984 cum

396 1003 718 1075 praesertim
770 1003 830 1058 in
874 1005 1200 1063 extollendo
1251 1010 1540 1068 Raulaenze
1573 1029 1777 1084 genere
1826 1015 2038 1072 Planu-

396 1091 497 1147 des
553 1107 698 1162 pene
749 1096 906 1151 totus
956 1095 1035 1151 sit
1076 1097 1195 1152 :de
1224 1114 1340 1170 quo
1395 1101 1572 1157 etiam
1615 1105 2042 1177 monuisseju-

395 1185 511 1248 vat,
562 1197 634 1237 ne
681 1181 936 1238 disticha
985 1187 1246 1254 quaedam
1297 1205 1411 1244 non
1463 1192 1571 1246 rite
1619 1192 2040 1266 intelligantur,

396 1286 530 1326 eum
580 1271 928 1327 acerrimum
978 1274 1151 1330 Graeci
1184 1275 1518 1336 schismatis
1547 1287 2041 1354 propugnatorem

397 1358 602 1415 fuisse.

468 1447 558 1502 37.
620 1447 769 1514 Quid
827 1450 900 1505 de
963 1453 1311 1510 venerandis
1369 1458 1426 1512 S.
1485 1458 1724 1514 Andreas
1782 1460 2045 1533 reliquiis

399 1540 529 1608 post
559 1537 753 1608 Cpolis
783 1537 1164 1611 direptionem
1197 1559 1230 1598 a
1259 1545 1464 1600 Turcis
1504 1545 1720 1602 factum
1757 1549 1851 1616 sit,
1884 1549 2046 1620 igno-

400 1641 598 1682 ramus
624 1643 637 1694 ;
674 1626 915 1684 fortasse
943 1645 1144 1686 earum
1172 1631 1366 1703 aliqua
1395 1651 1524 1704 pars
1546 1636 1858 1693 etiamnum
1884 1637 2045 1708 Cpoli

399 1719 815 1784 asservaretur,
851 1733 986 1773 nam
1028 1735 1198 1776 secus
1244 1737 1360 1776 non
1409 1721 1634 1795 integra
1685 1729 1786 1780 aut
1825 1727 2047 1797 absque

401 1803 832 1861 Commentario
863 1807 981 1863 fors
1011 1809 1361 1878 prodiissent
1384 1828 1508 1882 quae
1540 1813 1598 1867 in
1625 1812 1815 1870 Graeco
1846 1815 2048 1871 Ofﬁcio

401 1893 472 1948 de
503 1899 784 1963 praesente
814 1899 872 1950 8.
914 1899 1151 1954 Andreae
1196 1915 1434 1972 corpore
1479 1904 1649 1958 toties
1678 1908 2042 1974 repetuntur.

2148 664 2285 716 nota.
2307 661 2900 731 fuisse,etmartyrem
2925 665 3192 716 nostrum
3209 664 3326 714 tam
3348 658 3406 714 in
3424 657 3587 713 fastis
3612 671 3785 727 quam

2147 749 2204 805 in
2223 749 2400 815 Actis,
2429 751 2748 822 saepissime
2768 751 3097 805 Cretensem
3123 749 3258 813 dici,
3283 748 3378 802 sed
3405 747 3519 801 [nec
3539 746 3788 800 dubium

2149 855 2262 894 non
2287 838 2536 894 solvunt.
2552 843 2633 894 En
2656 845 2846 894 autem
2870 838 3063 894 locum
3087 854 3155 892 ex
3173 837 3326 891 dicta
3346 833 3785 905 Descriptione:

2149 927 2372 982 Ibidem
2421 928 2482 982 in
2533 929 2882 983 monasterio
2935 925 3230 996 Batopedii
3271 928 3398 979 erat
3446 923 3584 978 olim
3617 927 3789 992 caput

2149 1017 2206 1072 S.
2240 1017 2478 1071 Andreas
2509 1016 2801 1072 Cretensis
2835 1033 2848 1070 :
2884 1015 2986 1070 sed
3017 1018 3215 1069 Patres
3244 1030 3278 1068 a
3307 1013 3506 1067 multis
3528 1012 3654 1081 jam
3683 1027 3788 1065 an-

2149 1103 2242 1159 nis
2264 1104 2456 1174 ipsum
2471 1103 2639 1176 quasi
2655 1103 2949 1158 cimelium
2967 1103 3281 1174 pretiosum
3297 1099 3632 1155 obtulerunt
3652 1097 3790 1169 piis-

2151 1194 2300 1250 simo
2332 1199 2388 1249 et
2417 1211 2627 1266 magno
2659 1194 2838 1249 totius
2861 1193 3082 1248 Russite
3110 1188 3466 1262 imperatori.
3494 1189 3558 1243 In
3591 1204 3788 1242 mona-

2152 1282 2327 1338 sterio
2361 1282 2655 1337 Iberorum
2688 1282 2954 1352 ejusdem
2977 1279 3191 1335 montis
3217 1278 3365 1333 Atho
3387 1277 3643 1348 reliquiae
3665 1289 3790 1330 cer-

2154 1372 2442 1427 nebantur
2471 1373 2528 1426 S.
2561 1370 2840 1442 Stephani
2867 1367 3129 1424 Junioris
3171 1368 3339 1438 (147),
3372 1382 3544 1436 quem
3586 1364 3788 1420 eodem

2153 1465 2414 1531 tempore
2432 1475 2668 1531 passum
2689 1458 2961 1525 diximus,
2985 1462 3398 1514 etMenaeorum
3415 1453 3789 1527 synaxarium

2155 1548 2313 1620 Cpoli
2337 1548 2694 1619 requiescere
2715 1551 3025 1604 asseverat.
3058 1545 3222 1601 Nunc
3255 1549 3396 1600 Acta
3417 1542 3670 1614 duplicia
3691 1543 3790 1595 da-

2156 1653 2311 1705 mus,
2343 1653 2590 1707 quorum
2623 1637 2814 1708 priora
2836 1635 3193 1705 interpretati
3215 1649 3442 1699 sumus,
3466 1630 3568 1686 sed
3591 1643 3792 1684 mone-

2157 1743 2285 1782 mus
2315 1742 2382 1781 ea
2414 1724 2635 1797 prolixe
2664 1729 2720 1780 et
2751 1725 2810 1779 in
2843 1725 3084 1779 formam
3117 1721 3365 1778 encomii
3398 1720 3616 1790 scripta
3645 1732 3790 1773 esse.

2158 1816 2341 1880 Quam
2375 1814 2678 1870 emendate
2707 1821 2951 1884 utraque
2981 1813 3271 1883 proferant
3302 1809 3522 1880 antiqui
3544 1808 3795 1876 codices,

2159 1921 2226 1959 ex
2257 1903 2470 1974 quibus
2499 1903 2787 1974 exscripta
2809 1908 2964 1968 sunt,
2997 1901 3316 1971 lectioipsa
3336 1897 3642 1969 patefaciet
3666 1915 3680 1964 ;
3704 1897 3797 1952 vix

402 1980 622 2037 Menses
660 1983 838 2049 enim,
873 1985 959 2039 uti
1009 2002 1076 2041 ea
1124 1964 1336 2044 excusa
1383 1988 1691 2061 habemus,
1736 1964 2051 2063 Cpolitanaa
2082 1964 2135 2030 Β
2162 1964 2599 2048 υιιίὶοῑεοίεηιί
2650 1964 2804 2048 ohvii
2835 1964 2994 2058 sunt,
3027 1964 3360 2060 sphalmata
3403 1991 3598 2043 autem
3630 2002 3798 2041 ama-

401 2069 671 2126 Ecclesiae
716 2072 908 2130 ofﬁcia
955 2075 1328 2146 potissimum
1379 2079 1658 2148 referunt,
1691 2086 1748 2137 et
1797 2082 2052 2154 patroci-
2161 2081 2474 2136 nuensium
2506 2079 2882 2152 paucissima,
2923 2094 3106 2149 eaque
3135 2077 3260 2147 ipsa
3285 2075 3652 2148 postmodum
3684 2073 3800 2129 alia

404 2162 578 2216 nante
635 2161 965 2230 patriarcha
1012 2165 1334 2234 Cpolitano,
1377 2169 1590 2224 saeculo
1632 2186 1747 2236 XVI,
1793 2172 2050 2242 primum
2162 2187 2338 2226 manu
2369 2171 2429 2226 in
2462 2171 2726 2241 margine
2757 2172 3012 2225 correcta
3033 2171 3194 2233 sunt,
3226 2169 3328 2222 aut
3359 2166 3471 2234 hic,
3505 2181 3606 2234 pro
3635 2163 3796 2217 Actis

401 2248 558 2320 typis
591 2251 860 2305 mandata
883 2252 1040 2308 fuere
1069 2254 1243 2325 (146).
1267 2256 1482 2312 Obvius
1504 2261 1593 2313 est
1612 2257 1825 2330 aliquis
1843 2259 1902 2315 S.
1935 2265 2054 2314 An-
2162 2259 2618 2330 Metaphrastaeis
2648 2258 2886 2327 scilicet,
2919 2274 2986 2314 ex
3017 2261 3270 2328 quatuor
3317 2256 3580 2310 codicum
3623 2252 3801 2309 colla-

405 2336 573 2392 dreas
605 2338 903 2395 Cretensis
933 2340 994 2396 in
1025 2341 1422 2415 Descriptione
1455 2346 1670 2402 montis
1701 2348 1863 2418 Atho,
1899 2365 2050 2404 anno
2162 2349 2319 2404 tione
2349 2349 2753 2405 emendantur.
2777 2345 3001 2402 Videsis
3034 2343 3201 2415 plura
3231 2343 3301 2398 de
3331 2340 3598 2412 utrisque
3620 2355 3802 2410 supra

405 2425 542 2480 1701
580 2426 638 2482 in
667 2426 948 2484 Valachia
970 2429 1121 2486 edita
1139 2435 1194 2486 et
1218 2448 1251 2488 a
1282 2432 1712 2492 Montfauconio
1743 2437 1814 2492 ad
1835 2437 2053 2494 calcem
2166 2453 2224 2492 n.
2259 2440 2290 2492 8
2321 2447 2376 2494 et
2403 2439 2458 2494 9.

477 2587 624 2667 (145)
659 2590 724 2667 I_n
754 2590 907 2667 notis
938 2592 1006 2648 ad
1039 2592 1331 2667 Alexiad.,
1363 2612 1419 2667 p.
1450 2595 1577 2652 239.

484 2593 624 2658 (145)
659 2593 724 2645 In
754 2593 907 2647 notis
938 2593 1006 2648 ad
1039 2593 1331 2664 Alexiad.,
1363 2612 1419 2667 p.
1450 2595 1577 2652 239.

484 2660 629 2732 (146)
660 2661 727 2716 Τ.
762 2663 986 2733 IAug.,
1017 2681 1076 2736 p.
1106 2666 1232 2722 229.

2235 2599 2382 2669 (147)
2413 2597 2684 2668 Palzeogr.
2719 2597 2839 2667 Gr.,
2872 2613 2926 2666 p.
2961 2595 3062 2650 464
3097 2598 3154 2650 et
3181 2593 3304 2649 474.

1622 2995 2659 3129 ΜΑΡΤΥΡΙΟΝ

1641 3241 1774 3298 ΤΟΥ
1810 3244 2013 3298 ΑΓΙΟΥ
2050 3241 2586 3298 ΟΣΙΟΜΑΡΤΥΡΟΣ

409 3414 1506 3594 ΑΝΔΡΕΟΥ
1621 3425 2097 3597 ΤΟΥ
2214 3428 2512 3595 EN
2602 3426 2895 3595 ΤΩ
2982 3419 3798 3593 ΚΡΙΣΕΙ.

1585 3855 2628 3980 MARTYRIUM

1637 4069 1694 4125 S.
1735 4066 2058 4125 MONACHI
2098 4070 2187 4125 ET
2226 4067 2597 4126 MARTYRIS

1159 4258 2042 4420 ANDRE/E
2151 4258 2362 4422 IN
2479 4253 3057 4420 CRISI.

415 4540 521 4611 (Ex
551 4539 690 4596 Cod.
723 4537 898 4611 Cois].
931 4553 1088 4606 CXLV,‘
1121 4536 1218 4611 fol.
1253 4536 1350 4611 121
1384 4553 1546 4611 verso
1577 4537 1944 4611 Bibliothecaa
1975 4539 2143 4611 regiae
2173 4538 2614 4611 Parisinazicum
2647 4535 2951 4611 collatione
2981 4535 3231 4611 aliorum
3258 4533 3516 4611 quinque
3550 4531 3810 4611 integro-

490 4628 618 4667 rum
650 4609 938 4684 codicum.
972 4602 1139 4684 A._
1178 4608 1318 4684 C_od.
1350 4609 1520 4684 Cojsl.
1554 4627 1672 4684 qn.
1705 4610 1789 4684 Β.
1810 4641 1879 4684 έ-
1907 4602 2041 4684 Cod.

2152 4628 2219 4684 :g.
2254 4611 2412 4666 1484.
2446 4610 2506 4666 C.
2541 4640 2606 4651 —
2638 4610 2775 4665 Cod.
2813 4609 2969 4663 1495.
3009 4609 3068 4664 D.
3102 4637 3167 4647 —
3199 4602 3333 4661 Cod.
3367 4602 3503 4676 Reg.
3540 4602 3697 4657 1503.
3740 4607 3807 4656 Α.

486 4684 550 4738 Ε.
581 4713 650 4723 -
679 4682 813 4740 Cod.
845 4682 979 4752 Reg.
1014 4681 1170 4736 1503.
1204 4681 1265 4736 F.
1298 4712 1366 4723 -ο
1397 4681 1532 4738 Cod.
1569 4681 1708 4754 Reg.
1746 4683 1930 4755 1543.)

423 4869 593 4942 Caput
649 4871 893 4926 unicum.
940 4868 995 4925 S.
1055 4867 1282 4924 Andrez
1316 4867 1423 4942 (pia
1471 4871 1529 4924 in
1564 4868 1721 4926 Creta
1777 4873 1891 4926 vita
1917 4887 1939 4933 ;
1995 4872 2143 4927 venit
2183 4871 2722 4941 Constantinopolim
2776 4868 2851 4924 ad
2898 4864 3355 4942 impugn_andum_
3392 4863 3810 4942 Constantinum

493 4935 920 5016 Eopronymum,
985 4945 1036 4997 et
1091 4935 1360 4996 immania
1415 4945 1688 4998 tormenta
1735 4959 1954 5014 passus,
2027 4945 2292 5016 exspirat.
2360 4935 2684 5014 Sepulcrum
2739 4935 3029 4996 miraculis
3079 4938 3273 4993 claret.
3331 4937 3396 4992 In
3446 4936 3595 4991 Criai
3647 4935 3809 5008 depo-

489 5015 666 5070 nitur.

491 5135 573 5187 A’.
602 5127 800 5198 Πολλή
841 5126 975 5184 κατᾶ
1021 5132 1128 5184 τῶν
1185 5132 1283 5184 τοῦ
1340 5131 1578 5202 Χριστοῦ
1634 5129 1918 5205 μαρτύρων
1968 5134 2041 5185 tot

2246 5132 2289 5187 Ι.
2314 5131 2416 5188 Est
2432 5147 2645 5203 magna
2657 5129 2874 5185 diaboli
2893 5127 3114 5184 malitia
3136 5125 3410 5182 adversus
3425 5124 3639 5181 Christi
3656 5141 3808 5180 mar-

423 5213 688 5274 διαϐόλου
718 5219 753 5286 ἡ
796 5216 1114 5292 κακουργὶα,
1163 5217 1254 5272 καὶ
1301 5215 1537 5289 μάλιστα
1581 5216 1704 5272 ὅταν
1754 5217 2041 5274 ἆπταίστω

2171 5223 2350 5291 tyres,
2373 5224 2430 5275 et
2460 5217 2713 5273 maxime
2737 5214 2991 5287 jquando
3021 5230 3119 5270 eos
3151 5213 3306 5268 videt
3352 5211 3623 5284 pietatem
3667 5228 3808 5266 con-

420 5309 542 5382 ὁρᾷ,
580 5307 669 5363 καὶ
722 5305 960 5369 ἂκλινῶς
1021 5302 1312 5360 ὁδεύουσαν
1371 5308 1470 5375 τὴν
1527 5301 1810 5361 εὖσὲϐειαψ
1868 5305 2041 5362 πολλὶ

2173 5313 2393 5365 stanter
2435 5307 2687 5379 ingredi,
2719 5311 2776 5362 et
2829 5307 2973 5362 citra
3034 5304 3212 5360 ullam
3270 5301 3703 5359 offensionem:
3756 5308 3812 5355 et

415 5397 506 5453 καὶ
535 5395 766 5467 ποικίλη
797 5395 887 5451 καὶ
923 5393 1168 5470 μεγάλης
1216 5391 1445 5468 δεομένη
1496 5397 1703 5469 ψυχῆς,
1751 5394 1840 5450 καὶ
1889 5396 2041 5472 ἀσφαι

2171 5415 2305 5454 cum
2358 5399 2433 5454 sit
2480 5397 2655 5454 etiam
2712 5395 2886 5463 varia,
2936 5409 3147 5466 magno
3195 5397 3398 5450 contra
3453 5391 3615 5447 illam
3662 5406 3811 5460 opus

419 5485 532 5549 λῶς
583 5489 652 5561 τῇ
710 5485 846 5560 πρὸς
929 5485 1159 5560 Χριστὸν
1219 5485 1240 5520 ί
1299 5483 1482 5560 ἄγάπῃ
1569 5483 2036 5558 καθωπλισμένης

2169 5490 2259 5543 est
2289 5486 2506 5554 animo,
2539 5488 2595 5542 et
2643 5489 2794 5541 recte
2834 5487 3058 5540 armato
3090 5483 3147 5538 in
3181 5481 3469 5539 Christum
3505 5478 3809 5545 charitate,

494 5633 510 5668 ⁸
540 5630 676 5708 πρὸς
707 5628 831 5685 Θιόν
863 5630 925 5688 F.
