4142 6248
3609 237 3790 298 1112

364 277 514 336 1111
1703 265 1984 328 MENSIS
2031 272 2039 320 t

2152 261 2327 324 l‘OBE
2339 264 2383 322 Β
2394 303 2410 320 .

367 440 425 487 ut
457 450 569 489 non
604 433 674 486 ab
705 448 771 488 eo
803 432 1183 504 opprimatur,
1217 445 1403 500 neque
1432 428 1492 482 in
1524 428 1907 483 exsecrandas
1940 426 2003 480 il.
2033 486 2039 490 _

2152 443 2252 475 ιστε
2313 421 2387 492 μὴ
2454 413 2920 484 πλεονεκτηθῆναι
3003 407 3094 463 ὕπ’
3183 405 3372 474 αὐτοῦ,
3444 403 3586 476 μηδὲ
3645 403 3789 459 ταῖς

2251 510 2259 514 -
2367 506 2380 514 .
2460 507 2469 514 .
2700 508 2722 514 ..
2990 503 3013 514 ς.
3130 495 3144 514 ν
3329 499 3353 510 ν
3476 488 3782 514 ,,,\-,,!--_.

368 520 482 575 lius
516 537 726 575 manus
759 489 998 589 incidat,
1024 519 1120 590 qui
1152 489 1419 573 hostibus
1446 516 1798 585 quibuslibet
1820 513 1999 568 insul-
2033 489 2039 490 ⁷

2152 510 2293 583 ερσὶν
2363 506 2568 560 ἐκείνου
2631 508 2748 563 ταῖς
2822 503 3040 574 μιαραῖς
3127 495 3400 570 ἐμπεσεῖν,
3469 489 3782 563 πολεμίων

2205 603 2213 608 .
2448 598 2461 608 .
2563 594 2613 608 ει.
2891 590 2904 608 ς
3067 585 3128 605 εκ.-
3280 605 3291 608 _
3541 583 3606 608 -1.
3672 581 3782 608 --ζμ

370 613 454 662 tat
485 609 884 678 impudentius
917 625 930 674 ;
966 617 1016 662 et
1052 609 1258 679 partim
1293 607 1524 678 quidem
1559 623 1660 677 per
1681 621 1763 675 se,
1794 605 2002 676 partim

2152 603 2356 654 πάντων
2438 594 2804 669 ἀναιδέστερον
2889 594 3292 659 ἐπιπηδῶντος·
3375 594 3465 640 καί
3539 594 3608 636 τα
3670 594 3790 653 μεν

2170 690 2226 698 -.
2372 692 2398 698 ..
2515 687 2526 698 ι
2588 683 2629 698 λ.
2795 681 2808 698 ι
2863 679 2886 698 es
2924 680 2938 698 κ
3033 683 3058 693 ~
3343 673 3456 698 -,,,1
3626 669 3790 698 ...ἱ-2.

373 701 564 750 autem
619 713 720 766 per
759 711 878 764 eos,
921 697 1016 766 qui
1079 697 1186 767 ipsi
1232 696 1546 759 adhmrent,
1599 693 2003 760 multifariam,

2153 694 2182 743 ι’
2213 690 2421 743 ἑαυτοῦ·
2472 687 2538 742 τὰ
2585 683 2664 755 δέ,
2723 681 2812 737 καὶ
2859 679 2948 735 διὰ
2993 683 3100 733 τῶν
3158 673 3571 752 προσκειμένων
3623 673 3794 740 αὐτῷ

2195 779 2213 791 ς
2348 779 2359 791 ι
2612 779 2634 790 ..
2726 774 2768 791 ν
2931 773 2959 783 ~
3034 768 3057 791 ο
3109 766 3252 791 Α-.-
3348 763 3788 791 2..----.ῑγμη-,κρρ

375 783 687 853 multisque
719 784 905 839 modis
936 766 1146 840 Christi
1177 801 1371 840 servos
1403 784 1571 839 afﬁcit
1603 783 1842 852 injuria,
1870 785 2008 836 Nam

2152 779 2481 852 ηολυτρόπως
2547 779 2663 838 τοῖς
2726 773 2962 846 Χριστοῦ
3031 766 3253 828 δούλοις
3347 766 3758 838 ἐπηρεάζοντος

2184 870 2192 874 .
2310 869 2321 874 -
2460 867 2472 874 .
2675 863 2686 874 .
2957 861 2983 872 .-
3095 854 3123 874 -γ
3201 872 3208 874 .
3347 852 3358 867 ι
3470 847 3518 874 1H.
3586 846 3758 874 223’-

375 872 520 926 alios
554 849 790 942 quidem
838 873 1102 928 deturbat
1137 890 1232 944 per
1264 873 1601 945 praecipitia,
1637 849 1777 926 alios
1811 875 2006 925 autem

2152 870 2240 929 οὒς
2413 867 2515 941 γὰρ
2563 863 2698 917 κατά
2762 861 3024 934 κρημνῶν
3086 854 3210 909 ὦσε·
3279 852 3407 914 τοὺς
3465 849 3524 904 δὲ
3581 849 3796 903 ὀδοῦσι

2234 961 2258 968 -
2494 948 2547 968 ιο
2588 951 2607 968 κ
2781 949 2790 965 r
3027 945 3045 968 2
3086 947 3222 968 _~J_,.
3273 942 3500 968 &_1--.-.
3579 935 3796 968 1113......

377 935 590 1028 objicit.
607 961 859 1016 ferarum
884 935 1154 1016 dentibus
1191 979 1203 1017 :
1238 935 1370 1017 aliis
1401 935 1662 1017 accendit
1691 960 2008 1026 fornacem,

2155 935 2302 1029 ηρῶν
2359 935 2669 1028 περιέϐαλε·
2728 949 2957 1021 κάμινον
3017 945 3222 1018 ἀνῆψεν
3273 942 3500 1016 ἐτέροις·
3579 935 3793 995 ἄλλοις

378 1047 510 1102 aliis
541 1049 727 1118 aperit
763 1050 1100 1104 barathrum
1134 1066 1146 1104 :
1185 1050 1276 1105 his
1311 1050 1675 1105 machinatur
1702 1059 1909 1114 rotam,
1941 1047 2014 1102 il-

375 1135 451 1190 lis
491 1135 647 1191 acuit
695 1135 991 1207 gladium:
1029 1142 1083 1192 et
1133 1136 1262 1192 aliis
1307 1136 1448 1192 alias
1490 1137 1692 1208 plagas
1752 1142 1932 1206 parat,
1963 1141 2016 1189 et

381 1228 620 1278 mortes.

452 1313 522 1367 II.
569 1312 678 1367 Sed
722 1313 1100 1370 nihilominus
1145 1315 1254 1370 fuit
1293 1315 1513 1380 irrisus,
1557 1330 1689 1369 cum
1742 1317 2020 1381 martyres

387 1401 503 1456 haec
535 1402 729 1456 omnia
781 1419 957 1472 parva
1014 1403 1338 1470 duxissent,
1369 1407 1425 1459 et
1474 1403 1587 1459 alia
1636 1403 1824 1475 magis
1875 1417 2025 1456 nova

384 1494 675 1545 tormenta
707 1492 1084 1562 requirerent,
1118 1497 1182 1548 ut
1212 1509 1314 1563 per
1345 1493 1465 1548 hac
1496 1493 1871 1548 ostenderent
1903 1507 2024 1545 ma-

388 1593 593 1649 gnum,
627 1581 781 1650 quod
834 1581 894 1635 in
940 1581 1236 1637 Christum
1288 1582 1597 1650 habebant,
1649 1580 2022 1637 desiderium.

389 1667 533 1722 Nam
564 1669 673 1723 etsi
715 1669 925 1724 multos
951 1687 1017 1726 ex
1045 1671 1258 1727 Christi
1286 1672 1468 1727 servis
1501 1673 1570 1727 de
1603 1670 1792 1725 medio
1833 1674 2027 1725 sustu-

388 1754 457 1808 lit
511 1755 808 1820 inimicus,
853 1765 907 1811 et
949 1758 1208 1828 ipsorum
1265 1760 1559 1830 superavit
1614 1763 1924 1814 naturam:
1969 1761 2027 1812 at

390 1856 507 1895 non
539 1841 709 1897 etiam
755 1843 1111 1913 institutum,
1147 1863 1210 1901 ac
1250 1846 1627 1913 voluntatem,
1662 1851 1718 1902 et
1748 1851 2026 1910 mentem,

392 1945 518 1999 quas
567 1931 746 1985 vincit
795 1933 1012 1988 omnia.
1061 1935 1130 1988 Et
1159 1935 1283 1990 ideo
1314 1936 1498 2005 magis
1543 1936 1651 1990 fuit
1698 1939 2027 2006 superatus,

393 2023 451 2072 et
499 2019 732 2075 demisit
778 2022 1175 2092 supercilium,
1209 2026 1364 2094 quod
1396 2030 1452 2080 et
1491 2042 1683 2092 carne,
1719 2031 1774 2081 et
1823 2029 2031 2079 natura

393 2107 652 2163 humana
682 2108 999 2175 laborante,
1034 2117 1186 2167 esset
1233 2114 1466 2170 illorum
1514 2116 1746 2170 animus
1779 2114 2032 2169 invictus

395 2200 452 2250 et
480 2195 886 2254 immutabilis.
920 2199 1042 2264 His,
1077 2217 1201 2271 quae
1233 2202 1522 2270 dicuntur,
1555 2205 1748 2258 ferunt
1775 2202 2034 2258 testimo-

396 2285 553 2339 nium
580 2288 846 2356 generosi
876 2291 934 2342 et
964 2289 1113 2343 beati
1139 2292 1409 2361 martyris
1432 2292 1667 2346 Andreae
1691 2291 2031 2346 certamina.

396 2371 451 2427 Is
509 2373 664 2427 enim
711 2389 842 2428 cum
901 2375 1060 2445 talia,
1095 2381 1148 2432 et
1206 2378 1296 2433 bis
1345 2378 1524 2434 multo
1568 2381 1833 2451 graviora
1863 2379 2037 2435 susti-

399 2460 643 2528 nuisset,
669 2479 784 2517 non
817 2462 1006 2518 solum
1035 2481 1404 2522 communem
1436 2468 1698 2523 omnium
1729 2469 2035 2524 inimicum

401 2549 628 2605 abunde
674 2551 966 2620 superavit
998 2569 1012 2607 :
1058 2554 1158 2609 sed
1191 2555 1262 2610 iis
1301 2557 1497 2626 etiam,
1533 2557 1631 2628 qui
1671 2558 1864 2628 ipsum
1899 2575 2036 2613 con-

402 2637 586 2691 secuti
618 2643 773 2704 sunt,
806 2640 1124 2695 maximum
1161 2643 1269 2698 fuit
1301 2650 1731 2714 argumentum,
1757 2652 1818 2701 ut
1848 2650 2041 2701 essent

402 2726 553 2780 bono
584 2726 800 2782 animo.
832 2729 1010 2798 Cujus
1041 2747 1156 2785 non
1190 2730 1381 2787 solum
1427 2744 1559 2789 sunt
1588 2734 1840 2805 insignia
1863 2735 2044 2790 admi-

401 2815 585 2868 randa
624 2817 962 2883 certamina,
996 2821 1092 2874 sed
1133 2828 1267 2876 sunt
1313 2821 1489 2877 etiam
1522 2825 1650 2894 ejus
1709 2829 1860 2880 recte
1892 2826 2046 2880 facta

402 2903 724 2960 imitanda:
760 2922 862 2961 nec
913 2907 1104 2963 solum
1155 2926 1282 2965 esse
1322 2916 1549 2982 oportet
1611 2914 1904 2969 auditores
1948 2930 2046 2968 eo-

405 3008 559 3058 rum,
593 3008 717 3062 quaa
749 2995 820 3049 de
849 2994 974 3065 ipso
997 2996 1288 3066 dicuntur,
1323 3001 1423 3055 sed
1447 3001 1622 3057 etiam
1654 3002 1782 3072 ejus
1810 3002 2046 3059 virtutis

406 3079 754 3137 imitatores.

2125 1027 2393 1118 βάραθρον
2433 1027 2634 1112 ἤνοιξε·
2680 1037 2904 1098 τούτοις
2957 1034 3163 1108 τροχὸν
3225 1027 3572 1105 ἐτεχνάσατο·
3625 1027 3794 1104 ξίφος

2488 1131 2494 1132 ,
2783 1128 2792 1132 -
3118 1119 3201 1132 ...η
3383 1118 3402 1132 ς
3505 1119 3518 1132 .
3629 1121 3642 1132 .
3745 1114 3756 1132 .

2124 1133 2352 1194 ἐκείνοις
2401 1131 2650 1201 ὑπέθηξε·
2705 1128 2798 1182 καὶ
2858 1123 3053 1186 ἄλλοις
3109 1119 3283 1181 ἄλλας
3341 1118 3561 1193 πληγὰς
3619 1118 3802 1186 ἡτοί-

2131 1241 2267 1294 μασε
2297 1220 2386 1274 καὶ
2419 1218 2696 1279 θανάτους.

2201 1311 2273 1367 Β’.
2308 1307 2485 1364 Ἀλλὰ
2525 1305 2615 1362 διὰ
2655 1307 2870 1361 πάντων
2922 1306 2942 1340 ³
2991 1299 3383 1376 κάτεγελάσθη·
3451 1297 3621 1371 μικρά
3668 1299 3800 1350 τῶν

2135 1401 2422 1475 μαρτύρων
2481 1400 2650 1454 πάντα
2731 1401 2899 1451 ταῦτα
2955 1392 3353 1468 λογισαμένων,
3443 1388 3536 1443 καὶ
3603 1384 3800 1447 ἄλλας

2624 1489 2630 1490 ,
2808 1485 2822 1490 _
3051 1484 3061 1490 .
3292 1479 3316 1490 ..
3501 1478 3515 1490 .
3683 1473 3738 1490 η

2133 1474 2442 1564 καινοτέρας
2497 1489 2757 1564 βασάνους
2805 1484 3223 1554 ἐπιζητούντων·
3280 1479 3418 1534 ὥστε
3464 1478 3554 1532 τὸν
3604 1474 3793 1530 πολὺν

2135 1581 2192 1635 ’ὸν
2249 1562 2398 1657 εἶχον
2459 1562 2596 1652 πρὸς
2654 1576 2883 1651 Χριστὸν
2934 1572 3098 1627 πόθον
3162 1568 3232 1625 δι’
3279 1569 3459 1624 αὐτῶν
3516 1562 3800 1657 ἐπιδείξα-

2137 1650 2380 1723 etlam-Ei:
2408 1650 2512 1742 γὰρ
2553 1665 2640 1719 καὶ
2694 1650 2940 1724 πολλοὺς
2987 1664 3095 1714 τῶν
3141 1662 3238 1712 τοῦ
3287 1659 3532 1732 Χριστοῦ
3572 1650 3796 1742 δούλων

2137 1758 2164 1810 6
2215 1741 2428 1830 ἐχθρὸς
2460 1753 2669 1822 ἀνεῖλε,
2723 1751 2812 1806 καὶ
2862 1749 3072 1827 φύσεως
3125 1746 3393 1822 ἐκράτησε
3437 1751 3538 1812 τῆς
3580 1741 3790 1809 αὐτῶν,

2139 1844 2265 1900 ἀλλ’
2333 1844 2463 1922 οὐχὶ
2521 1845 2543 1879 ³
2597 1839 2968 1916 προαιρέσεως
3027 1837 3117 1892 καὶ
3175 1836 3406 1911 γνώμης
3459 1839 3558 1901 τῆς
3613 1835 3797 1922 πάντα

2137 1935 2395 2003 νικώσης·
2445 1931 2534 1986 καὶ
2585 1928 2674 1985 διὰ
2727 1935 2890 1984 τοῦτο
2951 1927 3163 2001 μᾶλλον
3225 1927 3480 1994 ἣττηται,
3540 1919 3631 1975 καὶ
3686 1921 3795 1988 τὴν

2141 2026 2304 2094 ὀφρὺν
2361 2017 2786 2090 καταϐέϐληται·
2859 2018 2943 2074 ὅτι
3024 2016 3114 2072 καὶ
3172 2014 3370 2087 σαρκὸς
3426 2013 3516 2067 καὶ
3578 2010 3799 2088 φύσεως

2186 2085 2222 2102 μ
2663 2085 2672 2090 1
3243 2085 3251 2087 “
3591 2085 3600 2088 “
3643 2097 3667 2112 ι.

2140 2121 2241 2183 τῆς
2300 2110 2645 2187 ἀνθρωπίνης
2699 2106 3034 2183 καμνούσης,
3083 2106 3112 2160 6
3159 2109 3286 2165 νοῦς
3353 2102 3574 2157 ἐκείνων
3634 2119 3797 2174 ατρε-

2141 2223 2276 2264 πτος
2308 2201 2373 2270 ἧν
2425 2201 2515 2255 καὶ
2574 2201 2869 2270 ἀήττητος.
2931 2199 3214 2271 Μαρτυρεῖ
3266 2197 3387 2253 τοῖς
3445 2187 3797 2265 λεγομένοις,

2141 2292 2233 2348 καὶ
2275 2295 2371 2345 τοῦ
2429 2287 2674 2365 γενναίου
2727 2288 2817 2342 καὶ
2879 2285 3148 2360 μακαρίου
3211 2283 3483 2357 μάρτυρος
3545 2274 3798 2351 Ἀνδρέου

2144 2381 2513 2452 παλαίσματα·
2558 2379 2720 2440 οὗτος
2771 2378 2898 2453 γὰρ,
2952 2379 3178 2430 τοιαῦτα
3232 2371 3324 2428 καὶ
3375 2368 3576 2440 πολλῷ
3628 2365 3797 2443 βαρύ-

2144 2492 2272 2545 τερα
2309 2469 2517 2524 τούτων
2558 2467 2919 2537 καθυποστάς⁹
2968 2463 3028 2520 οὗ
3074 2463 3232 2538 μόνον
3278 2466 3376 2517 τοῦ
3423 2462 3612 2515 κοινοῦ
3659 2457 3798 2511 πάν-

2144 2544 2251 2614 των
2283 2557 2486 2633 ἐχθροῦ
2531 2558 2664 2629 μετὰ
2722 2554 2940 2626 πολλῆς
2997 2552 3261 2627 ἐκράτησε
3306 2557 3406 2620 τῆς
3456 2544 3797 2619 περιουσίας,

2146 2648 2295 2703 ἀλλὰ
2321 2649 2411 2703 καὶ
2445 2647 2670 2722 μεγίστη
2702 2652 2817 2709 τοῖς
2864 2646 2980 2718 μετ’
3020 2642 3178 2698 αὐτὸν
3228 2642 3498 2712 ἀθληταῖς
3544 2640 3679 2710 πρὸς
3729 2635 3792 2689 τὸ

2149 2735 2360 2811 θαρρεῖν
2430 2737 2680 2797 ὑπόθεσις
2775 2737 3005 2810 γέγονεν·
3067 2734 3127 2788 ’ὀν
3189 2731 3248 2786 οὗ
3316 2735 3422 2785 τῶν
3510 2729 3792 2804 ὑπερφνῶν

2146 2823 2541 2896 παλαισμάτων
2589 2824 2882 2896 θαυμάζειν
2937 2823 3049 2896 χρή
3113 2820 3292 2892 μόνον,
3356 2817 3501 2874 ἀλλὰ
3547 2816 3638 2871 καὶ
3688 2818 3797 2869 τῶν

2147 2913 2590 2986 κατορθωμάτων
2651 2911 2725 2974 είς
2795 2909 2962 2981 ζῆλον
3020 2907 3293 2984 ἔρχεσθαι·
3355 2904 3470 2961 οὐδ’
3530 2906 3797 2982 ἀκροατὰς

2148 3008 2256 3058 τῶν
2286 3002 2613 3076 περὶαύτοῦ
2645 2999 2850 3076 λόγων,
2900 2997 3046 3053 ἀλλὰ
3091 2997 3180 3052 καὶ
3231 2995 3475 3071 μιμητὰς
3523 3002 3625 3064 τῆς
3675 2994 3798 3068 ἀρε-

2152 3097 2256 3161 τῆς
2283 3089 2542 3166 γίνεσθαι.

478 3168 578 3223 ΙΙΙ.
615 3169 810 3240 Ipsum
843 3173 1076 3243 quidem
1101 3175 1254 3245 tulit,
1277 3195 1402 3248 quae
1425 3180 1686 3236 omnium
1712 3181 1943 3252 optimis
1964 3199 2039 3238 re-

2230 3164 2306 3235 l".
2370 3181 2602 3254 ’Ἡνεγκε
2653 3179 2748 3247 μὲν
2829 3179 2933 3252 γὰρ
3018 3176 3177 3232 αὐτὸν
3234 3177 3268 3244 ἡ
3329 3173 3722 3251 εύγνωμοτάτη
3782 3175 3804 3208 δ

407 3254 654 3327 gebatur
685 3257 933 3330 legibus,
977 3262 1158 3318 Creta.
1196 3265 1391 3336 Itaque
1443 3273 1634 3324 autem
1685 3270 1756 3325 ab
1812 3272 2050 3326 ineunte

409 3350 576 3399 aetate
607 3347 849 3416 patriam
884 3349 1151 3407 imitatus
1183 3354 1702 3425 pietatem,beatos
1734 3373 1967 3430 quoque
1990 3360 2047 3413 in

411 3433 539 3504 ipsa
567 3437 819 3491 ostendit
853 3437 1097 3495 labores.
1128 3444 1253 3498 Non
1301 3447 1455 3500 enim
1490 3445 1746 3501 laudavit
1783 3447 2047 3517 gloriam,

413 3541 527 3578 non
550 3524 780 3581 divitias
798 3532 884 3582 est
912 3531 1254 3601 admiratus,
1273 3551 1387 3589 non
1411 3538 1624 3591 amavit
1654 3536 1911 3604 delicias,
1933 3553 2049 3591 non

415 3613 649 3668 mollem
684 3621 740 3670 et
770 3619 1067 3675 remissam
1092 3623 1268 3678 vitam
1293 3628 1382 3679 est
1411 3631 1774 3682 consectatus
1809 3629 1909 3682 sed
1942 3628 2049 3682 du-

419 3717 566 3770 ram,
599 3703 850 3773 rigidam
901 3713 955 3760 et
1003 3726 1285 3779 asperam,
1319 3724 1375 3767 et
1418 3730 1543 3784 quae
1575 3733 1674 3785 per
1703 3717 1896 3769 omnia
1927 3720 2052 3771 erat

414 3798 611 3860 parata
625 3792 780 3846 adire
807 3796 1143 3850 certamina.
1165 3800 1305 3853 Cum
1330 3816 1465 3869 ergo
1485 3811 1636 3856 esset
1656 3803 2051 3858 ardentissime

413 3878 645 3932 virtutis
672 3896 857 3935 amore
881 3888 1103 3953 captus,
1121 3890 1175 3939 et
1195 3887 1495 3942 mansisset
1520 3888 1664 3943 liber
1685 3909 1714 3943 a
1735 3890 2050 3963 voluptate,

414 3966 692 4037 praeclara
750 3969 929 4024 erexit
999 3977 1211 4044 trOpaea
1269 3977 1548 4034 adversus
1608 3979 1891 4045 inimicos,
1951 3983 2048 4052 qui

416 4060 609 4110 mente
641 4058 1127 4130 percipiuntur,et
1159 4064 1268 4118 fuit
1290 4067 1560 4122 omnibus
1591 4069 1808 4139 optima
1835 4069 1926 4125 via
1957 4087 2048 4126 sa-

414 4143 552 4198 lutis
589 4160 602 4196 :
636 4149 691 4199 et
721 4147 922 4203 multis
946 4153 1334 4220 persuasit,ut
1363 4156 1539 4212 vitam
1573 4162 1916 4229 praesentem
1949 4160 2048 4214 de-

414 4231 720 4302 spicerent,
753 4242 810 4290 et
859 4238 917 4292 in
967 4239 1175 4296 cmlum
1221 4251 1515 4301 currerent
1548 4265 1561 4303 :
1597 4265 1709 4320 quo
1732 4249 1788 4304 in
1822 4249 1945 4304 loco
1978 4249 2048 4304 ab

411 4321 502 4386 iis,
536 4323 636 4392 qui
669 4326 918 4397 sapiunt,
944 4330 1152 4386 dicitur
1171 4337 1227 4388 et
1257 4337 1509 4391 creditur
1539 4355 1664 4393 esse
1689 4344 1886 4394 nostra
1906 4355 2049 4396 con-

412 4414 677 4469 versatio.
710 4416 897 4485 Atque
920 4417 1076 4473 illius
1107 4421 1342 4490 quidem
1366 4426 1482 4479 vita
1513 4432 1636 4481 erat
1665 4428 2044 4497 hujusmodi:

2159 3270 2292 3324 ποτὲ
2341 3271 2360 3304 ⁵
2402 3271 2508 3322 τῶν
2553 3267 2768 3321 πόλεων
2820 3268 3030 3341 Κρήτη·
3084 3267 3111 3320 ὁ
3144 3263 3223 3333 δὲ,
3265 3265 3365 3334 τήν
3425 3263 3693 3337 πατρικὴν
3743 3261 3803 3317 ἐκ

2159 3356 2367 3413 παίδων
2403 3358 2660 3429 ζηλώσας
2705 3352 2998 3428 εὐσέϐειαν,
3033 3356 3084 3411 ἐν
3134 3354 3271 3429 αὐτῇ
3310 3353 3402 3409 καὶ
3446 3353 3575 3415 τοὺς
3631 3373 3806 3425 μακα-

2162 3447 2313 3522 ρίους
2373 3445 2678 3517 ἐπεδείξατο
2735 3447 2953 3508 πόνους·
3017 3446 3079 3499 οὐ
3136 3444 3237 3520 γάρ
3312 3441 3469 3516 δόξαν
3525 3441 3802 3515 ἐπῄνεσεν·

2161 3536 2222 3591 ού
2272 3535 2508 3591 πλοῦτον
2564 3533 2883 3607 ἐθαύμασεν·
2945 3532 3005 3588 οὐ
3062 3533 3152 3586 τὸν
3207 3532 3368 3608 ὑγρὸν
3437 3529 3528 3584 καὶ
3585 3527 3806 3599 ἀνειμέ-

2159 3646 2244 3680 νον
2281 3627 2303 3660 θ
2332 3623 2577 3696 ἐζήλωσε
2612 3624 2752 3698 βίον,
2786 3621 2929 3678 ἀλλὰ
2960 3625 2978 3659 ⁷
3010 3623 3104 3676 τὸν
3137 3619 3376 3696 σκληρόν
3411 3640 3469 3675 τε
3511 3619 3598 3674 καὶ
3652 3616 3810 3672 εὔτο-

2159 3736 2248 3770 νον
2298 3717 2319 3751 3
2349 3715 2438 3770 καὶ
2485 3714 2721 3793 τραχὺν,
2766 3713 2856 3768 καὶ
2907 3710 2998 3766 διὰ
3045 3715 3246 3771 παντὸς
3294 3708 3606 3784 ἐναγώνιον.
3657 3711 3815 3780 ’Δρε-

2160 3806 2257 3871 τῆς
2295 3805 2471 3858 τοίνυν
2534 3803 2675 3858 οὕτω
2733 3800 3035 3874 θερμότατα
3087 3798 3349 3874 ἐρασθεὶς,
3407 3798 3498 3852 καὶ
3548 3795 3814 3866 δούλης⁹

2157 3893 2358 3961 ἡδονῆς
2397 3891 2679 3966 ἐλεύθερος
2728 3891 2933 3964 μείνας.
2987 3888 3256 3964 λαμπρῶν
3303 3889 3442 3943 κατὰ
3488 3892 3597 3942 τῶν
3645 3907 3814 3941 νοου-

2163 3982 2334 4051 μένων
2399 3979 2611 4057 ἐχθρῶν
2668 3977 2938 4033 ἀπέλαυσε
2994 3981 3102 4033 τῶν
3143 3976 3438 4051 τροπαίων·
3495 3973 3586 4029 καὶ
3642 3978 3808 4030 πᾶσιν

2161 4067 2284 4132 ὁδὸς
2348 4070 2543 4144 ἀρίστη
2627 4071 2728 4134 τῆς
2812 4068 3082 4141 σωτηρίας
3149 4065 3380 4141 ἐγένετο·
3442 4062 3695 4125 πολλούς
3749 4082 3812 4118 τε

2160 4156 2431 4233 ὑπεριδεῖν
2473 4156 2648 4213 ἔπεισε
2689 4163 2789 4226 τῆς
2840 4156 3120 4230 παρούσης
3168 4162 3338 4226 ζωῆς,
3388 4155 3475 4209 καὶ
3527 4153 3663 4228 πρὸς
3713 4151 3810 4206 οὗ·

2162 4251 2318 4326 ρανὸν
2347 4249 2561 4322 τρέχειν
2597 4247 2660 4286 ιο·
2696 4244 2817 4310 ἔνθα
2862 4248 2953 4299 καὶ
2987 4245 3051 4300 τὸ
3091 4243 3402 4318 πολίτευμα
3449 4244 3608 4316 ἡμῶν
3660 4242 3810 4314 παρά

2157 4345 2264 4396 τῶν
2296 4338 2351 4394 εὗ
2405 4339 2744 4417 φρονούντων
2800 4337 2843 4374 ¹¹
2903 4334 2992 4390 καὶ
3054 4332 3270 4412 λέγεται
3327 4333 3416 4388 καὶ
3472 4329 3806 4391 πιστεύεται.

2156 4432 2219 4487 Ὁ
2255 4430 2347 4502 μὲν
2405 4429 2496 4482 οῦν
2543 4427 2715 4489 οὕτως
2761 4426 2878 4504 εἶχε
2930 4425 3045 4500 βίον
3092 4426 3137 4461 ¹²
3186 4423 3274 4477 καὶ
3327 4419 3616 4500 δογμάτων
3664 4419 3806 4475 ἀπο-

414 4499 684 4589 dogmata
711 4507 903 4558 autem
949 4508 1262 4573 apostolica
1291 4514 1347 4563 et
1377 4514 1562 4580 patria
1589 4521 1852 4569 accurate
1883 4521 2039 4570 tene-

2159 4516 2428 4572 στολικῶν
2459 4518 2548 4572 καὶ
2579 4519 2852 4589 πατρικῶν
2903 4507 3146 4586 ἀκριϐῶς
3196 4509 3402 4586 εἴχετο.
3453 4509 3558 4565 Καὶ
3589 4510 3624 4578 ἡ
3659 4509 3806 4582 σύμ-

416 4585 529 4642 bat.
563 4588 892 4654 Quinetiam
928 4593 1234 4650 universus
1266 4598 1424 4653 orbis
1455 4604 1622 4655 terrae
1654 4607 1792 4656 tunc
1824 4620 1966 4674 pura
1997 4612 2051 4659 et

417 4676 644 4732 sincera
659 4678 959 4735 fruebatur
975 4682 1273 4753 religione,
1292 4691 1808 4762 nequequidquam
1830 4692 2048 4749 inimici

421 4765 770 4859 aizaniorum
804 4774 938 4826 tunc
970 4770 1027 4824 in
1059 4788 1123 4826 eo
1155 4776 1518 4832 nascebatur.
1543 4781 1686 4836 Cum
1715 4791 1906 4842 autem
1927 4790 2048 4859 jam

418 4851 590 4947 longo
616 4857 874 4947 tempore
897 4860 1188 4932 malignus
1208 4865 1327 4921 haec
1349 4867 1558 4924 videret
1583 4872 1804 4942 florere,
1822 4885 1874 4932 et
1905 4851 2051 4947 pura

417 4944 842 5036 tranquillitate
873 4949 1097 5020 impleri
1121 4953 1444 5024 ecclesiam,
1479 4961 1716 5028 perinde
1743 4944 2052 5036 atque‘ma-

413 5044 527 5098 gna
576 5032 816 5088 all‘ectus
849 5043 1003 5093 esset
1045 5040 1279 5110 injuria,
1314 5062 1685 5119 nequaquam
1720 5032 2000 5110 sustinuit
2031 5073 2046 5114 :

411 5120 512 5172 sed
549 5123 611 5173 ut
638 5136 744 5190 per
773 5123 974 5182 dolum
1007 5127 1162 5200 piam
1205 5131 1499 5190 invaderet
1531 5137 1890 5212 religionem,
1924 5161 2050 5200 ma-

472 5333 687 5408 εᾼτᾳῦτα
722 5334 901 5408 πάντα
934 5345 999 5400 R.
1034 5345 1094 5398 B.
1129 5347 1196 5401 D.
1247 5349 1307 5403 Ε.
1363 5350 1426 5408 F.

394 5400 853 5474 ‘6_ra_t'&vszpéywv
890 5412 961 5466 Ι),
1065 5414 1088 5448 7
1117 5400 1205 5469 ,ξαὶ
1363 5400 1386 5407 —
1413 5400 1450 5458 ἰ

603 5466 681 5559 ΒΞ
706 5473 803 5559 Ag,”
822 5477 888 5559 D‘,
919 5485 985 5559 Ἐ,
1012 5553 1047 5559 _
1090 5466 1370 5559 ίέῖςξιθᾷῥά
1405 5499 1468 5550 D.

386 5543 611 5602 πονηρὸς
639 5543 885 5600 desunt
916 5552 971 5604 in
1006 5553 1065 5608 F.
1171 5558 1212 5592 ¹⁷
1245 5543 1568 5636 οἰκουμένην
1601 5543 1665 5626 ΒΣ

1499 5422 1707 5480 ἔντονον
1759 5429 1820 5484 F.

1531 5355 1664 5408 ³καὶ
1715 5357 1777 5412 Β.
1835 5360 1894 5416 C.
1941 5361 2002 5416 E.
2057 5360 2118 5416 F.

1531 5446 1707 5465 u-Pnunu
1761 5429 1801 5465 Π
1925 5430 1948 5465 9
1995 5425 2118 5465 κλει]

1574 5446 1707 5480 ξονον
1759 5429 1820 5484 F.
1925 5430 1948 5465 9
1995 5425 2192 5489 δοῦλος
2239 5432 2302 5487 Ε.
2397 5425 2450 5470 ’³ο
2495 5425 2613 5486 ἀνατ

1574 5497 1847 5575 ¹ίέχθροῦ
1887 5519 1988 5574 pro
2035 5505 2278 5574 Χριστοῦ
2328 5508 2388 5557 D.
2447 5504 2506 5560 E.
2553 5503 2613 5561 F.

2159 4629 2299 4662 πασα
2344 4605 2401 4661 δὲ
2458 4606 2752 4679 οἰκουμένη
2811 4605 3050 4675 καθαρὰς
3081 4605 3126 4640 ¹³
3157 4602 3246 4657 καὶ
3295 4601 3432 4670 αύτή
3489 4607 3592 4670 τῆς
3650 4601 3794 4656 εὐσε-

2159 4693 2302 4758 ϐείας
2345 4695 2563 4773 ἐτρύφα·
2624 4691 2712 4747 καὶ
2763 4689 2918 4746 οὐδὲν
2961 4690 3105 4753 δλως
3153 4695 3263 4745 τῶν
3311 4695 3408 4745 τοῦ
3460 4693 3698 4764 Χριστοῦ
3749 4688 3792 4725 ¹⁴

2159 4790 2406 4859 ζιζανίων
2465 4788 2512 4826 1⁵
2557 4785 2608 4840 ἐν
2661 4786 2799 4859 αὐτῇ
2884 4784 3208 4861 παρεφύετο.
3268 4783 3473 4858 Χρόνον
3556 4781 3615 4838 δὲ
3692 4779 3801 4853 ἤδη

2159 4878 2358 4955 συχνὸν
2390 4878 2417 4931 6
2457 4875 2696 4950 πονηρὸς
2756 4877 2798 4912 ³⁸
2828 4874 3087 4928 ἀνθοῦντα
3135 4876 3301 4927 ταῦτα
3351 4873 3515 4946 ὁρῶν,
3563 4871 3652 4926 καί
3705 4891 3808 4926 κα-

2159 4971 2322 5043 θαρᾶς
2381 4964 2629 5042 γαλήνης
2689 4965 2784 5033 την
2873 4960 3166 5033 ἐκκλησίαν
3253 4960 3677 5037 ἐμπιπλαμένην
3738 4963 3805 4998 ιτ·

2159 5054 2338 5131 ὥσπερ
2370 5053 2528 5117 αὐτὸς
2557 5055 2623 5109 τὰ
2659 5050 2871 5130 μεγάλα
2919 5049 3280 5125 ἠδικημένος,
3333 5050 3588 5125 οὐδαμῶς
3640 5052 3810 5128 ἤνεγ-

2157 5165 2268 5219 κεν,
2301 5141 2448 5199 ἀλλᾶ
2484 5143 2618 5198 πάνυ
2660 5139 2864 5204 δολίως
2912 5139 3186 5196 ἐπιθέσθαι
3233 5144 3302 5214 τῇ
3335 5135 3577 5213 εὐσεϐείᾳ
3629 5160 3808 5195 σπου-

2216 5359 2619 5433 ⁴νεῦνομωτάτη
2668 5361 2734 5433 D.
2787 5359 2896 5433 F._
2952 5359 2972 5393 ⁵
3018 5357 3150 5433 ποτὲ
3200 5359 3366 5433 deest
3411 5359 3471 5415 F.
3526 5428 3537 5433 _
3572 5360 3595 5395 ⁸
3643 5360 3816 5433 prigs

2407 5433 2450 5470 ¹⁰
2495 5428 2806 5506 ἀνατρέχειν
2975 5501 2985 5506 _
3022 5428 3066 5506 {1
3097 5433 3250 5506 -τῶν-
3279 5428 3680 5506 εὐ-φρονούντων

2719 5500 2767 5540 λε
2818 5500 3052 5570 ζιζανίοό
3097 5503 3156 5560 Β.
3211 5503 3272 5560 C.
3323 5500 3390 5560 DQ
3438 5502 3502 5562 E.
3542 5503 3608 5563 F.
3703 5502 3749 5539 ¹⁶
3781 5504 3814 5559 ὁ
