4142 6248
265 302 419 364 1113

1431 317 1621 381 νιΤΑ
1665 318 1727 380 S.
1773 321 2116 384 ANDREJE
2157 325 2233 386 IN
2279 325 2504 386 CRISI.

3508 334 3662 393 1114

259 461 362 534 δῆν
393 458 567 520 ἔθετο.
627 461 804 527 Εἰδὼς
839 466 940 542 γὰρ
995 466 1077 522 ὅτι
1138 468 1382 544 χαλεπὸν
1444 472 1592 546 αὖτῷ
1649 478 1739 530 καί
1791 475 1909 532 δυσο

2033 496 2198 551 ;num
2261 481 2522 536 studium
2571 481 2854 539 adhibuit.
2904 484 3050 540 Nam
3099 501 3232 542 cum
3272 487 3491 543 videret
3534 506 3663 546 esse

263 554 616 632 επιχεέρητον
675 561 856 611 πεῖσαι
916 558 1272 632 Χριστιανοὺς
1347 561 1650 636 ἀρνηθῆναι
1711 567 1757 603 ¹δ
1810 568 1908 636 τὴν

261 643 408 706 θείαν
448 647 544 698 τοῦ
583 644 818 718 Χριστοῦ
876 648 1167 722 σάρκωσιν,
1226 648 1464 713 πολλοῖς
1525 650 1634 724 ἤδη
1686 653 1910 729 χρόνοις

260 731 651 806 ἐμπεδοθεὶσαν
714 734 758 771 ¹⁹
814 735 1019 800 αὐτοῖς’
1076 737 1230 793 καὶὸ
1260 761 1420 817 φησιν
1471 742 1498 796 ὁ
1550 749 1693 806 θεῖος
1744 741 1908 799 Δαϐἰδ

261 819 567 875 ἐκτείνασαν
624 823 718 894 μὲν
775 823 840 878 τὰ
905 823 1167 898 κλήματα
1211 827 1258 864 ²⁰
1313 823 1417 892 ἕως
1472 828 1770 902 θάλασσης,
1817 834 1907 886 καὶ

255 905 362 971 ἕως
431 915 692 983 ποταμῶν
748 912 843 974 τὰς
932 913 1302 992 παραφυάδας·
1365 917 1465 992 ὅρη
1537 917 1594 974 δὲ.
1657 925 1724 995 τῇ
1786 924 1908 990 σκιᾷ

259 997 655 1068 καλύπτουσαν,
710 999 800 1055 καὶ
857 1007 974 1063 ταῖς
1059 1001 1411 1079 ἀναδενδράσι
1469 1008 1564 1071 τὰς
1621 1014 1717 1064 τοῦ
1774 1014 1906 1066 Θεοῦ

261 1084 507 1162 κέδρους·
563 1091 724 1144 τοῦτο
773 1089 976 1153 ἐκεῖνος
1035 1091 1214 1163 εἰδὼς,
1269 1095 1360 1150 ἅτε
1427 1100 1518 1156 σῦς
1580 1096 1639 1152 ὲκ
1697 1096 1906 1172 δρυμοῦ

266 1176 358 1230 καὶ
419 1177 607 1249 μονιὸς
666 1177 875 1252 ἄγριος,
963 1181 1306 1255 λυμήνασθαι
1361 1184 1563 1255 ταύτην
1619 1186 1905 1261 ἐπιχειρεῖ,

263 1265 467 1339 τρόπον
524 1263 730 1340 ἕτερον,
795 1273 992 1343 μικροῦ
1050 1271 1184 1346 πρὸς
1264 1274 1363 1342 τὴν
1419 1275 1612 1347 ὁμοίαν
1685 1275 1910 1352 φέροντα

269 1350 503 1428 βλάϐην,
533 1356 624 1410 καὶ
658 1353 746 1410 διὰ
782 1365 883 1427 τῆς
942 1359 1212 1432 ἀρνήσεως
1251 1367 1358 1417 τῶν
1410 1369 1614 1419 σεπτῶν
1667 1364 1908 1436 εἰκόνων,

257 1440 478 1516 ἄρνησιν
534 1450 850 1520 μηχανᾶται
903 1449 991 1502 καί
1039 1456 1140 1519 τῆς
1181 1450 1502 1526 οἰκονομίας
1536 1453 1684 1527 ἐἴγε
1735 1451 1818 1508 δεῖ
1862 1457 1906 1493 ει

263 1532 332 1586 τὰ
395 1536 495 1596 τῆς
561 1532 769 1598 εἰκόνος
846 1535 930 1591 ἐπὶ
998 1538 1060 1592 τὸ
1154 1541 1511 1615 πρωτότυπον
1579 1545 1625 1579 ³³
1689 1538 1910 1597 διαϐαί-

263 1641 374 1676 νειν
405 1624 470 1676 ⁵⁸³.

335 1718 408 1781 A',
440 1711 543 1768 Καὶ
574 1713 665 1767 τὸν
729 1714 854 1770 τότε
910 1715 1098 1792 ἄρχειν
1149 1716 1393 1794 λαχόντα
1437 1719 1625 1784 δεινῶς
1686 1720 1908 1784 ὑποδὺς,

269 1803 669 1856 Κωνσταντῖνόν
731 1824 874 1880 φημι
932 1805 1024 1859 τὸν
1110 1809 1350 1882 πονηρὸν
1417 1809 1507 1864 καὶ
1568 1807 1882 1884 δυσώνυμον

267 1887 359 1943 καὶ
419 1889 738 1953 ἀπεναντὶας
791 1895 869 1962 τῷ
925 1893 1208 1967 ὁμωνύμῳ
1258 1895 1347 1950 καὶ
1405 1898 1608 1973 πρώτῳ
1674 1905 1908 1975 φυτευτῇ

269 1983 369 2046 τῆς
415 1973 683 2039 εὐσεϐείας
749 1979 872 2052 περὶ
937 1980 1138 2050 ταύτην
1169 1973 1176 1980 ’
1209 1979 1536 2056 διατεθέντα,
1584 1973 1756 2050 πείσει

268 2065 493 2138 θεμιτὸν
551 2065 682 2121 εἶναι
738 2068 1090 2141 Χριστιανοὺς
1176 2073 1266 2126 καὶ
1328 2073 1482 2128 αὐτὸν
1542 2074 1764 2130 οἷέσθαι·
1823 2077 1912 2130 καὶ

270 2155 396 2217 τοὺς
432 2157 477 2191 ³⁸
508 2156 610 2211 ὑπὸ
656 2162 818 2231 χεῖρα
880 2166 1217 2232 νομοθετεῖν,
1267 2162 1360 2225 τὰς
1412 2165 1560 2240 ἱερὰς
1609 2165 1781 2228 ὐντως
1839 2166 1913 2221 εἶ-

261 2244 423 2309 κόνας
451 2251 635 2319 τιμᾷν.
691 2243 1026 2324 Ἐλείηνικῆς
1073 2255 1234 2306 τοῦτο
1286 2256 1574 2326 θρησκείας
1623 2257 1711 2310 καὶ
1759 2256 1917 2329 νομί-

274 2340 461 2404 ζοντας
494 2337 628 2391 εἶναι
666 2337 756 2391 καὶ
811 2337 1203 2413 ὀνομάζοντας,
1253 2349 1435 2406 κακῶς
1487 2343 1686 2407 ἐκεῖνος
1730 2344 1914 2418 εἰδὼς,

270 2423 364 2476 καὶ
425 2421 546 2478 λίαν
607 2423 925 2498 ἐπισφαλῶς
978 2448 1036 2482 τε
1093 2429 1182 2484 καὶ
1258 2430 1528 2502 ἀνοήτως.
1609 2434 1706 2488 Καὶ
1753 2438 1915 2489 τοῦτο

271 2509 406 2585 ὅπερ
438 2513 540 2566 ὑπὸ
569 2518 676 2568 τῶν
706 2513 955 2568 παλαιῶν
997 2514 1229 2592 λέγεται,
1286 2521 1526 2594 μιγνύων
1574 2522 1640 2577 τὰ
1690 2523 1914 2596 ἄμικτα.

266 2606 380 2666 ””Ων
417 2602 510 2675 μὶν
557 2601 660 2676 γᾶρ
707 2601 769 2657 τὸ
818 2603 1176 2678 πρωτότυπον
1229 2604 1438 2677 ἀσεϐὲς,
1492 2610 1699 2665 τούτων
1751 2613 1838 2666 καὶ
1888 2613 1915 2665 ὁ

266 2693 440 2753 τύπος
471 2696 587 2754 τοῖς
617 2686 850 2746 εὐσεϐεῖν
889 2693 1256 2768 βουλομένοις
1295 2696 1486 2768 ἐπίσης
1549 2694 1808 2772 βέϐηλος·
1841 2699 1915 2754 ὧν

274 2778 332 2836 δὲ
394 2779 566 2834 ἐκεῖνο
623 2782 998 2854 προσκυνητὸν
1052 2784 1149 2838 καὶ
1202 2781 1520 2858 σεϐάσμιον,
1561 2786 1770 2842 τούτων
1818 2786 1920 2862 ἄρα

283 2871 372 2925 καὶ
406 2871 440 2938 ἡ
474 2867 630 2922 εἰκὼν
682 2867 1002 2934 ἀκολούθως
1053 2879 1223 2945 τιμῆς
1279 2875 1456 2944 πάσης
1512 2877 1559 2910 ²⁵
1613 2877 1919 2949 ἠξιωμένη.

349 3139 426 3195 E'.
461 3134 618 3195 Οὕτω
647 3137 827 3192 τοίνυν
873 3136 1035 3201 αὐτὸς
1089 3140 1191 3195 ὑπὸ
1245 3144 1343 3195 τοῦ
1389 3146 1630 3216 πονηροῦ
1683 3142 1922 3215 πνεύμα-

279 3251 376 3292 τος
421 3227 697 3304 διδαχθεὶς
731 3227 820 3284 διὰ
875 3231 1053 3300 πάσης
1110 3239 1312 3310 χωρεῖν
1345 3231 1559 3288 ἐκέλευε
1586 3241 1686 3304 τῆς
1721 3236 1809 3290 ὑπ’
1841 3235 1927 3290 οὐ·

286 3321 445 3395 ρανὸν
480 3321 569 3374 καὶ
601 3319 674 3381 εἷς
721 3316 924 3395 ἔσχατα
979 3328 1081 3392 γῆς
1133 3323 1195 3377 τὸ
1252 3317 1485 3401 ἔκφυλον
1539 3328 1699 3380 τοῦτο
1755 3346 1930 3399 νομο-

281 3406 500 3481 ϐἑτημα
531 3404 846 3479 διαϐαίνειν,
897 3416 1000 3466 πᾶν
1048 3409 1188 3474 εἶδος
1240 3412 1518 3477 κολάσεως
1557 3415 1696 3470 κατᾶ
1731 3416 1928 3478 παντὸς

278 3499 470 3575 γὲνους
537 3499 628 3554 καὶ
683 3498 912 3569 ἡλικίας
968 3496 1145 3570 πᾶσής
1226 3501 1526 3576 ἀποτόμως
1606 3501 1924 3572 διαπειλῶν,

275 3586 364 3643 ἐάν
397 3590 442 3625 se
470 3609 552 3649 τις
597 3589 672 3661 μὴ
721 3592 801 3660 τῷ
847 3586 1006 3660 καλῷ
1053 3589 1098 3626 ²⁷
1157 3587 1387 3666 δόγματι
1429 3591 1748 3665 πειθόμενος
1796 3595 1842 3629 ²⁸
1869 3592 1926 3666 ᾖ,

285 3679 376 3731 καὶ
411 3675 561 3750 μάλα
613 3677 912 3751 προθύμως
969 3680 1014 3714 ²⁹
1068 3677 1241 3733 ἐκεῖνο
1295 3678 1724 3755 ὑποδεχόμενος,
1783 3679 1928 3736 ἀλλὰ

277 3769 386 3818 τῶν
428 3764 585 3819 θείων
627 3763 749 3819 τινὰ
778 3767 1140 3841 χαρακτήρων
1190 3767 1281 3822 καὶ
1327 3767 1490 3844 μέχρι
1542 3768 1714 3847 λόγου
1762 3770 1928 3844 ψιλοῦ

275 3857 442 3926 τιμᾷν
473 3855 519 3889 ³ο
550 3853 816 3930 φαίνοιτο’
869 3855 1054 3931 βαρεῖς
1099 3855 1203 3932 γὰρ
1262 3857 1351 3911 καὶ
1393 3859 1589 3914 ἄτοποι
1636 3858 1925 3927 κολασταὶ,

281 3942 369 3997 καὶ
424 3939 696 4016 μηδεμίαν
745 3945 1069 4021 συγγνώμην
1116 3943 1334 4022 ἔχοντες
1386 3948 1438 4002 οἱ
1468 3948 1530 4004 τὸ
1583 3947 1772 4025 ἅργειν
1823 3949 1926 4004 λα-

278 4030 492 4106 χόντες,
525 4033 650 4087 ὅταν
708 4038 824 4095 τοῖς
881 4035 1010 4108 παρ’
1048 4033 1222 4090 αὐτῶν
1279 4033 1724 4114 διατεταγμένοις
1772 4038 1928 4094 ἀπειο

282 4121 477 4177 θοῦντά
503 4143 624 4177 τινα
665 4118 900 4193 λάϐωσι,
959 4124 1047 4178 καὶ
1118 4124 1357 4198 μάλιστα
1418 4131 1515 4182 τοῦ
1559 4126 1926 4199 κελεύσματος

279 4211 355 4273 εἰς
412 4210 641 4267 πολλῶν
692 4212 959 4292 ωφέλειαν
1013 4215 1146 4269 εἶναι
1217 4213 1529 4278 δοκοῦντος⁸
1616 4217 1930 4291 ὀργίζονται

277 4300 450 4371 οὗτοι,
479 4302 543 4356 οὐ
580 4305 678 4356 τοῦ
727 4306 884 4375 κοινῇ
935 4303 1351 4366 λυσιτελοῦντος
1403 4305 1556 4359 αὐτοὶ
1617 4303 1928 4381 φροντίζον-

276 4409 389 4460 τες,
424 4388 552 4445 ἀλλ’
614 4389 753 4445 ἰδίαν
813 4389 1149 4454 ἐκδικοῦντες
1209 4392 1548 4461 ἀλαζονείαν·
1600 4393 1697 4448 Διά
1732 4392 1928 4456 ταύτας

277 4479 406 4550 γοῦν
464 4475 562 4538 τὰς
622 4477 936 4549 ἀποτόμους
1013 4478 1104 4532 καὶ
1163 4477 1413 4557 χαλεπὰς
1498 4478 1748 4552 ἀπειλὰς,
1808 4480 1930 4557 ἐρή-

1878 1851 1992 1917 3B

1954 3192 2005 3260 C

2018 568 2190 641 longe
2216 569 2630 626 difficillimum
2650 573 3001 642 persuadere
3027 574 3395 642 Christianis,
3414 581 3479 631 ut
3494 594 3662 648 nega-

2019 662 2146 714 rent
2177 659 2434 714 divinam
2458 659 2668 715 Christi
2689 661 2884 716 carnis
2906 665 3357 735 susceptionem,
3383 683 3512 737 quas
3533 667 3658 736 jam

2021 745 2194 819 longo
2226 751 2484 818 tempore
2532 750 2680 818 apud
2715 766 2812 805 eos
2844 758 2966 806 erat
2999 751 3162 806 ﬁrma
3194 768 3260 807 ac
3301 753 3550 822 stabilis,
3581 759 3658 823 et,

2019 839 2083 890 ut
2113 835 2252 891 dicit
2282 837 2515 892 divinus
2549 838 2744 909 David,
2770 840 3104 895 extenderat
3127 842 3360 912 quidem
3387 859 3523 897 suos
3541 843 3662 913 pal-

2019 925 2184 980 mites
2217 942 2399 996 usque
2431 927 2500 982 ad
2544 942 2722 995 mare,
2755 931 2812 982 et
2841 945 3028 998 usque
3058 930 3130 984 ad
3179 930 3423 986 ﬂumina
3455 948 3661 1001 propa-

2017 1013 2180 1085 gines
2203 1031 2216 1068 :
2243 1015 2446 1070 umbra
2469 1023 2660 1072 autem
2683 1034 2787 1072 sua
2811 1019 3036 1088 tegebat
3064 1023 3310 1090 montes,
3335 1023 3391 1074 et
3408 1019 3660 1076 arbustis

2018 1101 2136 1156 suis
2169 1102 2370 1157 cedros
2401 1103 2500 1159 Dei
2535 1121 2553 1158 :
2585 1109 2862 1175 tanquam
2895 1105 3052 1161 ferus
3093 1121 3231 1176 aper
3259 1123 3290 1162 e
3319 1106 3483 1177 silva,
3526 1123 3655 1162 eam

2020 1189 2133 1246 alio
2153 1190 2318 1246 modo
2339 1196 2583 1246 conatur
2605 1194 2863 1264 perdere,
2889 1194 2987 1264 qui
3011 1197 3420 1265 propemodum
3441 1195 3660 1251 ferebat

2020 1283 2091 1333 ad
2123 1279 2276 1335 idem
2309 1280 2622 1335 damnum:
2656 1285 2711 1336 et
2731 1297 2832 1350 per
2862 1283 3229 1353 negationem
3261 1284 3657 1340 venerandum

2019 1366 2338 1438 imaginum
2371 1369 2608 1424 molitur
2636 1368 2914 1425 inducere
2941 1370 3304 1442 negationem
3338 1372 3530 1427 carnis
3567 1387 3663 1428 su-

2019 1461 2228 1526 scepta:
2287 1456 2638 1513 oeconomia.
2676 1456 2974 1528 Siquidem
3009 1473 3137 1528 quae
3181 1462 3316 1514 sunt
3363 1457 3657 1530 imaginis,

2021 1547 2234 1603 scimus
2267 1548 2516 1603 transire
2555 1545 2628 1602 ad
2659 1545 2952 1618 exemplar
2981 1547 3346 1618 primarium.

2093 1724 2187 1781 ιν.
2219 1727 2417 1797 Itaque
2447 1725 2664 1782 sensim
2697 1742 2829 1781 eum
2852 1726 3110 1794 subiens,
3135 1727 3225 1783 cui
3252 1726 3527 1797 obtigerat
3550 1727 3657 1783 im-

2023 1814 2271 1884 perium,
2297 1815 2645 1885 improbum,
2677 1816 2942 1886 inquam,
2967 1824 3023 1870 et
3042 1816 3362 1871 infaustum
3379 1817 3662 1871 Constan-

2024 1903 2238 1971 tinum,
2278 1903 2336 1959 in
2374 1903 2710 1974 religionem
2743 1920 2909 1959 secus
2947 1905 3239 1973 affectum,
3285 1921 3461 1974 quam
3509 1904 3664 1958 Con-

2024 1993 2315 2049 stantinus
2346 1994 2444 2050 ille
2475 1993 2575 2066 qui
2609 1994 2715 2049 fuit
2745 1994 3008 2064 ejusdem
3043 1994 3322 2061 nominis,
3355 2001 3408 2048 et
3437 1993 3660 2065 primus

2023 2081 2312 2152 plantator
2334 2082 2587 2156 pietatis,
2612 2083 2663 2138 ei
2695 2084 3024 2154 persuadet,
3047 2083 3210 2138 nefas
3235 2097 3363 2138 esse
3387 2081 3668 2137 Christia-

2024 2171 2137 2239 nis,
2180 2175 2237 2227 et
2267 2171 2360 2240 iis,
2393 2170 2495 2244 qui
2525 2175 2664 2227 sunt
2695 2173 2804 2226 sub
2837 2171 2964 2242 ejus
3009 2171 3272 2242 imperio,
3304 2185 3433 2226 vere
3465 2186 3661 2226 sacras

2024 2259 2309 2316 honorare
2356 2259 2662 2332 imagines.
2696 2260 2858 2326 Quod
2907 2259 3138 2330 quidem
3171 2258 3270 2314 ille
3311 2258 3433 2313 ﬁeri
3463 2258 3666 2330 prohi-

2025 2349 2173 2417 buit,
2207 2349 2589 2405 existimando
2621 2353 2676 2405 et
2725 2349 2970 2405 dicendo
3002 2348 3110 2404 hoc
3141 2347 3376 2420 gentilis
3409 2363 3535 2404 esse
3567 2364 3668 2403 su-

2028 2437 2416 2508 perstitionis,
2441 2437 2590 2494 male
2616 2437 2870 2508 profecto
2896 2437 3251 2512 intelligens,
3275 2442 3331 2492 et
3352 2436 3672 2507 periculose

2027 2531 2343 2586 admodum
2377 2541 2430 2586 et
2459 2530 2802 2602 insipienter
2837 2530 2941 2603 (id,
2973 2529 3127 2599 quod
3159 2528 3376 2584 dicitur
3404 2546 3438 2584 a
3465 2527 3674 2583 veteri-

2028 2619 2163 2690 bus)
2194 2622 2451 2674 miscens
2493 2634 2581 2686 ea,
2621 2636 2748 2690 quae
2797 2618 3025 2673 misceri
3057 2634 3170 2673 non
3220 2620 3491 2689 possunt.
3528 2618 3671 2671 Nam

2029 2724 2282 2780 quorum
2316 2707 2572 2780 primum
2596 2709 2828 2778 quidem
2853 2705 3150 2778 exemplar
3172 2709 3258 2760 est
3288 2705 3562 2776 impium,
3585 2719 3678 2759 eo-

2031 2812 2160 2851 rum
2195 2812 2425 2867 quoque
2447 2796 2632 2865 ﬁgura
2650 2803 2735 2851 est
2757 2811 2919 2866 eque
2944 2795 3180 2866 profana
3210 2793 3302 2860 iis,
3337 2793 3438 2864 qui
3469 2791 3673 2847 volunt

2031 2899 2157 2940 esse
2186 2885 2285 2955 pii.
2321 2886 2575 2949 Quorum
2609 2888 2802 2940 autem
2837 2883 2979 2939 illud
3006 2886 3095 2938 est
3114 2883 3478 2937 adorandum
3510 2885 3566 2936 et
3584 2895 3674 2934 vc-

2035 2972 2378 3041 nerandum,
2393 2989 2593 3029 eorum
2614 2971 3048 3044 quoqucimago
3063 2975 3483 3041 consequenter
3495 2969 3676 3039 digna

2034 3064 2124 3116 est
2153 3061 2313 3116 omni
2343 3061 2582 3118 honore.

2106 3149 2173 3206 V.
2215 3148 2309 3204 Sic
2334 3164 2470 3220 ergo
2501 3150 2625 3219 ipse
2665 3151 2867 3206 doctus
2899 3167 2932 3205 a
2964 3149 3212 3220 maligno
3247 3149 3478 3221 spiritu,
3499 3145 3681 3218 jussit

2037 3256 2141 3312 per
2169 3253 2401 3294 omnem
2433 3242 2668 3305 terram,
2703 3253 2829 3308 quas
2883 3243 2971 3294 est
3018 3239 3129 3294 sub
3174 3237 3318 3293 ccelo
3348 3236 3685 3307 procedere,

2039 3334 2096 3386 et
2118 3328 2190 3385 ad
2222 3331 2510 3383 extremos
2531 3325 2678 3381 ﬁnes
2705 3326 2950 3383 transire
2982 3327 3238 3382 alienum
3265 3325 3372 3381 hoc
3404 3323 3683 3392 edictum,

2037 3433 2210 3476 omne
2237 3432 2422 3489 genus
2455 3413 2728 3487 supplicii
2769 3415 2931 3472 omni
2970 3413 3168 3488 generi
3208 3417 3264 3469 et
3294 3413 3448 3468 aetati
3478 3427 3682 3482 aspere

2038 3507 2338 3577 minitans,
2371 3506 2420 3562 si
2453 3505 2584 3577 quis
2633 3521 2736 3560 suo
2768 3505 2995 3560 decreto
3046 3520 3164 3558 non
3196 3505 3449 3575 pareret,
3482 3516 3684 3574 prom-

2037 3605 2252 3668 ptoque
2307 3599 2365 3650 et
2414 3594 2591 3650 alacri
2639 3594 2831 3650 animo
2863 3593 3009 3649 illud
3049 3608 3164 3647 non
3197 3591 3531 3662 exciperet:
3566 3589 3682 3644 imo

2039 3685 2088 3740 si
2119 3686 2375 3740 divinam
2408 3683 2662 3754 aliquam
2703 3683 2950 3755 figuram
3000 3680 3087 3737 vel
3126 3681 3474 3736 verbotenus
3511 3678 3680 3733 vide-

2039 3778 2199 3831 retur
2249 3773 2556 3830 honorare.
2591 3772 2848 3827 Graviter
2885 3787 3020 3828 vero
3078 3777 3130 3825 et
3188 3767 3525 3825 immaniter
3571 3783 3682 3838 pu-

2039 3865 2228 3931 niunt,
2260 3867 2316 3919 et
2364 3861 2588 3918 nullam
2640 3861 2780 3916 dant
2817 3861 3046 3916 veniam
3096 3858 3161 3926 ii,
3213 3857 3428 3928 quibus
3475 3855 3684 3927 obtigit

2039 3953 2373 4026 imperium,
2405 3949 2643 4023 quando
2674 3949 2770 4016 iis,
2820 3965 2948 4020 quae
2995 3947 3069 4002 ab
3101 3946 3247 4019 ipsis
3279 3949 3420 4001 sunt
3467 3943 3683 4000 consti-

2038 4048 2181 4111 tuta,
2231 4058 2346 4098 non
2405 4040 2768 4096 obedientem
2827 4037 3079 4108 aliquem
3137 4033 3486 4106 acceperint,
3544 4046 3678 4087 cum

2039 4130 2358 4202 praesertim
2391 4129 2655 4184 videatur
2696 4128 2903 4196 jussus
2936 4124 3225 4196 pertinere
3255 4123 3326 4178 ad
3363 4121 3682 4176 multorum

2038 4218 2374 4274 utilitatem.
2455 4217 2793 4270 Irascuntur
2849 4217 3068 4280 autem,
3122 4227 3239 4266 non
3301 4210 3357 4265 id
3416 4212 3684 4264 curantes

2039 4307 2190 4378 quod
2222 4305 2455 4376 publice
2484 4303 2781 4373 conducit,
2814 4301 2914 4358 sed
2947 4315 3114 4355 suam
3175 4297 3468 4370 explentes
3517 4312 3678 4352 arro-

2037 4395 2320 4468 gantiam.
2345 4395 2590 4463 Propter
2610 4391 2719 4447 has
2744 4405 2880 4462 ergo
2901 4405 3142 4461 asperas
3173 4395 3227 4443 et
3255 4402 3440 4443 saevas
3470 4385 3684 4454 minas,
3755 4432 3764 4440 .

2037 4485 2251 4541 licebat
2277 4487 2418 4538 tunc
2463 4480 2656 4536 videre
2697 4478 2965 4534 civitates
2995 4476 3227 4532 effectas
3256 4476 3319 4531 in
3351 4471 3686 4531 solitudini-

281 4583 417 4635 μους
474 4563 539 4632 ἦν
605 4563 730 4619 τότε
797 4565 892 4627 τὰς
955 4565 1148 4628 πόλεις
1215 4568 1363 4643 ὁρᾷν·
1434 4567 1626 4634 πόλεις
1687 4567 1765 4642 δὲ,
1830 4571 1926 4633 τὰς

2040 4575 2190 4630 bus:
2224 4588 2352 4628 esse
2401 4575 2598 4626 autem
2647 4568 2818 4641 plane
2858 4568 3117 4623 desertas
3148 4565 3407 4620 civitates
3445 4565 3685 4635 propter

280 4651 540 4725 ἐρήμους,
574 4656 652 4724 τῷ
680 4651 884 4724 πλήθει
914 4659 1023 4710 τῶν
1054 4657 1128 4718 εἷς
1185 4658 1230 4696 ³¹
1293 4657 1454 4722 αὐτὰς
1509 4661 1822 4736 φοιτώντων
1853 4682 1932 4736 γι-

278 4739 536 4813 νομὲνας.
606 4743 1114 4820 Ἐστενοχωροῦντο
1191 4745 1417 4821 εἷρκταί’
1474 4746 1812 4824 ἐπληροῦντο
1864 4749 1932 4806 τὰ

282 4827 661 4911 δεσμωτήρια,
694 4832 756 4886 οὐ
791 4831 1005 4903 ληστῶν
1037 4835 1102 4888 οὔ
1147 4857 1239 4909 μοι
1265 4839 1334 4906 ³³,
1380 4836 1440 4892 οὐ
1500 4836 1832 4895 λωποδυτῶν
1862 4842 1930 4911 ³³,

281 4906 470 4980 ἄλλως
521 4919 611 4974 καὶ
657 4922 1000 4998 κακούργων·
1058 4906 1204 4980 ἀλλὰ
1248 4925 1535 5004 θεωφιλων
1586 4926 1794 5002 ἀνδρῶν
1840 4906 1932 4984 καῖ

279 5005 630 5089 φοϐουμένων
679 5013 771 5068 τὸν
841 5014 1057 5092 Κύριον⁶
1117 5013 1189 5072 ὧν
1241 5017 1296 5072 αἱ
1354 5017 1620 5095 πάννυχοι
1683 5021 1922 5096 στάσεις,

347 5283 395 5319 ίδ
414 5281 742 5364 ἀρνήσρισθαι
878 5362 891 5364 _
942 5286 988 5323 ‘9
1016 5285 1417 5364 ἐμπεδωθεῖσαν
1447 5293 1508 5350 C.
1665 5294 1734 5352 E.
1792 5294 1855 5364 F,

275 5356 336 5412 F.
438 5355 486 5391 ³³
517 5354 739 5430 οἴδαμεν
776 5361 835 5418 Β.
864 5362 921 5416 C.
956 5366 1017 5417 D.
1048 5354 1110 5420 Ε.
1143 5359 1257 5436 εἴγε
1293 5395 1362 5406 -
1388 5362 1745 5438 πρωτότυπον
1785 5362 1929 5436 οἴδαι

275 5447 383 5481 νειν
415 5429 615 5485 eadem
647 5447 824 5487 manu
857 5432 916 5487 F.
1021 5435 1068 5469 ²⁴
1114 5439 1233 5490 τοῖς
1280 5436 1342 5490 Β.
1383 5436 1443 5490 C.
1492 5435 1560 5490 D.
1609 5436 1671 5490 F.
1772 5437 1816 5472 ³⁸
1866 5437 1929 5490 ἀπ

2052 5354 2167 5418 haec

2033 5453 2076 5490 ις
2126 5435 2167 5490 F

1899 5453 2076 5503 πασης
2126 5453 2186 5490 r'.

275 5447 383 5481 νειν
415 5429 615 5485 eadem
647 5429 824 5487 manu
857 5432 916 5487 F.
1021 5435 1068 5469 ²⁴
1114 5429 1233 5497 τοῖς
1280 5436 1342 5491 Β.
1383 5429 1443 5490 (ἓξ
1492 5435 1560 5493 D.
1609 5436 1652 5490 F

272 5501 425 5578 κακῷ
469 5516 544 5578 ex
586 5504 936 5578 correctione
976 5523 992 5575 ;
1043 5476 1232 5576 prius‘
1248 5514 1368 5578 erat
1412 5476 1702 5578 rqiuimki'p
1752 5510 1811 5564 C.

277 5567 491 5629 omisso
526 5567 696 5626 ἐκεῖνο
727 5575 788 5632 C.

277 5643 342 5701 Β.
374 5641 434 5701 C.
465 5640 530 5700 D.
565 5643 625 5704 E.
654 5643 702 5681 ³³
730 5649 886 5702 τινῶν
916 5647 980 5707 F.

1959 5293 2005 5328 ²⁰
2051 5287 2292 5362 κλίματα
2343 5288 2406 5343 Β.
2623 5287 2670 5320 ²¹
2722 5287 2787 5350 δὴ
2839 5287 2902 5336 Β.
2953 5287 3148 5362 una.

1955 5382 2008 5417 εν
2052 5349 2172 5418 haec
2209 5363 2269 5418 in
2315 5358 2577 5430 margine
2625 5349 3162 5430 manq_ret:_entiori_
3202 5349 3264 5430 1"“.

1914 5507 1958 5542 es
2014 5501 2360 5576 τέειθόμενρςν
2398 5501 2434 5576 ᾗ

894 5573 1145 5654 δξτιμῶν
1178 5579 1236 5634 Β.
1281 5577 1340 5636 C.
1380 5573 1743 5654 Β.’φαίνοιτο
1789 5578 2139 5643 θανατοῦσθαι
2178 5573 2251 5632 Ὀ.
2293 5575 2355 5631 Ε.
2409 5573 2467 5629 F.

2041 4662 2479 4719 multitudinem
2519 4674 2743 4729 eorum,
2775 4657 2874 4729 qui
2909 4657 2980 4711 ad
3010 4670 3107 4710 eas
3137 4654 3446 4709 veniebant
3483 4649 3680 4705 solitu-

2040 4756 2225 4814 dines.
2267 4751 2456 4808 Nimis
2500 4752 2670 4804 arctas
2710 4747 3102 4802 reddebantur
3143 4741 3418 4798 custodiae
3450 4755 3465 4794 :
3503 4737 3682 4809 reple-

2042 4846 2255 4900 bantur
2301 4854 2580 4907 carceres,
2609 4854 2726 4893 non
2776 4833 3123 4900 latronibus,
3158 4829 3300 4903 proh
3345 4825 3527 4896 dolor,
3559 4841 3675 4881 non

2043 4931 2478 5004 expilatoribus,
2509 4931 2606 4984 aut
2635 4925 2765 4982 aliis
2796 4921 3084 4996 ejusmodi
3112 4917 3390 4976 maleficis
3421 4913 3676 5004 homini-

2040 5003 2200 5078 bus:
2247 5019 2347 5076 sed
2413 5015 2555 5072 viris
2612 5012 2726 5085 piis
2773 5027 2839 5067 ac
2895 5007 3201 5078 religiosis,
3260 5009 3316 5060 et
3367 5003 3676 5059 Dominum

2623 5284 2670 5320 ²ί
2839 5281 2902 5336 Β.
2953 5280 3011 5333 C.
3066 5277 3132 5332 D.
3186 5280 3246 5330 Ε.
3287 5305 3356 5316 —
3414 5270 3497 5326 δεῖ
3549 5289 3668 5330 om.

2625 5369 2796 5397 mann
2850 5348 3152 5397 recentiori
3202 5349 3264 5397 F.
3365 5345 3412 5379 ³⁸
3453 5339 3668 5397 διαϐαί-

2315 5363 2577 5430 margine
2625 5369 2798 5410 manu
2849 5363 3153 5408 recentiori
3202 5363 3264 5403 r'.
3365 5363 3412 5379 --
3453 5363 3670 5429 omnm:

2292 5430 2340 5468 ²⁶
2389 5426 2442 5483 εἷ’
2485 5447 2569 5488 τις
2625 5425 2687 5482 C.
2788 5424 2833 5458 ³⁷
2889 5424 2968 5492 τῷ
3007 5421 3176 5492 καινῷ
3232 5414 3557 5492 δόγματι
3588 5435 3668 5486 τῳ

2484 5485 2574 5553 καὶ
2633 5498 2696 5567 D.
2800 5493 2848 5530 ³9
2902 5485 3202 5567 προρύμως
3251 5485 3670 5567 ἐποδεχόμενος

2568 5568 2611 5606 εί
2660 5566 2735 5630 ὡς
2783 5571 2840 5622 Β.
2891 5555 2956 5622 ΟΣ
3003 5555 3096 5620 Ι).’
3131 5565 3195 5620 E.
3251 5562 3312 5618 F.
3413 5555 3471 5594 ³⁷³⁷
3510 5555 3672 5629 ὀἴμοι
