4142 6248
269 353 420 414 1117

1439 370 1620 432 νιΤΑ
1667 374 1732 434 S.
1778 377 2120 440 ANDRE/E
2162 381 2240 440 IN
2287 382 2514 444 CRISI.

3504 387 3659 448 1118

265 519 365 580 τῆς
425 509 670 586 καρδίας,
723 513 834 585 καὶ,
894 516 940 570 ὧ
999 519 1185 594 Κύριε,
1238 526 1411 578 σῶσον
1473 523 1564 597 δὴ,
1623 528 1668 582 ὦ
1742 534 1903 610 Κύριε

301 595 389 614 Ἰλ
607 597 660 614 ἢ.
758 601 772 614 α
939 606 950 614 ι
1118 607 1132 614 ι
1283 611 1292 614 -
1498 613 1506 614 -

2021 541 2297 610 pericula,
2331 545 2386 596 et
2417 556 2639 608 eorum,
2671 543 2772 614 qui
2799 542 3276 610 circumstabant,
3310 543 3488 599 divisa
3519 545 3660 600 mul-

265 595 536 654 εὐόδωσον
603 597 693 674 δὴ,
754 601 1009 660 ἐπειπών·
1088 607 1167 672 εἲς
1232 611 1428 681 μέσους
1492 595 1678 671 ἑαυτὸν
1763 595 1908 693 ἐπίῥ-

265 686 444 762 ῥίπτει
507 687 635 752 τοὺς
693 689 977 757 κινδύνους
1030 695 1120 749 καὶ
1203 698 1265 752 τὸ
1349 705 1456 755 τῶν
1529 686 1902 775 περιεστώτων

264 773 478 866 πλῆθος
539 775 831 852 διατεμὼν,
889 783 979 838 καὶ
1039 784 1220 849 λαθὼν
1277 787 1406 851 τοὺς
1464 787 1904 866 σοϐοῦότας,καί

269 866 357 920 ὑπ’
417 862 543 939 ὄψιν
598 873 676 939 τῷ
731 869 947 945 βασιλεῖ
1008 873 1317 948 γενόμενος.
1364 877 1458 934 ’ίνα
1511 881 1584 950 τί,
1636 885 1816 960 φησὶν,
1859 888 1904 940 ὧ

268 954 492 1028 βασιλεῦ
551 959 594 1012 εἰ
657 962 982 1033 Χριστιανὸς
1019 963 1088 1032 εἴ,
1121 971 1346 1022 τοιαῦτα
1381 971 1518 1024 κατὰ
1561 979 1663 1041 τῆς
1695 973 1906 1040 εἰκόνος

263 1046 498 1118 Χριστοῦ
546 1047 636 1101 καὶ
691 1054 800 1103 τῶν
850 1051 1015 1106 αὐτοῦ
1065 1050 1278 1109 δούλων
1327 1060 1562 1136 τεχνάζῃ
1615 1063 1793 1131 κακᾶς
1847 1065 1902 1117 Ὁ

265 1131 322 1188 δὲ
369 1136 470 1203 τήν
519 1135 822 1211 παρρησίαν
862 1139 1062 1210 ταύτην
1112 1143 1210 1198 οὐκ
1257 1131 1513 1220 ἐνεγκῶν,
1541 1131 1547 1133 ν
1576 1149 1702 1205 ἀλλ’
1751 1148 1904 1226 ὕϐριν

263 1223 395 1278 εἶναι
456 1233 597 1305 σαφῆ
674 1229 736 1281 τὸ
802 1234 1032 1306 πρᾶγμα
1091 1231 1474 1306 λογισάμενος,
1542 1223 1905 1312 ἐγκόπτει-τε

265 1313 458 1369 αὐτίκα
526 1315 740 1390 Αὲγοντι
799 1323 878 1389 τῷ
929 1322 1180 1394 γενναίῳ,
1237 1323 1327 1378 καὶ
1375 1323 1666 1382 συλλάϐεῖν
1743 1329 1903 1384 αότὸν

261 1407 380 1466 τοῖς
425 1411 730 1479 παρεστῶσι
772 1404 1160 1466 διακελεύεται.
1195 1412 1360 1469 Οὗτοι
1413 1411 1470 1469 δὲ
1504 1413 1605 1490 ἄρα
1631 1420 1904 1492 φονώσαις

264 1491 420 1567 χερσὶ
479 1494 567 1547 καὶ
636 1495 877 1570 βαρείαις
949 1497 1099 1561 εὐθὺς
1184 1491 1649 1579 ἐφορμήσαντες,
1702 1509 1787 1562 καὶ
1877 1510 1905 1562 6

267 1581 362 1669 μὲν
401 1581 450 1616 ⁵³
504 1581 668 1636 αὐτοῦ
725 1590 824 1654 τῆς
871 1587 1136 1665 κεφαλῆς,
1199 1590 1227 1643 6
1260 1588 1317 1644 δὲ
1343 1593 1386 1627 ⁵⁸
1412 1596 1524 1647 τῶν
1569 1600 1772 1669 χειρῶν
1805 1596 1906 1652 λα-

263 1665 487 1743 ϐόμενοι
517 1689 530 1704 ·
593 1669 756 1728 ἄλλοι
802 1681 902 1744 τῆς
954 1675 1232 1750 ἐπωμίδος
1269 1697 1282 1712 ·
1323 1685 1420 1734 τοῦ
1480 1665 1810 1755 χιτωνίσκου
1847 1707 1905 1741 τε

260 1754 441 1834 ἕτεροι
514 1757 663 1831 μάλα
741 1757 1086 1834 ὑϐριστικῶς.
1150 1767 1253 1823 Καὶ
1295 1768 1446 1832 ’ὁπως
1501 1769 1561 1824 ἂν
1595 1773 1639 1808 ⁸⁵
1667 1772 1906 1846 μάλιστα

2015 627 2286 698 titudine,
2319 627 2504 686 latens
2526 646 2646 699 eos,
2680 630 2779 702 qui
2811 631 3142 702 abigebant,
3165 648 3298 686 cum
3321 632 3577 688 venisset
3598 633 3657 688 in

2014 720 2395 785 conspectum
2427 717 2791 786 imperatoris
2819 735 2832 772 :
2857 719 2988 786 Cur,
3024 720 3236 788 inquit,
3261 737 3292 774 ο
3322 720 3657 790 imperator,

2014 803 2062 857 si
2091 820 2153 859 es
2207 805 2600 876 Christianus,
2647 806 2763 861 haec
2795 806 2948 862 mala
2998 807 3351 864 machinaris
3381 808 3656 864 adversus

2013 892 2225 948 Christi
2251 893 2588 966 imaginem,
2612 901 2668 951 et
2689 897 2817 966 ejus
2839 912 3136 952 servorum
3158 895 3185 949 ’ξ
3206 896 3307 952 Ille
3327 901 3518 952 autem
3544 913 3658 951 non

2013 981 2200 1037 ferens
2236 984 2383 1038 hanc
2412 984 2690 1056 loquendi
2720 985 3066 1052 libertatem,
3100 987 3197 1042 sed
3231 990 3488 1056 apertam
3522 1003 3660 1041 con-

2014 1070 2313 1125 tumeliam
2339 1087 2460 1126 rem
2480 1089 2608 1128 esse
2629 1073 2992 1140 existimans,
3017 1073 3348 1145 loquentem
3379 1075 3656 1129 Sanctum

2013 1157 2211 1213 statim
2243 1159 2634 1231 interrumpit,
2669 1164 2724 1216 et
2749 1162 2914 1229 jubet
2943 1161 3037 1228 iis,
3071 1161 3169 1232 qui
3202 1162 3490 1229 astabant,
3525 1178 3659 1216 eum

2014 1246 2525 1314 comprehendere.
2560 1249 2603 1302 Ii
2628 1253 2822 1304 autem
2846 1249 3056 1303 caedem
3080 1249 3442 1320 spirantibus
3469 1248 3656 1303 mani-

2015 1333 2122 1388 bus
2152 1333 2210 1389 in
2241 1351 2374 1389 eum
2397 1335 2702 1406 irruentes,
2733 1341 2790 1392 et
2809 1337 2905 1392 alii
2929 1338 3164 1407 quidem
3188 1338 3316 1409 ejus
3335 1341 3532 1407 caput,
3559 1335 3659 1391 alii

2013 1426 2204 1478 autem
2230 1439 2440 1480 manus
2453 1425 2974 1497 apprehendentes,
3000 1425 3244 1482 aliivero
3270 1425 3660 1498 superbume-

2015 1509 2153 1578 rale,
2185 1514 2242 1566 et
2271 1511 2368 1567 alii
2400 1513 2682 1580 tunicam,
2706 1529 2807 1585 per
2829 1529 3122 1568 summam
3147 1513 3582 1581 contumeliam,
3607 1519 3661 1567 et

2015 1608 2076 1654 ut
2105 1600 2156 1656 ei
2186 1601 2286 1672 qui
2313 1602 2592 1672 jusserat,
2620 1605 2809 1675 magis
2831 1603 3315 1674 gratiﬁcarentur,
3339 1619 3474 1658 eum
3497 1602 3659 1658 humi

2015 1689 2324 1760 dejiciunt,
2357 1693 2455 1763 qui
2513 1697 2637 1748 erat
2689 1694 2881 1749 animo
2934 1693 3206 1749 excelso:
3260 1708 3446 1764 neque
3501 1693 3661 1764 prius

2013 1785 2320 1835 cessarunt
2341 1797 2475 1836 eum
2498 1783 2743 1849 trahere,
2778 1783 2961 1837 donec
2985 1783 3108 1852 ipse
3139 1783 3475 1852 imperator,
3501 1785 3660 1851 post-

262 1847 592 1925 χαρίσωνται
649 1854 727 1922 τῷ
779 1851 1117 1925 κελεύσαντι,
1173 1857 1311 1930 πρὸς
1357 1865 1460 1932 γῆν
1513 1881 1568 1915 τε
1625 1858 1903 1918 καταϐάλ-

2015 1885 2192 1938 quam
2225 1869 2370 1924 satis
2405 1869 2564 1926 ultus
2595 1847 2748 1927 esset
2777 1847 3024 1926 dicendi
3050 1847 3376 1926 libertatem
3407 1847 3658 1936 athletas,

264 1935 424 1992 λουσι
471 1939 570 2008 τήν
612 1940 656 1976 ⁸⁸
696 1937 937 1996 διάνοιαν
981 1943 1194 2018 ὑψηλὸν
1242 1947 1330 2000 καὶ
1373 1947 1434 2002 οὐ
1487 1951 1751 2026 πρότερον
1805 1973 1908 2026 με-

2021 1956 2216 2013 volens
2267 1959 2467 2030 utique
2504 1959 2686 2015 videri
2718 1959 2994 2027 clemens,
3019 1959 3201 2028 jussit
3229 1975 3362 2014 cum
3394 1957 3659 2014 relaxari.

263 2031 441 2092 θίεσαν
487 2026 738 2094 ἕλκοντες
799 2029 904 2098 ἕως
959 2035 1119 2098 αὐτὸς
1185 2037 1213 2092 6
1283 2037 1536 2112 βασιλεὺς
1601 2043 1733 2115 μετᾶ
1785 2045 1847 2098 τὸ
1915 2045 2214 2117 ἀμύνασθαι
2253 2046 2629 2123 ἀποχρώντως
2691 2051 2793 2118 τήν
2860 2045 3166 2122 παρρησίαν
3231 2050 3331 2101 τοῦ
3395 2045 3658 2116 ἀθλητοῦ,

262 2120 352 2175 καὶ
385 2118 768 2195 φιλάνθρωπος
791 2121 950 2193 δῆθεν
984 2123 1215 2202 ὀφθῆναι
1250 2127 1608 2202 βουλόμενος,
1632 2130 1883 2202 ἀνεθῆναι
1912 2138 2100 2190 τοῦτον
2127 2118 2421 2193 ἐκέλευσεν.

333 2209 416 2265 Η’.
484 2209 778 2285 Ἐγγύτατα
845 2209 902 2267 δὲ
962 2213 1178 2288 ἀγαγὼν
1247 2218 1334 2271 καὶ
1394 2222 1898 2295 παραστησάμενος,

258 2294 350 2352 ’ίνα
405 2294 649 2385 φοϐήσας
720 2301 983 2375 πρότερον
1035 2304 1342 2380 ἀγριότητι,
1384 2302 1568 2362 ἔπειτα
1611 2313 1681 2382 τῇ
1730 2308 1903 2385 πραὸ-

261 2406 386 2456 τητι
423 2384 602 2461 κλέψῃ
630 2406 642 2420 °
677 2390 838 2443 πόθεν
880 2411 987 2458 σοι,
1030 2392 1213 2468 φησὶν,
1262 2396 1296 2462 ἡ
1340 2397 1576 2468 τοσαύτη
1630 2384 1901 2474 θρασύτης

257 2475 348 2529 καὶ
390 2473 596 2548 ἀμαθία
644 2477 720 2539 ὡς
770 2478 858 2532 καὶ
921 2480 1234 2554 βασιλικοῖς
1281 2473 1696 2561 προστάγμασιν
1756 2487 1901 2541 ἀντι-

258 2561 458 2636 λέγειν,
523 2565 615 2620 καὶ
677 2567 768 2621 ὑπ’
810 2566 933 2640 ὄψιν
989 2567 1055 2623 οὗ
1104 2571 1240 2627 κατά
1275 2573 1462 2646 καιρὸν
1525 2571 1720 2645 οὕτως,
1772 2575 1899 2631 οὐδὲ

260 2652 396 2725 μετά
445 2653 616 2730 λόγου
661 2653 1121 2731 παρρησιάζεσθαι
1149 2681 1161 2694 ⁸
1194 2660 1322 2717 ἀλλ’
1361 2662 1438 2724 ὡς
1491 2657 1650 2734 ἔοιτε,
1694 2665 1899 2740 τρόπον

249 2742 374 2796 τινὰ
429 2744 708 2819 γνώριμος
740 2747 875 2817 ἡμῖν
935 2749 1181 2820 γενέσθαι
1243 2750 1605 2824 βουλόμενος,
1645 2753 1733 2808 ἐπὶ
1799 2757 1896 2824 τὴν

252 2831 514 2903 τοιαύτην
556 2833 725 2901 ἦλθες
754 2832 1082 2911 ὁδὸν.Ἒχει
1117 2838 1209 2891 οὗν
1239 2859 1322 2892 σοι
1362 2841 1529 2914 πέρας
1580 2843 1641 2896 τὸ
1687 2840 1900 2915 βούλη-

258 2940 354 2993 μα,
411 2923 500 2976 καὶ
551 2921 630 2984 είς
689 2922 856 2978 καλὸν
907 2925 935 2978 6
980 2927 1181 2988 σκοπὸς
1236 2927 1577 2998 τελευτήσει.
1628 2931 1801 2986 Μόνον
1831 2935 1899 3004 τῇ

253 3009 497 3083 ἡμετέρᾳ
555 3016 883 3091 συμφρονῶν
942 3013 989 3048 ⁵⁷
1046 3007 1135 3068 ἔσο
1203 3016 1425 3090 γνώμῃ,
1479 3019 1569 3072 καὶ
1598 3018 1661 3072 τὸ
1691 3019 1830 3073 πάνυ
1853 3021 1903 3055 ⁵⁸

257 3097 436 3174 ὀρθῶς
492 3093 630 3175 ἔχον
694 3104 856 3156 τοῦτο
905 3097 1065 3164 σέϐας
1097 3101 1413 3178 ὁμολογῶν,
1449 3106 1536 3160 καὶ
1567 3107 1691 3161 τότε
1729 3108 1902 3163 πάντα

257 3209 345 3244 σοι
410 3189 476 3244 τὰ
533 3192 668 3245 κατᾶ
715 3191 945 3266 γνώμην
1008 3190 1123 3266 ἔχει
1181 3193 1385 3256 καλῶς.
1446 3197 1588 3270 Πρὸς
1637 3200 1802 3251 ταῦτα
1872 3198 1899 3251 6

257 3278 572 3352 θαυμαστὸς
628 3278 912 3352 Ἀνδρέας,
973 3280 1034 3336 ού
1103 3282 1396 3356 θρασύτητι
1449 3285 1713 3356 κινηθεὶς,
1774 3283 1902 3340 οὐδὲ

257 3369 464 3442 ἀμαθίᾳ
503 3371 572 3440 ⁵9,
620 3370 866 3445 βασιλεῦ,
912 3367 1037 3450 ἔφη,
1100 3372 1223 3428 οὐδὲ
1275 3373 1424 3436 ὅπως
1480 3397 1566 3430 σοι
1595 3376 1684 3431 καὶ
1714 3380 1793 3449 τῷ
1823 3380 1902 3447 σῷ

254 3461 440 3536 κράτει
495 3461 790 3538 γνωσθείην
847 3462 922 3526 εἰς
950 3467 1111 3518 τοῦτο
1141 3461 1313 3533 ἦλθον
1347 3463 1456 3540 ἐγώ
1491 3485 1504 3499 ·
1539 3465 1590 3520 τί
1625 3466 1724 3543 γὰρ
1777 3464 1900 3539 ἐμοὶ

254 3548 346 3604 καὶ
394 3555 513 3615 τοῖς
572 3556 728 3622 cois;
762 3551 987 3623 Ἐπίσης
1052 3550 1110 3606 δὲ
1156 3554 1369 3615 πάντως
1400 3553 1509 3609 ἐστὶ
1539 3555 1628 3610 καὶ
1656 3560 1773 3617 τοῖς
1807 3558 1905 3609 τοῦ

254 3637 467 3711 κόσμου
517 3638 709 3695 εἷ’πεῖν·
754 3641 799 3711 ᾧ
830 3639 999 3696 πάλαι
1048 3641 1142 3714 μὲν
1188 3641 1262 3704 ὡς
1315 3638 1440 3717 ὄναρ
1468 3644 1534 3697 τὰ
1568 3647 1666 3698 τοῦ
1694 3643 1905 3715 κόσμου

255 3729 662 3802 κατεφρονήθη,
695 3725 858 3805 φίλον
899 3725 957 3782 δὲ
1009 3730 1170 3802 μόνον
1211 3730 1439 3805 ἡσυχία,
1471 3731 1560 3787 καὶ
1604 3736 1682 3803 τῷ
1711 3733 1760 3768 σθ
1788 3733 1905 3786 κατ’

257 3812 398 3870 ἰδίαν
455 3819 536 3888 τῷ
603 3817 930 3890 ποθουμένῳ
988 3817 1352 3892 συγγίνεσθαι,
1409 3817 1536 3874 ἀλλ’
1601 3819 1715 3875 ἐπεὶ
1782 3823 1906 3896 περὶ

256 3904 358 3974 τὴν
389 3905 435 3943 ⁶¹
469 3903 757 3979 ὁρθόδοξον
797 3907 978 3962 πίστιν
1006 3906 1240 3982 νεώτερά
1288 3929 1343 3963 σε
1372 3914 1584 3988 φρονεῖν
1612 3907 1902 3983 ἀνέμαθον,

258 3994 350 4049 καὶ
406 4001 507 4057 τῆς
547 3995 670 4068 περὶ
716 3996 812 4058 τάς
859 3996 1004 4060 θείας
1039 3995 1248 4060 εἰκόνας
1277 4005 1449 4072 τιμῆς
1498 3998 1904 4076 ἀποστεροῦντα

259 4085 624 4160 Χριστιανούς
665 4101 681 4118 ⁸
730 4085 820 4140 καὶ
868 4085 1037 4160 ταύτῃ
1094 4082 1430 4163 θορυϐοῦντα
1503 4090 1596 4162 μὶν
1652 4089 1715 4145 τὸ
1781 4091 1904 4143 ὐπ’-

263 4176 454 4244 τςκοον,
521 4172 939 4248 ἐπιταράττοντα
1005 4173 1062 4230 δὲ
1117 4178 1207 4231 καὶ
1251 4179 1351 4247 τήν
1405 4176 1752 4248 Ἐκκλησίαν,
1799 4177 1908 4251 ούχ

261 4263 379 4325 οἶός
421 4284 481 4318 τε
540 4261 809 4340 ἐγενόμην
865 4266 965 4334 τὴν
1034 4262 1247 4319 ἀδικίαν
1312 4266 1512 4335 ταύτην
1576 4267 1903 4340 ὑπενεγκεῖν,

263 4351 407 4408 ἀλλά
435 4351 525 4407 καὶ
560 4351 792 4427 πατρίδα
830 4353 917 4408 καὶ
954 4352 1188 4415 οἰκείους
1237 4351 1550 4420 ἀπολιπὼν,
1580 4353 1670 4408 καὶ
1706 4352 1908 4409 τοσαύ-

259 4463 360 4512 την
409 4441 678 4497 θάλασσαν
731 4439 1060 4502 διαπλεύσας
1100 4440 1221 4509 ἥκω
1259 4439 1460 4514 πολλῷ
1502 4440 1658 4514 ζήλῳ
1698 4440 1908 4520 φλεγό-

268 4549 429 4603 μενος
494 4530 594 4598 τῆν
647 4526 899 4605 καρδίαν,
966 4529 1001 4599 ἢ
1040 4535 1140 4600 τῆς
1191 4529 1403 4600 ἀπάτης
1455 4531 1658 4602 ταύτης
1726 4530 1908 4587 ἀπαλ-

265 4617 441 4688 λάξων
506 4618 669 4691 ὑμᾶς,
737 4617 773 4687 ἢ
839 4619 936 4687 τήν
1013 4617 1249 4693 ἐμαυτοῦ
1333 4620 1516 4696 ψυχὴν
1583 4620 1714 4696 ὑπὲρ
1808 4625 1904 4677 τοῦ

269 4706 409 4780 ἐμοῦ
453 4709 636 4778 θήσων
693 4708 948 4782 Χριστοῦ·
982 4706 1042 4771 ὅς
1069 4714 1168 4783 τᾎν
1221 4709 1422 4764 οἰκείαν
1470 4711 1560 4764 καὶ
1592 4731 1678 4766 τοι
1710 4709 1906 4766 δεσπὸ-

2082 2227 2228 2282 VIII.
2250 2227 2391 2282 Cum
2427 2233 2619 2284 autem
2651 2229 2909 2301 proxime
2942 2226 3352 2284 adducendum
3375 2232 3429 2282 et
3460 2225 3662 2282 sisten-

2014 2315 2154 2370 dum
2183 2321 2469 2388 curasset,
2489 2321 2572 2385 ut,
2598 2333 2731 2373 cum
2756 2333 2888 2373 eum
2911 2317 3075 2387 prius
3093 2316 3397 2372 terruisset
3418 2315 3658 2370 saevitia:

2013 2405 2219 2461 deinde
2275 2406 2450 2462 etiam
2500 2406 2757 2462 alliceret
2801 2407 3252 2462 mansuetudine
3285 2445 3298 2458 .
3331 2405 3653 2471 Undenam,

2012 2493 2224 2563 inquit,
2257 2499 2346 2550 est
2375 2499 2538 2550 tanta
2569 2494 2674 2552 tibi
2715 2495 2956 2551 audacia
3011 2499 3066 2550 et
3097 2493 3348 2561 inscitia,
3380 2498 3445 2548 ut
3466 2492 3654 2562 jussis

2011 2595 2302 2653 repugnes
2324 2583 2713 2654 imperatoris,
2739 2588 2794 2638 et
2825 2600 3019 2638 coram
3052 2599 3117 2639 eo
3148 2580 3573 2653 intempestive,
3599 2584 3655 2635 et

2010 2670 2153 2725 citra
2186 2669 2364 2725 ullam
2415 2672 2693 2726 rationem
2728 2671 2908 2726 libere
2950 2673 3170 2742 quaevis
3202 2669 3498 2741 loquaris?
3543 2670 3650 2724 Sed

2011 2762 2075 2814 ut
2105 2759 2356 2828 videtur,
2388 2760 2588 2816 volens
2609 2759 2805 2831 aliquo
2825 2761 2995 2815 modo
3025 2760 3196 2816 nobis
3217 2764 3392 2815 notus
3413 2757 3650 2813 evadere

2011 2846 2162 2901 hanc
2192 2848 2344 2902 viam
2378 2847 2678 2918 ingressus
2710 2865 2790 2904 es.
2816 2849 3099 2905 Voluntas
3134 2849 3326 2918 itaque
3350 2851 3452 2902 tua
3473 2846 3652 2901 dedu-

2011 2938 2104 2989 cta
2133 2939 2220 2989 est
2246 2935 2314 2989 ad
2347 2935 2635 3006 etl'ectum,
2668 2941 2723 2992 et
2754 2941 2890 2992 tuus
2912 2936 3016 2991 tibi
3048 2939 3201 2991 recte
3232 2935 3500 2991 succedet
3520 2950 3648 2990 sco-

2011 3038 2142 3094 pus,
2163 3023 2479 3080 dummodo
2502 3025 2802 3080 sententiae
2826 3029 3033 3082 nostrae
3066 3023 3425 3094 assentiaris,
3457 3030 3650 3093 etquae

2009 3110 2175 3166 valde
2205 3119 2353 3167 recte
2384 3130 2445 3168 se
2484 3115 2672 3181 habet,
2717 3114 3047 3170 confitearis
3091 3114 3452 3185 religionem.
3485 3113 3651 3167 Tunc

2012 3215 2266 3271 namque
2308 3199 2413 3255 tibi
2443 3202 2642 3256 omnia
2670 3202 2936 3258 evenient
2967 3219 3036 3257 ex
3065 3201 3374 3258 sententia.
3406 3201 3488 3254 Ad
3527 3199 3648 3254 haec

2011 3289 2264 3345 Andreas
2295 3288 2392 3344 ille
2415 3288 2776 3346 admirabilis
2805 3306 2818 3345 :
2852 3295 2975 3347 Non
3005 3290 3218 3361 inquit,
3253 3289 3517 3356 audacia,
3540 3303 3646 3343 nec

1932 3417 1983 3485 Ο
2011 3377 2247 3434 inscitia
2283 3381 2500 3449 motus,
2531 3395 2564 3434 ο
2611 3379 2950 3448 imperator,
2982 3394 3087 3434 nec
3118 3386 3182 3434 ut
3226 3377 3332 3432 tibi
3389 3381 3562 3432 notus
3593 3380 3656 3431 et

2017 3469 2121 3485 ιη--
2167 3482 2223 3485 ---
2279 3467 2452 3485 I--____-
2495 3465 2757 3485 _--_n-_1E--
2821 3466 2926 3485 ιη-
2961 3466 3089 3485 ---με
3147 3465 3289 3485 n--!_I
3330 3464 3472 3485 -_:_-
3511 3462 3650 3485 ...Ξιέ

2017 3469 2128 3522 tuae
2160 3467 2460 3522 evaderem
2495 3465 2786 3538 potentiae,
2821 3466 2932 3522 huc
2961 3466 3111 3520 veni.
3145 3465 3290 3530 Quid
3325 3464 3476 3520 enim
3511 3462 3654 3519 mihi

2017 3555 2098 3610 rei
2138 3560 2228 3610 est
2257 3571 2389 3611 cum
2421 3554 2580 3610 tuis?
2613 3554 2881 3611 similiter
2910 3559 3105 3610 autem
3137 3570 3372 3625 possum
3420 3551 3655 3608 omnino

2016 3644 2186 3701 etiam
2219 3643 2410 3699 dicere
2439 3659 2574 3700 cum
2594 3644 2686 3714 iis,
2716 3660 2846 3716 quas
2867 3648 3004 3700 sunt
3033 3643 3206 3713 hujus
3239 3643 3464 3709 mundi,
3489 3659 3521 3697 a
3542 3657 3656 3712 quo

2016 3732 2249 3804 quidem
2265 3734 2389 3804 jam
2411 3732 2550 3789 olim
2573 3734 2835 3804 despecta
2848 3736 3006 3801 sunt,
3031 3737 3314 3804 tanquam
3332 3730 3654 3786 somnium:

2014 3821 2140 3878 sola
2168 3825 2364 3878 autem
2393 3826 2558 3894 grata
2586 3827 2676 3878 est
2697 3821 2886 3892 quies,
2911 3826 2966 3877 et
2987 3837 3252 3876 seorsum
3280 3818 3499 3875 versari
3521 3835 3655 3874 cum

2013 3909 2128 3966 Deo
2156 3910 2184 3965 ?
2211 3911 2319 3967 Sed
2354 3917 2663 3983 postquam
2697 3911 2892 3984 accepi
2931 3914 2987 3968 te
3017 3910 3234 3966 sentire
3266 3909 3458 3965 aliena
3489 3923 3523 3962 a
3543 3907 3653 3962 ﬁde

2014 3999 2354 4072 orthodoxa,
2371 4005 2428 4056 et
2442 4001 2667 4073 privare
2679 4001 3038 4055 Christianos
3051 3997 3396 4068 honore,qui
3411 3995 3655 4051 debetur

2013 4088 2228 4145 divinis
2268 4089 2667 4160 imaginibus:
2697 4093 2754 4144 et
2773 4089 2855 4144 sic
2887 4088 3124 4159 quidem
3156 4085 3491 4158 perturbare
3531 4099 3650 4149 eos,

2014 4176 2116 4247 qui
2157 4181 2258 4231 tuo
2303 4180 2508 4244 parent
2553 4177 2820 4247 imperio,
2853 4176 3200 4232 conturbare
3250 4179 3444 4229 autem
3477 4172 3651 4228 etiam

2013 4262 2370 4319 Ecclesium:
2404 4281 2517 4318 non
2547 4265 2707 4333 potui
2749 4263 2901 4319 hanc
2931 4265 3077 4319 ferre
3108 4261 3458 4334 injustitiam
3492 4278 3505 4317 :
3547 4261 3649 4316 sed

2015 4351 2200 4424 patria
2231 4350 2434 4407 relicta
2461 4355 2517 4407 et
2539 4352 2709 4420 meis,
2729 4355 2964 4408 tantum
2985 4352 3168 4408 maris
3190 4348 3440 4420 spatium
3463 4363 3655 4405 emen-

2014 4458 2138 4509 sus,
2169 4442 2338 4497 venio
2371 4457 2582 4514 magno
2613 4442 2805 4498 cordis
2838 4441 2960 4498 zelo
3007 4443 3305 4507 incensus,
3327 4437 3417 4495 vel
3447 4455 3550 4494 vos
3580 4437 3650 4492 ab

2013 4531 2122 4587 hoc
2151 4546 2344 4587 errore
2373 4531 2744 4604 liberaturus,
2775 4531 2866 4588 vel
2906 4548 3010 4604 pro
3043 4547 3168 4587 meo
3206 4527 3435 4585 Christo
3465 4541 3652 4584 meam

2013 4621 2270 4677 animam
2302 4621 2621 4692 positurus,
2654 4621 2755 4692 qui
2785 4637 2978 4690 suam,
3010 4622 3115 4678 etsi
3149 4622 3301 4676 esset
3345 4615 3651 4682 Dominus,

2013 4727 2118 4783 pro
2150 4726 2242 4766 me
2274 4709 2469 4782 posuit
2497 4715 2553 4766 et
2598 4727 2705 4766 sua
2735 4710 3007 4782 imagine.
3043 4712 3354 4778 Imperator
3410 4708 3603 4761 autem
3637 4719 3652 4759 :

263 4815 367 4866 της
417 4793 488 4850 ὥν
552 4796 683 4870 ὑπὲρ
741 4793 878 4870 ἐμοῦ
923 4797 1142 4866 καὶτῆς
1173 4796 1382 4859 εἷκόνος
1432 4793 1584 4863 ἔθετο
1613 4802 1710 4869 τῆς
1741 4797 1903 4862 ίδίας·

2017 4782 2239 4856 Venisti
2271 4799 2504 4871 quidem
2529 4803 2700 4870 certe,
2733 4800 2945 4871 inquit,
2974 4813 3188 4870 magna
3208 4795 3427 4852 visione
3445 4807 3654 4864 appre-

265 4885 356 4941 καὶ
408 4885 436 4939 6
483 4883 759 4960 βασιλεὺς⁶
816 4885 962 4955 ἦπου
1026 4886 1233 4961 μεγάλα
1286 4888 1687 4965 φανταζόμενος
1724 4887 1786 4943 σὺ
1817 4888 1907 4944 καὶ

269 4978 481 5050 φρονῶν
538 4973 832 5045 ἐλήλυθας,
896 4975 1122 5050 βασιλέα
1171 4997 1231 5030 τε
1287 4976 1448 5033 αὐτὸν
1515 4979 1606 5033 καὶ
1668 4977 1796 5041 τοὺς
1853 4977 1905 5034 ἐν

266 5062 414 5118 τέλει
468 5063 694 5134 πάντας,
746 5065 834 5119 καὶ
896 5066 995 5136 ὅση
1046 5072 1146 5135 τῆς
1175 5066 1563 5142 ἀρχιερατικῆς
1595 5067 1832 5138 εὐταξίας
1863 5068 1910 5104 ⁶²

267 5152 542 5228 ἐπίσημος
603 5151 796 5224 πολιὰ,
854 5154 989 5230 πρὸς
1044 5155 1111 5210 τὰ
1169 5157 1235 5210 σά
1289 5157 1338 5192 ⁸³
1416 5153 1673 5212 δοκοῦντα
1743 5178 1908 5232 μετα-

270 5237 499 5312 ϐαλεὶνς
553 5241 706 5300 Ἀλλ’
749 5241 843 5298 ’ίνα
895 5243 964 5298 τά
1007 5242 1194 5299 πολλά
1241 5245 1453 5320 χαίρειν
1495 5244 1738 5324 ἂφωμεν,
1771 5245 1907 5320 ἐμοῦ

269 5332 338 5390 τὰ
393 5329 585 5388 δέοντα
643 5327 1106 5408 συμϐουλεύοντες
1146 5333 1398 5392 ἄκουσον·
1432 5337 1522 5391 καὶ
1557 5343 1656 5406 τῆς
1691 5335 1906 5412 βαθείας

341 5530 387 5566 ⁸³
416 5531 467 5588 οἱ
511 5529 603 5607 μεν
748 5533 808 5590 C.
850 5531 917 5592 D.
1228 5531 1328 5607 “ei
1357 5530 1416 5607 δὲ
1444 5533 1511 5592 D.
1647 5534 1710 5591 F.

295 5675 319 5710 ³
347 5677 414 5732 τὰ
435 5677 520 5732 σοὶ
553 5672 816 5732 δοκοῦντα
853 5677 919 5735 D.
961 5679 1023 5736 E.
1066 5677 1128 5734 Ρ.

2020 4889 2301 4959 hendens,
2335 4893 2391 4945 et
2421 4889 2614 4944 animo
2637 4889 2884 4958 agitans,
2918 4902 3123 4958 nempe
3151 4889 3216 4942 ut
3245 4885 3438 4956 ipsum
3470 4882 3657 4952 impe-

2017 4981 2292 5045 ratorem,
2317 4985 2371 5034 et
2391 4993 2594 5034 omnes
2613 4976 2992 5048 magistratus
3021 4980 3077 5030 et
3098 4970 3448 5046 pontificalis
3479 4969 3658 5040 digni-

2018 5068 2150 5124 tatis
2197 5068 2606 5134 venerandam,
2641 5069 3098 5137 quantacunque
3147 5079 3210 5118 ea
3254 5061 3350 5129 sit,
3383 5058 3658 5116 canitiem

2017 5157 2288 5213 traducas
2318 5157 2389 5211 ad
2421 5155 2500 5226 id,
2533 5155 2682 5226 quod
2713 5154 2818 5209 tibi
2853 5153 3082 5209 videtur
3112 5153 3141 5206 ?
3169 5150 3280 5207 Sed
3324 5152 3390 5204 ut
3420 5146 3661 5222 prolixis

2017 5248 2102 5304 uti
2134 5247 2323 5304 verbis
2353 5246 2678 5312 mittamus,
2711 5242 2846 5300 audi
2878 5258 2969 5298 me
3000 5257 3084 5312 ea,
3109 5257 3240 5314 quas
3261 5243 3502 5313 oportet,
3527 5253 3660 5293 con-

2017 5337 2328 5406 sulentem,
2360 5339 2416 5393 et
2445 5334 2515 5391 ab
2545 5334 2652 5391 hac
2695 5332 2984 5406 profunda
3033 5346 3337 5404 emergens
3384 5327 3656 5400 caligine,

1819 5533 1867 5569 ⁸⁵
1895 5531 2042 5608 ὅπως
2069 5529 2130 5608 ἂν
2161 5533 2580 5608 χαρισαιντοϐκ
2633 5530 2677 5567 ⁸⁸
2704 5528 2796 5608 τον
2826 5530 3097 5608 Β.“Ο.ηῌ.
3137 5530 3201 5585 Ε.
3243 5529 3337 5608 F._
3379 5526 3424 5564 ⁵⁷
3447 5525 3659 5608 96p.ch-

307 5605 472 5680 ῶνΑΕ.
505 5602 522 5680 ξ
547 5605 592 5680 ξ’
628 5603 711 5680 τύ,
745 5609 946 5680 πᾶν-Ο.
992 5602 1342 5680 νδθ-ὂίμαθείᾳ
1388 5606 1450 5666 F.
1561 5606 1608 5642 ⁶⁰
1644 5605 1734 5661 καῖ
1771 5604 1834 5660 τὸ
1877 5610 1903 5659 Ε

2015 5607 2053 5663 1.
2096 5602 2265 5662 Ι).’
2307 5606 2368 5662 F.

2443 5603 2488 5641 ⁸1
2517 5602 2714 5672 πίστην
2753 5604 2814 5657 Β.
2891 5600 2939 5637 ⁸2
2974 5599 3124 5671 ἀξίας
3151 5617 3253 5673 pro
3292 5597 3348 5653 εὖ
3375 5597 3656 5669 ταξίάςὈ.
