4142 6248
522 330 676 391 1119

1874 322 2158 384 MENSIS
2205 316 2584 381 OCTOBER.

3774 297 3941 357 i120

517 509 653 564 pare
685 492 771 557 iis,
806 507 934 561 quae
968 491 1167 545 nostra
1198 486 1459 542 decernit
1484 487 1761 558 potentia,
1795 490 1849 540 et
1876 486 2003 557 ipse
2029 503 2162 557 quo-

2289 480 2467 548 ταύτης
2523 473 2792 543 ἀνανήψας
2832 464 3066 543 ἀχλύος,
3099 465 3352 535 πείσθητί
3385 484 3443 519 τε
3484 464 3570 526 οἷς
3620 461 3685 517 τὸ
3727 460 3944 534 ἡμέτε-

519 597 631 649 que
664 580 746 634 sis
794 583 1101 634 contentus
1135 576 1297 646 sequi
1358 591 1733 631 communem
1794 575 2161 631 sententiam.

521 670 620 722 Sin
655 668 940 734 minus,te
964 666 1202 721 omnino
1235 664 1465 719 docebit
1486 664 2163 735 experientia,quantum

518 756 740 811 malum
767 756 841 809 sit
871 755 1099 810 consilii
1130 754 1349 825 inopia,
1382 759 1438 809 et
1469 771 1617 809 vana
1649 756 1717 810 de
1749 770 1810 810 se
1841 753 2163 823 persuasio,

519 850 575 900 et
598 861 762 900 suam
787 848 1015 898 tantum
1035 845 1334 914 sequendo
1361 844 1733 910 sententiam,
1758 859 1815 899 se
1834 849 2167 913 arroganter

520 950 716 1004 gerere
747 934 1025 987 adversus
1056 933 1458 1002 imperatores.

591 1022 682 1079 IX.
716 1022 945 1075 Audivit
990 1029 1229 1092 martyr,
1263 1029 1316 1077 et
1366 1020 1538 1077 coelos
1583 1022 1873 1091 aspiciens
1907 1038 1919 1076 :
1957 1020 2079 1077 Non
2114 1023 2168 1074 te

520 1112 764 1183 negabo,
799 1110 1003 1181 inquit,
1036 1110 1264 1165 Christe
1314 1110 1574 1166 Salvator
1605 1127 1619 1165 :
1656 1127 1769 1166 non
1820 1115 1876 1166 te
1918 1110 2167 1181 pulchra

520 1200 841 1254 frustrabor
885 1198 1248 1253 confessione
1278 1224 1292 1267 ;
1326 1215 1441 1254 non
1478 1207 1633 1253 luam
1667 1199 2026 1268 contemptui
2060 1197 2168 1252 ba-

524 1289 671 1343 bebo
710 1288 1024 1357 imaginem
1055 1306 1068 1356 ;
1110 1305 1223 1343 non
1258 1288 1603 1359 despiciam,
1636 1290 1789 1359 quod
1822 1290 1893 1343 ad
1928 1304 2016 1343 me
2047 1287 2172 1357 qui-

526 1379 657 1432 dem
735 1377 956 1443 attinet,
1009 1377 1160 1432 male
1236 1378 1574 1447 patientem.
1631 1379 1892 1432 (laedatur
1975 1391 2168 1431 meum

523 1480 758 1536 corpus,
789 1481 819 1521 ο
853 1467 1185 1534 imperator,
1219 1465 1419 1536 lingua
1460 1469 1704 1532 secetur,
1736 1466 1911 1537 pedes
1944 1463 2172 1519 exscin-

524 1555 764 1608 dantur.
798 1554 943 1608 Nam
977 1569 1081 1624 ego
1113 1554 1350 1624 quidem
1390 1562 1625 1624 paratus
1658 1571 1788 1609 sum
1822 1553 2017 1609 omnia
2048 1552 2169 1624 pati

527 1642 723 1712 potius
773 1658 948 1712 quam
990 1658 1181 1696 meum
1221 1642 1516 1697 Christum
1552 1642 1634 1697 vel
1684 1644 2063 1698 umbratenus
2092 1641 2175 1695 vi-

526 1730 840 1801 lipendere,
874 1745 1047 1800 quem
1083 1730 1265 1786 habeo
1298 1747 1397 1801 pro
1442 1732 1713 1786 omnibus
1746 1737 1803 1785 et
1825 1748 1997 1802 quem
2032 1730 2172 1786 olim

528 1817 717 1873 solum
752 1819 918 1889 sequi
947 1819 1241 1873 constitui.
1278 1819 1364 1872 Ad
1394 1818 1515 1873 haec
1548 1827 1864 1891 tyrannus:
1899 1820 2172 1882 Quaenam
2210 1856 2258 1920 Β

527 1911 635 1973 est,
670 1906 886 1976 inquit,
921 1910 1084 1961 tanta
1136 1907 1411 1974 amentia,
1443 1912 1499 1961 et
1546 1923 1721 1977 quam
1770 1911 1855 1963 est
1894 1907 2071 1963 crassi
2121 1916 2173 1963 et

526 1994 752 2050 hebetis
786 1995 1025 2065 ingenii,
1076 2011 1306 2063 crasse,
1352 2000 1407 2049 et
1447 1996 1505 2050 in
1559 2012 1735 2067 quam
1787 1998 1942 2052 cadit
1981 1998 2176 2053 interi-

524 2084 643 2150 tus,
680 2084 952 2151 materiae,
987 2083 1086 2137 Dei
1130 2084 1200 2137 ab
1252 2083 1486 2139 interitu
1538 2085 1763 2152 remoti,
1812 2090 1868 2140 et
1912 2086 2172 2140 materiae

524 2170 802 2241 expertis,
837 2170 1083 2242 gloriam
1118 2172 1376 2227 tribuere
1412 2188 1424 2226 :
1458 2180 1509 2228 et
1542 2189 1649 2228 nec
1679 2174 1876 2229 audire
1908 2174 2171 2244 quidem,

523 2258 679 2329 quod
735 2276 767 2313 a
830 2263 987 2313 Mose
1046 2260 1381 2329 prohibetur
1432 2260 1787 2333 legislatore,
1831 2262 1930 2334 qui
1983 2263 2173 2318 dicit:

524 2346 649 2404 Non
681 2347 856 2402 facies
889 2347 1307 2405 similitudines
1338 2351 1365 2402 ‘?
1398 2350 1693 2406 Undenam
1726 2367 1861 2422 ergo
1897 2352 2176 2423 gravissi-

538 2452 671 2490 mus
702 2435 797 2490 hic
829 2436 1088 2506 morbus,
1122 2437 1218 2507 qui
1250 2439 1429 2493 menti
1462 2444 1665 2495 vestrae
1702 2440 1938 2509 insedit,
1966 2440 2174 2508 effecit,

535 2530 601 2579 ut
643 2540 758 2579 non
816 2524 1006 2579 solum
1067 2526 1317 2580 scienter
1370 2528 1654 2582 resistatis
1689 2545 1702 2582 :
1735 2530 1835 2583 sed
1866 2545 1966 2583 vos
1999 2530 2173 2583 etiam

530 2613 857 2683 conjiciatis
891 2614 949 2667 in
980 2613 1301 2683 periculum
1333 2617 1360 2668 ?
1388 2616 1493 2670 Sed
1526 2616 1680 2671 enim
1711 2617 2027 2687 iintellige:
2060 2633 2174 2672 non

531 2718 635 2773 pro
693 2703 950 2769 veritate,
979 2718 1086 2757 nec
1142 2719 1246 2773 pro
1301 2703 1553 2770 Christo,
1584 2705 1680 2759 sed
1739 2722 1840 2774 pro
1891 2705 2021 2776 ipsa
2051 2705 2175 2761 sola

529 2807 657 2860 quce
685 2795 776 2845 est
821 2808 852 2844 a
889 2790 1111 2846 ratione
1161 2790 1372 2859 aliena,
1407 2793 1673 2862 audacia,
1704 2798 1962 2849 extrema
1992 2796 2174 2865 patie-

534 2879 636 2934 ris.
668 2878 786 2934 Hoc
816 2878 874 2933 in
908 2879 1033 2935 loco
1064 2896 1197 2935 cum
1231 2881 1378 2936 ferre
1412 2897 1522 2936 non
1558 2882 1847 2953 potuisset
1875 2882 1963 2937 vir
1990 2899 2174 2955 gene-

532 2983 700 3021 rosus
741 2967 1092 3038 blasphemas
1150 2969 1367 3039 linguae
1420 2969 1856 3031 contumeliam.
1892 2973 1993 3027 sed
2048 2988 2177 3044 per-

537 3055 672 3110 inde
731 3060 904 3126 atque
954 3056 1181 3112 honesti
1214 3058 1591 3128 proditionem
1633 3060 1971 3132 arbitratus,
2004 3079 2175 3118 sacras

535 3142 808 3213 imaginis
838 3144 955 3213 pati
987 3145 1400 3200 contumeliam
1428 3162 1441 3200 :
1475 3150 1928 3216 Exsecrandum,
1961 3150 2171 3222 inquit,

536 3236 733 3301 caput,
767 3249 879 3287 non
914 3232 1021 3287 tibi
1053 3233 1283 3289 videtur
1325 3235 1446 3305 pati
1495 3252 1597 3307 pro
1647 3237 1892 3306 Christo,
1924 3240 2017 3310 qui
2076 3256 2177 3306 pro

534 3319 693 3374 illius
728 3321 913 3374 forma
942 3321 1156 3390 patitur
1192 3340 1203 3376 :
1236 3338 1427 3395 neque
1477 3326 1548 3379 ad
1604 3327 1856 3395 primum
1889 3326 2182 3397 exemplar

539 3408 728 3463 credis
761 3409 1004 3465 transire
1054 3411 1467 3482 ignominiam,
1495 3430 1609 3483 qua
1650 3414 1844 3487 imago
1876 3415 2131 3471 afﬁcitur
2158 3416 2186 3470 ?

541 3499 611 3553 Et
651 3499 940 3569 quomodo
971 3516 1072 3555 vos
1121 3517 1217 3557 eos
1249 3519 1418 3573 saepe,
1452 3505 1553 3574 qui
1590 3505 2015 3576 imperiatorias
2048 3523 2182 3561 con-

547 3587 789 3642 tumelia
821 3588 1140 3645 affecerunt
1171 3596 1417 3661 statuas,
1452 3594 1688 3663 perinde
1720 3611 1783 3649 ac
1809 3611 1927 3664 eos,
1960 3596 2059 3666 qui
2082 3613 2182 3652 vos

544 3675 770 3747 probris
802 3681 940 3731 sunt
971 3677 1256 3749 insectati,
1280 3682 1504 3735 ultimis
1535 3683 1810 3740 affecistis
1842 3685 2186 3755 suppliciis?

548 3780 693 3835 quos
727 3764 955 3834 quidem
986 3780 1090 3833 ego
1123 3767 1251 3820 novi
1286 3768 1345 3821 in
1378 3769 1586 3823 statuis
1635 3786 1825 3825 aaneos
1877 3772 1965 3826 vel
2009 3773 2181 3827 etiam

547 3867 754 3906 aureos
814 3851 1195 3920 extrinsecus,
1249 3853 1371 3922 pice
1426 3854 1585 3910 intus
1642 3871 1770 3911 esse
1827 3858 2097 3929 repletos,
2130 3866 2186 3914 et

544 3939 795 4008 stuppis,
830 3944 885 3993 et
932 3939 1124 4010 lignis,
1159 3943 1214 3994 et
1244 3941 1355 3997 alia
1403 3942 1501 3996 vili
1553 3948 1609 3998 et
1652 3945 1878 4014 abjecta
1919 3948 2183 4002 materia.

546 4029 708 4094 Quod
754 4029 802 4083 si
859 4045 977 4097 vos,
1015 4030 1116 4100 qui
1148 4046 1299 4085 nunc
1351 4031 1490 4088 estis
1538 4033 1749 4105 pulvis,
1783 4040 1840 4091 et
1887 4053 2012 4091 cras
2070 4054 2186 4094 non

545 4117 687 4173 estis
720 4117 920 4186 futuri,
954 4118 1037 4174 sic
1086 4118 1455 4176 honoramini
1486 4123 1696 4180 statuis
1726 4129 1782 4180 et
1811 4124 2185 4199 imaginibus,

545 4211 604 4261 et
661 4208 1085 4278 propemodum
1138 4216 1412 4281 tanquam
1476 4212 1554 4267 dii
1611 4214 1784 4270 vultis
1833 4216 2083 4283 adorari,
2134 4224 2187 4273 et

547 4310 660 4361 eos,
720 4296 816 4366 qui
876 4296 932 4351 in
992 4297 1419 4367 imperiatorias
1502 4310 1886 4372 peccaverunt
1941 4310 2184 4372 statuas,

547 4384 919 4440 acerbissime
950 4386 1169 4455 punitis
1204 4404 1216 4439 :
1251 4390 1526 4444 adversus
1574 4390 1787 4447 Christi
1817 4410 2041 4449 sacram
2075 4396 2189 4450 ali-

549 4472 687 4541 quid
711 4473 920 4527 audere
951 4474 1290 4545 imaginem,
1325 4492 1439 4531 non
1487 4481 1769 4548 reputatis
1818 4498 1945 4538 esse
1989 4484 2187 4540 arche-

2276 592 2363 646 pov
2411 568 2696 640 νομοθετεῖ
2741 563 2963 637 κράτος,
3020 559 3111 614 καὶ
3158 563 3226 632 τῇ
3272 559 3429 630 κοινῇ
3481 556 3682 631 γνώμῃ
3711 554 3812 609 καὶ
3850 553 3946 607 αὐ-

2271 645 2363 722 τὸς
2423 656 2635 733 στέρξον
2698 653 3089 719 ἀκολουθῆσαι,
3138 647 3185 702 εἲ
3237 647 3286 701 δ’
3332 645 3424 701 οὖν
3485 645 3614 700 ἀλλ’
3673 647 3709 713 ἡ
3776 648 3947 716 πεῖρα

2275 748 2473 817 διδάξει
2518 731 2587 799 *σε
2640 744 2881 807 πάντως,
2928 741 3052 794 ὅσον
3094 737 3260 792 κακὸν
3313 731 3552 790 ἀϐουλία
3596 734 3689 787 καὶ
3728 731 3943 801 οἶήσις,

2273 838 2452 892 καὶτὸ
2500 839 2567 907 τῇ
2602 831 2713 904 ίδίᾳ
2742 833 3073 903 στοιχοῦντα
3113 827 3310 902 γνώμῃ
3363 825 3454 879 καὶ
3506 824 3644 897 πρὸς
3681 819 3945 895 βασιλεῖς

2274 922 2516 989 ἀπαυθαδ
2529 924 2762 992 ιάζεσθαι
2794 922 2861 976 ⁶⁴.

2346 1022 2415 1069 Θ’.
2484 1015 2746 1069 Ἤκουσεν
2807 1011 2835 1063 6
2906 1011 3130 1082 μάρτυς,
3188 1005 3278 1060 καὶ
3336 1005 3471 1076 πρὸς
3505 1003 3770 1077 οὐρανοὺς
3824 1003 3941 1056 ἀπι-

2277 1103 2405 1159 δὼν·
2442 1103 2558 1159 Οὐκ
2598 1098 2866 1174 ἀρνοῦμαί
2897 1099 2942 1133 ⁵⁸
2988 1118 3065 1165 σε,
3109 1100 3316 1169 Σῶτερ,
3352 1095 3470 1149 εἶπε
3501 1095 3571 1163 ⁸⁵,
3613 1093 3847 1168 Χριστὲ,
3881 1092 3938 1146 οὑ

2278 1190 2546 1265 ψεύσομαί
2606 1209 2660 1242 σε
2741 1188 2841 1254 τήν
2914 1185 3181 1258 μακαρίαν
3266 1181 3588 1256 ὁμολογίαν·
3682 1181 3743 1235 οὐ

2280 1281 2458 1334 εἰκόνα
2512 1278 2609 1345 τήν
2669 1277 2767 1345 σὴν
2823 1275 3092 1346 ἀτιμάσω·
3151 1272 3213 1326 οὐ
3244 1270 3477 1345 περιῖδω
3525 1269 3588 1324 τό
3628 1290 3692 1343 γε
3724 1267 3827 1323 οὗν
3863 1268 3940 1321 ἐπ’

2282 1368 2407 1441 ἐμοὶ
2450 1370 2629 1427 κακῶς
2687 1366 3020 1438 πάσχουσαν’
3103 1360 3355 1431 ξαινέσθω
3430 1380 3534 1431 μου
3618 1361 3682 1413 τὸ
3776 1363 3941 1429 σῶμα

2284 1457 2526 1533 βασιλεῦ.
2589 1458 2623 1524 ἡ
2673 1454 2892 1529 γλῶττα
2942 1454 2985 1488 ετ
3016 1449 3334 1524 ξτεμνὲσθυγ
3390 1450 3440 1503 οἱ
3497 1446 3680 1516 πόδες,
3736 1447 3834 1508 οἷς
3879 1449 3939 1501 ού

2280 1547 2464 1606 καλῶς
2548 1544 2811 1616 ἤλθομεν,
2903 1539 3367 1607 ἐκκοπτέσθωσαν,
3439 1539 3515 1599 ὡς
3610 1537 3791 1591 πάντα
3886 1557 3943 1611 γε

2285 1635 2496 1709 μᾶλλον
2556 1632 2665 1711 ἐγὼ
2712 1634 2899 1687 παθεῖν
2954 1628 3201 1701 ἕτοιμος,
3253 1630 3287 1698 ἢ
3334 1628 3428 1682 τὸν
3460 1625 3591 1699 ἒμὸν
3627 1625 3802 1701 μέχρι
3851 1626 3940 1679 καὶ

2283 1730 2434 1788 σκιᾶς
2466 1724 2720 1789 ἀθετῆσαι
2774 1721 3029 1795 Χριστὸν,
3090 1721 3147 1774 δν
3204 1718 3325 1773 ἀντὶ
3382 1717 3599 1771 πάντων
3658 1714 3807 1790 ἒχω-
3853 1715 3944 1769 καὶ

2282 1818 2325 1889 ᾦ
2373 1815 2545 1870 πάλαι
2593 1811 2913 1875 ἀκολουθεῖν
2975 1809 3125 1883 μόνῳ
3173 1808 3523 1882 προῄρημαι.
3586 1806 3730 1881 Πρὸς
3773 1810 3945 1860 ταῦτα

2285 1907 2377 1961 τὸν
2443 1904 2719 1977 τύραννον.
2789 1901 2888 1963 Τίς
2945 1901 2980 1969 ἠ
3058 1898 3318 1967 τοσαύτη,
3392 1894 3576 1973 φάναι,
3650 1896 3815 1949 ἄνοια
3902 1895 3943 1931 ⁸⁸

2286 1994 2375 2049 καὶ
2442 1991 2717 2066 παχύτης,
2786 1991 2998 2066 φθαρτῇ
3063 1987 3154 2041 καὶ
3210 1983 3412 2055 παχείᾳ
3470 1982 3575 2057 ὕλῃ
3654 1983 3937 2061 ἀφθάρτου

2287 2086 2420 2138 Θεοῦ
2476 2080 2565 2135 καὶ
2623 2078 2795 2134 ἀῦλου
2862 2076 3172 2150 περιάπτειν
3228 2073 3432 2144 ὅόξαν;
3489 2070 3630 2130 Οὐδὲ
3689 2072 3802 2127 ὑπὸ
3846 2076 3937 2126 τοῦ

2285 2169 2586 2245 νομοθέτου
2609 2172 2739 2245 γοῦν
2771 2165 3243 2240 ἀπαγορευόμενον
3275 2161 3512 2231 ἤκουσας
3554 2161 3845 2221 Μωῦσέως
3873 2161 3935 2218 ⁸9.

2289 2262 2350 2316 οὐ
2407 2262 2656 2331 ποιήσεις
2703 2262 2805 2311 πᾶν
2866 2254 3127 2328 ὁμοίωμα
3183 2251 3462 2328 λὲγοντος
3522 2249 3685 2304 πόθεν
3735 2250 3833 2304 οὖν
3884 2250 3939 2303 τὸ

2290 2350 2579 2425 ἀλόγιστον
2631 2350 2797 2401 τοῦτο
2855 2345 3024 2404 πάθος
3088 2346 3157 2415 τῇ
3213 2339 3423 2410 διανοίᾳ
3481 2340 3635 2413 ὐμῶν
3716 2337 3941 2414 ἐγκατα-

2289 2442 2524 2512 σκῆψαν,
2592 2434 2984 2510 παρεσκεύασεν
3051 2431 3225 2493 οὕτως
3294 2430 3392 2486 οὐκ
3459 2432 3680 2503 ἀμαθῶς
3772 2429 3938 2501 μόνον

2288 2529 2642 2596 ἀντιπίπτειν,
2711 2524 2857 2580 ἀλλά
2916 2524 3003 2578 καὶ
3061 2520 3329 2582 κινδύνοις
3398 2521 3619 2581 ἑαυτοὺς
3701 2516 3939 2573 ἐπιδιδό-

2287 2633 2421 2673 ναι;
2472 2609 2630 2667 Λλλά
2683 2610 2786 2684 γάρ
2829 2609 2980 2669 σύνες
3032 2606 3275 2678 ὡςνούχ
3328 2605 3459 2677 ὑπὲρ
3508 2601 3771 2672 ἀληθείας
3828 2599 3937 2655 οὐδ’

2292 2701 2424 2773 ὑπὲρ
2482 2700 2740 2772 Χριστοῦ,
2807 2694 2932 2751 ἀλλ’
2987 2695 3119 2767 ὑπὲρ
3156 2693 3322 2761 αὐτῆς
3384 2692 3559 2766 μόνης
3598 2698 3701 2760 τῆς
3731 2690 3933 2765 ἀλόγου

2286 2788 2505 2862 τόλμης
2561 2788 2629 2841 τά
2677 2784 2883 2863 ἔσχατα
2934 2784 3227 2853 ὑποστήσει
3274 2783 3340 2836 ⁷ο.
3375 2782 3637 2837 Ἐνταῦθα
3691 2782 3767 2851 μὴ
3814 2780 3931 2833 ἀνα-

2290 2880 2561 2953 σχόμενος
2615 2876 2642 2930 6
2693 2880 2935 2947 γενναῖος
2985 2879 3084 2942 τῆς
3137 2871 3470 2949 βλασφήμου
3553 2867 3817 2943 γλώττης
3875 2866 3928 2920 τὸ

2289 2965 2566 3041 λοίδορον,
2621 2961 2746 3019 ἀλλ’
2789 2962 3019 3036 ὡσπερεὶ
3061 2958 3353 3036 προδοσίαν
3408 2962 3505 3013 τοῦ
3551 2957 3728 3012 καλοῦ
3788 2956 3918 3027 νομί·

2287 3077 2382 3117 σας
2428 3056 2490 3109 τὸ
2530 3051 2714 3126 πρᾴως
2767 3053 2865 3121 τήν
2927 3045 3083 3125 ὕϐριν
3126 3052 3224 3113 τῆς
3266 3049 3415 3118 ἱερᾶς
3465 3046 3674 3106 εἱκόνος
3711 3046 3925 3117 ὑπενεγ-

2284 3151 2395 3201 κεῖν
2429 3149 2497 3203 ⁷³.
2556 3142 2761 3218 Μιαρά,
2812 3143 2966 3219 φησί,
3029 3140 3274 3217 κεφαλὴ,
3336 3138 3443 3211 οὐχ
3503 3138 3631 3208 ὑπὲρ
3702 3136 3928 3208 Χριστοῦ

2288 3257 2371 3289 σοι
2430 3235 2660 3307 πάσχειν
2717 3230 2865 3285 δοκεῖ
2921 3232 2948 3284 6
2984 3230 3113 3302 ὑπὲρ
3164 3235 3263 3296 τῆς
3293 3226 3496 3282 ἔκείνου
3539 3225 3769 3300 πάσχων
3813 3243 3935 3297 μορ-

2290 3328 2417 3399 φῆςο
2478 3320 2590 3376 οὐδ’
2643 3321 2719 3382 εἰς
2765 3320 2829 3374 τὸ
2881 3318 3239 3393 πρωτότυπον
3300 3312 3594 3371 διαϐαίνειν
3642 3317 3743 3383 τήν
3803 3317 3932 3367 κατὶ

2288 3421 2387 3483 τῆς
2429 3412 2638 3472 εἰκόνος
2687 3409 2905 3483 ἀτιμίαν
2969 3402 3405 3479 ὑπολαμϐάνεις,
3454 3406 3543 3459 καὶ
3592 3408 3712 3463 πῶς
3786 3403 3933 3474 ὑμεῖς

2291 3504 2417 3564 τοὺς
2461 3502 2535 3562 εἰς
2596 3499 2880 3575 βασιλικὰς
2942 3495 3213 3557 πολλάκις
3258 3492 3575 3567 ὑϐρίσαντας
3606 3491 3834 3562 στήλας,
3866 3492 3933 3551 ὡς

2294 3593 2368 3654 εἷς
2424 3592 2618 3651 αὐτοὺς
2688 3590 2828 3661 ὑμᾶς
2910 3587 3362 3662 παροινήσαντας,
3452 3582 3708 3657 ἐσχάταις
3792 3600 3933 3653 περι-

2294 3678 2555 3737 εϐάλλετε
2601 3682 2645 3715 ⁷³
2688 3676 2979 3750 τιμωρίαις
3014 3694 3027 3745 ;
3080 3675 3171 3738 οὕς
3210 3673 3438 3727 ἐπὶτῶν
3485 3670 3705 3741 στηλῶν
3748 3670 3798 3705 ’⁷³
3828 3666 3933 3724 sia:

2294 3770 2540 3846 χαλκοὺς
2602 3769 2756 3828 ὅντας
2803 3768 2838 3836 ἢ
2887 3766 2976 3820 καὶ
3036 3768 3273 3841 χρυσοῦς
3334 3762 3400 3817 τὰ
3441 3757 3560 3830 ἔξω·
3601 3760 3770 3829 πίσης
3804 3762 3849 3795 ⁷⁸
3874 3759 3934 3812 τὰ

2293 3845 2442 3913 ἔνδον
2528 3856 3047 3927 ἀναπεπλησμένους
3096 3872 3111 3885 ·
3188 3852 3279 3907 καὶ
3374 3850 3650 3905 στυππίων
3718 3850 3769 3885 7⁸
3853 3845 3933 3901 καί

2294 3946 2489 4017 ξύλων,
2539 3948 2628 4000 καὶ
2677 3943 2853 4014 ἄλλης
2907 3947 3167 4018 πενιχρᾶς
3226 3942 3362 4012 ὕλης
3418 3941 3507 3995 καὶ
3584 3940 3787 4013 ἀτίμου
3853 3959 3935 4010 με·

2293 4037 2453 4091 στοὺς
2489 4057 2502 4069 ·
2556 4034 2600 4088 εί
2645 4031 2703 4088 δὲ
2745 4034 2899 4106 ὑμεῖς
2959 4036 3096 4110 χοῦς
3148 4033 3294 4095 ὅντες
3344 4035 3435 4085 νῦν
3475 4030 3562 4085 καὶ
3617 4026 3809 4103 αὔριον
3842 4026 3932 4080 οὐκ

2295 4123 2560 4197 ἐσόμενοι,
2617 4120 2887 4197 ἀνδριάσιν
2928 4119 3071 4176 οὕτω
3121 4124 3210 4175 καί
3261 4118 3534 4195 ἀγάλμασι
3586 4117 3927 4189 τιμᾶσθαιτσ,

2293 4214 2383 4270 καὶ
2440 4216 2513 4276 ὡς
2563 4213 2673 4267 θεοὶ
2726 4213 2889 4286 μόνον
2934 4211 3002 4265 οὐ
3057 4210 3101 4246 7⁷
3131 4210 3539 4285 προσκυνεῖσθαι
3577 4205 3842 4281 βούλεσθε
3868 4204 3928 4271 ⁷⁸,

2296 4304 2385 4359 vati
2435 4302 2562 4367 τοὺς
2604 4302 2679 4362 εἰς
2729 4299 3013 4376 βασιλικάς
3065 4297 3408 4371 ἁμαρτόντας
3474 4297 3679 4366 στήλας
3744 4293 3927 4369 πιχρὸ·

3833 1182 3932 1247 τήν

2293 4417 2426 4451 τατα
2476 4395 2833 4469 τιμωρεῖσθαι
2896 4394 2959 4428 ’⁷9⁸
3012 4392 3074 4446 τὸ
3121 4391 3256 4445 κατά
3304 4391 3400 4452 τὰς
3427 4390 3575 4458 ἱερὰς
3631 4390 3680 4425 ⁸ο
3732 4388 3928 4445 εἰκόνας

2296 4488 2532 4559 Χριστοῦ
2580 4484 2791 4555 τολμᾷν
2852 4481 2950 4536 οὐκ
2993 4480 3067 4541 εἷς
3115 4474 3267 4553 ὕϐριν
3295 4483 3392 4533 τοῦ
3421 4478 3735 4553 ἀρχετύπου
3786 4474 3926 4549 λογί-

549 4558 666 4629 typi
721 4559 904 4629 ipsius
952 4561 1296 4632 exemplaris
1344 4563 1725 4634 ignominiam
1757 4568 1784 4621 ?
1830 4585 2016 4641 neque
2064 4588 2176 4644 eos,

2297 4558 2466 4646 ζεσθε,
2522 4570 2646 4627 οὐδὲ
2702 4568 2829 4631 τοὺς
2884 4570 3014 4645 ὑπὲρ
3064 4568 3259 4623 τούτου
3321 4569 3364 4605 τί
3414 4572 3605 4632 παθεῖν
3664 4566 3918 4638 ἑτοίμους,

547 4647 648 4717 qui
698 4652 833 4702 sunt
894 4649 1078 4719 parati
1137 4666 1236 4719 pro
1294 4667 1360 4707 eo
1411 4654 1525 4724 pati
1575 4657 1790 4726 omnia,
1840 4660 2185 4719 existimatis

544 4736 869 4807 periculum
918 4738 1079 4793 adire
1139 4756 1242 4810 pro
1285 4742 1527 4798 veritate
1560 4744 1587 4796 ?
1632 4746 1851 4801 Deinde
1899 4764 2029 4805 cum
2068 4751 2192 4807 haec

538 4825 660 4895 jam
712 4826 955 4881 dixisset
1010 4833 1249 4900 martyr,
1281 4834 1337 4884 et
1369 4831 1437 4884 de
1488 4831 1645 4888 Mose
1677 4834 1846 4891 vellet
1884 4838 2189 4910 explicare,

546 4915 853 4983 cujusnam
894 4916 1168 4987 jussisset
1226 4935 1339 4975 non
1385 4920 1568 4977 facere
1612 4922 2054 4984 similitudinem
2089 4946 2102 4983 :
2135 4935 2193 4986 et

547 5006 836 5072 quomodo
899 5005 1023 5061 illle
1090 5008 1412 5064 efﬂuxisset
1464 5011 1749 5082 Seraphin
1809 5030 1938 5070 cum
1996 5017 2189 5089 ipsum

546 5092 721 5147 etiam
770 5097 1066 5167 exemplar
1114 5098 1188 5153 sit
1235 5099 1640 5168 incorporeum
1677 5118 1689 5156 :
1724 5101 2044 5176 imperator
2084 5109 2189 5163 ab-

616 5242 673 5313 ϐξ
696 5241 1142 5313 ἀπαυθαδίζεσθαι
1204 5252 1267 5305 D.

544 5310 1017 5404 18Ha’2‘wowzn(sic:a
1035 5320 1113 5385 C.)
1159 5321 1235 5404 "‘9
1291 5310 1558 5404 Μι-ρυσέρέ
1736 5310 2089 5404 τοοποέἐτήὲῂ

547 5378 899 5465 Ξάλλετελῐΐξ
972 5389 1017 5423 ’⁷³
1080 5378 1319 5443 στὸλῶν
1352 5396 1411 5449 F-
1474 5378 1549 5430 ἀπ’
1580 5378 1774 5465 ⁸ιᾶσσης

541 5451 587 5485 ⁷⁸
614 5453 847 5519 τιμᾶσθε
878 5461 937 5508 Β.
974 5458 1030 5512 C.
1064 5466 1129 5513 D.
1169 5464 1227 5514 E.
1261 5464 1322 5517 F.

531 5519 948 5644 gulpwpezaee
978 5528 1039 5583 B.
1074 5531 1132 5586 ο.
1167 5531 1233 5584 1).
1267 5536 1329 5588 a.
1365 5535 1423 5589 F.
1502 5519 1674 5605 δυ’ἰῆξ

1345 5250 1393 5285 ⁸⁵
1430 5250 1739 5327 ἀρνήσομαι
1791 5261 1849 5313 C.
1892 5260 1951 5314 C.
2014 5262 2079 5317 D.
2133 5265 2193 5317 E.
2235 5264 2296 5319 F.
2340 5283 2397 5317 σε
2446 5282 2561 5320 om.
2623 5264 2685 5319 B.
2746 5265 2786 5320 F

2162 5405 2225 5459 Ε·
2284 5406 2344 5460 F.

1419 5464 1463 5500 ⁷⁷
1494 5466 1616 5540 οὐχὶ
1651 5476 2040 5593 προσκυναῖσοε
2070 5476 2127 5529 C.
2166 5475 2394 5545 μονονοὺ
2426 5483 2482 5533 F.

1419 5578 1423 5588 .
1502 5538 1550 5571 ⁸ο
1576 5543 1674 5593 τῆς
1721 5546 1843 5593 εοᾶς
1873 5542 2081 5593 εἷκόνος
2120 5544 2184 5593 Β-
2244 5548 2303 5593 α-
2338 5547 2404 5593 Π-
2440 5550 2482 5593 li!

1721 5546 1843 5613 ερᾶς
1873 5542 2081 5603 εἷκόνος
2120 5542 2184 5602 Βζ
2244 5548 2303 5603 C.
2338 5547 2405 5605 D.
2440 5550 2501 5605 E.
2535 5549 2596 5604 F.

2296 4665 2467 4733 αὐτῆς
2521 4658 2952 4738 προκινδυνεύειν
3002 4658 3103 4728 τῆς
3161 4657 3421 4728 ἀληθείας
3468 4656 3765 4730 νομίζετο;
3805 4655 3913 4709 Ῐῖῖτα

2304 4747 2677 4811 ὑπολαϐόντος
2744 4747 2933 4804 αὐτίκα
2995 4752 3092 4803 τοῦ
3154 4747 3450 4823 μάρτυρος,
3528 4746 3620 4800 καὶ
3694 4744 3807 4819 περὶ
3832 4744 3920 4794 to?)

2299 4838 2539 4903 Μωσὲως
2590 4836 2932 4912 βουλομένου
2973 4834 3243 4907 διεξιέναι,
3291 4837 3440 4899 τίνος
3493 4856 3552 4890 τε
3608 4837 3685 4907 μή
3758 4835 3927 4889 ποιεῖν

2300 4929 2558 5003 ὁμοίωμα
2608 4925 2900 4999 ἐντείλατο,
2956 4926 3045 4981 καὶ
3107 4927 3257 4987 ’ὁπως
3307 4925 3507 4984 ἐκεῖνος
3579 4924 3645 4977 τά
3706 4922 3939 4998 σεραιιρὶμ

2297 5017 2635 5074 ἐτυπώσατο·
2705 5018 2844 5072 ’ὀπου
2912 5015 2999 5071 καὶ
3056 5016 3119 5071 τὸ
3203 5014 3559 5091 πρωτότυπον
3649 5013 3937 5085 ἀσώματον

2299 5109 2386 5177 ἦν·
2443 5106 2709 5181 ἐπιτεμὼν
2761 5108 2853 5162 τὸν
2880 5104 3046 5180 λόγον
3088 5108 3115 5161 6
3151 5104 3429 5180 βασιλεὺς,
3460 5107 3601 5179 ’Ἄρα
3638 5105 3684 5141 ⁸³
3707 5100 3779 5171 δὴ
3812 5102 3944 5177 πρὸς

2792 5305 2808 5320 .
2908 5264 2952 5299 ⁸⁸
2991 5259 3086 5332 ἕση
3121 5263 3371 5335 proicias
3401 5265 3487 5335 F._
3528 5260 3584 5335 _‘7
3612 5259 3851 5335 γλῷσσα
3890 5262 3949 5318 C.

2280 5337 2340 5409 ρ.
2384 5337 2465 5409 ΕΣΑ
2498 5337 2558 5391 F.
2634 5338 2676 5371 ⁷¹
2712 5334 3030 5409 ,ἐπενεγκεῖν
3075 5328 3160 5409 'F'._
3224 5334 3272 5370 ⁷³
3300 5328 3649 5409 πεὲεϐάλετε
3688 5334 3953 5409 Ο.-περι-

2422 5406 2468 5442 ⁷⁸
2526 5405 2805 5461 στιππύων
2863 5404 2924 5463 Β’.
2974 5404 3236 5460 στυπείων
3278 5410 3335 5464 C.
3372 5404 3438 5462 7F.
3542 5404 3950 5462 στυππείωνἸ)·

2560 5478 2610 5512 ⁷⁸
2637 5476 2784 5532 ἀλλὰ
2829 5478 3259 5550 suprascripsit
3314 5477 3573 5550 secunda
3590 5492 3860 5550 __manus
3885 5483 3951 5539 D.

2671 5551 2715 5589 ¹¹
2767 5540 2941 5603 πάντᾶ
2970 5550 3034 5606 Β.
3094 5540 3162 5607 ΟΣ
3219 5550 3279 5605 D.
3339 5551 3399 5603 E.
3500 5540 3695 5621 ⁸²ὤρα
3758 5549 3827 5605 Β.
3889 5551 3951 5613 C.
