4142 6248
235 353 388 414 11⁸21

1396 349 1584 410 VITA
1629 349 1692 412 S.
1741 347 2074 412 ANDREIE
2118 349 2196 410 IN
2242 349 2467 414 CRISI.

3476 363 3632 424 1122

226 514 354 574 τοὺς
393 513 758 588 περιεστῶτας
815 503 915 586 ἔφη
951 508 998 546 ⁸³
1057 512 1354 584 σωφρονεῖν
1400 511 1589 563 τοῦτον
1619 506 1831 580 διδάξαι
1860 527 1874 542 ’

1993 526 2266 582 rumpens
2315 510 2685 568 orationem:
2737 513 2868 570 Jam
2919 518 3153 589 tempus
3179 523 3284 590 est,
3319 522 3464 579 dixit
3515 525 3628 581 cir-

227 603 318 657 κὰὶ
382 603 484 672 τήν
560 603 805 675 θρασεῖαν
865 597 1194 672 ἀμείψασθαι
1244 596 1491 673 γλῶτταν
1528 599 1595 654 ⁸⁴.
1657 600 1720 655 Εἰ
1775 600 1880 673 γὰρ

231 693 287 746 οἱ
346 689 420 751 είς
483 687 805 765 βασιλικοὺς
875 685 1190 762 ἀνδριάντας
1257 687 1331 750 ὡς
1381 687 1540 749 αὐτός
1578 709 1742 765 φησιν
1795 686 1878 743 ἕν-

232 775 544 854 υϐρίζοντες
605 778 802 852 πικρὰν
860 777 950 831 καὶ
1007 775 1379 852 ἀπαραίτητον
1437 776 1748 853 ὑφίστανται
1787 797 1880 830 τι-

237 867 490 942 μωρίαν·
552 869 579 922 ὁ
647 866 822 928 οὕτως
882 863 1115 927 ἀναιδῶς
1194 864 1283 918 καὶ
1351 865 1586 940 θρασέως
1642 867 1688 901 ⁸⁵
1741 868 1873 938 ἡμῖν

233 957 418 1019 αὐτοῖς
461 959 562 1027 τήν
606 957 802 1030 μιαρὰν
858 953 1080 1030 ἐπαφεὶς
1123 952 1390 1028 γλῶτταν,
1446 953 1566 1009 τίνα
1623 955 1683 1008 ἂν
1743 955 1873 1008 ὑπο-

234 1048 384 1121 σχὼν
433 1043 609 1116 δίκην,
667 1046 764 1113 τήν
834 1043 978 1113 ἀξίαν
1027 1039 1277 1104 δεδωκὼς
1324 1041 1454 1113 εἴης
1513 1042 1698 1104 Οὕτως
1748 1041 1873 1118 ἔφη,

231 1136 320 1190 καὶ
365 1133 602 1210 ὀργίλων
633 1135 679 1169 ⁸⁸
710 1131 866 1193 εὐθὺς
911 1136 989 1203 τῷ
1031 1131 1262 1206 μάρτυρι
1319 1130 1532 1202 ἐνιδὼν,
1563 1134 1660 1202 τήν
1715 1133 1876 1207 χεῖρά

227 1245 288 1280 τε
345 1224 420 1287 ὡς
471 1221 588 1284 ἔθος
638 1223 883 1291 κινήσας,
933 1219 1022 1275 καὶ
1077 1220 1212 1294 μέγα
1268 1221 1605 1295 ἀνακραγὼν,
1663 1243 1876 1294 γυμνω-

229 1315 386 1382 θῆναι
425 1311 636 1368 κελεὺει
691 1313 902 1378 τοῦτον,
936 1309 1050 1364 εἶτα
1090 1308 1178 1364 καὶ
1235 1309 1503 1383 σχοινίοις
1564 1307 1878 1374 διαταθέντα

229 1399 480 1480 σφοδρῶς
521 1399 890 1472 μαστίζεσθαι.

295 1492 350 1546 Ι’.
399 1490 460 1546 Ὁ
540 1486 596 1542 δὲ
655 1485 779 1542 οὐδὲ
837 1486 1008 1549 οὕτως
1067 1486 1249 1563 ἂγενὲς
1315 1508 1367 1542 τι
1424 1488 1468 1524 ⁸⁷
1528 1490 1873 1563 μικρόψυχον

227 1579 426 1650 ὑπέστη
494 1578 628 1654 πρὸς
687 1580 784 1648 τὴν
844 1579 1136 1653 ἀπόφασιν,
1205 1575 1330 1632 οὐδὲ
1400 1578 1665 1651 ἐπέκοψαν
1731 1579 1877 1648 αύτῷ

224 1671 325 1738 τήν
403 1669 712 1742 προθυμίαν
779 1669 832 1722 αἱ
880 1663 1248 1741 προσδόκιμοι
1313 1664 1422 1738 ἤδη
1508 1666 1718 1741 πληγαὶ
1784 1666 1874 1722 καὶ

234 1759 508 1832 μάστιγες,
541 1755 688 1812 ἀλλὰ
726 1755 812 1812 καὶ
866 1755 1063 1828 μείζων
1104 1757 1152 1792 8³
1202 1753 1414 1827 μᾶλλον
1468 1756 1557 1810 καὶ
1615 1754 1876 1830 θερμοτέ-

232 1868 326 1921 ραν
385 1845 632 1916 ἐποίουν,
679 1845 914 1918 καθάπερ
989 1845 1254 1918 πνεύματι
1323 1849 1442 1906 ταῖς
1512 1845 1732 1920 ἀλόγοις
1785 1844 1874 1919 ὀρ·
1908 1885 1962 1949 Β

237 1941 386 2008 μαῖς,
418 1935 508 1990 καὶ
554 1938 624 2008 τῇ
683 1933 884 2007 ἄπειλῇ
936 1937 1033 1988 τοῦ
1095 1937 1421 2008 κρατοῦντος
1477 1934 1879 2006 ἀναπτομὲνήν.

233 2025 297 2082 Ὁ
355 2022 614 2098 βασιλεὺς
673 2021 853 2076 τοίνυν
918 2024 963 2058 ⁸³
1019 2021 1192 2082 οὕτως
1252 2016 1452 2099 ἔχοντα
1501 2021 1593 2076 τὸν
1644 2028 1878 2098 γενναῖον

235 2113 325 2168 καὶ
393 2111 544 2166 οὐδὲν
601 2110 748 2173 ὅλως
829 2107 1280 2166 ὑποδειλιάσαντα
1344 2110 1690 2184 θεασάμενος,
1751 2111 1878 2168 ἀλλ’

237 2201 586 2275 ἑτοιμότερον
627 2200 785 2254 αὐτὸν
842 2201 1130 2273 ὑπομεῖναι
1184 2199 1280 2261 τὰς
1342 2200 1603 2273 μάστιγας
1653 2195 1873 2278 ἔχοντα,

230 2291 265 2359 ἢ
340 2290 540 2345 ἐκεῖνον
598 2289 810 2366 ἀφεῖναι
866 2289 956 2342 τὸν
1018 2286 1180 2364 λόγον
1241 2295 1340 2356 τῆς
1397 2287 1738 2365 ἀποφάσεως,
1788 2289 1876 2343 καὶ

231 2376 494 2451 φοϐηθεὶς
555 2378 771 2453 μᾶλλον
828 2380 1016 2450 αὐτὸς,
1081 2382 1156 2452 μή
1218 2381 1294 2441 εἷς
1352 2385 1540 2453 πεῖραν
1619 2380 1792 2444 ἐλθὼν
1847 2382 1875 2434 ὁ

227 2470 375 2543 ἅγιος
404 2475 502 2536 τῆς
539 2469 791 2543 βασάνου,
833 2465 1016 2522 ἔπειτα
1063 2470 1160 2537 τὴν
1195 2467 1500 2542 ὁμολογίαν
1553 2466 1872 2522 ἐνστατικώ-

227 2581 382 2634 τερος
432 2559 656 2632 γένηται
711 2559 802 2613 καὶ
863 2558 1188 2631 ἄμετάθετος
1242 2561 1344 2626 τήν
1404 2560 1592 2633 ὀργῆν,
1633 2561 1871 2631 καθάπερ

222 2651 289 2704 τὰ
317 2649 660 2725 γενναιότερα
714 2654 821 2703 τῶν
885 2647 1038 2717 ζώων
1095 2649 1232 2720 μετᾶ
1273 2648 1371 2715 τὴν
1421 2646 1664 2722 πληγὴν,
1697 2667 1871 2721 προσ-

226 2743 424 2793 ωπεῖον
458 2738 838 2812 χρηστότητος
879 2733 1110 2804 ὑποδὺς,
1143 2737 1252 2810 Πρὸ
1307 2739 1404 2790 τοῦ
1471 2741 1681 2810 πεῖραν,
1716 2737 1872 2814 φησὶ,

224 2831 334 2882 τῶν
371 2827 617 2900 βασάνων
664 2821 874 2895 λαϐεῖν,
908 2826 1045 2897 πρὸς
1101 2826 1196 2878 τὸν
1243 2823 1487 2896 μάρτυρα
1541 2823 1760 2898 βλέψας,
1794 2828 1874 2894 τῷ

228 2915 480 2987 ἡμετέρῳ
537 2914 768 2968 πεισθεὶς
815 2911 1066 2986 δόγματι,
1096 2915 1205 2965 τῶν
1260 2910 1530 2982 μενόντων
1574 2931 1629 2964 σε
1695 2915 1871 2964 κακῶν

230 3000 570 3058 ἀπαλλάτου.
632 3001 694 3056 Ὀ
753 2997 810 3053 δὲ
867 3003 964 3053 τοῦ
1023 3000 1259 3072 Χριστυῦ
1319 2994 1546 3069 μάρτυς,
1597 2997 1732 3068 πρὸς
1781 2998 1872 3050 τὸν

234 3089 436 3145 οἴκεῖον
489 3086 828 3162 ἀγωνοθέτην
900 3083 1089 3160 διάρας
1161 3085 1287 3146 τοὺς
1346 3083 1686 3160 ὀφθαλμοὺς,
1750 3084 1876 3146 τοὺς

234 3177 579 3252 σωματικοὺς
626 3177 741 3250 ἅμα
787 3175 876 3230 καὶ
922 3174 1049 3236 τοὺς
1088 3176 1184 3242 τῆς
1233 3177 1440 3248 ψυχῆς,
1471 3173 1560 3226 καὶ
1611 3172 1872 3246 ἄτρεπτον

1986 601 2437 667 cumstantibus,
2495 602 2696 658 docere
2752 619 2886 660 eum
2947 619 3075 662 esse
3139 611 3503 668 moderatum
3560 629 3627 671 ac

1985 695 2438 761 temperantem,
2478 697 2534 748 et
2555 694 2882 749 temerariae
2913 694 3072 752 illius
3094 697 3304 769 linguae
3337 703 3542 759 referre
3574 705 3624 760 ei

1985 780 2253 850 gratiam.
2291 780 2350 835 Si
2395 780 2550 836 enim
2584 781 2622 836 ii
2653 783 2756 852 qui
2789 783 2979 854 regias
3023 788 3271 855 statuas,
3305 797 3364 844 ut
3393 791 3518 864 ipse
3544 794 3625 848 di-

1986 869 2086 934 cit,
2121 868 2333 938 injuria
2363 869 2652 934 afficiunt,
2684 871 2957 926 acerbum
2998 877 3055 928 et
3094 873 3444 934 inexorabile
3491 897 3628 952 sup-

1984 957 2222 1029 plicium
2253 957 2526 1029 subeunt,
2559 958 2661 1029 qui
2703 960 2842 1014 adeo
2874 961 3238 1032 impudenter
3266 973 3318 1020 et
3350 968 3624 1026 audacter

1983 1046 2321 1102 sceleratam
2388 1048 2448 1101 in
2512 1063 2616 1104 nos
2664 1047 2925 1120 linguam
2989 1051 3272 1118 immittit,
3333 1073 3614 1126 quasnam

1985 1135 2152 1192 luens
2185 1152 2406 1207 poenas,
2451 1137 2726 1206 punietur
2777 1154 2878 1206 pro
2928 1139 3198 1196 meritis?
3228 1143 3320 1197 Sic
3367 1145 3531 1213 dixit,
3563 1152 3620 1202 et

1985 1223 2130 1279 irato
2153 1226 2314 1280 vultu
2339 1229 2650 1295 martyrem
2687 1227 2880 1281 statim
2905 1227 3162 1295 intuens,
3195 1235 3252 1286 et
3284 1249 3519 1289 manum
3553 1237 3624 1292 de

1987 1329 2144 1367 more
2174 1329 2428 1378 movens,
2463 1317 2521 1366 et
2567 1311 2736 1368 valde
2769 1314 3124 1384 exclamans,
3157 1334 3287 1374 eum
3309 1321 3481 1391 jubet
3511 1340 3624 1380 nu-

1987 1400 2133 1466 dari,
2163 1401 2373 1456 deinde
2401 1401 2574 1456 etiam
2620 1406 2924 1459 extensum
2977 1405 3214 1462 funibus
3257 1409 3624 1468 vehementer

1987 1487 2290 1558 ﬂagellari.

2055 1579 2128 1632 X.
2163 1577 2264 1634 Ille
2293 1580 2484 1634 autem
2533 1593 2605 1633 ne
2644 1578 2727 1633 sic
2777 1579 3012 1651 quidem
3056 1581 3265 1652 pusillo
3295 1588 3352 1640 et
3398 1586 3619 1658 abiecto

1987 1667 2180 1722 animo
2213 1682 2274 1721 se
2321 1666 2502 1738 gessit
2543 1668 2812 1723 adversus
2845 1671 3192 1726 sententiam
3227 1689 3240 1728 :
3277 1690 3464 1746 neque
3493 1677 3620 1746 ejus

1985 1762 2318 1826 promptum
2363 1755 2542 1811 animi
2591 1757 2844 1812 studium
2897 1760 3286 1832 retardarunt,
3321 1779 3446 1832 quae
3494 1766 3620 1834 jam

1985 1845 2468 1914 exspectabantur
2511 1843 2690 1915 plagae
2731 1848 2786 1900 et
2831 1845 3108 1916 ﬂagella:
3157 1851 3257 1904 sed
3317 1851 3371 1905 id
3433 1853 3622 1922 majus

1987 1933 2304 1989 reddebant
2354 1935 2410 1988 et
2455 1933 2776 2004 ardentius,
2809 1941 2866 1988 ut
2897 1935 3044 2003 quod
3079 1937 3288 2006 spiritu
3319 1939 3622 1997 irrationa-

1989 2022 2203 2078 bilibus
2250 2019 2702 2092 appetitionibus
2747 2027 2806 2078 et
2867 2022 3248 2093 imperatoriis
3308 2025 3482 2081 minis
3530 2045 3623 2084 ac-

1987 2112 2352 2167 cenderetur.
2391 2109 2536 2165 Cum
2586 2126 2722 2182 ergo
2774 2111 3088 2182 imperator
3133 2114 3372 2171 vidisset
3421 2117 3504 2172 sic
3560 2133 3624 2174 se

1987 2200 2296 2254 habentem
2343 2198 2532 2254 virum
2575 2201 2803 2265 fortem,
2836 2204 2892 2254 et
2937 2199 3084 2255 nihil
3134 2201 3370 2259 omnino
3423 2205 3622 2260 formi-

1988 2289 2220 2343 dantem
2258 2303 2270 2342 :
2303 2288 2400 2342 sed
2454 2303 2584 2344 esse
2640 2288 2876 2343 omnino
2937 2289 3281 2359 paratiorem
3332 2291 3622 2348 sustinere

1988 2375 2237 2446 ﬂagella,
2261 2391 2438 2446 quam
2463 2375 2754 2432 dimittere
2782 2374 2942 2431 illam
2967 2377 3248 2433 rationem
3280 2381 3579 2435 sententiae
3606 2397 3620 2436 :

1985 2463 2222 2534 timens,
2255 2479 2326 2518 ne
2374 2465 2422 2518 si
2477 2464 2602 2534 ipse
2651 2467 2888 2519 sanctus
2927 2466 3201 2520 tormenti
3232 2465 3442 2523 taceret
3473 2469 3624 2538 peri-

1987 2553 2209 2620 culum,
2245 2552 2405 2607 ﬁeret
2459 2553 2595 2608 inde
2647 2553 2704 2607 in
2763 2552 3130 2609 confessione
3167 2557 3539 2624 constantior,
3573 2561 3631 2612 et

1987 2639 2228 2694 minime
2285 2639 2510 2694 traduci
2568 2643 2783 2710 posset,
2821 2643 3109 2710 quomodo
3141 2643 3312 2697 fortia
3351 2643 3629 2700 animalia

1984 2732 2117 2800 post
2175 2727 2456 2799 plagam:
2519 2727 2770 2784 induens
2837 2745 3139 2799 personam
3204 2731 3624 2803 benignitatis:

1983 2818 2356 2888 Priusquam,
2389 2817 2604 2888 inquit,
2635 2817 2812 2874 facias
2837 2818 3154 2888 periculum
3183 2824 3626 2890 tormentorum,

1984 2908 2056 2961 ad
2127 2911 2438 2977 martyrem
2501 2907 2810 2977 aspiciens,
2873 2912 3070 2964 nostro
3128 2915 3326 2979 pareto
3377 2912 3626 2978 decreto,

1985 2996 2232 3050 liberare
2276 2996 2348 3050 ab
2393 2995 2484 3062 iis,
2519 3012 2648 3066 qua:
2693 3001 2749 3052 te
2793 3001 3146 3067 exspectant,
3182 2999 3370 3056 malis.
3419 3001 3630 3072 Martyr

1985 3089 2177 3139 autem
2235 3084 2470 3150 Christi,
2531 3087 2597 3140 ad
2671 3103 2846 3142 suum
2900 3087 3310 3158 agonothetam
3380 3090 3630 3146 sublatis

1993 3171 2178 3228 oculis
2207 3178 2326 3226 tam
2378 3174 2657 3242 corporis,
2689 3191 2864 3244 quam
2894 3177 3123 3242 animm,
3165 3193 3298 3232 cum
3339 3178 3449 3233 sibi
3479 3171 3633 3234 esset

243 3233 248 3234 ⁷
319 3233 330 3252 Ι
566 3233 578 3241 ¹
666 3233 675 3250 |
1036 3233 1046 3236 '
1143 3233 1152 3242 ¹
1171 3233 1180 3235 ‘
1247 3233 1256 3248 ι
1313 3233 1350 3247 Π-
1375 3233 1385 3241 ·
1406 3233 1439 3244 ’1
1680 3233 1690 3246 I

235 3270 412 3340 ἑαυτῷ
448 3267 538 3320 καὶ
592 3265 809 3325 ἀκλινές
851 3264 912 3318 τὸ
955 3267 1062 3318 τῶν
1095 3263 1250 3318 θείων
1284 3262 1512 3316 εἰκόνων
1563 3255 1809 3334 σέϐασμα
1836 3263 1884 3299 9°

1995 3267 2262 3335 precatus
2315 3261 2541 3317 ﬁrmam
2572 3269 2628 3316 et
2657 3263 3079 3320 immutabilem
3111 3267 3438 3321 divinarum
3481 3269 3630 3322 ima-

235 3357 545 3428 εὐξάμενος,
588 3355 698 3409 εἶτα
744 3353 834 3408 καὶ
891 3353 1040 3407 κάτω
1103 3351 1316 3421 νεύσας,
1359 3351 1448 3406 καὶ
1493 3356 1572 3423 τῷ
1637 3351 1884 3425 τυράννῳ

237 3446 430 3520 μικρὸν
485 3445 582 3506 τὰς
647 3439 794 3516 ὄψεις
861 3436 1246 3517 περιϐαλὼνθι
1278 3457 1292 3471 ·
1347 3441 1414 3494 Ὦ
1479 3439 1722 3514 βασιλεῦ,
1757 3436 1882 3518 ἔφη,

231 3533 358 3594 τοὺς
405 3533 541 3588 κατὰ
603 3526 889 3607 βαρϐάρων
947 3527 1232 3602 πολέμους
1292 3527 1467 3601 ἀφεὶς,
1499 3529 1588 3582 καὶ
1623 3529 1722 3596 τὴν
1774 3531 1882 3582 τῶν

231 3625 534 3677 πολιτικῶν
562 3619 894 3694 πραγμάτων
927 3615 1274 3688 οἷ’κονομίαν,
1299 3616 1431 3682 ὅλην
1483 3616 1556 3676 ὡς
1614 3617 1724 3690 ὁρῶ
1779 3617 1880 3684 τὴν

234 3707 482 3778 σπουδὴν
513 3709 650 3762 κατὰ
679 3709 920 3780 Χριστοῦ
970 3704 1194 3760 καὶτῶν
1241 3703 1407 3758 αὐτοῦ
1457 3701 1671 3758 δούλων
1725 3724 1882 3782 φανε-

239 3803 347 3871 ρῶς
378 3796 554 3862 εἷ’λου,
585 3793 674 3850 καὶ
716 3799 886 3849 ταῦτα
925 3797 1116 3861 ποιῶν,
1151 3794 1240 3847 οἷα
1269 3795 1314 3828 ⁸³
1347 3808 1360 3820 ·
1395 3793 1462 3846 τά
1508 3798 1608 3860 τῆς
1641 3793 1883 3865 Ῥωμαῖ-

238 3895 340 3957 κῆς
405 3887 646 3958 ἔξουσίας
723 3884 774 3939 ἐν
848 3884 1042 3959 εἴρήνῃ
1117 3889 1363 3958 σκῆπτρα
1429 3880 1752 3958 διενεγκεῖν;
1813 3885 1880 3940 Ἦ

237 3977 404 4052 τάχα,
447 3973 602 4032 οὐδὲν
655 3977 753 4044 τὴν
823 3977 920 4028 τοῦ
979 3972 1176 4048 Κυρίου
1225 3975 1270 4008 ⁹²
1331 3971 1504 4046 κρίσιν
1553 3968 1722 4047 φοϐῇ,
1756 3971 1882 4028 οὐδὲ

237 4070 345 4121 τῶν
375 4071 481 4120 σῶν
523 4063 764 4136 πράξεων
799 4061 1001 4117 ἐκεῖνον
1033 4060 1301 4135 ἀναμένῃς
1335 4063 1382 4098 9³
1413 4061 1728 4132 ἐξεταστήν;

313 4155 417 4212 ΙΑ’.
474 4154 736 4210 Ἐνταῦθα
791 4153 878 4206 καὶ
939 4154 974 4221 ἡ
1042 4150 1374 4211 ἐπίπλαστος
1453 4155 1550 4206 τοῦ
1613 4152 1880 4225 βασιλέως

241 4242 519 4318 ἡμερότης
557 4240 854 4316 ἠλέγχετο,
888 4239 978 4295 καὶ
1029 4241 1064 4308 ἡ
1117 4237 1396 4314 ὑπόκρισις
1428 4237 1750 4313 ἐγυμνοῦτο,
1789 4239 1881 4293 καὶ

238 4339 338 4402 τῆς
390 4332 654 4402 contego;
716 4328 1144 4404 ἐκκαλυφθείσης
1195 4323 1511 4396 θηριωδίας,
1546 4324 1882 4404 σφοδρότατα

242 4421 271 4474 ὁ
329 4421 532 4491 μάρτυς
596 4423 712 4479 τοῖς
771 4420 816 4454 ³⁸
875 4414 1200 4490 βουνεύμοις
1257 4411 1490 4483 ἐξαίνετο
1525 4433 1537 4448 ·
1588 4415 1637 4468 οἱ
1700 4415 1882 4486 μέντοι

241 4511 572 4582 περιστῶτες
608 4507 699 4561 τὸν
745 4508 840 4559 τοῦ
893 4501 1162 4578 βασιλέως
1215 4501 1388 4574 θυμὸν
1429 4501 1734 4575 θεραπεύειν
1775 4502 1884 4567 ἐθέ-

245 4596 456 4665 λοντες,
525 4597 576 4649 οἱ

245 4683 464 4758 πληγὰς
523 4683 752 4758 ἐπῆγον,
782 4683 872 4738 καὶ
931 4679 1104 4742 οὕτως
1157 4681 1347 4753 ὠμῶς,
1383 4681 1520 4735 ὥστε
1547 4681 1634 4735 καὶ
1696 4682 1891 4756 ῥύακας

249 4771 482 4848 αἳματος
529 4772 589 4828 ἐκ
633 4776 731 4828 τοῦ
782 4769 972 4844 τιμίου
1011 4767 1212 4824 ἐκείνου
1265 4769 1584 4846 κατάγεσθαι
1612 4771 1657 4806 ⁸⁵
1704 4771 1890 4845 σώμα-

249 4881 388 4926 τος·
435 4860 524 4915 καὶ
581 4861 642 4915 τὸ
710 4857 1060 4932 ὑποκείμενον
1125 4855 1319 4935 ἔδαφος
1378 4857 1740 4935 φοινίσσεσθαι
1803 4856 1892 4913 διὰ

256 4951 496 5027 βάθους·
558 4950 609 5004 οἱ
668 4945 746 5019 δὲ,
791 4949 882 5003 καὶ
957 4945 1336 5020 ἀναιρούμενοι
1390 4947 1456 5001 τὰ
1515 4945 1638 5022 ξίφη
1687 4945 1892 5023 διαχει-

255 5039 493 5115 ρίζεσθαι
530 5038 621 5093 τὸν
651 5037 898 5108 ἀθλητὴν
929 5035 1154 5110 ὥρμων.

327 5125 672 5186 ΙΒ’.ΙΙοΛλοί
735 5125 824 5180 καὶ
883 5123 1070 5187 λίθους
1129 5121 1218 5177 ἐπὶ
1275 5120 1434 5177 αὐτὸν
1491 5119 1750 5192 ἔϐαλλον,
1799 5123 1890 5178 καὶ

251 5218 424 5274 πάντα
471 5215 670 5290 τρόπον
732 5209 1028 5284 ἐξύϐριζον,
1057 5212 1158 5267 οὐκ
1205 5209 1426 5281 ἐκεῖνον,
1459 5209 1588 5266 ἀλλ’
1617 5210 1838 5278 ἑαυτούς
1870 5234 1885 5248 ·

322 5441 367 5477 ⁸³
395 5439 522 5511 εἶπε.
566 5455 670 5511 pro
711 5431 810 5511 ἔφη
843 5437 927 5511 _D.

251 5512 298 5586 ⁸7
353 5503 908 5586 ἆγεννὶςέΒᾏΟξᾉΒ.
941 5507 1031 5586 _E.
1177 5503 1298 5586 ’καὶ

253 5585 296 5620 9°
353 5576 510 5640 σέϐας
569 5582 626 5636 C.
689 5581 754 5636 D.
817 5584 877 5634 E.
936 5579 996 5634 Ρ.

1439 5505 1498 5558 Γ.
1549 5506 1614 5562 D.
1667 5508 1729 5562 F.

1003 5435 1051 5510 βδ
1091 5431 1356 5510 γλῶσσαν
1395 5435 1476 5510 1“L
1531 5434 1583 5510 ’ξ
1619 5432 1846 5510 ὁᾷοῧτῳῗ
1869 5435 1958 5491 καὶ
1990 5432 2407 5510 Αθρασέωςᾼὴμξν
2554 5433 2616 5510 _3‘

1071 5507 1142 5546 —¥
1186 5507 1276 5556 καὶ
1326 5507 1387 5561 Β.
1439 5507 1498 5558 Γ.
1549 5507 1614 5562 D.
1667 5508 1729 5562 F.
1805 5507 1852 5543 ⁸⁸
1910 5507 2079 5578 μείζω
2128 5509 2188 5563 Β.
2241 5507 2422 5564 ΟέΙ).
2453 5507 2516 5560 Ε.
2553 5507 2608 5560 F.

1071 5576 1114 5612 91
1175 5568 1449 5628 ἐπιϐαλὼν
1509 5581 1571 5630 Β.
1623 5577 1682 5634 C.
1737 5585 1804 5636 D.
1859 5584 1919 5636 Ε,
1971 5581 2031 5636 F.
2108 5579 2172 5615 “-
2223 5575 2326 5631 οἷέι
2372 5577 2438 5630 τὰ
2475 5578 2535 5632 C.
2581 5578 2608 5632 Ε

1992 3351 2196 3424 ginum
2253 3351 2700 3417 venerationem,
2741 3355 2799 3406 et
2857 3352 3064 3407 deinde
3121 3354 3296 3408 etiam
3353 3356 3627 3410 deorsum

1991 3441 2331 3512 aspexisset,
2365 3446 2422 3496 et
2467 3441 2528 3495 in
2589 3444 2901 3512 tyrannum
2961 3457 3170 3512 parum
3203 3442 3402 3498 oculos
3432 3445 3631 3514 conje-

1993 3531 2215 3586 cisset:
2263 3530 2306 3585 Ο
2355 3530 2690 3602 imperator,
2741 3528 2952 3600 inquit,
3002 3529 3202 3586 missis
3246 3531 3433 3598 bellis,
3500 3548 3631 3604 quae

1992 3634 2224 3690 gereres
2255 3625 2454 3674 contra
2483 3617 2784 3686 barbaros,
2815 3621 2872 3672 et
2917 3619 3173 3674 civilium
3222 3636 3414 3675 rerum
3445 3621 3633 3676 admi~

1992 3706 2356 3772 nistratione,
2393 3709 2600 3772 totum,
2631 3709 2692 3760 ut
2737 3705 2926 3770 video,
2960 3711 3155 3776 aperte
3189 3711 3350 3762 tuum
3393 3709 3634 3778 posuisti

1992 3795 2254 3850 studium
2303 3797 2506 3850 contra
2551 3793 2848 3850 Christum
2881 3801 2935 3849 et
2988 3795 3113 3864 ejus
3161 3811 3394 3852 servos:
3428 3802 3484 3852 et
3515 3798 3634 3852 haec

1991 3899 2192 3955 agens,
2223 3883 2524 3940 existimas
2570 3890 2622 3938 te
2673 3899 2840 3954 posse
2895 3882 2953 3938 in
3001 3898 3140 3953 pace
3181 3889 3378 3940 tenere
3409 3889 3637 3957 sceptra

1989 3972 2232 4028 Romani
2278 3971 2552 4043 imperii?
2579 3972 2871 4043 Numquid
2905 3988 2977 4027 ne
3028 3971 3128 4027 Dei
3178 3973 3412 4043 quidem
3457 3974 3632 4030 times

1982 4062 2294 4133 judicium,
2323 4077 2512 4132 neque
2543 4060 2708 4116 illum
2743 4067 2977 4117 tuorum
3013 4063 3292 4118 factorum
3325 4069 3628 4133 exspectas

1992 4150 2448 4205 examinatorem
2479 4147 2506 4202 ?

2063 4237 2165 4292 XI.
2199 4236 2316 4291 Hoc
2349 4235 2408 4289 in
2441 4234 2566 4289 loco
2597 4234 2862 4289 convicta
2915 4235 3020 4289 fuit
3079 4237 3213 4291 ficta
3253 4237 3635 4293 mansuetudo

1992 4323 2366 4396 imperatoris
2401 4340 2413 4378 :
2461 4327 2518 4379 et
2566 4325 2768 4394 aperta
2797 4323 2908 4378 fuit
2936 4323 3230 4380 simulatio
3264 4342 3438 4381 :nam
3469 4327 3664 4383 solita:

1991 4414 2213 4470 detecta
2242 4412 2483 4480 feritate,
2515 4419 2733 4483 martyr
2773 4412 3285 4469 vehementissime
3314 4415 3638 4472 credebatur

1989 4503 2169 4558 boum
2203 4501 2415 4558 nervis.
2451 4500 2560 4564 Qui
2593 4507 2790 4556 autem
2822 4501 3350 4572 circumsistebant,
3380 4503 3636 4560 volentes

656 4603 750 4666 μὲν
821 4593 1038 4647 τύπτειν
1107 4591 1511 4666 ἐπιτραπέντες,
1572 4592 1740 4664 ὠμῶς
1795 4593 1889 4656 τὰς

1999 4593 2097 4648 irae
2129 4591 2280 4663 regis
2311 4605 2530 4646 morem
2561 4605 2781 4661 gerere,
2815 4590 3027 4662 partim
3059 4591 3296 4662 quidem
3320 4593 3474 4663 jussi
3507 4609 3633 4647 ver-

2001 4682 2222 4749 berare,
2255 4679 2458 4752 plagas
2490 4677 3210 4748 crudeliterintentabant,
3243 4685 3298 4735 et
3329 4681 3471 4737 adeo
3511 4697 3640 4736 cru-

1999 4769 2223 4838 deliter,
2256 4773 2321 4824 ut
2371 4769 2620 4824 ﬂuerent
2651 4767 2754 4822 rivi
2787 4767 3090 4840 sanguinis
3140 4785 3210 4824 ex
3242 4769 3487 4839 pretioso
3536 4769 3637 4826 illo

1997 4875 2258 4931 corpore,
2281 4861 2337 4913 et
2357 4857 2684 4928 subjectum
2708 4855 2896 4912 solum
2919 4855 3032 4911 alte
3051 4857 3212 4911 ﬁeret
3239 4872 3592 4926 purpureum
3619 4874 3634 4913 :

1998 4948 2202 5018 partim
2249 4953 2436 5003 autem
2477 4943 2704 5017 gladios
2740 4944 3087 5017 accipientes
3125 4944 3426 5002 irruebant
3457 4947 3526 5002 ad
3549 4947 3638 5003 in-

1998 5037 2400 5094 terﬁciendum
2431 5035 2700 5090 athletam
2713 5075 2726 5088 .

2067 5125 2196 5181 XII.
2231 5123 2393 5180 Multi
2425 5124 2602 5178 etiam
2633 5121 2856 5193 lapides
2887 5121 2946 5177 in
2991 5121 3187 5194 ipsum
3229 5121 3553 5193 jaciebant,
3577 5127 3634 5180 et

1997 5215 2268 5273 omnibus
2301 5213 2489 5271 modis
2535 5212 2753 5284 injuria
2791 5211 3115 5268 efﬁciebant
3145 5227 3263 5268 non
3313 5211 3499 5282 illum,
3531 5215 3634 5271 sed

2655 5432 2884 5540 6597920
2913 5435 2976 5540 Βἰ
3018 5431 3244 5526 όργίλνον
3285 5435 3342 5491 C.
3377 5434 3536 5516 D._E.

2711 5504 2744 5541 θ’
2828 5504 3078 5580 βασιλεὺς
3099 5504 3426 5580 τοίνυνλοω.
3452 5506 3533 5580 in.

2581 5578 2642 5634 D.
2675 5579 2737 5634 E.
2781 5577 2840 5634 Ἐξ
2918 5580 2962 5615 ⁹²
2999 5582 3096 5633 τοῦ
3127 5581 3257 5632 Θεοῦ
3289 5578 3349 5632 Β.
3383 5580 3438 5631 C.
3473 5577 3541 5632 D.
3573 5577 3632 5631 F.

2108 5579 2172 5615 θί-
2223 5575 2326 5631 οἷέι
2372 5577 2438 5630 τὰ
2475 5578 2535 5632 C.
2581 5578 2642 5633 D.
2675 5579 2737 5633 E.
2781 5575 2840 5633 ΡΖ
2918 5580 2962 5615 ⁹²
2999 5582 3096 5633 τοῦ
3127 5581 3257 5632 Θεοῦ
3289 5578 3349 5632 Β.
3383 5580 3438 5631 C.

255 5655 300 5690 9³
329 5651 610 5726 ἀναμένεις
641 5653 702 5708 Β.
735 5654 794 5708 C.
829 5651 894 5706 D.
929 5649 987 5706 E.
1022 5647 1082 5705 Ρ.
1157 5645 1205 5681 9⁸
1243 5650 1358 5705 τοῖς
1399 5662 1516 5702 om°
1550 5649 1612 5703 F.
1689 5649 1734 5685 ³⁵
1770 5649 1894 5707 ἐκείι

2012 5650 2330 5725 κατάγεσθαι
2363 5664 2480 5704 om.
2513 5649 2576 5704 D.
