4142 6248
507 308 661 370 1123

1840 291 2119 356 MENSIS
2164 287 2540 352 OCTOBER.

3749 279 3924 346 1124

502 469 748 541 seipsos,
773 467 852 522 sic
876 465 1108 538 quidem
1137 463 1278 536 regi,
1303 461 1404 536 qui
1427 464 1516 518 est
1535 461 1606 517 ad
1629 461 1877 531 tempus,
1902 458 2136 514 studen-

2269 448 2566 514 ιπεόδοντες
2601 452 2696 524 μέν
2749 446 2922 512 οὕτως
2953 447 3283 514 οἳκειοῦσθαι
3322 447 3540 525 βασιλεῖ
3586 449 3922 524 προσκαίρῴ

504 565 592 616 tes
647 558 948 628 conjungi,
991 557 1228 612 omnino
1286 558 1480 610 autem
1537 553 1872 623 ignorantes
1929 549 2145 616 miseri,

507 654 788 720 quantum
823 646 948 702 haec
981 650 1215 716 agentes
1244 660 1306 700 se
1333 641 1534 712 procul
1563 658 1595 694 a
1616 640 1731 696 Deo
1764 643 2142 707 removerent,

508 744 566 794 et
598 737 828 808 qualem
861 735 920 789 in
975 738 1209 804 tempus
1237 732 1446 803 judicii
1475 729 1561 785 illi
1596 729 1831 802 quidem
1867 727 2146 798 laetitiam,

507 827 619 883 sibi
651 830 846 880 autem
880 825 1165 894 lacrymas
1191 827 1246 878 ct
1268 821 1492 877 dolores
1524 817 1925 875 miserabiliter
1947 832 2150 872 recon-

508 915 727 970 derent.
762 913 873 968 Sed
898 912 1215 982 imperator
1238 911 1500 965 movebat
1522 924 1752 963 omnem
1788 906 2060 977 lapidem,
2085 908 2150 959 ut

507 1006 706 1074 posset
761 1006 1030 1056 sanctum
1085 1001 1143 1054 in
1186 1016 1292 1054 sua
1341 998 1552 1053 habere
1603 999 1908 1068 potestate.
1945 993 2147 1050 Nescio

506 1091 662 1148 enim
698 1091 1014 1162 quomodo,
1046 1089 1153 1144 etsi
1185 1091 1340 1142 esset
1372 1086 1674 1155 insipiens,
1709 1100 1823 1138 non
1847 1083 2150 1152 ignorabat

507 1187 715 1245 tamen,
749 1179 857 1232 hac
890 1179 948 1232 in
981 1193 1038 1232 re
1069 1177 1300 1245 quidem
1334 1178 1487 1228 certe
1514 1189 1576 1228 se
1601 1171 1894 1243 sapienter
1921 1186 2149 1241 gerens,

511 1269 634 1323 tore
666 1273 730 1322 ut
761 1268 809 1322 si
841 1266 941 1321 illo
974 1267 1273 1336 potiretur,
1307 1262 1521 1318 multos
1553 1262 1696 1318 alios
1719 1278 1787 1316 ex
1817 1260 2152 1316 orthodoxis

519 1358 714 1414 statim
774 1359 1019 1428 caperet,
1074 1371 1202 1410 eum
1274 1358 1551 1424 tanquam
1603 1356 1779 1423 caput
1833 1367 2042 1421 corpus
2099 1352 2156 1404 et

511 1445 775 1501 membra
823 1447 1269 1513 consequentes.
1303 1441 1431 1497 Haec
1473 1457 1604 1496 cum
1640 1440 1736 1495 ille
1767 1439 1960 1507 sciret,
1985 1438 2156 1509 jubet

507 1535 702 1606 ipsum
735 1549 938 1589 rursus
971 1530 1212 1588 relaxari
1247 1547 1280 1585 a
1311 1529 1521 1602 plagis,
1553 1532 1608 1584 et
1661 1544 1865 1583 rursus
1915 1543 2150 1597 persua-

510 1625 673 1679 sione
704 1627 760 1678 et
791 1625 1069 1694 praetextu
1097 1619 1503 1675 benevolentiae
1531 1635 1662 1674 eum
1689 1617 1923 1688 aggredi
1955 1621 2152 1670 lental.

511 1713 658 1767 Cum
690 1727 822 1766 eum
855 1725 990 1780 ergo
1021 1712 1282 1764 curasset
1312 1723 1485 1777 prope
1514 1707 1861 1765 sistendum,
1895 1708 1952 1759 et
1981 1721 2156 1759 suum

513 1814 844 1856 sermonem
877 1796 1179 1852 molliisset
1210 1796 1522 1867 plusquam
1556 1794 1770 1859 oleum,
1801 1797 2031 1847 acutum
2076 1796 2155 1846 ta-
2187 1826 2241 1891 Β

514 1906 646 1945 men
685 1887 950 1959 jaculum
1003 1889 1277 1940 adversus
1335 1885 1484 1954 pios,
1515 1887 1572 1938 et
1603 1887 1838 1939 acutum
1872 1881 2152 1952 gladium,

515 1985 824 2050 postquam
856 1975 1000 2030 vidit
1050 1975 1242 2029 virum
1301 1989 1373 2028 ne
1404 1972 1700 2028 tantillum
1733 1972 1966 2042 quidem
2016 1969 2154 2031 illici

516 2064 836 2135 blanditiis,
869 2065 969 2118 scd
1029 2078 1160 2116 cum
1215 2062 1431 2130 majore
1471 2060 1700 2116 dicendi
1737 2060 1999 2114 libertate
2029 2059 2157 2128 ejus

519 2171 762 2227 arguere
793 2152 1136 2222 amentiam,
1169 2152 1428 2222 deposita
1473 2149 1638 2222 pelle,
1671 2154 1794 2206 erat
1832 2150 2001 2218 lupus
2036 2164 2157 2202 ma-

516 2246 790 2301 nifestus.
843 2242 1140 2312 Jussitque
1196 2239 1492 2304 lapidibus
1547 2237 1832 2310 confringi
1892 2235 2157 2293 maxillas

522 2332 817 2404 martyris,
839 2329 961 2385 haac
1001 2329 1248 2384 reddens
1280 2344 1382 2398 pro
1413 2327 1626 2396 verbis,
1659 2327 1872 2398 quibus
1901 2342 2001 2382 cor
2031 2327 2157 2395 ejus

522 2423 708 2476 fuerat
754 2417 1216 2475 consauciatum.
1251 2417 1354 2471 Ille
1401 2420 1595 2471 autem
1648 2419 1768 2471 erat
1812 2415 1979 2487 plane
2011 2417 2159 2471 alius

515 2511 866 2582 Stephanus,
901 2509 994 2576 iis,
1030 2507 1129 2579 qui
1162 2506 1246 2560 illi
1299 2505 1578 2575 injuriam
1618 2505 1926 2574 faciebant,
1960 2523 2158 2577 preces

519 2600 785 2654 reddens.

586 2688 742 2742 XIII.
794 2685 1010 2741 Deinde
1052 2687 1360 2755 martyrem
1393 2682 1628 2754 quidem
1661 2681 1996 2753 imperator,
2031 2686 2158 2737 tan-

513 2792 687 2848 quam
740 2791 899 2829 reum
954 2773 1405 2828 condemnatum
1443 2771 1603 2826 misit
1633 2787 1832 2826 rursus
1875 2772 1932 2824 in
1965 2776 2159 2826 custo-

516 2866 674 2920 diam
709 2880 721 2919 :
756 2864 856 2918 sed
889 2862 1191 2932 ignorabat
1238 2877 1299 2915 se
1329 2861 1422 2930 iis,
1458 2860 1555 2931 qui
1597 2860 1656 2916 in
1696 2876 1762 2914 ea
1794 2860 2157 2926 habitabant,

517 2952 859 3010 Christianis
879 2951 1042 3007 valde
1067 2955 1400 3022 promptum
1429 2951 1655 3006 mittere
1677 2951 1991 3005 doctorem.
2018 2952 2162 3005 Gau-

520 3043 692 3098 debat
750 3043 873 3111 ipsc
921 3043 1114 3094 autem
1174 3054 1423 3109 quoque,
1458 3038 1608 3094 sicut
1664 3038 1896 3106 Paulus,
1931 3046 2164 3110 propter

521 3130 815 3186 Christum
849 3127 1212 3200 passionibus
1242 3134 1295 3182 et
1326 3125 1762 3193 afﬂictionibus,
1797 3127 2164 3199 benigneque
2194 3168 2244 3235 Ο

516 3224 572 3276 et
595 3219 864 3274 clementi
888 3220 1000 3272 Deo
1027 3232 1263 3285 magnas
1285 3215 1750 3287 agebatgratias,
1774 3217 1928 3286 quod
1953 3217 2162 3286 dignus

518 3315 672 3363 esset
693 3307 929 3362 habitus
956 3305 1138 3376 plagis
1159 3309 1216 3359 et
1237 3319 1462 3360 carcere
1485 3311 1718 3374 propter
1740 3305 1896 3359 illius
1922 3321 2156 3358 nomen.

515 3395 907 3462 Quamobrem
939 3401 993 3449 et
1025 3395 1116 3460 iis,
1151 3410 1276 3465 qua)
1318 3393 1564 3462 dicebat,
1599 3408 1715 3458 eos,
1751 3393 1849 3462 qui
1901 3393 2160 3462 aderant,

519 3485 688 3539 valde
731 3483 1078 3548 instruebat,
1113 3487 1168 3537 et
1199 3481 1599 3548 confirmabat,
1632 3485 1690 3536 et
1719 3496 1806 3549 eo,
1836 3482 1986 3551 quod
2037 3498 2161 3552 qua:

518 3581 680 3630 erant
730 3571 973 3627 molesta
1030 3575 1087 3626 et
1142 3587 1363 3641 aspera,
1427 3571 1598 3624 terret
1655 3586 1788 3624 cum
1847 3570 2161 3640 gratiarum

516 3662 760 3718 actione.
795 3665 858 3713 Et
907 3676 1119 3729 corpus
1151 3660 1382 3729 quidem
1419 3663 1542 3712 erat
1593 3658 1850 3713 vinctum
1883 3659 1940 3712 in
1971 3664 2161 3714 Custo-

518 3750 632 3815 dia,
668 3749 864 3804 anima
911 3753 1127 3814 autem,
1159 3747 1331 3801 etiam
1381 3751 1694 3814 antequam
1729 3745 1886 3800 illinc
1920 3749 2164 3801 resolve-

517 3843 696 3903 retur,
719 3838 842 3907 jam
875 3834 1130 3890 caelestia
1161 3834 1381 3887 visione
1413 3831 1808 3901 intelligenter
1839 3835 2162 3903 apprehen-

520 3927 714 3993 debat,
749 3925 890 3979 adeo
913 3927 972 3977 ut
994 3927 1307 3993 tyrannum
1342 3921 1761 3991 propemodum
1788 3921 2162 3992 reprehende-

518 4018 628 4080 ret,
666 4013 818 4085 quod
866 4029 979 4067 non
1027 4011 1225 4081 ipsum
1279 4008 1451 4063 citius
1504 4008 1779 4063 liberaret
1826 4026 1859 4064 a
1915 4011 2161 4079 pondere

518 4102 725 4168 carnis,
758 4106 814 4156 et
845 4118 877 4154 a
907 4098 1157 4157 vinculis
1189 4097 1576 4153 naturalibus.
1608 4099 1830 4169 Corpus
1860 4099 2015 4154 euim
2038 4104 2162 4154 erat

519 4191 604 4245 illi
637 4206 852 4256 carcer,
885 4189 984 4260 qui
1017 4189 1146 4259 eius
1195 4187 1428 4242 arcebat
1456 4187 1736 4252 animam,
1770 4195 1822 4243 et
1854 4204 1960 4243 suo
1992 4193 2159 4260 tegu-

2255 541 2541 616 ἄγνοῢντες
2601 538 2657 595 δὲ
2712 541 2929 603 πάντως
3001 541 3054 593 o't
3137 538 3346 610 ἄθλιοι,
3399 538 3524 594 ὅσον
3587 539 3695 593 ἀπὸ
3773 544 3923 594 θεοῦ

2257 629 2622 706 ἐμακρόνοντο
2703 634 2872 686 ταῦτα
2935 632 3238 695 ποιοῦντες,
3305 629 3394 683 καὶ
3454 628 3571 684 οἵαν
3635 628 3687 683 ἐν
3735 633 3926 702 καιρῷ

2257 718 2486 794 κρίσεως
2543 718 2729 791 ἐκείνῳ
2791 720 2885 792 μὲν
2945 718 3303 794 εὐφροσύνην,
3338 719 3551 781 ἑαυτοῖς
3604 715 3662 773 δὲ
3710 715 3928 792 δάκρυα

2258 809 2348 864 καὶ
2407 807 2596 872 ὀδύνας
2651 807 2896 869 ἐλεεινῶς
2938 803 3292 881 ἔθησαῦρισαν
3326 826 3339 840 ·
3398 807 3526 862 ἀλλ’
3575 809 3604 863 ὁ
3655 807 3924 883 βασιλεὺς

2257 900 2430 955 πάντα
2468 898 2620 954 λίθον
2676 901 2839 953 κινῶν
2880 898 2973 967 ἦν,
3037 901 3186 959 ὅπως
3249 898 3308 952 ἃν
3347 898 3496 967 αὐτῶ
3549 898 3794 975 γένοιτο,
3825 899 3924 955 τὸν

2259 990 2411 1064 ἅγιον
2462 988 2875 1058 εἶσποιήσασοαι
2910 1007 2923 1021 °
2974 988 3064 1042 καὶ
3115 987 3218 1063 γάρ
3277 987 3376 1042 οὐκ
3423 987 3531 1042 οἵδ’
3582 989 3734 1050 ὅπως
3789 988 3922 1042 ἀσύ-

2257 1099 2406 1139 νετος
2472 1077 2570 1147 ὢν,
2602 1077 2755 1149 ὅμως
2802 1077 2901 1131 οὐκ
2957 1078 3144 1152 ἠγνόει
3203 1075 3254 1130 ἐν
3305 1077 3488 1150 τούτῳ
3544 1081 3632 1132 νῦν
3695 1073 3926 1152 ἔχοντος

2259 1171 2487 1241 πρᾶγμα
2560 1170 2756 1236 ποιῶν,
2816 1164 2968 1239 εἷ’περ
3045 1165 3253 1220 ἐκείνου
3348 1165 3619 1241 ἐγκρατῆς
3708 1167 3923 1243 γένοιτο

2259 1255 2348 1310 καὶ
2386 1252 2623 1316 πολλοὺς
2663 1255 2707 1291 ⁵⁸
2743 1259 2850 1308 τῶν
2900 1252 3205 1329 ὁρθοδόξων
3255 1254 3450 1317 εὐθέως
3518 1255 3687 1323 ἐλεῖν,
3731 1256 3919 1326 ὥσπερ

2261 1343 2474 1421 κεφαλῇ
2552 1347 2731 1416 σῶμα,
2801 1345 2889 1398 καὶ
2961 1343 3102 1416 μέλη
3174 1346 3562 1416 συνεπομένοις
3619 1347 3684 1400 ⁸⁷.
3737 1348 3922 1402 Τοῦτο

2262 1435 2462 1495 ἐκεῖνος
2497 1431 2676 1500 εἰδὼς,
2713 1431 2926 1488 ἐκέλευε
2982 1437 3087 1487 τῶν
3143 1433 3378 1510 πληγῶν
3446 1435 3608 1488 αὐτὸν
3664 1437 3708 1471 ³³
3766 1435 3926 1498 αὖθις

2262 1522 2485 1591 ἄνεῖναι,
2525 1521 2615 1576 καὶ
2673 1524 2858 1576 πειθοῖ
2919 1520 3084 1576 πάλιν
3160 1522 3252 1577 καὶ
3319 1521 3592 1595 εὐμενείας
3657 1525 3922 1598 προσχή-

2268 1633 2393 1685 ματι
2441 1612 2534 1666 τὸν
2593 1613 2744 1686 ἅγιον
2805 1613 2852 1648 89
2904 1611 3178 1667 ὑπελθεῖν.
3241 1612 3430 1686 Ἐγγὺς
3480 1611 3572 1666 οὖν
3630 1634 3924 1686 παραστη-

2265 1699 2516 1773 σάμενος,
2549 1699 2638 1755 καὶ
2676 1703 2777 1770 τήν
2840 1699 3062 1774 ὁμιλίαν
3124 1701 3256 1775 ὑπέρ
3315 1695 3496 1756 ἔλαιον
3542 1701 3852 1765 ἁπαλόνας,
3888 1706 3920 1772 ἡ

2264 1789 2487 1859 ἀληθῶς
2520 1790 2664 1859 ὀξεῖά
2705 1789 2866 1864 βολίς
2912 1791 3002 1844 καὶ
3040 1791 3178 1844 κατὰ
3217 1794 3322 1844 τῶν
3375 1785 3742 1845 εὐσεϐούντων
3790 1793 3926 1861 ἠκο-

2264 1878 2473 1950 νημένη
2519 1879 2787 1954 μάχαιρα,
2844 1879 2963 1933 ἐπεὶ
3023 1879 3168 1953 ἑώρα
3225 1879 3317 1934 τὸν
3373 1877 3540 1954 ἄνδρα
3597 1880 3924 1941 κολακείαις

2265 1966 2390 2023 οὐδὲ
2451 1967 2628 2042 βραχὺ
2684 1967 3077 2041 κλεπτόμενον,
3120 1967 3254 2041 μετᾶ
3293 1967 3552 2030 πλείονος
3592 1967 3652 2023 δὲ
3703 1968 3923 2042 μᾶλλον

2263 2063 2365 2126 τῆς
2421 2055 2726 2130 παρρησίας
2779 2059 2877 2126 τὴν
2947 2055 3201 2110 ἀπόνοιαν
3246 2064 3259 2095 ⁸
3318 2056 3484 2111 αὐτοῦ
3539 2054 3923 2132 διελέγχοντα,

2265 2145 2326 2200 τό
2411 2143 2614 2200 κώδιον
2690 2145 3041 2217 ἀποθέμενος,
3112 2144 3277 2207 λύκος
3343 2145 3410 2214 ἦν
3462 2149 3768 2223 προφανὴς,
3834 2146 3922 2200 καὶ

2268 2233 2444 2297 λίθοις
2486 2236 2550 2290 τά
2606 2235 2852 2306 σιαγόνας
2895 2239 2992 2288 τοῦ
3062 2235 3336 2308 μάρτυρος
3403 2235 3749 2290 συνθλάττειν
3811 2235 3926 2289 ἐκέ-

2269 2320 2392 2377 λευε
2435 2343 2446 2355 ο
2479 2328 2647 2377 ταῦτα
2703 2320 2886 2377 διδοὺς
2925 2323 3041 2377 ἀντὶ
3102 2328 3210 2377 τῶν
3281 2323 3484 2377 λόγων.
3518 2325 3577 2377 οῖ

2435 2343 2446 2355 °
2479 2328 2647 2377 ταῦτα
2703 2319 2886 2384 διδοὺς
2925 2323 3041 2377 ἀντὶ
3102 2328 3210 2377 τῶν
3281 2323 3484 2397 λόγων,
3518 2325 3604 2385 οἷς
3667 2323 3771 2398 ἄρα
3822 2326 3922 2392 την

2849 2413 3088 2487 ἰσχυρῶς
3155 2407 3446 2480 ἐϐέϐλητο.
3507 2414 3568 2469 Ὀ
3629 2413 3688 2467 δὲ
3746 2412 3924 2475 ἄλλος

2266 2502 2598 2575 αὐτόχρημα
2656 2500 2922 2580 Στέφανος
2996 2502 3061 2570 ἦν
3137 2499 3263 2562 τοὺς
3342 2499 3661 2563 ἀδικοῦντας
3732 2504 3923 2575 εὐχαῖς

2268 2586 2651 2662 ἀμειϐόμενος.

2338 2684 2436 2736 ῙΓ’.
2471 2677 2603 2734 Εἶτα
2657 2679 2751 2732 τὸν
2813 2678 3060 2752 μάρτυρά
3112 2677 3204 2750 μὲν
3253 2678 3280 2732 ὁ
3324 2676 3579 2752 βασιλεὺς
3609 2681 3701 2732 οἷα
3750 2678 3921 2732 κατά-

2271 2765 2422 2821 δικον
2483 2767 2573 2821 ἐπὶ
2633 2769 2732 2836 τήν
2800 2765 3047 2842 φυλακῆν
3103 2767 3252 2828 αὖθις
3317 2765 3554 2840 ἔπεμπεν
3589 2784 3602 2797 ”

2267 2411 2490 2487 καρδίαν
2564 2411 2762 2474 ἐκεῖνος

3732 2767 3921 2830 άνθανε

2271 2854 2327 2910 δὲ
2362 2853 2575 2927 μᾶλλον
2607 2861 2721 2917 τοῖς
2760 2856 2960 2926 ταύτην
3003 2855 3209 2909 οἰκοῦσι
3261 2859 3612 2930 Χριστιανοῖς
3662 2853 3922 2911 διδάσκα-

2272 2943 2367 2999 λον
2428 2943 2749 3017 ἐπιπέμπων
2801 2941 3004 3016 κομιδῆ
3063 2945 3346 3018 πρόθυμον
3383 2961 3396 2975 ⁶
3454 2942 3645 3022 ἓχαιρε
3689 2945 3793 3020 γὰρ
3836 2945 3913 2998 καὶ

2270 3031 2429 3096 αὐτὸς
2480 3035 2615 3088 κατὰ
2673 3032 2886 3088 Παῦλον
2931 3037 3046 3095 τοῖς
3093 3031 3181 3087 διὰ
3212 3033 3444 3106 Χριστὸν
3488 3035 3802 3105 παθήμασι,
3837 3034 3918 3086 καὶ

2273 3127 2390 3182 ταῖς
2432 3120 2669 3194 θλίψεσι,
2698 3121 2788 3175 καὶ
2831 3121 2989 3195 χάριν
3031 3119 3150 3195 ᾔδει
3181 3119 3400 3190 πολλὴν
3433 3126 3512 3191 τῷ
3546 3120 3919 3196 φιλανθρώπῳ

2274 3215 2409 3280 Θεῷ,
2451 3209 2533 3264 ὅτι
2597 3211 2687 3264 καὶ
2740 3208 2969 3284 πληγῶν
3035 3209 3124 3264 διὰ
3188 3211 3250 3264 τὸ
3312 3208 3516 3264 ἐκείνου
3585 3209 3758 3283 ὄνομα
3831 3211 3919 3265 καὶ

2267 3298 2515 3373 φυλακῆς
2558 3300 2779 3368 ἠξιοῦτο
2815 3316 2828 3328 ·
2891 3301 3029 3369 ὅθεν,
3070 3299 3158 3353 καὶ
3227 3301 3310 3354 οἷς
3361 3294 3539 3374 ἔλεγε,
3593 3299 3725 3361 τοὺς
3778 3321 3917 3373 παρ⁶

2266 3383 2420 3446 όντας
2477 3386 2678 3446 ἱκανῶς
2746 3383 2992 3462 ἤλειφε2
3024 3402 3038 3416 ’
3088 3387 3177 3440 καί
3231 3384 3468 3457 μᾶλλον,
3502 3388 3588 3446 οἷς
3643 3385 3919 3460 ἐκαρτέρει

2266 3475 2330 3528 τὰ
2371 3473 2598 3528 ἐπίπονα
2666 3475 2782 3547 μετ’
2822 3475 3198 3549 εὐχαριστείας
3223 3478 3262 3532 ⁸.
3323 3477 3428 3530 Καὶ
3478 3477 3540 3529 τὸ
3599 3475 3694 3546 μὲν
3759 3481 3919 3546 σῶμα

2265 3567 2333 3636 τῇ
2377 3561 2593 3638 φυλακῇ
2625 3560 2946 3633 ἐπεπέδητο,
3053 3565 3205 3641 ψυχὴ
3250 3561 3308 3617 δὲ
3354 3563 3501 3636 αὐτῷ
3532 3565 3622 3618 καὶ
3671 3566 3778 3638 πρὸ
3823 3573 3922 3633 τῆς

2268 3652 2464 3707 ἐκεῖθεν
2523 3652 2830 3714 ἀναλύσεως
2860 3651 2926 3706 τά
2981 3652 3208 3727 οὐράνια
3263 3650 3371 3722 ἤδη
3429 3659 3636 3726 νοερῶς
3694 3652 3919 3730 ἐφαντά-

2269 3747 2407 3810 ζετο,
2437 3741 2575 3796 ὥστε
2641 3742 2729 3795 καὶ
2782 3739 3030 3814 ἐγκαλεῖν
3086 3742 3201 3818 εἶχε
3243 3746 3443 3818 μικροῦ
3511 3741 3589 3813 τῷ
3643 3745 3915 3816 τυράννῳ,

2266 3832 2350 3884 ὅτι
2385 3831 2460 3902 μή
2495 3835 2688 3893 θᾶττον
2722 3830 2879 3884 αὐτὸν
2915 3835 3012 3884 τοῦ
3063 3835 3320 3903 σαρκικοῦ
3383 3832 3586 3904 βάρους
3645 3832 3736 3884 καὶ
3807 3837 3914 3886 τῶν

2264 3923 2500 3995 φυσικῶν
2581 3916 2731 3991 ἠφίει
2818 3916 3078 3990 δεσμῶν·
3132 3917 3348 3994 φυλακή
3419 3921 3522 3995 γάρ
3591 3917 3786 3992 ἐκείνῳ
3856 3923 3915 3975 τὸ

2266 4010 2446 4079 σῶμα,
2485 4005 2662 4080 εἶργον
2718 4005 2882 4061 αὐτοῦ
2938 4009 3036 4075 τήν
3081 4008 3265 4083 ψυχῆν
3307 4007 3396 4062 καὶ
3439 4006 3777 4086 διατειχίζον
3838 4015 3917 4081 τῷ

2265 4095 2455 4168 οἰκείῳ
2511 4093 2834 4168 καλύμματι
2872 4100 2977 4150 τῶν
3035 4094 3402 4170 ἐνδεχομένων
3473 4097 3640 4166 αὐτὴν
3699 4103 3920 4168 σκηνῶν

2267 4185 2356 4241 καὶ
2399 4192 2498 4254 τῆς
2533 4185 2732 4240 ἐκεῖθεν
2763 4182 3069 4259 ἀδιηγήτου
3115 4187 3540 4259 μακαριότητος.

519 4289 712 4336 mento
770 4296 900 4336 eam
958 4279 1300 4350 sejungebat
1347 4294 1379 4333 a
1410 4275 1820 4345 tabernaculis,
1855 4294 1984 4348 quae
2013 4293 2141 4334 eam
2191 4282 2503 4349 exceptura
2560 4281 2744 4344 erant,
2788 4281 2845 4331 et
2903 4277 3303 4345 inenarrabili,
3336 4295 3463 4349 qua:
3500 4277 3617 4334 illic
3648 4283 3760 4348 est,
3795 4279 3924 4334 bea-

518 4371 794 4426 titudine.

587 4459 733 4514 XIV.
759 4457 892 4512 Dies
915 4456 1152 4510 interim
1181 4471 1295 4509 non
1326 4453 1494 4508 multi
1519 4455 1940 4524 praeterierunt,
1965 4461 2016 4509 et
2039 4472 2159 4510 rur-
2189 4459 2248 4525 D

511 4564 619 4605 sus
651 4545 895 4601 accersit
941 4545 1254 4614 imperator
1286 4546 1607 4612 martyrem
1660 4559 1690 4597 e
1722 4558 1970 4609 carcere,
2003 4549 2160 4600 metu

513 4651 740 4703 eorum,
792 4650 917 4704 quae
977 4631 1483 4703 exspectabantur,
1525 4634 1582 4686 et
1631 4631 1826 4686 dolore
1855 4632 2160 4699 malorum,

514 4740 640 4794 quae
706 4723 1078 4784 advenerant,
1105 4720 1344 4774 fractum
1378 4718 1451 4773 ad
1485 4719 1680 4773 futura
1708 4719 1836 4788 ejus
1873 4720 2160 4790 animum,

517 4818 574 4868 et
611 4815 873 4868 futurum
926 4811 1106 4866 multo
1139 4807 1460 4864 molliorem
1492 4815 1545 4862 et
1577 4808 1928 4878 ignaviorem
1959 4809 2162 4865 existi-

523 4917 716 4957 mans.
756 4900 1062 4971 Postquam
1113 4901 1305 4953 autem
1341 4898 1685 4968 productum
1721 4902 1985 4952 sanctum
2019 4899 2164 4954 vidit

521 4989 914 5054 audaciorem,
947 4993 1004 5044 et
1063 4986 1250 5058 magis
1316 4985 1630 5056 spirantem
1688 5001 1875 5041 acrem
1927 4991 2164 5058 propter

522 5077 818 5132 Christum
881 5093 1161 5144 amorem,
1195 5091 1327 5130 eum
1387 5078 1543 5130 veste
1595 5073 1771 5138 exuit,
1823 5081 1876 5129 et
1933 5081 2164 5146 propter

527 5181 663 5222 eum
721 5165 951 5222 lictores
1011 5181 1213 5221 rursus
1259 5163 1425 5235 jubet
1481 5164 1774 5228 assistere,
1806 5168 1862 5219 et
1919 5164 2162 5236 ﬂagellis

524 5253 897 5308 vehementer
973 5255 1209 5320 credere,
1261 5252 1451 5307 adhuc
1527 5252 1773 5324 priorem
1857 5251 2163 5324 plagarum

539 5448 627 5526 *9⁸
679 5440 900 5526 ἄλλους
1155 5447 1202 5526 ’1
1230 5447 1626 5526 συνεπομένους
1649 5449 1718 5526 BL
1740 5451 1798 5505 C.
1829 5449 1893 5504 D.
1928 5452 1988 5504 E.

497 5515 668 5576 αὖθις
714 5517 775 5565 Ε.
854 5515 900 5548 ³9
929 5516 1122 5581 ἤθελεν
1164 5519 1222 5572 F.
1302 5524 1314 5554 ¹
1351 5515 1652 5593 παρῖῗησίαν
1681 5519 1740 5572 C.

484 5578 506 5610 Β
588 5582 886 5610 -.κέν-...Π
944 5587 986 5610 ιτ
1050 5591 1084 5610 n
1145 5589 1183 5610 rx
1282 5573 1543 5610 a,r,,‘n
1605 5606 1684 5610 -..μ

588 5584 817 5640 κλάσαι
848 5584 906 5638 C.
943 5587 1006 5641 D.
1047 5591 1103 5644 E.
1144 5589 1204 5642 F.
1282 5589 1302 5623 ⁸
1333 5584 1477 5663 τάχά
1508 5584 1564 5642 C.
1599 5606 1712 5644 om.

1818 5522 1838 5555 ²
1879 5536 1992 5572 om.
2027 5519 2085 5573 Β.

2349 4456 2427 4512 ΙΔ’
2486 4457 2549 4512 Ἦ
2603 4454 2652 4490 ι’
2819 4457 2831 4473 “
2985 4475 3011 4485 ·
3054 4453 3094 4500 εδ
3291 4462 3315 4474 ’
3559 4455 3643 4486 ’·“
3775 4477 3793 4488 ‘
3882 4459 3897 4477 “

2433 4499 2446 4512 .
2560 4476 2714 4527 μεραι
2779 4476 2840 4510 το
2916 4475 3108 4526 με.α,.›
3171 4454 3457 4529 παρηλοον
3518 4476 3646 4531 ουχι
3707 4477 3919 4532 συχναι,

2273 4547 2359 4599 καὶ
2433 4546 2838 4618 μεταπέμπεται
2878 4544 3041 4599 πάλιν
3087 4546 3114 4598 ὁ
3176 4543 3436 4618 βασιλεὺς
3481 4551 3580 4600 τοῦ
3639 4544 3918 4619 δεσμωτη-

2276 4635 2393 4708 ρίου
2431 4636 2523 4689 τὸν
2575 4632 2818 4702 ἀθλητήν
2852 4651 2866 4666 ⁸
2915 4637 2992 4704 τῷ
3046 4655 3105 4688 τε
3161 4629 3317 4710 φόϐῳ
3383 4640 3489 4688 τῶν
3525 4633 3906 4710 προσδοκωμέ-

2272 4744 2400 4791 νων,
2435 4723 2521 4776 καὶ
2553 4726 2620 4794 τῇ
2651 4720 2815 4795 ὀδύνῃ
2856 4727 2962 4777 τῶν
2995 4721 3334 4778 ἐπελθόντων
3373 4729 3552 4778 κακῶν
3606 4723 3864 4787 όκλάσθαι
3896 4728 3913 4760 ⁸

2271 4812 2418 4887 τάχα
2448 4813 2468 4847 ⁸
2496 4811 2593 4877 τὴν
2637 4811 2822 4887 ψυχὴν
2863 4811 3008 4882 αὗτῷ
3055 4813 3192 4884 πρὸς
3235 4812 3301 4866 τὰ
3361 4811 3662 4883 μέλλοντα,
3702 4814 3796 4866 καὶ
3835 4813 3922 4886 ῥα-

2274 4900 2575 4973 θυμοτέραν
2631 4902 2775 4973 παρὰ
2832 4899 2974 4954 πολὺ
3032 4902 3272 4976 γενέσθαι
3351 4901 3624 4975 οἰόμενος.
3663 4904 3811 4958 Ἐπεέ
3871 4901 3928 4958 δέ

2273 4990 2613 5060 παραστάντα
2651 4988 2742 5042 τὸν
2818 4989 2968 5063 ἅγιον
3031 4989 3432 5064 εὐτολμότερον
3495 4990 3683 5055 ἐθεᾶτο
3723 4991 3768 5059 ⁷,
3837 4991 3930 5047 καί

2275 5077 2471 5148 θερμὸν
2504 5075 2724 5131 πνέοντα
2792 5077 3004 5150 μᾶλλον
3041 5080 3135 5133 τὸν
3179 5075 3268 5132 διὰ
3306 5081 3538 5152 Χριστὸν
3598 5077 3802 5154 ἔρωτα,
3831 5089 3931 5150 τῆς

2274 5165 2496 5228 ἐσθῆτος
2571 5165 2995 5239 ἀπογυμνώσας,
3072 5164 3310 5240 δημίους
3357 5168 3448 5222 καὶ
3527 5168 3695 5224 πάλιν

2271 5252 2520 5325 περιίστη
2530 5273 2576 5306 σι
2589 5297 2602 5322 ,
2671 5253 2760 5307 καὶ

3784 5169 3933 5241 αὖτῷ

2845 5252 3094 5330 σφοδρῶς
3177 5262 3295 5319 ταῖς
3387 5257 3629 5331 μάστιξιν
3713 5255 3934 5312 ἐκέλευε

2067 5448 2158 5501 οδ,

2269 5451 2321 5526 β.
2361 5480 2431 5493 ·-
2463 5451 2639 5526 αὐτῶν
2666 5455 2754 5509 καὶ
2789 5455 2942 5517 αὗθις
2976 5461 3132 5510 D.—-
3179 5455 3342 5510 αὐτὸν
3387 5457 3571 5526 (prius
3619 5455 3802 5512 αὐτῶν
3844 5457 3932 5512 καὶ

2166 5522 2187 5555 ³
2225 5519 2449 5597 ἤλεγξεν
2480 5525 2700 5594 ἱκανῶς,
2738 5526 2826 5580 καὶ
2858 5532 2914 5581 C.

1789 5589 1809 5622 ⁷
1848 5587 2104 5651 ἐθεάσατο
2142 5596 2202 5645 Β.
2238 5599 2296 5647 U.

2995 5529 3036 5563 ⁸⁵
3068 5527 3408 5602 εὐχαριστίας
3453 5530 3508 5582 Β.
3545 5531 3604 5584 C.
3637 5529 3703 5586 D.
3756 5531 3820 5586 E.
3874 5532 3931 5587 F.
