  <div class='ocr_page' id='page_1' title='image "/cluster/home/n/w/nwhite01/storage/ocr_20150623/115/mdp.39015028574336/581.png"; bbox 0 0 4142 6248; ppageno 0'>
   <div class='ocr_carea' id='block_1_1' title="bbox 507 373 656 434">
    <p class='ocr_par' dir='ltr' id='par_1_1' title="bbox 507 373 656 434">
     <span class='ocr_line' id='line_1_1' title="bbox 507 373 656 434; baseline -0.013 0"><span class='ocrx_word' id='word_1_1' title='bbox 507 373 656 434; x_wconf 77' lang='grc'><strong>1127</strong></span> 
     </span>
    </p>
   </div>
   <div class='ocr_carea' id='block_1_2' title="bbox 1842 349 2550 418">
    <p class='ocr_par' dir='ltr' id='par_1_2' title="bbox 1842 349 2550 418">
     <span class='ocr_line' id='line_1_2' title="bbox 1842 349 2550 418; baseline -0.013 0"><span class='ocrx_word' id='word_1_2' title='bbox 1842 353 2124 418; x_wconf 84' lang='lat' dir='ltr'><strong>MENSIS</strong></span> <span class='ocrx_word' id='word_1_3' title='bbox 2170 349 2550 413; x_wconf 79' lang='lat' dir='ltr'><strong>OCTOBER.</strong></span> 
     </span>
    </p>
   </div>
   <div class='ocr_carea' id='block_1_3' title="bbox 3783 338 3938 401">
    <p class='ocr_par' dir='ltr' id='par_1_3' title="bbox 3783 338 3938 401">
     <span class='ocr_line' id='line_1_3' title="bbox 3783 338 3938 401; baseline 0.006 -1"><span class='ocrx_word' id='word_1_4' title='bbox 3783 338 3938 401; x_wconf 77' lang='lat' dir='ltr'><strong>H28</strong></span> 
     </span>
    </p>
   </div>
   <div class='ocr_carea' id='block_1_4' title="bbox 505 497 2155 609">
    <p class='ocr_par' dir='ltr' id='par_1_4' title="bbox 505 515 2140 609">
     <span class='ocr_line' id='line_1_4' title="bbox 505 515 2140 609; baseline -0.015 -15"><span class='ocrx_word' id='word_1_5' title='bbox 505 537 608 609; x_wconf 92' lang='lat' dir='ltr'><strong>qui</strong></span> <span class='ocrx_word' id='word_1_6' title='bbox 637 535 998 593; x_wconf 85' lang='lat' dir='ltr'><strong>inhabitabat</strong></span> <span class='ocrx_word' id='word_1_7' title='bbox 1025 530 1262 605; x_wconf 78' lang='lat' dir='ltr'><strong>Spiritus</strong></span> <span class='ocrx_word' id='word_1_8' title='bbox 1304 537 1783 596; x_wconf 82' lang='lat' dir='ltr'><strong>unumquemque</strong></span> <span class='ocrx_word' id='word_1_9' title='bbox 1813 517 2018 591; x_wconf 90' lang='lat' dir='ltr'><strong>agebat</strong></span> <span class='ocrx_word' id='word_1_10' title='bbox 2045 515 2140 570; x_wconf 90' lang='lat' dir='ltr'><strong>in-</strong></span> 
     </span>
    </p>
   </div>
   <div class='ocr_carea' id='block_1_5' title="bbox 2265 497 3944 609">
    <p class='ocr_par' dir='ltr' id='par_1_5' title="bbox 2265 497 3944 609">
     <span class='ocr_line' id='line_1_5' title="bbox 2265 497 3944 580; baseline -0.007 -15"><span class='ocrx_word' id='word_1_11' title='bbox 2265 509 2645 580; x_wconf 78' lang='grc' dir='ltr'>πηδησάντων,</span> <span class='ocrx_word' id='word_1_12' title='bbox 2708 504 2853 568; x_wconf 77' lang='grc' dir='ltr'>ὅλως</span> <span class='ocrx_word' id='word_1_13' title='bbox 2911 501 3225 579; x_wconf 77' lang='grc' dir='ltr'><strong>ἀλλαχόθεν</strong></span> <span class='ocrx_word' id='word_1_14' title='bbox 3305 500 3654 577; x_wconf 75' lang='grc' dir='ltr'><strong>ὁρμώμενοι,</strong></span> <span class='ocrx_word' id='word_1_15' title='bbox 3717 500 3802 560; x_wconf 89' lang='grc' dir='ltr'>ὡς</span> <span class='ocrx_word' id='word_1_16' title='bbox 3886 497 3944 554; x_wconf 75' lang='grc' dir='ltr'>ἂν</span> 
     </span>
     <span class='ocr_line' id='line_1_6' title="bbox 2265 589 3757 609; baseline 0 0"><span class='ocrx_word' id='word_1_17' title='bbox 2265 595 2277 609; x_wconf 52' lang='grc' dir='ltr'><strong>η.</strong></span> <span class='ocrx_word' id='word_1_18' title='bbox 2531 599 2544 609; x_wconf 96' lang='grc'><strong><em>.</em></strong></span> <span class='ocrx_word' id='word_1_19' title='bbox 2603 596 2616 609; x_wconf 93' lang='grc'><strong><em>.</em></strong></span> <span class='ocrx_word' id='word_1_20' title='bbox 2711 596 2724 609; x_wconf 85' lang='grc'>.</span> <span class='ocrx_word' id='word_1_21' title='bbox 2830 597 2858 608; x_wconf 84' lang='grc'><strong>..</strong></span> <span class='ocrx_word' id='word_1_22' title='bbox 2913 591 2928 609; x_wconf 80' lang='lat'><strong>.</strong></span> <span class='ocrx_word' id='word_1_23' title='bbox 3093 597 3114 606; x_wconf 81' lang='lat'><strong>-</strong></span> <span class='ocrx_word' id='word_1_24' title='bbox 3325 591 3338 609; x_wconf 82' lang='grc'>,</span> <span class='ocrx_word' id='word_1_25' title='bbox 3388 597 3415 606; x_wconf 76' lang='grc'><strong>-</strong></span> <span class='ocrx_word' id='word_1_26' title='bbox 3513 592 3561 609; x_wconf 75' lang='grc' dir='ltr'><strong>,ο</strong></span> <span class='ocrx_word' id='word_1_27' title='bbox 3740 589 3757 609; x_wconf 74' lang='grc' dir='ltr'><strong><em>ρ</em></strong></span> 
     </span>
    </p>
   </div>
   <div class='ocr_carea' id='block_1_6' title="bbox 509 607 2148 692">
    <p class='ocr_par' dir='ltr' id='par_1_6' title="bbox 509 607 2148 692">
     <span class='ocr_line' id='line_1_7' title="bbox 509 607 2148 692; baseline -0.015 -10"><span class='ocrx_word' id='word_1_28' title='bbox 509 607 760 692; x_wconf 77' lang='lat' dir='ltr'><strong>clinatio,</strong></span> <span class='ocrx_word' id='word_1_29' title='bbox 790 622 966 679; x_wconf 89' lang='lat' dir='ltr'><strong>simul</strong></span> <span class='ocrx_word' id='word_1_30' title='bbox 1013 619 1313 689; x_wconf 81' lang='lat' dir='ltr'><strong>semelque</strong></span> <span class='ocrx_word' id='word_1_31' title='bbox 1357 616 1510 670; x_wconf 89' lang='lat' dir='ltr'><strong>inter</strong></span> <span class='ocrx_word' id='word_1_32' title='bbox 1539 628 1597 667; x_wconf 92' lang='lat' dir='ltr'><strong>se</strong></span> <span class='ocrx_word' id='word_1_33' title='bbox 1628 610 2058 666; x_wconf 90' lang='lat' dir='ltr'><strong>convenerunt:</strong></span> <span class='ocrx_word' id='word_1_34' title='bbox 2091 607 2148 659; x_wconf 91' lang='lat' dir='ltr'><strong>et</strong></span> 
     </span>
    </p>
   </div>
   <div class='ocr_carea' id='block_1_7' title="bbox 506 695 2148 786">
    <p class='ocr_par' dir='ltr' id='par_1_7' title="bbox 506 695 2148 786">
     <span class='ocr_line' id='line_1_8' title="bbox 506 695 2148 786; baseline -0.015 -14"><span class='ocrx_word' id='word_1_35' title='bbox 506 733 641 772; x_wconf 91' lang='lat' dir='ltr'><strong>cum</strong></span> <span class='ocrx_word' id='word_1_36' title='bbox 676 717 905 786; x_wconf 79' lang='lat' dir='ltr'><strong>propter</strong></span> <span class='ocrx_word' id='word_1_37' title='bbox 936 723 1308 766; x_wconf 87' lang='lat' dir='ltr'><strong>communem</strong></span> <span class='ocrx_word' id='word_1_38' title='bbox 1341 703 1722 760; x_wconf 71' lang='lat' dir='ltr'><strong>calamitatem</strong></span> <span class='ocrx_word' id='word_1_39' title='bbox 1755 695 2148 754; x_wconf 82' lang='lat' dir='ltr'><strong>communiter</strong></span> 
     </span>
    </p>
   </div>
   <div class='ocr_carea' id='block_1_8' title="bbox 508 789 2146 875">
    <p class='ocr_par' dir='ltr' id='par_1_8' title="bbox 508 789 2146 875">
     <span class='ocr_line' id='line_1_9' title="bbox 508 789 2146 875; baseline -0.014 -16"><span class='ocrx_word' id='word_1_40' title='bbox 508 819 739 875; x_wconf 89' lang='lat' dir='ltr'><strong>quoque</strong></span> <span class='ocrx_word' id='word_1_41' title='bbox 767 800 980 857; x_wconf 85' lang='lat' dir='ltr'><strong>versari</strong></span> <span class='ocrx_word' id='word_1_42' title='bbox 1003 804 1060 856; x_wconf 90' lang='lat' dir='ltr'><strong>et</strong></span> <span class='ocrx_word' id='word_1_43' title='bbox 1080 811 1266 854; x_wconf 88' lang='lat' dir='ltr'><strong>errare</strong></span> <span class='ocrx_word' id='word_1_44' title='bbox 1298 793 1660 857; x_wconf 80' lang='lat' dir='ltr'><strong>statuissent,</strong></span> <span class='ocrx_word' id='word_1_45' title='bbox 1686 801 1959 859; x_wconf 89' lang='lat' dir='ltr'><strong>magnum</strong></span> <span class='ocrx_word' id='word_1_46' title='bbox 1983 789 2146 839; x_wconf 65' lang='lat' dir='ltr'><strong>terra</strong></span> 
     </span>
    </p>
   </div>
   <div class='ocr_carea' id='block_1_9' title="bbox 509 872 2148 965">
    <p class='ocr_par' dir='ltr' id='par_1_9' title="bbox 509 872 2148 965">
     <span class='ocr_line' id='line_1_10' title="bbox 509 872 2148 965; baseline -0.015 -15"><span class='ocrx_word' id='word_1_47' title='bbox 509 872 762 965; x_wconf 71' lang='lat' dir='ltr'><strong>spatium</strong></span> <span class='ocrx_word' id='word_1_48' title='bbox 794 889 1277 952; x_wconf 88' lang='lat' dir='ltr'><strong>transmittentes,</strong></span> <span class='ocrx_word' id='word_1_49' title='bbox 1303 885 1552 953; x_wconf 88' lang='lat' dir='ltr'><strong>repente,</strong></span> <span class='ocrx_word' id='word_1_50' title='bbox 1577 885 1854 949; x_wconf 88' lang='lat' dir='ltr'><strong>tanquam</strong></span> <span class='ocrx_word' id='word_1_51' title='bbox 1885 872 2052 930; x_wconf 89' lang='lat' dir='ltr'><strong>tracti</strong></span> <span class='ocrx_word' id='word_1_52' title='bbox 2077 872 2148 926; x_wconf 88' lang='lat' dir='ltr'><strong>ab</strong></span> 
     </span>
    </p>
   </div>
   <div class='ocr_carea' id='block_1_10' title="bbox 508 962 2149 1044">
    <p class='ocr_par' dir='ltr' id='par_1_10' title="bbox 508 962 2149 1044">
     <span class='ocr_line' id='line_1_11' title="bbox 508 962 2149 1044; baseline -0.013 -7"><span class='ocrx_word' id='word_1_53' title='bbox 508 999 626 1037; x_wconf 89' lang='lat' dir='ltr'><strong>una</strong></span> <span class='ocrx_word' id='word_1_54' title='bbox 656 983 870 1044; x_wconf 90' lang='lat' dir='ltr'><strong>anima,</strong></span> <span class='ocrx_word' id='word_1_55' title='bbox 897 979 1136 1034; x_wconf 90' lang='lat' dir='ltr'><strong>veniunt</strong></span> <span class='ocrx_word' id='word_1_56' title='bbox 1157 976 1214 1030; x_wconf 91' lang='lat' dir='ltr'><strong>in</strong></span> <span class='ocrx_word' id='word_1_57' title='bbox 1236 973 1428 1028; x_wconf 90' lang='lat' dir='ltr'><strong>locum</strong></span> <span class='ocrx_word' id='word_1_58' title='bbox 1455 969 1873 1034; x_wconf 85' lang='lat' dir='ltr'><strong>maleficorum,</strong></span> <span class='ocrx_word' id='word_1_59' title='bbox 1898 962 1995 1017; x_wconf 88' lang='lat' dir='ltr'><strong>ubi</strong></span> <span class='ocrx_word' id='word_1_60' title='bbox 2021 979 2149 1034; x_wconf 84' lang='lat' dir='ltr'><strong>pro-</strong></span> 
     </span>
    </p>
   </div>
   <div class='ocr_carea' id='block_1_11' title="bbox 506 1049 2150 1142">
    <p class='ocr_par' dir='ltr' id='par_1_11' title="bbox 506 1049 2150 1142">
     <span class='ocr_line' id='line_1_12' title="bbox 506 1049 2150 1142; baseline -0.013 -17"><span class='ocrx_word' id='word_1_61' title='bbox 506 1071 727 1142; x_wconf 87' lang='lat' dir='ltr'><strong>jectum</strong></span> <span class='ocrx_word' id='word_1_62' title='bbox 762 1069 944 1122; x_wconf 82' lang='lat' dir='ltr'><strong>fuerat</strong></span> <span class='ocrx_word' id='word_1_63' title='bbox 975 1080 1188 1135; x_wconf 90' lang='lat' dir='ltr'><strong>corpus</strong></span> <span class='ocrx_word' id='word_1_64' title='bbox 1220 1060 1492 1131; x_wconf 84' lang='lat' dir='ltr'><strong>martyris</strong></span> <span class='ocrx_word' id='word_1_65' title='bbox 1514 1061 1572 1112; x_wconf 87' lang='lat' dir='ltr'><strong>et</strong></span> <span class='ocrx_word' id='word_1_66' title='bbox 1594 1058 1861 1111; x_wconf 90' lang='lat' dir='ltr'><strong>sanctum</strong></span> <span class='ocrx_word' id='word_1_67' title='bbox 1894 1049 2150 1106; x_wconf 86' lang='lat' dir='ltr'><strong>confusis</strong></span> 
     </span>
    </p>
   </div>
   <div class='ocr_carea' id='block_1_12' title="bbox 512 1138 2150 1226">
    <p class='ocr_par' dir='ltr' id='par_1_12' title="bbox 512 1138 2150 1226">
     <span class='ocr_line' id='line_1_13' title="bbox 512 1138 2150 1226; baseline -0.013 -13"><span class='ocrx_word' id='word_1_68' title='bbox 512 1138 566 1214; x_wconf 82' lang='lat' dir='ltr'><strong>et</strong></span> <span class='ocrx_word' id='word_1_69' title='bbox 611 1174 725 1212; x_wconf 92' lang='lat' dir='ltr'><strong>non</strong></span> <span class='ocrx_word' id='word_1_70' title='bbox 777 1153 1242 1226; x_wconf 80' lang='lat' dir='ltr'><strong>significantibus</strong></span> <span class='ocrx_word' id='word_1_71' title='bbox 1292 1148 1642 1204; x_wconf 86' lang='lat' dir='ltr'><strong>invocabant</strong></span> <span class='ocrx_word' id='word_1_72' title='bbox 1688 1143 1948 1198; x_wconf 86' lang='lat' dir='ltr'><strong>vocibus.</strong></span> <span class='ocrx_word' id='word_1_73' title='bbox 2002 1138 2150 1205; x_wconf 86' lang='lat' dir='ltr'><strong>Quin</strong></span> 
     </span>
    </p>
   </div>
   <div class='ocr_carea' id='block_1_13' title="bbox 513 1230 2149 1302">
    <p class='ocr_par' dir='ltr' id='par_1_13' title="bbox 513 1230 2149 1302">
     <span class='ocr_line' id='line_1_14' title="bbox 513 1230 2149 1302; baseline -0.012 -1"><span class='ocrx_word' id='word_1_74' title='bbox 513 1246 690 1302; x_wconf 90' lang='lat' dir='ltr'><strong>etiam</strong></span> <span class='ocrx_word' id='word_1_75' title='bbox 723 1249 932 1298; x_wconf 89' lang='lat' dir='ltr'><strong>terram</strong></span> <span class='ocrx_word' id='word_1_76' title='bbox 969 1241 1248 1296; x_wconf 82' lang='lat' dir='ltr'><strong>fodientes</strong></span> <span class='ocrx_word' id='word_1_77' title='bbox 1276 1237 1550 1292; x_wconf 89' lang='lat' dir='ltr'><strong>manibus</strong></span> <span class='ocrx_word' id='word_1_78' title='bbox 1573 1238 1629 1288; x_wconf 90' lang='lat' dir='ltr'><strong>et</strong></span> <span class='ocrx_word' id='word_1_79' title='bbox 1649 1248 1779 1288; x_wconf 91' lang='lat' dir='ltr'><strong>eum</strong></span> <span class='ocrx_word' id='word_1_80' title='bbox 1801 1230 1860 1285; x_wconf 91' lang='lat' dir='ltr'><strong>in</strong></span> <span class='ocrx_word' id='word_1_81' title='bbox 1887 1237 2149 1300; x_wconf 89' lang='lat' dir='ltr'><strong>apertum</strong></span> 
     </span>
    </p>
   </div>
   <div class='ocr_carea' id='block_1_14' title="bbox 514 1317 2146 1406">
    <p class='ocr_par' dir='ltr' id='par_1_14' title="bbox 514 1317 2146 1406">
     <span class='ocr_line' id='line_1_15' title="bbox 514 1317 2146 1406; baseline -0.012 -16"><span class='ocrx_word' id='word_1_82' title='bbox 514 1332 769 1406; x_wconf 87' lang='lat' dir='ltr'><strong>proferre</strong></span> <span class='ocrx_word' id='word_1_83' title='bbox 801 1329 1234 1393; x_wconf 83' lang='lat' dir='ltr'><strong>contendentes,</strong></span> <span class='ocrx_word' id='word_1_84' title='bbox 1265 1327 1322 1380; x_wconf 89' lang='lat' dir='ltr'><strong>in</strong></span> <span class='ocrx_word' id='word_1_85' title='bbox 1357 1337 1668 1395; x_wconf 89' lang='lat' dir='ltr'><strong>corporum</strong></span> <span class='ocrx_word' id='word_1_86' title='bbox 1699 1318 2025 1390; x_wconf 82' lang='lat' dir='ltr'><strong>congeriem</strong></span> <span class='ocrx_word' id='word_1_87' title='bbox 2059 1317 2146 1370; x_wconf 87' lang='lat' dir='ltr'><strong>in-</strong></span> 
     </span>
    </p>
   </div>
   <div class='ocr_carea' id='block_1_15' title="bbox 513 1407 2150 1488">
    <p class='ocr_par' dir='ltr' id='par_1_15' title="bbox 513 1407 2150 1488">
     <span class='ocr_line' id='line_1_16' title="bbox 513 1407 2150 1488; baseline -0.012 -10"><span class='ocrx_word' id='word_1_88' title='bbox 513 1423 760 1479; x_wconf 83' lang='lat' dir='ltr'><strong>cidunt:</strong></span> <span class='ocrx_word' id='word_1_89' title='bbox 806 1420 906 1475; x_wconf 89' lang='lat' dir='ltr'><strong>sed</strong></span> <span class='ocrx_word' id='word_1_90' title='bbox 953 1418 1084 1472; x_wconf 88' lang='lat' dir='ltr'><strong>aliis</strong></span> <span class='ocrx_word' id='word_1_91' title='bbox 1133 1413 1468 1488; x_wconf 66' lang='lat' dir='ltr'><strong>praeteritis,</strong></span> <span class='ocrx_word' id='word_1_92' title='bbox 1509 1429 1540 1467; x_wconf 92' lang='grc' dir='ltr'><strong>ο</strong></span> <span class='ocrx_word' id='word_1_93' title='bbox 1591 1407 1975 1464; x_wconf 80' lang='lat' dir='ltr'><strong>miraculum!</strong></span> <span class='ocrx_word' id='word_1_94' title='bbox 2020 1421 2150 1462; x_wconf 90' lang='lat' dir='ltr'><strong>eum</strong></span> 
     </span>
    </p>
   </div>
   <div class='ocr_carea' id='block_1_16' title="bbox 514 1495 2155 1580">
    <p class='ocr_par' dir='ltr' id='par_1_16' title="bbox 514 1495 2155 1580">
     <span class='ocr_line' id='line_1_17' title="bbox 514 1495 2155 1580; baseline -0.01 -14"><span class='ocrx_word' id='word_1_95' title='bbox 514 1511 709 1567; x_wconf 84' lang='lat' dir='ltr'><strong>statim</strong></span> <span class='ocrx_word' id='word_1_96' title='bbox 741 1510 1122 1580; x_wconf 90' lang='lat' dir='ltr'><strong>agnoverunt,</strong></span> <span class='ocrx_word' id='word_1_97' title='bbox 1142 1504 1242 1575; x_wconf 87' lang='lat' dir='ltr'><strong>qui</strong></span> <span class='ocrx_word' id='word_1_98' title='bbox 1272 1503 1429 1573; x_wconf 87' lang='lat' dir='ltr'><strong>ipsos</strong></span> <span class='ocrx_word' id='word_1_99' title='bbox 1451 1501 1686 1556; x_wconf 89' lang='lat' dir='ltr'><strong>vocabat</strong></span> <span class='ocrx_word' id='word_1_100' title='bbox 1708 1502 1763 1554; x_wconf 87' lang='lat' dir='ltr'><strong>et</strong></span> <span class='ocrx_word' id='word_1_101' title='bbox 1795 1495 2155 1552; x_wconf 81' lang='lat' dir='ltr'><strong>sustulerunt</strong></span> 
     </span>
    </p>
   </div>
   <div class='ocr_carea' id='block_1_17' title="bbox 515 1585 2152 1670">
    <p class='ocr_par' dir='ltr' id='par_1_17' title="bbox 515 1585 2152 1670">
     <span class='ocr_line' id='line_1_18' title="bbox 515 1585 2152 1670; baseline -0.012 -15"><span class='ocrx_word' id='word_1_102' title='bbox 515 1615 749 1670; x_wconf 88' lang='lat' dir='ltr'><strong>corpus,</strong></span> <span class='ocrx_word' id='word_1_103' title='bbox 783 1612 927 1667; x_wconf 91' lang='lat' dir='ltr'><strong>quos</strong></span> <span class='ocrx_word' id='word_1_104' title='bbox 957 1594 1030 1650; x_wconf 85' lang='lat' dir='ltr'><strong>ad</strong></span> <span class='ocrx_word' id='word_1_105' title='bbox 1063 1594 1275 1664; x_wconf 87' lang='lat' dir='ltr'><strong>ipsum,</strong></span> <span class='ocrx_word' id='word_1_106' title='bbox 1309 1590 1608 1645; x_wconf 88' lang='lat' dir='ltr'><strong>advolante</strong></span> <span class='ocrx_word' id='word_1_107' title='bbox 1640 1587 1842 1658; x_wconf 88' lang='lat' dir='ltr'><strong>gratia,</strong></span> <span class='ocrx_word' id='word_1_108' title='bbox 1877 1585 2020 1639; x_wconf 82' lang='lat' dir='ltr'><strong>forte</strong></span> <span class='ocrx_word' id='word_1_109' title='bbox 2051 1600 2152 1637; x_wconf 89' lang='lat' dir='ltr'><strong>au-</strong></span> 
     </span>
    </p>
   </div>
   <div class='ocr_carea' id='block_1_18' title="bbox 514 1673 2150 1752">
    <p class='ocr_par' dir='ltr' id='par_1_18' title="bbox 514 1673 2150 1752">
     <span class='ocr_line' id='line_1_19' title="bbox 514 1673 2150 1752; baseline -0.011 -9"><span class='ocrx_word' id='word_1_110' title='bbox 514 1692 630 1743; x_wconf 89' lang='lat' dir='ltr'><strong>tem</strong></span> <span class='ocrx_word' id='word_1_111' title='bbox 656 1687 830 1741; x_wconf 90' lang='lat' dir='ltr'><strong>etiam</strong></span> <span class='ocrx_word' id='word_1_112' title='bbox 867 1683 1012 1738; x_wconf 89' lang='lat' dir='ltr'><strong>mira</strong></span> <span class='ocrx_word' id='word_1_113' title='bbox 1048 1680 1380 1752; x_wconf 79' lang='lat' dir='ltr'><strong>fragrantia,</strong></span> <span class='ocrx_word' id='word_1_114' title='bbox 1409 1678 1656 1732; x_wconf 88' lang='lat' dir='ltr'><strong>obscure</strong></span> <span class='ocrx_word' id='word_1_115' title='bbox 1690 1675 1757 1730; x_wconf 91' lang='lat' dir='ltr'><strong>ad</strong></span> <span class='ocrx_word' id='word_1_116' title='bbox 1792 1689 1853 1729; x_wconf 83' lang='lat' dir='ltr'><strong>se</strong></span> <span class='ocrx_word' id='word_1_117' title='bbox 1883 1673 2035 1727; x_wconf 88' lang='lat' dir='ltr'><strong>viros</strong></span> <span class='ocrx_word' id='word_1_118' title='bbox 2061 1676 2150 1726; x_wconf 89' lang='lat' dir='ltr'><strong>at-</strong></span> 
     </span>
    </p>
   </div>
   <div class='ocr_carea' id='block_1_19' title="bbox 511 1762 2150 1841">
    <p class='ocr_par' dir='ltr' id='par_1_19' title="bbox 511 1762 2150 1841">
     <span class='ocr_line' id='line_1_20' title="bbox 511 1762 2150 1841; baseline -0.012 -10"><span class='ocrx_word' id='word_1_119' title='bbox 511 1781 780 1832; x_wconf 80' lang='lat' dir='ltr'><strong>traxerat.</strong></span> <span class='ocrx_word' id='word_1_120' title='bbox 799 1772 905 1826; x_wconf 86' lang='lat' dir='ltr'><strong>Sed</strong></span> <span class='ocrx_word' id='word_1_121' title='bbox 931 1771 985 1824; x_wconf 93' lang='lat' dir='ltr'><strong>id</strong></span> <span class='ocrx_word' id='word_1_122' title='bbox 1012 1769 1248 1841; x_wconf 89' lang='lat' dir='ltr'><strong>quidem</strong></span> <span class='ocrx_word' id='word_1_123' title='bbox 1273 1770 1543 1822; x_wconf 85' lang='lat' dir='ltr'><strong>ornatum</strong></span> <span class='ocrx_word' id='word_1_124' title='bbox 1569 1762 2004 1819; x_wconf 85' lang='lat' dir='ltr'><strong>convenientem</strong></span> <span class='ocrx_word' id='word_1_125' title='bbox 2037 1763 2150 1814; x_wconf 84' lang='lat' dir='ltr'><strong>sta-</strong></span> 
     </span>
    </p>
   </div>
   <div class='ocr_carea' id='block_1_20' title="bbox 2253 589 3946 669">
    <p class='ocr_par' dir='ltr' id='par_1_20' title="bbox 2253 589 3946 669">
     <span class='ocr_line' id='line_1_21' title="bbox 2253 589 3946 669; baseline -0.005 -17"><span class='ocrx_word' id='word_1_126' title='bbox 2253 595 2481 654; x_wconf 74' lang='grc' dir='ltr'>ἕκαστον</span> <span class='ocrx_word' id='word_1_127' title='bbox 2520 599 2555 665; x_wconf 86' lang='grc' dir='ltr'><strong>ἡ</strong></span> <span class='ocrx_word' id='word_1_128' title='bbox 2591 596 2733 669; x_wconf 78' lang='grc' dir='ltr'>ῥοπὴ</span> <span class='ocrx_word' id='word_1_129' title='bbox 2763 597 2860 649; x_wconf 76' lang='grc' dir='ltr'>τοῦ</span> <span class='ocrx_word' id='word_1_130' title='bbox 2910 591 3250 653; x_wconf 76' lang='grc' dir='ltr'>ἐνοικοῦντος</span> <span class='ocrx_word' id='word_1_131' title='bbox 3281 591 3462 646; x_wconf 76' lang='grc' dir='ltr'>αὐτῶν</span> <span class='ocrx_word' id='word_1_132' title='bbox 3513 592 3561 627; x_wconf 78' lang='grc'><strong>²²</strong></span> <span class='ocrx_word' id='word_1_133' title='bbox 3607 589 3946 662; x_wconf 70' lang='grc' dir='ltr'>πνεύματος</span> 
     </span>
    </p>
   </div>
   <div class='ocr_carea' id='block_1_21' title="bbox 2256 678 3942 756">
    <p class='ocr_par' dir='ltr' id='par_1_21' title="bbox 2256 678 3942 756">
     <span class='ocr_line' id='line_1_22' title="bbox 2256 678 3942 756; baseline -0.004 -15"><span class='ocrx_word' id='word_1_134' title='bbox 2256 685 2488 756; x_wconf 77' lang='grc' dir='ltr'>ἤλαυνεν</span> <span class='ocrx_word' id='word_1_135' title='bbox 2526 705 2538 718; x_wconf 88' lang='grc'><strong>·</strong></span> <span class='ocrx_word' id='word_1_136' title='bbox 2605 686 2681 745; x_wconf 84' lang='grc' dir='ltr'>εἷς</span> <span class='ocrx_word' id='word_1_137' title='bbox 2741 681 2904 739; x_wconf 79' lang='grc' dir='ltr'>ταύτὸ</span> <span class='ocrx_word' id='word_1_138' title='bbox 2979 682 3218 751; x_wconf 80' lang='grc' dir='ltr'><strong>καθάπαξ</strong></span> <span class='ocrx_word' id='word_1_139' title='bbox 3275 679 3555 750; x_wconf 71' lang='grc' dir='ltr'>ἂλλήλοις</span> <span class='ocrx_word' id='word_1_140' title='bbox 3615 678 3942 751; x_wconf 75' lang='grc' dir='ltr'>συνῆλθον,</span> 
     </span>
    </p>
   </div>
   <div class='ocr_carea' id='block_1_22' title="bbox 2257 767 3940 850">
    <p class='ocr_par' dir='ltr' id='par_1_22' title="bbox 2257 767 3940 850">
     <span class='ocr_line' id='line_1_23' title="bbox 2257 767 3940 850; baseline -0.004 -18"><span class='ocrx_word' id='word_1_141' title='bbox 2257 777 2345 832; x_wconf 79' lang='grc' dir='ltr'><strong>καὶ</strong></span> <span class='ocrx_word' id='word_1_142' title='bbox 2386 779 2454 850; x_wconf 80' lang='grc' dir='ltr'>τῇ</span> <span class='ocrx_word' id='word_1_143' title='bbox 2513 773 2765 846; x_wconf 79' lang='grc' dir='ltr'>κοινωνίᾳ</span> <span class='ocrx_word' id='word_1_144' title='bbox 2819 767 2920 842; x_wconf 67' lang='grc' dir='ltr'>τῆς</span> <span class='ocrx_word' id='word_1_145' title='bbox 2976 776 3280 850; x_wconf 69' lang='grc' dir='ltr'>συμφορᾶς,</span> <span class='ocrx_word' id='word_1_146' title='bbox 3314 771 3600 825; x_wconf 75' lang='grc' dir='ltr'>κοινωνίαν</span> <span class='ocrx_word' id='word_1_147' title='bbox 3660 771 3768 824; x_wconf 73' lang='grc' dir='ltr'><strong>καὶ</strong></span> <span class='ocrx_word' id='word_1_148' title='bbox 3843 777 3940 838; x_wconf 74' lang='grc' dir='ltr'>τῆς</span> 
     </span>
    </p>
   </div>
   <div class='ocr_carea' id='block_1_23' title="bbox 2258 857 3941 940">
    <p class='ocr_par' dir='ltr' id='par_1_23' title="bbox 2258 857 3941 940">
     <span class='ocr_line' id='line_1_24' title="bbox 2258 857 3941 940; baseline -0.004 -19"><span class='ocrx_word' id='word_1_149' title='bbox 2258 861 2542 940; x_wconf 70' lang='grc' dir='ltr'>διατριϐῆς</span> <span class='ocrx_word' id='word_1_150' title='bbox 2585 863 2794 934; x_wconf 79' lang='grc' dir='ltr'>ἐκείνης</span> <span class='ocrx_word' id='word_1_151' title='bbox 2824 863 2914 918; x_wconf 83' lang='grc' dir='ltr'><strong>καὶ</strong></span> <span class='ocrx_word' id='word_1_152' title='bbox 2973 867 3072 930; x_wconf 78' lang='grc' dir='ltr'>τῆς</span> <span class='ocrx_word' id='word_1_153' title='bbox 3123 861 3334 930; x_wconf 78' lang='grc' dir='ltr'>πλάνης</span> <span class='ocrx_word' id='word_1_154' title='bbox 3384 859 3671 933; x_wconf 73' lang='grc' dir='ltr'>ἑλόμενοι,</span> <span class='ocrx_word' id='word_1_155' title='bbox 3708 857 3941 929; x_wconf 73' lang='grc' dir='ltr'>πολλήν</span> 
     </span>
    </p>
   </div>
   <div class='ocr_carea' id='block_1_24' title="bbox 2258 947 3935 1028">
    <p class='ocr_par' dir='ltr' id='par_1_24' title="bbox 2258 947 3935 1028">
     <span class='ocr_line' id='line_1_25' title="bbox 2258 947 3935 1028; baseline -0.005 -18"><span class='ocrx_word' id='word_1_156' title='bbox 2258 949 2576 1028; x_wconf 75' lang='grc' dir='ltr'>ἀμείϐοντες</span> <span class='ocrx_word' id='word_1_157' title='bbox 2630 959 2754 1028; x_wconf 78' lang='grc' dir='ltr'>γῆν,</span> <span class='ocrx_word' id='word_1_158' title='bbox 2787 950 2980 1026; x_wconf 85' lang='grc' dir='ltr'>ἀθρόον</span> <span class='ocrx_word' id='word_1_159' title='bbox 3042 949 3221 1024; x_wconf 84' lang='grc' dir='ltr'>ὥσπερ</span> <span class='ocrx_word' id='word_1_160' title='bbox 3283 950 3387 1004; x_wconf 81' lang='grc' dir='ltr'><strong>ἀπὸ</strong></span> <span class='ocrx_word' id='word_1_161' title='bbox 3458 952 3586 1014; x_wconf 79' lang='grc' dir='ltr'>μιᾶς</span> <span class='ocrx_word' id='word_1_162' title='bbox 3619 947 3935 1020; x_wconf 79' lang='grc' dir='ltr'>ἑλκόμενοι</span> 
     </span>
    </p>
   </div>
   <div class='ocr_carea' id='block_1_25' title="bbox 2256 1037 3932 1116">
    <p class='ocr_par' dir='ltr' id='par_1_25' title="bbox 2256 1037 3932 1116">
     <span class='ocr_line' id='line_1_26' title="bbox 2256 1037 3932 1116; baseline -0.004 -19"><span class='ocrx_word' id='word_1_163' title='bbox 2256 1050 2355 1113; x_wconf 80' lang='grc' dir='ltr'>τῆς</span> <span class='ocrx_word' id='word_1_164' title='bbox 2415 1045 2640 1116; x_wconf 53' lang='grc' dir='ltr'>ψυχῆς</span> <span class='ocrx_word' id='word_1_165' title='bbox 2668 1045 2744 1112; x_wconf 77' lang='grc' dir='ltr'>τῷ</span> <span class='ocrx_word' id='word_1_166' title='bbox 2789 1043 2898 1094; x_wconf 90' lang='grc' dir='ltr'><strong>τῶν</strong></span> <span class='ocrx_word' id='word_1_167' title='bbox 2939 1038 3256 1113; x_wconf 74' lang='grc' dir='ltr'>κακούργων</span> <span class='ocrx_word' id='word_1_168' title='bbox 3307 1037 3598 1115; x_wconf 65' lang='grc' dir='ltr'>ἐφίσταντο</span> <span class='ocrx_word' id='word_1_169' title='bbox 3642 1037 3698 1072; x_wconf 69' lang='grc'><strong>³³</strong></span> <span class='ocrx_word' id='word_1_170' title='bbox 3753 1039 3932 1108; x_wconf 81' lang='grc' dir='ltr'>τόπῳ,</span> 
     </span>
    </p>
   </div>
   <div class='ocr_carea' id='block_1_26' title="bbox 2260 1124 3934 1205">
    <p class='ocr_par' dir='ltr' id='par_1_26' title="bbox 2260 1124 3934 1205">
     <span class='ocr_line' id='line_1_27' title="bbox 2260 1124 3934 1205; baseline -0.005 -18"><span class='ocrx_word' id='word_1_171' title='bbox 2260 1131 2385 1187; x_wconf 83' lang='grc' dir='ltr'>ὅποι</span> <span class='ocrx_word' id='word_1_172' title='bbox 2442 1133 2489 1168; x_wconf 69' lang='lat'><strong>2‘</strong></span> <span class='ocrx_word' id='word_1_173' title='bbox 2535 1128 2636 1205; x_wconf 81' lang='grc' dir='ltr'>ἄρα</span> <span class='ocrx_word' id='word_1_174' title='bbox 2690 1130 2779 1184; x_wconf 76' lang='grc' dir='ltr'><strong>καὶ</strong></span> <span class='ocrx_word' id='word_1_175' title='bbox 2840 1129 2866 1182; x_wconf 84' lang='grc' dir='ltr'><strong>ὁ</strong></span> <span class='ocrx_word' id='word_1_176' title='bbox 2925 1131 3020 1183; x_wconf 75' lang='grc' dir='ltr'><strong>τοῦ</strong></span> <span class='ocrx_word' id='word_1_177' title='bbox 3079 1129 3354 1202; x_wconf 85' lang='grc' dir='ltr'>μάρτυρος</span> <span class='ocrx_word' id='word_1_178' title='bbox 3410 1127 3599 1200; x_wconf 76' lang='grc' dir='ltr'>νεκρὸς</span> <span class='ocrx_word' id='word_1_179' title='bbox 3671 1124 3934 1201; x_wconf 68' lang='grc' dir='ltr'>ἔρῥιπτο,</span> 
     </span>
    </p>
   </div>
   <div class='ocr_carea' id='block_1_27' title="bbox 2258 1211 3932 1296">
    <p class='ocr_par' dir='ltr' id='par_1_27' title="bbox 2258 1211 3932 1296">
     <span class='ocr_line' id='line_1_28' title="bbox 2258 1211 3932 1296; baseline -0.005 -21"><span class='ocrx_word' id='word_1_180' title='bbox 2258 1221 2476 1276; x_wconf 75' lang='grc' dir='ltr'>καὶτὸν</span> <span class='ocrx_word' id='word_1_181' title='bbox 2537 1220 2690 1296; x_wconf 79' lang='grc' dir='ltr'>ἅγιον</span> <span class='ocrx_word' id='word_1_182' title='bbox 2751 1218 2988 1290; x_wconf 70' lang='grc' dir='ltr'>ἀσήμοις</span> <span class='ocrx_word' id='word_1_183' title='bbox 3047 1212 3366 1271; x_wconf 76' lang='grc' dir='ltr'>ἀπεϐοῶντο</span> <span class='ocrx_word' id='word_1_184' title='bbox 3423 1221 3654 1293; x_wconf 70' lang='grc' dir='ltr'>φωναῖς.</span> <span class='ocrx_word' id='word_1_185' title='bbox 3693 1217 3812 1271; x_wconf 81' lang='grc' dir='ltr'><strong>Καὶ</strong></span> <span class='ocrx_word' id='word_1_186' title='bbox 3873 1211 3932 1280; x_wconf 74' lang='grc' dir='ltr'><strong>δή</strong></span> 
     </span>
    </p>
   </div>
   <div class='ocr_carea' id='block_1_28' title="bbox 2257 1301 3934 1382">
    <p class='ocr_par' dir='ltr' id='par_1_28' title="bbox 2257 1301 3934 1382">
     <span class='ocr_line' id='line_1_29' title="bbox 2257 1301 3934 1382; baseline -0.004 -18"><span class='ocrx_word' id='word_1_187' title='bbox 2257 1310 2347 1364; x_wconf 82' lang='grc' dir='ltr'><strong>καὶ</strong></span> <span class='ocrx_word' id='word_1_188' title='bbox 2403 1314 2519 1370; x_wconf 86' lang='grc' dir='ltr'>ταῖς</span> <span class='ocrx_word' id='word_1_189' title='bbox 2576 1307 2731 1382; x_wconf 77' lang='grc' dir='ltr'>χερσὶ</span> <span class='ocrx_word' id='word_1_190' title='bbox 2769 1307 2868 1374; x_wconf 73' lang='grc' dir='ltr'>τὴν</span> <span class='ocrx_word' id='word_1_191' title='bbox 2899 1308 2944 1341; x_wconf 63' lang='grc'><strong>2⁵</strong></span> <span class='ocrx_word' id='word_1_192' title='bbox 2999 1307 3100 1380; x_wconf 75' lang='grc' dir='ltr'><strong>γῆν</strong></span> <span class='ocrx_word' id='word_1_193' title='bbox 3154 1303 3554 1378; x_wconf 67' lang='grc' dir='ltr'>ἀνορύττοντες,</span> <span class='ocrx_word' id='word_1_194' title='bbox 3614 1305 3715 1358; x_wconf 78' lang='grc' dir='ltr'><strong>καὶ</strong></span> <span class='ocrx_word' id='word_1_195' title='bbox 3788 1301 3934 1363; x_wconf 78' lang='grc' dir='ltr'>ὅλως</span> 
     </span>
    </p>
   </div>
   <div class='ocr_carea' id='block_1_29' title="bbox 2259 1391 3938 1473">
    <p class='ocr_par' dir='ltr' id='par_1_29' title="bbox 2259 1391 3938 1473">
     <span class='ocr_line' id='line_1_30' title="bbox 2259 1391 3938 1473; baseline -0.006 -20"><span class='ocrx_word' id='word_1_196' title='bbox 2259 1399 2380 1473; x_wconf 86' lang='grc' dir='ltr'>περὶ</span> <span class='ocrx_word' id='word_1_197' title='bbox 2449 1399 2548 1466; x_wconf 67' lang='grc' dir='ltr'>τὴν</span> <span class='ocrx_word' id='word_1_198' title='bbox 2619 1397 2783 1452; x_wconf 77' lang='grc' dir='ltr'><strong>αὖτοῦ</strong></span> <span class='ocrx_word' id='word_1_199' title='bbox 2851 1393 3150 1471; x_wconf 71' lang='grc' dir='ltr'>φανὲρωσιν</span> <span class='ocrx_word' id='word_1_200' title='bbox 3213 1391 3580 1470; x_wconf 70' lang='grc' dir='ltr'>ἐπειγόμενοι,</span> <span class='ocrx_word' id='word_1_201' title='bbox 3647 1394 3938 1464; x_wconf 71' lang='grc' dir='ltr'>σωμάτων</span> 
     </span>
    </p>
   </div>
   <div class='ocr_carea' id='block_1_30' title="bbox 2261 1479 3937 1561">
    <p class='ocr_par' dir='ltr' id='par_1_30' title="bbox 2261 1479 3937 1561">
     <span class='ocr_line' id='line_1_31' title="bbox 2261 1479 3937 1561; baseline -0.005 -19"><span class='ocrx_word' id='word_1_202' title='bbox 2261 1486 2646 1561; x_wconf 72' lang='grc' dir='ltr'>ἐντυγχάνουσι</span> <span class='ocrx_word' id='word_1_203' title='bbox 2707 1483 2924 1558; x_wconf 71' lang='grc' dir='ltr'>σωρεία,</span> <span class='ocrx_word' id='word_1_204' title='bbox 2971 1482 3060 1537; x_wconf 86' lang='grc' dir='ltr'><strong>καὶ</strong></span> <span class='ocrx_word' id='word_1_205' title='bbox 3099 1481 3226 1544; x_wconf 72' lang='grc' dir='ltr'>τοὺς</span> <span class='ocrx_word' id='word_1_206' title='bbox 3280 1480 3484 1544; x_wconf 77' lang='grc' dir='ltr'>ἄλλους</span> <span class='ocrx_word' id='word_1_207' title='bbox 3525 1479 3937 1556; x_wconf 73' lang='grc' dir='ltr'>παραδραμόν-</span> 
     </span>
    </p>
   </div>
   <div class='ocr_carea' id='block_1_31' title="bbox 2261 1569 3936 1646">
    <p class='ocr_par' dir='ltr' id='par_1_31' title="bbox 2261 1569 3936 1646">
     <span class='ocr_line' id='line_1_32' title="bbox 2261 1569 3936 1646; baseline -0.006 -16"><span class='ocrx_word' id='word_1_208' title='bbox 2261 1595 2370 1641; x_wconf 84' lang='grc' dir='ltr'>τες,</span> <span class='ocrx_word' id='word_1_209' title='bbox 2412 1573 2456 1628; x_wconf 80' lang='grc' dir='ltr'><strong>ὢ</strong></span> <span class='ocrx_word' id='word_1_210' title='bbox 2503 1579 2602 1628; x_wconf 76' lang='grc' dir='ltr'>τοῦ</span> <span class='ocrx_word' id='word_1_211' title='bbox 2644 1574 2938 1646; x_wconf 62' lang='grc' dir='ltr'>θαύματος,</span> <span class='ocrx_word' id='word_1_212' title='bbox 2970 1571 3161 1627; x_wconf 73' lang='grc' dir='ltr'>αὐτίκα</span> <span class='ocrx_word' id='word_1_213' title='bbox 3207 1572 3299 1625; x_wconf 83' lang='grc' dir='ltr'>τὸν</span> <span class='ocrx_word' id='word_1_214' title='bbox 3361 1569 3635 1626; x_wconf 74' lang='grc' dir='ltr'>καλοῦντα</span> <span class='ocrx_word' id='word_1_215' title='bbox 3691 1569 3936 1628; x_wconf 72' lang='grc' dir='ltr'>τούτους</span> 
     </span>
    </p>
   </div>
   <div class='ocr_carea' id='block_1_32' title="bbox 2260 1659 3936 1739">
    <p class='ocr_par' dir='ltr' id='par_1_32' title="bbox 2260 1659 3936 1739">
     <span class='ocr_line' id='line_1_33' title="bbox 2260 1659 3936 1739; baseline -0.004 -20"><span class='ocrx_word' id='word_1_216' title='bbox 2260 1663 2587 1739; x_wconf 79' lang='grc' dir='ltr'>ἐπέγνωσαν,</span> <span class='ocrx_word' id='word_1_217' title='bbox 2633 1663 2748 1718; x_wconf 76' lang='grc' dir='ltr'>καὶ.</span> <span class='ocrx_word' id='word_1_218' title='bbox 2779 1663 2840 1716; x_wconf 88' lang='grc' dir='ltr'>τὸ</span> <span class='ocrx_word' id='word_1_219' title='bbox 2883 1665 2980 1716; x_wconf 74' lang='grc' dir='ltr'><strong>τοῦ</strong></span> <span class='ocrx_word' id='word_1_220' title='bbox 3050 1661 3326 1735; x_wconf 73' lang='grc' dir='ltr'>μάρτυρος</span> <span class='ocrx_word' id='word_1_221' title='bbox 3386 1659 3667 1714; x_wconf 82' lang='grc' dir='ltr'>ἀνείλοντο</span> <span class='ocrx_word' id='word_1_222' title='bbox 3749 1664 3936 1732; x_wconf 86' lang='grc' dir='ltr'>σῶμα,</span> 
     </span>
    </p>
   </div>
   <div class='ocr_carea' id='block_1_33' title="bbox 2259 1749 3937 1831">
    <p class='ocr_par' dir='ltr' id='par_1_33' title="bbox 2259 1749 3937 1831">
     <span class='ocr_line' id='line_1_34' title="bbox 2259 1749 3937 1831; baseline -0.004 -21"><span class='ocrx_word' id='word_1_223' title='bbox 2259 1759 2326 1827; x_wconf 82' lang='grc' dir='ltr'>τῇ</span> <span class='ocrx_word' id='word_1_224' title='bbox 2375 1755 2712 1831; x_wconf 71' lang='grc' dir='ltr'>ἓφιπταμένῃ</span> <span class='ocrx_word' id='word_1_225' title='bbox 2761 1752 2908 1823; x_wconf 77' lang='grc' dir='ltr'>αὐτῷ</span> <span class='ocrx_word' id='word_1_226' title='bbox 2962 1754 3176 1830; x_wconf 69' lang='grc' dir='ltr'>χάριτι,</span> <span class='ocrx_word' id='word_1_227' title='bbox 3207 1751 3349 1826; x_wconf 77' lang='grc' dir='ltr'>τάχα</span> <span class='ocrx_word' id='word_1_228' title='bbox 3384 1749 3564 1805; x_wconf 76' lang='grc' dir='ltr'>δὲκαὶ</span> <span class='ocrx_word' id='word_1_229' title='bbox 3613 1753 3686 1824; x_wconf 81' lang='grc' dir='ltr'>τῇ</span> <span class='ocrx_word' id='word_1_230' title='bbox 3741 1749 3937 1821; x_wconf 86' lang='grc' dir='ltr'>πολλῇ</span> 
     </span>
    </p>
   </div>
   <div class='ocr_carea' id='block_1_34' title="bbox 514 1837 2155 1924">
    <p class='ocr_par' dir='ltr' id='par_1_34' title="bbox 514 1848 2150 1919">
     <span class='ocr_line' id='line_1_35' title="bbox 514 1848 2150 1919; baseline -0.012 1"><span class='ocrx_word' id='word_1_231' title='bbox 514 1864 623 1919; x_wconf 86' lang='lat' dir='ltr'><strong>tim</strong></span> <span class='ocrx_word' id='word_1_232' title='bbox 654 1867 743 1918; x_wconf 89' lang='lat' dir='ltr'><strong>est</strong></span> <span class='ocrx_word' id='word_1_233' title='bbox 773 1863 1102 1917; x_wconf 84' lang='lat' dir='ltr'><strong>assecutum</strong></span> <span class='ocrx_word' id='word_1_234' title='bbox 1129 1873 1141 1911; x_wconf 89' lang='lat'><strong><em>:</em></strong></span> <span class='ocrx_word' id='word_1_235' title='bbox 1177 1861 1234 1911; x_wconf 90' lang='lat' dir='ltr'><strong>et</strong></span> <span class='ocrx_word' id='word_1_236' title='bbox 1264 1852 1727 1910; x_wconf 86' lang='lat' dir='ltr'><strong>desiderantibus</strong></span> <span class='ocrx_word' id='word_1_237' title='bbox 1769 1849 2043 1905; x_wconf 88' lang='lat' dir='ltr'><strong>manibus</strong></span> <span class='ocrx_word' id='word_1_238' title='bbox 2092 1848 2150 1902; x_wconf 92' lang='lat' dir='ltr'><strong>in</strong></span> 
     </span>
    </p>
   </div>
   <div class='ocr_carea' id='block_1_35' title="bbox 2265 1837 3934 1924">
    <p class='ocr_par' dir='ltr' id='par_1_35' title="bbox 2265 1837 3934 1917">
     <span class='ocr_line' id='line_1_36' title="bbox 2265 1837 3934 1917; baseline -0.004 -20"><span class='ocrx_word' id='word_1_239' title='bbox 2265 1841 2477 1914; x_wconf 75' lang='grc' dir='ltr'>εὐωδίᾳ,</span> <span class='ocrx_word' id='word_1_240' title='bbox 2517 1844 2652 1915; x_wconf 82' lang='grc' dir='ltr'>πρὸς</span> <span class='ocrx_word' id='word_1_241' title='bbox 2696 1842 2881 1896; x_wconf 70' lang='grc' dir='ltr'>ἑαυτὸν</span> <span class='ocrx_word' id='word_1_242' title='bbox 2925 1841 2971 1877; x_wconf 63' lang='grc'><strong>³6</strong></span> <span class='ocrx_word' id='word_1_243' title='bbox 3007 1839 3134 1901; x_wconf 71' lang='grc' dir='ltr'>τοὺς</span> <span class='ocrx_word' id='word_1_244' title='bbox 3176 1837 3373 1914; x_wconf 79' lang='grc' dir='ltr'>ἄνδρας</span> <span class='ocrx_word' id='word_1_245' title='bbox 3419 1842 3636 1917; x_wconf 70' lang='grc' dir='ltr'>ἀφανῶς</span> <span class='ocrx_word' id='word_1_246' title='bbox 3695 1839 3934 1915; x_wconf 63' lang='grc' dir='ltr'><strong>ἐφελκό-</strong></span> 
     </span>
    </p>
   </div>
   <div class='ocr_carea' id='block_1_36' title="bbox 513 1939 2153 2012">
    <p class='ocr_par' dir='ltr' id='par_1_36' title="bbox 513 1939 2153 2012">
     <span class='ocr_line' id='line_1_37' title="bbox 513 1939 2153 2012; baseline -0.011 -5"><span class='ocrx_word' id='word_1_247' title='bbox 513 1968 676 2008; x_wconf 88' lang='lat' dir='ltr'><strong>sacro</strong></span> <span class='ocrx_word' id='word_1_248' title='bbox 705 1949 829 2005; x_wconf 89' lang='lat' dir='ltr'><strong>loco</strong></span> <span class='ocrx_word' id='word_1_249' title='bbox 859 1947 967 2002; x_wconf 90' lang='lat' dir='ltr'><strong>fuit</strong></span> <span class='ocrx_word' id='word_1_250' title='bbox 991 1949 1355 2002; x_wconf 87' lang='lat' dir='ltr'><strong>sacrosancte</strong></span> <span class='ocrx_word' id='word_1_251' title='bbox 1386 1941 1736 2012; x_wconf 87' lang='lat' dir='ltr'><strong>depositum.</strong></span> <span class='ocrx_word' id='word_1_252' title='bbox 1773 1939 1919 1993; x_wconf 85' lang='lat' dir='ltr'><strong>Loco</strong></span> <span class='ocrx_word' id='word_1_253' title='bbox 1961 1941 2153 1992; x_wconf 88' lang='lat' dir='ltr'><strong>autem</strong></span> 
     </span>
    </p>
   </div>
   <div class='ocr_carea' id='block_1_37' title="bbox 516 2025 2163 2098">
    <p class='ocr_par' dir='ltr' id='par_1_37' title="bbox 516 2025 2163 2098">
     <span class='ocr_line' id='line_1_38' title="bbox 516 2025 2163 2098; baseline -0.01 -3"><span class='ocrx_word' id='word_1_254' title='bbox 516 2055 728 2095; x_wconf 87' lang='lat' dir='ltr'><strong>nomen</strong></span> <span class='ocrx_word' id='word_1_255' title='bbox 759 2042 848 2093; x_wconf 87' lang='lat' dir='ltr'><strong>est</strong></span> <span class='ocrx_word' id='word_1_256' title='bbox 877 2035 1077 2092; x_wconf 87' lang='lat' dir='ltr'><strong>Crisis.</strong></span> <span class='ocrx_word' id='word_1_257' title='bbox 1103 2033 1207 2098; x_wconf 85' lang='lat' dir='ltr'><strong>Qui</strong></span> <span class='ocrx_word' id='word_1_258' title='bbox 1238 2036 1432 2087; x_wconf 88' lang='lat' dir='ltr'><strong>autem</strong></span> <span class='ocrx_word' id='word_1_259' title='bbox 1463 2031 1817 2085; x_wconf 83' lang='lat' dir='ltr'><strong>vexabantur</strong></span> <span class='ocrx_word' id='word_1_260' title='bbox 1839 2044 1870 2080; x_wconf 88' lang='lat' dir='ltr'><strong>a</strong></span> <span class='ocrx_word' id='word_1_261' title='bbox 1893 2025 2163 2080; x_wconf 70' lang='lat' dir='ltr'><strong>daemoni-</strong></span> 
     </span>
    </p>
   </div>
   <div class='ocr_carea' id='block_1_38' title="bbox 513 2116 2164 2196">
    <p class='ocr_par' dir='ltr' id='par_1_38' title="bbox 513 2116 2164 2196">
     <span class='ocr_line' id='line_1_39' title="bbox 513 2116 2164 2196; baseline -0.008 -14"><span class='ocrx_word' id='word_1_262' title='bbox 513 2127 650 2195; x_wconf 88' lang='lat' dir='ltr'><strong>bus,</strong></span> <span class='ocrx_word' id='word_1_263' title='bbox 693 2129 1113 2196; x_wconf 85' lang='lat' dir='ltr'><strong>consequenter</strong></span> <span class='ocrx_word' id='word_1_264' title='bbox 1161 2121 1640 2192; x_wconf 88' lang='lat' dir='ltr'><strong>adipiscebantur</strong></span> <span class='ocrx_word' id='word_1_265' title='bbox 1687 2116 2062 2179; x_wconf 90' lang='lat' dir='ltr'><strong>curationem,</strong></span> <span class='ocrx_word' id='word_1_266' title='bbox 2108 2119 2164 2168; x_wconf 89' lang='lat' dir='ltr'><strong>et</strong></span> 
     </span>
    </p>
   </div>
   <div class='ocr_carea' id='block_1_39' title="bbox 527 2203 2166 2281">
    <p class='ocr_par' dir='ltr' id='par_1_39' title="bbox 527 2203 2166 2281">
     <span class='ocr_line' id='line_1_40' title="bbox 527 2203 2166 2281; baseline -0.009 -9"><span class='ocrx_word' id='word_1_267' title='bbox 527 2217 768 2272; x_wconf 91' lang='lat' dir='ltr'><strong>domum</strong></span> <span class='ocrx_word' id='word_1_268' title='bbox 818 2215 1085 2271; x_wconf 88' lang='lat' dir='ltr'><strong>redibant</strong></span> <span class='ocrx_word' id='word_1_269' title='bbox 1131 2228 1265 2268; x_wconf 89' lang='lat' dir='ltr'><strong>cum</strong></span> <span class='ocrx_word' id='word_1_270' title='bbox 1315 2226 1529 2281; x_wconf 90' lang='lat' dir='ltr'><strong>magna</strong></span> <span class='ocrx_word' id='word_1_271' title='bbox 1573 2208 1771 2263; x_wconf 73' lang='lat' dir='ltr'><strong>laetitia</strong></span> <span class='ocrx_word' id='word_1_272' title='bbox 1819 2203 2166 2276; x_wconf 85' lang='lat' dir='ltr'><strong>accipientes</strong></span> 
     </span>
    </p>
   </div>
   <div class='ocr_carea' id='block_1_40' title="bbox 529 2295 1896 2377">
    <p class='ocr_par' dir='ltr' id='par_1_40' title="bbox 529 2295 1896 2377">
     <span class='ocr_line' id='line_1_41' title="bbox 529 2295 1896 2377; baseline -0.009 -17"><span class='ocrx_word' id='word_1_273' title='bbox 529 2305 837 2360; x_wconf 87' lang='lat' dir='ltr'><strong>sanitatem</strong></span> <span class='ocrx_word' id='word_1_274' title='bbox 867 2306 1147 2373; x_wconf 85' lang='lat' dir='ltr'><strong>tanquam</strong></span> <span class='ocrx_word' id='word_1_275' title='bbox 1181 2299 1493 2377; x_wconf 75' lang='lat' dir='ltr'><strong>mercedem</strong></span> <span class='ocrx_word' id='word_1_276' title='bbox 1525 2295 1896 2352; x_wconf 83' lang='lat' dir='ltr'><strong>inventionis.</strong></span> 
     </span>
    </p>
   </div>
   <div class='ocr_carea' id='block_1_41' title="bbox 596 2472 2167 2544">
    <p class='ocr_par' dir='ltr' id='par_1_41' title="bbox 596 2472 2167 2544">
     <span class='ocr_line' id='line_1_42' title="bbox 596 2472 2167 2544; baseline -0.008 -8"><span class='ocrx_word' id='word_1_277' title='bbox 596 2479 764 2536; x_wconf 88' lang='lat' dir='ltr'>XVII.</span> <span class='ocrx_word' id='word_1_278' title='bbox 800 2479 868 2534; x_wconf 84' lang='lat' dir='ltr'><strong>Et</strong></span> <span class='ocrx_word' id='word_1_279' title='bbox 900 2493 1051 2532; x_wconf 91' lang='lat' dir='ltr'><strong>nunc</strong></span> <span class='ocrx_word' id='word_1_280' title='bbox 1100 2480 1190 2532; x_wconf 91' lang='lat' dir='ltr'><strong>est</strong></span> <span class='ocrx_word' id='word_1_281' title='bbox 1221 2475 1392 2530; x_wconf 90' lang='lat' dir='ltr'><strong>nobis</strong></span> <span class='ocrx_word' id='word_1_282' title='bbox 1421 2490 1486 2530; x_wconf 89' lang='lat' dir='ltr'><strong>ex</strong></span> <span class='ocrx_word' id='word_1_283' title='bbox 1532 2472 1628 2529; x_wconf 89' lang='lat' dir='ltr'><strong>illo</strong></span> <span class='ocrx_word' id='word_1_284' title='bbox 1669 2477 1928 2544; x_wconf 83' lang='lat' dir='ltr'><strong>tempore</strong></span> <span class='ocrx_word' id='word_1_285' title='bbox 1969 2486 2167 2542; x_wconf 88' lang='lat' dir='ltr'><strong>perpe-</strong></span> 
     </span>
    </p>
   </div>
   <div class='ocr_carea' id='block_1_42' title="bbox 525 2563 2162 2633">
    <p class='ocr_par' dir='ltr' id='par_1_42' title="bbox 525 2563 2162 2633">
     <span class='ocr_line' id='line_1_43' title="bbox 525 2563 2162 2633; baseline -0.007 -9"><span class='ocrx_word' id='word_1_286' title='bbox 525 2573 668 2624; x_wconf 88' lang='lat' dir='ltr'><strong>tuus</strong></span> <span class='ocrx_word' id='word_1_287' title='bbox 698 2567 1028 2632; x_wconf 85' lang='lat' dir='ltr'><strong>thesaurus,</strong></span> <span class='ocrx_word' id='word_1_288' title='bbox 1051 2569 1108 2620; x_wconf 90' lang='lat' dir='ltr'><strong>et</strong></span> <span class='ocrx_word' id='word_1_289' title='bbox 1141 2563 1456 2632; x_wconf 90' lang='lat' dir='ltr'><strong>malorum,</strong></span> <span class='ocrx_word' id='word_1_290' title='bbox 1481 2579 1606 2633; x_wconf 70' lang='lat' dir='ltr'><strong>quae</strong></span> <span class='ocrx_word' id='word_1_291' title='bbox 1625 2578 1730 2617; x_wconf 89' lang='lat' dir='ltr'><strong>nos</strong></span> <span class='ocrx_word' id='word_1_292' title='bbox 1753 2576 1984 2630; x_wconf 88' lang='lat' dir='ltr'><strong>semper</strong></span> <span class='ocrx_word' id='word_1_293' title='bbox 2004 2575 2162 2613; x_wconf 89' lang='lat' dir='ltr'><strong>com-</strong></span> 
     </span>
    </p>
   </div>
   <div class='ocr_carea' id='block_1_43' title="bbox 527 2647 2164 2726">
    <p class='ocr_par' dir='ltr' id='par_1_43' title="bbox 527 2647 2164 2726">
     <span class='ocr_line' id='line_1_44' title="bbox 527 2647 2164 2726; baseline -0.006 -15"><span class='ocrx_word' id='word_1_294' title='bbox 527 2656 912 2726; x_wconf 85' lang='lat' dir='ltr'><strong>prehendunt,</strong></span> <span class='ocrx_word' id='word_1_295' title='bbox 947 2661 1168 2708; x_wconf 90' lang='lat' dir='ltr'><strong>certum</strong></span> <span class='ocrx_word' id='word_1_296' title='bbox 1203 2651 1496 2707; x_wconf 89' lang='lat' dir='ltr'><strong>solatium.</strong></span> <span class='ocrx_word' id='word_1_297' title='bbox 1532 2650 1674 2704; x_wconf 86' lang='lat' dir='ltr'><strong>Nam</strong></span> <span class='ocrx_word' id='word_1_298' title='bbox 1706 2665 1802 2703; x_wconf 91' lang='lat' dir='ltr'><strong>seu</strong></span> <span class='ocrx_word' id='word_1_299' title='bbox 1837 2647 2038 2702; x_wconf 89' lang='lat' dir='ltr'><strong>morbo</strong></span> <span class='ocrx_word' id='word_1_300' title='bbox 2068 2662 2164 2716; x_wconf 91' lang='lat' dir='ltr'><strong>op-</strong></span> 
     </span>
    </p>
   </div>
   <div class='ocr_carea' id='block_1_44' title="bbox 528 2735 2162 2814">
    <p class='ocr_par' dir='ltr' id='par_1_44' title="bbox 528 2735 2162 2814">
     <span class='ocr_line' id='line_1_45' title="bbox 528 2735 2162 2814; baseline -0.007 -15"><span class='ocrx_word' id='word_1_301' title='bbox 528 2744 797 2814; x_wconf 89' lang='lat' dir='ltr'><strong>primitur</strong></span> <span class='ocrx_word' id='word_1_302' title='bbox 835 2742 1066 2812; x_wconf 90' lang='lat' dir='ltr'><strong>aliquis,</strong></span> <span class='ocrx_word' id='word_1_303' title='bbox 1101 2757 1204 2794; x_wconf 86' lang='lat' dir='ltr'><strong>seu</strong></span> <span class='ocrx_word' id='word_1_304' title='bbox 1251 2738 1446 2810; x_wconf 89' lang='lat' dir='ltr'><strong>aliqua</strong></span> <span class='ocrx_word' id='word_1_305' title='bbox 1492 2737 1748 2792; x_wconf 87' lang='lat' dir='ltr'><strong>afﬁcitur</strong></span> <span class='ocrx_word' id='word_1_306' title='bbox 1794 2735 2028 2805; x_wconf 88' lang='lat' dir='ltr'><strong>injuria,</strong></span> <span class='ocrx_word' id='word_1_307' title='bbox 2061 2751 2162 2788; x_wconf 76' lang='lat' dir='ltr'><strong>seu</strong></span> 
     </span>
    </p>
   </div>
   <div class='ocr_carea' id='block_1_45' title="bbox 525 2821 2166 2902">
    <p class='ocr_par' dir='ltr' id='par_1_45' title="bbox 525 2821 2166 2902">
     <span class='ocr_line' id='line_1_46' title="bbox 525 2821 2166 2902; baseline -0.006 -16"><span class='ocrx_word' id='word_1_308' title='bbox 525 2832 718 2902; x_wconf 87' lang='lat' dir='ltr'><strong>aliquo</strong></span> <span class='ocrx_word' id='word_1_309' title='bbox 762 2829 873 2884; x_wconf 90' lang='lat' dir='ltr'><strong>alio</strong></span> <span class='ocrx_word' id='word_1_310' title='bbox 925 2845 1062 2884; x_wconf 90' lang='lat' dir='ltr'><strong>casu</strong></span> <span class='ocrx_word' id='word_1_311' title='bbox 1113 2831 1371 2895; x_wconf 88' lang='lat' dir='ltr'><strong>vexatur,</strong></span> <span class='ocrx_word' id='word_1_312' title='bbox 1403 2824 1600 2881; x_wconf 89' lang='lat' dir='ltr'><strong>omnia</strong></span> <span class='ocrx_word' id='word_1_313' title='bbox 1647 2825 1916 2894; x_wconf 85' lang='lat' dir='ltr'><strong>deponet,</strong></span> <span class='ocrx_word' id='word_1_314' title='bbox 1949 2823 1997 2877; x_wconf 89' lang='lat' dir='ltr'><strong>si</strong></span> <span class='ocrx_word' id='word_1_315' title='bbox 2031 2821 2166 2876; x_wconf 89' lang='lat' dir='ltr'><strong>illuc</strong></span> 
     </span>
    </p>
   </div>
   <div class='ocr_carea' id='block_1_46' title="bbox 528 2911 2164 2986">
    <p class='ocr_par' dir='ltr' id='par_1_46' title="bbox 528 2911 2164 2986">
     <span class='ocr_line' id='line_1_47' title="bbox 528 2911 2164 2986; baseline -0.006 -12"><span class='ocrx_word' id='word_1_316' title='bbox 528 2935 660 2976; x_wconf 91' lang='lat' dir='ltr'><strong>cum</strong></span> <span class='ocrx_word' id='word_1_317' title='bbox 694 2917 807 2972; x_wconf 87' lang='lat' dir='ltr'><strong>ﬁde</strong></span> <span class='ocrx_word' id='word_1_318' title='bbox 839 2917 1166 2984; x_wconf 86' lang='lat' dir='ltr'><strong>accesserit,</strong></span> <span class='ocrx_word' id='word_1_319' title='bbox 1200 2921 1255 2970; x_wconf 91' lang='lat' dir='ltr'><strong>et</strong></span> <span class='ocrx_word' id='word_1_320' title='bbox 1297 2914 1542 2986; x_wconf 87' lang='lat' dir='ltr'><strong>gratiam</strong></span> <span class='ocrx_word' id='word_1_321' title='bbox 1593 2915 1979 2982; x_wconf 85' lang='lat' dir='ltr'><strong>consequetur</strong></span> <span class='ocrx_word' id='word_1_322' title='bbox 2026 2911 2164 2964; x_wconf 80' lang='lat' dir='ltr'><strong>ube-</strong></span> 
     </span>
    </p>
   </div>
   <div class='ocr_carea' id='block_1_47' title="bbox 524 2999 2163 3074">
    <p class='ocr_par' dir='ltr' id='par_1_47' title="bbox 524 2999 2163 3074">
     <span class='ocr_line' id='line_1_48' title="bbox 524 2999 2163 3074; baseline -0.005 -13"><span class='ocrx_word' id='word_1_323' title='bbox 524 3008 733 3062; x_wconf 88' lang='lat' dir='ltr'><strong>riorem</strong></span> <span class='ocrx_word' id='word_1_324' title='bbox 760 3023 773 3072; x_wconf 95' lang='lat'><strong>;</strong></span> <span class='ocrx_word' id='word_1_325' title='bbox 798 3021 866 3060; x_wconf 87' lang='lat' dir='ltr'><strong>ex</strong></span> <span class='ocrx_word' id='word_1_326' title='bbox 897 3005 1254 3074; x_wconf 81' lang='lat' dir='ltr'><strong>benignitate</strong></span> <span class='ocrx_word' id='word_1_327' title='bbox 1285 3003 1504 3058; x_wconf 87' lang='lat' dir='ltr'><strong>scilicet</strong></span> <span class='ocrx_word' id='word_1_328' title='bbox 1527 3007 1582 3057; x_wconf 91' lang='lat' dir='ltr'><strong>et</strong></span> <span class='ocrx_word' id='word_1_329' title='bbox 1602 3000 1911 3056; x_wconf 86' lang='lat' dir='ltr'><strong>clementia</strong></span> <span class='ocrx_word' id='word_1_330' title='bbox 1934 2999 2163 3054; x_wconf 89' lang='lat' dir='ltr'><strong>Domini</strong></span> 
     </span>
    </p>
   </div>
   <div class='ocr_carea' id='block_1_48' title="bbox 524 3089 2163 3164">
    <p class='ocr_par' dir='ltr' id='par_1_48' title="bbox 524 3089 2163 3164">
     <span class='ocr_line' id='line_1_49' title="bbox 524 3089 2163 3164; baseline -0.004 -15"><span class='ocrx_word' id='word_1_331' title='bbox 524 3093 708 3150; x_wconf 85' lang='lat' dir='ltr'><strong>nostri</strong></span> <span class='ocrx_word' id='word_1_332' title='bbox 737 3094 876 3149; x_wconf 88' lang='lat' dir='ltr'><strong>Jesu</strong></span> <span class='ocrx_word' id='word_1_333' title='bbox 909 3093 1126 3149; x_wconf 88' lang='lat' dir='ltr'><strong>Christi</strong></span> <span class='ocrx_word' id='word_1_334' title='bbox 1153 3110 1164 3146; x_wconf 92' lang='lat'><strong>:</strong></span> <span class='ocrx_word' id='word_1_335' title='bbox 1193 3109 1364 3164; x_wconf 89' lang='lat' dir='ltr'><strong>quem</strong></span> <span class='ocrx_word' id='word_1_336' title='bbox 1389 3093 1548 3148; x_wconf 87' lang='lat' dir='ltr'><strong>decet</strong></span> <span class='ocrx_word' id='word_1_337' title='bbox 1578 3091 1770 3146; x_wconf 86' lang='lat' dir='ltr'><strong>omnis</strong></span> <span class='ocrx_word' id='word_1_338' title='bbox 1802 3089 2006 3161; x_wconf 87' lang='lat' dir='ltr'><strong>gloria,</strong></span> <span class='ocrx_word' id='word_1_339' title='bbox 2032 3105 2163 3143; x_wconf 89' lang='lat' dir='ltr'><strong>cum</strong></span> 
     </span>
    </p>
   </div>
   <div class='ocr_carea' id='block_1_49' title="bbox 2267 1926 3932 2004">
    <p class='ocr_par' dir='ltr' id='par_1_49' title="bbox 2267 1926 3932 2004">
     <span class='ocr_line' id='line_1_50' title="bbox 2267 1926 3932 2004; baseline -0.004 -18"><span class='ocrx_word' id='word_1_340' title='bbox 2267 1949 2468 2004; x_wconf 85' lang='grc' dir='ltr'>μενον·</span> <span class='ocrx_word' id='word_1_341' title='bbox 2502 1931 2648 1986; x_wconf 82' lang='grc' dir='ltr'><strong>ἀλλᾶ</strong></span> <span class='ocrx_word' id='word_1_342' title='bbox 2701 1929 2763 1985; x_wconf 83' lang='grc' dir='ltr'>τὸ</span> <span class='ocrx_word' id='word_1_343' title='bbox 2827 1930 2922 2002; x_wconf 75' lang='grc' dir='ltr'><strong>μὲν</strong></span> <span class='ocrx_word' id='word_1_344' title='bbox 2966 1928 3120 1991; x_wconf 66' lang='grc' dir='ltr'>εὐθὺς</span> <span class='ocrx_word' id='word_1_345' title='bbox 3189 1933 3283 1983; x_wconf 71' lang='grc' dir='ltr'>τοῦ</span> <span class='ocrx_word' id='word_1_346' title='bbox 3340 1931 3720 2003; x_wconf 68' lang='grc' dir='ltr'>προσήκοντος</span> <span class='ocrx_word' id='word_1_347' title='bbox 3797 1926 3932 1981; x_wconf 79' lang='grc' dir='ltr'><strong>ἀπέ-</strong></span> 
     </span>
    </p>
   </div>
   <div class='ocr_carea' id='block_1_50' title="bbox 2264 2018 3932 2094">
    <p class='ocr_par' dir='ltr' id='par_1_50' title="bbox 2264 2018 3932 2094">
     <span class='ocr_line' id='line_1_51' title="bbox 2264 2018 3932 2094; baseline -0.003 -19"><span class='ocrx_word' id='word_1_348' title='bbox 2264 2020 2428 2076; x_wconf 82' lang='grc' dir='ltr'>λαυσε</span> <span class='ocrx_word' id='word_1_349' title='bbox 2466 2022 2700 2094; x_wconf 77' lang='grc' dir='ltr'>κόσμου,</span> <span class='ocrx_word' id='word_1_350' title='bbox 2751 2021 2837 2074; x_wconf 80' lang='grc' dir='ltr'><strong>καὶ</strong></span> <span class='ocrx_word' id='word_1_351' title='bbox 2889 2020 3047 2094; x_wconf 81' lang='grc' dir='ltr'>χερσὶ</span> <span class='ocrx_word' id='word_1_352' title='bbox 3095 2019 3388 2078; x_wconf 73' lang='grc' dir='ltr'>ποθούσαις</span> <span class='ocrx_word' id='word_1_353' title='bbox 3454 2018 3504 2072; x_wconf 82' lang='grc' dir='ltr'><strong>ἐν</strong></span> <span class='ocrx_word' id='word_1_354' title='bbox 3563 2020 3702 2089; x_wconf 76' lang='grc' dir='ltr'>ἱερῷ</span> <span class='ocrx_word' id='word_1_355' title='bbox 3777 2019 3932 2087; x_wconf 75' lang='grc' dir='ltr'>τόπῳ</span> 
     </span>
    </p>
   </div>
   <div class='ocr_carea' id='block_1_51' title="bbox 2264 2105 3931 2183">
    <p class='ocr_par' dir='ltr' id='par_1_51' title="bbox 2264 2105 3931 2183">
     <span class='ocr_line' id='line_1_52' title="bbox 2264 2105 3931 2183; baseline -0.004 -20"><span class='ocrx_word' id='word_1_356' title='bbox 2264 2111 2423 2183; x_wconf 76' lang='grc' dir='ltr'>ἱερῶς</span> <span class='ocrx_word' id='word_1_357' title='bbox 2463 2109 2770 2172; x_wconf 79' lang='grc' dir='ltr'>κατετίθετο</span> <span class='ocrx_word' id='word_1_358' title='bbox 2817 2110 2881 2166; x_wconf 61' lang='lat'><strong>27.</strong></span> <span class='ocrx_word' id='word_1_359' title='bbox 2920 2109 3104 2181; x_wconf 81' lang='grc' dir='ltr'>Κρίσις</span> <span class='ocrx_word' id='word_1_360' title='bbox 3160 2112 3241 2179; x_wconf 74' lang='grc' dir='ltr'>τῷ</span> <span class='ocrx_word' id='word_1_361' title='bbox 3289 2106 3442 2179; x_wconf 81' lang='grc' dir='ltr'>τόπῳ</span> <span class='ocrx_word' id='word_1_362' title='bbox 3491 2107 3551 2160; x_wconf 64' lang='grc' dir='ltr'>τὸ</span> <span class='ocrx_word' id='word_1_363' title='bbox 3601 2105 3815 2178; x_wconf 79' lang='grc' dir='ltr'>ὄνομα.</span> <span class='ocrx_word' id='word_1_364' title='bbox 3867 2106 3931 2162; x_wconf 76' lang='lat' dir='ltr'><strong>Oi</strong></span> 
     </span>
    </p>
   </div>
   <div class='ocr_carea' id='block_1_52' title="bbox 2267 2193 3928 2270">
    <p class='ocr_par' dir='ltr' id='par_1_52' title="bbox 2267 2193 3928 2270">
     <span class='ocr_line' id='line_1_53' title="bbox 2267 2193 3928 2270; baseline -0.003 -18"><span class='ocrx_word' id='word_1_365' title='bbox 2267 2196 2631 2269; x_wconf 78' lang='grc' dir='ltr'>δαιμονῶντες</span> <span class='ocrx_word' id='word_1_366' title='bbox 2687 2195 2743 2251; x_wconf 70' lang='grc' dir='ltr'>δὲ</span> <span class='ocrx_word' id='word_1_367' title='bbox 2781 2197 2879 2264; x_wconf 73' lang='grc' dir='ltr'>τὴν</span> <span class='ocrx_word' id='word_1_368' title='bbox 2931 2194 3070 2250; x_wconf 82' lang='grc' dir='ltr'>ἷάσιν</span> <span class='ocrx_word' id='word_1_369' title='bbox 3131 2195 3448 2256; x_wconf 71' lang='grc' dir='ltr'>ἀκολούθως</span> <span class='ocrx_word' id='word_1_370' title='bbox 3515 2193 3799 2270; x_wconf 71' lang='grc' dir='ltr'>ἐτρύγων,</span> <span class='ocrx_word' id='word_1_371' title='bbox 3841 2194 3928 2248; x_wconf 75' lang='grc' dir='ltr'><strong>καὶ</strong></span> 
     </span>
    </p>
   </div>
   <div class='ocr_carea' id='block_1_53' title="bbox 2272 2281 3929 2361">
    <p class='ocr_par' dir='ltr' id='par_1_53' title="bbox 2272 2281 3929 2361">
     <span class='ocr_line' id='line_1_54' title="bbox 2272 2281 3929 2361; baseline -0.004 -19"><span class='ocrx_word' id='word_1_372' title='bbox 2272 2289 2403 2361; x_wconf 78' lang='grc' dir='ltr'>μετὰ</span> <span class='ocrx_word' id='word_1_373' title='bbox 2444 2287 2664 2356; x_wconf 81' lang='grc' dir='ltr'>πολλῆς</span> <span class='ocrx_word' id='word_1_374' title='bbox 2721 2283 2912 2339; x_wconf 79' lang='grc' dir='ltr'>οἷ’καδε</span> <span class='ocrx_word' id='word_1_375' title='bbox 2983 2291 3084 2354; x_wconf 78' lang='grc' dir='ltr'>τῆς</span> <span class='ocrx_word' id='word_1_376' title='bbox 3122 2281 3327 2354; x_wconf 78' lang='grc' dir='ltr'>ἡδονῆς</span> <span class='ocrx_word' id='word_1_377' title='bbox 3395 2284 3721 2358; x_wconf 75' lang='grc' dir='ltr'>ἐπανῄεσαν,</span> <span class='ocrx_word' id='word_1_378' title='bbox 3762 2282 3929 2337; x_wconf 75' lang='grc' dir='ltr'>οἷονεί</span> 
     </span>
    </p>
   </div>
   <div class='ocr_carea' id='block_1_54' title="bbox 2272 2371 3647 2451">
    <p class='ocr_par' dir='ltr' id='par_1_54' title="bbox 2272 2371 3647 2451">
     <span class='ocr_line' id='line_1_55' title="bbox 2272 2371 3647 2451; baseline -0.001 -21"><span class='ocrx_word' id='word_1_379' title='bbox 2272 2378 2457 2451; x_wconf 82' lang='grc' dir='ltr'>μισθὸν</span> <span class='ocrx_word' id='word_1_380' title='bbox 2489 2383 2590 2444; x_wconf 79' lang='grc' dir='ltr'>τῆς</span> <span class='ocrx_word' id='word_1_381' title='bbox 2619 2374 2880 2445; x_wconf 73' lang='grc' dir='ltr'>εὑρέσεως</span> <span class='ocrx_word' id='word_1_382' title='bbox 2906 2375 3004 2444; x_wconf 77' lang='grc' dir='ltr'>τήν</span> <span class='ocrx_word' id='word_1_383' title='bbox 3032 2373 3312 2448; x_wconf 86' lang='grc' dir='ltr'>θεραπείαν</span> <span class='ocrx_word' id='word_1_384' title='bbox 3351 2371 3647 2446; x_wconf 71' lang='grc' dir='ltr'>δεξάμενοι.</span> 
     </span>
    </p>
   </div>
   <div class='ocr_carea' id='block_1_55' title="bbox 2340 2458 3928 2534">
    <p class='ocr_par' dir='ltr' id='par_1_55' title="bbox 2340 2458 3928 2534">
     <span class='ocr_line' id='line_1_56' title="bbox 2340 2458 3928 2534; baseline -0.004 -15"><span class='ocrx_word' id='word_1_385' title='bbox 2340 2466 2432 2519; x_wconf 86' lang='grc' dir='ltr'><strong>1Ζ’.</strong></span> <span class='ocrx_word' id='word_1_386' title='bbox 2495 2462 2598 2518; x_wconf 79' lang='grc' dir='ltr'>Καὶ</span> <span class='ocrx_word' id='word_1_387' title='bbox 2655 2466 2744 2516; x_wconf 71' lang='grc' dir='ltr'>νῦν</span> <span class='ocrx_word' id='word_1_388' title='bbox 2822 2462 2963 2516; x_wconf 83' lang='grc' dir='ltr'>ἐστιν</span> <span class='ocrx_word' id='word_1_389' title='bbox 3022 2464 3158 2534; x_wconf 76' lang='grc' dir='ltr'>ἡμῖν</span> <span class='ocrx_word' id='word_1_390' title='bbox 3219 2461 3269 2533; x_wconf 80' lang='grc' dir='ltr'><strong>ἐξ</strong></span> <span class='ocrx_word' id='word_1_391' title='bbox 3363 2460 3569 2516; x_wconf 79' lang='grc' dir='ltr'>ἐκείνου</span> <span class='ocrx_word' id='word_1_392' title='bbox 3655 2458 3928 2531; x_wconf 75' lang='grc' dir='ltr'>διηνεκής</span> 
     </span>
    </p>
   </div>
   <div class='ocr_carea' id='block_1_56' title="bbox 2269 2546 3926 2626">
    <p class='ocr_par' dir='ltr' id='par_1_56' title="bbox 2269 2546 3926 2626">
     <span class='ocr_line' id='line_1_57' title="bbox 2269 2546 3926 2626; baseline -0.003 -20"><span class='ocrx_word' id='word_1_393' title='bbox 2269 2553 2560 2626; x_wconf 78' lang='grc' dir='ltr'>θησαυρὸς,</span> <span class='ocrx_word' id='word_1_394' title='bbox 2629 2550 2720 2604; x_wconf 83' lang='grc' dir='ltr'><strong>καὶ</strong></span> <span class='ocrx_word' id='word_1_395' title='bbox 2802 2556 2910 2604; x_wconf 85' lang='grc' dir='ltr'><strong>τῶν</strong></span> <span class='ocrx_word' id='word_1_396' title='bbox 3005 2551 3087 2605; x_wconf 78' lang='grc' dir='ltr'>ἀεὶ</span> <span class='ocrx_word' id='word_1_397' title='bbox 3172 2546 3712 2623; x_wconf 78' lang='grc' dir='ltr'>καταλαμϐανόντων</span> <span class='ocrx_word' id='word_1_398' title='bbox 3782 2552 3926 2620; x_wconf 74' lang='grc' dir='ltr'>ἡμᾶς</span> 
     </span>
    </p>
   </div>
   <div class='ocr_carea' id='block_1_57' title="bbox 2266 2638 3926 2717">
    <p class='ocr_par' dir='ltr' id='par_1_57' title="bbox 2266 2638 3926 2717">
     <span class='ocr_line' id='line_1_58' title="bbox 2266 2638 3926 2717; baseline -0.003 -21"><span class='ocrx_word' id='word_1_399' title='bbox 2266 2646 2447 2697; x_wconf 86' lang='grc' dir='ltr'>κακῶν</span> <span class='ocrx_word' id='word_1_400' title='bbox 2507 2639 2742 2717; x_wconf 70' lang='grc' dir='ltr'>ἀσφαλὲς</span> <span class='ocrx_word' id='word_1_401' title='bbox 2799 2641 3165 2712; x_wconf 72' lang='grc' dir='ltr'>παραμύθιον.</span> <span class='ocrx_word' id='word_1_402' title='bbox 3199 2639 3327 2696; x_wconf 70' lang='grc' dir='ltr'>Εἴτε</span> <span class='ocrx_word' id='word_1_403' title='bbox 3379 2641 3482 2715; x_wconf 73' lang='grc' dir='ltr'><strong>γὰρ</strong></span> <span class='ocrx_word' id='word_1_404' title='bbox 3531 2641 3678 2712; x_wconf 81' lang='grc' dir='ltr'>νόσῳ</span> <span class='ocrx_word' id='word_1_405' title='bbox 3751 2638 3926 2706; x_wconf 76' lang='grc' dir='ltr'>πιέζε-</span> 
     </span>
    </p>
   </div>
   <div class='ocr_carea' id='block_1_58' title="bbox 2266 2727 3922 2804">
    <p class='ocr_par' dir='ltr' id='par_1_58' title="bbox 2266 2727 3922 2804">
     <span class='ocr_line' id='line_1_59' title="bbox 2266 2727 3922 2804; baseline -0.003 -19"><span class='ocrx_word' id='word_1_406' title='bbox 2266 2730 2351 2785; x_wconf 88' lang='grc' dir='ltr'><strong>ταί</strong></span> <span class='ocrx_word' id='word_1_407' title='bbox 2402 2751 2506 2798; x_wconf 87' lang='grc' dir='ltr'>τις,</span> <span class='ocrx_word' id='word_1_408' title='bbox 2540 2728 2645 2784; x_wconf 71' lang='grc' dir='ltr'>εἶ’τε</span> <span class='ocrx_word' id='word_1_409' title='bbox 2703 2727 2928 2803; x_wconf 80' lang='grc' dir='ltr'>ἐπηρείᾳ</span> <span class='ocrx_word' id='word_1_410' title='bbox 2973 2728 3426 2804; x_wconf 74' lang='grc' dir='ltr'>ταλαιπωρεῖται,</span> <span class='ocrx_word' id='word_1_411' title='bbox 3461 2728 3568 2783; x_wconf 72' lang='grc' dir='ltr'>εἶ’τε</span> <span class='ocrx_word' id='word_1_412' title='bbox 3615 2730 3730 2783; x_wconf 77' lang='grc' dir='ltr'>τινὶ</span> <span class='ocrx_word' id='word_1_413' title='bbox 3791 2727 3922 2799; x_wconf 71' lang='grc' dir='ltr'>ἄλλῃ</span> 
     </span>
    </p>
   </div>
   <div class='ocr_carea' id='block_1_59' title="bbox 2270 2816 3920 2895">
    <p class='ocr_par' dir='ltr' id='par_1_59' title="bbox 2270 2816 3920 2895">
     <span class='ocr_line' id='line_1_60' title="bbox 2270 2816 3920 2895; baseline -0.003 -20"><span class='ocrx_word' id='word_1_414' title='bbox 2270 2818 2454 2895; x_wconf 74' lang='grc' dir='ltr'>ἔχεται</span> <span class='ocrx_word' id='word_1_415' title='bbox 2483 2821 2527 2854; x_wconf 77' lang='grc'><strong>²⁸</strong></span> <span class='ocrx_word' id='word_1_416' title='bbox 2566 2818 2898 2892; x_wconf 72' lang='grc' dir='ltr'>πτριστάσει,</span> <span class='ocrx_word' id='word_1_417' title='bbox 2940 2816 3111 2872; x_wconf 69' lang='grc' dir='ltr'>πάντα</span> <span class='ocrx_word' id='word_1_418' title='bbox 3155 2819 3289 2890; x_wconf 83' lang='grc' dir='ltr'><strong>μετᾶ</strong></span> <span class='ocrx_word' id='word_1_419' title='bbox 3327 2817 3558 2878; x_wconf 86' lang='grc' dir='ltr'>πίστεως</span> <span class='ocrx_word' id='word_1_420' title='bbox 3614 2816 3733 2871; x_wconf 81' lang='grc' dir='ltr'>ἐκεῖ</span> <span class='ocrx_word' id='word_1_421' title='bbox 3790 2836 3920 2889; x_wconf 77' lang='grc' dir='ltr'>παρ-</span> 
     </span>
    </p>
   </div>
   <div class='ocr_carea' id='block_1_60' title="bbox 2270 2903 3919 2981">
    <p class='ocr_par' dir='ltr' id='par_1_60' title="bbox 2270 2903 3919 2981">
     <span class='ocr_line' id='line_1_61' title="bbox 2270 2903 3919 2981; baseline 0.021 -19"><span class='ocrx_word' id='word_1_422' title='bbox 2270 2908 2446 2972; x_wconf 80' lang='grc' dir='ltr'>ελθὼν</span> <span class='ocrx_word' id='word_1_423' title='bbox 2503 2907 2550 2943; x_wconf 72' lang='lat'><strong>2°</strong></span> <span class='ocrx_word' id='word_1_424' title='bbox 2607 2906 2960 2977; x_wconf 77' lang='grc' dir='ltr'>ἀποϐήσεται,</span> <span class='ocrx_word' id='word_1_425' title='bbox 3018 2907 3108 2960; x_wconf 77' lang='grc' dir='ltr'><strong>καὶ</strong></span> <span class='ocrx_word' id='word_1_426' title='bbox 3175 2903 3586 2981; x_wconf 73' lang='grc' dir='ltr'>διαψιλεστέρας</span> <span class='ocrx_word' id='word_1_427' title='bbox 3652 2913 3762 2975; x_wconf 66' lang='grc' dir='ltr'><strong>τῆς</strong></span> <span class='ocrx_word' id='word_1_428' title='bbox 3823 2906 3919 2980; x_wconf 64' lang='grc' dir='ltr'><strong>χέ’</strong></span> 
     </span>
    </p>
   </div>
   <div class='ocr_carea' id='block_1_61' title="bbox 2273 2993 3914 3072">
    <p class='ocr_par' dir='ltr' id='par_1_61' title="bbox 2273 2993 3914 3072">
     <span class='ocr_line' id='line_1_62' title="bbox 2273 2993 3914 3072; baseline -0.002 -22"><span class='ocrx_word' id='word_1_429' title='bbox 2273 3017 2420 3072; x_wconf 86' lang='grc' dir='ltr'>ριτος</span> <span class='ocrx_word' id='word_1_430' title='bbox 2502 2993 2840 3050; x_wconf 71' lang='grc' dir='ltr'>ἀπολαύσειο</span> <span class='ocrx_word' id='word_1_431' title='bbox 2909 2995 3096 3069; x_wconf 75' lang='grc' dir='ltr'>χάριτι</span> <span class='ocrx_word' id='word_1_432' title='bbox 3191 2995 3281 3048; x_wconf 81' lang='grc' dir='ltr'><strong>καὶ</strong></span> <span class='ocrx_word' id='word_1_433' title='bbox 3366 2993 3763 3071; x_wconf 75' lang='grc' dir='ltr'>φιλανθρωπίᾳ</span> <span class='ocrx_word' id='word_1_434' title='bbox 3833 2998 3914 3047; x_wconf 67' lang='grc' dir='ltr'>τοῦ</span> 
     </span>
    </p>
   </div>
   <div class='ocr_carea' id='block_1_62' title="bbox 2271 3080 3917 3160">
    <p class='ocr_par' dir='ltr' id='par_1_62' title="bbox 2271 3080 3917 3160">
     <span class='ocr_line' id='line_1_63' title="bbox 2271 3080 3917 3160; baseline -0.005 -19"><span class='ocrx_word' id='word_1_435' title='bbox 2271 3085 2475 3160; x_wconf 77' lang='grc' dir='ltr'>Κυρίου</span> <span class='ocrx_word' id='word_1_436' title='bbox 2531 3085 2691 3156; x_wconf 77' lang='grc' dir='ltr'>ἡμῶν</span> <span class='ocrx_word' id='word_1_437' title='bbox 2761 3083 2943 3150; x_wconf 74' lang='grc' dir='ltr'><strong>Ἰησοῦ</strong></span> <span class='ocrx_word' id='word_1_438' title='bbox 3007 3086 3272 3157; x_wconf 74' lang='grc' dir='ltr'>Χριστοῦ,</span> <span class='ocrx_word' id='word_1_439' title='bbox 3309 3083 3426 3155; x_wconf 87' lang='grc' dir='ltr'>μεθ’</span> <span class='ocrx_word' id='word_1_440' title='bbox 3482 3084 3544 3137; x_wconf 78' lang='grc' dir='ltr'>οὗ</span> <span class='ocrx_word' id='word_1_441' title='bbox 3602 3088 3684 3155; x_wconf 79' lang='grc' dir='ltr'>τῷ</span> <span class='ocrx_word' id='word_1_442' title='bbox 3762 3080 3917 3152; x_wconf 77' lang='grc' dir='ltr'>Πατρὶ</span> 
     </span>
    </p>
   </div>
   <div class='ocr_carea' id='block_1_63' title="bbox 522 3169 2155 3261">
    <p class='ocr_par' dir='ltr' id='par_1_63' title="bbox 522 3175 2155 3251">
     <span class='ocr_line' id='line_1_64' title="bbox 522 3175 2155 3251; baseline -0.004 -14"><span class='ocrx_word' id='word_1_443' title='bbox 522 3184 688 3238; x_wconf 88' lang='lat' dir='ltr'><strong>Patre</strong></span> <span class='ocrx_word' id='word_1_444' title='bbox 719 3186 774 3236; x_wconf 89' lang='lat' dir='ltr'><strong>et</strong></span> <span class='ocrx_word' id='word_1_445' title='bbox 804 3185 1003 3236; x_wconf 88' lang='lat' dir='ltr'><strong>sancto</strong></span> <span class='ocrx_word' id='word_1_446' title='bbox 1036 3180 1252 3251; x_wconf 88' lang='lat' dir='ltr'><strong>Spiritu</strong></span> <span class='ocrx_word' id='word_1_447' title='bbox 1289 3197 1444 3236; x_wconf 90' lang='lat' dir='ltr'><strong>nunc</strong></span> <span class='ocrx_word' id='word_1_448' title='bbox 1471 3184 1528 3236; x_wconf 90' lang='lat' dir='ltr'><strong>et</strong></span> <span class='ocrx_word' id='word_1_449' title='bbox 1557 3194 1783 3248; x_wconf 88' lang='lat' dir='ltr'><strong>semper</strong></span> <span class='ocrx_word' id='word_1_450' title='bbox 1803 3179 1931 3234; x_wconf 89' lang='lat' dir='ltr'><strong>etin</strong></span> <span class='ocrx_word' id='word_1_451' title='bbox 1957 3175 2155 3233; x_wconf 69' lang='lat' dir='ltr'><strong>saecula</strong></span> 
     </span>
    </p>
   </div>
   <div class='ocr_carea' id='block_1_64' title="bbox 2265 3169 3916 3261">
    <p class='ocr_par' dir='ltr' id='par_1_64' title="bbox 2277 3169 3916 3261">
     <span class='ocr_line' id='line_1_65' title="bbox 2277 3169 3916 3261; baseline -0.004 -33"><span class='ocrx_word' id='word_1_452' title='bbox 2277 3172 2401 3244; x_wconf 78' lang='grc' dir='ltr'><strong>δόξα</strong></span> <span class='ocrx_word' id='word_1_453' title='bbox 2450 3172 2563 3261; x_wconf 58' lang='grc' dir='ltr'>ἅμα</span> <span class='ocrx_word' id='word_1_454' title='bbox 2617 3175 2697 3242; x_wconf 81' lang='grc' dir='ltr'>τῷ</span> <span class='ocrx_word' id='word_1_455' title='bbox 2753 3170 2894 3245; x_wconf 84' lang='grc' dir='ltr'><strong>ἁγίῳ</strong></span> <span class='ocrx_word' id='word_1_456' title='bbox 2963 3172 3254 3244; x_wconf 67' lang='grc' dir='ltr'>Πνεῦματι,</span> <span class='ocrx_word' id='word_1_457' title='bbox 3286 3175 3378 3224; x_wconf 80' lang='grc' dir='ltr'>νῦν</span> <span class='ocrx_word' id='word_1_458' title='bbox 3419 3170 3508 3225; x_wconf 80' lang='grc' dir='ltr'><strong>καὶ</strong></span> <span class='ocrx_word' id='word_1_459' title='bbox 3567 3171 3669 3240; x_wconf 74' lang='grc' dir='ltr'>ἀεὶ,</span> <span class='ocrx_word' id='word_1_460' title='bbox 3717 3173 3807 3226; x_wconf 69' lang='grc' dir='ltr'><strong>καὶ</strong></span> <span class='ocrx_word' id='word_1_461' title='bbox 3849 3169 3916 3229; x_wconf 77' lang='grc' dir='ltr'><strong>εἷς</strong></span> 
     </span>
    </p>
   </div>
   <div class='ocr_carea' id='block_1_65' title="bbox 525 3270 1135 3326">
    <p class='ocr_par' dir='ltr' id='par_1_65' title="bbox 525 3270 1135 3326">
     <span class='ocr_line' id='line_1_66' title="bbox 525 3270 1135 3326; baseline -0.005 -1"><span class='ocrx_word' id='word_1_462' title='bbox 525 3270 892 3326; x_wconf 69' lang='lat' dir='ltr'><strong>saeculorum.</strong></span> <span class='ocrx_word' id='word_1_463' title='bbox 928 3275 1135 3325; x_wconf 85' lang='lat' dir='ltr'><strong>Amen.</strong></span> 
     </span>
    </p>
   </div>
   <div class='ocr_carea' id='block_1_66' title="bbox 597 3443 2372 3530">
    <p class='ocr_par' dir='ltr' id='par_1_66' title="bbox 597 3443 2372 3530">
     <span class='ocr_line' id='line_1_67' title="bbox 597 3443 2372 3530; baseline -0.007 -20"><span class='ocrx_word' id='word_1_464' title='bbox 597 3456 643 3491; x_wconf 84' lang='grc'>²²</span> <span class='ocrx_word' id='word_1_465' title='bbox 675 3453 820 3530; x_wconf 66' lang='grc' dir='ltr'><strong>αρτῷ</strong></span> <span class='ocrx_word' id='word_1_466' title='bbox 851 3457 909 3512; x_wconf 94' lang='lat' dir='ltr'><strong>C.</strong></span> <span class='ocrx_word' id='word_1_467' title='bbox 941 3457 1008 3510; x_wconf 90' lang='lat' dir='ltr'><strong>D.</strong></span> <span class='ocrx_word' id='word_1_468' title='bbox 1043 3456 1105 3512; x_wconf 86' lang='lat' dir='ltr'><strong>E.</strong></span> <span class='ocrx_word' id='word_1_469' title='bbox 1140 3456 1199 3512; x_wconf 84' lang='lat' dir='ltr'><strong>F.</strong></span> <span class='ocrx_word' id='word_1_470' title='bbox 1233 3526 1244 3530; x_wconf 29' lang='grc' dir='ltr'><strong>Δ</strong></span> <span class='ocrx_word' id='word_1_471' title='bbox 1279 3454 1326 3490; x_wconf 83' lang='grc'><strong>²³</strong></span> <span class='ocrx_word' id='word_1_472' title='bbox 1347 3452 1652 3530; x_wconf 65' lang='grc' dir='ltr'>ἐφίστανται</span> <span class='ocrx_word' id='word_1_473' title='bbox 1684 3452 1746 3530; x_wconf 41' lang='grc' dir='ltr'>Β,</span> <span class='ocrx_word' id='word_1_474' title='bbox 1780 3452 1837 3505; x_wconf 91' lang='lat' dir='ltr'><strong>C.</strong></span> <span class='ocrx_word' id='word_1_475' title='bbox 1875 3450 2024 3530; x_wconf 75' lang='lat' dir='ltr'><strong>F._F.</strong></span> <span class='ocrx_word' id='word_1_476' title='bbox 2081 3449 2146 3530; x_wconf 51' lang='lat'><em>1‘</em></span> <span class='ocrx_word' id='word_1_477' title='bbox 2173 3443 2279 3514; x_wconf 82' lang='grc' dir='ltr'>ὅπη</span> <span class='ocrx_word' id='word_1_478' title='bbox 2317 3449 2372 3530; x_wconf 51' lang='lat' dir='ltr'><strong>if.</strong></span> 
     </span>
    </p>
   </div>
   <div class='ocr_carea' id='block_1_67' title="bbox 2275 3259 3275 3334">
    <p class='ocr_par' dir='ltr' id='par_1_67' title="bbox 2275 3259 3275 3334">
     <span class='ocr_line' id='line_1_68' title="bbox 2275 3259 3275 3334; baseline -0.004 -18"><span class='ocrx_word' id='word_1_479' title='bbox 2275 3263 2398 3322; x_wconf 75' lang='grc' dir='ltr'>τοὺς</span> <span class='ocrx_word' id='word_1_480' title='bbox 2431 3260 2630 3321; x_wconf 72' lang='grc' dir='ltr'>αἶῶνας</span> <span class='ocrx_word' id='word_1_481' title='bbox 2659 3262 2764 3314; x_wconf 91' lang='grc' dir='ltr'><strong>τῶν</strong></span> <span class='ocrx_word' id='word_1_482' title='bbox 2807 3259 3041 3317; x_wconf 82' lang='grc' dir='ltr'>αἰώνων.</span> <span class='ocrx_word' id='word_1_483' title='bbox 3074 3261 3275 3334; x_wconf 73' lang='grc' dir='ltr'>Ἀμήν.</span> 
     </span>
    </p>
   </div>
   <div class='ocr_carea' id='block_1_68' title="bbox 2449 3443 3909 3518">
    <p class='ocr_par' dir='ltr' id='par_1_68' title="bbox 2449 3443 3909 3518">
     <span class='ocr_line' id='line_1_69' title="bbox 2449 3443 3909 3518; baseline 0 -22"><span class='ocrx_word' id='word_1_484' title='bbox 2449 3443 2639 3518; x_wconf 34' lang='lat' dir='ltr'><strong>sitat</strong></span> <span class='ocrx_word' id='word_1_485' title='bbox 2657 3444 2938 3518; x_wconf 61' lang='grc' dir='ltr'>χοῦν-91⁵9</span> <span class='ocrx_word' id='word_1_486' title='bbox 2961 3443 3058 3512; x_wconf 76' lang='grc' dir='ltr'>τὴν</span> <span class='ocrx_word' id='word_1_487' title='bbox 3097 3447 3197 3518; x_wconf 78' lang='grc' dir='ltr'><strong>γῆν</strong></span> <span class='ocrx_word' id='word_1_488' title='bbox 3231 3443 3288 3498; x_wconf 89' lang='lat' dir='ltr'><strong>F.</strong></span> <span class='ocrx_word' id='word_1_489' title='bbox 3367 3444 3411 3480; x_wconf 82' lang='grc'><strong>²⁸</strong></span> <span class='ocrx_word' id='word_1_490' title='bbox 3458 3443 3615 3498; x_wconf 75' lang='grc' dir='ltr'>ἑαυτὸ</span> <span class='ocrx_word' id='word_1_491' title='bbox 3658 3444 3722 3500; x_wconf 88' lang='lat' dir='ltr'><strong>C.</strong></span> <span class='ocrx_word' id='word_1_492' title='bbox 3761 3447 3822 3501; x_wconf 86' lang='lat' dir='ltr'><strong>D.</strong></span> <span class='ocrx_word' id='word_1_493' title='bbox 3858 3447 3909 3496; x_wconf 82' lang='lat' dir='ltr'><strong>F.</strong></span> 
     </span>
    </p>
   </div>
   <div class='ocr_carea' id='block_1_69' title="bbox 522 3514 2155 3594">
    <p class='ocr_par' dir='ltr' id='par_1_69' title="bbox 522 3514 2128 3594">
     <span class='ocr_line' id='line_1_70' title="bbox 522 3514 2128 3594; baseline -0.004 -13"><span class='ocrx_word' id='word_1_494' title='bbox 522 3528 565 3562; x_wconf 77' lang='grc'><strong>³⁷</strong></span> <span class='ocrx_word' id='word_1_495' title='bbox 594 3514 874 3590; x_wconf 75' lang='grc' dir='ltr'>κατέθεντο</span> <span class='ocrx_word' id='word_1_496' title='bbox 908 3544 973 3584; x_wconf 84' lang='lat' dir='ltr'><strong>ex</strong></span> <span class='ocrx_word' id='word_1_497' title='bbox 1007 3526 1360 3584; x_wconf 80' lang='lat' dir='ltr'><strong>correctione</strong></span> <span class='ocrx_word' id='word_1_498' title='bbox 1536 3524 1585 3559; x_wconf 80' lang='grc'><strong>³³</strong></span> <span class='ocrx_word' id='word_1_499' title='bbox 1626 3520 1910 3594; x_wconf 76' lang='grc' dir='ltr'>συνέχεται</span> <span class='ocrx_word' id='word_1_500' title='bbox 1943 3522 2003 3578; x_wconf 85' lang='lat' dir='ltr'><strong>F.</strong></span> <span class='ocrx_word' id='word_1_501' title='bbox 2081 3519 2128 3555; x_wconf 76' lang='grc'><strong>²⁹</strong></span> 
     </span>
    </p>
   </div>
   <div class='ocr_carea' id='block_1_70' title="bbox 2265 3514 2957 3594">
    <p class='ocr_par' dir='ltr' id='par_1_70' title="bbox 2269 3514 2957 3571">
     <span class='ocr_line' id='line_1_71' title="bbox 2269 3514 2957 3571; baseline -0.001 0"><span class='ocrx_word' id='word_1_502' title='bbox 2269 3514 2472 3571; x_wconf 86' lang='grc' dir='ltr'>σελθὼν</span> <span class='ocrx_word' id='word_1_503' title='bbox 2507 3516 2566 3571; x_wconf 90' lang='grc' dir='ltr'><strong>Β.</strong></span> <span class='ocrx_word' id='word_1_504' title='bbox 2603 3514 2667 3570; x_wconf 37' lang='grc'><strong>(3.⁷</strong></span> <span class='ocrx_word' id='word_1_505' title='bbox 2695 3515 2760 3570; x_wconf 84' lang='grc' dir='ltr'><strong>Ι).</strong></span> <span class='ocrx_word' id='word_1_506' title='bbox 2796 3516 2854 3570; x_wconf 87' lang='grc' dir='ltr'><strong>Ε.</strong></span> <span class='ocrx_word' id='word_1_507' title='bbox 2899 3515 2957 3570; x_wconf 84' lang='lat' dir='ltr'><strong>F.</strong></span> 
     </span>
    </p>
   </div>
  </div>
