4142 6248
361 304 518 366 1129

1769 323 1947 386 VlTA
1998 327 2060 388 S.
2110 331 2355 392 LUCZE.

3603 348 3760 409 H30

1581 483 3762 536 ἦ

1552 627 2577 765 ΥΠΟΜΝΗΜΑ

1563 1057 2529 1232 ΛΟΥΚΑΝ

567 1356 819 1453 ΤΟΝ
902 1359 1284 1456 APION
1369 1360 2141 1460 ΑΠΟΣΤΟΛΟΝ
2223 1367 2436 1462 ΚΑΙ
2522 1370 3513 1476 ΕΥΑΓΓΕΛΙΣΤΗΝ.

1409 1745 2713 1888 COMMENTARIUS

1169 2009 1381 2174 IN
1491 2011 2143 2178 DIVUM
2254 2015 2934 2182 LUCAM

1476 2283 1900 2342 APOSTOLUM
1937 2285 2029 2341 ET
2066 2284 2618 2342 EVANGELISTAM

1017 2414 1234 2488 (Grmce
1263 2417 1320 2471 et
1349 2415 1554 2474 Latine
1583 2418 1655 2474 ad
1687 2417 1902 2475 calcem
1935 2420 2186 2490 Operum
2219 2419 2542 2477 cacumenii.
2572 2420 2752 2492 Paris,
2786 2422 2918 2477 1631
2951 2422 3073 2492 fol.)

417 2714 501 2773 A'.
533 2713 598 2768 Et
655 2713 746 2769 καὶ
804 2711 1016 2768 δικαίου
1081 2714 1306 2786 μνήμην
1339 2713 1454 2785 μετ’
1501 2710 1788 2786 ἐγκωμίων
1825 2709 1992 2766 τελεῖ-

2179 2715 2222 2771 Ι.
2239 2714 2454 2786 Sijusti
2471 2716 2810 2772 memoriam
2835 2734 2969 2774 cum
2991 2717 3276 2774 encomiis
3295 2717 3586 2775 celebrare
3597 2719 3744 2774 divi-

351 2805 474 2857 σθαι
524 2803 636 2856 θεῖό
669 2823 799 2864 ςτις
857 2802 994 2875 ἀνὴρ
1050 2800 1144 2855 καὶ
1193 2801 1359 2874 σοφὸς
1423 2800 1491 2854 τὰ
1547 2803 1663 2853 θεῖα
1690 2803 1992 2871 νομοθετεῖ,

352 2891 526 2961 πόσην
588 2892 689 2960 ἄρα
770 2895 850 2961 τῷ
906 2887 1202 2960 ἀποστόλῳ
1257 2891 1502 2959 Χριστοῦ
1581 2893 1992 2960 συνεισενεγκεῖν

350 2983 616 3056 προσήκει
667 2980 765 3048 τήν
813 2977 1126 3054 εὐφημίαν;
1172 2975 1383 3033 Τοῦτον
1431 2975 1533 3050 γὰρ
1583 2977 1618 3043 ἡ
1679 2973 1993 3045 δικαιοσύνη

351 3074 443 3126 καὶ
479 3076 582 3139 τῆς
618 3065 931 3136 ἀποστολῆς
957 3065 1126 3138 ἄξιον,
1149 3064 1240 3119 καὶ
1287 3065 1384 3118 τοῦ
1429 3064 1709 3140 ἀγαπητὸν
1763 3063 1996 3138 ὀφθηναι

352 3165 432 3232 τῷ
488 3155 690 3230 Παύλῳ
747 3154 1132 3232 διαφερόντως,
1189 3153 1506 3222 πεποίηκεν.
1566 3152 1642 3210 Οὐ
1714 3153 1821 3225 μὴν
1869 3150 1998 3206 ἀλλ’

356 3246 546 3317 ἒπειδὴ
607 3246 764 3307 οὗτος
821 3245 873 3300 ἐν
929 3248 1010 3316 τῷ
1067 3239 1385 3318 Εὐαγγελίῳ
1436 3241 1556 3316 εὗρε
1612 3241 1703 3295 τὸν
1753 3235 1996 3312 ἔπαινον,

359 3337 564 3412 μακρὰν
598 3333 810 3413 χαίρειν
843 3338 962 3397 τοῖς
989 3337 1096 3388 τῶν
1142 3330 1428 3408 ἐγκωμίων
1459 3331 1752 3407 φράσαντες
1781 3331 1995 3403 νόμοις,

354 3427 455 3482 ὅσα
499 3431 604 3481 τῶν
667 3423 872 3479 ἐκείνου
931 3419 1218 3495 διεξελθεῖν
1277 3419 1594 3498 ἀναγκαῖον,
1655 3417 1706 3474 ἐν
1761 3418 1997 3490 ἱστορίας

353 3515 509 3589 λόγῳ
537 3511 914 3584 διαλεξόμεθα·

429 3605 499 3658 B"
534 3600 634 3664 Τίς
686 3599 786 3653 οὐκ
822 3595 938 3652 οἶδε
974 3596 1074 3666 τήν
1135 3592 1449 3668 Ἀντιόχου,
1483 3591 1630 3654 ὅπως
1667 3593 1761 3665 μὲν
1799 3592 1996 3655 θέσεώς

355 3712 413 3746 τε
467 3691 556 3745 καὶ
613 3687 894 3764 μεγεθους,
952 3684 1101 3746 ὅπως
1157 3680 1214 3738 δὲ
1264 3684 1404 3756 ὅρων
1460 3680 1607 3756 ἔχει;
1639 3682 1728 3736 καὶ
1787 3680 1879 3736 οἵα
1917 3701 1998 3742 τις

356 3777 516 3847 αὕτη,
547 3776 637 3830 καὶ
669 3774 874 3844 ὁπόσην
906 3771 1123 3845 νέμεται
1169 3778 1295 3848 γῆν,
1345 3767 1448 3842 οἴῳ
1501 3769 1557 3824 δὲ
1627 3767 1844 3843 ἄρδεται
1903 3790 1998 3824 πο-

355 3871 555 3940 rapti);
615 3863 874 3940 Ὀρόντης
929 3861 1085 3924 οὗτός
1141 3861 1302 3916 ἐστιν·
1350 3860 1470 3915 ἔνθα
1525 3859 1614 3914 καὶ
1661 3864 1877 3935 πρῶτον
1902 3859 1997 3915 ἄν-

359 3969 578 4030 θρωπος
627 3955 724 4022 τήδ
783 3957 879 4008 τοῦ
927 3953 1250 4026 Χριστιανοῦ
1299 3949 1497 4020 κλῆσιν
1563 3948 1942 4020 πεπλούτηκεν
1976 3968 1990 3981 ⁸

2106 2819 2215 2858 nus
2269 2804 2509 2874 quidam
2557 2807 2648 2860 vir
2694 2822 2761 2862 ac
2808 2807 3044 2878 sapiens
3089 2807 3286 2862 divina
3331 2807 3457 2879 lege
3513 2809 3739 2876 statuit,

2103 2896 2380 2960 quantam
2429 2908 2569 2948 sane
2601 2894 2867 2950 convenit
2896 2895 3154 2966 apostolo
3184 2895 3400 2951 Christi
3433 2912 3537 2952 nos
3566 2897 3742 2952 simul

2105 2979 2307 3034 afferre
2337 2979 2569 3036 laudem
2592 2984 2621 3038 ?
2651 2983 2951 3054 Siquidem
2981 2984 3136 3039 hunc
3162 2984 3394 3054 justitia
3433 2985 3648 3041 mirum
3680 2986 3740 3042 in

2105 3070 2347 3124 modum
2396 3071 2532 3126 fecit
2575 3078 2628 3127 et
2677 3073 3005 3144 apostolatu
3038 3073 3304 3146 dignum,
3355 3078 3412 3128 et
3455 3078 3518 3129 ut
3564 3075 3739 3129 Paulo

2103 3156 2345 3212 dilectus
2401 3158 2712 3218 videretur.
2763 3162 3265 3218 Verumenimvero
3313 3162 3592 3232 quoniam
3648 3163 3738 3218 hic

2103 3245 2162 3300 in
2191 3245 2501 3317 Evangelio
2548 3246 2778 3302 laudem
2828 3249 3073 3320 adeptus
3104 3254 3212 3317 est,
3255 3249 3469 3304 relictis
3500 3250 3736 3306 omnino

2103 3333 2500 3390 encomiorum
2560 3334 2803 3406 legibus,
2850 3351 3231 3408 quaecumque
3278 3337 3350 3392 de
3389 3353 3454 3392 eo
3503 3355 3737 3394 narrare

2104 3443 2341 3483 necesse
2371 3435 2475 3498 est,
2506 3442 2609 3498 per
2635 3426 2873 3481 modum
2905 3425 3156 3482 historiae
3188 3426 3523 3483 referemus.

2178 3599 2244 3653 II.
2277 3597 2417 3662 Quis
2464 3597 2880 3654 Antiochenam
2928 3598 3157 3671 ignorat
3201 3598 3520 3670 civitatem,
3564 3614 3735 3671 quem

2104 3687 2282 3742 situm
2309 3703 2373 3742 ac
2407 3687 2892 3758 magnitudinem,
2927 3703 3144 3758 quosve
3172 3687 3452 3744 terminos
3482 3687 3690 3744 habeat
3709 3689 3737 3743 ‘I

2103 3784 2155 3832 et
2187 3792 2449 3847 quaenam
2498 3777 2619 3830 haec
2661 3775 2756 3841 sit,
2787 3779 2845 3830 et
2892 3782 3167 3846 quantam
3214 3780 3457 3848 occupet
3498 3781 3736 3842 terram,

2102 3881 2286 3938 quove
2343 3867 2614 3938 irrigetur
2696 3865 2958 3920 ﬂumine.
3017 3865 3261 3922 Orontes
3320 3866 3412 3922 hic
3469 3872 3578 3935 est,
3639 3868 3736 3922 ubi

2102 3957 2354 4028 primum
2433 3955 2607 4011 homo
2681 3954 2990 4010 Christiani
3060 3954 3444 4026 appellatione
3518 3956 3735 4010 ditatus

357 4044 407 4117 ἐξ
464 4044 531 4113 ἧς
583 4044 610 4098 ὀ
651 4045 794 4104 θεῖος
854 4046 1064 4103 Λουκᾶς
1130 4039 1438 4114 προελθὼν,
1491 4039 1582 4092 καὶ
1661 4037 1816 4116 φύσιν
1897 4059 1990 4109 μεν

2101 4051 2234 4099 est:
2285 4061 2352 4100 ex
2409 4045 2521 4114 qua
2578 4043 2745 4098 divus
2805 4047 2988 4098 Lucas
3039 4047 3202 4097 ortus
3259 4047 3396 4098 est:
3443 4049 3500 4098 et
3564 4050 3733 4098 natu-

357 4134 525 4204 ἔχων,
585 4131 699 4188 οἵαν
769 4132 960 4208 εὐγενῆ
1021 4129 1109 4184 καὶ
1141 4127 1433 4204 φιλότιμον
1473 4129 1570 4200 (ὡς
1599 4125 1708 4181 ἔστι
1741 4125 1911 4195 δῆλον
1940 4127 1990 4196 ἐξ

2101 4148 2220 4186 ram
2261 4133 2496 4201 quidem
2542 4147 2608 4185 ac
2653 4129 2902 4185 indolem
2961 4130 3207 4196 habens,
3261 4134 3324 4184 ut
3376 4147 3502 4200 quae
3559 4147 3736 4202 gene-

357 4224 429 4280 ὦν
475 4223 566 4279 καὶ
609 4223 724 4298 βίον
773 4219 936 4296 ἐφάνη
997 4215 1418 4278 σπουδαιότατος
1467 4215 1564 4277 ὢν,
1596 4216 1684 4269 καὶ
1716 4213 1882 4290 λόγον
1914 4219 1992 4286 τῷ

2101 4237 2230 4274 rosa
2261 4223 2408 4274 esset
2434 4236 2500 4274 ac
2523 4219 2808 4289 pretiosa:
2835 4217 3010 4272 veluti
3031 4233 3100 4272 ex
3120 4219 3230 4274 hoc
3247 4219 3623 4274 manifestum
3648 4225 3737 4275 est

361 4313 464 4390 βίῳ
512 4311 809 4385 παρασχὼν
856 4307 1230 4375 οἰκειότατον),
1288 4303 1444 4358 πανσὶ
1494 4301 1551 4356 δὲ
1617 4301 1892 4376 σχολάσας
1933 4303 1992 4358 ἔκ

2101 4307 2254 4378 quod
2288 4311 2343 4361 et
2373 4307 2487 4361 vita
2504 4305 2772 4376 apparuit
2802 4303 3293 4374 studiosissimus,
3325 4310 3381 4360 et
3410 4323 3734 4362 sermonem

357 4387 551 4463 παιδὸς
581 4398 686 4454 ἔδει
734 4394 1005 4465 παιδείας,
1062 4394 1161 4461 τὴν
1206 4411 1266 4446 τε
1298 4391 1470 4465 Σύραν
1499 4392 1584 4444 καὶ
1619 4387 1883 4447 Ἰουδαίαν
1915 4393 1991 4455 εἷς

2101 4395 2336 4453 tradidit
2397 4395 2520 4450 vitae
2587 4394 2834 4449 maxime
2891 4393 3264 4448 conformem.
3326 4395 3470 4449 Cum
3539 4401 3732 4449 autem

358 4491 519 4566 ἄκρον
553 4489 736 4566 φωνὴν
766 4482 1092 4554 παιδευθεὶς,
1139 4481 1229 4537 καὶ
1270 4480 1361 4534 οἶα
1409 4477 1622 4554 δένδρον
1683 4482 1817 4553 πρὸς
1871 4485 1990 4545 ταῖς

2101 4485 2260 4540 omni
2329 4483 2650 4554 disciplina:
2720 4497 2928 4553 genere
2995 4485 3257 4537 vacasset
3315 4499 3348 4538 a
3411 4498 3611 4553 puero,
3680 4487 3736 4538 et

355 4583 556 4655 πηγαῖς
615 4577 844 4645 ἀνθήσας
901 4570 1010 4644 ἤδη
1070 4569 1160 4626 καί
1225 4569 1472 4640 αὐξηθεὶς
1528 4575 1596 4644 τῇ
1665 4570 1781 4624 κατ’
1829 4571 1992 4635 αὐτὰς

2101 4573 2386 4646 Syriacam
2419 4587 2484 4626 ac
2514 4571 2853 4627 Hebraicam
2884 4569 3147 4642 linguam
3199 4571 3568 4627 exactissime
3596 4571 3732 4626 edo-

359 4665 557 4740 μελέτῃ
649 4669 754 4719 τῶν
837 4663 994 4716 θείων
1091 4663 1316 4737 Γραφῶν
1395 4660 1676 4734 ὑπερφυῶς
1759 4655 1988 4728 ἤσκητο.

2101 4671 2227 4721 ctus
2285 4672 2392 4730 est,
2449 4667 2506 4718 et
2561 4662 2715 4718 velut
2772 4663 2946 4716 arbor
2985 4662 3156 4732 juxta
3235 4662 3441 4729 fontes,
3495 4659 3736 4715 ﬂoridus

354 4752 599 4833 Ἐφήϐου
626 4755 718 4827 μὲν
748 4751 836 4808 οὖν
870 4752 1190 4824 ἁπτόμενος,
1221 4753 1339 4810 τοῖς
1383 4769 1442 4804 τε
1485 4749 1600 4802 καθ’
1633 4745 1874 4804 Ἐλλάδα
1901 4749 1989 4801 καὶ

2101 4744 2218 4814 iam
2247 4761 2298 4809 et
2328 4755 2762 4823 augmentatus,
2795 4750 3126 4804 divinarum
3157 4749 3588 4819 Scripturarum
3620 4752 3736 4803 stu-

353 4850 452 4916 τήν
503 4854 780 4922 Αιγυπτον
840 4841 1028 4918 ἐφοίτα
1078 4837 1470 4909 διδακαηείοις·
1522 4835 1612 4892 καὶ
1661 4839 1758 4908 τήν
1792 4835 1991 4892 καλλι·

2101 4844 2194 4899 dio
2250 4841 2467 4896 mirum
2525 4839 2584 4892 in
2642 4840 2882 4893 modum
2941 4837 3204 4908 profecit.
3269 4835 3732 4893 Adolescentiam

355 4956 484 5006 στην
535 4935 660 5010 παρ’
689 4929 934 5002 ’Ἑλλησι
991 4927 1236 4985 παιδείαν
1288 4928 1554 4997 συνέλεξε,
1602 4928 1991 5002 γραμματικὴν

2101 4932 2296 5002 itaque
2327 4928 2640 5000 attingens,
2671 4925 2972 4998 gymnasia
3003 4925 3404 4995 frequentabat
3433 4941 3562 4995 quae
3605 4929 3733 4981 tum

358 5025 451 5099 μέν
503 5022 590 5079 καὶ
646 5022 941 5093 ποιητικὴν
1001 5019 1077 5081 εἷς
1137 5019 1274 5072 ἅπαν
1319 5016 1720 5092 κατωρθωκὼς⁸
1763 5016 1990 5090 ῥητορι-

350 5121 454 5185 κῆς
510 5111 586 5181 δὲ,
643 5110 734 5167 καί
786 5113 887 5166 τοῦ
945 5109 1000 5165 εὗ
1058 5105 1309 5162 δύνασθαι
1369 5105 1571 5183 λέγειν,
1630 5104 1780 5176 ἤκων
1825 5105 1900 5169 εἰς
1927 5106 1989 5161 τὸ

349 5202 670 5280 ἀκρότατον,
723 5197 862 5275 μηδέ
907 5202 1014 5253 τῶν
1084 5194 1410 5273 φιλοσοφίας
1449 5189 1772 5269 πρεσϐείων,
1823 5195 1990 5270 ἑτέρῳ

349 5297 719 5370 παραχωρῶν,
769 5287 914 5345 ἀλλὰ
959 5291 1026 5361 τῇ
1076 5288 1169 5360 μὲν
1227 5285 1428 5361 λογικῇ
1459 5285 1596 5358 πρὸς
1625 5287 1724 5355 τήν
1767 5287 1988 5356 ἠθικήν,

347 5388 417 5458 τῇ
448 5386 614 5457 ἡθικῇ
643 5378 700 5436 δὲ
733 5376 954 5456 βαθμίδι
1002 5378 1140 5452 πρὸς
1186 5378 1286 5446 τήν
1342 5376 1643 5448 πρακτικὴν
1677 5376 1987 5449 χρώμενος.

349 5475 511 5532 Οὕτω
539 5493 597 5528 τε
623 5474 754 5525 πᾶσι
782 5472 899 5529 τοῖς
947 5466 1172 5540 ἀγαθοῖς
1229 5462 1644 5538 προσκείμενος,
1674 5461 1838 5524 τέλος
1893 5465 1990 5533 τὴν

350 5561 651 5631 καλλίστην
711 5554 824 5633 ἅμα
880 5555 970 5612 καὶ
1015 5553 1536 5632 φιλανθρωποτάτην
1579 5551 1828 5627 ἲατρικήν
1874 5555 1990 5609 κατ’

352 5653 530 5727 ορθοῖ,
561 5650 651 5705 καὶ
682 5650 960 5719 τοσοῦτον,
996 5645 1118 5700 ὅσον
1150 5644 1216 5698 τὰ
1268 5639 1454 5698 πολλὰ
1499 5640 1588 5696 καὶ
1631 5641 1738 5696 ἀπὸ
1785 5642 1988 5712 ταύτης

666 5773 942 5836 ΡΑτεοΙη
991 5773 1100 5834 Gn.
1145 5769 1320 5833 CXV.

2101 5023 2157 5078 in
2188 5018 2402 5076 Graecia
2422 5020 2605 5083 erant,
2639 5021 2765 5070 tum
2798 5015 2856 5070 in
2886 5014 3150 5086 Egypto,
3184 5029 3249 5068 ac
3281 5012 3730 5083 pulcherrimam

2099 5111 2247 5182 apud
2292 5108 2517 5164 Graecos
2567 5104 2950 5162 eruditionem
2992 5101 3270 5172 collegit:
3316 5102 3732 5173 grammaticen

2101 5199 2333 5269 quidem
2355 5213 2422 5252 ac
2439 5195 2695 5266 poeticen
2715 5192 2966 5265 perfecte
2987 5193 3313 5259 assecutus,
3331 5192 3399 5245 ad
3421 5188 3732 5246 rhetorices

2098 5304 2228 5343 vero
2275 5285 2532 5355 artisque
2578 5282 2726 5338 bene
2769 5279 2998 5336 dicendi
3044 5293 3322 5333 cacumen
3371 5277 3731 5350 pertingens,

2101 5391 2288 5448 neque
2327 5375 2386 5428 in
2417 5368 2797 5444 philosophias
2841 5366 3224 5439 dignitatibus
3274 5366 3445 5422 alicui
3477 5367 3732 5422 cedens:

2022 5426 2072 5492 Ο
2100 5426 2681 5535 sedlogica‘quidem
2714 5459 2781 5514 ad
2813 5426 3063 5526 ethicen,
3096 5453 3285 5511 ethice
3331 5471 3465 5510 vero
3497 5455 3566 5509 ad
3602 5470 3732 5523 pra-

2098 5554 2285 5612 cticen
2330 5558 2609 5623 tanquam
2653 5549 2835 5622 gradu
2884 5550 3074 5616 utens,
3106 5544 3188 5600 ita
3235 5543 3511 5600 omnibus
3571 5542 3734 5596 bonis

2099 5642 2444 5700 incumbens
2475 5638 2708 5695 tandem
2744 5635 3193 5709 pulcherrimam
3215 5633 3393 5689 simul
3424 5647 3490 5686 ac
3520 5629 3735 5684 huma-

3333 5752 3410 5813 36
