4142 6248
462 338 611 399 1131

1795 318 2075 378 MENSIS
2123 313 2500 376 OC'l‘OBEB.

3709 306 3871 369 1132

464 499 772 556 nissimam
805 494 1152 552 medicinam
1199 486 1548 560 assequitur,
1582 483 1756 553 idque
1786 479 1846 535 in
1875 481 2097 534 tantum

2215 469 2732 549 χαρακτηρίζεσθαί.
2777 469 2925 525 Ἐπεὶ
2994 466 3050 523 δὲ
3088 467 3246 542 τάχει
3295 488 3505 546 φυσεως
3551 468 3643 522 καὶ
3709 462 3879 543 μεγέ-

466 598 527 644 ut
556 589 625 643 ab
660 589 766 641 bac
799 589 860 639 ut
891 581 1209 654 plurimum
1255 577 1656 646 designaretur
1686 586 1750 626 ac
1782 566 2099 639 appellare-

466 683 576 730 tur.
597 651 906 741 Postquam
942 670 1136 720 autem
1169 661 1385 734 ingenii
1419 657 1757 714 dexteritate
1778 670 1842 710 ac
1874 651 2106 723 magni—

465 761 665 816 tudine
696 773 924 814 omnem
946 759 1128 810 artem
1152 751 1322 806 citius
1348 746 1632 820 percurrit
1653 760 1829 816 quam
1852 741 2104 797 volucris

468 867 621 917 aera,
655 848 911 916 satisque
959 845 1228 898 humanae
1274 837 1543 894 doctrinm
1591 837 1835 906 adeptus
1881 839 1983 898 est,
2035 830 2105 884 ad

469 936 878 994 sublimiorem
911 950 976 987 ac
1009 930 1307 986 meliorem
1341 926 1549 981 transit
1580 924 1865 978 habiturn.

541 1028 638 1082 Ill.
665 1025 800 1088 Quis
819 1027 1008 1078 autem
1029 1021 1132 1074 fuit
1153 1019 1360 1072 modus
1379 1013 1692 1069 transitus?
1711 1010 1964 1066 Habebat
1983 1009 2107 1079 qui-

469 1119 599 1173 dem
628 1115 858 1170 interim
886 1115 955 1167 de
980 1110 1182 1165 mundi
1216 1108 1401 1163 salute
1432 1103 1850 1174 disputationes
1873 1117 1937 1155 ac
1968 1115 2106 1153 con-

471 1222 711 1277 gressus
734 1205 782 1258 is
805 1203 925 1272 qui,
946 1201 1091 1254 liber
1112 1215 1145 1251 a
1166 1199 1422 1266 peccato,
1440 1195 1675 1246 venerat
1697 1195 1758 1243 ut
1780 1191 2107 1258 peccatores

470 1296 702 1348 vocaret
723 1293 792 1346 ad
818 1286 1216 1361 paenitentiam
1243 1283 1283 1351 ί,
1308 1283 1481 1351 idque
1506 1283 1634 1351 post
1663 1278 1874 1332 luctam
1909 1280 2110 1328 contra

471 1381 862 1436 adversarium
909 1380 965 1431 et
1019 1380 1234 1444 tropaea
1278 1373 1346 1425 de
1394 1369 1489 1423 illo
1535 1369 1733 1431 relata,
1769 1370 1900 1435 post
1947 1362 2111 1417 audi-

475 1478 600 1526 tum
647 1483 893 1540 superne
942 1464 1125 1519 Patris
1172 1459 1570 1516 testimonium
1605 1472 1670 1510 ac
1710 1453 1964 1524 Spiritus
2008 1451 2110 1506 de-

473 1573 740 1613 sccnsum
784 1555 824 1608 ε.
875 1549 1256 1607 Percurrebat
1323 1551 1508 1600 autem
1569 1544 1725 1598 fama
1777 1540 2107 1594 universam

471 1647 735 1702 Judzeam
796 1660 862 1698 ac
919 1640 1215 1696 Galilaeam
1246 1638 1290 1704 ³,
1341 1639 1397 1690 et
1452 1632 1666 1688 alicubi
1723 1630 1891 1686 etiam
1950 1633 2111 1682 extra

475 1734 754 1791 terminos
804 1747 871 1786 ea
920 1747 1046 1800 quas
1094 1724 1431 1795 evangelicae
1475 1719 1901 1793 praedicationis
1953 1725 2112 1771 erant

475 1822 891 1894 sequebantur.
940 1819 1104 1872 Tunc
1162 1813 1329 1869 multi
1388 1826 1525 1866 sane
1581 1810 1650 1864 ad
1711 1822 1903 1862 veram
1960 1805 2112 1859 hanc

478 1912 795 1968 doctrinam
821 1907 1013 1963 cordis
1035 1919 1199 1959 aures
1220 1900 1561 1957 obturabant
1584 1914 1650 1952 ac
1673 1896 1882 1950 mentis
1911 1894 2112 1950 oculos

478 2000 877 2056 claudebant:
938 2010 1123 2065 neque
1196 1991 1322 2046 vitae
1395 1987 1692 2058 suscipere
1759 1998 2112 2049 sermonem,

479 2105 668 2159 neque
697 2103 888 2141 veram
923 2085 1112 2139 lucem
1144 2079 1357 2136 intueri
1390 2076 1548 2146 digni
1587 2077 1769 2130 erant.
1805 2072 1875 2125 lli
1919 2077 2110 2126 autem

481 2180 541 2233 in
601 2177 816 2248 quibus
871 2172 1133 2228 veritatis
1188 2168 1493 2233 vestigium
1562 2166 1912 2234 impressum
1969 2169 2109 2228 erat,

481 2266 699 2336 quique
743 2268 902 2318 terrea
937 2262 1101 2315 bonae
1135 2258 1412 2313 rationem
1446 2270 1512 2309 ac
1543 2251 1969 2334 proportionem
2005 2250 2115 2304 ba-

480 2322 712 2419 bebant,
760 2351 891 2406 totis
938 2349 1114 2419 (quod
1162 2347 1350 2413 aiunt)
1398 2322 1580 2398 oculis
1623 2322 2015 2403 intuebantur,
2058 2344 2115 2393 et

479 2448 730 2499 arrectas
774 2438 1126 2494 adhibebant
1173 2434 1382 2489 animae
1431 2447 1598 2486 aures
1626 2429 1694 2484 ad
1738 2427 2114 2482 auscultatio-

479 2547 636 2596 nem,
669 2545 735 2584 ac
766 2525 1128 2582 velocissime
1158 2523 1226 2576 ad
1263 2521 1558 2575 veritatem
1589 2516 2109 2583 transferebantur,

479 2619 738 2688 nihilque
770 2617 920 2686 quod
956 2617 1140 2667 facere
1187 2611 1396 2663 decens
1423 2611 1547 2661 erat
1579 2604 2108 2676 praztermiltebant,

479 2713 539 2764 ut
583 2709 653 2761 ad
699 2705 758 2758 id
803 2704 953 2772 quod
1015 2700 1319 2754 honestum
1370 2704 1488 2750 erat
1534 2693 1892 2759 accederent,
1939 2697 1994 2745 et
2039 2692 2107 2745 ad

476 2797 666 2867 ipsam
700 2794 919 2848 nudam
950 2789 1205 2844 animam
1237 2783 1698 2840 transmitterem
1728 2785 1938 2836 certam
1963 2781 2109 2834 veri-

474 2891 673 2940 tatem.
725 2886 941 2936 Horum
989 2894 1144 2932 unus
1189 2879 1313 2930 erat
1355 2870 1734 2928 admirandus
1778 2869 1871 2924 hic
1919 2885 2108 2940 praeco

473 2973 732 3028 veritatis
761 2986 827 3025 ac
860 2975 1171 3040 przeceptor
1197 2983 1208 3019 :
1236 2963 1329 3034 qui
1362 2963 1431 3016 ad
1459 2962 1607 3032 piam
1644 2960 2106 3032 prmdicationem

474 3062 688 3117 mentis
755 3057 919 3114 oculo
993 3055 1343 3121 illustratus,
1402 3048 1638 3119 despicit
1705 3047 2105 3118 cognationem

473 3166 724 3215 onmem,
759 3144 1000 3217 despicit
1039 3147 1096 3197 et
1137 3146 1355 3196 natura:
1399 3139 1641 3205 viscera,
1691 3135 1890 3206 abjicit
1934 3150 2102 3206 pecu-

2215 565 2316 630 Οει,
2368 563 2567 632 τεχνην
2611 558 2817 613 ἅπασαν
2865 554 3057 622 διῆλθε
3111 553 3312 631 ῥᾳδίως
3457 557 3586 632 ἀὲρα
3634 559 3874 626 πτηνὸν,

2214 650 2335 712 ἅλις
2392 670 2450 704 τε
2512 655 2612 717 τῆς
2669 647 3014 720 ἀνθρωπίνης
3073 648 3192 719 εἶχε
3240 642 3507 715 παιδείας,
3575 645 3717 720 πρὸς
3767 648 3875 715 τήν

2216 740 2556 816 ὑψηλοτέραν
2595 734 2700 808 ἕξιν
2742 737 2828 791 καὶ
2870 735 3076 810 ἀμείνω
3113 740 3448 810 μεταχωρεῖ.

2285 1006 2355 1060 Γ’.
2411 1002 2503 1066 Τίς
2571 1001 2627 1058 δε
2677 1005 2703 1057 6
2760 1004 2966 1077 τρόπος
3012 1010 3111 1072 τῆς
3160 1003 3491 1076 μεταθέσεως
3537 1031 3550 1072 ;
3593 1005 3736 1078 Εἶχε
3769 1006 3866 1076 μὲν

2215 1095 2334 1167 ἄρτι
2365 1093 2458 1154 τὰς
2493 1093 2579 1148 ἐπὶ
2611 1093 2859 1164 σωτηρίᾳ
2895 1096 2990 1146 τοῦ
3039 1093 3248 1164 κόσμου
3289 1088 3568 1166 διατριϐὰς
3601 1095 3630 1148 6
3680 1094 3864 1168 ἀμαρ-

2211 1181 2332 1244 τίας
2386 1179 2667 1253 ἐλεύθερος
2710 1179 2801 1232 καὶ
2849 1177 3072 1233 καλέσαι
3131 1181 3497 1253 ἁμαρτωλοὺς
3565 1179 3742 1236 ἐλθὼν
3788 1182 3865 1244 εἰς

2219 1270 2528 1342 μετάνοιαν,
2559 1267 2650 1322 καὶ
2677 1271 2846 1322 ταῦτα
2879 1270 3012 1340 μετὰ
3038 1270 3136 1338 τήν
3169 1268 3303 1323 κατὰ
3348 1273 3444 1324 τοῦ
3487 1269 3867 1344 ἀντίκειμὲνου

2215 1358 2420 1428 πάλην,
2478 1357 2567 1412 καὶ
2607 1358 2675 1412 τὰ
2720 1360 2838 1412 κατ’
2887 1357 3049 1413 αὐτου
3088 1360 3344 1433 τρόπαια,
3377 1363 3476 1430 τήν
3524 1382 3583 1416 τε
3620 1367 3719 1416 τοῦ
3754 1365 3869 1417 H1-

3218 1451 3316 1517 τήν
3393 1447 3550 1521 ἐπιδη
3563 1453 3694 1522 μίαν
3768 1458 3869 1508 τοῦ

2215 1450 2340 1522 τρὸς
2409 1445 2609 1512 ἄνωθεν
2663 1449 2982 1522 μαρτυρίαν,
3041 1450 3129 1503 καὶ

2220 1538 2550 1609 Ηνεύματος.
2605 1537 2754 1610 Διῄει
2819 1535 2877 1591 δὲ
2932 1537 3029 1592 ἀνᾶ
3059 1542 3228 1592 πᾶσαν
3271 1537 3534 1594 Ἰουδαίαν
3569 1543 3730 1618 φήμη
3774 1542 3869 1596 καὶ

2219 1627 2535 1696 Γαλιλαίαν,
2577 1626 2666 1681 καὶ
2698 1648 2804 1680 που
2844 1625 2932 1681 καί
2963 1633 3083 1693 τοῖς
3120 1629 3436 1702 ὑπερορίοις
3466 1632 3532 1684 τὰ
3570 1631 3668 1685 τοῦ
3699 1632 3871 1706 εὐαγ-

2216 1715 2436 1789 γελικοῦ
2489 1715 2839 1791 κηρύγματος
2889 1715 3088 1771 εἷ’πετο.
3123 1719 3288 1773 Ἔνθα
3343 1716 3551 1773 πολλοὶ
3596 1720 3691 1793 μὲν
3725 1721 3869 1794 πρὸς

2149 1807 2314 1900 Βτήν
2373 1805 2640 1874 ἀληθινὴν
2692 1805 2891 1874 ταύτην
2936 1803 3281 1860 διδασκαλίαν
3321 1808 3388 1862 τά
3417 1829 3476 1862 τε
3508 1815 3607 1877 τῆς
3636 1807 3870 1882 καρδίας

2223 1889 2245 1910 ,Ι

2221 1889 2377 1947 ἔϐυον
2418 1891 2549 1962 ὦτα,
2590 1891 2678 1946 καὶ
2728 1893 2793 1946 τὰ
2841 1900 2939 1962 τῆς
2993 1891 3230 1956 διανοίας
3263 1891 3425 1966 ἕμυον
3456 1892 3701 1968 ὄμματα,
3743 1898 3867 1953 ὅσοι

2225 1979 2365 2055 μηδὲ
2424 1988 2568 2050 ζωῆς
2629 1979 2874 2050 δὲασοαι
2908 1981 3092 2056 λόγον,
3148 1980 3289 2055 μηδὲ
3319 1990 3433 2059 φῶς
3467 1982 3597 2040 ἰδεῖν
3634 1987 3698 2040 τὸ
3729 1986 3869 2057 ἁλη-

2221 2071 2365 2124 θινὸν
2430 2069 2727 2145 ἐτύγχανον
2780 2071 2937 2140 αξιοι.
2992 2071 3088 2132 Οἷς
3166 2068 3222 2125 δὲ
3289 2072 3444 2146 ἴχνος
3526 2072 3864 2131 ἐντετύπωτο

2223 2157 2503 2226 ἀληθείας,
2561 2158 2650 2212 καὶ
2711 2165 2814 2233 γῆς
2867 2158 3076 2234 ἀγαθῆς
3108 2157 3274 2232 λόγον
3307 2160 3546 2235 ἐπεῖχον,
3580 2163 3730 2218 οὗτοι
3770 2167 3862 2219 καὶ

2221 2246 2338 2318 ὅλῳ
2369 2247 2554 2320 ἑώρων
2585 2252 2663 2318 τῷ
2696 2247 2986 2324 ὀφθαλμῷ,
3027 2249 3114 2303 καὶ
3158 2250 3360 2304 ἑστῶτα
3401 2252 3630 2326 ὑπεῖχον
3666 2254 3737 2308 τὰ
3765 2261 3866 2318 τῆς

2222 2339 2406 2410 ψυχῆς
2438 2334 2549 2389 ὦτα
2597 2336 2732 2409 πρὸς
2777 2337 2876 2405 τὴν
2913 2335 3193 2410 ἀκρόασιν,
3218 2338 3452 2412 τάχιστά
3495 2361 3552 2395 τε
3591 2342 3726 2412 πρὸς
3761 2345 3863 2411 τήν

2221 2423 2482 2493 ἀληθειαν
2526 2423 2878 2496 μετετίθεντο,
2909 2425 2999 2478 καὶ
3031 2424 3181 2480 οὐδὲν
3213 2427 3242 2480 6'
3283 2431 3476 2501 πρᾶξαι
3525 2431 3699 2504 παρὸν
3742 2452 3868 2486 κατ-

2221 2510 2545 2583 ελίμπανον,
2579 2513 2726 2574 ὅπως
2751 2512 2810 2567 ἂν
2834 2512 2992 2586 ἐγγὺς
3021 2517 3118 2568 τοῦ
3142 2514 3357 2570 τοιοῦδε
3385 2516 3560 2571 καλοῦ
3591 2517 3864 2593 γένοιντο,

2218 2601 2307 2654 καὶ
2357 2600 2489 2673 αὐτῃ
2554 2606 2731 2674 γυμνῇ
2797 2606 2865 2674 τῇ
2907 2605 3061 2676 ψυχῇ
3101 2604 3202 2672 τήν
3255 2602 3638 2683 πληροφορίαν
3690 2608 3866 2664 εἰσδε-

2219 2692 2418 2761 ξαιντο.
2453 2690 2668 2745 Τούτων
2717 2692 2791 2744 εἴν
2843 2691 2908 2759 ἦν
2951 2692 3041 2746 καὶ
3073 2693 3100 2746 ὁ
3134 2694 3437 2764 θαυμαστὸς
3467 2702 3565 2764 τῆς
3595 2697 3861 2767 ἀληθείας

2219 2779 2375 2839 οὗτος
2415 2779 2582 2851 κῆρύξ
2627 2799 2685 2833 τε
2732 2780 2821 2833 καὶ
2872 2778 3218 2844 διδάσκαλος.
3259 2785 3358 2843 ’Ός
3387 2785 3522 2858 πρὸς
3551 2785 3612 2839 τὸ
3643 2783 3860 2848 εὐσεϐὲς

2216 2869 2491 2941 κηρυγμα,
2523 2869 2584 2922 τὸ
2616 2870 2770 2941 δμμα
2809 2876 2908 2938 τῆς
2951 2867 3190 2932 διανοίας
3244 2875 3651 2946 καταυγασθεὶς,
3695 2877 3857 2950 ὑπερ-

2217 2963 2317 3030 ορᾷ
2358 2959 2453 3030 μὲν
2503 2960 2810 3034 συγγενείας
2860 2961 3092 3031 ἁπάσης,
3127 2961 3364 3037 ὑπερορᾶ
3402 2960 3459 3018 δὲ
3511 2966 3598 3020 καὶ
3652 2965 3855 3039 σπλαγ-

2215 3067 2364 3122 χνων
2431 3050 2537 3102 τῶν
2589 3049 2842 3125 φυσίκῶν,
2883 3050 3194 3105 ἀποτίθεται
3246 3054 3533 3127 χρήματα,
3574 3059 3854 3129 κτήματα,

2214 3141 2384 3188 πᾶσαν
2435 3135 2639 3202 οὐσίαν,
2691 3137 2763 3197 ὠς
2821 3135 3002 3191 ποδῶν
3067 3139 3210 3192 κόνιν
3271 3141 3357 3194 καὶ
3419 3148 3620 3214 γειοῶν
3682 3145 3854 3217 ῥύπον

765 3198 915 3217 ηκιη
1630 3198 1638 3205 .
1761 3198 1782 3206 -
1934 3198 1950 3206 ,

473 3239 624 3305 nias,
673 3235 1090 3308 possessiones,
1142 3243 1493 3298 omnemque
1549 3225 1970 3281 substantiam:
2024 3225 2097 3278 ita

2344 3224 2355 3237 \
2481 3223 2506 3237 θ’
3421 3198 3457 3215 Γ*
3514 3202 3523 3216 ι
3691 3198 3703 3200 —
3779 3198 3845 3201 vv,

2214 3220 2389 3283 οὐδεις
2446 3244 2589 3277 ουτω
2646 3222 2868 3296 ῥᾳδίως,
2943 3223 3070 3298 μηδ’
3128 3227 3276 3299 αὖτῷ
3334 3226 3400 3297 δὴ
3440 3231 3619 3303 τούτῳ
3663 3198 3856 3292 νείμα-

473 3332 537 3381 ut
594 3341 760 3380 nemo
819 3324 961 3378 adeo
1024 3319 1188 3374 facile
1247 3317 1459 3388 pedum
1514 3314 1808 3385 pulverem
1863 3328 1930 3368 ac
1987 3329 2104 3366 ma-

470 3432 679 3470 nuum.
708 3412 910 3468 sordes
967 3409 1278 3479 abjiceret:
1315 3411 1377 3460 ut
1424 3419 1495 3459 ne
1541 3402 1626 3456 vel
1676 3401 1785 3456 hoc
1833 3401 1957 3470 ipso
1990 3417 2101 3470 pra}

469 3504 805 3560 festinantia
843 3497 1111 3569 occupari
1159 3499 1312 3550 certe
1355 3491 1620 3562 potuerit,
1652 3505 1766 3558 quo
1799 3487 2101 3542 facultates

467 3591 865 3662 indigentibus
918 3586 1312 3641 distribueret.
1361 3580 1548 3650 thue
1593 3578 1842 3632 breviter
1884 3577 2098 3642 dicam,

465 3681 752 3751 despectis
807 3675 1033 3732 cunctis
1091 3672 1475 3727 inferioribus,
1525 3684 1775 3736 superna
1831 3664 2098 3720 velociter

460 3768 850 3841 amplectitur,
901 3769 958 3818 et
999 3762 1069 3817 ad
1114 3760 1374 3815 Judaeum
1421 3756 1660 3819 accedit,
1705 3755 1975 3824 vaditque
2025 3755 2090 3808 ad

457 3877 590 3916 eum
622 3871 796 3928 quem
828 3848 1290 3919 coneUpiscebat,
1312 3862 1376 3898 ac
1399 3846 1596 3898 statim
1622 3843 1695 3897 ad
1717 3846 2090 3910 conspectum

456 3965 522 4005 ac
553 3959 843 4002 sermones
872 3941 1034 4006 Jcsu,
1067 3934 1315 3992 efficitur
1343 3930 1717 4003 splendidum
1762 3935 2092 3999 receptacu-

455 4040 579 4093 lum
601 4035 673 4090 ad
691 4031 1006 4104 pretiosum
1031 4024 1224 4096 gratiae
1257 4024 1638 4090 unguentum.
1666 4019 1862 4089 Neque
1891 4023 2087 4073 tamen

454 4126 538 4182 illi
569 4119 972 4193 frequentibus
1005 4116 1113 4170 fuit
1140 4127 1286 4181 opus
1310 4108 1681 4166 sermonibus
1703 4123 1768 4163 ac
1792 4106 2088 4163 miraculis

452 4216 524 4271 ad
583 4214 742 4268 illius
798 4206 1215 4278 cognitionem;
1262 4202 1362 4258 sed
1422 4203 1640 4270 quanto
1697 4198 1964 4252 doctrina
2021 4215 2086 4254 ac

453 4301 760 4374 prudentia
800 4297 1095 4368 animique
1139 4291 1478 4348 dexteritate
1513 4289 1570 4342 in
1612 4286 1739 4342 aliis
1782 4287 2083 4360 praepolleo

449 4395 567 4452 bal,
615 4394 772 4445 tanto
827 4387 1082 4441 velocius
1130 4386 1186 4437 et
1233 4381 1421 4450 ipsam
1481 4393 1624 4446 pure
1681 4377 1978 4431 veritatem
2027 4381 2084 4431 et

449 4481 822 4551 praedicatum
855 4485 1181 4527 sermonem
1215 4465 1529 4535 cognoscit.
1563 4464 1648 4517 Ab
1679 4464 1785 4517 hoc
1825 4469 2083 4534 tempore

445 4550 694 4623 efficitur
751 4560 1048 4630 legitimus
1095 4571 1162 4608 ac
1219 4569 1386 4608 verus
1443 4550 1656 4604 Christi
1716 4550 2072 4620 discipulus;

2208 4553 2390 4626 τηρίων
2458 4555 2620 4609 αὐτοῦ
2696 4555 3129 4628 ἁπολιμπάνεται

443 4669 695 4725 cumque
754 4651 1084 4719 frequenter
1140 4641 1473 4714 praeceptori
1527 4639 1823 4708 adfuisset,
1856 4645 1910 4694 et
1948 4641 2076 4710 ejus

439 4748 610 4817 signa
632 4759 696 4798 ac
720 4737 983 4813 prodigia
1004 4736 1318 4790 assectatus
1348 4732 1520 4792 esset,
1545 4743 1615 4781 ne
1637 4727 1694 4781 in
1719 4727 2075 4783 salutaribus

2211 3323 2331 3372 σθαι
2396 3311 2487 3364 τὸν
2537 3311 2772 3365 πλοῦτον
2840 3319 2956 3376 τοῖς
3020 3313 3249 3370 ἐνδεὲοιν
3323 3318 3426 3372 ὑπὸ
3490 3324 3588 3374 τοῦ
3642 3321 3856 3396 τάχους

2206 3397 2561 3472 ἀσχοληθείς.
2606 3399 2709 3454 Καὶ
2750 3399 3043 3457 συνελόντα
3090 3404 3268 3479 φάναι.
3300 3410 3408 3459 τῶν
3448 3410 3594 3462 κάτω
3635 3413 3854 3467 πάντων

2211 3485 2501 3560 ὑπεριδὼν,
2555 3493 2662 3541 τῶν
2714 3487 2825 3542 ἄνω
2864 3490 3003 3565 tor/6
3064 3494 3396 3566 περιέχεται,
3466 3498 3554 3551 καὶ
3620 3503 3690 3564 τῆ
3751 3504 3850 3573 μὲν

2957 3555 2970 3566 .
3665 3555 3674 3572 .

2203 3573 2440 3646 Ἰουδαίᾳ
2493 3573 2772 3649 ἐπιδημεῖ,
2821 3583 2900 3648 τῷ
2969 3581 3290 3654 ποθουμένῳ
3367 3581 3424 3639 δὲ
3517 3555 3829 3662 προσξοίτᾷ

2423 3635 2431 3646 .
2640 3635 2672 3649 ,ι
2760 3635 2772 3647 1
2873 3635 2882 3648 ι
3051 3635 3071 3643 ν
3151 3635 3207 3653 ιν
3261 3635 3282 3654 δέ
3374 3635 3421 3639 -ν
3524 3635 3553 3640 ·’
3600 3635 3788 3652 ν’τ*·’

2203 3666 2291 3718 καὶ
2335 3663 2410 3726 ε”ς
2444 3662 2564 3738 ὄψιν
2597 3665 2788 3720 αὐτίκα
2840 3668 2927 3722 καὶ
2988 3667 3182 3743 λόγους
3214 3676 3309 3725 τοῦ
3349 3674 3531 3744 Ἰησοῦ
3561 3635 3850 3753 Γγίγνετοίί

2199 3754 2260 3806 τὸ
2319 3753 2644 3826 περικαλλὲς
2707 3753 2926 3830 δοχεῖον
2958 3763 3033 3828 τῷ
3095 3759 3390 3835 πολυτίμῳ
3439 3772 3538 3832 τῆς
3586 3767 3824 3842 γαοιτος

2474 3841 2480 3842 ,
3611 3834 3626 3842 _
3667 3822 3676 3840 ι

2258 3843 2268 3858 ι
2388 3814 2394 3826 .
2472 3841 2483 3854 ‘
2632 3814 2641 3816 —
2777 3814 2812 3830 ι,
3007 3814 3016 3828 ι
3197 3814 3200 3815 ν
3257 3814 3267 3816 -
3303 3814 3382 3835 ΓΤ
3451 3814 3535 3832 "l‘
3632 3814 3821 3830 *τ’-*Ἰ

2201 3864 2374 3914 μυρῳ.
2420 3846 2497 3898 Ou
2531 3846 2638 3915 μὴν
2687 3843 2812 3899 οὐδέ
2862 3852 3076 3924 συχνῶν
3129 3847 3326 3920 ἐδεήθη
3369 3814 3676 3926 λόγων
3712 3814 3846 3912 θαυί

2202 3932 2382 4001 μάτων
2441 3932 2576 4003 πρὸς
2638 3934 2736 4000 την
2783 3933 2986 3988 ἐκείνου
3049 3935 3353 4010 ἐπίγνωσιν·
3406 3940 3534 3996 ἀλλ’
3564 3945 3678 3997 ὅσω
3710 3967 3842 4000 παι-

2197 4017 2310 4089 δείᾳ
2365 4020 2452 4074 καὶ
2513 4021 2715 4076 συνέσει
2774 4023 2866 4077 καὶ
2915 4027 3100 4098 ψυχῆς
3159 4028 3411 4096 εὐθύτητι
3483 4037 3590 4087 τῶν
3647 3999 3840 4092 δίλλων

2193 4107 2427 4182 ἐκρατει,
2493 4111 2734 4182 τοσούτῳ
2792 4115 2978 4166 θᾶττον
3037 4114 3202 4183 αὐτὴν
3256 4139 3314 4172 τε
3397 4127 3645 4196 καθαρῶς
3731 4128 3834 4195 τήν

2194 4197 2465 4266 ἐληθειαν,
2505 4197 2592 4252 καὶ
2643 4200 2732 4252 τὸν
2787 4203 3192 4274 κηρυσσόμενον
3245 4205 3407 4280 λόγον
3464 4173 3834 4284 ἐπίγινώσκεί.

2193 4287 2459 4342 Ἐντεῦθεν
2539 4291 2761 4362 γνήσιος
2828 4290 3067 4364 Χριστοῦ
3135 4293 3337 4369 γίνεναι
3415 4301 3683 4370 μαθητής,
3768 4306 3835 4357 τὰ

2191 4373 2373 4429 πολλά
2427 4397 2485 4430 τε
2537 4381 2616 4448 τῷ
2674 4375 2998 4452 διδωσκάλῳ
3055 4385 3247 4451 συνὼν,
3316 4385 3407 4439 καὶ
3463 4394 3576 4449 τοῖς
3615 4387 3829 4464 τέρασιν

2188 4463 2350 4516 αὐτου
2382 4465 2470 4518 καὶ
2514 4467 2765 4538 σημείοις
2822 4468 3351 4544 παρηκολουθηκὼς,
3384 4473 3510 4530 οὐδὲ
3551 4463 3682 4532 τῶν
3721 4501 3825 4536 σω-

2197 4563 2390 4626 τηρίων
2458 4563 2620 4609 αὑτοῦ
2696 4563 3129 4628 ἀπολιμπάνεται
3222 4563 3580 4634 παθημάτων.
3670 4567 3826 4624 τΑλλ,

2185 4663 2364 4715 ωσπερ
2432 4650 2560 4697 πᾶσι
2620 4645 2819 4718 παρῆν,
2873 4646 3046 4701 οὒτων
3097 4645 3161 4718 δὴ
3211 4653 3301 4706 καὶ
3351 4660 3450 4723 τῆς
3493 4655 3818 4720 ἀναστάσεως

2185 4731 2495 4805 θεωρὸς

439 4837 673 4909 quidem
733 4829 920 4903 ipsius
973 4822 1383 4881 afflictionibus
1440 4819 1624 4874 deest.
1652 4817 1721 4872 Et
1769 4820 2262 4888 quemadmodum
2319 4823 2593 4879 omnibus
2647 4825 2930 4894 adfuerat,
2965 4827 3042 4884 ita
3098 4847 3240 4887 sane
3282 4837 3340 4890 et
3386 4839 3828 4898 resurrectionis

432 4926 773 4995 conspector
802 4918 928 4974 fuit.

501 5013 590 5068 IV.
627 5013 769 5066 Cum
801 5008 1010 5078 Cleopa
1039 5003 1188 5061 enim
1222 5003 1289 5058 ad
1326 5014 1525 5068 agrum
1570 4997 1846 5052 Emmaus
1895 5000 2067 5068 proti-

2249 5001 2318 5054 A'.
2381 5004 2738 5075 Πορευομένῳ
2787 5004 2888 5080 γὰρ
2959 5009 3093 5079 μετα
3157 5010 3380 5067 Κλεόπα
3438 5013 3487 5086 ἐξ
3556 5017 3827 5089 Ἰερουσα-

428 5101 668 5156 ciscenti
715 5100 954 5154 adstans
1001 5097 1128 5165 post
1179 5089 1656 5147 resurrectionem
1708 5087 1980 5141 Dominus
2010 5092 2063 5155 (ο

426 5193 664 5247 horrore
724 5190 958 5260 plenum
1013 5185 1179 5239 illum
1225 5195 1523 5237 accessum
1552 5177 1591 5249 l)
1623 5178 1948 5233 tarditatem
1997 5195 2062 5233 ac

423 5281 615 5334 cordis
645 5292 846 5331 eorum
890 5271 1356 5326 incredulitatem
1404 5269 1787 5339 improperat:
1825 5274 1876 5321 et
1906 5267 2062 5321 Scri-

423 5371 726 5436 pturarum
775 5359 1350 5428 interpretationibus
1407 5373 1568 5412 suam
1609 5354 1935 5425 passionem
1995 5371 2058 5409 ac

423 5468 699 5524 magnum
732 5447 1174 5504 resurrectionis
1219 5447 1560 5516 mysterium
1591 5445 1914 5499 confirmat.
1948 5444 2054 5498 Ve-

2176 5087 2296 5160 λήμ
2362 5089 2436 5151 εἰς
2502 5093 2592 5146 τὸν
2645 5094 2807 5167 ἀγρὸν
2867 5095 3149 5169 Ἐμμαοῦς
3208 5100 3236 5153 6
3289 5101 3492 5176 Κύριος
3536 5087 3674 5176 μετὰ
3719 5111 3826 5176 τήν

2185 5176 2197 5188 .
2235 5153 2266 5190 ':
2691 5153 2724 5167 "
2933 5153 2987 5169 "
3137 5153 3147 5159 '
3289 5153 3360 5156 "’
3416 5153 3490 5166 "‘
3581 5153 3674 5161 ""
3730 5153 3774 5163 "
3807 5153 3823 5163 '

2173 5198 2448 5231 αναστασιν
2487 5179 2702 5242 ἐπιστὰς
2743 5179 2811 5252 (ὦ
2857 5190 2953 5251 τῆς
3016 5194 3248 5260 φρικτῆς
3315 5153 3576 5261 ἐκέίνηςΓ
3600 5153 3831 5253 ἐπιστα-

2175 5265 2297 5353 σίας
2324 5267 2362 5334 ί)
2390 5268 2451 5321 τό
2483 5289 2540 5322 τε
2595 5267 2766 5344 βραδυ
2797 5272 2888 5326 καὶ
2920 5269 3209 5329 δῦσπιστον
3241 5274 3340 5346 tiri:
3378 5277 3606 5353 καρδίας
3638 5283 3825 5341 αὐτῶν

2171 5351 2435 5459 όγειδίζει,
2495 5359 2584 5412 καὶ
2632 5365 2747 5420 ταῖς
2813 5360 3089 5416 ἐπιλύσεσι
3156 5370 3264 5418 τῶν
3322 5351 3539 5444 Γραςρῶν
3599 5373 3660 5427 τὸ
3702 5381 3828 5432 κατ’

2166 5463 2323 5496 αυτον
2389 5446 2561 5509 πάθος
2607 5448 2694 5501 καὶ
2743 5451 2804 5503 τὸ
2875 5453 3010 5524 μέγα
3061 5457 3158 5519 τῆς
3227 5455 3564 5522 ἀναστάσεως
3612 5470 3829 5537 μυστή-

489 5625 503 5656 ²
539 5619 670 5672 Luc.
703 5637 754 5685 v,
791 5619 875 5668 32.
911 5618 931 5649 ²
964 5616 1157 5670 .ilatth.
1194 5634 1276 5684 ιιι,
1317 5620 1398 5672 16.
1432 5619 1452 5652 ³
1483 5617 1791 5682 Matth.1x,
1824 5616 1912 5667 '26.
