4142 6248
287 406 442 470 1133

1683 411 1868 472 VITA
1914 413 1975 474 S.
2025 415 2284 484 LUCIE.

3523 415 3680 475 1134

287 589 399 644 ριον
438 565 672 645 βεϐαιοῖ.
709 569 858 639 Πλὴν
892 569 1038 626 ἀλλά
1083 579 1184 642 τῆς
1236 571 1380 636 θείας
1430 571 1655 646 ὁμιλίας
1700 573 1924 643 ταύτης,

2058 579 2372 634 rumtamen
2431 593 2559 649 qua
2608 577 2720 633 fuit
2777 577 2957 649 hujus
3013 576 3218 632 divinae
3276 575 3682 632 collocationis

283 657 335 713 τί
377 659 440 714 τὸ
470 658 761 734 γεώργιον.
822 661 938 734 Ηῦρ
993 657 1102 730 ἤδη
1165 662 1308 715 θεῖον
1365 666 1484 723 ταῖς
1539 659 1748 716 τούτων
1809 662 1932 714 ἀνα-

283 745 492 820 λάμπει
565 751 793 822 ψυχαῖς·
863 750 950 803 καὶ
1019 755 1120 817 τῆς
1178 750 1390 825 ἡμέρας
1455 748 1575 822 ἄρτι
1647 747 1930 817 κλινάσης,

288 842 468 910 μεῖναι
519 836 612 891 σὺν
672 837 859 898 αὐτοῖς
916 838 1006 892 τὸν
1067 839 1342 908 Δεσπότην
1402 833 1824 912 παρεϐιάσαντο.
1872 839 1932 894 Ὀ

287 925 365 995 δὲ,
399 925 626 981 πλείονα
674 927 779 995 τήν
829 925 1158 1001 θεογνωσίαν
1215 927 1410 982 αὐτοῐσ
1452 926 1676 981 ἐνθεῖναι
1729 924 1931 1000 βουλό-

289 1037 468 1089 μενος,
501 1015 563 1069 οὐ
597 1014 819 1084 συνέστη
865 1015 1032 1084 μόνον
1081 1015 1294 1083 ἁπλῶς,
1341 1014 1488 1070 ἀλλά
1546 1016 1636 1070 καὶ
1678 1018 1748 1087 τῇ
1795 1033 1929 1088 τρα-

285 1107 423 1178 πέζῃ
469 1103 972 1179 συγκατακλίνεται·
1025 1107 1092 1177 τῇ
1142 1125 1202 1158 τε
1237 1108 1334 1159 τοῦ
1384 1103 1550 1177 ἄρτου
1597 1103 1786 1158 κλάσει
1839 1103 1935 1157 οὗ-

285 1214 400 1261 τος,
445 1192 650 1254 ἐκεῖνος
703 1193 730 1246 6
781 1194 1080 1268 τρι-ήμερος
1128 1193 1264 1248 εἶναι
1321 1193 1504 1260 νεκρὸς
1551 1187 1933 1265 ἀκριϐέστερον

287 1283 633 1358 γνωρισθεὶς,
663 1280 822 1345 τέλος
850 1278 1031 1356 ᾤχετο
1083 1281 1262 1345 λαθὼν
1303 1281 1475 1336 αὐτῶν
1525 1285 1696 1336 πᾶσαν
1745 1279 1934 1346 αἶ’σθη-

287 1392 393 1439 σιν,
455 1367 802 1448 βεϐαιοτέραν
859 1370 1034 1431 οὕτως
1073 1372 1262 1434 αὐτοῖς
1307 1372 1408 1440 τήν
1459 1369 1520 1425 ἐκ
1575 1375 1683 1424 τῶν
1732 1374 1932 1444 νεκρῶν

287 1460 566 1515 ἀνάστασιν
597 1459 986 1535 ἐργασάμενος.

357 1550 436 1605 Ε’.
467 1551 739 1613 Ἐντεῦθεν
781 1548 872 1602 καὶ
910 1551 1011 1617 τῆς
1067 1553 1164 1603 τοῦ
1212 1555 1475 1621 Σωτῆρος
1523 1549 1659 1622 πρὸς
1705 1548 1936 1619 οὐρανὸν

287 1637 637 1712 ἀναλήψεως,
671 1638 760 1692 καὶ
789 1645 891 1707 τῆς
921 1643 1018 1693 τοῦ
1056 1637 1326 1713 παναγίου
1377 1637 1690 1709 Πνεύματος
1735 1635 1932 1699 ἐκεῖθεν

287 1726 707 1807 ἐπιφοιτήσεως,
742 1727 902 1788 οὗτος
931 1733 1050 1790 τοῖς
1090 1724 1303 1781 δώδεκα
1348 1725 1786 1795 κεκοινωνηκὼς,
1833 1731 1932 1793 τῆς

288 1818 457 1886 αὐτῆς
503 1838 561 1872 τε
627 1816 944 1890 πληρωθεὶς
1011 1818 1241 1892 χάριτος
1299 1817 1388 1871 καὶ
1456 1813 1759 1887 δυνάμεως,
1826 1818 1932 1869 τῶν

288 1905 452 1962 ἰθνῶν
483 1903 811 1968 διδάσκαλος
841 1903 1229 1976 ἀναδείκνυται,
1281 1902 1555 1978 θεολογῶν
1599 1904 1662 1957 τὸ
1710 1905 1807 1973 τῆς
1854 1903 1935 1957 οἱ·

287 1994 549 2070 κονομίας
619 1997 940 2069 μυστήριον,
1025 1995 1116 2048 καὶ
1185 1991 1430 2055 πολλοὺς
1507 1991 1583 2054 εἷς
1641 1991 1930 2067 ἐπίγνωσιν

279 2090 376 2140 τοῦ
443 2083 811 2154 πεποιηκότος
879 2083 941 2139 ἐκ
997 2090 1097 2153 τῆς
1153 2083 1366 2151 ἀπάτης
1427 2087 1788 2157 χειραγωγῶν
1844 2082 1934 2136 καὶ

287 2172 510 2230 τελειῶν
567 2179 646 2246 τῷ
709 2172 1062 2248 βαπτίσματι.
1123 2174 1357 2246 Ἒτρεχε
1412 2173 1506 2242 μὲν
1551 2172 1654 2244 γὰρ
1714 2172 1742 2224 6
1793 2174 1933 2232 θεῖος

287 2265 444 2324 οὗτος
511 2267 719 2323 Λουκᾶς
785 2265 1071 2336 πανταχοῦ
1138 2258 1467 2334 διασπείρων
1534 2260 1595 2313 τὸ
1653 2261 1936 2334 κηρυγμα,

285 2353 376 2408 καὶ
414 2355 482 2426 τῇ
511 2356 617 2406 τῶν
668 2349 851 2425 λόγων
900 2353 1112 2423 σαγήνῃ
1145 2349 1272 2410 τοὺς
1322 2346 1548 2408 πλείους
1597 2345 1656 2402 ἐκ
1695 2355 1795 2415 τῆς
1840 2351 1936 2401 τοῦ

292 2443 456 2516 βυθοῦ
523 2439 794 2516 ἀγνωσίας
851 2437 1142 2512 προσάγων
1203 2441 1342 2507 Θεῷ,
1412 2437 1738 2489 κακοπαθῶν
1803 2435 1934 2507 ὑπὲρ

285 2534 380 2584 τοῦ
413 2525 777 2603 Εὐαγγελίου,
809 2531 926 2588 τοῖς
956 2525 1351 2600 πονηροτάτοις
1394 2523 1679 2592 Ἐλλήνων
1712 2522 1786 2582 είς
1837 2521 1937 2576 λὸ-

285 2638 416 2693 γους
460 2613 682 2695 χωρῶν,
746 2613 932 2670 πολλὰ
983 2614 1049 2668 τὰ
1094 2611 1331 2686 δυσχερῆ
1396 2611 1757 2688 ὑφιστάμενος
1801 2611 1938 2662 κατὰ

288 2715 413 2784 γῆν,
460 2707 600 2760 κατά
649 2703 948 2773 θάλατταν,
1014 2702 1153 2758 κατά
1208 2699 1422 2761 πόλεις.
1481 2700 1728 2773 Ἐρημος
1786 2697 1936 2768 αὐτῷ

291 2798 452 2872 φίΛον
511 2791 707 2872 ἔδαφος
757 2793 1100 2864 ὠνομάζετο,
1163 2791 1323 2862 μόνον
1385 2786 1438 2841 εἴ
1486 2808 1635 2848 τινας
1687 2787 1739 2840 ἐν
1799 2786 1934 2858 αὐτῇ

291 2890 412 2956 Θεῷ
475 2887 838 2958 προσαγαγεῖν
897 2881 1065 2954 εὖροι,
1123 2879 1213 2933 καὶ
1275 2879 1578 2950 μεταθεῖναι
1643 2876 1780 2948 πρὸς
1835 2875 1935 2941 τήν

297 2968 590 3028 εὐσέϐειαν.

368 3063 431 3126 ς’.
466 3061 616 3118 Ἐπεὶ
648 3057 706 3115 δὲ
735 3059 826 3115 καὶ
871 3055 1109 3121 Παῦλος,
1137 3059 1245 3110 τῶν
1282 3050 1545 3128 οὐρανίων
1585 3045 1938 3120 ἐπιϐήσεσθαι

301 3150 547 3227 μέλλων,
613 3145 970 3204 κατοπτεῦσαί
1027 3165 1086 3200 τε
1141 3143 1230 3198 καὶ
1287 3139 1517 3216 κηρύξαι
1579 3144 1788 3214 τρανῶς
1843 3139 1942 3206 τήν

295 3225 579 3310 ἀλήθειαν,
609 3239 671 3293 τὸ
701 3243 803 3306 τῆς
831 3236 1043 3304 ἀπάτης
1088 3231 1280 3292 σκότος
1327 3225 1625 3285 ἀποϐαλὼν
1674 3231 1742 3300 τῇ
1792 3226 1938 3282 εὐσεο

2047 665 2382 737 agricolatio
2410 667 2438 720 ‘2
2468 665 2624 737 Ignis
2666 667 2896 722 divinus
2937 667 3061 736 jam
3113 666 3172 721 in
3212 665 3420 721 horum
3469 665 3680 721 animis

2045 756 2288 819 relucet,
2339 757 2583 826 jamque
2649 755 2741 810 die
2799 755 3125 810 declinante
3193 770 3423 809 manere
3480 771 3680 809 secum

2044 843 2356 897 Dominum
2381 843 2814 912 quodammodo
2837 847 3168 914 coegerunt.
3193 843 3366 897 Porro
3398 842 3538 912 ipse,
3565 859 3682 897 ma-

2038 930 2153 1001 jori
2184 931 2275 985 Dei
2301 930 2633 1000 cognitione
2677 931 2811 986 illos
2843 933 3037 986 efﬂare
3086 930 3300 995 volens,
3335 947 3449 986 non
3491 931 3676 986 solum

2044 1018 2272 1090 vulgari
2305 1020 2472 1074 modo
2502 1035 2848 1090 congressu
2874 1023 2982 1084 est,
3011 1018 3387 1075 verumetiam
3421 1020 3490 1073 ad
3522 1036 3682 1075 men-

2045 1124 2166 1164 sam
2209 1125 2320 1164 una
2382 1109 2689 1176 recumbit,
2740 1109 3028 1179 panisque
3085 1108 3366 1162 fractione
3421 1109 3678 1164 exactius

2045 1198 2275 1269 agnitus
2319 1203 2407 1253 est
2455 1197 2546 1252 hic
2603 1198 2754 1251 idem
2798 1197 2898 1267 qui
2931 1196 3121 1251 triduo
3170 1201 3439 1251 mortuus
3471 1197 3680 1265 fuerat,

2047 1287 2281 1341 tandem
2305 1286 2592 1357 disparuit
2610 1285 2768 1340 nullo
2791 1301 2988 1342 eorum
3011 1301 3185 1340 sensu
3210 1285 3267 1339 id
3293 1285 3674 1358 percipiente;

2045 1375 2248 1431 eﬂ‘ecta
2308 1375 2412 1430 hoc
2475 1375 2644 1430 modo
2699 1377 2757 1430 in
2819 1373 2905 1430 eis
2953 1373 3195 1428 ﬁrmiori
3261 1375 3680 1431 resurrectione

2048 1469 2430 1519 mortuorum.

2115 1552 2184 1606 V.
2221 1554 2499 1606 Praeterea
2533 1568 2565 1606 a
2594 1551 2906 1606 Salvatoris
2939 1551 2999 1606 in
3030 1549 3238 1605 caelum
3283 1553 3681 1623 assumptione

2044 1656 2110 1696 ac
2140 1640 2496 1696 sanctissimi
2537 1639 2790 1711 Spiritus
2829 1639 2965 1694 inde
2995 1639 3393 1706 descensione,
3418 1640 3512 1696 hic
3541 1643 3680 1696 duo-

2045 1730 2232 1785 decim
2268 1729 2546 1800 apostolis
2580 1729 2902 1784 associatus
2924 1733 2980 1782 et
3021 1727 3217 1782 eadem
3251 1729 3437 1798 gratia
3485 1746 3548 1784 ac
3581 1746 3680 1800 po-

2045 1823 2250 1874 testate
2307 1819 2586 1890 repletus,
2629 1818 2896 1874 Gentium
2957 1823 3276 1888 praeceptor
3326 1819 3678 1888 designatur,

2047 1909 2240 1964 divino
2273 1909 2443 1963 modo
2491 1908 2707 1963 docens
2739 1906 3189 1978 dispensationis
3223 1909 3587 1977 mysterium,
3624 1915 3681 1964 et

2047 1998 2262 2052 multos
2303 1999 2373 2052 ad
2419 1996 2704 2052 Creatoris
2734 1996 3120 2066 cognitionem
3154 2011 3220 2051 ex
3251 2013 3442 2051 errore
3471 2013 3678 2052 manu-

2046 2089 2264 2142 duccns
2296 2103 2362 2142 ac
2392 2085 2742 2156 baptismate
2759 2100 3122 2139 consecrans.
3159 2085 3455 2156 Siquidem
3488 2103 3680 2142 curre-

2046 2176 2143 2230 bat
2199 2175 2432 2228 divinus
2497 2173 2593 2228 hic
2673 2173 2852 2227 Lucas
2936 2172 3393 2241 praedicationem
3467 2175 3679 2244 ubique

2046 2262 2460 2326 disseminans,
2511 2269 2566 2316 et
2641 2276 2972 2315 sermonum
3050 2277 3265 2330 sagena
3341 2262 3535 2333 plures
3611 2279 3679 2317 ex

2047 2353 2334 2423 profunda
2365 2349 2696 2419 ignorantia
2724 2350 2790 2403 ad
2823 2351 2998 2404 Deum
3031 2350 3351 2405 adducebat
3386 2351 3677 2406 :alﬂictus

2047 2456 2147 2509 pro
2189 2439 2518 2510 Evangelia,
2549 2454 2680 2492 cum
2725 2439 2791 2492 ad
2819 2437 3100 2507 pessimos
3129 2437 3354 2493 Graecos
3393 2439 3463 2492 ad
3499 2439 3681 2496 disse-

2047 2527 2356 2581 minandos
2387 2542 2685 2580 sermones
2716 2526 3037 2592 accederet,
3071 2527 3258 2582 multa
3288 2543 3492 2596 aspera
3513 2529 3683 2584 susti-

2046 2614 2221 2668 nebat
2275 2615 2332 2667 in
2384 2619 2557 2679 terra,
2602 2613 2656 2667 in
2711 2615 2877 2680 mari,
2910 2615 2968 2669 in
3029 2614 3279 2684 singulis
3325 2616 3678 2672 civitatibus.

2045 2706 2341 2760 Desertum
2382 2703 2688 2760 dicebatur
2734 2705 2784 2757 ei
2823 2705 3078 2759 amicum
3120 2705 3336 2771 solum,
3371 2707 3682 2763 dummodo

2046 2793 2276 2863 aliquos
2325 2793 2384 2848 in
2433 2809 2498 2847 eo
2557 2792 2842 2847 inveniret
2901 2809 3048 2864 quos
3087 2793 3204 2849 Deo
3260 2795 3572 2850 adduceret
3618 2813 3683 2852 ac

2047 2880 2390 2934 transferret
2418 2880 2488 2934 ad
2523 2880 2820 2949 pietatem.

2121 3060 2211 3114 VI.
2251 3058 2354 3112 Ubi
2384 3063 2574 3115 autem
2609 3064 2666 3116 et
2704 3060 2914 3115 Paulus
2943 3059 3199 3117 caelestia
3229 3066 3683 3134 conscendisset,

2050 3148 2114 3200 ut
2145 3147 2471 3202 intueretur
2503 3149 2796 3203 veritatem
2828 3153 2884 3204 et
2926 3159 3119 3219 aperte
3167 3167 3292 3207 eam
3329 3154 3686 3223 praedicaret,

2049 3249 2116 3288 ac
2142 3234 2382 3304 abjectis
2413 3236 2625 3290 erroris
2675 3237 2935 3292 tenebris
2975 3239 3202 3292 veritati
3234 3241 3597 3311 adhaesisset,
3632 3248 3688 3297 et

297 3326 414 3384 ϐεία
445 3325 710 3398 συνέθετο,
749 3325 842 3380 καὶ
894 3328 973 3395 τῷ
1019 3326 1178 3398 χορῷ
1237 3323 1626 3394 συνηριθμεῖτο
1672 3322 1781 3372 τῶν
1840 3336 1940 3389 μαι

2058 3322 2222 3378 ehoro
2253 3322 2672 3393 discipulorum
2700 3329 3129 3378 annumeratus
3172 3331 3341 3395 esset,
3376 3328 3552 3384 Lucas
3582 3331 3687 3400 ipsi

304 3421 510 3489 θητῶν,
552 3416 943 3488 συνοδοιπόρος
999 3411 1145 3482 αὐτῷ
1202 3414 1412 3470 Λουκᾶς
1457 3407 1770 3471 καθίσταται
1810 3427 1949 3459 παν-

295 3512 473 3583 ταχοῦ
524 3508 613 3562 καὶ
663 3501 1022 3575 συνέκδημος,
1055 3502 1281 3574 ἀγώνων
1333 3502 1440 3554 τῶν
1493 3497 1625 3570 ὑπὲρ
1675 3490 1946 3556 εὐσεϐείας

304 3582 464 3671 ἐρῶν,
530 3595 620 3650 καὶ
688 3590 776 3647 διὰ
841 3594 1003 3645 τοῦτο
1082 3583 1363 3658 τηλικῷδε
1428 3585 1681 3652 συντάξας
1761 3582 1945 3636 ἑαυτὸν

307 3683 636 3758 στρατιώτῃ,
673 3683 838 3753 μέχρι
890 3699 948 3732 τε
989 3675 1204 3746 δεσμῶν
1263 3675 1340 3735 ὡς
1399 3676 1705 3746 κακοῦργος
1751 3689 1950 3758 συγκα-

307 3756 558 3833 κοπαθῶν
590 3768 758 3839 αὐτῷ,
808 3765 897 3821 καὶ
947 3766 1040 3827 τὰς
1089 3770 1189 3832 τῆς
1243 3759 1566 3838 θεογνωσίας
1618 3759 1830 3819 ἀκτῖνας
1875 3756 1952 3818 εἷς

310 3861 376 3914 τά
448 3859 652 3932 πέρατα
719 3855 1136 3926 συνεκπέμπων,
1195 3849 1337 3906 οὕτω
1405 3847 1795 3922 συναρμοσθεὶς
1859 3846 1950 3900 καὶ

314 3948 634 4014 οίκειωθεὶς,
703 3945 793 4000 καὶ
857 3945 994 3999 κατά
1065 3942 1239 3997 πάντα
1320 3937 1713 4014 κεχαρισμένος
1804 3935 1952 4008 αὐτῷ

315 4038 626 4115 γενόμενος,
659 4033 799 4090 ὥστε
853 4033 945 4088 τὸν
1004 4031 1240 4099 Παῦλον,
1281 4027 1670 4085 ἐπιστέλλοντα
1715 4031 1831 4088 τοῖς
1869 4046 1954 4080 πι·

317 4131 484 4192 στοῖς,
543 4123 819 4198 ἀγάπητὸν
871 4119 1164 4195 πολλαχοῦ
1219 4119 1310 4173 τὸν
1371 4123 1581 4172 Λουκᾶν
1640 4116 1950 4187 ὀνομάζειν.

314 4217 410 4276 ’Ὀς
437 4213 545 4268 ἀπό
581 4233 639 4266 τε
687 4209 1057 4285 Ἰερουσαλὴμ
1110 4207 1202 4262 καὶ
1251 4206 1438 4276 κύκλῳ
1489 4205 1653 4278 μέχρι
1701 4205 1796 4255 τοῦ
1845 4198 1955 4256 Ἰλ-

318 4304 547 4375 λυρικοῦ
583 4303 646 4357 τὸ
697 4298 1033 4373 Εὐαγγέλιον
1080 4297 1171 4351 σὺν
1222 4295 1404 4364 τούτῳ
1442 4292 1696 4364 πληρῶν,
1746 4288 1852 4342 ἀπό
1897 4307 1956 4341 τε

317 4389 582 4451 Ἰουδαίας
632 4388 765 4466 ἄχρι
823 4387 1043 4458 Ῥώμης
1100 4380 1248 4452 αὐτῷ
1305 4377 1790 4450 συνδεσμούμενος,
1847 4379 1953 4430 τῶν

317 4479 492 4533 αὐτῶν
533 4465 741 4541 κόπων,
773 4480 880 4529 τῶν
915 4474 1096 4528 αὐτῶν
1135 4469 1396 4542 θλίψεων,
1429 4473 1537 4522 τῶν
1570 4465 1744 4520 αὐτῶν
1777 4483 1960 4518 κεκοι-

315 4568 524 4634 νώνηκε
588 4562 880 4637 ναυαγίων,
946 4557 1298 4633 συμμέτοχος
1343 4556 1667 4632 ἀναςανῆναι
1742 4553 1959 4613 πάντως

2058 3413 2250 3468 socius
2283 3412 2507 3467 itineris
2537 3413 2753 3482 ubique
2782 3413 3152 3468 constituitur
3181 3431 3245 3468 ac
3279 3417 3688 3487 peregrinatio-

2055 3503 2148 3556 nis
2179 3518 2389 3569 comes,
2421 3503 2738 3556 certamina
2780 3518 2880 3573 pro
2936 3503 3149 3572 pietate
3193 3509 3493 3574 exoptans,
3525 3509 3581 3562 et
3617 3508 3688 3562 ob

2057 3589 2112 3643 id
2143 3607 2204 3644 sc
2228 3589 2563 3657 hujusmodi
2597 3591 2961 3660 conjungens
2993 3589 3186 3658 militi,
3219 3597 3276 3646 et
3317 3609 3430 3648 una
3461 3611 3593 3649 cum
3627 3612 3692 3649 eo

2059 3694 2244 3749 usque
2275 3678 2348 3732 ad
2378 3679 2613 3734 vincula
2644 3679 2901 3734 afﬂictus
2933 3681 3097 3750 quasi
3132 3681 3452 3737 maleficus.
3486 3682 3692 3738 simul-

2058 3783 2173 3837 que
2219 3765 2566 3834 cognitionis
2599 3767 2789 3822 radios
2839 3769 2909 3821 ad
2972 3767 3119 3824 ﬁnes
3176 3773 3339 3824 terrae
3371 3771 3690 3826 amittens:

2055 3856 2196 3910 adeo
2227 3853 2340 3923 ipsi
2371 3855 2686 3910 conformis
2716 3871 2780 3910 ac
2840 3857 3214 3924 domesticus,
3263 3863 3318 3912 et
3350 3876 3451 3928 per
3497 3860 3695 3915 omnia

2057 3947 2256 4016 gratus
2286 3943 2550 4013 eﬂ‘ectus,
2587 3952 2646 4000 ut
2687 3943 2904 4000 Paulus
2953 3946 3216 4002 scribens
3265 3948 3533 4004 ﬁdelibus
3583 3949 3691 4004 Lu-

2058 4049 2186 4088 cam
2220 4032 2546 4103 frequenter
2576 4033 2904 4088 nominaret
2935 4033 3209 4089 dilectum
3237 4051 3250 4088 :
3276 4038 3374 4104 qui
3401 4037 3471 4090 ab
3503 4036 3696 4092 Hiero-

2059 4119 2296 4191 solymis
2352 4125 2410 4174 et
2482 4121 3108 4189 circumadjacentibus
3182 4121 3326 4177 locis
3406 4123 3695 4196 Illyricum

2062 4223 2248 4276 usque
2289 4223 2403 4261 una
2449 4222 2585 4261 cum
2618 4207 2743 4276 ipso
2793 4207 3053 4277 implevit
3085 4207 3458 4279 Evangelium
3494 4229 3507 4266 :
3557 4217 3614 4266 et
3662 4229 3696 4267 a

2061 4295 2264 4350 Judaea
2303 4293 2544 4347 Romam
2586 4309 2765 4362 usque
2796 4310 2912 4348 una
2938 4310 3066 4349 cum
3097 4311 3162 4351 eo
3191 4298 3440 4365 vinctus,
3474 4299 3691 4354 eisdem

2065 4382 2384 4445 laboribus,
2417 4383 2636 4437 eisdem
2684 4383 3127 4450 afﬂictionibus,
3177 4385 3392 4441 eisdem
3436 4405 3700 4444 commu-

2065 4471 2280 4526 nicavit
2311 4469 2654 4541 naufragiis,
2683 4470 2879 4527 volens
2919 4472 3155 4528 omnino
3184 4475 3478 4548 particeps
3510 4477 3700 4533 decla-

2069 4561 2180 4616 rari
2207 4559 2382 4614 etiam
2404 4575 2746 4615 coronarum
2770 4565 3005 4630 propter
3024 4559 3132 4616 hos
3163 4561 3393 4618 labores
3423 4565 3703 4636 recipien-

317 4654 406 4709 καὶ
434 4657 542 4708 τῶν
578 4651 666 4706 ἐπὶ
722 4651 994 4709 τοιούτοις
1032 4647 1220 4709 πόνοις
1279 4645 1546 4720 στεφάνων
1602 4640 1945 4717 βουλόμενος.

2065 4649 2292 4702 derum.
2327 4649 2414 4702 Ita
2443 4663 2579 4717 ergo
2612 4647 2709 4702 ubi
2745 4648 2919 4704 variis
2950 4649 3140 4704 modis
3167 4650 3224 4706 in
3256 4650 3474 4708 talento
3507 4652 3707 4723 praedi-

321 4743 476 4801 Οῧτω
534 4744 824 4816 τοιγαροῦν
865 4735 1188 4797 πολυτελῶς
1240 4733 1332 4789 σὺν
1383 4734 1462 4804 τῷ
1497 4729 1697 4803 Παύλῳ
1741 4730 1804 4784 τὸ
1861 4731 1956 4783 τοῦ

319 4831 673 4907 κηρύγματος
719 4827 1194 4904 ἐμπορευσάμενος
1262 4821 1547 4888 τάλαντον,
1592 4821 1682 4875 καὶ
1727 4821 1960 4872 τοσαῦτα

320 4904 651 4995 παραγαγὼν
691 4918 782 4973 καὶ
813 4913 1147 4992 σαγηνεύσας
1179 4911 1304 4982 ἔθνη
1337 4915 1406 4986 τῇ
1440 4904 1800 4980 εὐσεϐείᾳ,τῆς
1823 4904 1963 4975 ὅλης

321 5015 422 5066 τοῦ
445 5001 773 5064 διδασκάλου
805 5003 1123 5078 οἰκονομίας
1155 5003 1183 5057 6
1204 5002 1294 5056 καὶ
1319 4999 1492 5075 φιλῶν
1525 5003 1602 5070 τῷ
1632 4998 1742 5052 ’ὀντι
1760 4995 1848 5050 καὶ
1875 5015 1964 5073 ιρι-

325 5099 593 5173 λούμενος
635 5097 908 5170 μαθητὴς,
960 5092 1290 5168 ἱερογράφος
1335 5091 1476 5162 ὁμσῦ
1518 5088 1608 5142 καὶ
1665 5082 1967 5160 Εὐαγγελι-

326 5192 459 5258 στὴς
493 5187 783 5258 δείκνυται,
843 5186 936 5240 ἅτε
992 5182 1082 5238 καὶ
1131 5180 1392 5255 πρότερον
1433 5175 1964 5252 παρηκολουθηκὼς,

323 5281 417 5336 καὶ
455 5278 600 5350 παρὰ
629 5280 736 5331 τῶν
771 5275 1027 5349 ἀπαρχῆς
1088 5272 1372 5344 ὑπηρετῶν
1420 5271 1587 5322 ταῦτα
1632 5261 1964 5340 γνωρισθεὶς,

329 5364 486 5434 ἥκαὶ
549 5361 999 5441 μυσταγωγηθεὶς
1050 5358 1268 5415 ἄνωθεν.
1326 5356 1402 5413 Τὸ
1457 5355 1556 5430 γὰρ
1611 5357 1708 5407 τοῦ
1762 5371 1970 5423 νυμφο-

332 5457 534 5514 στόλου
577 5450 823 5530 Γαϐριὴλ
881 5451 1016 5526 πρὸς
1068 5449 1169 5516 τὴν
1232 5444 1492 5521 Παρθένον
1539 5444 1692 5504 οὗτος
1757 5441 1967 5530 μυστή-

331 5568 443 5623 ριον
493 5529 778 5617 ἀνετάξατο
810 5543 838 5597 ὁ
881 5537 1317 5616 Εὐαγγελιστής,
1363 5537 1460 5588 τοῦ
1506 5533 1693 5623 κοινην
1744 5529 1970 5623 εὐαγγεῗ

330 5620 628 5708 λισαμένου
687 5636 766 5704 τῷ
829 5629 1021 5701 κόσμῳ
1086 5625 1280 5702 γαράν.
1349 5623 1521 5684 Οὗτος
1577 5620 1667 5676 καὶ
1720 5620 1819 5688 τὴν
1873 5621 1970 5672 τοῦ

328 5728 581 5800 Χριστοῦ
628 5723 872 5797 γέννησιν
933 5718 1166 5792 ἐναργῶς
1226 5711 1564 5789 διεχάραξεν,
1618 5708 1800 5783 ὥσπερ
1851 5708 1969 5784 ἄρτι

2067 4735 2311 4792 cationis
2341 4735 2519 4790 simul
2547 4753 2680 4791 cum
2723 4737 2903 4792 Paulo
2948 4739 3282 4809 negotiatus
3321 4748 3486 4806 esset,
3537 4749 3706 4811 atque

2068 4830 2154 4880 tot
2202 4831 2399 4894 gentes
2441 4824 2782 4879 adduxisset
2827 4841 2893 4879 ac
2934 4825 3242 4882 irretiisset
3296 4829 3364 4883 ad
3411 4829 3705 4898 pietatem,

2072 4914 2251 4970 totius
2293 4913 2746 4984 dispensationis
2796 4916 3169 4985 praeceptoris
3206 4921 3263 4970 et
3309 4933 3436 4973 vere
3483 4923 3708 4974 amator

2072 5013 2125 5060 et
2199 5007 2430 5060 amatus
2505 5004 2844 5074 discipulus,
2903 5021 3080 5059 sacrae
3147 5007 3400 5078 scriptor
3456 5008 3707 5064 historiae

2073 5091 2249 5148 simul
2280 5100 2334 5148 et
2386 5092 2758 5163 Evangelista
2816 5092 3168 5158 ostenditur,
3203 5103 3263 5148 ut
3315 5097 3412 5165 qui
3447 5103 3498 5152 el
3549 5097 3710 5166 prius

2074 5185 2384 5235 assecutus
2413 5185 2587 5244 esset,
2635 5185 2692 5236 et
2721 5181 2794 5236 ab
2852 5181 2944 5236 bis
2978 5182 3076 5251 qui
3118 5183 3189 5236 ab
3237 5181 3402 5238 initio
3455 5185 3710 5240 ministri

2079 5271 2306 5324 fuerant
2350 5269 2470 5324 haec
2515 5269 2900 5339 cognovisset,
2950 5274 3051 5324 aut
3109 5270 3287 5325 etiam
3357 5288 3605 5344 superne
3650 5273 3708 5329 in

2076 5359 2259 5414 sacris
2316 5359 2560 5414 edoctus
2616 5362 2786 5413 esset.
2846 5358 3152 5429 Siquidem
3215 5361 3307 5415 hic
3365 5363 3718 5433 evangelista

2077 5445 2418 5519 mysterium
2451 5447 2696 5503 retexuit
2723 5445 3002 5502 Gabrielis
3036 5449 3423 5522 paranympbi
3453 5450 3712 5506 delatum

2077 5536 2146 5590 ad
2178 5533 2477 5605 Virginem
2509 5535 2607 5605 qui
2656 5549 3030 5591 communem
3085 5539 3307 5594 mundo
3337 5538 3578 5607 gratiam
3611 5553 3717 5592 an-

2078 5622 2473 5678 nuntiavcrat.
2520 5623 2622 5681 Hic
2652 5624 2827 5681 etiam
2884 5624 3101 5682 Christi
3134 5625 3488 5682 nativitatem
3522 5628 3718 5696 aperte

2080 5711 2357 5780 exaravit,
2407 5717 2685 5785 tanquam
2749 5729 2946 5770 recens
3010 5713 3070 5771 in
3138 5715 3381 5787 praecepi
3429 5714 3715 5783 iacentem
