4142 6248
515 414 667 476 1135

1851 389 2134 456 Mli-3513
2177 387 2556 449 OCTOBER.
3764 381 3792 439 1
3817 381 3928 440 I36

513 574 910 638 manifestans,
986 573 1042 624 et
1111 564 1319 622 fascias
1378 578 1443 617 ae
1501 562 1791 632 pastores,
1843 551 2150 624 gaudiiqne

2264 544 2609 617 κείμενοντῆ
2669 543 2838 620 φάτνῃ
2905 540 3289 615 παραδεικνῦς,
3349 539 3438 596 καί
3490 541 3802 617 σπάργανα,
3839 545 3930 596 καί

514 676 805 735 praecones
843 657 1074 726 angelos
1132 653 1488 708 describens.
1548 648 1649 703 Hic
1707 643 2023 700 sententias
2084 656 2148 694 ac

514 752 811 806 doctrinas
868 762 1101 802 omnem
1146 750 1399 798 mentem
1431 739 1788 802 excedentes,
1819 733 1938 788 veri
1971 729 2148 786 simul

514 859 580 897 ac
635 839 862 894 honesti
924 850 1120 890 amore
1189 830 1601 895 manifestavit,
1661 840 1855 880 rerum
1923 819 2149 876 veritati

516 947 848 986 sermonum
885 927 1302 995 ingenuitatem
1336 922 1741 980 commiscens,
1787 920 1849 968 ut
1897 918 1954 968 et
1988 928 2148 966 men-

515 1026 592 1074 tis
624 1019 792 1073 simul
828 1032 893 1070 ac
944 1017 1152 1082 linguae
1202 1011 1474 1064 virtutem
1528 1007 1598 1060 ob
1648 1004 1847 1060 oculos
1891 1005 2149 1074 poneret.

515 1110 577 1162 In
615 1105 906 1178 parabolis
959 1117 1192 1172 quoque
1242 1097 1537 1152 doctrinas
1568 1095 1854 1150 salutares
1886 1090 2152 1155 retexuit,

516 1196 574 1250 in
623 1196 728 1249 hoc
787 1194 958 1248 etiam
1018 1188 1306 1260 copiosior
1362 1187 1602 1238 caeteris.
1663 1181 1850 1252 thue
1911 1181 2156 1234 breviter

517 1283 730 1345 dicam,
757 1277 1248 1351 quemadmodum
1273 1274 1444 1329 Verbi
1469 1273 1816 1327 descensum
1847 1269 1905 1323 in
1938 1274 2154 1322 terram

518 1371 771 1426 dilucide
823 1366 1287 1438 cognoscendum
1337 1361 1515 1426 dedit,
1548 1362 1625 1414 ita
1655 1365 1711 1414 et
1756 1373 2062 1413 ascensum
2097 1356 2156 1410 in

520 1459 711 1524 cmlos,
754 1463 811 1513 et
852 1457 1104 1512 reditum
1146 1455 1218 1509 ad
1280 1452 1554 1508 thronum
1615 1453 1945 1520 paternum,
2006 1445 2159 1500 sicut

521 1547 810 1620 quispiam
841 1561 870 1602 e
901 1545 1041 1600 c0310
1071 1544 1324 1606 veniens,
1369 1536 1782 1595 manifestavit.
1818 1535 1931 1590 Hoc
1964 1545 2156 1590 autem

520 1637 672 1692 inter
710 1640 911 1690 caetera
950 1633 1350 1704 gratissimum
1391 1634 1477 1684 est
1514 1628 1667 1698 quod
1702 1627 1896 1697 ipsum
1931 1640 2158 1695 quoque

519 1728 722 1794 typum
799 1726 1110 1792 assumpta:
1175 1717 1562 1773 humanitatis
1627 1714 1837 1770 Christi
1898 1713 2033 1781 mei,
2093 1728 2159 1766 ac

521 1816 757 1884 signum
804 1812 933 1881 ejus
991 1826 1115 1880 quae
1157 1808 1323 1862 illum
1355 1809 1659 1877 pepererat
1696 1808 1753 1858 et
1797 1811 2157 1872 assumptam

2262 634 2545 707 ποιμένας,
2611 635 2700 687 καὶ
2765 634 2890 694 τοὺς
2955 640 3054 701 τῆς
3112 637 3287 707 χαρᾶς
3341 635 3587 706 κήρυκας
3647 632 3929 707 ἀγγέλους

2261 724 2686 802 συνεπιγράφων,
2749 724 2923 783 Οὗτος
2988 722 3084 781 τὰς
3146 721 3316 775 πάντα
3379 726 3504 775 νοῦν
3567 717 3928 796 ὑπερϐαλλοο

2265 818 2423 888 μένας
2454 811 2911 885 παραδοξοποιίας
2959 816 3286 884 φιλαληθῶς
3328 832 3384 864 τε
3417 813 3560 882 ὁμοῦ
3607 813 3700 865 καὶ
3754 810 3924 887 φιλο-

2260 902 2442 965 κάλως
2510 901 2776 971 ἐδήλωσε,
2846 900 3185 973 πααγμάτων
3252 899 3483 967 ἀληθεία
3532 899 3717 974 λόγων
3779 900 3924 974 εὐγέ-

2261 1014 2402 1047 νειάν
2440 992 2790 1064 συγκεράσας,
2821 989 2912 1043 ’ίνα
2940 989 3029 1043 καὶ
3069 989 3297 1063 γνώμης
3349 990 3460 1060 ἅμα
3502 990 3592 1042 καὶ
3651 987 3922 1062 γλώττης

2262 1083 2456 1150 ἀρετὴν
2490 1083 2836 1155 παραστήσῃ.
2887 1080 2974 1133 Ἐν
3045 1073 3387 1152 παραϐολαῖς
3443 1098 3500 1131 τε
3553 1075 3921 1138 διδασκαλίας

2718 1170 2812 1222 κάν
2878 1171 3057 1238 τούτῳ
3113 1172 3220 1221 τῶν
3286 1164 3472 1220 ἄλλων
3542 1167 3922 1234 πλεονεκτῶν,

3213 1256 3395 1332 φάναι,

2266 1169 2661 1244 σωτηριώδεις,

2265 1260 2581 1336 ἐξυφήνατο.
2652 1257 2750 1315 Καί
2825 1256 3109 1311 συνελόντα
3213 1256 3395 1332 φάναι,
3489 1256 3735 1328 καθάπερ
3823 1259 3922 1324 την

2266 1349 2352 1404 ἐπὶ
2418 1356 2522 1422 γῆς
2589 1345 2816 1411 κάθοδον
2880 1350 2976 1401 τοῦ
3044 1344 3223 1420 Λόγου
3317 1349 3525 1418 τρανῶς
3593 1344 3920 1419 ἐγνώρισεν,

2268 1437 2409 1492 οὕτω
2453 1437 2542 1490 καὶ
2598 1439 2695 1504 τήν
2766 1435 2840 1498 εἷς
2906 1433 3152 1507 ούρανὸν,
3222 1430 3408 1487 ἃνοδον
3471 1435 3557 1486 καὶ
3628 1435 3770 1507 πρὸς
3832 1435 3925 1488 τὸν

2267 1530 2514 1600 πατρῷον
2557 1525 2749 1599 θρόνον
2804 1521 3088 1594 ἐπάνοδον,
3156 1523 3247 1576 οἷά
3301 1543 3383 1583 τις
3442 1522 3591 1590 ἥκων
3651 1522 3705 1594 ἐξ
3748 1522 3924 1598 οὖρα-

2267 1619 2361 1669 νοῦ
2437 1612 2777 1692 διεσάφησεν.
2854 1615 2922 1669 Ὀ
2989 1609 3047 1666 δὲ
3110 1616 3218 1666 τῶν
3289 1611 3475 1666 ἄλλων
3538 1610 3649 1666 ἐστὶ
3719 1615 3924 1686 χαριέο

2270 1725 2481 1773 στατον,
2526 1704 2608 1758 ὅτι
2657 1704 2746 1756 καὶ
2808 1701 2965 1756 αὐτὸν
3023 1702 3116 1755 τὸν
3172 1705 3268 1756 τοῦ
3316 1700 3761 1773 προσλήμματος
3823 1707 3923 1756 τοῦ

2271 1794 2405 1866 ἐμοῦ
2453 1797 2693 1868 Χριστοῦ
2750 1793 2942 1860 τύπον,
2998 1791 3089 1845 τόν
3146 1811 3204 1845 τε
3265 1794 3364 1854 τῆς
3425 1789 3583 1845 αὐτὸν
3645 1791 3924 1860 τεκούσης

520 1879 948 1956 hdmanitatem
998 1879 1258 1962 dederat,
1294 1895 1513 1966 primus
1562 1893 1656 1948 hic
1703 1908 1836 1948 cera
1874 1907 1938 1946 ac
1968 1890 2152 1945 linea-

2268 1884 2357 1938 καὶ
2390 1881 2587 1952 δούσης
2630 1882 2690 1935 τὸ
2749 1879 3096 1954 πρόσλημμα
3153 1886 3494 1953 χαρακτῆρα,
3551 1884 3778 1954 πρῶτος
3829 1882 3923 1934 οὗ·

2511 1977 2536 1985 -
2664 1972 2677 1985 ς
2841 1972 2851 1985 .
3062 1969 3156 1985 ηρ.
3316 1967 3330 1984 ν
3456 1969 3468 1985 ς
3525 1970 3536 1985 .
3758 1975 3788 1985 -
3843 1983 3856 1985 _

521 1990 732 2046 mentis
782 1989 1030 2057 tingens,
1092 1989 1155 2040 ut
1211 1985 1281 2039 ad
1339 1984 1460 2038 hinc
1509 1997 1695 2052 usque
1753 1988 2029 2051 tempora,
2098 1979 2157 2032 in

519 2078 777 2149 imagine
803 2077 1251 2138 honorarentur,
1284 2072 1518 2128 tradidit
1552 2079 1829 2140 tanquam
1863 2084 1978 2124 non
2018 2069 2161 2122 satis

522 2183 652 2221 esse
682 2166 1040 2227 existimans,
1068 2164 1178 2217 nisi
1201 2161 1373 2217 etiam
1407 2176 1506 2230 per
1526 2158 1840 2228 imaginem
1862 2173 1928 2211 ac
1957 2161 2160 2227 typum

521 2259 852 2308 versaretur
885 2268 1014 2306 cum
1065 2251 1114 2305 is
1145 2265 1294 2321 quos
1334 2247 1721 2312 desiderabat,
1755 2245 1903 2316 qaod
1947 2246 2166 2299 ferven-

522 2342 732 2397 tissimi
767 2341 981 2395 amoris
1011 2338 1240 2410 signum
1272 2340 1376 2392 est.
1412 2335 1610 2406 Neque
1646 2335 1701 2388 id
1733 2333 1943 2395 solum.
1978 2334 2078 2388 sed
2111 2341 2164 2389 et

526 2430 800 2484 ﬁdelibus
829 2429 1102 2484 omnibus
1124 2425 1455 2496 Christique
1485 2423 1845 2480 amatoribus
1884 2422 2005 2479 haec
2035 2439 2161 2493 quae

523 2519 778 2574 maxima
808 2522 975 2573 erant
991 2516 1242 2586 gratiose
1267 2513 1524 2570 donavit.

592 2607 712 2662 VII.
747 2608 815 2660 At
856 2622 968 2660 non
1013 2605 1071 2658 in
1107 2604 1195 2658 his
1225 2602 1365 2658 solis
1415 2607 1594 2656 Lucas
1633 2601 1876 2670 gratiam
1916 2599 2162 2670 Spiritus

523 2712 650 2766 qua:
665 2695 720 2749 in
742 2710 802 2750 se
815 2692 1275 2756 eratcoarctavit,
1291 2705 1474 2759 neque
1493 2689 1561 2744 ad
1578 2689 1769 2744 solum
1789 2689 2158 2757 Evangelium

522 2783 620 2839 hic
659 2782 1088 2838 ministrantem
1135 2779 1331 2834 habuit
1383 2779 1661 2849 linguam,
1696 2777 1792 2832 sed
1824 2781 1956 2846 post
1985 2776 2157 2830 finem

523 2871 942 2928 miraculorum
982 2869 1219 2936 Christi,
1279 2867 1450 2923 etiam
1487 2865 1882 2938 apostolorum
1926 2867 2161 2937 exponit

522 2962 816 3028 actiones;
850 2964 906 3014 et
937 2959 1188 3030 primum
1216 2956 1474 3012 divinam
1513 2955 1830 3012 Salvatoris
1861 2955 1916 3008 in
1950 2955 2158 3010 coelum

523 3049 1021 3120 assumptionem:
1049 3046 1258 3100 deinde
1290 3060 1464 3115 super
1490 3045 1646 3114 ipsos
1670 3045 1727 3098 in
1759 3043 1911 3113 ignis
1943 3043 2161 3114 linguis

520 3137 771 3208 Spiritus
808 3137 1153 3191 descensum
1190 3151 1202 3189 :
1245 3134 1455 3188 dehinc
1495 3133 1572 3187 ita
1608 3132 1886 3204 Stephani
1935 3133 2156 3204 lapida-

521 3228 764 3292 tionem,
799 3225 953 3280 Pauli
995 3223 1454 3290 conversionem,
1490 3239 1698 3294 nempe
1731 3239 1830 3293 per
1860 3223 2153 3280 Christum

2269 1994 2363 2034 τος
2392 1977 2550 2045 κηρῷ
2592 1972 2680 2024 καὶ
2740 1972 3001 2048 χρώμασι
3061 1969 3257 2043 βάψας,
3314 1967 3364 2023 ἐν
3427 1969 3591 2023 εἰκόνι
3649 1975 3922 2041 τιμᾶσθαι

2273 2062 2437 2136 μέχρι
2470 2061 2558 2115 καὶ
2587 2065 2674 2113 νῦν
2708 2056 3108 2133 παραδέδωκεν,
3153 2057 3333 2129 ὥσπερ
3385 2057 3482 2112 οὐκ
3528 2058 3729 2132 ἀρκοῦν
3781 2059 3918 2114 εἶναι

2268 2151 2531 2222 νομίζων,
2567 2149 2611 2202 εἰ
2655 2150 2730 2221 μή
2771 2149 2860 2202 καί
2901 2146 2970 2201 δι’
3021 2146 3226 2207 εἰκόνος
3293 2147 3383 2200 καὶ
3435 2146 3608 2201 τύπου
3654 2147 3920 2224 ἐντυγγά-

2267 2263 2345 2296 νει
2383 2246 2499 2303 τοῖς
2545 2236 2924 2310 ποθουμένοις,
2980 2239 3111 2310 ὅπερ
3170 2235 3354 2315 φιλίας
3413 2239 3758 2312 θερμοτάτης
3806 2237 3915 2293 ἐστῖ

2268 2333 2590 2403 τεκμήριονσ
2631 2330 2694 2383 ού
2723 2330 2885 2401 μόνον
2931 2325 3008 2391 δὲ,
3050 2325 3196 2380 ἀλλά
3239 2325 3331 2380 καὶ
3377 2332 3590 2388 πιστοῖς
3641 2333 3776 2381 πᾶσι
3827 2329 3913 2382 καί

2267 2419 2652 2497 φιλοχρίστοις
2682 2417 2749 2472 τά
2782 2415 3007 2490 μέγιστα
3039 2417 3427 2489 χαριζόμενος.

2335 2601 2406 2654 Ζ’.
2449 2597 2606 2653 Ἀλλ’
2667 2596 2765 2650 οὐκ
2803 2595 2854 2650 ἐν
2912 2596 3126 2656 τούτοις
3185 2596 3374 2667 μόνοις
3439 2600 3647 2658 Λουκᾶς
3703 2598 3804 2664 τήν
3866 2597 3914 2652 ἓν

2263 2685 2410 2758 αύτῷ
2443 2689 2604 2762 χάριν
2654 2690 2750 2740 τοῦ
2802 2684 3113 2755 Πνεύματος
3173 2684 3553 2758 περιέγραψεν,
3606 2683 3732 2741 οὐδὲ
3779 2688 3912 2759 πρὸς

2267 2777 2430 2849 μόνον
2501 2775 2701 2838 ἐκεῖνος
2758 2776 2818 2830 τὸ
2881 2775 3206 2848 Εῦαηέλιον
3280 2776 3553 2850 ὑπουργὸν
3623 2775 3755 2854 ἕσγε
3815 2781 3907 2846 τήν

2263 2865 2537 2941 γλῶτταν,
2586 2864 2732 2920 ἀλλὰ
2788 2864 2924 2938 πρὸς
2989 2871 3067 2937 τῷ
3122 2863 3268 2920 τέλει
3334 2869 3441 2918 τῶν
3509 2869 3605 2918 τοῦ
3680 2846 3908 2940 ξριστοῦ

2265 2956 2560 3028 θαυμάτων
2609 2955 2696 3008 καὶ
2745 2955 2839 3016 τὰς
2896 2958 3003 3008 τῶν
3063 2951 3382 3008 ἀποστόλων
3453 2953 3723 3017 ἐκτίθεται
3787 2958 3904 3027 πρά-

2264 3047 2391 3116 ξεις⁸
2459 3044 2548 3097 καὶ
2605 3044 2794 3117 πρῶτά
2839 3063 2898 3117 γε
2959 3043 3057 3110 τήν
3126 3042 3270 3106 θείαν
3322 3043 3456 3117 πρὸς
3519 3044 3750 3117 οὐρανὸν
3817 3049 3899 3099 τοῦ

2266 3140 2526 3207 Σωτῆρος
2594 3130 2883 3204 ἀνάληψιν,
2963 3131 3079 3186 εἶτα
3140 3131 3223 3186 ἐπ’
3287 3132 3480 3194 αὐτοὺς
3547 3132 3599 3186 ἐν
3658 3135 3900 3208 πυρίναις

2263 3223 2534 3296 γλώσσαις
2589 3227 2688 3275 τοῦ
2755 3221 3065 3291 Πνεύματος
3121 3219 3369 3275 κάθοδον·
3448 3223 3546 3285 εἶθ’
3607 3222 3752 3277 οὕτω
3808 3227 3898 3291 τήν

522 3317 732 3370 factam
753 3291 827 3369 de
859 3314 1019 3369 cmlis
1051 3313 1428 3377 vocationem,
1469 3317 1525 3366 et
1564 3291 1866 3367 transitum
1900 3329 1932 3366 a
1964 3314 2152 3368 littera

2264 3318 2358 3366 τοῦ
2420 3312 2690 3389 Στεφάνου
2741 3310 3081 3378 κατάλευσιν,
3118 3314 3217 3380 τήν
3262 3316 3359 3365 τοῦ
3405 3311 3623 3366 Παύλου
3677 3311 3901 3385 μεταϐα-

522 3405 591 3459 ad
625 3403 892 3474 spiritum
927 3423 941 3461 :
999 3403 1176 3472 hujus
1209 3403 1265 3456 in
1299 3402 1548 3472 singulis
1586 3401 1723 3456 locis
1756 3400 2004 3468 vincula,
2037 3417 2154 3456 car-

525 3508 701 3561 ceres,
743 3491 961 3562 plagas,
995 3491 1430 3562 ﬂagellationes,
1464 3491 1653 3544 varias
1700 3491 1961 3560 gentium
2009 3489 2158 3546 insi-

525 3581 682 3647 dias;
707 3582 993 3648 quomodo
1015 3580 1085 3634 ab
1115 3580 1523 3650 Hierosolymis
1557 3579 1796 3633 Romam
1816 3580 2154 3650 pervenerit,

525 3669 755 3723 labores
781 3670 836 3724 in
871 3669 1036 3730 mari,
1069 3669 1433 3736 afﬂictiones,
1460 3669 1732 3739 pericula,
1770 3670 2157 3737 calamitates,

525 3757 823 3822 naufragia
855 3772 869 3811 :
903 3771 1145 3822 quorum
1190 3772 1306 3810 non
1355 3761 1644 3825 spectator
1692 3762 1938 3824 tantum,
1973 3759 2072 3812 sed
2104 3764 2158 3813 et

525 3844 811 3915 particeps
845 3843 1028 3897 fuerat
1059 3857 1074 3896 :
1126 3848 1297 3911 atque
1327 3843 1399 3896 ob
1431 3843 1486 3895 id
1521 3843 1766 3912 diligens
1816 3849 1905 3899 est
1946 3846 2153 3901 horum

523 3936 839 3986 enarrator.
889 3931 996 3984 Sed
1047 3930 1223 3985 Paulo
1265 3930 1496 4001 quidem
1549 3932 1743 3986 Romae
1774 3931 1993 4002 relicto,
2029 3953 2152 3990 rur-

520 4036 650 4075 sum
699 4019 791 4074 hic
841 4020 909 4074 ad
954 4019 1242 4075 Orientem
1285 4020 1550 4089 discedit,
1583 4025 1882 4090 totamque
1924 4023 2155 4093 Libyam

517 4125 867 4181 percurrens
899 4111 956 4164 in
979 4113 1286 4180 [Egyptum
1321 4111 1580 4180 pervenit
1611 4128 1623 4166 :
1649 4117 1857 4167 etcum
1891 4116 2153 4184 superio-

514 4216 638 4254 rem
672 4200 970 4255 Thebaida
994 4200 1146 4254 intra
1177 4216 1344 4256 suam
1378 4200 1700 4256 doctrinam
1735 4206 2065 4276 recepisset,
2089 4223 2153 4260 ac

513 4289 583 4343 ad
620 4288 957 4358 Magistrum
992 4307 1089 4360 per
1122 4291 1495 4361 Evangelium
1521 4292 1884 4364 adduxisset,
1920 4295 2154 4353 inferio-

512 4393 634 4431 rem
665 4378 959 4432 Thebaida
992 4385 1213 4447 septem
1247 4385 1547 4449 portarum
1581 4383 1870 4437 civitatem
1909 4386 2150 4451 accedit,

513 4467 570 4520 in
605 4482 720 4536 qua
742 4467 912 4520 etiam
938 4466 1190 4534 pontifex
1221 4483 1285 4520 ac
1318 4472 1516 4537 pastor
1544 4485 1576 4523 a
1607 4470 1824 4538 Spiritu
1874 4475 2153 4542 praeponi-

509 4561 625 4608 tur.
685 4552 897 4607 Statuis
949 4553 1310 4621 impurisque
1382 4553 1712 4611 daemonum
1771 4558 2031 4614 delubris
2089 4562 2148 4616 in

510 4650 718 4696 terram
760 4639 998 4710 dejectis
1029 4642 1107 4709 (id
1139 4640 1294 4695 enim
1331 4642 1523 4696 studio
1561 4644 1672 4698 sibi
1705 4652 1849 4713 erat,
1885 4654 1947 4702 ut
1976 4666 2134 4705 erro-

2264 4647 2405 4719 τύλῳ
2472 4645 2768 4722 ἐφίσταταν
2839 4646 2918 4722 ἐφ’
3086 4649 3172 4700 καὶ
3244 4649 3529 4722 ἀρχιερεὺς

508 4746 630 4783 rem
658 4731 792 4785 totis
814 4729 964 4800 quod
985 4730 1150 4784 aiunt
1174 4729 1418 4800 pedibus
1443 4730 1753 4801 fugientem
1778 4736 2139 4792 demonstra-

507 4818 634 4887 ret),
694 4834 861 4873 sacra
919 4817 1137 4886 templa
1195 4828 1391 4873 contra
1448 4819 1555 4873 soli
1615 4820 1731 4876 Deo
1789 4823 1978 4895 erigit,
2025 4829 2142 4883 eis-

506 4921 617 4974 que
643 4908 744 4975 qui
803 4907 860 4960 in
921 4907 1226 4976 profundis
1278 4907 1616 4976 ignorantiae
1675 4911 1925 4966 tenebris
1980 4920 2140 4971 teneo

502 4992 734 5061 bantur,
773 5010 871 5063 per
901 4995 1277 5065 Evangelium
1321 4996 1390 5050 ad
1424 4996 1525 5052 Dei
1556 4999 1943 5070 cognitionem
1983 5019 2140 5075 rege-

503 5078 739 5145 neratis,
775 5081 921 5134 lucis
955 5081 1103 5136 ﬁlios
1135 5081 1284 5137 effici
1315 5093 1499 5141 curat.

499 5167 922 5238 κατεχομένους,
991 5166 1079 5224 διὰ
1140 5170 1235 5226 τοῦ
1321 5168 1659 5248 Εῦαγγελίου

498 5255 761 5322 σκευάζει.

565 5339 715 5428 Vlll.
740 5343 1086 5410 Hujusmodi
1107 5347 1284 5416 igitur
1308 5351 1591 5410 fructibus
1607 5357 1884 5428 magistro
1907 5358 2136 5425 oblatis,

493 5423 1119 5522 impietate-dehmedio
1151 5437 1402 5501 sublata.
1437 5443 1644 5499 erectis
1698 5423 1948 5519 templis,
1989 5423 2136 5503 alta;

487 5504 657 5603 ribus
706 5511 985 5603 stabilitis
1026 5531 1092 5568 ac
1138 5525 1506 5603 consecratis,
1540 5533 1596 5582 et
1646 5530 1702 5582 in
1765 5504 1852 5587 his
1903 5504 2133 5603 presby-

488 5597 628 5690 term.
660 5615 726 5654 ac
757 5599 1014 5690 diaconis
1035 5601 1186 5690 apud
1230 5610 1530 5668 credentes
1578 5619 1807 5687 creatis,
1860 5592 2135 5688 rectae-liis

483 5675 622 5731 fidei
665 5686 1045 5752 pra-ﬁnitione
1081 5685 1224 5752 ipsis
1259 5697 1468 5752 tradita
1510 5717 1525 5767 ;
1566 5707 1622 5753 et
1655 5675 1806 5759 nunc
1839 5675 2068 5776 quidem
2103 5726 2136 5764 a

1751 5177 1884 5251 πρὸς

1971 5182 2120 5256 Θεογν
2130 5183 2291 5236 ωσίαν

2265 3399 2392 3468 λήν,
2423 3402 2520 3469 τήν
2556 3401 2604 3473 ἐξ
2647 3401 2888 3474 οὐρανῶν
2937 3422 3080 3477 φημι
3124 3399 3212 3455 διά
3258 3402 3492 3475 Χριστοῦ
3539 3400 3763 3472 κλῆσιν,
3814 3404 3898 3457 καί

2262 3492 2362 3558 τήν
2395 3491 2498 3544 ἀπὸ
2543 3495 2640 3544 τοῦ
2695 3490 3015 3564 γράμματος
3077 3489 3162 3543 ἐπὶ
3217 3491 3277 3543 τὸ
3335 3494 3540 3562 πνεῦμα
3597 3491 3895 3562 μετάθεσιν·

2261 3581 2327 3635 τὰ
2367 3581 2498 3634 κατὰ
2565 3579 2729 3633 τόπον
2793 3580 2989 3634 τούτου
3056 3577 3246 3650 δεσμὰ,
3312 3581 3408 3641 τὰς
3476 3580 3740 3654 φυλακάς,
3810 3583 3898 3642 τάς

2267 3670 2506 3744 πληγὰς,
2538 3671 2663 3730 τοὺς
2696 3664 3051 3741 ῥαϐδισμοὺς,
3101 3669 3195 3730 τάς
3244 3675 3351 3722 τῶν
3404 3668 3569 3732 ἐθνῶν
3625 3672 3902 3744 πολυτρό-

2265 3778 2400 3820 πους
2433 3753 2751 3822 ἐπιϐουλάς,
2783 3759 2882 3825 τήν
2930 3756 2980 3826 ἐξ
3029 3755 3429 3829 Ἱεροσολύμων
3483 3757 3568 3812 ἐπὶ
3619 3761 3721 3827 την
3768 3763 3902 3816 Ῥώ-

2270 3868 2375 3916 μην
2443 3846 2640 3922 ἅφιξιν,
2682 3845 2806 3906 τοὺς
2861 3845 2996 3899 κατά
3048 3845 3313 3908 θάλατταν
3363 3845 3583 3917 πόνους,
3631 3849 3728 3910 τὰς
3789 3848 3902 3912 θλί-

2265 3941 2406 4006 ψεις,
2460 3938 2585 3998 τους
2642 3935 2941 4007 κινδύνους,
3001 3938 3096 3998 τάς
3162 3939 3463 4016 συμφοράς,
3529 3940 3597 3993 τά
3648 3943 3899 4016 ναυάγια.

2264 4024 2449 4079 Ὢνού
2497 4027 2689 4093 θεατὴς
2753 4027 2940 4096 μόνον,
3002 4024 3148 4080 ἀλλὰ
3207 4028 3293 4079 καὶ
3342 4027 3600 4089 κοινωνὸς
3657 4029 3748 4097 ἦν·
3816 4031 3900 4084 καὶ

2265 4112 2354 4168 ’διά
2405 4117 2565 4168 τοῦτο
2632 4115 2717 4167 καὶ
2788 4110 3018 4188 ἀκριϐὴς
3091 4115 3300 4169 πάντων
3366 4114 3653 4189 ἐξηγητής.
3724 4119 3901 4174 Ἀλλά

2267 4203 2478 4258 Παῦλον
2517 4204 2608 4274 μὲν
2654 4202 2703 4255 ἐν
2753 4204 2943 4276 Ῥώμῃ
2993 4203 3332 4274 καταλιπὼν,
3391 4207 3524 4278 πρὸς
3569 4208 3685 4262 Ἕω
3734 4206 3895 4260 πάλιν

2264 4293 2418 4354 οὗτος
2450 4292 2688 4364 ἀπαίρει,
2746 4291 2880 4361 ὅλην
2926 4313 2984 4346 τε
3022 4289 3228 4362 Λιϐύην
3284 4290 3597 4366 διαδραμὼν
3651 4300 3768 4355 τοῖς
3817 4295 3896 4349 ἐπ’

2262 4382 2537 4453 Αἰγύπτου
2570 4377 2844 4452 ἐπιδημεῖ.
2879 4381 2967 4434 καὶ
2999 4383 3095 4450 τὴν
3140 4384 3250 4435 ἅνω
3300 4377 3543 4450 Θηϐαΐδα
3590 4389 3694 4450 τῆς
3737 4385 3892 4438 αὐτοῦ

2263 4469 2609 4530 διδασκαλίας
2653 4469 2783 4522 εἷ’σω
2830 4465 3033 4540 λαϐὼν,
3085 4475 3164 4541 τῷ
3208 4468 3519 4542 διδασκάλῳ
3566 4491 3623 4526 τε
3676 4469 3766 4526 διὰ
3804 4478 3891 4527 τοῦ

2260 4558 2597 4632 Εὑαγγελίου
2628 4557 3009 4632 προσαγαγὼν,
3036 4562 3102 4630 τῇ
3132 4560 3282 4614 κάτω
3331 4555 3563 4629 Θηόαὶδι
3612 4564 3683 4632 τῇ
3734 4559 3890 4616 ἐπτα-

3635 4650 3741 4703 ὑπό
3797 4653 3880 4702 τοῦ

2249 4738 2564 4810 Πνεύματος
2608 4736 2695 4788 καὶ
2745 4737 2955 4809 ποιμήν
3011 4739 3438 4812 προχειρίζεται.
3500 4737 3791 4811 Ἰδρῦμαη
3834 4731 3887 4792 at

2251 4828 2340 4881 καὶ
2399 4825 2595 4897 τεμένη
2653 4825 2821 4898 μιαρά
2877 4821 3150 4896 δαιμόνων
3208 4825 3282 4887 εἷς
3323 4823 3519 4902 ἔδαφος
3578 4829 3892 4887 κατασείσας

2253 4918 2433 4987 (τοῦτο
2463 4914 2562 4988 γάρ
2617 4914 2650 4980 ἡ
2705 4910 2912 4982 σπουδή
2961 4918 3040 4984 τῷ
3097 4911 3274 4989 ἀνδρὶ,
3330 4913 3541 4984 ἀπάτην
3601 4915 3721 4988 ὅλῳ
3769 4914 3896 4971 ποδὶ

2251 5005 2552 5079 φεύγουσαν
2613 5001 2938 5074 ἀποδεῖξαι),
2999 5003 3178 5076 ἱεροὺς
3236 5009 3316 5076 τῷ
3375 5004 3521 5077 μόνῳ
3563 5009 3680 5076 Θεῷ
3735 5006 3902 5070 ναοὺς

2251 5093 2607 5162 ἀντανίστησι,
2640 5092 2728 5147 καὶ
2777 5092 2904 5153 τοῦς
2961 5093 3063 5148 ὑπὸ
3115 5095 3265 5169 βαθεῖ
3311 5094 3488 5167 σκότῳ
3534 5097 3633 5164 τῆς
3681 5096 3901 5169 ἀγνοίας

2383 5183 2768 5259 ἀναγεννήσας,
2858 5181 3006 5246 οἵους
3091 5185 3302 5261 ἡμέρας
3393 5185 3630 5262 γενέσθαι
3719 5208 3904 5262 παρα-

2321 5361 2400 5416 Η’.
2434 5359 2726 5420 Τοιούτους
2749 5364 3032 5435 τοιγαροῦν
3053 5366 3130 5432 τῷ
3170 5359 3483 5435 διδασκάλῳ
3517 5369 3908 5442 προσενεγκὼν

2247 5445 2370 5508 τοὺς
2409 5450 2669 5521 καρποὺς,
2729 5448 2788 5502 ἐκ
2847 5451 3010 5520 μέσου
3067 5471 3124 5504 τε
3189 5450 3407 5522 θέμενος
3463 5455 3561 5520 την
3618 5449 3905 5524 ἀσέϐειαν,

2245 5535 2400 5595 ναοὺς
2463 5537 2753 5608 ἀνεγείρας,
2804 5540 3156 5613 θυσιαστήρια
3207 5541 3534 5612 πηξάμενος,
3587 5542 3674 5595 καὶ
3724 5549 3908 5600 ταῦτα

2245 5623 2600 5694 καθιερώσας,
2659 5627 2746 5679 καὶ
2807 5627 2908 5681 ὑπὸ
2964 5632 3072 5681 τῶν
3130 5631 3532 5683 πιστευσάντων
3591 5628 3908 5705 πρεσϐυτέ-

2248 5708 2372 5783 ρους
2405 5715 2493 5767 καὶ
2538 5712 2817 5778 διακόνους
2852 5715 2905 5770 ἐν
2934 5715 3150 5779 τούτοις
3197 5719 3606 5793 χειροτονήσας,
3658 5721 3754 5774 καὶ
3808 5723 3906 5777 τὸν
