4142 6248
258 317 412 377 1137

1667 320 1848 384 VITA
1893 326 1958 385 S.
2005 326 2257 386 LUC/E.

3497 326 3650 385 1138

255 480 355 544 τῆς
413 473 603 548 ὀρθῆς,
664 472 895 536 πίστεως
954 475 1080 549 ὅρον
1126 474 1312 538 αὐτοῖς
1350 476 1648 551 παραδοὺς,
1676 482 1766 536 καὶ
1804 486 1897 536 νῦν

2020 483 2230 540 Veteris
2262 483 2645 540 Instrumenti
2670 482 2959 553 scriptura
2984 482 3276 538 adducens
3295 483 3649 548 testimonia,

261 565 355 636 μὲν
416 563 522 618 ἀπὸ
577 569 679 633 τῆς
736 562 983 627 Παλαιᾶς
1013 564 1270 639 παράγων
1304 571 1543 645 Γραφῆς,
1590 573 1680 623 νῦν
1715 567 1771 624 δὲ
1815 570 1904 648 ἀφ’

257 654 424 725 οὗπερ
498 653 663 714 οὗτος
719 653 1008 723 ἀντετάξατο
1108 653 1453 730 Εὐαγγελίου
1531 655 1903 732 διερμηνεύων

260 741 446 804 αὐτοῖς
501 742 567 797 τὰ
617 742 740 816 περέ
790 744 1050 817 Χριστοῦ,
1109 743 1200 797 καὶ
1254 740 1461 807 δεικνὺς
1516 747 1614 815 τήν
1663 746 1904 803 Παλαιὰν

258 835 327 904 τῇ
392 833 505 903 Νέᾳ
563 830 711 903 μάλα
778 827 1203 904 συμϐαίνουσαν,
1252 835 1339 888 καὶ
1398 837 1525 890 Θεὸν
1577 833 1667 890 ἕνα
1695 838 1904 891 καὶτὸν

257 919 417 976 αὐτὸν
473 919 641 990 αὐτὴν
699 941 755 976 τε
812 920 1065 992 κάκείνην
1147 925 1604 995 νομοθετήσαντα,
1679 923 1902 1000 πλήρης

257 1012 479 1085 ἡμερῶν
529 1008 638 1079 ἤδη
701 1010 1011 1085 γενόμενος,
1065 1010 1116 1065 ἐν
1168 1010 1354 1086 εἰρήνῃ
1409 1015 1543 1087 πρὸς
1573 1015 1663 1069 τὸν
1694 1022 1793 1084 τῆς
1829 1016 1902 1069 εἷ-

256 1101 429 1173 ρήνης
487 1097 708 1154 ἀναλύει
749 1100 899 1168 Θεὸν,
933 1100 1026 1155 τὸν
1058 1103 1197 1179 χοῦν
1232 1101 1324 1173 μέν
1353 1101 1640 1156 ἀπολιπὼν
1672 1108 1751 1174 τῷ
1784 1106 1900 1177 χοῖ,

252 1189 353 1257 τὴν
386 1184 443 1242 δὲ
481 1188 668 1266 ψυχὴν
697 1194 817 1250 ταῖς
857 1189 1045 1263 χερσὶν
1094 1193 1191 1245 τοῦ
1249 1187 1555 1253 δεδωκότος
1595 1190 1901 1266 ἐμπαραθέ-

259 1296 442 1348 μενος,
490 1275 603 1330 ἐκεῖ
636 1279 1064 1351 μεταφοιτήσας,
1117 1272 1241 1334 ἔνθα
1272 1281 1306 1349 ἠ
1340 1284 1445 1334 τῶν
1484 1279 1696 1350 ζώντων
1723 1283 1901 1355 χώρα,

256 1364 380 1430 ἔνθα
421 1365 565 1434 ἦχος
609 1366 1002 1442 ἑορταζόντων,
1045 1362 1169 1423 ἔνθα
1215 1368 1647 1444 εὐφραινομένων
1690 1372 1904 1425 πάντων

257 1458 292 1525 ἡ
323 1457 595 1512 κατοικία.

329 1546 403 1602 Θ’.
452 1549 690 1601 Τοιαῦτα
743 1549 850 1600 τῶν
908 1546 1040 1621 ὑπὲρ
1095 1542 1369 1609 εὐσεϐείας
1417 1546 1597 1602 ἄθλων
1637 1553 1733 1603 τοῦ
1771 1551 1903 1603 ἄπο-

261 1634 459 1690 στόλου
513 1633 582 1689 τὰ
635 1630 975 1708 διηγήματα,
1025 1636 1114 1689 καὶ
1168 1640 1331 1691 τοῦτο
1377 1635 1537 1699 τέλος
1587 1637 1733 1710 αὐτῷ
1791 1643 1899 1693 τῶν

264 1724 397 1797 ὑπὲρ
455 1726 692 1798 Χριστοῦ
748 1724 1026 1797 καμάτων·
1096 1725 1168 1778 ὧν
1217 1725 1308 1779 καὶ
1348 1728 1438 1780 νῦν
1490 1725 1541 1780 ἐν
1574 1725 1902 1802 ἀγαλλιάσει

259 1810 572 1886 θερίζειτά
628 1809 929 1888 δράγματα,
997 1814 1072 1875 ὡς
1133 1814 1264 1887 μετά
1325 1813 1543 1870 Παύλου
1601 1815 1689 1870 καὶ
1739 1813 1899 1870 αὒτὸν

264 1895 519 1954 δύνασθαι
563 1898 757 1975 λέγειν’
819 1924 848 1953 ‹‹
908 1901 1015 1957 Τὸν
1081 1899 1262 1976 ἀγῶνα
1318 1902 1409 1957 τὸν
1474 1902 1641 1957 καλὸν
1701 1904 1902 1976 ἠγώνι-

263 2008 419 2060 σμαι,
483 1988 576 2042 τὸν
632 1985 838 2063 δρόμον
890 1987 1168 2059 τετέλεκα,
1224 1991 1323 2059 τὴν
1369 1991 1551 2046 πίστιν
1605 1992 1900 2067 τετήρηκα,

262 2078 341 2154 ἐφ’
371 2078 450 2140 οἷς
496 2077 588 2133 τὸν
642 2085 742 2147 τῆς
784 2076 1131 2150 δικαιοσύνης
1180 2080 1438 2156 στέφανον
1459 2080 1840 2154 ἀποκείμενον.
1872 2103 1898 2133 ιι

264 2166 416 2235 Πλὴν
466 2165 591 2222 ἀλλ’
644 2165 946 2232 ἀκόλουθον
1015 2168 1169 2241 οἶμαι
1230 2169 1451 2231 τούτοις
1503 2169 1906 2244 ἐπιμνησθῆναι

263 2257 350 2310 καὶ
394 2253 512 2310 ὅθεν
547 2254 638 2324 δὴ,
670 2257 759 2310 καὶ
790 2256 960 2324 ὅπως,
991 2258 1085 2312 καὶ
1116 2258 1195 2337 ἐφ’
1241 2258 1352 2331 ’ὀτῳ
1395 2262 1498 2333 ἄρα
1527 2264 1635 2315 τῶν
1664 2261 1907 2334 χρόνων,

263 2346 327 2401 τὸ
389 2346 534 2420 ἱερὸν
575 2345 740 2400 αὐτοῦ
791 2344 1048 2420 λείψανον
1097 2347 1150 2418 ἐξ
1222 2349 1452 2423 Ἀχαὶας
1527 2349 1909 2423 ἀνακομισθὲν,

266 2436 340 2497 ὧς
375 2455 430 2488 τι
499 2434 642 2488 θεῖον
700 2433 1068 2509 θησαύρισμα,
1120 2438 1187 2509 τῇ
1248 2434 1477 2512 λαμπρᾷ
1512 2436 1602 2492 καὶ
1666 2435 1908 2511 βασιλίδι

261 2528 369 2578 τῶν
407 2519 622 2577 πόλεων
668 2519 1006 2580 ἀποδίδοται.

335 2613 390 2669 1’.
442 2611 601 2685 Λιῄιι
656 2611 763 2666 ἄπὸ
819 2615 918 2666 τοῦ
968 2613 1204 2687 Σιρμίου
1241 2616 1378 2670 ποτὲ
1407 2617 1543 2688 πρὸς
1572 2617 1663 2673 τὸν
1695 2618 1904 2691 Ἵστρον

267 2700 637 2761 Κωνστάντιος
680 2699 709 2753 ὁ
767 2701 1177 2756 Κωνσταντίνου
1236 2707 1335 2757 τοῦ
1420 2702 1674 2780 Μεγάλου
1753 2708 1905 2776 παῖς,

263 2789 448 2862 τρίτος
490 2787 546 2842 δὲ
572 2790 694 2851 καθ’
744 2790 967 2857 ἡλικίαν
1007 2794 1119 2845 τῶν
1158 2788 1431 2868 ἀδελφῶν.
1466 2794 1564 2847 Καὶ
1602 2794 1739 2864 πρὸς
1769 2793 1907 2867 αὐτῇ

266 2881 336 2951 τῇ
395 2878 540 2955 ὄχθῃ
590 2874 690 2931 τοῦ
756 2877 970 2951 Ἴστρου
1018 2878 1220 2952 χρόνον
1271 2880 1333 2933 οὐ
1369 2880 1579 2954 βραχὺν
1614 2900 1910 2955 στρατοπε-

267 2962 615 3040 δευσάμενος,
673 2965 842 3036 ἤκουε
898 2966 1025 3029 τοὺς
1068 2967 1234 3042 πέραν
1284 2973 1382 3023 τοῦ
1434 2972 1648 3045 Ἴστρου
1698 2966 1910 3045 Βαρϐά-

267 3077 393 3132 ρους
462 3052 685 3129 μέλλειν
765 3055 1167 3132 ἐπιστρατεύειν
1248 3062 1317 3131 τῇ
1379 3059 1672 3133 Ῥωμαίων
1737 3060 1909 3134 ἀρχῆ.

267 3146 366 3202 Καί
424 3146 452 3199 ὁ
524 3147 619 3217 μὲν
668 3144 985 3217 ύποπτήξας
1038 3147 1114 3219 μή
1170 3168 1224 3202 τι
1267 3148 1433 3202 κακὸν
1506 3146 1560 3203 ἐν
1625 3151 1693 3222 τῇ
1745 3148 1909 3203 αὐτοῦ

267 3233 526 3307 δράσωσι,
577 3234 713 3306 πρὸς
757 3236 856 3305 τήν
908 3236 1125 3311 Θρᾴκην
1169 3234 1323 3300 εὐθὺς
1372 3237 1462 3292 καὶ
1508 3238 1571 3292 τὸ
1620 3239 1908 3307 Βυζάντιον

268 3322 528 3394 ἤλαυνεν.
579 3325 668 3380 Ἐν
719 3323 965 3398 Ὁδρυσῷ
1013 3321 1069 3379 δὲ
1110 3326 1305 3399 χωρίῳ
1351 3322 1735 3397 καταλαϐόντι,
1787 3324 1911 3393 ἔνθα

270 3412 434 3468 πόλιν
490 3409 768 3487 Ἀδριανὸς
833 3415 861 3467 ὁ
933 3413 1223 3485 Ῥωμαίων
1288 3413 1541 3488 βασιλεὺς
1611 3416 1909 3487 ἀγαπήσας

270 3504 371 3573 τὴν
419 3503 613 3558 ἑαυτοῦ
670 3502 1042 3577 προσηγορίαν
1092 3507 1172 3574 τῷ
1228 3504 1383 3575 τόπῳ
1419 3502 1640 3574 δέδωκε,
1666 3506 1912 3580 πρόσεισί

270 3612 352 3654 τις
405 3595 514 3646 τῶν
563 3589 874 3646 ἐπίσκόπων
911 3588 988 3653 ὥς
1022 3611 1076 3645 τι
1127 3591 1370 3663 κομίζων
1418 3589 1598 3665 δῶρον
1630 3594 1776 3648 αὐτῶ
1807 3613 1912 3668 χα-

273 3681 570 3755 ριέστατον,
634 3684 742 3734 τῶν
813 3683 911 3733 τοῦ
981 3681 1223 3750 Χριστοῦ
1311 3685 1569 3752 μαθητῶν
1660 3680 1911 3756 Ἀνδρέου

270 3767 360 3821 καὶ
415 3766 598 3821 Λουκά
655 3766 706 3819 ἐν
757 3763 957 3844 Ἀχαΐᾳ
1000 3764 1255 3842 τετάφθαι
1291 3767 1512 3840 μηνύων
1566 3768 1633 3824 τά
1662 3770 1911 3843 σώματα.

270 3856 332 3911 '0
379 3852 437 3910 δὲ
479 3855 618 3925 ἥσθη
668 3874 726 3909 τε
766 3858 836 3928 τῇ
900 3852 1145 3929 ἀγγελίᾳ,
1191 3855 1280 3909 καὶ
1335 3856 1620 3931 Ἀρτέμιον
1668 3858 1713 3930 ᾧ
1765 3856 1915 3932 μάλα

271 3942 501 4019 ἐχρῆτο,
550 3942 643 3998 καὶ
699 3942 757 3998 ὅν
805 3946 905 4009 τῆς
953 3943 1089 4019 πρὸς
1129 3945 1364 4018 Χριστὸν
1395 3946 1609 4021 ἀγάπης
1642 3943 1762 4021 ᾔδει
1793 3946 1912 4003 διά-

270 4054 442 4110 πυρον
501 4032 730 4109 ἐραστὴν
781 4037 1070 4108 (μαρτυρεῖ
1123 4035 1215 4089 τὸν
1263 4032 1442 4090 ἔνθεον
1490 4036 1684 4092 τούτου
1738 4032 1914 4113 ἔρωτα

269 4128 348 4195 τῷ
391 4120 565 4196 ἀνδρὶ,
615 4124 645 4177 ὁ
702 4121 789 4177 ἐπὶ
838 4126 945 4178 τῶν
990 4128 1191 4198 καιρῶν
1236 4125 1535 4180 Ἰουλιανοῦ
1566 4123 1654 4179 διὰ
1685 4128 1915 4200 Χριστὸν

271 4210 440 4276 ἆθλος
490 4212 580 4267 καὶ
629 4209 919 4284 κίνδυνος)’
970 4215 1164 4267 τοῦτον
1209 4216 1338 4286 γοῦν
1381 4217 1472 4267 τὸν
1522 4213 1664 4268 οὕτω
1713 4215 1913 4289 θερμὸν

276 4303 407 4376 ὑπὲρ
487 4294 758 4363 εὐσεϐείας
801 4299 1036 4355 πνέοντα
1083 4298 1245 4378 φίλον
1305 4300 1591 4375 ’Λρτέμιον
1649 4303 1786 4375 πρὸς
1816 4304 1913 4371 τήν

272 4392 381 4444 τῶν
434 4391 642 4443 σεπτῶν
687 4384 1028 4459 ἀνακομιδήν
1067 4386 1337 4458 σωμάτων
1387 4385 1581 4441 αὐτίκα
1629 4385 1916 4461 ἐκπέμπει.

1939 3194 1989 3263 C

2018 589 2174 629 nunc
2202 588 2334 628 vero
2365 573 2436 628 ab
2486 589 2550 628 eo
2584 572 2735 642 quod
2770 572 2893 641 ipse
2924 574 3296 626 contexuerat
3343 571 3650 643 Evangelia

2011 661 2408 733 interpretans
2458 661 2601 728 ipsis
2660 676 2722 714 ea
2776 675 2901 729 quae
2960 659 3031 713 de
3077 659 3306 713 Christo
3355 664 3545 726 erant,
3595 664 3654 715 et

2015 752 2335 806 ostendens
2367 749 2544 803 Vetus
2566 747 3020 803 Instrumentum
3054 746 3292 801 omnino
3325 762 3648 802 consonum

2014 855 2141 894 esse
2170 839 2343 903 Novo,
2380 851 2681 908 unumque
2705 843 2757 891 et
2799 836 3066 890 eumdem
3100 851 3228 891 esse
3250 836 3431 890 Deum
3465 834 3562 904 qui
3595 841 3653 891 et

2014 928 2122 983 hoc
2153 934 2206 982 et
2236 925 2374 981 illud
2407 930 2711 993 statuerat,
2747 923 2954 994 plenus
2974 923 3102 997 jam
3132 924 3360 978 dierum
3384 924 3648 989 effectus,

2014 1016 2160 1072 redit
2184 1016 2241 1071 in
2275 1031 2413 1086 pace
2442 1014 2513 1069 ad
2555 1013 2735 1068 Deum
2770 1012 2944 1081 pacis,
2987 1011 3223 1082 pulvere
3253 1012 3485 1082 quidem
3519 1011 3648 1082 pul-

2012 1105 2130 1162 veri
2204 1104 2422 1169 relicto,
2482 1103 2680 1158 anima
2744 1117 2876 1156 vero
2934 1101 2992 1154 in
3054 1101 3326 1155 manibus
3366 1102 3493 1170 ejus
3547 1099 3651 1169 qui

2012 1195 2250 1249 dederat
2278 1192 2686 1247 commendata
2710 1207 2723 1247 :
2748 1190 2888 1245 illuc
2916 1188 3212 1244 transiens
3244 1188 3346 1243 ubi
3375 1188 3533 1260 regio
3565 1191 3652 1243 est

2011 1283 2347 1350 viventium,
2381 1281 2482 1336 ubi
2513 1296 2692 1336 sonus
2708 1280 2853 1334 festa
2883 1276 3325 1345 celebrantium,
3347 1276 3449 1332 ubi
3477 1276 3650 1331 inha-

2012 1369 2216 1425 bitatio
2247 1377 2334 1425 est
2362 1369 2616 1424 omnium
2640 1366 2983 1423 laetantium.

2082 1459 2180 1513 IX.
2240 1457 2592 1529 Hujusmodi
2624 1460 2760 1511 sunt
2812 1454 3197 1510 certaminum
3246 1452 3498 1525 apostoli
3545 1469 3650 1524 pro

2014 1548 2224 1619 pietate
2247 1546 2611 1601 narrationes
2640 1561 2653 1598 :
2690 1543 2780 1598 hic
2810 1543 2919 1598 fuit
2949 1543 3059 1613 ipsi
3093 1543 3225 1598 {ints
3257 1541 3520 1597 laborum
3545 1558 3649 1613 pro

2015 1637 2245 1692 Christo
2294 1650 2723 1708 perpessurum,
2783 1648 3031 1703 quorum
3087 1632 3261 1687 etiam
3321 1629 3650 1700 manipulos

2014 1743 2167 1782 nunc
2200 1727 2364 1782 metit
2410 1726 2470 1781 in
2530 1724 2747 1789 laetitia,
2796 1722 2875 1777 ita
2906 1731 2966 1777 ut
3014 1721 3200 1793 possit
3228 1725 3285 1776 et
3338 1720 3465 1790 ipse
3513 1735 3647 1774 cum

2014 1817 2196 1871 Paulo
2226 1816 2417 1871 dicere
2449 1829 2462 1868 :
2497 1835 2525 1862 «
2569 1813 2789 1867 Bonum
2823 1816 3110 1866 certamen
3141 1809 3372 1875 certavi,
3408 1823 3644 1862 cursum

2008 1903 2432 1969 consummavi,
2484 1902 2660 1956 fidem
2703 1898 2946 1966 servavi,
2982 1902 3214 1969 propter
3244 1913 3371 1967 quae
3397 1897 3648 1965 reposita

2009 1998 2098 2049 est
2127 1992 2272 2047 mihi
2302 2006 2514 2047 corona
2534 1988 2775 2061 justitize
2806 1989 2848 2041 ⁴.
2876 2007 2904 2037 ι)
2933 1986 3349 2041 Verumtamen
3381 1983 3470 2038 his
3493 1998 3648 2038 nunc

2008 2097 2368 2152 consequens
2420 2095 2549 2135 esse
2604 2078 2809 2147 Opinor
2858 2073 3211 2130 mentionem
3251 2073 3437 2128 facere
3467 2070 3647 2139 unde,

2009 2176 2067 2228 et
2126 2171 2441 2243 quomodo,
2513 2167 2797 2238 quibusve
2848 2179 2990 2219 sane
3045 2161 3412 2234 temporibus
3469 2176 3646 2216 sacras

2011 2262 2191 2332 hujus
2238 2257 2494 2330 reliquias
2533 2271 2601 2311 ex
2633 2254 2864 2322 Achaia,
2913 2251 3092 2307 veluti
3126 2251 3357 2305 divinus
3404 2249 3644 2320 quidam

2011 2351 2324 2406 thesaurus
2356 2349 2661 2418 reportatae
2692 2343 2835 2408 sint,
2866 2344 2922 2397 et
2952 2340 3120 2396 clara
3141 2355 3207 2394 ac
3233 2337 3403 2410 regias
3428 2335 3648 2392 civitati

2013 2440 2274 2496 redditae.

2083 2621 2150 2676 X.
2185 2619 2499 2675 Transibat
2519 2615 2815 2687 quondam
2848 2630 2882 2668 a
2910 2610 3121 2668 Sirmio
3153 2610 3224 2667 ad
3258 2610 3468 2666 Istrum
3497 2610 3648 2665 Con-

2013 2709 2288 2777 stantius,
2337 2702 2705 2762 Constantini
2766 2700 2960 2772 Magni
3016 2699 3194 2768 ﬁlius,
3244 2699 3345 2754 sed
3395 2697 3646 2755 fratrum

2011 2799 2238 2868 tertius,
2271 2800 2441 2868 atque
2488 2795 2559 2851 ad
2593 2793 2744 2848 hanc
2774 2790 2904 2846 Istri
2933 2792 3118 2861 ripam
3153 2805 3268 2845 non
3298 2788 3472 2860 longo
3494 2792 3647 2844 tem-

2012 2906 2150 2959 pore
2197 2889 2656 2952 castrametatus,
2715 2880 2938 2937 audivit
2993 2880 3272 2935 Barbaros
3348 2878 3446 2950 qui
3496 2877 3650 2934 ultra

2014 2978 2227 3034 Istrum
2253 2979 2420 3030 erant
2448 2973 2818 3030 conﬂicturos
2849 2984 2977 3024 cum
3003 2968 3398 3024 Romanorum
3429 2966 3650 3036 princi-

2018 3069 2154 3138 patu
2175 3082 2188 3120 :
2212 3068 2269 3119 et
2288 3065 2415 3136 ipse
2442 3062 2765 3119 formidans
2792 3074 2864 3114 ne
2883 3057 3020 3128 quid
3054 3056 3190 3113 mali
3219 3056 3280 3111 in
3302 3071 3409 3112 suo
3433 3054 3652 3127 princi-

2022 3163 2158 3227 patu
2199 3154 2472 3221 facerent,
2513 3149 2821 3206 confestim
2871 3146 2944 3202 ad
2988 3145 3292 3202 Thraciam
3335 3160 3401 3199 ac
3430 3148 3651 3215 Byzan-

2017 3245 2164 3299 tium
2197 3239 2497 3313 equitavit.
2529 3238 2791 3307 Cumque
2820 3237 2893 3291 ad
2936 3235 3230 3305 regionem
3272 3233 3651 3305 Odrysiorum

2020 3332 2404 3406 pervenisset,
2436 3327 2535 3382 ubi
2578 3325 2866 3379 Adrianus
2887 3326 3281 3378 Romanorum
3320 3321 3652 3392 imperator,

2021 3425 2316 3478 exstructa
2345 3416 2590 3480 civitate,
2649 3410 2739 3468 sui
2806 3408 3246 3482 appellationem
3304 3407 3427 3462 loco
3471 3407 3650 3473 dedit,

2022 3509 2244 3566 accedit
2283 3505 2357 3562 ad
2387 3520 2516 3560 eum
2568 3500 2805 3574 quidam
2838 3496 3161 3568 episcopus,
3210 3494 3388 3552 veluti
3430 3495 3650 3550 donum

2022 3597 2315 3670 quoddam
2360 3593 2470 3665 ipsi
2519 3588 2919 3663 gratissimum
2959 3586 3245 3655 deferens,
3292 3584 3532 3640 Andreae
3587 3598 3652 3637 ac

2021 3692 2186 3743 Lucae
2233 3681 2445 3741 Christi
2511 3678 2926 3750 discipulorum
2989 3691 3233 3746 corpora
3278 3672 3546 3730 indicans
3591 3671 3650 3726 in

2020 3774 2239 3831 Achaia
2293 3787 2418 3829 esse
2474 3769 2720 3840 sepulta.
2779 3769 2954 3825 Porro
3013 3767 3112 3822 ille
3170 3769 3227 3820 et
3281 3761 3486 3819 nuntio
3543 3776 3652 3830 ga-

2022 3864 2182 3920 visus
2230 3866 2340 3931 est,
2398 3864 2456 3917 et
2511 3858 2829 3914 Artemium
2891 3871 3007 3928 quo
3052 3853 3300 3909 maxime
3357 3849 3653 3913 utebatur,

2022 3959 2081 4012 et
2137 3968 2310 4026 quem
2365 3950 2582 4007 sciebat
2637 3948 2922 4005 fervidum
2983 3948 3303 4002 amatorem
3353 3939 3657 3996 charitatis

2022 4059 2160 4116 erga
2215 4040 2507 4098 Christum
2574 4037 2907 4110 (attestatur
2971 4034 3092 4089 viro
3155 4031 3416 4087 divinum
3476 4028 3658 4098 hujus

2024 4148 2305 4199 amorem,
2336 4132 2651 4191 certamen,
2671 4141 2737 4181 ac
2758 4122 3081 4196 periculum
3099 4119 3460 4190 temporibus
3476 4117 3658 4172 Julia-

2025 4219 2085 4274 ni
2116 4223 2350 4289 propter
2376 4214 2675 4270 Christum
2704 4211 3067 4280 susceptum)
3100 4225 3117 4277 ;
3149 4209 3302 4262 hunc
3331 4219 3468 4275 ergo
3499 4207 3658 4259 tanto

2026 4308 2249 4363 fervore
2294 4319 2399 4375 pro
2440 4301 2652 4373 pietate
2682 4299 3002 4371 spirantem
3033 4295 3285 4350 amicum
3332 4293 3657 4348 Artemium

2028 4397 2096 4453 ad
2128 4392 2515 4467 pretiosorum
2563 4402 2871 4461 corporum
2923 4382 3319 4441 reductionem
3351 4380 3656 4436 confestim

277 4477 381 4533 Καὶ
451 4476 555 4550 γὰρ
597 4473 663 4543 δὴ
705 4474 797 4529 καὶ
848 4473 1007 4536 οὗτος
1059 4476 1124 4543 ἦν
1167 4474 1533 4537 Κωνστάντιος
1579 4475 1645 4530 τά
1688 4496 1745 4530 τε
1776 4474 1908 4532 ἄλλο

2027 4484 2264 4542 emittit.
2296 4480 2523 4538 Etenim
2556 4482 2681 4535 erat
2719 4477 2815 4532 hic
2844 4472 3219 4531 Constantius
3249 4475 3308 4527 et
3336 4470 3396 4526 in
3437 4468 3658 4525 caeteris

284 4549 533 4638 μέτριος,
554 4562 645 4617 τόν
667 4584 727 4618 τε
754 4562 957 4638 τρόπον
999 4562 1260 4633 ἐπιεικὴς,
1287 4565 1376 4619 καὶ
1403 4562 1601 4638 πολλῷ
1621 4586 1681 4641 γε
1709 4564 1908 4639 κομιδῆ

2026 4573 2380 4640 moderatus,
2396 4572 2453 4625 et
2474 4566 2732 4624 moribus
2767 4563 2927 4621 mitis
2947 4578 3013 4619 ac
3034 4561 3346 4631 modestus,
3369 4561 3426 4614 et
3445 4572 3658 4629 magno

279 4657 361 4726 τῷ
389 4652 512 4727 περὶ
552 4655 653 4722 τὴν
695 4656 802 4707 τῶν
864 4650 1172 4723 ἐκκλησιῶν
1223 4650 1522 4726 οἷκοδομήν
1557 4649 1720 4727 ἔρωτι
1783 4658 1914 4711 κάτ-

280 4761 439 4820 οχος.
499 4742 767 4797 Ἐντεῦθεν
794 4741 886 4795 καὶ
923 4741 1062 4817 πρὸς
1089 4746 1157 4816 τῇ
1196 4747 1293 4798 τοῦ
1324 4743 1526 4818 πατρὸς
1556 4745 1723 4799 αὐτοῦ
1752 4744 1912 4801 πόλει

279 4831 402 4905 περὶ
455 4831 547 4886 τὸν
615 4828 821 4886 ἐκείνου
883 4832 1048 4907 τάφον
1112 4833 1203 4887 οἶα
1265 4832 1425 4907 γέρας
1493 4831 1786 4897 ἀποδιδοὺς
1834 4840 1915 4908 τῷ

278 4919 464 4995 πατρὶ,
509 4919 632 4976 ναὸν
673 4917 724 4992 ἐξ
773 4918 948 4975 αὐτῶν
996 4919 1278 4995 κρηπίδων
1312 4920 1596 4995 οἰκοδομεῖ
1636 4926 1913 5000 μέγιστον.

279 5008 357 5066 Οὗ
415 5007 480 5077 δὴ
532 5009 620 5063 καὶ
670 5006 964 5082 Ἀρτεμίου
1012 5008 1080 5062 τά
1123 5012 1230 5063 τῶν
1282 5009 1438 5084 ἱερῶν
1494 5012 1816 5067 ἀποστόλων
1865 5014 1913 5084 ἐξ

280 5095 512 5173 Ἀχαίας
561 5097 984 5170 ἄνακομίσαντος
1037 5097 1287 5172 λείψανα,
1333 5099 1385 5154 έν
1435 5100 1581 5174 αὐτῷ
1641 5107 1721 5175 τῷ
1787 5103 1916 5178 θείῳ

280 5186 648 5261 θυσιαστηρίῳ
677 5194 777 5256 τῆς
830 5188 976 5261 ἱερᾶς
1019 5188 1291 5261 τραπέζης
1332 5191 1613 5263 κατάθετο,
1661 5191 1917 5268 Ἀνδρέου

283 5277 378 5349 μὲν
419 5283 520 5347 τῆς
578 5275 832 5351 Πατρέων
879 5276 1118 5343 πόλεως,
1166 5282 1345 5333 Λουκᾶ
1403 5276 1459 5334 δὲ
1490 5279 1549 5336 ἐκ
1600 5276 1794 5352 Θηϐῶν
1816 5290 1919 5353 τῆς

277 5367 549 5430 Βοιωτίας
605 5368 1040 5443 μετενεχθέντος.
1099 5367 1288 5444 Βραχὺ
1345 5370 1407 5426 τὸ
1438 5369 1489 5425 ἐν
1525 5367 1673 5444 μέσῳ
1700 5371 1791 5426 καὶ
1820 5374 1919 5430 Τι-

355 5614 378 5650 ι
407 5617 457 5672 ιι
489 5616 633 5673 Τίω.
668 5632 743 5684 ιν,
773 5616 828 5687 7,
859 5616 915 5672 ε.

2024 4661 2340 4720 admodum
2385 4658 2539 4715 circa
2581 4655 2955 4712 ecclesiarum
2986 4650 3433 4707 aediﬁcationem
3463 4660 3659 4702 amore

2024 4754 2363 4823 occupatus.
2423 4745 2586 4802 Unde
2631 4744 2803 4800 etiam
2858 4741 2930 4798 ad
2989 4739 3167 4811 patris
3223 4736 3315 4793 sui
3368 4734 3658 4823 civitatem

2025 4822 2183 4896 circa
2226 4838 2388 4893 illius
2416 4834 2773 4907 sepulcrum,
2807 4829 2986 4886 veluti
3039 4826 3286 4883 reddens
3312 4822 3459 4895 patri
3485 4822 3662 4879 hono-

2025 4947 2167 4997 rem,
2228 4926 2512 4999 templum
2565 4926 2637 4981 ab
2690 4923 2837 4993 ipsis
2895 4916 3291 4976 fundamentis
3338 4913 3660 4970 maximum

2026 5020 2295 5087 aedificat,
2343 5017 2404 5072 in
2457 5032 2573 5087 quo
2604 5014 2798 5082 etiam,
2860 5010 2958 5065 ubi
3011 5006 3306 5062 Artemius
3362 5018 3662 5059 sacrorum

2028 5107 2423 5181 apostolorum
2458 5103 2737 5176 reliquias
2764 5118 2832 5157 ex
2859 5097 3075 5154 Achaia
3106 5092 3411 5160 retulisset,
3443 5091 3503 5146 in
3534 5090 3663 5160 ipso

2028 5178 2223 5253 divino
2253 5195 2422 5252 altari
2464 5209 2643 5249 sacrae
2673 5204 2886 5246 mensae
2918 5183 3177 5256 reposuit
3206 5199 3221 5239 :
3271 5181 3510 5236 Andreas
3542 5178 3666 5248 qui-

2030 5287 2158 5343 dem
2201 5302 2232 5342 e
2262 5283 2490 5340 civitate
2522 5282 2879 5347 Patreorum,
2923 5277 3087 5332 Lucas
3128 5276 3321 5328 autem
3352 5284 3420 5324 ex
3449 5266 3665 5323 Thebis

2028 5374 2260 5433 Boeotiae
2315 5368 2616 5429 translatis
2668 5365 3031 5439 corporibus.
3079 5366 3161 5418 Ac
3207 5358 3366 5416 brevi
3404 5361 3667 5428 tempore
