4142 6248
477 327 629 385 1139

1828 304 2111 367 MENSIS
2154 300 2539 363 OCTOBER.

3734 290 3901 352 1140

473 482 819 540 intermedio
853 481 1030 536 etiam
1071 476 1446 534 Timotheum
1476 473 1575 544 qui
1615 471 1673 525 in
1724 467 1899 524 choro
1932 463 2111 521 disci-

2243 462 2451 530 ιόθεον,
2482 460 2574 513 τὸν
2624 462 2702 529 τῷ
2748 458 2903 530 χορῷ
2954 457 3062 509 τῶν
3101 457 3198 508 τοῦ
3228 454 3464 527 Χριστοῦ
3502 456 3770 525 μαθητῶν
3807 453 3900 507 οἶα

477 575 746 645 pulorum
806 569 1018 627 Christi
1068 569 1224 623 velut
1266 565 1574 636 perspicua
1617 559 1884 632 quaedam
1945 553 2116 611 stella

478 661 880 733 splenduerat,
938 674 1007 711 ex
1063 656 1287 727 Epheso
1345 654 1519 707 refert
1582 650 1779 713 lenire,
1846 645 2118 733 minislro

482 730 719 819 quoque
756 762 986 801 rursum
1020 745 1091 799 ad
1124 744 1231 798 hoc
1280 758 1425 797 usus
1456 738 1736 795 Artemio.
1769 736 1879 792 Sed
1914 730 2119 789 habuit

480 844 534 894 et
563 838 754 906 ipsum
796 851 972 890 σοοτω
1013 848 1227 888 mensae
1268 826 1742 895 ambilus,veluti
1786 824 2121 880 reddentem

482 924 739 980 debitum
774 924 1067 994 quoddam
1102 921 1332 992 pietatis
1363 920 1486 974 suis
1517 914 1981 972 auxiliatoribus.
2016 913 2124 964 Ve-

481 1030 611 1068 rum
643 1012 983 1067 Timotheus
1006 1011 1240 1081 quidem
1270 1008 1607 1079 hujusmodi
1634 1005 1837 1060 habuit
1866 998 2125 1072 corporis

482 1103 578 1157 red
590 1101 899 1156 uctionem.

554 1190 646 1245 XI.
706 1190 878 1245 Porro
912 1188 970 1242 in
1027 1188 1142 1243 divi
1192 1192 1352 1241 Lucae
1414 1184 1749 1241 reductiona
1789 1181 1904 1236 tale
1935 1178 2126 1235 editur

485 1275 831 1331 miraculum
878 1292 1146 1330 sermone
1196 1292 1259 1329 ac
1301 1273 1585 1328 memoria
1616 1271 1877 1341 dignum.
1912 1269 2127 1321 Anato-

486 1365 600 1419 lius
657 1364 898 1434 quidam
958 1363 1264 1419 ennuchus
1314 1378 1465 1417 unus
1521 1376 1722 1415 eorum
1774 1358 1873 1430 qui
1928 1361 2127 1410 tunce

489 1453 642 1522 regio
673 1452 1145 1514 erantcubiculo,
1187 1451 1399 1506 misero
1457 1450 1711 1520 corporis
1770 1445 1970 1502 morbo
2025 1444 2127 1496 de-

488 1546 688 1595 tentus
719 1546 864 1595 erat.
898 1540 1005 1593 Ubi
1033 1556 1171 1610 ergo
1204 1541 1484 1609 majorem
1518 1539 1676 1593 novit
1706 1551 1832 1591 esse
1865 1531 2129 1589 morbum

492 1645 667 1699 quam
700 1631 794 1697 qui
838 1629 1191 1683 medicorum
1253 1632 1453 1699 posset
1509 1633 1630 1681 arte
1692 1623 1903 1688 curari,
1953 1620 2131 1692 probe

493 1718 686 1772 sciens
717 1717 811 1771 ille
845 1719 990 1787 quod
1028 1734 1150 1785 (luas
1185 1717 1566 1787 impossibilia
1596 1723 1733 1770 sunt
1765 1713 1915 1783 apud
1951 1709 2134 1764 homi-

494 1822 618 1875 nes,
652 1806 767 1860 Deo
822 1806 1119 1877 possibilia
1176 1812 1334 1868 sunt,
1378 1806 1654 1860 omnibus
1706 1803 1836 1857 aliis
1893 1799 2128 1866 relictis,

495 1896 565 1949 ad
631 1896 834 1949 Lucam
895 1894 1105 1949 Christi
1164 1894 1515 1965 discipulum
1574 1892 1854 1963 confugit,
1913 1894 1970 1943 et
2027 1888 2133 1941 hoc

496 1983 833 2038 auxiliatore
892 1984 1076 2037 utitur
1131 1984 1407 2037 adversus
1458 1982 1750 2038 morbum.
1813 1976 1919 2033 Ubi
1976 1977 2130 2031 enim

498 2089 645 2126 urna
684 2088 812 2141 quae
846 2073 1166 2141 pretiosum
1200 2072 1536 2126 continebat
1578 2069 1761 2139 ipsius
1803 2082 2012 2138 corpus
2061 2064 2131 2119 ad

497 2177 733 2216 sacrum
767 2161 1053 2231 templum
1096 2163 1219 2231 jam
1251 2167 1403 2216 esset
1434 2160 1647 2225 delata,
1691 2159 1841 2230 quod
1873 2176 1905 2212 a
1936 2156 2137 2211 {unda-

499 2251 708 2304 mentis
738 2250 1116 2305 Constantius
1150 2254 1428 2317 erexerat,
1470 2250 1750 2305 accedens
1800 2247 1895 2301 hic
1944 2246 2135 2300 dictus

496 2337 1151 2409 Anatolius,simulque
1198 2338 1469 2407 bajulans
1519 2354 1654 2393 cum
1700 2336 1791 2391 his
1837 2334 1939 2406 qui
1969 2334 2132 2389 illam

498 2427 828 2496 portabant,
854 2427 1152 2482 confestim
1176 2427 1532 2495 deprimente
1554 2425 1755 2480 morbo
1782 2422 2131 2478 absolvilur:

499 2518 555 2568 et
586 2515 779 2568 vivens
810 2532 876 2569 ex
921 2523 1147 2569 morluo
1189 2515 1295 2569 tale
1334 2516 1576 2584 adeptus
1615 2512 1985 2576 beneficium,
2017 2515 2136 2564 tola

500 2619 605 2657 sua
644 2604 759 2657 vita
788 2619 903 2657 non
951 2602 1263 2656 intermisit
1294 2602 1511 2671 gratias
1558 2617 1727 2671 agere
1776 2599 2035 2669 apostolo
2068 2613 2134 2653 ac

504 2693 619 2745 Deo
651 2692 750 2761 qui
790 2707 890 2760 per
928 2692 1119 2761 ipsum
1155 2689 1489 2759 hujusmodi
1520 2688 1729 2744 edebat
1760 2686 2058 2741 miracula.

567 2778 691 2833 XII.
724 2778 995 2847 Itaigitur
1025 2778 1275 2847 primum
1299 2793 1365 2831 ex
1385 2777 1597 2832 Thebis
1619 2777 1863 2831 relatum
1889 2774 2135 2829 divinis~

498 2867 633 2921 simi
658 2867 817 2921 Lucas
833 2882 1063 2936 corpus,
1086 2865 1400 2920 honoriﬁce
1417 2865 1728 2919 admodum
1745 2881 1809 2919 ac
1829 2862 2135 2933 magniﬁce

497 2972 614 3010 una
643 2971 774 3011 cum
804 2955 1033 3009 Andrea
1065 2970 1130 3009 ac
1158 2954 1455 3008 Timotheo
1482 2954 1538 3007 in
1564 2955 1779 3023 templo
1812 2952 2132 3023 reponitur,

496 3047 645 3115 quod
692 3062 725 3099 ιι
771 3044 1105 3099 Constantio
1158 3043 1503 3097 aediﬁcatum
1561 3047 1735 3099 erat:
1796 3058 1927 3097 cum
1982 3043 2136 3097 circa

496 3150 791 3190 sacrarum
851 3132 1223 3203 reliquiarum
1257 3131 1663 3202 repositionem
1693 3132 1827 3189 fidei
1861 3148 2038 3204 opera
2067 3146 2134 3186 ac

2224 571 2345 606 τινα
2411 548 2637 627 διαφανῆ
2691 547 2888 620 ἀστέρα
2942 543 3318 617 ἐκλάμψαντα,
3377 542 3426 613 ἒξ
3486 546 3723 619 Ἐφέσου
3759 545 3902 598 ἂνα-

2228 641 2375 716 φὲρει
2449 645 2549 707 τῆς
2596 635 2824 705 Ἰωνίας,
2886 634 3144 707 ὑπουργῷ
3200 633 3292 686 καὶ
3348 632 3502 697 αὖθις
3551 634 3691 708 πρὸς
3724 638 3901 688 τοῦτο

2226 727 2306 800 τῷ
2364 727 2640 801 Ἀρτεμίῳ
2706 724 3078 800 χρησάμενος.
3129 720 3287 778 Ἀλλ’
3344 719 3474 797 ἔσχε
3531 723 3624 777 καὶ
3666 723 3831 778 αὐτὸν
3869 725 3901 777 ὁ

2228 821 2326 887 τῆς
2373 819 2518 892 ἱερᾶς
2576 814 2846 890 τραπέζης
2904 818 3049 877 θεῖος
3127 807 3449 885 περίϐολος,
3525 812 3763 886 καθέπερ
3838 834 3898 866 τι

2230 907 2398 981 χρέος
2439 910 2555 967 τοῖς
2589 903 2936 980 συνεργάταις
2981 900 3147 955 αὐτοῦ
3203 908 3305 969 τῆς
3352 897 3632 964 εὐσεϐείας
3683 900 3896 957 ἀποδο-

2234 994 2408 1051 θέντα,
2455 993 2629 1049 ’Λλλᾶ
2676 991 2941 1064 Τιμόθεος
3012 990 3105 1063 μὲν
3164 990 3423 1060 τοιαύτην
3455 987 3585 1064 ἔσχε
3627 992 3731 1060 τήν
3761 990 3895 1043 ἀνα-

2232 1082 2468 1157 κομιδήν
2502 1087 2598 1137 τοῦ
2621 1083 2895 1153 σώματος.

2308 1176 2392 1229 ΙΔ.
2426 1172 2549 1229 Ἐπὶ
2592 1169 2649 1225 δὲ
2677 1174 2745 1244 τῇ
2802 1174 2899 1224 τοῦ
2939 1167 3085 1233 θείου
3152 1174 3341 1226 Δουκᾶ
3389 1171 3893 1244 θαυματουργεῖταί

2235 1282 2288 1316 τι
2328 1265 2574 1315 τοιοῦτον
2608 1258 2779 1335 λόγου
2810 1259 2898 1313 καὶ
2944 1264 3172 1331 μνὴμης
3203 1256 3370 1330 ἄξιον*
3420 1257 3748 1319 Ἀνατόλιός
3790 1278 3895 1327 τις,

2240 1349 2496 1423 εὐνοῦχος
2554 1351 2635 1411 εἷς
2692 1353 2798 1403 τῶν
2858 1347 2916 1401 ἐκ
2943 1351 3041 1402 τοῦ
3094 1347 3383 1421 βασιλικοῦ
3431 1351 3696 1408 κοιτῶνος
3738 1368 3898 1417 τηνι-

2239 1443 2409 1493 καῦτα
2458 1433 2555 1509 ὤν,
2605 1439 2763 1491 πάθει
2830 1435 3007 1491 δεινοῦ
3066 1436 3326 1509 σώματος
3409 1437 3749 1510 κατάσχετος
3807 1439 3897 1503 ἦν,

2239 1534 2324 1589 Ὡς
2374 1528 2467 1581 οὖν
2518 1532 2700 1598 μεῖζον
2734 1522 2855 1597 ᾔδει
2895 1527 2956 1581 τὸ
2986 1522 3213 1593 παθοςῆ
3249 1526 3384 1578 κατὰ
3412 1526 3511 1594 τὴν
3544 1529 3653 1579 τῶν
3686 1526 3895 1598 ἱατρῶν

2242 1616 2439 1690 υέχνην
2497 1613 2692 1683 ἐδόκει,
2726 1616 2782 1669 εῦ
2832 1614 3033 1675 ἐκεῖνος
3065 1610 3225 1677 εἱόὼς
3270 1612 3355 1668 ὅτι
3402 1614 3470 1668 τὰ
3500 1616 3650 1686 παρὰ
3688 1612 3902 1688 ἂνθρώ-

2242 1726 2368 1766 ποις
2427 1702 2680 1772 ἄδύνατα,
2719 1708 2799 1775 τῷ
2856 1703 2972 1774 Θεῷ
3024 1701 3371 1771 δυνατὰ,τῶν
3401 1700 3589 1757 αλλων
3625 1702 3901 1775 ἀφέμενος

2242 1795 2477 1863 πάντων,
2524 1793 2610 1847 ἐπὶ
2651 1794 2741 1848 τὸν
2777 1791 2874 1847 τοῦ
2922 1796 3159 1866 Χριστοῦ
3229 1794 3479 1864 μαθητήν
3542 1797 3767 1847 Λουκᾶν
3796 1814 3904 1846 κα-

2241 1883 2515 1962 ταφεύγει,
2556 1882 2646 1937 καὶ
2704 1882 2870 1955 τούτῃ
2935 1883 3124 1956 βοηθῴ
3172 1887 3376 1956 χρῆται
3422 1881 3558 1936 κατὰ
3597 1889 3700 1950 τῆς
3732 1883 3901 1935 νόσου

2240 1975 2355 2040 Τῆς
2414 1972 2517 2046 γὰρ
2577 1974 2765 2043 σοροῦ,
2912 1970 3003 2024 τὸν
3033 1971 3219 2041 τίμιον
3252 1969 3415 2024 αὐτοῦ
3436 1976 3657 2044 συνεῖχε
3688 1974 3899 2045 νεκρὸν,

2243 2061 2329 2116 ἐπὶ
2362 2063 2450 2117 τὸν
2508 2058 2665 2137 ἅγιον
2712 2058 2821 2129 ἤδη
2876 2059 3250 2132 κομιζομένης
3301 2062 3446 2127 ναὸν,
3477 2060 3533 2115 ὅν
3587 2060 3647 2116 ἐκ
3682 2062 3901 2136 βάθρων

2243 2154 2421 2207 αὐτῶν
2482 2152 2857 2212 Κωνστάντιος
2890 2148 3129 2225 ἤγειρεν,
3163 2150 3319 2211 οὗτος
3359 2151 3386 2204 ὁ
3419 2149 3641 2225 λεχθεὶς
3676 2152 3904 2207 Ἀνατό·

2245 2240 2365 2304 λιος
2415 2240 2755 2316 προσελθὼν,
2810 2240 2901 2293 καὶ
2961 2234 3420 2299 συνδιαϐαστάσας
3473 2244 3589 2300 τοῖς
3640 2241 3897 2316 φέρουσι-

2243 2330 2467 2400 ταύτην,
2535 2335 2881 2403 παραχρῆμα
2936 2332 3034 2382 τοῦ
3090 2329 3374 2397 πιέζοντος
3430 2328 3731 2383 ἀπολύεται
3794 2332 3897 2383 πά-

2246 2423 2393 2481 θους.
2426 2418 2529 2474 Καὶ
2555 2419 2583 2472 ὁ
2617 2421 2720 2485 ζῶν
2748 2416 2853 2471 ἀπὸ
2884 2421 2979 2471 τοῦ
3029 2421 3219 2491 νεκροῦ
3269 2416 3526 2487 τοιαύτης
3575 2416 3893 2481 ἀπολαύσας

2246 2506 2566 2581 εὐεργεσίας,
2628 2506 2691 2559 οὐ
2743 2502 2955 2559 διέΛιπε
3029 2508 3152 2579 παρ’
3203 2503 3341 2572 ὅλην
3400 2505 3567 2559 αὐτοῦ
3614 2507 3714 2574 τήν
3749 2509 3895 2577 ζωὴν

2242 2601 2320 2665 τῷ
2378 2616 2437 2650 τε
2480 2591 2773 2665 ἆποστόλῳ
2830 2595 2930 2662 τὴν
2982 2594 3145 2672 χάριν
3207 2592 3528 2669 ὁμολογῶν,
3559 2596 3651 2649 καὶ
3682 2600 3762 2667 τῷ
3822 2594 3893 2649 δι’

2243 2685 2407 2739 αὐτοῦ
2426 2689 2649 2739 τοιαῦτα
2680 2687 3185 2759 θαυματουργοῦντι
3219 2688 3355 2755 Θεῷ.

2317 2776 2418 2831 ΙΒ’.
2475 2771 2635 2831 Οὕτω
2698 2774 2790 2847 μὲν
2843 2774 2934 2827 οὖν
2988 2773 3049 2826 ἐκ
3124 2770 3319 2843 Θηϐῶν
3405 2775 3762 2847 ἀνακομισθὲν
3830 2776 3890 2829 τὸ

2243 2868 2459 2937 πρῶτον
2517 2864 2579 2916 τὸ
2631 2866 2727 2915 τοῦ
2785 2860 3062 2916 θειοτάτου
3116 2866 3274 2934 σῶμα
3357 2868 3564 2929 Λουχᾶ,
3660 2861 3889 2934 ἐντίμως

2245 2951 2380 3028 ἄγαν
2440 2951 2529 3005 καὶ
2592 2949 3049 3025 μεγαλοπρεπῶς,
3123 2952 3257 3022 μετὰ
3304 2947 3886 3027 ’Δνδρέουμρημζκαὶ

2245 3041 2532 3112 Τιμοθέου,
2575 3044 2653 3111 τῷ
2691 3040 2834 3113 παρᾶ
2874 3040 3248 3094 Κωνσταντίου
3306 3037 3726 3113 οἰκοδομηθέντι
3781 3044 3885 3110 ναῷ

2244 3130 2605 3200 κατατίθεται,
2653 3128 2843 3184 πολλὰ
2900 3128 3023 3203 περὶ
3089 3130 3189 3199 τήν
3260 3134 3368 3185 τῶν
3414 3130 3576 3204 ἰερῶν
3620 3128 3889 3203 λειψάνων

496 3225 781 3278 fervidum
822 3192 1145 3277 Constantii
1176 3192 1529 3277 desiderium
1562 3222 1874 3293 plurimum
1896 3192 2128 3282 demon-

2244 3218 2525 3281 κατάθεσιν
2590 3219 2826 3279 πίστεως
2893 3213 3025 3290 ἔργα
3081 3218 3171 3271 καὶ
3262 3219 3433 3281 πόθου
3521 3217 3731 3287 ζέοντος
3796 3223 3889 3273 τοῦ

497 3316 681 3367 strata
710 3316 863 3366 sunt.
900 3313 1238 3381 Quanquam
1272 3309 1365 3364 hic
1406 3319 1600 3381 postea
1631 3312 1872 3383 maligni
1906 3311 2131 3384 laqueis

497 3400 922 3471 aliquantulum
956 3404 1157 3471 captus
1187 3400 1242 3471 (ο
1276 3417 1477 3456 casum
1510 3402 1788 3455 miserum
1818 3401 1829 3453 l
1864 3401 1976 3457 heu
2008 3407 2131 3457 tur-

495 3490 789 3544 bulentam
815 3506 880 3543 su
892 3490 1246 3545 bversionem
1266 3489 1278 3543 Ξ
1297 3491 1311 3559 )
1335 3490 1679 3544 Arianorum
1696 3491 1908 3561 dogma
1928 3492 2129 3548 ebibit.

495 3577 695 3633 Multis
727 3588 913 3633 aulem
945 3580 1316 3649 postmodum
1344 3578 1727 3649 temporibus,
1749 3579 2129 3649 Justinianus,

495 3667 816 3737 assumptis
868 3666 1095 3734 imperii
1144 3666 1407 3737 sceplris,
1443 3669 1621 3721 multo
1654 3668 1842 3722 adhuc
1881 3670 2132 3740 ampliﬁ-

495 3755 723 3809 centius
755 3756 901 3808 circa
929 3754 1051 3807 haec
1074 3770 1236 3807 sacra
1257 3754 1655 3823 apostolorum
1681 3772 1918 3823 corpora
1947 3760 2135 3812 afﬁci-

494 3848 607 3909 tur,
643 3850 693 3895 el
718 3843 879 3896 theca
910 3846 1180 3910 argentea
1209 3841 1326 3893 haec
1360 3842 1730 3908 concludens,
1764 3844 1916 3898 circa
1939 3847 2131 3913 ipsum

495 3933 677 3986 altare
726 3930 1052 3985 vehementi
1087 3929 1186 3984 Dei
1220 3945 1415 3984 amore
1460 3932 1707 4001 reponit,
1762 3949 1968 4004 nempe
2001 3952 2133 4006 pre-

494 4021 641 4075 tiosa
670 4020 729 4073 in
763 4019 1011 4089 pretioso
1036 4017 1378 4073 conditorio.
1405 4019 1471 4073 Et
1494 4019 1724 4089 quidem
1751 4022 1897 4075 sacri
1933 4022 2133 4080 altaris

494 4126 754 4165 mensam
787 4109 953 4164 theca
983 4108 1321 4164 constituit:
1357 4125 1527 4180 porro
1562 4110 1858 4166 communi
1900 4118 2132 4183 aposto-

493 4200 682 4254 lorum
714 4198 947 4253 nomine
978 4198 1261 4269 templum
1296 4200 1663 4271 appellatur:
1702 4201 1769 4255 ad
1807 4204 1960 4272 quod
1994 4219 2135 4259 sane

493 4303 693 4343 omnes
727 4286 829 4357 qui
884 4287 1235 4343 conveniunt
1267 4287 1471 4343 fideles
1529 4288 1775 4346 laudant
1829 4291 1981 4346 hunc
2013 4296 2135 4347 tan-

494 4393 669 4447 quam
702 4377 1075 4447 discipulum,
1108 4378 1402 4433 celebrant
1434 4383 1497 4432 ut
1526 4380 1963 4448 evangelistam,
2000 4381 2131 4435 bea-

489 4464 717 4519 tificant
744 4468 1023 4533 tanquam
1059 4481 1188 4519 eum
1242 4468 1340 4534 qui
1392 4466 1449 4520 in
1487 4468 1674 4521 sacris
1724 4470 2030 4524 sudoribus
2066 4487 2132 4525 ac

2243 3305 2617 3362 Κωνσταντίου
2676 3302 3064 3377 ἐνδειξαμένου,
3125 3305 3289 3361 εἶκαὶ
3338 3312 3455 3368 ταῖς
3511 3311 3608 3361 τοῦ
3639 3312 3889 3382 πονηροῦ

2241 3397 2441 3469 πάγαις
2483 3394 2641 3449 οὗτος
2695 3394 2888 3469 μικρὸν
2948 3394 3175 3469 ὕστερον
3237 3394 3406 3458 ἁλοὺς
3463 3393 3534 3468 (ὣ
3592 3397 3890 3468 πτώματος

2241 3486 2492 3559 ὀλεθρίου
2527 3488 2540 3543 l
2600 3488 2698 3554 τὴν
2760 3484 3011 3562 θολερᾶν,
3072 3491 3167 3565 φεῦ
3204 3490 3215 3543 !
3264 3488 3616 3563 ἇνατροπῆνγ
3652 3493 3749 3543 τοῦ
3778 3496 3887 3544 τῶν

3222 3578 3451 3653 Χρόνοις
3538 3575 3596 3632 δὲ
3680 3578 3889 3641 ἱκανοῖς

2242 3666 2460 3741 ὕστερον
2518 3666 2897 3728 Ἰουστινιανὸς
2971 3665 3039 3720 τὰ
3096 3674 3343 3741 σκῆπτρα
3415 3674 3516 3735 τῆς
3606 3666 3885 3741 βασιλείας

2241 3750 2596 3829 παραλαϐὼν,
2657 3754 3082 3831 φιλοτιμότερον
3128 3753 3251 3810 ὅσον
3309 3757 3432 3829 περὶ
3488 3755 3702 3822 τᾶἱερᾶ
3731 3756 3886 3810 ταυτὶ

2238 3850 2346 3899 τῶν
2411 3843 2735 3898 ἀποστόλῶν
2805 3842 3099 3907 διατίθεται
3158 3844 3407 3915 σώματα,
3479 3844 3569 3898 καὶ
3641 3843 3882 3919 ἀργυρέῃ

2242 3933 2381 4005 θήκῃ
2411 3936 2574 3985 ταῦτα
2618 3928 2931 4007 περιλαϐὼν
2991 3934 3121 4005 παρ’
3177 3933 3330 4004 αὐτῷ
3385 3936 3463 4004 τῷ
3517 3932 3644 4004 θείῳ
3704 3935 3886 3987 Gustu-

2242 4020 2469 4093 στηρίῳ,
2509 4018 2655 4092 μάλα
2688 4020 2969 4099 θεοφιλῶς
3023 4022 3385 4091 κατατίθεται,
3418 4021 3484 4075 τὰ
3509 4022 3687 4094 τίμια,
3720 4022 3886 4100 φημὶ,

2242 4108 2291 4163 ὲν
2350 4108 2540 4181 τιμίῳ.
2576 4110 2671 4162 Καὶ
2718 4111 2958 4183 τράπεζα
3020 4111 3118 4182 μὲν
3179 4115 3275 4163 τοῦ
3309 4109 3457 4184 ἱεροῦ
3499 4110 3886 4186 θυσιαστηρίου

2240 4201 2275 4267 ἡ
2336 4201 2476 4268 θγςκη
2537 4197 2709 4268 τελεῖ,
2764 4203 2928 4268 κοινῷ
2961 4196 3016 4252 δὲ
3046 4197 3153 4252 τῶν
3206 4197 3530 4253 ἀποστόλων
3584 4199 3813 4272 ὀνόματι
3861 4200 3888 4254 ὁ

2241 4289 2374 4349 νεὼς
2407 4286 2565 4349 οὗτος
2610 4288 3094 4363 προσαγορεύεται.
3130 4288 3206 4344 Οὐ
3239 4285 3305 4356 δή
3347 4288 3540 4349 πάντες
3596 4289 3647 4343 οἱ
3706 4289 3886 4343 πιστοὶ

2244 4378 2538 4447 συνιόντες,
2590 4376 2866 4432 ἐπαινοῦσι
2926 4375 3114 4432 τοῦτον
3176 4378 3252 4440 ὡς
3334 4379 3602 4449 μαθητὴν,
3663 4378 3887 4453 ἆνευςαη-

2240 3578 2534 3650 Ἀρειανῶν
2592 3575 2763 3645 ἐξέπιε
2838 3573 3131 3653 δόγματος.

2247 4470 2438 4539 μοῦσιν
2490 4467 2564 4529 ὡς
2632 4468 3052 4541 εὐαγγελιστὴν,
3121 4468 3196 4531 ὡς
3268 4468 3432 4538 ἱερῶν
3496 4464 3743 4539 ἱδρώτων
3802 4467 3885 4520 καὶ

489 4551 790 4606 laboribus
821 4552 1014 4606 divino
1048 4551 1219 4606 Paulo
1244 4568 1473 4623 semper
1505 4556 1615 4609 fuit
1645 4556 1838 4610 socius
1875 4572 1887 4609 :
1914 4562 1969 4611 et
1999 4558 2128 4614 inde

2246 4557 2425 4610 πόνων
2484 4562 2560 4628 τῷ
2615 4559 2881 4629 θεσπεσίῳ
2938 4560 3332 4627 κοινωνήσαντι
3366 4555 3569 4629 Παύλῳ
3602 4554 3884 4616 διαπαντὸς

492 4640 1011 4696 sanctiﬁcationem
1038 4641 1472 4711 parlicipantes,
1500 4643 1786 4713 spirituali
1824 4646 2138 4716 implentur

489 4728 701 4797 gaudio
730 4746 742 4783 :
773 4729 944 4799 idque
975 4731 1162 4799 gratia
1190 4746 1255 4786 ac
1288 4730 1646 4802 benignitate
1681 4734 1911 4790 Domini
1954 4736 2134 4792 nostri

489 4820 620 4874 Jesu
676 4819 911 4889 Christi,
945 4821 1039 4876 cui
1069 4827 1157 4877 est
1185 4820 1369 4893 gloria
1416 4823 1479 4880 in
1525 4824 1735 4880 saecula
1767 4826 2131 4883 saeculorum.

488 4912 701 4963 Amen.

2249 4648 2636 4720 μακαρίζουσι’
2700 4646 2790 4699 καὶ
2891 4646 2989 4700 τοῦ
3081 4646 3279 4700 ἐκεῖθεν
3384 4640 3877 4717 μεταλαμϐάνοντες

2244 4737 2535 4809 ἁγιασμοῦ,
2585 4739 2759 4806 χαρᾶς
2824 4732 3164 4804 πληροῦνται
3242 4737 3618 4807 πνευματικῆς
3698 4735 3870 4808 χάριτι

2242 4828 2331 4881 καὶ
2389 4823 2767 4902 φιλανθρωπίᾳ
2835 4829 2926 4879 τοῦ
2979 4828 3177 4900 Κυρίου
3224 4826 3385 4897 ἡμῶν
3420 4827 3602 4895 Ἰησοῦ
3633 4822 3888 4900 Χριστοῦ,

2245 4916 2290 4987 ᾧ
2320 4916 2354 4983 ἡ
2396 4912 2521 4983 δόξα
2554 4913 2629 4975 εἰς
2659 4912 2785 4975 τοῦς
2810 4913 3009 4975 αἰῶνας
3046 4918 3157 4969 τῶν
3189 4913 3421 4971 αἰώνῶν.
3451 4914 3655 4988 Ἀμήν.
