4142 6248
345 321 496 381 1141

1628 332 2092 398 MARTYRIU'M
2149 341 2210 400 S.
2257 341 2474 400 VARI.

3591 339 3746 400 1142

357 485 3742 513 W

1691 655 2420 754 ΜΑΡΤΥΡΙΟΝ

639 875 986 1005 ΤΟΥ
1067 877 1599 1010 ΑΓΙΟΥ
1698 883 2645 1014 ΜΑΡΤΥΡΟΣ
2751 883 3450 1013 ΟΥΑΡΟΥ

1685 1108 1808 1162 ΚΑΙ
1849 1113 1985 1164 ΤΩΝ
2027 1113 2158 1162 ΣΥΝ
2197 1109 2395 1186 arm.

1017 1440 2234 1608 MARTYRIUM
2317 1445 2481 1609 S.
2573 1447 3059 1610 VARI

1681 1713 1770 1769 ET
1808 1713 2170 1771 SOCIORUM
2211 1715 2396 1772 EJUS.

845 1862 1054 1924 (Latine
1088 1865 1230 1927 apud
1261 1865 1476 1916 Surium
1513 1867 1578 1916 ad
1611 1867 1750 1918 diem
1783 1867 1842 1917 19
1870 1868 2142 1928 Octobris;
2171 1869 2352 1920 Graece
2384 1883 2448 1919 ex
2480 1869 2602 1919 cod.
2639 1881 2738 1922 ms.
2771 1869 2928 1920 Paris.
2963 1881 3016 1918 n.
3049 1867 3220 1930 1480.)

412 2165 491 2218 Α.
539 2161 883 2234 Μαξιμιανοῦ
948 2168 1046 2219 τοῦ
1123 2167 1383 2240 τυράννου
1457 2168 1520 2222 τὸ
1577 2161 1826 2228 δυσσεϐὲς
1885 2165 2073 2234 ἆιᾶΑ

339 2253 511 2303 πᾶσαν
581 2247 776 2326 σχεδὸν
830 2253 929 2322 τὴν
1004 2253 1330 2327 οἷ’κουμὲνην
1387 2252 1635 2318 ἐκδόντος
1693 2252 1983 2329 διάταγμα,

338 2337 642 2410 πέμψαντο,
675 2336 732 2393 δὲ
761 2341 851 2395 καί
881 2347 995 2404 τοῖς
1035 2345 1149 2397 κατ’
1181 2342 1462 2420 Αἶ¹γῦπτον
1512 2343 1799 2419 ἄρχουσιν,
1841 2344 1916 2405 ὡς
1948 2345 1981 2413 ἢ

337 2426 542 2488 πάντας
589 2425 716 2490 τοὺς
761 2427 815 2483 ἐν
855 2429 990 2504 αὐτῇ
1035 2433 1398 2505 Χριστιανοὺς
1440 2436 1547 2486 τῶν
1601 2437 1811 2504 μιαρῶν
1849 2433 1989 2488 ἀπο-

335 2513 573 2588 γίνεσθαι
621 2516 837 2586 θυσιῶν,
883 2518 974 2572 καὶ
1021 2519 1120 2586 τῆν
1167 2520 1368 2574 ἑαυτῶν
1419 2519 1741 2591 ἐξόμνυσθαι
1779 2519 1982 2590 πίστιν,

335 2605 369 2672 ἥ
403 2602 682 2668 ποικίλαις
721 2605 974 2661 κολασεσι
1006 2609 1092 2662 καὶ
1141 2607 1396 2682 βασάνοις
1425 2613 1519 2663 τοῦ
1555 2615 1650 2684 ζῇν
1704 2608 1986 2664 ἀπαλλάτ-

332 2693 516 2748 τεσθαι
549 2711 564 2724 ⁸
609 2696 695 2749 καὶ
739 2693 969 2750 πολλῶν
1022 2695 1110 2751 ἐπὶ
1159 2701 1338 2770 τούτῳ
1383 2702 1590 2752 πιστῶν
1646 2697 1984 2776 συλληφθέν-

333 2803 465 2850 των,
497 2782 586 2836 καί
623 2787 730 2837 τῶν
769 2785 862 2857 μὲν
890 2786 980 2840 τὸν
1019 2786 1152 2859 ὑπὲρ
1191 2787 1431 2860 Χριστοῦ
1472 2787 1696 2841 θάνατον
1747 2788 1989 2850 εὐκλεῶς

335 2869 819 2946 ἀπενεγκαμὲνων,
904 2877 1013 2926 τῶν
1119 2871 1178 2927 δὲ
1269 2875 1502 2947 εἱρκταῖς
1585 2873 1676 2928 καὶ
1771 2872 1990 2944 δεσμοῖς

345 2959 865 3035 παραπεμφθέντων,
923 2958 1077 3032 λιμῷ
1145 2981 1204 3015 τε
1276 2961 1366 3014 καὶ
1434 2958 1576 3034 δίψει
1633 2960 1989 3032 πιεζομένων,

339 3046 475 3122 ἀνήρ
531 3067 615 3102 τις
680 3045 778 3101 τοῦ
851 3045 1154 3121 καταλόγου
1225 3048 1565 3122 Αἰγυπτίων,
1615 3046 1833 3102 πολλοῦ
1895 3050 1989 3120 μὲν

341 3134 488 3205 ἄξιος
517 3137 867 3207 Μαξιμιανῷ,
899 3135 1118 3191 πολλοῦ
1150 3133 1207 3191 δὲ
1244 3137 1335 3191 καὶ
1386 3138 1464 3209 τῷ
1515 3137 1687 3192 αὐτοῦ
1743 3139 1994 3211 στρατεύ-

343 3247 494 3300 ματι,
523 3221 758 3303 φοϐερὸς
789 3227 898 3300 οὐχ
943 3225 1140 3296 ἥκιστα
1183 3226 1499 3302 πολεμίοις.
1534 3223 1745 3302 Οὔαρος
1794 3223 1990 3298 ὄνομα,

337 3315 400 3370 τὸ
449 3315 600 3391 γένος
646 3315 941 3389 ἐπίσημος,
975 3317 1072 3385 τήν
1125 3314 1279 3387 δόξαν
1325 3311 1710 3390 περίϐλεπτος,
1742 3315 1993 3390 τῆνβιρε-

337 3405 437 3474 τῆν
481 3400 833 3480 περιϐόητος,
868 3403 1042 3480 λάθρα
1094 3405 1288 3461 ὁπόσαι
1337 3407 1525 3468 νύκτες
1581 3407 1644 3461 τὸ
1705 3402 1991 3476 δεσμωτή-

341 3513 455 3568 ριον
481 3491 680 3562 εἰσιὼν,
713 3497 874 3548 τοῦτο
911 3495 1005 3566 μὲν
1045 3493 1360 3567 ἐπιμελείας
1401 3494 1556 3564 ἠξίου
1603 3493 1728 3555 τοὺς
1772 3491 1991 3566 ἄνδρας,

334 3586 498 3637 τοῦτο
549 3580 606 3636 δὲ
653 3581 744 3636 καὶ
793 3583 924 3658 ὑπὲρ
965 3584 1157 3638 ἑαυτοῦ
1188 3580 1445 3657 εὔχεσθαι
1493 3582 1810 3658 παρεκάλει,
1854 3583 1991 3636 ὥστε

335 3672 425 3726 τὸν
471 3671 586 3725 ἴσον
625 3670 852 3734 ἐκείνοις
889 3673 979 3726 καὶ
1032 3672 1192 3727 αὐτὸν
1240 3672 1424 3748 ἀγῶνα
1477 3671 1712 3727 τελέσαι.
1754 3669 1990 3728 Έδεδοί-

514 3761 528 3778 \
631 3754 654 3776 νυ
883 3757 930 3778 με
1243 3759 1252 3778 ν
1479 3762 1494 3780 ς
1611 3756 1662 3784 ιρ
1787 3758 1810 3776 κ
1848 3759 1860 3778 ι
1965 3761 1978 3778 ε

336 3779 416 3813 κει
472 3780 573 3834 γαρ
630 3781 708 3814 ετι
764 3759 1076 3829 καταοηλος
1140 3771 1385 3838 γενεσθαι
1441 3781 1502 3815 το
1571 3781 1747 3832 σεοας,
1783 3777 1871 3815 οια
1926 3781 1988 3815 το

335 3849 462 3910 τοὺς
511 3849 846 3910 ὑπασπιστάς
883 3855 985 3918 τῆς
1032 3845 1276 3912 ἂσεϐείας
1320 3850 1505 3928 φόνιόν
1554 3872 1608 3905 τι
1639 3849 1812 3905 πνέειν
1855 3850 1990 3904 κατὰ

339 3941 444 3992 τῶν
495 3933 856 3993 εὐσεϐούντων
906 3940 992 3994 καὶ
1040 3941 1282 4012 μανικὸν,
1313 3939 1404 3994 καὶ
1437 3939 1528 4002 οὓς
1571 3939 1628 3994 ἃν
1682 3939 1986 4016 φωράσειαν

339 4028 712 4102 Χριστιανοὺς,
745 4029 872 4092 τοὺς
930 4029 1023 4101 μὲν
1070 4029 1220 4102 πυρὶ,
1262 4028 1388 4090 τοὺς
1439 4027 1498 4084 δὲ
1546 4027 1811 4104 θαλάσσῃ,
1858 4031 1986 4091 τοὺς

340 4113 396 4172 δὲ
425 4117 516 4171 καὶ
549 4115 746 4178 ἄλλαις
782 4117 1036 4192 βασάνοις
1066 4118 1154 4172 καὶ
1197 4119 1402 4191 θανάτῳ
1432 4117 1812 4192 παραδιδόναι.

409 4212 483 4262 B’.
519 4207 668 4262 Ἐπεὶ
708 4205 800 4262 οὖν
849 4207 1162 4284 ἀνηγγέλθη
1222 4212 1300 4278 τῷ
1329 4205 1554 4282 ἄρχοντι
1587 4208 1661 4268 ὡς
1701 4208 1790 4261 καί
1847 4228 1987 4268 τινες

337 4299 446 4351 τῶν
510 4297 609 4364 τήν
656 4289 863 4372 ἔρημον
934 4295 1228 4350 οἰκούντων
1299 4300 1502 4350 πιστῶν
1566 4295 1666 4348 ὑπὸ
1727 4299 1834 4348 τῶν
1888 4302 1987 4364 τῆς

338 4380 584 4446 ἀσεϐείας
641 4385 924 4458 ὑπηρετῶν
973 4381 1408 4461 συνελήφθησαν,
1461 4383 1647 4451 ήσθιῗς
1701 4384 1772 4454 τῇ
1825 4385 1990 4458 ἆγγε.

339 4473 453 4542 λίᾳ,
483 4471 708 4532 τούτους
745 4472 840 4543 μὲν
872 4472 1008 4526 κατὰ
1035 4473 1095 4526 τὸ
1127 4473 1296 4544 παρὸν
1344 4471 1396 4526 ἐν
1422 4469 1651 4549 ἀσφαλεῖ
1679 4475 1744 4544 τῇ
1777 4477 1990 4551 φρουρᾷ

338 4560 792 4630 κατακλεισθῆναι
840 4559 1070 4630 κελεύει,
1101 4561 1168 4615 τά
1217 4557 1274 4614 δὲ
1320 4564 1426 4615 τῶν
1453 4558 1732 4615 κολάσεων
1765 4557 1986 4636 ὄργανα,

335 4655 405 4724 τῇ
469 4649 721 4724 ὑστεραίᾳ
773 4647 1207 4724 εὐτρεπισθῆναι,
1265 4647 1353 4704 καὶ
1404 4649 1606 4712 αὐτοὺς
1667 4649 1983 4724 εἰσαχθῆναι

339 4740 475 4812 πρὸς
524 4739 623 4807 τὴν
664 4737 923 4813 ἐξέτασιν.
951 4738 1049 4802 Εἷς
1092 4740 1203 4794 ὦτα
1247 4743 1532 4812 τοιγαροῦν
1596 4743 1674 4810 τῷ
1734 4741 1986 4815 μακαρίῳ

2167 2167 2211 2222 Ι.
2253 2167 2392 2223 Cum
2415 2167 2800 2225 Maximianus
2821 2173 3105 2238 tyrannus
3131 2183 3230 2239 per
3261 2167 3596 2224 universum
3621 2167 3736 2223 fere

2095 2257 2291 2311 orbem
2311 2261 2473 2312 terrae
2495 2256 2744 2328 impium
2768 2257 3047 2313 edidisset
3068 2255 3346 2323 edictum,
3370 2256 3736 2326 misissetque

2095 2347 2270 2402 etiam
2321 2347 2392 2401 ad
2449 2347 2741 2417 praesides,
2777 2345 2876 2418 qui
2933 2350 3098 2402 erant
3153 2345 3210 2399 in
3243 2349 3496 2417 Egypto,
3530 2349 3594 2399 ut
3643 2344 3733 2398 vel

2097 2451 2301 2490 omnes
2329 2435 2384 2489 in
2409 2451 2476 2490 ea
2497 2436 2809 2490 existentes
2831 2433 3141 2489 Christiani
3169 2435 3520 2489 exsecranda
3541 2435 3737 2499 gusta-

2097 2529 2228 2578 rent
2257 2523 2543 2578 sacriﬁcia
2572 2528 2629 2578 et
2659 2539 2818 2578 suam
2853 2523 3188 2593 abjurarent
3220 2523 3416 2588 ﬁdem,
3449 2521 3532 2575 vel
3559 2519 3734 2574 variis

2095 2611 2405 2666 tormentis
2437 2615 2492 2666 et
2522 2611 2824 2682 suppliciis
2854 2613 2967 2666 vita
2997 2612 3081 2666 eis
3121 2611 3508 2676 adimeretur;
3543 2617 3596 2663 et
3625 2607 3735 2662 hac

2097 2701 2168 2756 de
2195 2717 2372 2755 causa
2401 2699 2564 2754 multi
2592 2699 2793 2755 ﬁdeles
2826 2699 3072 2755 fuissent
3095 2697 3520 2770 comprehensi,
3552 2701 3608 2752 et
3638 2695 3736 2750 alii

2099 2788 2334 2859 quidem
2370 2805 2472 2860 pro
2503 2787 2730 2844 Christo
2753 2793 2996 2843 mortem
3021 2787 3274 2859 gloriose
3305 2785 3734 2850 sustinuissent,

2099 2877 2196 2930 alii
2235 2883 2425 2932 autem
2475 2878 2534 2932 in
2585 2891 2840 2933 carceres
2887 2881 2942 2931 et
2978 2876 3212 2931 vincula
3241 2875 3486 2945 conjecti
3517 2877 3734 2939 essent,

2102 2966 2373 3036 fameque
2421 2974 2476 3022 et
2523 2965 2622 3022 siti
2670 2974 3108 3038 premerentur:
3134 2965 3222 3021 vir
3251 2965 3485 3036 quidam
3522 2980 3590 3019 ex
3621 2979 3736 3017 nu-

2103 3067 2261 3108 mero
2294 3053 2542 3110 militum
2573 3055 2990 3127 Egyptiorum,
3028 3053 3128 3126 qui
3159 3054 3216 3108 in
3261 3067 3470 3124 magno
3504 3051 3738 3122 quidem

2101 3150 2221 3196 erat
2275 3145 2462 3214 pretio
2521 3147 2676 3216 apud
2753 3145 3194 3213 Maximianum,
3236 3151 3289 3199 et
3341 3143 3494 3213 apud
3545 3141 3737 3211 ipsum

2102 3233 2442 3301 exercitum,
2474 3239 2596 3289 erat
2641 3237 2830 3290 autem
2873 3230 3149 3290 terribilis
3185 3232 3473 3302 hostibus,
3503 3231 3739 3287 nomine

2103 3321 2308 3389 Varus,
2341 3336 2548 3392 genere
2581 3321 2851 3393 insignis,
2903 3321 3088 3393 gloria
3126 3321 3584 3392 conspicuus,ac
3623 3320 3738 3374 vir-

2105 3413 2224 3464 tute
2280 3407 2489 3464 clarus.
2535 3411 2588 3465 Is
2635 3409 2781 3464 clam
2830 3409 3076 3480 singulis
3131 3409 3398 3465 noctibus
3453 3422 3740 3463 carcerem

2023 3485 2077 3550 B
2101 3499 2453 3569 ingrediens,
2481 3499 2693 3571 partim
2737 3499 2972 3570 quidem
3017 3515 3115 3554 eos
3155 3497 3417 3566 curabat,
3449 3497 3545 3568 qui
3577 3504 3741 3554 erant

2103 3588 2162 3642 in
2220 3587 2468 3644 vinculis
2502 3605 2516 3642 :
2549 3588 2761 3660 partim
2819 3593 3014 3644 autem
3072 3604 3168 3643 eos
3213 3587 3454 3657 rogabat
3520 3590 3585 3641 ut
3635 3601 3738 3658 pro

2102 3677 2227 3748 ipso
2259 3687 2508 3742 orarent,
2541 3693 2650 3749 quo
2699 3694 2880 3750 seque,
2910 3682 3081 3748 atque
3111 3676 3246 3748 ipsi,
3276 3679 3570 3732 certamen
3610 3693 3736 3746 per-

2102 3771 2318 3839 ageret.
2351 3766 2617 3822 Timebat
2659 3768 2816 3822 enim
2866 3767 3056 3822 adhuc
3105 3781 3271 3821 suam
3324 3764 3549 3836 aperire
3601 3763 3734 3819 reli-

2101 3857 2353 3930 gionem,
2387 3856 2540 3928 quod
2571 3855 2856 3912 satellites
2887 3855 3203 3928 impietatis
3235 3853 3447 3911 eaedem
3480 3857 3538 3908 et
3574 3852 3736 3908 furo-

2099 3961 2222 4002 rem
2281 3946 2571 4017 spirarent
2620 3945 2894 4002 adversus
2944 3944 3093 4016 pius,
3126 3951 3178 3999 et
3226 3959 3369 4015 quos
3416 3942 3736 4014 deprehen-

2099 4035 2322 4092 dissent
2349 4033 2729 4101 Christianos,
2761 4033 2906 4089 alios
2939 4033 3171 4104 quidem
3204 4032 3346 4104 igni,
3379 4030 3521 4087 alios
3543 4037 3735 4087 autem

2099 4125 2232 4180 aliis
2264 4123 2567 4179 tormentis
2596 4127 2652 4178 et
2681 4123 2856 4178 morti
2887 4122 3204 4178 traderent.

2170 4214 2238 4268 II.
2274 4213 2416 4266 Cum
2446 4216 2640 4266 autem
2673 4211 2902 4281 praesidi
2927 4211 3132 4266 fuisset
3153 4211 3556 4266 renuntiatum
3581 4210 3737 4281 quod

2099 4300 2334 4371 quidam
2365 4315 2433 4354 ex
2462 4298 2754 4368 ﬁdelibus,
2789 4299 2886 4369 qui
2933 4298 3276 4354 habitabant
3305 4299 3364 4354 in
3395 4299 3736 4368 solitudine,

2099 4386 2502 4458 comprehensi
2561 4387 2788 4442 fuerant
2816 4405 2848 4442 a
2877 4386 3162 4442 ministris
3208 4386 3548 4458 impietatis,
3584 4403 3734 4443 nun-

2097 4475 2178 4532 tio
2227 4474 2472 4544 laetatus,
2501 4490 2599 4530 eos
2631 4475 2866 4546 quidem
2887 4475 3056 4545 jubet
3083 4473 3142 4529 in
3185 4475 3488 4546 praesentia
3517 4473 3733 4529 includi

2095 4565 2313 4620 intuta
2358 4547 2641 4632 custodia;
2674 4564 2767 4620 die
2814 4571 3004 4619 autem
3056 4562 3324 4636 sequenti
3377 4563 3571 4634 parari
3621 4567 3735 4616 tor-

2097 4659 2313 4720 menta,
2346 4659 2403 4710 et
2457 4653 2617 4725 ipsos
2664 4652 2958 4709 introduci
3017 4653 3087 4708 ad
3137 4652 3466 4708 habendam
3520 4652 3591 4706 de
3647 4650 3730 4706 eis

2095 4743 2493 4812 quaestionem.
2526 4743 2669 4796 Cum
2702 4759 2796 4797 res
2823 4758 2954 4812 ergo
2985 4741 3236 4797 venisset
3274 4741 3344 4796 ad
3375 4755 3544 4795 aures
3575 4738 3731 4794 beati

340 4827 540 4901 Οὐάρῳ
591 4829 654 4884 τὸ
717 4833 946 4904 πρᾶγμα
1013 4835 1296 4904 χωρῆσαν,
1353 4831 1617 4904 χρήματα
1673 4833 1788 4891 τοῖς
1845 4849 1978 4904 προ-

2099 4831 2245 4900 Vari,
2280 4832 2525 4902 pecunia
2575 4832 2712 4886 data
2777 4831 2851 4884 iis
2922 4829 3024 4900 qui
3087 4833 3374 4899 preerant
3429 4828 3732 4898 custodias,

340 4921 538 4972 εστῶσι
566 4921 666 4983 τῆς
725 4917 976 4993 φυλακῆς
1033 4918 1352 4994 παρασχὼν,
1384 4918 1570 4980 νυκτὸς
1604 4915 1787 4972 εἷ’σεισι
1847 4919 1982 4993 πρὸς

339 5006 470 5070 τοὺς
513 5004 730 5082 ἄνδρας,
760 5007 851 5063 καὶ
909 5007 1028 5062 λύει
1078 5008 1172 5080 μὲν
1231 5007 1423 5070 αὐτοὺς
1467 5013 1576 5063 τῶν
1623 5005 1856 5082 δεσμῶν,
1897 5009 1984 5063 ἐκ-

341 5093 538 5153 ϐάλλει
595 5094 654 5152 δὲ
718 5097 808 5154 καὶ
863 5096 990 5159 τοὺς
1048 5094 1219 5158 πόδας
1283 5095 1378 5151 τοῦ
1447 5096 1632 5167 ξύλου.
1692 5098 1982 5174 Θεραπείας

341 5189 596 5259 ἀξιώσας,
629 5189 744 5254 ῗκαὶ
785 5194 991 5266 τροφῆς
1051 5192 1340 5266 μετασχεῖν
1394 5189 1800 5262 παρασκευάσας
1859 5189 1986 5264 παρ’

339 5278 471 5338 ὅλας
531 5279 675 5334 ὀκτὼ
743 5275 954 5353 ἡμέρας
1029 5277 1247 5340 ἀσίτους
1315 5275 1422 5348 ἤδη
1493 5275 1982 5352 διαμεμενηκότας,

336 5371 516 5426 πεσὼν
553 5367 822 5444 ἐλιπάρει,
862 5366 1061 5441 Δὲομαι
1118 5367 1296 5440 ὑμῶν,
1329 5365 1529 5443 λέγων,
1559 5369 1772 5441 γνήσιοι
1828 5367 1984 5442 θεράσ

335 5480 528 5522 ποντες
593 5461 689 5514 τοῦ
747 5459 997 5531 Χριστοῦ,
1038 5455 1170 5530 ὑπὲρ
1236 5453 1372 5530 ἐμοῦ
1414 5455 1506 5512 τὸν
1539 5458 1666 5511 Θεὸν
1711 5457 1985 5512 ἱκετεῦται

333 5555 434 5618 τῆς
478 5545 646 5617 αὐτῆς
696 5547 824 5620 ὑμῖν
872 5545 1094 5616 ἆξιῶσαι
1142 5543 1233 5600 καὶ
1281 5545 1349 5618 μὲ
1383 5543 1603 5619 μερίδος
1659 5545 1751 5600 καὶ
1801 5543 1984 5600 δοῦναι

341 5660 440 5713 μοι
483 5635 766 5715 καρτερίαν
816 5635 953 5712 πρὸς
1007 5633 1074 5689 τὰ
1131 5631 1296 5708 δεινά,
1333 5633 1542 5698 Δοῦλος
1585 5637 1686 5711 γάρ
1735 5635 1849 5708 εἶμι
1897 5634 1988 5689 καὶ

2092 4925 2264 4977 noctu
2316 4921 2386 4975 ad
2431 4936 2528 4975 eos
2577 4919 2923 4991 ingreditur,
2957 4923 3013 4974 et
3051 4935 3150 4974 e03
3200 4919 3436 4989 quidem
3488 4917 3656 4972 solvit
3699 4933 3730 4972 e

2090 5009 2361 5076 vinculis,
2393 5009 2568 5079 pedes
2622 5015 2814 5064 autem
2857 5025 2886 5063 e
2937 5007 3104 5079 cippo
3161 5011 3410 5062 amovet.
3471 5009 3731 5076 Cumque

2093 5116 2193 5155 eos
2240 5101 2519 5165 curasset,
2549 5101 2605 5153 et
2636 5102 2699 5153 ut
2727 5097 2924 5152 cibum
2977 5100 3263 5151 sumerent
3293 5095 3595 5161 ell'ecisset,
3628 5095 3730 5166 qui

2091 5195 2242 5247 totos
2284 5195 2412 5247 octo
2457 5190 2582 5245 dies
2623 5190 2748 5260 jam
2797 5186 2979 5258 jejuni
3029 5189 3384 5254 manserant,
3426 5185 3731 5255 procidens

2091 5279 2279 5350 humi,
2327 5281 2708 5335 obsecrabat:
2743 5277 2901 5348 Rogo
2948 5292 3069 5340 vos,
3103 5275 3318 5343 dicens,
3351 5272 3614 5346 germani
3666 5289 3732 5328 ac

2095 5369 2302 5425 sinceri
2355 5369 2565 5425 Christi
2625 5365 2850 5434 famuli,
2883 5366 2997 5420 Deo
3029 5381 3133 5437 pro
3174 5380 3266 5420 me
3295 5363 3636 5436 supplicate,
3669 5367 3736 5418 ut

2093 5473 2186 5512 me
2219 5474 2450 5528 quoque
2479 5456 2698 5521 eadem,
2733 5471 2850 5526 qua
2877 5469 2993 5517 vos,
3027 5457 3188 5524 parte
3219 5452 3512 5524 dignetur,
3545 5457 3600 5506 et
3630 5451 3733 5506 ad-

2091 5563 2296 5604 versus
2331 5545 2486 5603 mala
2517 5549 2574 5601 et
2603 5561 2806 5618 aspera
2826 5547 2926 5600 det
2957 5543 3098 5599 mihi
3125 5542 3549 5598 fortitudinem.
3583 5537 3733 5594 Nam

2095 5653 2196 5707 ego
2231 5651 2464 5708 quoque
2507 5651 2638 5692 sum
2687 5649 2888 5691 servus
2944 5631 3176 5701 Christi,
3207 5635 3266 5688 et
3319 5631 3442 5701 ejus
3499 5631 3733 5684 sancto-
