4128 6274
406 275 558 334 1143

1749 274 2031 335 MENSIS
2074 272 2462 336 OCTOBEB.

3649 275 3819 334 1144

404 448 532 488 rum
569 448 582 487 :
613 433 711 487 sed
748 434 902 490 varia
959 438 1014 490 et
1070 434 1272 490 acerba
1328 433 1617 505 supplicia
1664 438 1721 489 et
1766 433 2030 503 judicum

2162 432 2305 494 ιύτὸς
2360 434 2594 504 Χριστοῦ
2656 432 2742 485 καὶ
2799 435 2906 486 τῶν
2945 432 3112 487 αὐτοῦ
3144 430 3317 507 ἁγίων
3354 452 3367 464 ο
3403 430 3555 488 ἀλλά
3619 454 3690 505 με
3748 435 3816 488 τὸ

404 519 624 575 srevitia
679 536 772 575 me
827 521 1115 579 volentem
1166 520 1396 593 prodire
1439 522 1498 576 in
1556 521 1813 578 medium
1865 523 2041 579 abdu-

405 616 563 677 cunt,
595 613 651 664 et
700 611 967 666 timorem
1019 612 1330 665 incutiunt.
1375 610 1541 667 Orate
1582 628 1715 683 ergo
1766 630 1869 685 pro
1926 629 2039 685 me,

406 697 590 752 sancti
618 702 920 768 martyres,
956 704 1131 753 orate.
1164 699 1277 754 Vos
1315 700 1469 754 enim
1523 716 1650 756 cras
1707 701 1767 755 in
1803 702 2041 758 Domino

407 786 981 841 consummabimini.
1015 788 1098 841 Ad
1126 788 1244 843 haec
1292 789 1473 844 sancti
1510 807 1522 843 :
1556 790 1757 857 Nemo,
1800 791 1980 857 aiunt,
2009 808 2042 847 ο

406 874 581 927 frater
628 873 789 936 Vare,
850 878 1037 945 potest
1101 880 1317 931 metere
1363 878 1421 931 in
1472 880 1879 947 exsultatione,
1926 878 2039 935 nisi

407 961 568 1030 prius
600 960 655 1014 in
696 961 970 1033 lacrymis
1016 964 1243 1019 semina
1273 965 1565 1035 dejecerit,
1599 972 1655 1023 et
1697 969 1799 1039 qui
1842 968 1899 1022 in
1959 968 2042 1023 eis

407 1050 751 1121 spargendis
781 1052 1201 1122 suscipiuntur,
1228 1052 1454 1109 labores
1480 1057 1842 1112 sustinuerit.
1865 1056 2044 1112 Simi-

407 1137 536 1192 liter
586 1142 774 1193 autem
823 1139 1035 1194 athleta
1078 1158 1306 1211 quoque
1375 1159 1486 1197 non
1554 1154 1881 1215 coronatur,
1931 1145 2046 1200 nisi

411 1227 570 1296 prius
610 1226 867 1296 legitime
910 1232 1231 1285 certaverit.
1262 1232 1520 1301 Agedum
1570 1248 1730 1303 ergo,
1779 1250 1811 1288 ο
1852 1234 2045 1301 frater,

412 1315 494 1368 sis
528 1314 693 1369 nobis
716 1331 909 1371 comes
943 1317 1188 1385 itineris,
1222 1323 1277 1374 et
1306 1321 1592 1389 perfectus
1615 1321 1783 1377 miles
1814 1322 2047 1378 Christi.

412 1402 702 1457 Habemus
735 1405 890 1459 enim
924 1406 1089 1460 illum
1121 1408 1336 1477 ipsum,
1372 1426 1476 1480 pro
1516 1428 1631 1481 quo
1676 1411 2049 1482 suscipimus,

414 1507 521 1546 nos
580 1492 830 1563 benigne
888 1510 917 1548 e
976 1497 1203 1565 superis
1250 1498 1679 1569 defendentem,
1712 1506 1769 1555 et
1807 1500 2053 1555 latenter

415 1581 580 1635 nobis
611 1598 887 1653 magnum
922 1584 1271 1653 praebentem
1324 1589 1623 1644 auxilium.
1659 1590 1887 1645 Sanctis
1932 1591 2052 1646 haec

416 1672 768 1740 dicentibus,
802 1675 1033 1728 veniunt
1056 1678 1291 1744 quidam
1320 1678 1557 1751 milites,
1577 1681 1788 1751 quibus
1813 1683 2051 1750 jussum

418 1760 623 1825 fuerat,
656 1767 719 1815 ut
765 1778 862 1816 eos
908 1764 1260 1820 deducerent
1290 1769 1361 1821 ad
1414 1770 1739 1838 praesidem.
1783 1773 1889 1836 Qui
1922 1788 2050 1826 cum

2143 520 2396 576 ποικίλον
2456 520 2546 574 καὶ
2591 519 2858 595 αὐστηρὸν
2927 525 3036 574 τῶν
3089 518 3395 589 κολάσεων,
3435 523 3525 576 καὶ
3586 523 3649 576 τὸ
3692 527 3812 577 τῶν

2148 608 2412 665 δικαστῶν
2464 608 2687 679 ἀπηνὲς,
2722 609 2795 671 εἰς
2849 609 3008 683 μέσον
3049 610 3269 686 ἀγαγεῖν
3328 610 3561 683 ἐμαυτὸν
3600 610 3815 687 βουλό-

2150 720 2327 773 μενον,
2382 699 2573 772 ἀπάγει
2628 698 2717 752 καὶ
2778 696 2984 754 δειλίαν
3041 698 3332 771 ἐντίθησιν,
3404 698 3620 771 εὔξασθε
3688 723 3817 757 τοι-

2145 793 2342 864 γαροῦν
2376 788 2506 861 ὑπὲρ
2545 787 2701 860 ἐμοῦ,
2734 788 2879 862 ἅγιοι
2934 789 3220 864 μάρτυρες,
3254 786 3488 861 εὔξασθε.
3541 792 3656 860 Τὴν
3709 789 3815 846 αὔ-

2151 898 2264 952 ριον
2319 878 2418 953 γᾶρ
2479 877 2633 951 ὑμεῖς
2692 878 2744 931 ἐν
2800 876 2986 952 Κυρίῳ
3052 877 3383 936 τελειοῦσθε.
3434 880 3577 955 Πρὸς
3635 885 3814 936 ταῦτα

2150 966 2201 1020 o't
2270 968 2436 1041 ἅγιοι.
2479 964 2689 1037 Οὐδεὶς,
2723 963 2942 1040 ἀδελφέ,
3002 967 3182 1043 φασὶν,
3234 966 3428 1046 Οὔαρε»
3469 970 3698 1044 θερίζειν
3753 970 3812 1025 ἐν

2151 1051 2475 1130 ἀγαλλιάσει
2537 1051 2773 1123 δύναται,
2834 1054 2877 1107 εἷ
2950 1056 3024 1127 μὴ
3085 1060 3362 1129 χειμῶνος
3416 1057 3690 1132 πρότερον
3738 1058 3813 1110 τὰ

2154 1142 2434 1216 σπέρματα
2497 1138 2780 1217 καταϐαλῃ
2838 1144 2928 1198 καὶ
2984 1149 3091 1199 τῶν
3140 1145 3223 1199 ἐπ’
3272 1143 3453 1208 αὺτοῖς
3492 1145 3812 1221 ἀνάσχηται

2152 1233 2355 1287 πόνων.
2410 1230 2816 1306 Παραπλησίως
2858 1229 2915 1287 δὲ
2954 1234 3039 1288 γαὶ
3084 1232 3334 1305 ἀθλητὴς
3382 1235 3447 1290 οὐ
3508 1240 3815 1312 στεφανοῦ-

2151 1341 2261 1386 ται,
2294 1320 2339 1374 εἰ
2375 1322 2450 1392 μὴ
2490 1323 2754 1395 πρότερον
2785 1322 3038 1396 νομίμως
3084 1321 3334 1394 ἀθλήσει.
3370 1329 3534 1399 Δεῦρο
3689 1323 3815 1392 οῦν,

2155 1407 2375 1484 ἀδελφὲ,
2410 1408 2633 1473 σύνοδος
2682 1414 2819 1484 ἡμῖν
2878 1416 3057 1487 γενοῦ,
3082 1415 3167 1467 καὶ
3201 1412 3411 1476 τέλειος
3463 1416 3815 1486 στρατιώτης

2155 1500 2414 1570 Χριστοῦ.
2448 1504 2690 1573 ’Ἑχομεν
2731 1500 2833 1575 γὰρ
2859 1499 3017 1556 αὐτὸν
3047 1503 3271 1571 ἐκεῖνον,
3306 1503 3437 1577 ὑπὲρ
3470 1504 3531 1557 οὗ
3579 1506 3680 1566 τὰς
3720 1526 3818 1560 κο-

2159 1583 2343 1646 λάσεις
2399 1583 2797 1661 ἀναδεχόμεθα,
2868 1587 3267 1663 φιλανθρώπως
3354 1592 3515 1663 ἡμῶν
3601 1589 3811 1647 ἄνωθεν

2157 1670 2713 1748 ἀντιλαμϐανόμενον,
2763 1677 2851 1730 καὶ
2921 1677 3139 1747 πολλὴν
3210 1679 3424 1753 ἀφανῶς
3490 1682 3815 1756 παρέχοντα

2156 1766 2254 1833 τὴν
2317 1764 2586 1837 βοήθειαν.
2620 1768 2796 1820 Ταῦτα
2849 1771 2956 1820 τῶν
3022 1766 3186 1840 ἁγίων
3218 1765 3548 1839 διεσιόντων,
3592 1771 3815 1848 ἐφίσταν

420 1848 779 1918 aspexissent
833 1851 1066 1907 beatum
1143 1853 1358 1910 Varum
1410 1835 1699 1926 iacentem
1750 1835 1818 1915 ad
1878 1862 2052 1931 pedes

2162 1852 2247 1906 ταί
2304 1874 2446 1916 τινες
2486 1859 2592 1908 τῶν
2641 1862 2739 1923 τῆς
2795 1854 3013 1927 τάξεως,
3047 1857 3261 1931 ἀγαγεῖν
3313 1857 3507 1914 αὐτοὺς
3565 1881 3816 1934 προστα-

422 1946 765 2007 martyrum,
797 1943 853 1993 et
885 1956 1028 1996 novo
1068 1944 1396 2013 spectaculo
1429 1951 1622 2002 essent
1651 1948 1824 2004 veluti
1854 1950 2055 2004 obstu-

425 2025 655 2095 pefacti,
689 2027 813 2082 ideo
859 2028 1156 2101 benignis,
1206 2043 1267 2088 ut
1311 2034 1423 2089 sibi
1471 2036 1835 2105 videbantur,
1867 2040 2056 2095 verbis

422 2130 556 2169 cum
590 2131 654 2171 eo
687 2126 955 2186 agentes:
992 2122 1248 2193 Insanis,
1279 2124 1330 2179 ei
1360 2125 1586 2196 dicunt,
1616 2144 1648 2184 o
1682 2128 1849 2184 homo
1872 2129 1899 2184 ?
1930 2130 2055 2186 Non

423 2204 595 2259 times
628 2206 866 2263 omnino
898 2224 992 2277 ne,
1026 2212 1074 2265 si
1105 2210 1225 2266 haec
1282 2229 1374 2269 res
1408 2219 1542 2271 nota
1581 2217 1753 2272 fuerit
1800 2220 2057 2289 praesidi,

421 2307 552 2346 cum
573 2294 812 2349 militari
829 2297 1109 2367 dignitate
1130 2301 1302 2355 vitam
1327 2319 1559 2374 quoque
1581 2305 1762 2361 simul
1785 2308 2058 2363 amittas?

422 2381 507 2434 Ad
543 2397 686 2451 quos
740 2383 933 2440 beatus
975 2388 1155 2443 Varus
1189 2405 1202 2444 :
1245 2389 1500 2462 Utinam,
1543 2394 1755 2465 inquit,
1797 2397 2060 2453 inveniar

422 2472 715 2540 perfectus
770 2476 1153 2546 Christianus,
1188 2484 1245 2535 et
1295 2481 1461 2537 liceat
1509 2485 1652 2539 mihi
1683 2503 1809 2542 esse
1853 2488 2057 2545 horum

425 2565 758 2616 sanctorum
800 2564 1024 2620 socium
1058 2569 1419 2637 certaminis,
1451 2577 1507 2627 et
1536 2573 1595 2629 in
1626 2575 1845 2629 eisdem
1896 2578 2061 2632 habi-

425 2652 551 2704 tare
602 2650 1011 2707 tabernaculis.
1070 2655 1385 2714 Persuadet
1432 2666 1623 2716 autem
1670 2663 1947 2732 amicitia,
2000 2670 2064 2720 ut

426 2751 532 2805 ego
563 2737 724 2792 vobis
765 2738 964 2809 ﬁdam,
996 2747 1052 2797 et
1099 2760 1319 2814 eorum,
1347 2748 1443 2816 qui
1492 2747 1587 2804 hic
1634 2750 1909 2807 dicuntur
1963 2757 2063 2809 aut

430 2823 593 2892 ﬁunt,
627 2826 772 2880 nihil
796 2826 1040 2885 habeam
1072 2839 1431 2903 suspectum.

504 3003 600 3060 ΙΙΙ.
645 3005 746 3061 His
796 3007 878 3063 sic
928 3010 1117 3075 dictis,
1172 3012 1385 3070 milites
1438 3020 1693 3084 sanctos,
1746 3020 1846 3090 qui
1902 3024 2065 3077 erant

432 3109 533 3147 sex
582 3110 824 3150 numero
872 3097 1059 3168 (erant
1089 3100 1241 3156 enim
1284 3118 1485 3159 omnes
1534 3108 1771 3177 quidem
1818 3114 2063 3181 septem,

433 3181 532 3235 sed
580 3197 734 3236 unus
772 3183 895 3253 jam
947 3191 1207 3243 mortuus
1247 3189 1436 3247 fuerat
1475 3193 1531 3248 in
1577 3194 1932 3267 solitudine),
1967 3215 2059 3253 ca-

429 3273 565 3323 tena
610 3271 834 3327 vinctos
888 3274 1255 3333 adduxerunt
1310 3281 1378 3336 ad
1430 3283 1759 3352 praesidem.
1810 3285 1911 3341 Ille
1952 3304 2054 3342 au-

430 3362 544 3411 tem
580 3360 811 3415 sedebat
850 3361 908 3417 in
960 3366 1183 3422 excelso
1234 3369 1528 3438 tribunali,
1561 3377 1618 3426 et
1658 3389 1783 3429 eum
1818 3374 2062 3431 circum-

430 3445 672 3502 sistebat
704 3450 1020 3508 multitudo
1054 3456 1325 3525 militum,
1350 3460 1449 3529 qui
1474 3462 1711 3517 omnino
1735 3464 2065 3533 pendebant

431 3551 465 3589 a
513 3536 699 3592 verbis
750 3538 906 3594 illius
964 3546 1019 3596 et
1080 3553 1241 3603 nutu.
1276 3549 1412 3602 Cum
1459 3565 1594 3620 ergo
1639 3553 1910 3621 jussisset
1966 3572 2063 3612 eos

428 3628 629 3680 exutos
678 3625 991 3698 introduci,
1024 3633 1240 3701 [statim
1290 3638 1522 3706 quidem
1569 3642 1789 3710 rogavit
1823 3659 1836 3697 :
1870 3646 2064 3707 Quod-

427 3726 561 3765 nam
587 3718 674 3767 est
703 3716 866 3771 vobis
887 3733 1071 3787 genus
1102 3728 1158 3776 et
1187 3740 1449 3793 quasnam
1482 3730 1757 3799 conditio,
1793 3750 2060 3802 quaenam

422 3889 707 3958 exigebat.
749 3892 1163 3963 Priepotentem
1218 3900 1373 3954 enim
1432 3905 1593 3960 vobis
1648 3909 1800 3977 juro,
1850 3909 2057 3979 aiebat,

422 3978 656 4032 deorum
715 3981 984 4038 virtutem
1039 4002 1102 4039 ac
1152 3988 1469 4057 justitiam,
1504 3996 1656 4063 quod
1714 4013 1812 4052 vos
1870 3978 2059 4055 adhuc

422 4068 759 4136 superstites
816 4088 1105 4143 apponam
1182 4077 1319 4133 feris
1382 4081 1634 4140 edendos
1690 4090 1748 4140 et
1794 4088 2057 4146 canibus.

420 4155 615 4210 Sancti
630 4162 820 4215 autem
838 4178 1018 4232 neque
1036 4166 1248 4222 fastum
1275 4173 1446 4226 tanta:
1469 4176 1848 4245 auctoritatis,
1869 4195 2059 4250 neque

421 4246 729 4302 verborum
776 4251 1055 4307 saevitiam
1123 4258 1589 4334 extimescentes,
1647 4266 1845 4336 Nobis,
1900 4269 2059 4324 dice-

423 4333 585 4399 bant,
620 4351 652 4389 ο
691 4336 893 4407 judex,
946 4342 1105 4397 nulla
1133 4348 1319 4415 patria
1369 4356 1457 4406 est
1502 4333 1578 4408 in
1606 4359 1777 4412 terra.
1832 4333 2056 4415 Sumus

420 4422 576 4476 enim
610 4440 806 4481 revera
852 4427 1109 4500 hospites
1142 4440 1198 4488 et
1229 4439 1480 4494 advenae.
1526 4442 1669 4498 Nam
1716 4446 2056 4505 Christianis

418 4526 547 4564 vera
581 4514 765 4579 patria
796 4520 851 4569 et
884 4516 1086 4574 civitas
1129 4522 1186 4575 in
1236 4525 1393 4581 caelis
1424 4532 1508 4582 est
1546 4532 1846 4588 aedificata.
1879 4538 2054 4591 Crede

2162 1943 2337 2018 γέντες
2378 1944 2521 2018 παρὰ
2566 1942 2657 1998 τόν
2694 1943 2949 2019 ἄργοντα.
2985 1947 3050 2002 Οἳ
3091 1948 3201 2016 καὶ,
3232 1948 3322 2003 τὸν
3369 1948 3632 2025 μακάριον
3663 1951 3815 2009 0’51-

2165 2052 2257 2105 ρον
2300 2032 2623 2104 θεασάμενοι
2656 2034 2791 2108 πρὸς
2820 2040 2940 2097 τοῖς
2981 2036 3108 2089 ποσὶ
3139 2036 3386 2110 κείμενον
3429 2043 3536 2093 τῶν
3599 2041 3814 2114 μαρτῦ-

2165 2145 2294 2200 ρων,
2335 2124 2423 2178 καὶ
2482 2126 2647 2179 οἶονεῖ
2711 2125 3138 2200 καταπλαγέντες
3197 2127 3284 2184 ἐπὶ
3354 2136 3435 2203 τῷ
3490 2138 3662 2204 καινῷ
3710 2139 3812 2188 τοῦ

2163 2215 2448 2288 θεάματος,
2482 2214 2570 2268 καὶ
2600 2212 2688 2269 διὰ
2716 2220 2876 2270 τοῦτο
2909 2216 3323 2293 φιλανθρωπίας
3373 2218 3570 2296 λόγους
3602 2227 3682 2295 τῷ
3715 2222 3814 2278 δο-

2161 2310 2272 2360 κεῖ]
2337 2303 2749 2381 προσφέροντες,
2794 2306 2994 2376 Μαίνη,
3030 2307 3247 2381 λέγουσι
3303 2310 3437 2383 πρὸς
3495 2312 3683 2383 αὐτὸν,
3718 2311 3815 2366 ἇν-

2164 2406 2383 2469 θρωπε;
2417 2394 2495 2450 Οὐ
2538 2390 2781 2455 δέδοικας
2812 2394 2955 2456 ὅλως
2993 2398 3092 2468 μή,
3122 2399 3449 2471 γνωσθέντος
3476 2404 3556 2471 τῷ
3579 2402 3814 2477 ἡγεμόνι

2162 2488 2258 2539 τοῦ
2306 2484 2644 2556 πράγματος,
2691 2488 2769 2554 τῷ
2817 2491 3192 2559 στρατιωτικῷ
3242 2487 3507 2561 ἀξιώματι
3580 2511 3816 2545 συναπο-

2166 2571 2330 2645 λὲσῃς
2381 2572 2469 2625 καὶ
2518 2573 2615 2640 τήν
2666 2575 2851 2643 ςωήν;
2896 2575 3035 2648 Πρὸς
3065 2575 3155 2636 οὓς
3186 2577 3212 2630 6
3266 2597 3547 2652 μακαριος,
3596 2580 3812 2635 Γὲνοιτό

2169 2683 2261 2733 μοι
2320 2663 2639 2735 Χριστιανὸν
2718 2661 2843 2733 ἔφη,
2910 2662 3119 2718 τέλειον
3176 2665 3480 2739 εὑρεθῆναι,
3541 2669 3631 2722 καὶ
3700 2674 3817 2732 τοῖς

2166 2750 2343 2827 ἁγίοις
2376 2751 2589 2813 τούτοις
2620 2750 2881 2806 σόναθλόν
2929 2773 2987 2807 τε
3035 2754 3124 2807 καὶ
3166 2756 3453 2826 σύσκηνον.
3488 2759 3665 2812 Πείθει
3710 2756 3813 2833 γάρ

2171 2860 2237 2913 με
2269 2839 2484 2915 θαρρεῖν
2515 2841 2647 2910 πρὸς
2692 2841 2827 2913 ὑμᾶς
2861 2844 2895 2911 ἡ
2929 2840 3107 2919 φιλία,
3138 2844 3226 2897 καὶ
3259 2842 3408 2899 οὐδὲν
3441 2850 3549 2900 τῶν
3590 2844 3815 2903 ἐνταῦθα

2170 2927 2479 3006 λεγομενων
2513 2930 2546 2997 ἢ
2581 2930 2966 3003 πραττομένων
3005 2932 3348 2991 ὑποπτεύειν.

2241 3017 2558 3076 Γ’.Τοότων
2618 3017 2761 3073 οὕτω
2821 3019 3123 3098 λεχθέντων
3188 3024 3238 3077 o't
3297 3028 3623 3099 στρατιῶται
3680 3025 3812 3087 τοὺς

2172 3108 2355 3184 ἁγίους
2488 3104 2645 3171 ὄντας
2685 3109 2775 3163 τὸν
2818 3110 3046 3184 ἀριθμὸν
3092 3112 3251 3179 (ἒπτὰ
3296 3113 3390 3185 μὲν
3424 3114 3526 3189 γὰρ
3578 3116 3628 3168 οἱ
3680 3116 3817 3168 πάν-

2092 3233 2142 3300 C
2171 3218 2257 3259 τες
2304 3197 2459 3265 ἦσαν,
2492 3192 2685 3274 ἔφθασε
2729 3195 2785 3252 δὲ
2835 3202 2862 3253 ὁ
2912 3200 2990 3261 εἷς
3032 3201 3167 3255 κατὰ
3211 3202 3309 3269 τὴν
3358 3197 3565 3275 ἔρημον
3623 3219 3815 3259 τελευ-

2218 3293 2238 3300 _
2340 3288 2352 3300 .
2415 3284 2437 3300 ι.
2475 3284 2498 3300 ρ.
2584 3287 2592 3300 .
3056 3294 3079 3300 _
3141 3292 3153 3300 .
3293 3294 3301 3300 .
3571 3298 3594 3300 -_
3756 3294 3804 3300 __

2174 3288 2377 3358 τῆσαι),
2410 3284 2725 3357 δεδεμένους
2772 3285 2980 3357 ἁλύσει,
3014 3294 3092 3360 τῷ
3131 3292 3359 3365 ἡγεμόνι
3418 3298 3721 3366 προσῆγον.
3756 3294 3817 3351 Ὁ

2173 3372 2229 3428 δὲ
2259 3374 2339 3448 ἐφ’
2370 3374 2587 3448 ὑψηλοῦ
2642 3375 2732 3446 μὲν
2784 3381 3017 3441 καθῆστο
3046 3382 3142 3432 τοῦ
3204 3381 3471 3453 βήματος,
3506 3384 3818 3457 περιειστή-

2170 3485 2249 3519 κει
2284 3462 2340 3519 δὲ
2380 3464 2538 3519 αὐτὸν
2568 3464 2778 3534 πλῆθος
2823 3474 3190 3541 στρατιωτῶν,
3221 3474 3327 3523 τῶν
3375 3469 3579 3525 ἐκείνου
3630 3470 3814 3547 λόγων

2171 3555 2259 3609 καὶ
2314 3559 2409 3609 τοῦ
2447 3554 2713 3627 νεύματος
2760 3555 2903 3619 ὅλως
2965 3557 3347 3632 ἔξηρτημὲνοι,
3399 3557 3667 3622 Κελεύσας
3725 3561 3817 3616 οὖν

2170 3641 2531 3708 ἀποδυθέντας
2571 3645 2875 3719 εἰσάγεσθαι
2906 3644 3032 3707 τοὺς
3082 3646 3289 3721 ἁγίους,
3321 3648 3502 3718 εὐθὺς,
3537 3650 3659 3705 Οἴοι
3722 3652 3818 3723 μὶν

2171 3734 2374 3812 γένους,
2406 3736 2615 3809 ήρὼτα,
2649 3733 2764 3797 οτίας
2798 3735 2852 3790 δὲ
2882 3736 3057 3811 τύχης
3089 3736 3240 3807 ἐστές
3279 3739 3401 3793 τίνα
3432 3735 3487 3792 δὲ
3538 3741 3692 3813 ὑμῶν
3746 3741 3817 3795 τὰ

2171 3824 2438 3897 ὀνόματα;
2474 3825 2575 3881 Καὶ
2632 3826 2730 3891 τήν
2791 3825 3073 3900 ἀπόκρισιν
3107 3825 3180 3886 ὠς
3223 3828 3392 3901 τάχος
3450 3826 3669 3902 ἀπῄτει.
3701 3831 3811 3898 Τήν

2168 3908 2359 3990 ἔφορον
2393 3915 2493 3988 γὰρ
2541 3915 2666 3986 ὑμῖν
2697 3911 2922 3986 ὄμνυμι,
2958 3917 3111 3989 φησί,
3146 3913 3299 3984 δίκην
3356 3916 3445 3971 καὶ
3494 3919 3592 3986 τήν
3639 3920 3815 3994 μεγά-

2168 4002 2271 4071 λην
2312 4005 2418 4055 τῶν
2456 4002 2589 4055 θεῶν
2624 3999 2869 4074 δύναμιν,
2903 4004 2977 4065 ὡς
3029 4002 3105 4058 ἔτι
3164 4005 3456 4079 περιόντας
3521 4008 3659 4079 ὑμᾶς
3718 4010 3814 4079 οη-

2167 4090 2307 4165 ρίοις
2373 4088 2463 4143 καὶ
2521 4089 2642 4144 κυσὶ
2718 4090 2882 4164 βοράν
2949 4094 3356 4166 παραθήσομαι.
3399 4095 3466 4151 Οἱ
3526 4092 3581 4149 δὲ
3635 4096 3809 4171 ἅγιοι,

2166 4175 2336 4252 μηδὲν
2392 4181 2530 4251 μήτε
2585 4180 2718 4254 πρὸς
2758 4181 2819 4234 τὸ
2881 4175 3109 4255 σοϐαρὸν
3171 4186 3267 4237 τοῦ
3316 4185 3630 4256 σχήματος,
3666 4188 3809 4257 μήτε

2163 4268 2299 4343 πρὸς
2326 4270 2425 4337 τήν
2459 4268 2712 4338 ἀπήνειον
2740 4274 2848 4323 τῶν
2880 4268 3063 4345 λόγων
3098 4270 3512 4339 ὑποσταλὲντες,
3543 4274 3729 4346 Ἡμῖν,
3762 4277 3807 4329 ὦ

2166 4352 2390 4411 δικαστά
2452 4356 2625 4427 εἶπον,
2658 4358 2853 4433 πατρὶς
2886 4358 2971 4412 ἐπὶ
3002 4366 3104 4434 γῆς
3162 4357 3286 4414 οὐδε
3349 4359 3447 4433 μία
3481 4382 3492 4394 ·
3529 4361 3664 4432 ξένοι
3699 4364 3804 4438 γὰρ

2163 4447 2325 4517 ἡμεῖς
2377 4444 2519 4507 ὄντες
2578 4448 2667 4501 καὶ
2724 4446 3122 4523 παρεπίδημοι.
3167 4451 3366 4524 Πατρὶς
3396 4452 3497 4527 γὰρ
3545 4455 3808 4526 Χριστιαο

2161 4539 2276 4595 νοῖς
2331 4534 2546 4605 ἀληθὴς
2605 4538 2693 4591 καὶ
2749 4537 2914 4599 πόλις
2981 4538 3031 4592 ἐν
3102 4541 3352 4613 οὐρανοῖς
3425 4539 3803 4616 ᾠκοδόμηται.

420 4598 588 4654 nobis
640 4599 759 4655 haec
812 4602 889 4658 ita
948 4622 1008 4661 se
1059 4608 1265 4666 habere
1292 4630 1314 4667 :
1346 4616 1536 4672 minas
1566 4626 1759 4676 autem
1794 4627 1926 4680 tuas
1961 4643 2052 4697 pa-

2163 4624 2344 4677 Ταῦτα
2400 4625 2614 4679 πίστευε
2665 4628 2799 4698 ἡμῖν
2839 4628 3011 4688 οὕτως
3065 4626 3231 4703 ἔχειν.
3265 4632 3385 4686 Τῶν
3418 4627 3475 4684 δὲ
3506 4634 3613 4685 σῶν
3651 4632 3799 4686 ἀπει-

420 4703 548 4743 rum
598 4705 872 4747 curamus
907 4709 920 4748 :
957 4696 1073 4753 imo
1105 4715 1237 4755 vero
1270 4707 1543 4774 optamus
1596 4714 1656 4763 ut
1714 4712 1883 4767 mina:
1944 4696 2049 4771 tuas

421 4792 533 4831 non
584 4794 645 4832 se
690 4795 878 4849 usque
925 4786 993 4839 ad
1043 4788 1215 4843 verba
1255 4791 1443 4848 solum
1480 4795 1710 4868 sistant,
1742 4802 1841 4855 sed
1872 4802 1945 4858 ad
1975 4805 2051 4859 ef-

418 4864 630 4920 fectum
682 4869 855 4925 etiam
902 4873 1283 4934 deducantur.
1314 4882 1403 4936 Sic
1450 4884 1607 4940 enim
1655 4892 1763 4944 erit
1812 4894 2051 4949 manife-

420 4959 575 5007 stum
637 4962 903 5015 nostrum
963 4962 1021 5017 in
1081 4966 1366 5024 Christum
1400 4972 1747 5032 desiderium
1786 4998 1798 5034 :
1833 4988 1889 5035 et
1926 4982 2051 5054 ipse

419 5043 567 5097 scies
599 5047 857 5113 omnino,
892 5053 1059 5119 quale
1092 5059 1368 5114 auxilium
1396 5062 1465 5115 ab
1492 5064 1613 5132 ipso
1644 5085 2047 5140 assequamur.

418 5131 559 5184 Cum
614 5136 794 5187 sancti
834 5138 950 5191 haec
989 5143 1289 5213 dixissent,
1324 5158 1597 5220 tyrannus
1630 5173 1945 5215 conversus
1977 5164 2044 5217 ad

415 5235 761 5287 assessores,
797 5223 992 5294 Video,
1039 5232 1244 5303 inquit,
1281 5236 1386 5293 hos
1442 5241 1700 5301 infelices
1760 5265 1943 5304 unum
1994 5259 2050 5307 et

418 5306 567 5359 idem
615 5311 899 5396 tanquam
967 5335 1033 5371 ex
1083 5338 1365 5381 consensu
1431 5334 1716 5389 meditari.
1769 5341 2051 5396 Parentur

416 5408 552 5498 ἕπεο
606 5392 854 5498 flagella,
1038 5425 1135 5462 eos
1211 5413 1390 5486 plagae
1447 5421 1677 5478 abunde
1735 5392 2044 5498 excipiant.

415 5479 556 5533 Cum
606 5484 808 5582 autem.
846 5486 1012 5545 valde
1044 5498 1275 5563 quidem
1326 5507 1722 5582 verberantur,
1756 5479 1904 5571 nihil
1935 5535 2047 5573 au-

413 5576 531 5625 tem
565 5570 997 5646 responderent,
1031 5582 1211 5651 judex
1258 5589 1455 5651 intulit
1511 5570 2045 5676 interrogationem,

2163 4711 2273 4765 λῶν
2307 4711 2465 4788 ὀλίγη
2510 4713 2728 4786 φροντίς
2761 4733 2773 4745 ’
2811 4715 3024 4787 μᾶλλον
3056 4714 3110 4771 δὲ
3139 4721 3227 4772 καὶ
3261 4714 3331 4771 δι’
3360 4718 3531 4792 εὐχῆς
3561 4721 3625 4775 τὸ
3666 4726 3796 4795 πρᾶ-

2160 4821 2276 4873 γμα
2332 4802 2632 4875 ποιούμεθα
2689 4805 2764 4876 μὴ
2828 4806 2994 4880 μέχρι
3076 4806 3257 4883 λόγων
3314 4809 3503 4873 στῆναί
3560 4831 3645 4864 σοι
3704 4812 3802 4879 τὴν

2160 4888 2412 4960 ἀπειλὴν,
2445 4890 2588 4945 αλλὰ
2626 4893 2715 4947 καί
2766 4893 2841 4956 εἷς
2890 4889 3043 4969 ἔργον
3086 4892 3330 4962 ἐκϐῆναι.
3373 4897 3530 4954 Οὕτω
3560 4901 3662 4975 γὰρ
3712 4900 3802 4955 καὶ

2158 4981 2295 5051 ἡμῖν
2329 4982 2356 5033 ὁ
2387 4978 2554 5044 πόθος
2595 4982 2622 5035 ὁ
2653 4983 2787 5057 πρὸς
2818 4985 3046 5059 Χριστὸν
3080 4983 3249 5055 δῆλος
3278 4983 3423 5041 ἔσται
3480 4988 3570 5041 καὶ
3637 4989 3804 5053 αὐτὸς

2161 5068 2275 5141 εἷ’σῃ
2341 5070 2573 5136 πάντως,
2634 5072 2825 5134 ὁποίας
2883 5074 3009 5147 παρ’
3059 5075 3223 5129 αὐτοῦ
3296 5077 3637 5151 τυγχάνομεν
3701 5082 3805 5147 τῆς

2159 5157 2489 5231 ἐπικουρίας.
2524 5164 2759 5216 Τοιαῦτα
2806 5169 2911 5216 τῶν
2951 5163 3115 5238 ἁγίων
3165 5163 3569 5235 διεξελθόντων,
3628 5169 3655 5223 ὁ
3710 5169 3809 5224 τό-

2158 5266 2378 5316 ραννους
2411 5249 2545 5320 πρὸς
2576 5250 2699 5311 τοὺς
2759 5250 3043 5323 συνέδρους
3084 5252 3450 5331 ἐπιστραφεὶς,
3481 5255 3637 5327 Μίαν,
3670 5252 3803 5336 ἔφη,

2157 5337 2245 5390 καὶ
2294 5339 2390 5405 τὴν
2462 5338 2625 5407 αὐτὴν
2686 5334 2914 5414 ἔχοντας
2972 5339 3209 5414 μελέτην
3240 5344 3365 5405 τοὺς
3395 5343 3807 5419 καγοδαίμονας

2157 5428 2336 5500 ὥσπερ
2370 5429 2428 5483 ἐκ
2467 5431 2781 5504 συμφωνίας
2824 5432 2956 5506 ὁρῶ.
3000 5433 3273 5509 Μάστιγες
3314 5433 3403 5489 οῦν
3461 5437 3654 5499 αὐτοὺς
3702 5439 3799 5493 καὶ

2156 5517 2368 5591 πληγαὶ
2402 5516 2649 5589 δαψιλῶς
2679 5516 3099 5593 ἐκδεχέσθωσαν.
3139 5524 3228 5586 Ὠς
3258 5521 3314 5579 δὲ
3361 5524 3653 5581 ἐτύπτοντο
3699 5529 3799 5600 μὲν

2157 5602 2428 5677 σφοδρῶς,
2461 5605 2612 5662 οὐδὲν
2671 5604 2726 5661 δὲ
2782 5605 3147 5682 ἀπεκρίνοντο,
3200 5611 3227 5665 6
3278 5608 3532 5681 δικαστὴς
3590 5611 3791 5688 ἐπῆγεν
