4128 6274
255 249 410 312 1145

255 407 546 483 ἔρώτησιν,
569 402 740 463 οὕτως
774 399 940 456 εἰπών
974 415 988 430 ·

253 491 494 570 ἕϐδομος
551 494 704 565 ὑμῶν
745 494 850 544 ποῦ
909 488 1070 556 Em;
1121 484 1332 543 Τούτου
1392 481 1669 557 ῥηθέντος,
1719 481 1910 536 αὐτίκα

260 568 548 662 δρομαίως
599 587 697 637 τοῦ
729 577 908 658 ὄχλου
940 577 1258 651 ἐξορμηθείς
1301 575 1328 629 6
1357 573 1735 648 γενναιότατος
1767 568 1912 628 0'31-

266 696 381 752 ρος,
415 674 543 736 στάς
575 671 626 728 ἒν
663 657 810 745 μέσῲ
839 667 986 741 λέγει
1018 671 1095 737 τῷ
1125 663 1354 740 ἡγεμόνι
1397 683 1410 696 ·
1441 665 1681 724 Ἐκεῖνος
1731 659 1824 734 μὲν
1855 657 1913 713 ἐκ

265 750 482 821 πολλοῦ
512 763 604 818 τὸν
641 761 759 836 βίον
797 755 1154 832 μετήλλαξεν,
1188 752 1286 826 ἐμὲ
1317 750 1374 807 δὲ
1401 751 1763 825 γληρονόμον
1807 752 1914 803 τῶν

268 853 434 910 αὐτοῦ
465 852 803 921 ἐνεπήσατο.
836 845 907 904 Εἴ
931 867 983 900 τι
1016 843 1106 899 οὗν
1138 843 1326 916 ἐκείνῳ
1379 840 1579 917 χρέως,
1611 835 1911 894 ἀποδώσων

270 945 432 1005 αὐτὸς
462 941 710 1016 πάρειμι.
1893 952 1920 978 ο

343 1036 418 1091 Δ’.
448 1034 710 1090 ’Ήκουσεν
741 1029 769 1082 6
798 1028 1042 1103 ἡγεμὼν,
1073 1023 1163 1080 καὶ
1194 1023 1325 1087 ὅλος
1354 1024 1450 1078 τοῦ
1500 1022 1674 1093 θυμοῦ
1703 1016 1912 1094 γέγονε·

271 1124 386 1192 καὶ,
416 1121 512 1184 Τίς
554 1120 730 1187 οὗτος,
761 1117 851 1172 καὶ
887 1115 1034 1178 τίνος
1061 1113 1333 1190 τάγματος
1360 1131 1374 1181 ;
1407 1111 1441 1180 ἡ
1489 1109 1636 1179 τάξις
1686 1105 1919 1182 λεγέτω,

277 1213 430 1291 φησί.
463 1211 522 1268 '0
574 1207 650 1277 δὲ,
684 1207 972 1282 Τάγματος
1015 1203 1108 1277 μὲν
1151 1207 1249 1258 τοῦ
1296 1200 1354 1256 ἐκ
1383 1200 1624 1268 Τυάνων,
1658 1197 1922 1270 στρατιώ-

277 1321 382 1372 της
423 1297 480 1354 δὲ
529 1296 622 1353 καὶ
676 1299 783 1351 τῶν
842 1291 1134 1372 ἒπιιρανῶν,
1173 1289 1514 1366 ἀπεκρίνατο.
1549 1291 1650 1342 Καὶ
1705 1287 1734 1340 6
1791 1287 1925 1358 ἡγε-

283 1391 422 1466 μὼν,
453 1386 692 1463 πληγεὶς
740 1383 827 1440 ἕπὶ
859 1381 1062 1454 τούτῳ,
1094 1380 1186 1443 Τίς
1218 1401 1276 1435 σε
1305 1379 1540 1453 πονηρὸς
1583 1375 1793 1448 δαίμων
1847 1372 1923 1433 εἷς

279 1477 546 1535 κίνδυνον.
581 1476 752 1546 εἶπεν,
793 1471 934 1528 οὕτω
966 1477 1133 1544 σαφῆ,
1175 1471 1392 1525 σεαυτὸν
1444 1467 1651 1536 ώθῆσαι
1701 1461 1928 1531 πεποίη-

281 1569 491 1639 κεν,ὡς
541 1565 630 1621 καὶ
671 1565 734 1620 τὸ
773 1570 873 1632 τῆς
912 1561 1229 1634 προσούσης
1284 1580 1370 1614 σοι
1429 1554 1713 1634 περιδόξου
1773 1572 1931 1624 στρα-

281 1659 426 1722 τείας
477 1657 710 1728 ἀξίωμα,
757 1654 823 1708 τά
879 1649 1076 1706 ἐκεῖθέν
1117 1671 1174 1705 τε
1229 1649 1528 1724 σιτηρέσια,
1582 1645 1716 1721 παρ’
1774 1638 1930 1698 οὐδὲν

289 1749 494 1818 θέσθαι,
541 1745 632 1800 καὶ
678 1743 962 1803 τοσούτοις
1020 1743 1120 1810 τὴν
1181 1738 1320 1794 ἰδίαν
1371 1738 1556 1814 ψυχὴν
1614 1730 1928 1812 περιϐαλεῖν
1963 1765 2018 1829 Β

290 1838 597 1915 χαλεποῖς;
640 1833 744 1890 Καὶ
793 1833 820 1886 6
881 1831 1164 1906 μακάριος,
1195 1829 1300 1886 Τὸν
1347 1827 1534 1902 ἄρτον,
1567 1827 1704 1894 εἶπε,
1734 1825 1824 1879 τὸν
1881 1821 1930 1891 ἐξ

295 1928 530 2002 ούρανοῦ
558 1923 835 1991 καθιόντα,
867 1919 957 1976 καὶ
987 1919 1050 1976 τὸ
1083 1923 1224 1984 θεῖον
1273 1917 1538 1991 ποτήριον
1595 1919 1692 1968 τοῦ
1747 1911 1936 1984 τιμίου

295 2014 528 2090 αἵματος
561 2014 790 2086 Χριστοῦ
828 2014 925 2065 τοῦ
959 2008 1154 2083 Κυρίου
1185 2027 1310 2078 μου,
1339 2011 1447 2060 τῶν
1501 2009 1606 2058 σῶν
1644 2004 1940 2077 προέκρινα

296 2111 473 2181 τιμῶν
527 2124 586 2159 τε
639 2103 730 2158 καὶ
789 2098 1065 2175 ὀψωνίων,
1109 2095 1262 2168 δόξαν
1335 2095 1415 2151 ἀεὶ
1505 2095 1766 2168 μὲνουσαν
1839 2095 1938 2154 τῆς

301 2195 550 2270 ῥεούσης,
598 2191 687 2246 καὶ
737 2192 883 2260 ζωὴν
929 2187 1170 2258 ἄληκτον
1230 2191 1470 2265 φθαρτῆς
1541 2182 1632 2238 καὶ
1689 2176 1945 2256 προσκαί-

304 2305 418 2359 ρου.
451 2283 590 2340 Εἶτα
640 2277 809 2350 δῆλος
841 2277 926 2333 ἐπὶ
981 2281 1060 2348 τῷ
1089 2276 1248 2330 πάθει
1278 2273 1570 2348 γενόμενος
1603 2271 1629 2326 ὀ
1690 2269 1944 2337 δικάζων,

301 2366 620 2444 ἀποϐλέψας
676 2368 812 2443 πρὸς
869 2365 996 2426 τοὺς
1044 2362 1227 2437 ἁγίους
1285 2361 1336 2417 ἓν
1396 2360 1595 2432 πολλῷ
1645 2357 1799 2430 σάλῳ
1855 2355 1942 2410 καὶ

303 2459 496 2534 πικρίᾳ
553 2459 737 2532 ψυχῆς
785 2455 923 2510 εἷπε.
976 2454 1193 2528 Μάρτυς
1225 2453 1260 2521 ἡ
1313 2455 1422 2505 τῶν
1475 2447 1746 2522 μεγίστων
1808 2446 1944 2498 θεῶν

305 2546 555 2622 δύναμις,
609 2546 750 2620 ὑμὰς
816 2541 1080 2618 πρότερον
1145 2541 1196 2594 ἐν
1258 2544 1446 2600 κακοῖς
1503 2536 1794 2616 ἀφέλωμαι
1851 2534 1948 2601 τήν

308 2641 476 2708 ζωὴν,
506 2639 752 2692 τοιοῦτον
804 2631 902 2706 ἐμὲ
962 2630 1342 2704 ζημιώσαντας
1389 2627 1725 2701 στρατιώτην
1757 2643 1770 2656 ·
1817 2621 1952 2693 ὑμέ-

305 2748 460 2802 τερον
492 2727 596 2800 γὰρ
629 2723 686 2778 ἂν
723 2723 806 2792 ε’ίη
837 2725 998 2776 τοῦτο
1047 2719 1136 2774 καὶ
1183 2719 1290 2792 οὐχ
1339 2713 1542 2791 ἑτέρου.
1585 2716 1656 2771 Οἱ
1704 2711 1762 2767 δὲ
1815 2711 1953 2785 μάρ-

308 2835 462 2891 τυρες
492 2814 544 2869 ἒν
602 2808 795 2886 μηδενὶ
841 2810 968 2870 τοὺς
1027 2807 1230 2880 λόγους
1273 2805 1438 2859 αὐτοῦ
1468 2802 1812 2874 ποιούμενοι,
1849 2802 1956 2856 Μι-

311 2906 465 2983 κρὸν,
489 2905 660 2972 εἶπον,
693 2901 1000 2972 ἀνάμεινον,
1033 2894 1278 2963 δικαστά,
1309 2893 1397 2948 καὶ
1433 2892 1499 2946 τά
1537 2889 1684 2946 ὅπλα
1724 2895 1824 2957 τῆς
1870 2892 1960 2941 νῦν

317 2992 618 3066 στρατείας,
661 2991 754 3044 οἷα
808 2986 1182 3055 κατανοήσεις.
1229 2985 1324 3052 Τῷ
1381 2981 1483 3056 γὰρ
1539 2983 1647 3032 τῶν
1720 2974 1962 3052 ἄγγὲλων

317 3085 556 3158 τάγματι
600 3079 694 3135 τὸν
761 3073 925 3151 ἄνδρα
972 3070 1474 3148 προσενηνόχαμεν.
1505 3068 1714 3122 Τούτου
1774 3064 1962 3140 ῥηθὲν-

318 3193 432 3242 τος,
465 3171 494 3226 ὸ
529 3169 622 3242 μὲν
671 3167 871 3222 πείθειν
929 3159 1200 3237 ἐπεχείρει
1266 3157 1391 3220 τοὺς
1453 3155 1638 3232 ἁγίους
1688 3152 1964 3216 συνθέσθαι

319 3270 386 3332 τῆ
447 3254 687 3329 ἀσεϐείᾳ,
737 3255 827 3311 καὶ
883 3254 1068 3319 θυσίαν
1111 3255 1228 3306 τοῖς
1289 3249 1540 3323 ματαίοις
1597 3246 1968 3320 προσενεγκεῖν

323 3352 352 3406 6
396 3351 622 3422 μάταιος
655 3365 666 3379 ·
704 3346 756 3400 o't
821 3343 878 3399 δὲ
922 3340 1062 3416 μηδὲ
1108 3341 1170 3395 τὸ
1229 3339 1323 3402 οὓς
1379 3338 1530 3398 ὅλως
1583 3331 1818 3394 διδόντες
1856 3335 1972 3392 τοῖς

323 3438 490 3495 αὐτοῦ
522 3437 780 3511 ῥήμασιν,
811 3432 1176 3510 ἀνθυπέφερον
1212 3448 1224 3461 ·
1279 3451 1307 3481 α
1339 3425 1462 3481 Θεοὶ
1494 3423 1550 3478 οἳ
1587 3424 1679 3478 τὸν
1739 3419 1969 3491 οὐρανὸν

325 3528 412 3583 καὶ
445 3529 541 3595 τὴν
581 3531 681 3600 γῆν
729 3523 832 3578 οὐκ
877 3519 1159 3590 ἐποίησαν,
1191 3514 1601 3578 ἂπολέσθωσαν.
1640 3535 1661 3561 ιι
1705 3511 1839 3567 Μεθ’
1883 3505 1974 3568 οὓς

329 3619 356 3671 6
393 3597 658 3688 μακάριος
708 3609 943 3684 Οὔαρος,
979 3609 1194 3682 μείξονα
1241 3606 1340 3672 τὴν
1389 3603 1556 3675 ὁργήν
1596 3597 1839 3669 ἒξάπτων
1899 3597 1978 3665 τῷ

333 3686 580 3776 δκαστῇ.
629 3703 690 3756 Τί
739 3700 1034 3775 πράγματα
1083 3693 1366 3770 παρέχεις,
1415 3689 1588 3764 ἔλεγε,
1625 3692 1742 3749 τοῖς
1783 3686 1978 3758 ἁγίοις,

338 3795 495 3868 μωρὰ
526 3775 702 3865 λὲγων
729 3787 816 3844 καὶ
849 3787 926 3850 εἷς
961 3783 1113 3840 οὐδὲν
1149 3785 1440 3858 χρήσιμας
1471 3803 1498 3832 ‹‹
1529 3785 1583 3833 '0
1613 3776 1716 3852 γὰρ
1773 3775 1982 3850 μωρὸς,

335 3882 490 3958 φησὶ,
525 3862 682 3954 μωρὰ
715 3876 968 3946 λαλήσει.
1005 3897 1027 3928 α
1062 3869 1301 3945 (Ἡσαΐας
1331 3871 1358 3924 6
1393 3867 1555 3945 μέγας
1588 3887 1672 3921 σοι
1696 3869 1857 3919 τοῦτο
1890 3862 1981 3917 καὶ

339 3971 438 4027 ούκ
466 3971 596 4046 ἐγὼ)
624 3967 715 4024 καὶ
771 3969 941 4022 ταῦτα
983 3960 1124 4036 μηδέ
1179 3957 1577 4036 ἀντοφθαλμεῖν
1633 3954 1840 4024 αὐτοῖς,
1875 3973 1984 4025 μη-

340 4059 398 4117 δὲ
428 4059 504 4124 εἷς
536 4057 738 4134 λόγους
770 4053 920 4116 ὅλως
955 4051 1090 4108 ἰέναι
1132 4049 1449 4124 δονάμενος.

1533 233 2006 296 MARTYRIUM
2057 235 2118 292 S.
2167 227 2375 290 VARI.

3495 208 3651 268 “46

1039 397 1100 453 Ὁ
1139 393 1382 469 μάλιστά
1451 415 1514 470 γε
1570 391 1905 466 ζητούμενος
1937 441 1950 464 ,

2062 390 2218 446 icens
2247 405 2260 442 :
2295 385 2402 449 Qui
2434 381 2686 438 maxime
2730 378 3009 448 quaeritur
3040 371 3323 443 septimus
3374 385 3442 425 ex
3471 366 3650 436 vobis,

2020 480 2118 536 ubi
2149 477 2282 533 est?
2311 479 2430 530 Hoc
2475 471 2652 537 dicto,
2682 467 2896 523 cursim
2946 461 3144 517 statim
3175 475 3206 514 e
3254 457 3422 512 turba
3451 469 3656 527 egres-

2021 586 2122 625 sus
2173 561 2654 638 praaclarissimus
2713 555 2913 621 Varus,
2945 555 3110 606 stans
3154 549 3212 603 in
3264 545 3456 601 medio
3523 542 3661 598 dicit

2021 631 2254 729 praesidi
2285 667 2299 708 :
2334 650 2436 706 Ille
2487 649 2718 720 quidem
2763 644 2886 714 jam
2931 641 3030 694 diu
3064 636 3277 692 abhinc
3307 652 3376 690 ex
3407 634 3513 688 hac
3541 631 3661 688 vita

2021 743 2290 810 excessit,
2333 756 2425 794 me
2466 741 2660 792 autem
2719 747 2890 788 suum
2949 727 3240 784 haeredem
3281 721 3553 778 instituit.
3602 719 3660 774 Si

2024 834 2162 906 quid
2219 807 2355 902 ergo
2415 827 2485 882 ab
2544 823 2642 881 illo
2692 819 3032 886 debebatur,
3067 816 3276 871 adsum
3309 811 3436 883 ipse
3465 807 3666 866 reddi-

2025 931 2220 981 turus.

2097 1011 2189 1068 IV.
2247 1005 2478 1064 Audivit
2521 1018 2748 1074 praeses,
2781 1003 2838 1055 et
2883 1000 3042 1052 totus
3090 992 3164 1048 ad
3220 992 3366 1046 iram
3397 990 3487 1043 est
3537 1002 3671 1041 con-

2027 1117 2229 1158 versus
2264 1115 2276 1152 :
2311 1095 2450 1161 Quis
2505 1093 2600 1149 hic
2649 1092 2743 1158 sit,
2775 1087 2989 1158 inquit,
3018 1084 3191 1154 dicat,
3250 1089 3306 1136 et
3351 1094 3382 1134 e
3414 1091 3667 1150 quanam

2032 1189 2104 1248 sit
2152 1187 2398 1260 legione.
2435 1183 2536 1238 [lle
2579 1187 2772 1236 autem
2807 1194 2820 1234 :
2853 1177 2935 1231 Ex
2988 1171 3211 1244 legione
3243 1167 3480 1240 quidem
3523 1169 3670 1234 Tya-

2033 1279 2220 1348 nensi,
2256 1277 2422 1332 miles
2454 1289 2582 1328 vero
2614 1270 2823 1333 clarus,
2856 1262 3174 1336 respondit.
3202 1260 3421 1314 Praesos
3451 1257 3671 1320 autem,

2034 1387 2102 1427 ea
2157 1346 2228 1422 de
2269 1381 2444 1420 causa
2499 1357 2956 1429 obstupefactus,
2995 1351 3132 1418 Quis
3187 1347 3376 1403 malus
3423 1346 3672 1406 damon,

2035 1457 2243 1528 inquit,
2273 1454 2478 1520 effecit,
2513 1453 2578 1504 ut
2613 1452 2670 1503 te
2698 1446 2759 1502 in
2805 1443 3180 1499 manifestum
3214 1433 3546 1507 impelleres
3579 1447 3676 1502 pe-

2039 1527 2308 1614 riculum,
2344 1546 2409 1597 ut
2437 1545 2492 1596 et
2522 1535 2839 1611 gloriosam
2897 1537 3056 1586 tuam
3087 1527 3381 1590 militiam,
3413 1527 3471 1579 et
3500 1534 3676 1590 quam

2040 1657 2104 1696 ex
2135 1656 2203 1695 ea
2233 1636 2410 1692 habes
2455 1637 2735 1689 tesseram
2771 1621 3232 1687 frumentariam,
3265 1615 3435 1673 nihili
3479 1611 3679 1676 facias,

2045 1735 2103 1784 et
2133 1735 2295 1784 tuam
2341 1723 2594 1779 animam
2646 1719 2706 1773 in
2763 1719 2924 1770 tanta
2973 1709 3128 1766 mala
3161 1704 3437 1777 injicias?
3469 1703 3679 1756 Beatus

2043 1823 2236 1874 autem
2275 1814 2496 1867 Varus:
2533 1813 2768 1872 Panem,
2804 1801 3016 1872 inquit,
3051 1797 3148 1870 qui
3181 1797 3250 1850 de
3281 1791 3423 1848 coelo
3454 1791 3686 1845 descen-

2043 1908 2148 1976 dit,
2181 1909 2236 1960 et
2265 1902 2530 1958 divinum
2562 1896 2800 1951 calicem
2835 1887 3064 1960 pretiosi
3115 1880 3420 1954 sanguinis
3468 1874 3682 1931 Christi

2044 1964 2274 2052 Domini
2307 1991 2420 2046 mei
2463 1985 2692 2060 praetuli
2720 1982 2839 2037 tuis
2878 1975 3198 2034 honoribus
3249 1977 3305 2026 et
3337 1964 3683 2039 stipendiis:

2045 2085 2284 2157 gloriam
2319 2055 2724 2151 quaa‘semper
2761 2071 2978 2134 manet,
3011 2066 3062 2121 ei
3093 2079 3217 2134 quas
3249 2060 3400 2127 ﬂuit,
3426 2061 3482 2113 et
3509 2055 3689 2110 vitam

2048 2191 2177 2245 quae
2209 2181 2514 2239 nunquam
2548 2141 2788 2228 desinit,
2819 2157 2869 2212 ei
2903 2155 2962 2210 in
3010 2165 3183 2224 quam
3219 2147 3374 2203 cadit
3420 2141 3694 2199 interitus

2049 2235 2106 2320 et
2135 2267 2225 2318 est
2253 2265 2324 2316 ad
2351 2235 2538 2313 breve
2566 2259 2817 2322 tempus.
2854 2251 3012 2300 Tunc
3046 2242 3226 2314 judex
3278 2241 3472 2308 aperte
3503 2235 3698 2287 osten-

2051 2355 2196 2408 dens
2251 2366 2313 2404 se
2361 2361 2491 2402 esse
2549 2342 2744 2399 animo
2795 2334 3230 2409 perturbatum,
3280 2323 3573 2397 aspiciens
3631 2317 3704 2374 ad

2053 2446 2307 2502 sanctos,
2336 2435 2622 2492 concitate
2675 2437 2730 2485 et
2779 2405 2986 2482 acerbe
3019 2420 3200 2477 dixit:
3233 2414 3426 2472 Testis
3455 2411 3532 2467 sit
3563 2405 3708 2464 mihi

2055 2533 2245 2588 virtus
2293 2525 2685 2583 maximorum
2731 2520 3001 2581 deorum,
3035 2509 3198 2566 vobis
3247 2505 3417 2578 prius
3455 2501 3712 2557 adimam

2055 2623 2114 2677 in
2176 2616 2343 2672 malis
2398 2615 2599 2675 vitam,
2657 2606 2758 2678 qui
2807 2620 2897 2660 me
2937 2601 3037 2656 tali
3087 2596 3278 2654 milite
3326 2586 3713 2663 privaveritis-

2061 2709 2174 2764 Hoc
2204 2705 2358 2762 enim
2393 2699 2570 2756 fuerit
2598 2677 2872 2759 vestrum,
2909 2693 2966 2744 et
2993 2703 3112 2742 non
3147 2681 3408 2740 alterius.
3440 2677 3716 2746 Martyres

2062 2803 2253 2853 autem
2301 2791 2480 2847 verba
2547 2787 2675 2856 ejus
2739 2776 3218 2838 nihilifacientes,
3277 2771 3559 2838 Exspecta
3615 2776 3722 2832 pa-

2067 2851 2328 2954 rumper,
2353 2851 2650 2942 dixerunt,
2685 2889 2717 2927 o
2743 2871 2942 2940 judex,
2987 2869 3045 2920 et
3081 2860 3304 2918 videbis
3361 2853 3562 2928 qualia
3603 2851 3722 2906 sint

2069 2941 2230 3028 arma
2259 2941 2440 3038 hujus
2471 2962 2693 3020 militias
2735 2959 2820 3013 Ad
2867 2953 3130 3012 ordinem
3179 2948 3335 3005 enim
3380 2941 3724 3015 angelorum

2072 3034 2371 3115 hominem
2403 3051 2782 3110 adduximus.
2817 3046 2934 3102 H00
2966 3043 3140 3108 dicto,
3167 3038 3266 3094 ille
3288 3034 3524 3107 quidem
3555 3044 3727 3085 cona-

1995 3106 2046 3174 Ο
2080 3149 2253 3202 batur
2300 3142 2649 3216 persuadere
2698 3135 2940 3201 sanctis,
2973 3135 3042 3186 ut
3074 3106 3493 3184 assentirentur
3522 3117 3728 3188 impie-

2081 3235 2211 3303 tati,
2243 3204 2497 3288 et‘rebus
2529 3225 2697 3281 vanis
2719 3222 2962 3278 offerent
2984 3213 3362 3278 sacriﬁcium,
3395 3210 3520 3279 ipse
3560 3204 3730 3276 plane

2085 3294 2271 3380 vanus
2300 3329 2356 3377 at
2412 3317 2680 3374 stolidus.
2717 3311 2807 3365 Illi
2865 3311 3060 3363 autem
3112 3319 3184 3357 ne
3239 3314 3437 3355 aurem
3489 3294 3727 3366 quidem

2085 3417 2212 3485 ejus
2263 3410 2451 3468 verbis
2493 3404 2834 3478 prabentes,
2877 3399 3072 3452 contra
3125 3391 3448 3448 referebant
3483 3403 3496 3441 :
3554 3403 3580 3434 α
3617 3379 3730 3446 Dii,

2087 3503 2187 3576 qui
2219 3501 2430 3558 ccslum
2481 3500 2536 3552 et
2563 3499 2794 3562 ,terram
2843 3503 2958 3542 non
3011 3483 3294 3544 fecerunt,
3326 3481 3561 3548 pereant
3593 3472 3610 3505 ί
3645 3469 3658 3523 l
3705 3489 3734 3518 ››

2089 3561 2226 3648 ῥοει
2283 3603 2430 3660 quos
2484 3561 2687 3639 beatus
2742 3577 2934 3632 Varus
2990 3573 3136 3627 iram
3179 3568 3365 3638 magis
3395 3561 3736 3628 accendens,

2087 3647 2522 3752 judici,.Quid,
2583 3668 2753 3734 dixit,
2811 3661 3032 3720 sanctis
3087 3656 3329 3722 exhibes
3388 3647 3740 3716 molestiam,

2093 3741 2285 3827 stulta.
2319 3741 2538 3829 dicens,
2572 3763 2629 3816 et
2673 3758 2742 3813 ad
2775 3752 2920 3811 nihil
2965 3748 3134 3806 utilia
3162 3747 3189 3802 ‘I
3217 3767 3245 3796 «
3277 3741 3506 3799 Stultus
3537 3741 3735 3794 autem

2093 3823 2269 3914 stulta
2317 3823 2584 3925 loquetur
2613 3846 2654 3900 ³.
2687 3864 2714 3896 ι
2762 3843 3028 3914 (Magnus
3059 3835 3240 3892 Isaias
3279 3832 3390 3886 hoc
3433 3826 3540 3883 tibi
3572 3823 3740 3894 dicit,

2094 3955 2152 4005 et
2182 3963 2292 4002 non
2327 3943 2452 4015 ego)
2481 3940 2652 4010 idque
2683 3949 2815 3990 cum
2847 3945 2955 3987 nec
2983 3943 3081 3984 eos
3136 3923 3372 3994 quidem
3417 3919 3622 3974 contra
3651 3912 3744 3966 in-

2094 4035 2267 4100 tueri,
2301 4013 2408 4088 ne‘c
2463 4044 2598 4085 cum
2659 4023 2742 4079 eis
2792 4019 3032 4076 omnino
3068 4013 3350 4091 conferre
3411 4015 3742 4061 sermonem

2097 4123 2258 4189 velis,
2290 4119 2378 4176 vel
2409 4117 2604 4189 potius
2638 4127 2752 4166 non
2783 4105 2993 4180 possis.

2168 4177 2568 4264 V.'Hzec.cum
2604 4199 2700 4255 ille
2731 4177 3040 4255 audiisset,
3070 4204 3187 4244 non
3235 4189 3459 4256 poterat
3492 4177 3746 4250 amplius

413 4241 490 4296 E'.
521 4239 743 4296 Τούτων
779 4233 1011 4293 ἀκούσας
1069 4229 1274 4290 ἐκεῖνος
1325 4227 1424 4281 οὒκ
1453 4221 1531 4279 ἔτι
1588 4220 1846 4285 καθεκτὸς
1901 4218 1990 4284 ἦν,

415 4267 490 4296 Β.
533 4267 743 4296 103va
779 4267 1010 4293 αηυυυυικ
1069 4267 1272 4290 smmum
1325 4267 1531 4281 ννη-..
1591 4267 1846 4285 ..πυ---ης
1910 4267 1936 4284 Ἰ

344 4329 488 4386 ἀλλᾶ
520 4330 695 4401 θυμοῦ
753 4323 1008 4383 πλείονος
1056 4314 1456 4385 πλθσθεὶς,ἐπὶ
1517 4309 1685 4380 ξύλου
1744 4308 1839 4380 μὲν
1897 4305 1950 4360 τὲ

2102 4296 2382 4364 cohiberi,
2413 4293 2514 4349 sed
2575 4289 2795 4358 majore
2853 4283 2938 4336 ira
2998 4279 3234 4350 plenus,
3275 4271 3453 4343 jussit
3509 4267 3747 4339 quidem

2101 4389 2148 4401 -ν
2354 4385 2365 4394 ·
2459 4380 2615 4401 ιε---
2669 4371 2972 4401 “mnum...
3031 4362 3225 4401 ονιηιιί
3293 4357 3521 4401 annlia
3558 4359 3747 4401 mntem

347 4357 488 4386 cum:
520 4357 695 4401 υυμυυ
753 4357 1006 4383 ἨιΛιιυνυι,
1063 4357 1338 4385 ιιιιυνυευη,
1371 4357 1456 4368 -.-ν
1517 4357 1683 4380 ηπ.--
1744 4357 1831 4380 Γ.-.
1911 4357 1950 4360 -_

347 4414 553 4478 Οῧαςον
595 4409 940 4487 μετεωρίζειν
999 4404 1233 4461 ἐκέλευε.
1278 4400 1416 4475 Πρός
1477 4397 1533 4454 δὲ
1595 4395 1724 4459 τοὺς
1779 4393 1950 4470 ἁγίους

2101 4389 2317 4444 Varum
2353 4385 2410 4438 in
2459 4380 2618 4451 ligno
2668 4357 2974 4431 sublimem
3031 4362 3250 4422 extolli.
3293 4357 3521 4415 Sanctis
3558 4359 3750 4410 autem

2060 4468 2080 4487 ἱ
2123 4479 2158 4487 ”
2207 4480 2238 4487 ’⁸
2317 4474 2369 4487 ’“’
2408 4472 2430 4487 ¹¹
2505 4485 2556 4487 η’
2612 4483 2632 4487 Α
2669 4465 2855 4487 -·“-⁸-⁴“
2894 4460 3206 4487 “nun-ni“:
3237 4445 3578 4487 nnnafnnﬁn.
3625 4440 3748 4487 nn]-

349 4440 553 4478 υυαςον
595 4440 940 4487 μετεωριμιιν
1000 4440 1233 4461 ικεοηερυι.
1278 4440 1415 4475 υνυς
1477 4440 1533 4454 νυ
1607 4440 1723 4459 μη..
1781 4440 1950 4470 ..Γ-ν,

349 4503 473 4561 Ἐάν
529 4509 628 4571 τῆς
709 4499 884 4571 ὑμῶν,
918 4495 1091 4564 εἶπεν,
1147 4491 1442 4550 ἔνο-τάσεως
1479 4487 1726 4557 ἡττηθῶ,
1783 4475 1950 4555 ἕξαρνι

2060 4468 2284 4536 )dixit:
2316 4474 2375 4529 Si
2407 4472 2564 4526 fuero
2609 4483 2642 4522 a
2669 4465 2862 4519 vestra
2893 4460 3207 4530 superatus
3237 4445 3584 4512 constantia,
3625 4440 3748 4497 cul-

2581 4557 2596 4571 ¹
2765 4569 2796 4571 ⁷-
2862 4547 3092 4571 --υ-ε-Α
3129 4538 3426 4571 ηικνιηηηιῑπι
3491 4534 3634 4571 Arion
3664 4545 3748 4571 rna

369 4534 473 4561 ωιν
529 4534 627 4571 “is
709 4534 884 4571 υμωνν
918 4534 1091 4564 ww";
1147 4534 1441 4550 ε-ν--η-νυτ
1486 4534 1726 4557 -ι---ι-πι
1787 4534 1892 4555 -τνικ

351 4593 566 4652 πάντως
617 4588 708 4644 καὶ
754 4594 855 4656 τῆς
905 4589 1010 4640 τῶν
1061 4585 1194 4638 θεῶν
1236 4576 1428 4652 ἔσομαι
1473 4575 1744 4651 λατρείας.
1805 4571 1950 4628 Οὕτω

2108 4576 2232 4626 tum
2285 4576 2518 4636 quoque
2565 4557 2804 4612 deorum
2856 4547 3094 4605 omnino
3127 4538 3446 4612 abnegabo.
3482 4534 3634 4588 Adeo
3664 4545 3754 4585 res

2550 4646 2562 4656 '
2716 4645 2725 4656 -
2817 4638 2999 4656 νκξικ-
3062 4637 3111 4656 ,ι
3171 4647 3296 4656 ,...,,.,
3354 4639 3499 4656 “nan
3565 4619 3753 4656 ηνσηη

355 4619 565 4652 παντως
619 4619 708 4644 και
754 4619 854 4656 Ὶιιμ,
915 4619 1010 4640 νων
1063 4619 1194 4638 υῡωι
1236 4619 1428 4652 caurum
1476 4619 1744 4651 ιιυιυΓυ--Ίι
1810 4619 1950 4628 ν--ν

355 4680 582 4755 ἰσχυρόν
641 4699 693 4733 τι
751 4678 844 4730 καὶ
896 4672 1162 4747 αὐστηρὸν
1221 4673 1257 4740 ἡ
1295 4663 1668 4738 ἂλήθεια,καὶ
1725 4661 1950 4725 ἀσθένεια

2109 4655 2291 4714 valida
2339 4659 2392 4707 et
2450 4646 2598 4704 acris
2647 4645 2734 4698 est
2791 4638 3025 4701 veritas,
3058 4637 3114 4688 et
3168 4647 3298 4701 qua:
3354 4639 3500 4695 saepe
3563 4619 3755 4690 arguit

2193 4746 2203 4755 '
2276 4742 2288 4754 '
2346 4741 2358 4754 '
2431 4733 2800 4755 '~—!“!L-I-M
2864 4726 2956 4755 καὶ
3024 4737 3134 4755 nnn
3197 4721 3380 4755 nnincl
3440 4713 3564 4755 nil‘lﬂ
3609 4709 3755 4755 ferre

358 4709 582 4755 ισχυρυν
641 4709 693 4733 ἰι
755 4709 844 4730 λιιι
896 4709 1162 4747 ιιιυυυηιυν
1229 4709 1257 4740 1⁸
1295 4709 1548 4738 υιιὶιιυυιυι,
1580 4709 1668 4720 η...
1725 4709 1950 4725 ..-υνυς

355 4769 629 4829 πολλάκις
670 4765 954 4840 διελέγχον
1000 4765 1206 4837 ψυχῆς,
1237 4759 1416 4839 φερειν
1477 4756 1646 4824 αὐτῆς
1710 4753 1810 4822 τήν
1848 4747 1950 4804 ἐλει

2113 4742 2294 4802 animi
2343 4733 2829 4796 imbecillitatem,
2863 4726 2958 4797 qui
3024 4737 3138 4777 non
3197 4721 3384 4790 potest
3440 4713 3564 4782 ejus
3609 4709 3756 4764 ferre

2111 4835 2167 4840 ”’
2267 4837 2275 4840 ’
2327 4835 2336 4840 ’
2493 4825 2547 4840 ⁸⁸
2612 4823 2622 4834 ⁹
2666 4821 2701 4840 ¹³
2758 4826 2948 4840 *ηιί--σ-
3004 4813 3288 4840 Maii-mna
3345 4799 3633 4840 mvnnrire_
3668 4795 3755 4840 di-

359 4795 629 4829 πΟΛΛακις
670 4795 954 4840 οιεΛιγλυν
1001 4795 1206 4837 ψυχης,
1237 4795 1415 4839 γεμεθ’
1477 4795 1644 4824 uua.“
1723 4795 1806 4822 ..μ
1849 4795 1950 4804 -.ι-ς

359 4857 536 4933 θερίαν
597 4855 659 4911 ού
735 4851 1056 4928 δυναμένης.
1086 4851 1156 4908 Οἱ
1213 4847 1269 4903 δὲ
1311 4851 1408 4902 τοῦ
1438 4846 1679 4921 Χριστοῦ
1715 4841 1950 4916 μάρτυρε

2111 4835 2458 4891 libertatem.
2491 4821 2704 4880 Christi
2757 4826 2950 4873 autem
3004 4813 3314 4880 martyres,
3345 4799 3636 4872 Experire,
3668 4795 3755 4852 di-

2303 4926 2312 4933 '
2373 4919 2384 4930 '
2478 4915 2492 4933 ‘
2529 4929 2582 4933 λμ
2620 4913 2812 4933 -Α-ι-η
2867 4905 3038 4933 rnatum
3073 4898 3203 4933 nnid
3253 4892 3442 4933 nnuniﬂ
3476 4907 3488 4933 ξ
3523 4886 3652 4933 91ῇί
3686 4900 3754 4933 eo

359 4886 536 4933 θερίαν
597 4886 659 4911 ου
735 4886 1056 4928 υυνῑιμινψι..
1086 4886 1156 4908 us
1213 4886 1269 4903 υς.
1322 4886 1408 4902 ινυ
1439 4886 1678 4921 “rw-va
1715 4886 1948 4916 Γ--Γ--Γ-

359 4947 665 5020 Δοκίμασόν
727 4965 822 4998 σου
877 4941 1014 5003 τέως
1055 4940 1154 5008 τὴν
1197 4933 1528 5006 δυναστείαν,
1571 4932 1870 5008 εἰρήκασιν,
1917 4925 1950 4981 ἐ·

2115 4926 2342 4988 xerunt,
2372 4919 2430 4973 in
2478 4915 2588 4970 hoc
2620 4913 2814 4966 nostro
2867 4905 3040 4958 fratre
3073 4898 3206 4970 quid
3253 4892 3442 4966 possis
3476 4907 3490 4956 ;
3523 4896 3576 4943 et
3605 4886 3654 4940 si
3686 4900 3754 4940 eo

2124 5015 2140 5020 -
2247 5011 2259 5020 ·
2522 5003 2604 5020 L—
2663 4991 2924 5020 r-..-..-..:..
2983 4995 3038 5020 ιιι
3102 4999 3302 5020 unm-nn
3355 4978 3412 5020 in
3463 4975 3633 5020 nnhia
3663 4988 3753 5020 res

359 4975 665 5020 Δοκιμασυν
727 4975 822 4998 συυ
877 4975 1014 5003 'Lewg
1055 4975 1154 5008 ιαμ
1197 4975 1528 5006 νυνυιυυειυη,
1571 4975 1870 5008 “Tun--.”
1918 4975 2005 4981 -.--
2115 4975 2202 4980 ___
2225 4975 2291 4977 ,η
2328 4975 2341 4988 1

356 5035 452 5094 τοῖ’)
484 5035 752 5110 παρόντος
783 5035 946 5106 ἡμῶν
979 5027 1218 5104 ἀδελφοῦ
1252 5046 1264 5059 ·
1297 5025 1390 5080 καὶ
1421 5022 1536 5099 εἷ’γε
1573 5022 1771 5077 τούτου
1825 5015 2010 5090 κρείτ·
2119 5011 2295 5070 fueris
2341 5003 2606 5075 superior
2663 4991 2948 5062 fortassis,
2983 4995 3043 5043 ut
3101 4999 3324 5056 speras,
3355 4978 3416 5033 in
3463 4975 3595 5032 nobi

1954 5103 1966 5110 .
2482 5099 2490 5110 .
2517 5109 2525 5110 ,
2570 5085 2832 5110 __-_--.:I,.a
2899 5081 2970 5110 AA
3015 5077 3135 5110 Ἀωη
3167 5071 3335 5110 inrita:
3369 5083 3498 5110 num
3534 5080 3595 5110 an

359 5147 466 5183 των
519 5125 713 5201 ὀφθῇς,
753 5103 878 5178 τότε
914 5119 1060 5194 τάχα
1121 5103 1212 5171 καὶ
1267 5114 1346 5190 ἐφ’
1398 5114 1545 5184 ἡμᾶς
1597 5109 1855 5184 χρηστῶν
1913 5103 2012 5158 οὐκ

361 5217 684 5289 ἀμοῖρήσεις
757 5209 1014 5268 ἐλπίδων.
1075 5207 1215 5281 Πρὸς
1275 5207 1442 5259 ταῦτα
1500 5203 1528 5256 6
1594 5197 1851 5266 δικαστὴς
1898 5198 2012 5254 τοῖς

365 5309 460 5384 μὲν
515 5305 694 5381 ἁγίοις
741 5305 807 5358 τά
875 5299 1245 5379 χαλεπώτατα
1310 5289 1637 5360 ἀπειλήσαν,
1683 5290 1782 5342 τοῦ
1848 5281 2012 5353 ξύλου

362 5401 758 5470 κατενεχθῆναι
813 5388 1135 5466 προστάττει
1188 5385 1280 5438 τὸν
1340 5379 1584 5456 μάρτυρα
1616 5396 1629 5410 ·
1688 5376 1779 5430 καὶ
1837 5373 2019 5445 ὥσπερ
2079 5371 2202 5444 συχ’

2124 5244 2256 5335 duci
2302 5275 2654 5342 martyrem:
2688 5271 2742 5318 et
2793 5256 3030 5332 perinde
3077 5268 3143 5308 ac
3175 5250 3224 5305 si
3255 5244 3610 5304 existimaret
3639 5253 3756 5294 non

2253 5361 2440 5432 ἱκανὴν
2491 5352 2716 5429 νομίσας
2763 5347 2898 5420 πρὸς
2940 5343 3189 5396 τοιοῦτον
3237 5333 3440 5410 εὐγενὲς
3478 5325 3758 5410 φρόνημα,

446 5569 705 5626 ιᾶετοω.
737 5581 794 5635 x,
826 5563 912 5618 11.
944 5561 965 5596 ³
997 5559 1106 5617 Isa.
1137 5570 1312 5614 xxxii.
1341 5553 1396 5608 6.
