4128 6274
469 310 615 368 1147

1805 311 2101 373 MENSIS
2145 311 2523 372 OCTOBER.

3713 301 3888 362 1148

460 468 726 523 sufﬁcere
764 467 868 524 hoc
898 467 1249 542 supplicium
1286 470 1568 526 adversus
1599 473 1720 526 tam
1751 484 2086 542 generosum

2208 469 2298 523 καὶ
2354 465 2695 540 παρασκευὴν
2755 465 2943 540 ὡυχῆς
3009 461 3108 530 τὴν
3164 459 3393 515 κόλασιν
3439 458 3640 529 ταύτην
3671 459 3881 530 ἱμᾶσιν

458 560 515 610 et
545 561 664 611 tam
693 557 838 612 bene
870 557 1221 613 instructum
1245 559 1725 629 animum,jussit
1745 563 1809 614 ut
1827 569 2100 616 extensus

455 643 618 713 loris,
669 646 729 700 in
778 650 930 700 terra
985 648 1300 702 caederetur
1364 648 1695 714 crudeliter,
1729 648 1941 705 deinde
2000 666 2102 720 per

459 738 711 803 quatuor
758 733 911 788 viros
952 736 1227 802 tractum,
1261 735 1472 790 validis
1529 736 1708 792 clavis
1766 737 1988 792 conteri
2044 742 2102 792 et

457 820 766 892 confringi.
801 821 950 876 Forti
982 837 1118 894 ergo
1148 829 1205 878 et
1252 840 1536 895 generoso
1571 825 1764 882 animo
1799 826 1917 881 haec
1951 827 2102 883 mala

460 908 649 964 ferens
696 908 931 976 athleta,
993 910 1066 966 ad
1121 917 1357 969 sanctos
1405 916 1680 971 omnibus
1726 917 2102 972 audientibus

458 1012 769 1053 conversus
795 1013 807 1052 :
834 999 1162 1056 Benedicitc
1183 1001 1399 1058 famulo
1430 1008 1642 1071 vestro,
1667 1005 1851 1060 sancti
1885 1010 2100 1075 patres,

458 1085 668 1156 inquit,
721 1086 1062 1144 benedicite.
1116 1089 1351 1162 Rogate,
1403 1100 1465 1146 ut
1499 1093 1639 1147 mihi
1685 1093 1836 1150 vires
1888 1095 2102 1150 conﬁr-

460 1179 692 1230 mentur
740 1192 772 1231 a
821 1176 1090 1244 Domino,
1123 1185 1180 1233 et
1230 1196 1322 1235 me
1370 1181 1495 1250 ejus
1527 1181 1760 1238 dexlera
1792 1184 2100 1254 suscipiat.

454 1262 623 1317 Novit
653 1265 805 1318 enim
842 1263 1155 1321 humanam
1192 1267 1672 1339 imbecillitatem,
1695 1271 1795 1342 qui
1818 1288 1946 1327 eam
1980 1273 2104 1342 ipse

458 1367 693 1422 quoque
723 1361 945 1423 gestare
977 1353 1174 1420 voluit,
1208 1360 1264 1410 et
1294 1356 1479 1412 dixit:
1517 1377 1542 1410 α
1577 1359 1828 1430 Spiritus
1867 1361 2100 1430 quidem

457 1447 772 1511 promptus
826 1449 932 1510 est,
965 1459 1094 1498 caro
1126 1448 1317 1500 autem
1369 1447 1604 1502 inﬁrma
1632 1447 1676 1502 ³.
1712 1470 1740 1499 ››
1770 1450 1963 1506 Sancti
1994 1451 2102 1522 igi-

457 1535 574 1598 tur,
629 1551 760 1590 cum
821 1535 1022 1592 oculos
1079 1537 1135 1591 in
1197 1538 1407 1594 ccelum
1468 1541 1873 1612 sustulissent,
1928 1543 2101 1609 Deus,

458 1621 748 1692 dixerunt,
781 1625 936 1680 Deus
965 1625 1254 1693 virtutum,
1286 1628 1409 1698 ipse
1439 1629 1665 1686 emittet
1694 1630 1799 1685 tibi
1829 1631 2100 1687 virtutem

454 1724 523 1764 ex
555 1710 694 1779 alto,
726 1717 783 1767 et
813 1714 989 1782 capiti
1021 1719 1122 1770 tuo
1153 1716 1413 1787 imponet
1442 1716 1662 1788 galeam
1696 1719 1920 1786 salutis,
1954 1724 2012 1776 et
2045 1725 2100 1776 te

450 1798 652 1856 induet
681 1803 1048 1860 vestimentis
1100 1804 1360 1861 ultionis.
1395 1809 1602 1865 Manus
1642 1808 1801 1865 illius
1833 1811 2100 1866 defendet

450 1891 528 1957 te,
561 1893 617 1944 et
649 1889 949 1947 brachium
985 1897 1041 1948 te
1091 1896 1506 1967 corroborabit,
1538 1901 1596 1953 et
1626 1897 1928 1970 praeclaras
1959 1917 2099 1970 prae-

451 1974 614 2032 bebit
635 1977 907 2035 victorias
929 1989 1132 2037 contra
1155 1983 1572 2040 adversarium.
1605 2007 1633 2035 α
1658 1987 1913 2058 Exsurge
1935 2003 2095 2059 ergo,

454 2079 720 2135 exsurge,
753 2067 992 2125 induere
1044 2071 1383 2128 fortitudine
1430 2073 1650 2130 brachii
1707 2076 1792 2130 tui
1824 2075 1865 2142 4,
1903 2097 1929 2125 n
1991 2076 2096 2131 hoc

455 2153 687 2210 discens
721 2173 754 2210 a
784 2157 977 2212 divina
1007 2159 1329 2230 Scriptura,
1360 2166 1417 2217 et
1446 2164 1634 2219 sciens
1667 2165 1856 2234 qualis
1888 2166 1958 2220 ab
1977 2165 2094 2221 alto

453 2241 606 2296 adsit
637 2243 799 2299 nobis
820 2246 1070 2316 adjutor,
1105 2252 1162 2304 et
1192 2250 1455 2320 qualium
1486 2252 1769 2308 bonorum
1805 2255 2094 2326 perceptio

450 2345 548 2386 eos
594 2340 806 2398 manet,
859 2336 960 2405 qui
1015 2343 1248 2408 propter
1305 2339 1466 2394 illum
1517 2341 1636 2396 haec
1678 2343 1797 2414 pati
1832 2343 2098 2400 lubenter

447 2419 771 2478 voluerunt.
807 2423 1022 2495 Martyr
1049 2430 1248 2482 autem
1281 2427 1497 2485 Christi
1529 2447 1662 2486 cum
1715 2431 1934 2488 interea
1968 2450 2091 2487 ver-

450 2508 768 2577 beraretur,
797 2516 853 2566 et
883 2515 1313 2584 quodammodo
1372 2519 1612 2575 sentiret
1642 2537 1874 2575 manum
1923 2537 2090 2591 Opem

451 2609 482 2647 e
513 2595 655 2650 coelo
689 2597 992 2665 ferentem,
1025 2601 1085 2655 in
1119 2603 1499 2661 exsultatione
1540 2607 1746 2662 animae
1780 2608 1926 2662 dixit
1956 2626 2091 2663 san-

451 2683 559 2738 ctis
585 2700 596 2736 :
623 2684 789 2739 Nulla
812 2693 1044 2758 propter
1066 2705 1154 2745 me
1179 2692 1412 2747 tristitia
1443 2694 1646 2750 subeat
1676 2696 1848 2750 corda
1877 2701 2090 2754 vestra.

450 2771 594 2827 Ecce
641 2774 798 2829 enim
845 2781 1049 2831 vestrae
1099 2795 1315 2849 preces,
1348 2797 1473 2852 quae
1506 2783 1622 2838 Deo
1653 2790 2088 2857 persuaserunt,

448 2875 654 2929 aspera
701 2865 990 2920 tormenta
1037 2867 1212 2936 plana
1259 2869 1574 2926 effecerunt
1604 2879 1656 2928 et
1685 2873 1852 2944 levia,
1886 2878 1942 2930 et
1973 2892 2094 2932 mo-

443 2946 675 3004 lestiam
724 2956 1030 3009 mutarunt
1076 2956 1132 3010 in
1187 2959 1622 3032 recreationem,
1670 2963 1812 3019 adeo
1868 2969 1931 3020 ut
1988 2981 2090 3021 nec

441 3036 642 3107 plagas
670 3040 904 3110 quidem
937 3045 1211 3102 sentiam.

518 3126 611 3180 VI.
646 3131 782 3183 Post
813 3129 935 3186 haec
969 3148 1169 3190 rursus
1200 3150 1506 3208 aggressus
1535 3143 1620 3195 est
1649 3147 1928 3213 tyrannus
1958 3160 2086 3214 per-

2207 557 2384 629 ὠμοῖς
2434 551 2535 633 ἔφη
2585 552 2721 608 κατᾶ
2761 559 2865 628 γῆς
2910 550 3134 605 ταθέντα
3185 550 3556 624 μαστίζεσθαι,
3603 548 3720 603 εἶτα
3785 544 3882 600 διὰ

2202 645 2474 718 τεσσάρων
2524 642 2818 715 ἑλκόμενον
2853 637 3119 715 ῥοπάλοις
3167 636 3356 712 ἁδροῖς
3415 636 3744 692 συνθλᾶσθαι
3780 635 3881 690 καὶ

2203 728 2640 808 κατατρίϐεσθαι.
2675 731 2938 792 Γενναίως
2983 727 3074 784 οῦν
3141 728 3208 784 τὰ
3258 727 3402 783 δεινά
3455 732 3623 782 ταῦτα
3682 727 3876 805 φέρων

2206 825 2234 878 6
2267 822 2513 893 ἀθλητής
2545 821 2678 895 πρὸς
2707 819 2833 881 τοὺς
2880 819 3066 894 ἁγίους
3110 816 3164 872 ἐν
3205 816 3428 887 ἐπηκόω
3482 817 3697 870 πάντων
3754 815 3877 870 ἐπι-

2206 911 2481 989 στραφεὶς,
2504 909 2854 984 Εὐλογήσατε
2882 908 2976 962 τὸν
3003 904 3198 961 δοῦλον
3233 908 3405 978 ὑμῶν,
3437 907 3664 980 πατέρες
3698 905 3869 979 ἅγιοι,

2206 1001 2391 1075 φησίν,
2432 999 2766 1075 εὐλυγῆσατε
2798 1017 2811 1029 ·
2846 993 3061 1066 εὔξασθε
3103 997 3249 1069 παρά
3306 995 3504 1069 Κυρίου
3545 991 3870 1065 ἐνδυναμω-

2207 1063 2372 1160 ὁῆναί
2439 1110 2505 1162 με
2561 1089 2652 1143 καὶ
2701 1081 3087 1150 ἀντιλαϐέσθαι
3122 1106 3227 1159 μου
3277 1086 3374 1153 τήν
3435 1085 3604 1139 αὐτοῦ
3664 1081 3866 1153 δεξιάν.

2204 1177 2334 1236 Οιδε
2386 1179 2491 1252 γάρ
2556 1177 2716 1238 αὐτὸς
2774 1177 2872 1245 τὴν
2929 1173 3279 1248 ’ἀνθρωπίνην
3334 1171 3628 1243 ἀσθένειαν,
3684 1173 3712 1226 6
3774 1172 3866 1225 καί

2206 1267 2427 1343 φορέσαι
2455 1266 2657 1337 ταύτην
2688 1262 3135 1337 καταδεξάμενος,
3170 1264 3259 1317 καὶ
3301 1261 3465 1316 εἰπὼν
3491 1263 3573 1315 ὅτι
3609 1285 3638 1313 ι(
3665 1261 3738 1314 Τὸ
3772 1261 3868 1334 μὶν

2206 1330 2418 1429 πνεῦμα
2445 1330 2746 1429 πρόθυμον,
2778 1357 2812 1422 ἡ
2843 1330 3054 1427 δὲ’ςέδιρξ
3087 1352 3331 1421 ἀσθενής.
3353 1376 3374 1402 ι.
3408 1350 3474 1408 οι
3512 1347 3568 1405 δὲ
3608 1330 3869 1424 ἅγιοι,τᾶ

2209 1445 2432 1517 ὒμματα
2462 1444 2536 1505 εἷς
2597 1442 2860 1517 οὐρανοὺς
2906 1440 3291 1508 ἀνατείναντες,
3325 1441 3385 1497 Ὀ
3433 1440 3585 1506 Θεὸς,
3619 1440 3797 1508 εἶπον,
3839 1440 3867 1493 ὁ

2209 1534 2336 1594 Θεὸς
2377 1537 2486 1588 τῶν
2530 1530 2834 1605 δυνάμεων,
2873 1529 3032 1593 αὐτὸς
3081 1528 3426 1602 ἔξαποστελεῖ
3474 1549 3558 1583 σοι
3619 1526 3856 1600 δόναμιν

2207 1620 2254 1691 ἐξ
2314 1621 2503 1695 ὕψους,
2561 1620 2650 1674 καὶ
2707 1621 2988 1694 περιθήσει
3022 1617 3109 1672 ἐπὶ
3157 1619 3256 1688 τήν
3297 1616 3539 1694 κεφαλήν
3604 1637 3702 1671 σου
3769 1637 3867 1670 πε-

2208 1710 2558 1785 ρικεφαλαίαν
2605 1708 2902 1783 σωτηρίου,
2957 1707 3046 1762 καὶ
3101 1707 3322 1780 ἱμάτιον
3375 1705 3706 1776 ἐκδικήσεως
3762 1725 3861 1760 πε-

2130 1833 2182 1898 B
2209 1795 2427 1874 ριϐαλεῖ
2465 1819 2544 1868 σε,
2576 1800 2636 1855 ἹΙ
2690 1800 2812 1873 χεὶρ
2876 1797 3080 1851 ἐκείνου
3130 1795 3582 1898 συναντιλήψεταί
3625 1815 3734 1865 σοι,
3769 1793 3863 1898 καί

2209 1890 2236 1943 ὁ
2285 1889 2533 1964 βραχίων
2587 1887 2924 1962 κᾶτισχύσει,
2975 1886 3203 1962 λαμπρά
3267 1905 3325 1940 τε
3381 1885 3662 1958 παράσχοι
3720 1885 3862 1938 κατά

2207 1981 2300 2032 τοῦ
2332 1978 2701 2048 ἀντικειμένου
2728 1977 2793 2031 τὰ
2824 1977 3136 2050 νικητήρια.
3154 1999 3184 2028 ‹‹
3207 1974 3514 2050 Ἐξεγείρου
3539 1978 3858 2048 τοιγαροῦν,

2206 2065 2495 2142 ἐξεγείρου,
2527 2064 2738 2120 ἔνδυσαι
2767 2067 2867 2134 τήν
2901 2065 3060 2139 ἰσχὺν
3089 2068 3185 2118 τοῦ
3220 2063 3514 2138 βραχίονός
3547 2083 3643 2117 σου
3664 2085 3690 2117 ι
3715 2062 3861 2135 παρᾶ

2203 2161 2302 2223 τῆς
2351 2154 2494 2218 θείας
2552 2160 2712 2211 τοῦτο
2771 2161 2988 2233 Γραφῆς
3056 2151 3468 2225 διδασκόμενος,
3526 2151 3616 2206 καὶ
3675 2148 3856 2220 εἰδὼς,

2206 2245 2325 2306 οἷος
2360 2246 2493 2316 ἡμῖν
2532 2242 2728 2308 ἄνωθεν
2771 2243 3092 2319 παρίσταται
3149 2245 3374 2317 βοηθος,
3416 2241 3503 2296 καὶ
3558 2239 3690 2294 οἷ’ων
3729 2241 3858 2314 ἀγα-

2205 2337 2312 2397 θῶν
2401 2332 2703 2396 ἀπόλαυσις
2766 2333 3040 2406 περιμένει
3106 2331 3232 2393 τοὺς
3295 2329 3362 2385 δι’
3422 2329 3626 2385 ἐκεῖνον
3691 2333 3859 2383 ταῦτα

2201 2423 2436 2499 πάσχειν
2495 2423 2934 2497 προῃρημένους.
2975 2423 3038 2478 Ὁ
3088 2418 3144 2476 δὲ
3197 2425 3295 2475 τοῦ
3352 2422 3588 2495 Χριστοῦ
3650 2417 3858 2490 μάρτυς

2201 2509 2252 2564 ἐν
2309 2511 2553 2582 τοσούτῳ
2591 2511 2947 2583 τυπτόμενος,
2978 2509 3068 2564 καὶ
3117 2508 3300 2582 ὥσπερ
3353 2508 3673 2580 αἷσθόμενος
3716 2506 3856 2560 ἄνω-

2200 2601 2284 2654 θεν
2328 2600 2518 2674 χειρὸς
2570 2595 2995 2671 ἐπιϐοηθούσης,
3028 2597 3080 2653 ἐν
3133 2597 3450 2672 ἀγαλλιάσει
3510 2601 3702 2671 ψυχῆς
3753 2590 3853 2674 ἔφη

2199 2691 2334 2765 πρὸς
2360 2693 2488 2754 rei):
2520 2692 2707 2768 ἁγίους
2742 2712 2753 2724 '
2795 2689 3060 2764 Μηδεμία
3102 2690 3251 2759 λύπη
3283 2691 3376 2754 τας
3427 2691 3577 2764 ὑμῶν
3620 2689 3856 2761 ὑποτρε-

2198 2781 2345 2855 χὲτω
2393 2778 2643 2855 καρδίας,
2679 2783 2842 2860 χάριν
2883 2784 3042 2854 ἡμῶν
3075 2799 3088 2812 ·
3134 2780 3251 2836 ἰδοὺ
3312 2781 3416 2856 γὰρ
3485 2781 3519 2847 ἡ
3565 2778 3850 2843 θεοπειθής

2201 2869 2352 2940 ὑμῶν
2383 2869 2547 2945 εὐχὴ,
2578 2872 2640 2925 τὸ
2679 2869 2856 2945 τραχὺ
2900 2874 3008 2926 τῶν
3059 2872 3305 2945 βασάνων
3356 2869 3433 2932 εἷς
3491 2865 3728 2940 ὁμαλὸν,
3779 2864 3853 2928 sic

2194 2957 2257 3011 16
2307 2956 2512 3012 λυποῦν
2562 2958 2637 3020 εἷς
2684 2955 2853 3012 ἄνεσιν
2905 2961 3272 3032 μετεσκεύασε,
3315 2958 3403 3012 καὶ
3433 2959 3702 3011 τοσοῦτον
3739 2952 3846 3026 ὅσῳ

2201 3044 2341 3120 μηδὲ
2371 3046 2606 3123 πληγῶν
2637 3049 2786 3120 ἡμᾶς
2819 3047 3242 3106 ἐπαισθάνεσθαι.

2269 3136 2331 3198 ς’.
2382 3137 2459 3191 Τὸ
2517 3135 2650 3209 μετὰ
2705 3141 2874 3192 ταῦτα
2930 3138 3131 3192 πείθειν
3187 3139 3214 3193 ὁ
3269 3140 3526 3215 τύραννος
3575 3145 3847 3228 ἐπεχείρει

451 3216 718 3282 suadere,
751 3224 803 3271 et
834 3219 1106 3277 athletam
1132 3196 1423 3282 attrahere
1452 3229 1519 3283 ad
1545 3196 2086 3301 negandumjvbrona

2282 3196 2292 3198 _
2517 3196 2528 3209 ,
3340 3196 3348 3215 .
3476 3196 3523 3206 η
3577 3196 3847 3228 παπ-,ην

2195 3222 2382 3295 πάλίν,
2415 3225 2505 3279 καὶ
2561 3226 2698 3299 πρὸς
2757 3223 2979 3302 ἄρνησιν
3036 3225 3185 3282 εἷλκε
3232 3229 3322 3283 τὸν
3363 3230 3634 3306 ἀθλητήν,
3670 3239 3848 3314 ἀγαθά

443 3303 495 3358 ei
528 3303 830 3374 pollicens,
865 3311 921 3363 et
951 3307 1157 3367 horum
1192 3311 1472 3387 ipsorum,
1497 3333 1622 3388 quae
1645 3321 1945 3390 sustinuit,
1969 3326 2088 3377 tor-

443 3397 792 3461 mentorum,
830 3413 944 3452 non
975 3398 1034 3454 in
1068 3399 1258 3469 illum,
1285 3405 1384 3459 sed
1419 3405 1477 3460 in
1511 3407 1657 3464 alios
1689 3409 1904 3465 Christi
1940 3427 2088 3466 mar-

439 3484 594 3550 tyres
618 3483 847 3553 culpam
871 3488 1192 3545 conferens.
1219 3491 1533 3564 Postquam
1567 3500 1760 3552 autem
1785 3497 1926 3554 vidit
1957 3516 2087 3556 san-

441 3573 602 3625 ctum
633 3572 844 3630 callida
873 3575 1032 3632 illius
1063 3579 1298 3636 inventa
1323 3584 1573 3655 amplius
1605 3586 1967 3657 irridentem,
1999 3591 2086 3648 ira

438 3659 624 3729 magis
678 3667 1168 3737 accensus,jubet
1199 3672 1412 3727 Varum
1455 3691 1655 3731 rursus
1686 3679 1975 3750 suspendi
2022 3680 2082 3736 in

438 3745 600 3818 ligno
645 3758 977 3821 comparato
1036 3757 1107 3810 ad
1165 3763 1580 3830 torquendum,
1612 3772 1664 3818 et
1696 3745 1829 3821 eum
1880 3769 2081 3825 ferreis

440 3835 691 3909 discerpi
724 3840 981 3911 ungulis.
1015 3842 1159 3898 Cum
1191 3852 1387 3902 autem
1423 3852 1681 3921 martyri,
1713 3853 1852 3910 dum
1894 3859 2083 3913 caede:

439 3929 602 3978 retur
631 3942 864 3998 corpus,
898 3927 1162 3998 plurimae
1194 3949 1396 3990 carnes
1428 3937 1486 3990 in
1530 3941 1743 3995 terram
1787 3944 2076 4013 caderent,

439 4016 497 4066 et
525 4011 686 4070 illius
720 4017 1004 4088 sanguine
1037 4020 1226 4076 solum
1276 4030 1701 4096 cruentaretur,
1736 4030 1922 4087 bonus
1951 4011 2080 4104 qui;

435 4100 566 4156 dem
597 4101 802 4192 Yarus,
834 4109 1116 4179 tanquam
1163 4112 1308 4167 nihil
1354 4114 1604 4186 patiens,
1637 4123 1758 4174 erat
1804 4100 2076 4192 quietus:

437 4190 661 4246 sanctis
693 4198 885 4250 autem
919 4198 1170 4268 graviter
1200 4202 1438 4260 aﬂectus
1469 4213 1585 4261 erat
1617 4190 1865 4277 animus,
1898 4215 1953 4267 et
1982 4228 2078 4268 eo-

430 4295 561 4334 rum
594 4281 815 4340 viscera
857 4285 1234 4346 laniabantur
1264 4298 1495 4367 pr0pter
1527 4298 1708 4353 animi
1741 4302 2079 4359 consensio-

429 4383 585 4423 nem.
614 4371 735 4426 Non
756 4373 1001 4431 ferentes
1024 4378 1220 4449 itaque
1238 4382 1448 4449 judicis
1471 4385 1900 4443 crudelitatem:
1927 4390 2073 4454 Quid

428 4470 562 4510 vero
622 4475 734 4513 non
783 4461 1083 4533 intelligis,
1118 4467 1414 4536 inquiunt,
1447 4487 1479 4526 ο
1510 4475 1597 4540 tu,
1629 4475 1715 4530 vel
1749 4476 1887 4531 feris
1928 4478 2072 4548 ipsis

2197 3313 2650 3386 ὑπισχνούμενος,
2699 3313 2790 3368 καὶ
2830 3315 3004 3369 αὐτῶν
3052 3317 3124 3370 ῶν
3171 3317 3303 3394 ἄχρι
3349 3326 3446 3376 τοῦ
3493 3329 3581 3378 νῦν
3643 3327 3844 3400 ὑπέστη

2197 3401 2462 3476 βασάνων,
2507 3403 2607 3457 οὐκ
2644 3402 2869 3474 ἐκεῖνον,
2921 3403 3065 3460 ἀλλὰ
3112 3408 3239 3469 τοὺς
3277 3414 3373 3464 τοῦ
3421 3413 3656 3487 Χριστοῦ
3710 3421 3849 3492 μάρ-

2190 3510 2353 3565 τυρας
2383 3491 2732 3564 αἰτιώμενος.
2765 3493 2855 3554 Ὧς
2887 3490 2944 3548 δὲ
2984 3495 3126 3568 ἑώρα
3163 3497 3256 3550 τὸν
3308 3499 3458 3575 ἅγιον
3514 3500 3848 3579 διαγελῶντα

2193 3580 2406 3652 μᾶλλον
2455 3581 2615 3636 αὐτὸν
2664 3589 2765 3652 τῆς
2805 3581 3044 3638 ἐπινοίας
3094 3586 3184 3640 καὶ
3233 3591 3328 3642 τοῦ
3372 3590 3730 3668 σοφίσματος.
3765 3595 3845 3651 ἔτι

2187 3669 2411 3726 πλείονα
2458 3672 2549 3725 τὸν
2610 3672 2781 3746 θυμὸν
2851 3672 3136 3745 ἐκκαύσας,
3169 3681 3249 3748 τῷ
3305 3677 3656 3756 κολαστηρίῳ
3699 3685 3846 3757 ξύλῳ

2187 3761 2273 3813 καὶ
2331 3757 2482 3822 αὖθις
2556 3759 2922 3835 ἀναρτηθῆναι
2998 3760 3208 3817 κελεύει
3293 3766 3385 3820 τὸν
3461 3769 3700 3846 Οὔαρον,
3752 3780 3845 3832 καὶ

2187 3846 2330 3917 ὄνυξι
2391 3846 2638 3923 σιδηροῖς
2697 3851 3117 3920 καταξαίνεσθαι.
3153 3853 3304 3909 Ἐπεὶ
3364 3854 3420 3911 δὲ
3466 3863 3544 3931 τῷ
3600 3862 3838 3936 μάρτυρι

2185 3935 2532 4009 ξαινουμένοο
2583 3943 2679 3992 τοῦ
2720 3940 2998 4010 σώματος,
3039 3942 3094 3994 αἱ
3159 3942 3411 4009 πλείονες
3465 3937 3594 4003 τῶν.
3629 3958 3844 4027 σαρκῶν

2184 4024 2260 4085 εἷς
2290 4031 2392 4100 γῆν
2422 4024 2843 4101 ἀπεῤῥίπτοντο,
2875 4029 2964 4083 καὶ
3005 4034 3084 4102 τῷ
3137 4030 3337 4097 ἐκεῖθεν
3395 4034 3583 4111 α’ίματι
3622 4041 3685 4095 τὸ
3726 4039 3846 4097 ἐδα-

2182 4136 2280 4194 φος
2357 4116 2709 4192 ἐφοινίσσετο,
2753 4120 2780 4173 ὁ
2835 4120 2929 4192 μὲν
2985 4124 3228 4195 χρηστὸς
3278 4122 3494 4202 Οὔαρος
3550 4131 3623 4192 ὡς
3686 4131 3842 4188 οὐδὲν

2180 4204 2408 4280 πάσχων
2440 4205 2649 4280 ἥρεμος
2678 4208 2744 4276 ἦν
2774 4225 2789 4241 ⁶
2849 4202 3056 4283 ἔπασχε
3095 4209 3150 4266 δὲ
3179 4218 3300 4276 τοῖς
3350 4216 3524 4290 ἁγίοις
3570 4216 3753 4284 δεινῶς
3797 4225 3831 4292 ἡ

2181 4296 2358 4369 ψῦχὴ,
2404 4295 2494 4351 καὶ
2544 4295 2608 4350 τὰ
2665 4297 2954 4374 σπλάγχνα
3023 4299 3227 4356 τοότων
3283 4302 3538 4362 ἐκόπτετο
3607 4306 3695 4363 διὰ
3744 4311 3841 4366 τὸν

2181 4384 2491 4464 ὁμόψυχον.
2528 4387 2753 4460 Ἀμὲλει
2811 4389 2901 4444 καὶ
2931 4391 3031 4458 τήν
3089 4389 3353 4464 ὠμότητα
3405 4397 3482 4470 μὴ
3529 4399 3837 4476 ἐνεγκόντες

2177 4479 2274 4527 τοῦ
2309 4471 2584 4544 δικαστοῦ,
2602 4477 2666 4532 Τί
2690 4475 2744 4532 δὲ
2773 4478 2833 4532 οὗ
2858 4480 3067 4549 συνίης,
3088 4482 3364 4550 εἶπον,καὶ
3397 4487 3600 4558 θηρίων
3635 4487 3835 4558 αὐτῶν,

429 4545 734 4613 agrestior,
767 4549 921 4616 quod
955 4554 1012 4604 et
1064 4549 1285 4620 lapides
1315 4561 1370 4609 et
1400 4558 1616 4614 ferrum
1648 4578 1821 4632 passa
1849 4545 2064 4630 essent,

2194 4560 2494 4639 ἵγριώτερε,
2537 4565 2618 4621 ὅτι
2673 4567 2934 4623 καὶλίοοι
2987 4571 3077 4625 καὶ
3118 4569 3342 4646 σίδηρος
3387 4571 3582 4632 ἔπαθον
3617 4577 3679 4632 ἂν
3704 4602 3834 4636 τοσ-

424 4645 699 4700 percussa
746 4635 919 4691 toties
951 4638 977 4690 Υ
1007 4640 1133 4709 Ipse
1165 4645 1352 4697 autem
1395 4661 1466 4699 ne
1496 4648 1581 4702 sic
1612 4649 1846 4720 quidem
1879 4655 2068 4723 potuit

421 4720 655 4789 molliri,
689 4725 746 4778 et
776 4739 902 4779 eam
933 4742 1054 4781 rem
1090 4731 1520 4798 quodammodo
1543 4736 1749 4794 habuit
1775 4720 2063 4800 ludibrio:

423 4809 712 4879 Christus,
763 4813 1057 4884 inquiens,
1099 4823 1288 4874 vester
1351 4823 1609 4891 accedat,
1672 4828 1984 4903 ipsumque
2032 4851 2066 4890 a

416 4897 564 4953 meis
592 4899 799 4955 liberet
831 4905 1102 4961 manibus
1136 4923 1148 4962 :
1185 4910 1460 4968 nesciens
1489 4897 1723 4984 stultus,
1759 4897 1912 4990 quod
1944 4921 2064 4979 haec

417 4984 563 5077 ferre
605 5003 779 5077 posse
836 5007 1044 5063 magno
1095 4998 1151 5052 et
1208 4997 1343 5054 forti
1404 5001 1621 5074 animo,
1656 4984 2064 5077 signiﬁcabant

415 5070 583 5128 illum
614 5075 851 5132 affuisse
883 5085 940 5134 et
988 5081 1289 5153 liberasse,
1321 5092 1378 5142 et
1405 5105 1579 5146 suum
1606 5070 1795 5150 rorem
1831 5097 2062 5156 dedisse

419 5159 684 5251 dolorum
721 5167 1096 5227 medicinam.
1121 5174 1332 5230 Beatus
1357 5186 1547 5234 autem
1582 5181 1697 5251 ille,
1721 5183 1892 5240 etiam
1920 5188 2058 5245 dum

417 5245 866 5346 discerperetur,
896 5252 1112 5324 Nolim,
1148 5261 1363 5333 inquit,
1393 5263 1626 5322 liberari
1675 5245 1746 5325 ab
1787 5271 1899 5342 his,
1933 5292 2058 5346 quas

417 5335 488 5388 ad
522 5341 754 5403 tempus
788 5337 1019 5413 durant,
1054 5351 1378 5423 tormentis,
1410 5357 1510 5411 sed
1543 5358 1613 5412 ab
1662 5357 1734 5415 iis
1765 5335 1896 5433 quae
1942 5335 2059 5420 ina-

491 5561 515 5598 °
545 5560 746 5616 Matth.
780 5579 928 5634 xxvr,
958 5572 1045 5627 41.
1081 5578 1104 5611 ⁴
1136 5581 1224 5638 Isa
1255 5601 1327 5653 LI,
1357 5588 1410 5644 9.

2176 4655 2306 4707 αῦτα
2353 4654 2769 4726 πληττόμενοι;
2809 4657 2978 4720 Αὐτὸς
3032 4657 3088 4714 δὲ
3143 4661 3233 4716 καὶ
3285 4664 3458 4729 οὕτως
3495 4668 3827 4740 ἀμείλικτος

2173 4742 2263 4810 ἦν,
2313 4743 2402 4798 καὶ
2459 4742 2642 4818 ὥσπερ
2709 4745 2784 4807 εἰς
2827 4745 3034 4820 χλεύην
3110 4751 3170 4805 τὸ
3245 4759 3476 4827 πρᾶγμα
3526 4759 3720 4827 τιθεὶς,
3769 4761 3828 4817 Ὀ

2174 4833 2431 4906 Χριστὸς,
2491 4833 2674 4909 φησὶν,
2726 4835 2752 4888 6
2805 4835 3067 4910 ὑμέτερος
3122 4841 3434 4914 παρελθὼν,
3487 4848 3594 4899 τῶν
3675 4845 3824 4920 ἐμῶν

2173 4920 2330 4975 αὐτὸν
2361 4917 2617 4992 ἐξελέσθω
2676 4927 2900 5000 χειρῶν,
2944 4927 3020 4998 μή
3071 4925 3229 4991 εἰδὼς
3261 4930 3288 4984 6
3336 4932 3587 5006 ἀνόητος,
3647 4937 3723 4999 ὡς
3762 4939 3828 4992 τὸ

2169 5013 2335 5063 ταῦτα
2399 5006 2654 5074 δύνασθαι
2711 5011 2886 5085 οέρειν
2961 5014 3380 5094 μεγαλοψύχως
3447 5019 3694 5092 δήλωσις
3759 5026 3827 5095 ἦν

2171 5096 2252 5151 ὅτι
2303 5097 2392 5151 καὶ
2445 5106 2623 5172 παρῆν
2675 5097 2879 5164 ἐκεῖνος
2927 5103 3020 5158 καὶ
3091 5103 3357 5181 ἐξῃρεῖτο,
3406 5110 3496 5164 καὶ
3552 5114 3653 5182 τήν
3721 5136 3834 5191 παρ

2171 5186 2337 5241 αὐτοῦ
2369 5184 2560 5260 δρόσον
2603 5189 2738 5263 ἴαμα
2777 5189 2958 5245 ἐδίδου
3006 5197 3116 5247 τῶν
3169 5193 3394 5253 ὀδυνῶν.
3427 5201 3483 5252 Ὀ
3528 5199 3585 5255 δέ
3638 5204 3827 5275 μακά-

2170 5297 2285 5351 ριος
2313 5277 2402 5331 καὶ
2450 5278 2721 5352 ξεόμενος,
2746 5283 2834 5353 Μή
2886 5303 2978 5355 μοι
3009 5285 3254 5358 γένοιτο,
3281 5282 3406 5366 ἔφη,
3429 5296 3536 5345 τῶν
3574 5293 3828 5367 βασάνων

2168 5364 2554 5440 ἀπαλλαγῆναι
2620 5373 2725 5424 τῶν
2807 5371 3153 5450 προσκαίρων
3221 5364 3452 5448 τούτων,
3496 5377 3642 5435 ἀλλὰ
3709 5388 3822 5441 τῶν
