4128 6274
3529 289 3686 350 (150

292 299 447 362 ιιιθ
1573 275 2044 362 MARTYIIIUM
2089 299 2154 359 s.
2199 299 2413 360 VARI.

293 459 568 566 μενουσῶν
618 456 646 510 6
684 455 817 528 ἓμὸς
849 453 1118 566 ’ἐξέλοιτό
1159 477 1228 530 με
1255 458 1512 530 Χριστὸς,
1535 461 1594 514 es
1625 457 1682 514 δὲ
1710 457 1799 513 καὶ
1827 458 1930 526 τὴν
1961 517 1968 526 ε

2078 464 2216 527 .ent;
2249 474 2415 514 meus
2467 471 2558 510 me
2605 453 2868 510 Christus
2922 453 3274 521 liberaverit,
3308 456 3360 508 te
3391 456 3584 508 autem
3631 455 3690 508 et

2151 563 2198 566 μ-
2244 545 2637 566 __,AJ-I!A_I-_.
2676 542 2891 566 1-1!L.-._
2926 543 3125 566 ...ιι-ει-
3163 541 3570 566 ---Δ-....--ι.;ι

291 546 390 614 σὴν
421 543 686 617 ὠμότητα
711 543 989 606 τοιαύταις
1021 543 1182 614 ἀξίως
1213 552 1546 622 κατακρινεῖ.

362 636 410 647 η.
463 637 505 647 ,-
543 637 568 647 ιυ
729 633 740 647 I
850 628 912 647 οι
1135 631 1158 647 Si
1366 636 1379 647 ι
1480 634 1498 647 \
1534 637 1546 647 ι
1716 637 1728 647 ι
1791 633 1814 647 λ

2078 563 2204 604 nam
2236 545 2642 602 crudelitatem
2676 542 2893 598 talibus
2925 543 3128 598 merito
3159 541 3593 598 condemnabit.

359 636 431 690 Z'.
463 637 670 690 Τοῦτον
715 628 1084 706 ἀμειϐόμενος
1133 631 1280 710 ἔργῳ
1327 636 1418 690 τὸν
1480 634 1647 712 λόγον
1709 637 1736 690 ὁ
1788 633 1939 690 δικα-

373 725 385 742 .
535 723 546 740 η
629 721 648 742 .
757 729 812 742 -,
1041 723 1054 738 ι
1145 727 1167 737 ..
1323 729 1351 740 η.
1455 725 1470 742 ς
1721 725 1736 742 ,
1797 725 1808 742 ,

2115 636 2236 692 Vli.
2271 635 2428 690 Hanc
2450 634 2631 704 judex
2657 633 2782 702 ipso
2813 632 2962 687 facto
3007 631 3290 686 ulciscens
3339 630 3685 699 orationem,

2203 728 2212 738 .
2768 722 2963 742 ,μηηι
3022 719 3357 742 -,.,,,,,ι,,-Δ
3397 735 3410 742 ,
3461 718 3662 742 νυ--.

295 725 428 792 στῆς
465 723 594 783 τοὺς
627 721 888 795 ξυστῆρας
929 723 1064 776 κατά
1102 727 1209 778 τῶν
1257 729 1354 779 τοῦ
1405 725 1677 800 μάρτυρος
1717 725 1941 801 ἐπέφερε

2078 744 2105 782 n
2161 728 2382 780 viscera
2439 723 2709 794 martyris
2768 722 2964 776 intulit
3021 719 3410 775 novaculam:
3461 718 3685 788 Videat,

297 811 623 888 σπλάγχων,
655 812 888 885 Ὁράτω,
914 808 1112 886 λέγων,
1140 813 1246 886 πρὸ
1275 817 1382 868 τῶν
1417 814 1719 889 ὀφθαλμῶν
1753 815 1781 868 6
1811 833 1940 868 κατ-

297 903 495 976 άρατος
544 901 783 972 καθάπερ
837 897 984 974 ὕδωρ
1043 900 1208 956 αὐτοῦ
1255 903 1609 978 προχεόμενοι
1666 904 1734 958 τὰ
1791 897 1941 956 ἐνδό-

299 1002 442 1054 σθια.
485 989 661 1046 Ἀλλά
711 990 806 1043 τὸν
852 992 949 1043 τοῦ
1011 992 1254 1063 Χριστοῦ
1305 993 1552 1067 μάρτυρα
1590 989 1718 1047 οὐδὲ
1764 993 1798 1059 ἡ
1841 997 1940 1060 τῆς

304 1081 536 1153 βασάνου
593 1077 797 1148 ταύτης
859 1078 1125 1153 πικρότης
1184 1079 1423 1136 ἐνδοῦναί
1469 1103 1523 1136 τι
1569 1087 1666 1136 τοῦ
1713 1083 1943 1155 πάσχειν

301 1165 390 1222 διὰ
467 1169 700 1242 Χριστὸν
775 1168 1190 1242 παρεσκεύασεν,
1252 1169 1312 1224 οὐ
1393 1171 1546 1244 ῥῆμα
1619 1171 1942 1246 φθέγξασθαι

301 1257 534 1332 ἀγεννὲς,
562 1256 662 1312 οὐκ
716 1255 860 1312 ἄλλο
921 1278 972 1312 τι
1027 1259 1219 1332 μικρὸν
1275 1257 1310 1326 ἢ
1373 1264 1558 1332 μεῖζον
1623 1259 1945 1320 ὑποσταΛείς

299 1340 456 1421 ἔργον
491 1343 840 1418 ἐνδείξασθαι,
882 1345 926 1400 εί
963 1346 1038 1418 μή
1070 1346 1160 1401 καὶ
1196 1347 1418 1420 μείζονα
1480 1345 1692 1420 μᾶλλον
1731 1348 1822 1401 τὸν
1871 1347 1946 1408 εἷς

301 1435 540 1509 Χριστὸν
601 1432 888 1510 ἀνέφλεγεν
943 1431 1144 1508 ἔρωτα,
1175 1436 1264 1490 καὶ
1325 1437 1464 1510 πρὸς
1495 1437 1590 1498 τὰς
1621 1434 1948 1510 δριμυτέρας

301 1529 410 1578 τῶν
467 1521 746 1578 κολάσεων
834 1520 1184 1596 δριμυτέραις
1251 1524 1344 1578 τὸν
1401 1521 1660 1592 δικαστὴν
1721 1523 1947 1596 βάλλειν

303 1611 475 1666 ἐποίει
532 1616 652 1674 ταῖς
706 1610 1048 1686 ἀποκρίσεσι.
1109 1612 1186 1666 Σὺ
1242 1613 1339 1684 μὲν
1393 1613 1514 1688 γάρ,
1557 1610 1684 1690 ἔφη,
1741 1613 1952 1682 πονηρά

305 1705 559 1775 πονηρῶν
617 1697 892 1772 δαιμόνων
961 1701 1202 1775 ὑπουργὶ
1271 1701 1361 1755 καὶ
1432 1701 1805 1774 μεσάνθρωπε,
1859 1699 1950 1754 καὶ

2047 816 2265 884 dicens,
2298 813 2686 870 exsecrandus
2714 814 2847 865 ante
2877 809 3100 875 oculos,
3136 817 3414 878 tanquam
3452 823 3686 878 aquam,

2047 921 2152 960 sua
2192 903 2412 958 effundi
2458 900 2758 955 intestina.
2796 899 2902 954 Sed
2953 913 3022 952 ne
3061 897 3233 967 hujus
3281 897 3518 967 quidem
3569 900 3689 950 tor-

2050 993 2230 1048 menti
2281 989 2572 1046 acerbitas
2621 987 2832 1052 efl‘ecit,
2865 984 3168 1040 utChristi
3215 988 3430 1054 martyr
3470 983 3692 1053 aliquid

2049 1081 2371 1136 remitteret
2399 1079 2469 1132 de
2501 1094 2606 1132 sua
2635 1077 2694 1130 in
2729 1073 2998 1145 patiendo
3032 1089 3135 1144 pro
3169 1071 3393 1127 Christo
3429 1075 3696 1127 constan-

2052 1170 2144 1236 tia,
2197 1185 2304 1224 nec
2353 1173 2415 1222 ut
2461 1166 2636 1222 molle
2685 1167 2784 1220 aut
2832 1163 3103 1234 ignavum
3166 1159 3398 1230 aliquod
3454 1159 3695 1214 verbum

2051 1257 2409 1328 loqueretur,
2433 1253 2520 1310 vel
2545 1253 2778 1323 aliquod
2809 1265 3056 1322 parvum
3079 1252 3180 1304 aut
3203 1263 3474 1318 magnum
3507 1253 3695 1302 osten-

2051 1346 2232 1414 deret,
2282 1361 2396 1415 quo
2441 1341 2799 1414 signiﬁcaret
2847 1355 2906 1395 se
2951 1337 3152 1394 cedere
3190 1352 3204 1390 :
3241 1337 3360 1390 imo
3411 1335 3692 1404 majorem

2055 1450 2313 1490 amorem
2371 1433 2422 1489 ei
2481 1432 2542 1486 in
2599 1429 2896 1486 Christum
2968 1426 3254 1492 accendit,
3311 1428 3368 1480 et
3421 1425 3698 1479 adversus

2055 1539 2256 1595 graves
2282 1521 2574 1577 cruciatus
2607 1519 2742 1574 fecit
2765 1531 2896 1572 eum
2927 1514 3096 1570 ferire
3119 1512 3375 1584 judicem
3404 1511 3701 1582 responsis

2057 1609 2444 1684 gravioribus.
2492 1608 2664 1673 Nam,
2703 1608 2782 1660 Tu
2829 1605 3093 1676 quidem,
3142 1601 3354 1672 inquit,
3386 1617 3418 1656 ο
3453 1598 3702 1668 maligne

2059 1700 2344 1756 malorum
2402 1699 2728 1754 daemonum
2777 1693 3140 1756 administer,
3177 1699 3231 1745 et
3281 1689 3460 1745 hostis
3508 1687 3698 1743 homi-

307 1789 428 1844 λίαν
488 1793 605 1850 τοῖς
656 1788 880 1862 ἀγαθοῖς
921 1787 1277 1860 ἆντικείμενε,
1328 1789 1610 1863 ἐξενεγκεῖν
1675 1788 1806 1852 ἴσως
1857 1787 1947 1844 δυ-

2078 1805 2224 1856 ium,
2259 1793 2316 1844 et
2345 1786 2446 1858 qui
2478 1786 2648 1842 bonis
2685 1783 2875 1839 valide
2905 1779 3248 1846 adversaris,
3284 1793 3410 1833 mea
3460 1777 3702 1831 fortasse

306 1880 448 1952 νήσῃ
505 1897 610 1948 μου
649 1877 718 1932 τά
765 1875 1007 1932 ἐνδόσθια
1035 1897 1049 1909 ’
1102 1879 1136 1946 ἡ
1185 1875 1242 1932 δὲ
1289 1885 1391 1946 τῆς
1441 1877 1581 1952 ἐμῆς
1619 1875 1844 1952 καρδίας
1879 1877 1954 1941 είς

309 1967 540 2042 Χριστὸν
597 1965 778 2028 πίστις
834 1966 1034 2028 ἄσυλος
1083 1965 1232 2022 ἔσται
1298 1967 1387 2022 καὶ
1453 1967 1832 2042 ἀναφαίρετος.
1885 1967 1953 2024 Οἱ

312 2054 366 2111 δὲ
401 2057 571 2132 ἅγιοι,
611 2057 678 2110 τά
722 2059 818 2110 τοῦ
862 2057 1135 2130 μάρτυρος
1191 2056 1476 2130 σπλάγχνα
1535 2055 1848 2130 ῥηγνύμενά
1893 2075 1954 2110 τε

309 2145 400 2200 καὶ
456 2145 532 2206 εἷς
575 2151 675 2219 γῆν
728 2143 871 2199 οὕτω
922 2143 1340 2220 διασπειρόμενα
1388 2145 1728 2217 θεασάμενοι,
1763 2142 1952 2220 φιλάνο

309 2237 527 2309 θρωπόν
589 2254 644 2290 τι
710 2233 800 2288 καὶ
867 2231 990 2288 λίαν
1057 2235 1349 2310 περιπαθὲς
1425 2207 1786 2308 δακρύσαντες
1859 2233 1954 2288 τὸν

311 2324 570 2399 Χριστὸν,
603 2323 734 2396 ὑπὲρ
767 2320 828 2377 οὗ
861 2326 1026 2377 ταῦτα
1052 2319 1282 2397 ἔπασχε,
1317 2323 1519 2398 βοηθὸν
1571 2320 1824 2378 ἐκάλουν.
1857 2323 1954 2384 Οἷς

311 2407 589 2468 ἐπιϐαλὼν
629 2411 724 2472 τάς
764 2409 917 2485 ὄψεις
979 2413 1006 2466 6
1049 2409 1330 2481 δικαστής,
1361 2411 1450 2466 καὶ
1489 2412 1550 2466 τὸ
1601 2418 1704 2480 τῆς
1759 2415 1950 2489 φιλαν-

311 2499 554 2576 θρωπίας
597 2499 632 2570 ἢ
675 2498 1038 2578 φιλαδελφίας
1087 2498 1300 2573 μᾶλλον
1350 2498 1478 2554 ἰδὼν
1536 2496 1839 2571 σύμϐολον,
1887 2499 1956 2554 τὰ

313 2590 365 2646 ἐν
399 2589 708 2667 ὀφθαλμοῖς
740 2587 967 2664 δάκρυα,
997 2589 1089 2644 καὶ
1121 2591 1212 2644 οἷά
1238 2609 1389 2651 τινος
1417 2588 1683 2660 πλησθεὶς
1728 2585 1952 2657 ἡδονῆς,

313 2682 584 2750 ἽΙττησθε
613 2680 846 2746 πάντως,
881 2679 1000 2734 εἶπε
1032 2699 1166 2752 μετα
1201 2680 1361 2753 βοῆς,
1403 2677 1658 2748 ἥττησθε.
1696 2678 1792 2731 Καὶ
1835 2677 1957 2732 τού-

314 2789 412 2824 του
445 2768 644 2841 δεῖγμα
673 2771 708 2838 ἡ
739 2767 928 2838 πολλῆ
959 2767 1092 2838 αὕτη
1135 2770 1404 2844 κατήφεια
1433 2767 1608 2822 καὶτά
1641 2765 1864 2840 δάκρυα.
1890 2764 1956 2822 Ei

317 2860 422 2934 γαρ
450 2855 710 2928 ἠδύνατο,
749 2858 934 2935 φησὶν,
970 2858 997 2909 ὁ
1031 2857 1292 2930 ὑμέτερος
1325 2856 1453 2910 Θεὸς
1501 2857 1599 2924 τήν
1655 2855 1959 2925 μυθευομέ-

317 2969 414 3018 νην
469 2945 670 3015 ταύτην
731 2945 857 3018 ὑμῖν
921 2944 1180 2998 ἀθάνατον
1243 2945 1386 3011 ζωὴν
1441 2947 1769 3017 παρασχεῖν,
1815 2941 1958 3002 τίνος

315 3037 482 3111 ’χάριν
533 3033 676 3090 οὕτω
719 3035 809 3088 τὸν
861 3036 1043 3095 κακῶς
1091 3031 1471 3104 ἀπολούμενον
1541 3031 1752 3104 ἑταῖρον
1805 3031 1958 3103 ὑμῶν

317 3127 626 3192 ἐπενθεῖτε;
659 3123 728 3180 Οἱ
758 3120 815 3177 δὲ
851 3123 987 3195 πρὸς
1010 3121 1170 3177 αὐτόν
1204 3138 1217 3152 ·
1251 3122 1312 3178 Ἡ
1369 3124 1476 3176 τῶν
1536 3118 1778 3195 δακρύων
1822 3118 1958 3190 αὕτη

2061 1877 2342 1935 intestina
2398 1876 2644 1932 educere
2701 1870 2940 1942 poteris,
2991 1867 3104 1924 mei
3153 1875 3338 1922 autem
3390 1863 3581 1920 cordis
3640 1864 3700 1918 in

2059 1969 2354 2024 Christum
2431 1965 2575 2019 fides
2642 1961 2788 2016 mihi
2847 1958 2992 2030 eripi
3052 1973 3168 2012 non
3225 1953 3456 2026 poterit.
3504 1951 3702 2007 Sancti

2060 2062 2253 2114 autem
2285 2072 2420 2113 eum
2452 2053 2732 2108 vidissent
2776 2049 3049 2104 intestina
3085 2044 3358 2116 martyris
3390 2041 3700 2111 disrumpi,

2059 2153 2116 2205 et
2168 2161 2269 2218 per
2317 2149 2528 2199 terram
2599 2137 2878 2210 dispergi,
2937 2140 3130 2192 tenere
3182 2143 3236 2188 et
3291 2129 3700 2188 miserabiliter

2061 2217 2285 2302 ﬂentes,
2317 2231 2532 2288 Christi
2567 2229 2917 2286 invocabant
2957 2223 3262 2289 auxilium,
3297 2236 3397 2292 pro
3431 2235 3548 2290 quo
3581 2217 3702 2272 haec

2061 2324 2410 2395 patiebatur.
2445 2320 2510 2375 In
2541 2333 2690 2390 quos
2732 2331 2862 2372 cum
2898 2314 3078 2384 judex
3106 2309 3452 2380 conjecisset
3481 2305 3698 2374 oculos,

2060 2419 2120 2470 et
2173 2408 2580 2475 humanitatis,
2637 2410 2740 2462 aut
2809 2402 3005 2476 potius
3075 2399 3292 2456 amoris
3349 2397 3406 2450 in
3467 2396 3699 2450 fratrem

2060 2502 2287 2572 signum
2341 2499 2580 2552 vidisset
2635 2495 2946 2565 laerymas,
2997 2505 3123 2560 quas
3173 2489 3340 2542 erant
3383 2485 3440 2539 in
3495 2481 3696 2550 oculis,

2059 2570 2236 2645 veluti
2294 2586 2544 2658 quadam
2603 2583 2859 2654 repletus
2915 2577 3168 2633 laetitia:
3243 2572 3502 2644 Superati
3562 2570 3700 2625 estis

2060 2657 2328 2742 omnino,
2371 2671 2626 2744 superati
2675 2669 2834 2736 estis,
2884 2666 3079 2737 inquit
3124 2663 3475 2720 vociferans.
3511 2657 3699 2726 Hujus

2060 2771 2252 2822 autem
2287 2763 2565 2820 indicium
2589 2764 2678 2816 est
2698 2758 2821 2814 haec
2843 2771 3058 2827 magna
3079 2752 3313 2808 tristitia
3335 2754 3390 2804 et
3411 2747 3699 2819 lacrymte.

2062 2856 2121 2910 Si
2179 2854 2332 2909 enim
2393 2853 2612 2922 posset,
2645 2847 2859 2917 inquit,
2893 2848 3078 2901 vester
3125 2841 3274 2896 Deus
3319 2838 3488 2904 hanc,
3529 2849 3702 2905 quam

2063 2959 2167 2997 vos
2221 2939 2467 3012 ﬁngitis,
2524 2934 2916 2992 immortalem
2974 2931 3148 2986 vitam
3209 2927 3374 2984 vobis
3429 2923 3700 2996 prtebere,

2066 3011 2416 3101 quanamde
2436 3043 2609 3082 causa
2639 3021 2916 3094 lugeretis
2937 3019 3209 3082 amicum,
3229 3015 3326 3086 qui
3360 3012 3524 3069 vobis
3558 3011 3706 3065 male

2076 3117 2260 3190 perit?
2289 3115 2378 3172 llli
2411 3121 2600 3170 autem
2635 3113 2686 3168 ei
2717 3112 3026 3166 dixerunt:
3063 3107 3192 3162 Haec
3221 3106 3384 3174 gutta
3425 3101 3710 3171 lacryma-

322 3177 692 3192 ---γι-η,-
895 3177 903 3195 ,
973 3177 986 3186 ,
1268 3177 1311 3178 η
1640 3177 1648 3195 ,
1947 3177 1958 3190 ,

322 3213 530 3288 σταγὼν
571 3213 670 3281 τήν
727 3212 960 3290 φυσικὴν
1011 3211 1202 3284 μηνύει
1255 3210 1612 3284 συμπάθειαν.
1664 3209 1814 3264 Ἐπεὶ
1866 3207 1967 3262 οὐκ

2078 3222 2208 3263 rum
2249 3202 2576 3260 naturalem
2607 3201 2903 3271 significat
2939 3192 3529 3253 commiserationem.
3562 3187 3709 3242 Nam

321 3301 381 3358 ἄν
414 3322 546 3358 ποτε
575 3303 738 3373 ἡμεῖς
770 3299 962 3375 γνώμῃ
990 3299 1082 3354 τὸν
1107 3296 1342 3376 ἀδελφὸν
1372 3299 1700 3371 κλαύσωμεν
1731 3295 1965 3370 τοιούτῳ

323 3391 658 3447 τελευτῶντα
686 3389 896 3462 θανάτῳ
926 3395 939 3421 ‘
981 3387 1194 3460 μᾶλλον
1223 3389 1326 3463 γάρ
1357 3388 1448 3443 καὶ
1485 3387 1750 3462 μακάριον
1805 3386 1964 3440 αὐτὸν

326 3485 424 3538 τοῦ
470 3478 660 3542 τελους
717 3479 1004 3555 ἡγούμεθα
1061 3479 1150 3532 καὶ
1206 3477 1503 3550 ζηλοῦμεν,
1536 3476 1620 3532 ὅτι
1675 3481 1744 3550 τῇ
1797 3496 1972 3550 προσ-

329 3569 504 3644 καίρῳ
549 3569 716 3643 ταύτῃ
781 3567 996 3642 βασάνῳ
1048 3567 1146 3634 τὴν
1214 3567 1290 3628 εἷς
1337 3567 1416 3620 ἀεὶ
1487 3567 1745 3637 μένουσαν
1818 3566 1970 3639 βασι-

333 3659 482 3716 λείαν
533 3658 1033 3733 ἐπραγματεύσατο.
1085 3655 1162 3712 Οὐ
1212 3659 1402 3708 τοῦτον
1453 3651 1568 3710 οὖν.
1625 3653 1806 3728 ὥσπερ
1837 3647 1973 3726 ἔφη·

339 3772 457 3824 μεν,
491 3750 634 3805 ἀλλά
679 3751 738 3804 σε
787 3745 1000 3820 μᾶλλον
1051 3751 1352 3821 θρηνοῦμεν
1409 3749 1508 3814 τῆς
1555 3743 1852 3813 ἀπωλείας,
1883 3744 1974 3800 καὶ

337 3840 410 3893 ὧν
454 3835 678 3910 μέλλεις
724 3837 1092 3910 κληρονομεῖν
1135 3833 1394 3909 χαλεπῶν
1447 3831 1792 3889 ἀντιδόσεων.
1843 3837 1978 3907 Χρις

337 3932 469 3982 στοῦ
499 3927 602 4002 γὰρ
633 3927 804 3998 νόμος
831 3926 922 3980 καὶ
959 3925 1092 3999 ὑπὲρ
1136 3925 1286 3998 ὑμῶν
1321 3923 1568 4000 δακρύειν
1612 3928 1720 3980 τῶν
1763 3923 1973 4001 ἐχθρῶν

337 4021 416 4088 τῷ
455 4023 556 4085 τῆς
587 4016 801 4089 ἀγάπης
838 4010 988 4088 μὸνῳ
1013 4014 1106 4069 καὶ
1136 4021 1234 4082 τῆς
1263 4014 1667 4089 χρηστότητος.

409 4105 486 4160 Η’.
519 4107 608 4162 Ἐν
666 4101 778 4176 ὅσῳ
837 4100 894 4158 δὲ
939 4107 1104 4157 ταῦτα
1165 4099 1410 4178 ἐλέγετο,
1449 4103 1576 4164 τοὺς
1639 4102 1736 4175 μὲν
1793 4100 1978 4174 ἁγίους

339 4194 429 4250 καὶ
471 4192 625 4258 αὖθις
651 4195 715 4249 τὸ
748 4189 1128 4267 δεσμωτήριον
1167 4189 1484 4266 ὑπεδέχετο,
1514 4189 1618 4252 ἓως
1651 4191 1678 4244 ὁ
1725 4187 1980 4254 δικαστὴς

339 4283 598 4374 ρκέψαιτο
659 4284 842 4344 ποίαις
900 4287 1006 4336 τῶν
1067 4283 1346 4336 κολάσεων
1407 4279 1600 4340 αὐτοὺς
1665 4274 1980 4348 παραδόσει.

360 4380 402 4432 0
437 4374 493 4430 ’δὲ
525 4375 791 4448 μακάριος
842 4372 1053 4446 Οὔαρος
1097 4371 1186 4425 ἐπὶ
1227 4374 1323 4425 τοῦ
1373 4368 1537 4442 ξύλου
1577 4369 1714 4440 ἦρτο
1769 4366 1858 4420 καὶ
1907 4363 1984 4420 ἔτι

350 4466 644 4536 μετέωρος,
677 4461 818 4515 οὕτω
851 4459 1214 4535 προσταχθέν,
1255 4458 1420 4532 ἄχρις
1469 4457 1577 4534 ἀφή
1632 4477 1715 4510 σοι
1754 4457 1844 4510 καὶ
1887 4460 1986 4524 τήν

2077 3310 2184 3350 nos
2213 3295 2414 3348 nostra
2460 3288 2748 3346 sententia
2793 3300 3096 3356 nunquam
3147 3277 3549 3336 deﬂeverimus
3591 3275 3713 3330 fra-

2079 3390 2248 3452 trem,
2282 3381 2378 3452 qui
2431 3377 2532 3434 tali
2589 3380 2770 3431 morte
2819 3373 3081 3428 decedit:
3119 3371 3234 3426 imo
3291 3383 3422 3424 vero
3479 3369 3717 3437 propter

2081 3473 2257 3529 talem
2290 3473 2594 3526 decessum
2627 3481 2761 3521 eum
2791 3462 3026 3518 beatum
3075 3459 3372 3520 ducimus,
3404 3459 3460 3511 et
3489 3453 3716 3509 felicem

2081 3576 2372 3627 vocamus,
2399 3557 2555 3628 quod
2589 3555 2719 3620 hoc,
2743 3553 2894 3624 quod
2928 3553 3018 3605 est
3042 3549 3109 3606 ad
3144 3552 3376 3617 tempus
3405 3545 3716 3606 tormento,

2083 3651 2252 3716 illud,
2275 3649 2424 3718 quod
2457 3659 2686 3714 semper
2719 3645 2935 3706 manet,
2962 3653 3202 3710 regnum
3227 3631 3572 3691 conciliavit.
3594 3629 3720 3684 Non

2083 3740 2238 3794 hunc
2267 3751 2424 3808 ergo,
2457 3739 2523 3790 ut
2551 3733 2828 3796 diximus,
2861 3729 2961 3784 sed
3009 3733 3174 3782 tuum
3207 3723 3400 3796 potius
3442 3719 3722 3775 deflemus

2085 3827 2407 3891 interitum,
2441 3827 2498 3880 et
2525 3820 2722 3894 gravia
2753 3817 2927 3888 mala,
2959 3832 3086 3887 quae
3118 3813 3222 3870 tibi
3255 3815 3395 3868 sunt
3430 3811 3722 3865 eventura.

2085 3917 2302 3976 Christi
2333 3914 2487 3971 enim
2517 3912 2610 3968 lex
2639 3927 2742 3966 nos
2761 3908 2930 3980 jubet
2977 3906 3114 3962 ﬂere
3160 3903 3339 3959 etiam
3379 3915 3482 3972 pro
3513 3894 3727 3953 nostris

2087 4007 2364 4075 inimicis,
2397 3999 2698 4061 charitatis
2729 3998 2856 4070 lege
2884 4003 2938 4052 et
2968 3991 3368 4066 benignitatis.

2157 4100 2310 4154 VIII.
2343 4096 2580 4152 Interim
2611 4096 2805 4147 autem
2837 4089 2977 4144 dum
3025 4085 3146 4140 haec
3189 4083 3552 4146 dicebantur,
3587 4091 3725 4132 san-

2091 4197 2214 4246 ctos
2245 4186 2480 4257 quidem
2512 4197 2715 4236 rursus
2747 4177 2972 4248 excepit
3002 4189 3216 4239 carcer,
3249 4171 3434 4226 donec
3465 4167 3731 4224 conside-

2093 4283 2248 4336 raret
2299 4277 2500 4347 judex,
2553 4272 2907 4344 quibusnam
2961 4283 3057 4323 eos
3103 4265 3353 4320 traderet
3401 4257 3728 4332 suppliciis.

2097 4346 2316 4426 Beatus
2343 4371 2533 4421 autem
2577 4360 2764 4415 Varus
2794 4355 3064 4412 sublimis
3113 4353 3306 4409 adhuc
3355 4349 3641 4421 pendebat
3670 4346 3730 4400 in

2097 4459 2256 4530 ligno
2283 4472 2296 4512 :
2333 4454 2412 4510 sic
2441 4451 2598 4508 enim
2643 4451 2880 4520 jussum
2928 4447 3114 4501 fuerat
3144 4447 3210 4498 ut
3239 4445 3518 4507 maneret,
3548 4437 3733 4491 donec

347 4553 555 4627 ψυχήν.
588 4553 676 4612 Ὡς
735 4550 800 4602 οὗ
847 4547 974 4610 τοὺς
1032 4547 1222 4624 ἀγίους
1271 4547 1374 4602 ὑπὸ
1427 4545 1650 4619 δεσμοῖς
1692 4544 1781 4601 καὶ
1813 4565 1968 4623 ippon-

2099 4521 2386 4604 emitteret
2423 4541 2694 4598 animam.
2729 4537 3038 4608 Postquam
3069 4537 3261 4589 autem
3311 4528 3458 4584 vidit
3503 4527 3733 4582 sanctos

353 4647 472 4720 ραῖς
520 4640 656 4714 πρὸς
703 4640 802 4708 τὴν
847 4637 1061 4712 εἱρκτὴν
1120 4636 1424 4713 ἀγομένους
1473 4635 1746 4702 ἐθεάσατο,
1783 4631 1991 4708 μεγάλῃ

351 4737 421 4807 τῇ
471 4733 646 4808 φωνῇ,
694 4733 965 4805 Θαρσεῖτε,
1009 4729 1142 4798 εἷπε,
1187 4727 1415 4804 πατέρες
1460 4725 1607 4802 ἐμοὶ,
1658 4729 1995 4800 θαρσεῖτε....

355 4819 510 4878 οὐδὲν
545 4818 652 4896 ἐγὼ
694 4817 993 4894 λογίζομαι
1021 4817 1116 4880 τάς
1169 4817 1516 4892 ἐπαγομέγας
1562 4837 1654 4890 μοι
1703 4813 1995 4890 τιμωρίας,

355 4911 502 4968 ἀλλά
555 4929 622 4983 με
667 4913 747 4980 τῷ
793 4908 910 4981 ἐμῷ
965 4909 1190 4982 Χριστῷ
1245 4907 1548 4982 παράθεσθε
1604 4905 1694 4961 καὶ
1757 4907 2000 4978 Σωτῆρι,

358 5001 447 5058 καὶ
497 4997 771 5059 πεποιθὼς
828 4997 1165 5072 πορεύσομαι
1212 4997 1350 5073 πρὸς
1413 4995 1574 5052 αὐτὸν
1627 5000 1748 5056 ταῖς
1809 4991 2000 5068 ὑμετέ-

367 5113 483 5168 ραις
512 5090 700 5166 εὐχαῖς
731 5087 1162 5168 φρουρούμενος,
1195 5087 1284 5144 ἐπὶ
1329 5085 1488 5143 πέντε
1536 5091 1666 5162 γοῦν
1717 5086 1884 5160 ὥραις
1931 5087 2001 5159 τῇ

367 5183 586 5260 βασάνῳ
660 5178 1072 5255 ἐγκαρτερήσας,
1131 5175 1182 5232 ἐν
1252 5176 1441 5250 εἷ’ρήνῃ
1513 5177 1575 5232 τὸ
1635 5180 1849 5248 πνεῦμα
1922 5179 2002 5247 τῷ

367 5269 630 5328 δεδωκότι
681 5273 800 5340 Θεῷ
854 5264 1136 5342 παρέθετο.
1169 5267 1286 5323 Ἔτι
1341 5262 1399 5319 δὲ
1459 5268 1554 5334 ζῇν
1605 5263 1762 5319 αὐτὸν
1810 5265 1862 5319 oi
1913 5263 2003 5319 ἐπὶ

366 5365 476 5418 τῶν
525 5357 773 5434 βασάνων
830 5355 1098 5429 οἰόμενοι,
1145 5351 1270 5409 οὐδὲ.
1323 5353 1390 5409 τὸ
1465 5352 1662 5408 λοιπὸν
1733 5353 2002 5426 μεθίεσαν,

369 5448 518 5506 ἀλλὰ
585 5446 832 5522 κοράκων
895 5443 1096 5518 τρόπον
1165 5443 1254 5498 καὶ
1332 5441 1465 5516 μετά
1512 5440 1735 5496 θάνατον
1790 5437 2001 5510 ἤκιζον.

373 5535 486 5595 ἐπεῖ
547 5533 604 5592 δὲ
660 5535 750 5590 καὶ
791 5533 976 5594 αὐτοῖς
1018 5532 1109 5586 καὶ
1155 5534 1238 5603 τῷ
1264 5530 1512 5604 τυράννῳ
1569 5526 1860 5604 διεγνώσθη
1922 5529 2004 5583 ὅτι

374 5625 582 5703 Οὔαρος
637 5625 886 5694 τέθνηκε,
929 5622 1021 5678 τὸν
1073 5620 1260 5696 νεκρὸν
1317 5616 1727 5696 καταγαγόντες,
1776 5618 1866 5673 καὶ
1919 5615 2008 5672 διὰ

2103 4637 2351 4702 vinctos,
2409 4637 2466 4689 et
2525 4647 2659 4686 cum
2717 4625 3058 4684 custodibus
3113 4623 3246 4678 duci
3308 4620 3366 4674 in
3424 4629 3737 4679 carcerem,

2107 4741 2324 4797 magna
2378 4735 2562 4778 voce:
2603 4719 2762 4775 Bono
2821 4715 3038 4782 animo,
3095 4710 3308 4781 inquit,
3358 4710 3549 4778 patres
3601 4701 3736 4766 mei,

2107 4787 2259 4871 bonvo
2289 4812 2484 4867 animo
2513 4811 2729 4863 estote:
2761 4821 2862 4875 ego
2905 4801 3058 4857 enim
3090 4794 3409 4854 nibilifacio
3441 4809 3563 4862 quis
3595 4787 3740 4846 mihi

2109 4903 2440 4958 inferuntur
2484 4893 2794 4966 supplicia,
2839 4891 2940 4947 sed
2989 4903 3079 4943 me
3127 4901 3254 4941 meo
3302 4883 3527 4938 Christo
3581 4893 3742 4933 com-

2111 4992 2402 5054 mendate,
2451 4990 2509 5042 et
2559 4981 2862 5050 Salvatori,
2911 4983 2969 5036 et
3019 4976 3376 5034 conﬁdenter
3433 4971 3501 5026 ad
3547 4969 3741 5040 ipsum

2109 5083 2314 5139 vadam
2365 5078 2687 5132 vestrarum
2748 5070 3072 5126 orationum
3131 5061 3391 5119 munitus
3451 5057 3742 5130 praesidio.

2113 5173 2258 5230 Cum
2314 5181 2450 5239 ergo
2508 5163 2768 5235 quinque
2825 5158 2984 5214 horis
3029 5170 3090 5211 se
3129 5151 3347 5209 fortiter
3387 5148 3657 5220 gessisset
3685 5143 3744 5200 in

2115 5262 2220 5318 hoc
2265 5233 2579 5319 tormento,
2629 5251 2690 5305 in
2736 5263 2876 5322 pace
2921 5245 3184 5318 spiritum
3245 5241 3356 5297 Deo
3413 5233 3742 5294 committit.

2115 5353 2256 5406 Eum
2306 5347 2500 5401 autem
2549 5339 2742 5394 adhuc
2787 5335 2978 5392 vivere
3025 5333 3299 5404 putantes
3337 5327 3438 5400 qui
3467 5326 3750 5397 praeerant

2115 5433 2449 5502 tormentis,
2481 5445 2556 5485 ne
2601 5427 2672 5484 de
2718 5428 2921 5482 caetero
2979 5421 3216 5494 quidem
3274 5417 3604 5480 cessarunt,
3645 5411 3747 5466 sed

2115 5530 2301 5586 instar
2347 5533 2651 5580 corvorum
2701 5513 3050 5589 torquebant
3095 5509 3270 5568 etiam
3309 5509 3441 5582 post
3477 5505 3747 5561 mortem.

2119 5621 2425 5688 Postquam
2455 5625 2590 5668 vero
2615 5607 2686 5665 ab
2709 5605 2849 5679 ipsis
2870 5604 3164 5677 cognitum
3196 5600 3328 5666 fuit,
3348 5599 3404 5654 et
3425 5612 3458 5652 a
3475 5597 3748 5666 tyranno,
