4128 6274
395 287 537 349 1151
1735 275 2016 339 MENSIS
2062 270 2442 334 OCTOBER.
3678 250 3846 311 1152

396 455 688 504 mortuum
721 461 844 501 esse
870 445 1103 511 Varum,
1128 459 1337 513 corpus
1368 442 1789 512 deposuerunt,
1811 442 1866 495 et
1898 454 2027 493 cum
2060 498 2062 502 Α

2173 433 2310 487 ιέσου
2382 433 2478 484 τοῦ
2562 426 2747 486 ἄστεος
2843 420 3257 495 ἐφελκύσαντες,
3319 419 3471 473 κυσὶν
3546 415 3614 470 οί
3681 415 3848 473 κύνες

2262 521 2270 524 .
2463 514 2515 524 ..Α
2706 514 2760 524 »Α
2851 513 2864 524 ι
2990 511 3016 524 a-
3104 508 3170 524 Αν
3485 512 3512 522 ν
3754 503 3848 524 νΑΑ

396 553 497 607 per
546 535 797 590 mediam
850 534 1167 589 traxissent
1212 531 1525 597 civitatem,
1569 528 1809 583 canibus
1860 544 2031 583 canes

2173 521 2311 594 ιορᾶιν
2350 514 2672 593 παρέδοσαν.
2706 514 2767 571 Ὀ
2811 513 2905 585 μὶν
2956 511 3049 565 οὖν
3099 511 3309 582 Οὔαρος
3360 512 3645 562 τοιοῦτον
3720 511 3853 575 εὗρε

2193 610 2202 615 .
2316 607 2343 615 ,ι
2571 604 2583 615 ι
2683 603 2708 615 ιι
2992 596 3053 615 κ..
3236 599 3246 615 1
3472 603 3493 611 η-
3580 593 3634 615 ‘5‘
3721 592 3853 615 ινξ-

392 592 750 679 exedendum
801 622 1183 677 tradiderunt.
1214 623 1399 689 Atque
1453 592 1635 673 νέως
1679 618 1916 689 quidem
1946 621 2035 670 ta-

2173 610 2208 664 ·ὁ
2265 607 2448 679 τέλος,
2496 604 2588 660 καὶ
2648 603 2790 657 οὕτω
2849 596 3053 671 κομιδῆ
3104 599 3396 670 μακάριον,
3428 603 3497 670 τῇ
3574 593 3649 648 δὲ
3721 592 3855 661 ἐξῆς

391 715 501 768 lem
571 718 627 767 et
684 716 805 766 tam
878 711 1099 765 felicem
1171 688 1393 764 invenit
1459 688 1711 763 exitum.
1755 705 2036 762 Postridie

2173 701 2272 762 ob:
2332 697 2605 770 μάρτυρας
2663 694 2690 746 ὁ
2752 691 3040 763 μιαιφόνος
3104 688 3648 761 παραστησάμενος,
3727 688 3853 734 ἐπεῖ

2340 788 2345 789 ,
2534 785 2577 789 ,-
2739 782 2767 789 ..
2884 775 2939 789 ,ο
2995 778 3032 789 ..
3222 780 3233 789 .
3392 777 3404 789 .
3506 782 3531 789 -
3660 773 3673 789 ς
3786 773 3797 789 ι

392 806 587 856 autem
617 817 749 855 cum
783 799 1072 854 sistendos
1122 802 1403 869 martyres
1433 801 1691 853 curasset
1722 795 2034 867 parricida,

2173 793 2227 858 ιη
2260 788 2461 842 πείθειν
2496 785 2609 845 οἷός
2646 803 2705 838 τε
2734 782 2800 850 ἦν
2832 800 2844 814 ’
2882 775 3141 834 ἐϐούλετο
3174 780 3277 853 γὰρ
3317 777 3409 831 καὶ
3460 782 3575 831 πᾶν
3655 775 3855 826 ἐποίει

2324 880 2330 881 ,
2418 877 2429 881 -
2488 877 2501 881 -
2522 878 2544 881 μ
2736 876 2757 881 .-
3021 873 3042 881 ..ι
3231 869 3241 881 \
3366 866 3391 881 ορ
3521 868 3551 881 Α
3608 859 3644 881 ρ
3708 864 3719 879 Ι

400 906 584 961 neque
642 893 839 959 posset
896 889 1244 959 persuadere
1290 884 1542 955 (volebat
1581 887 1761 950 enim,
1794 889 1849 938 et
1878 883 2039 938 omni

2185 880 2376 948 ικητὴς
2409 877 2659 951 ὀφθῆναι,
2690 876 2770 942 τῷ
2814 873 3132 943 μεταπεῖσαι
3163 869 3288 928 τοὺς
3331 866 3473 921 οὕτω
3520 859 3853 939 βεϐαίους,

2266 968 2275 975 .
2420 963 2436 975 ι
2459 963 2476 975 κ
2505 965 2516 975 .
2689 960 2702 975 ι
2898 957 2935 975 1‘
3117 957 3129 971 ε
3420 955 3430 975 I
3611 954 3626 965 ‘
3766 948 3853 975 2M}.

402 995 507 1050 ope
538 978 918 1033 contendebat
949 975 1205 1046 conspici
1235 976 1415 1030 victor
1436 977 1493 1030 in
1519 974 1920 1046 persuadendo
1946 972 2036 1036 iis,

2173 968 2288 1022 ιετὰ
2344 963 2559 1024 πολλὰς
2615 960 2706 1015 καὶ
2756 957 3013 1019 ποικίλας
3071 957 3169 1018 τὰς
3225 957 3518 1029 τιμωρίας,
3556 957 3677 1007 τὸν
3761 957 3855 1004 δια

2188 1058 2197 1063 -
2432 1053 2443 1063 -
2499 1059 2520 1063 μ
2605 1054 2624 1063 Α
2651 1052 2659 1063 ο
3078 1047 3087 1063 Ι
3307 1045 3320 1063 ὶ
3377 1042 3430 1063 δε
3523 1049 3549 1058 ν
3756 1062 3759 1063 ,
3794 1060 3811 1063 -

398 1047 491 1139 qui
527 1072 692 1122 erant
724 1071 836 1121 tam
864 1064 1240 1135 constantes),
1266 1068 1395 1134 post
1424 1063 1611 1119 multa
1634 1067 1691 1119 et
1721 1064 1878 1118 varia
1908 1078 2040 1132 sup-

2184 1058 2334 1129 ίφους
2387 1053 2563 1108 αὐτῶν
2602 1052 2821 1105 θάνατον
2860 1047 3192 1120 κατακρίνει,
3234 1047 3323 1099 καὶ
3372 1047 3438 1113 δὴ
3479 1049 3605 1097 τῶν
3689 1060 3855 1113 p.19-

2198 1146 2204 1148 Α
2381 1144 2392 1148 -
2449 1146 2457 1148 α
2512 1139 2566 1148 -ιι
2650 1144 2675 1148 μ
2839 1138 2849 1148 ι
3033 1138 3051 1148 Λ
3151 1135 3161 1148 Ι
3316 1134 3334 1148 ς
3460 1132 3513 1148 ,ιθ
3836 1130 3848 1143 ⁸

406 1134 582 1226 plicia
620 1172 715 1211 eos
765 1155 1135 1218 condemnat,
1170 1134 1233 1207 ut
1274 1151 1464 1222 gladio
1499 1158 1738 1207 mortem
1773 1150 2037 1206 subeant.

2173 1146 2324 1218 ςύρων
2375 1144 2460 1218 ὑφ’
2501 1139 2679 1212 ἡδονῇ
2767 1138 2854 1192 καὶ
2918 1135 3199 1210 προθυμίᾳ
3254 1134 3719 1200 τελειωθέντων,
3788 1134 3859 1181 τα

2244 1235 2252 1239 -
2397 1232 2406 1239 ι
2581 1228 2599 1239 ι
2653 1232 2692 1239 .ι
3007 1226 3019 1239 ε
3125 1231 3167 1239 εν
3431 1223 3441 1239 Ι
3762 1219 3777 1237 9

402 1245 757 1315 Martyrihus
786 1250 973 1297 autem
1007 1241 1133 1295 laeto
1155 1246 1212 1295 et
1233 1241 1407 1295 alacri
1440 1241 1635 1295 animo
1667 1254 2040 1295 consumma-

2176 1235 2269 1308 ερὰ
2315 1232 2521 1287 τούτων
2581 1228 2807 1302 λείψανα
2866 1226 3060 1287 νυκτὸς
3124 1226 3442 1298 Χριστιανοί
3490 1242 3661 1281 τινες

400 1333 496 1400 tis,
551 1313 683 1387 cum
746 1347 944 1386 sacras
1000 1346 1200 1384 eorum
1253 1328 1532 1401 reliquias
1577 1337 1747 1383 noctu
1802 1326 2043 1398 quidam

2173 1323 2427 1396 λόμενοι,
2451 1320 2616 1383 ὁσίως
2646 1318 2696 1373 ἐν
2729 1318 2985 1387 ἐπισήμῳ
3017 1313 3301 1378 κατέθεντο
3332 1314 3510 1384 τόπῳ.

403 1420 715 1475 Christiani
765 1419 1159 1485 sustulissent,
1191 1420 1246 1474 in
1300 1418 1517 1489 insigni
1551 1417 1677 1473 loco
1710 1423 1910 1472 sancte
1941 1416 2041 1469 de-

406 1511 751 1580 posuerunt.

482 1597 875 1661 ῙΧ.Οι1ᾶΞάᾶῐῐ1
925 1599 1109 1651 autem
1164 1595 1374 1650 mulier
1423 1612 1490 1650 ex
1538 1596 1611 1649 iis
1660 1611 1783 1665 quae
1822 1594 1881 1648 in
1923 1593 2046 1647 solo

2227 1594 2301 1649 6'.
2336 1590 2473 1657 Γυνή
2537 1585 2595 1642 δέ
2648 1608 2733 1648 τις
2790 1590 2897 1639 τῶν
2954 1583 3041 1639 ἐπὶ
3104 1583 3250 1656 μόνῳ
3307 1586 3421 1652 Θεῷ
3452 1582 3552 1648 τήν
3620 1576 3855 1634 ἐλπίδα

408 1684 523 1740 Deo
582 1700 745 1754 spem
806 1688 1135 1755 posuerant,
1173 1688 1296 1739 orta
1339 1685 1396 1739 in
1439 1684 1764 1751 Palaestina,
1812 1681 2047 1738 nomine

2173 1680 2395 1750 δεμένων
2426 1684 2523 1746 τῆς
2560 1674 2951 1743 Παλαιστηνῶν
2986 1673 3285 1748 ὁρμωμένη
3319 1678 3445 1745 γῆς.
3483 1669 3854 1741 Κλεοπάτρα

409 1753 731 1843 Cleopatra,
761 1753 886 1837 quae
919 1789 1093 1842 prope
1125 1774 1341 1839 aderat,
1377 1790 1507 1828 cum
1541 1774 1858 1828 decertaret
1891 1787 2053 1825 mar-

2173 1770 2326 1841 ιαύτῃ
2385 1767 2447 1820 τὸ
2511 1762 3035 1836 ὅνομα,ἄολοῦντος
3084 1766 3180 1816 τοῦ
3238 1761 3510 1835 μάρτυρος
3570 1757 3850 1831 Οὐάρου,

404 1870 493 1933 tyr
541 1861 748 1927 Varus,
780 1866 838 1915 et
880 1860 1111 1914 videbat
1164 1862 1374 1916 acerba
1422 1861 1527 1917 illa
1577 1865 1891 1928 tormenta,
1926 1875 2051 1930 quas

2173 1858 2320 1933 ἐγγύς
2381 1878 2487 1910 που
2546 1852 2933 1928 παροῦσα,καὶ
2980 1852 3078 1914 τὰς
3128 1850 3323 1924 πικρὰς
3381 1847 3588 1909 ἐκείνας
3652 1848 3849 1920 βασεὶο

410 1950 647 2004 suberat
705 1954 939 2019 prepter
992 1948 1306 2015 Christum,
1365 1955 1421 2006 et
1478 1951 1535 2005 in
1590 1951 1765 2005 corde
1823 1964 2054 2020 gravem

2173 1969 2305 2016 μους,
2342 1949 2400 2008 ἃς
2464 1945 2663 2015 ὑπέστη
2722 1941 2808 1997 διὰ
2862 1943 3087 2017 Χριστὸν
3145 1939 3441 2015 βλέπουσα,
3481 1938 3717 2014 βαρέως
3784 1958 3847 1992 τε

408 2038 633 2109 plagam
668 2038 1008 2108 accipiebat,
1041 2044 1097 2093 et
1130 2055 1333 2109 magna
1363 2039 1732 2094 afﬁciebatur
1765 2037 2052 2103 molestia,

2173 2042 2261 2108 τὴν
2296 2035 2521 2112 καρδίαν
2562 2032 2959 2100 ἐτύπτετο,καὶ
3004 2030 3184 2099 δεινῆς
3237 2029 3552 2102 ἐπληρουτο
3608 2027 3842 2095 λύπης,

412 2129 705 2196 Deumque
756 2126 1371 2197 obsecrabat,jejunio
1420 2145 1639 2183 vacans
1688 2133 1743 2183 et
1785 2126 2054 2193 orationi,

2173 2127 2411 2200 ἐλιπάρει
2480 2146 2539 2179 τε
2610 2125 2672 2179 τὸ
2750 2129 2925 2188 Θεῖον,
2972 2120 3192 2191 νηστείᾳ
3255 2124 3663 2193 προστετηκυῖα
3742 2118 3841 2170 καὶ

415 2221 479 2271 ut
508 2233 674 2272 suam
704 2216 1390 2273 visitarethaereditatem
1417 2219 1488 2273 ad
1514 2218 1797 2273 malorum
1831 2234 2059 2272 revoca-
2162 2214 2469 2273 moaewﬁ.
2530 2215 2621 2268 τὸν
2686 2212 2850 2267 αὐτοῦ
2926 2211 3133 2273 κλῆρον
3193 2211 3275 2263 ἐπ’
3325 2211 3619 2273 ἀνακλήσει
3716 2211 3838 2261 τῶν

415 2307 667 2361 tionem:
702 2307 855 2373 Ipsa,
890 2306 1155 2375 inquam,
1189 2323 1321 2361 cum
1355 2324 1523 2362 suum
1561 2307 1769 2374 ﬁlium,
1806 2309 1904 2378 qui
1939 2308 2055 2378 pri-

413 2409 569 2448 mam
602 2394 808 2463 agebat
829 2398 1077 2460 aetatem,
1103 2400 1268 2449 noctu
1303 2412 1432 2450 cum
1460 2396 1590 2451 aliis
1612 2396 2055 2467 assumpsisset,

412 2486 470 2537 et
512 2481 763 2536 venisset
799 2481 858 2535 in
894 2482 1084 2537 locum
1115 2483 1173 2537 in
1207 2499 1322 2554 quo
1365 2484 1597 2553 jacebat
1642 2501 1850 2555 corpus
1899 2500 2058 2537 mar-

415 2568 578 2641 tyris,
612 2569 668 2623 id
718 2568 891 2637 tollit,
925 2586 989 2623 ac
1038 2573 1308 2640 pretiosis
1358 2575 1524 2627 unxit
1570 2574 1951 2640 aromatibus,
2001 2575 2058 2627 et

416 2659 741 2730 splendidis
790 2660 983 2713 induit
1030 2661 1309 2715 vestibus.
1345 2663 1410 2716 Et
1441 2663 1713 2733 quoniam
1746 2662 2057 2716 vehemens

417 2752 542 2804 erat
598 2749 806 2803 ﬂuctus
863 2749 1177 2820 impietatis
1236 2751 1515 2807 adversus
1572 2751 1950 2819 Christianos,
2004 2757 2058 2805 et

420 2836 617 2907 gravia
668 2842 806 2892 tunc
855 2838 1027 2908 capiti
1076 2839 1485 2910 imminebant,
1516 2841 1725 2896 timens
1754 2842 1811 2894 in
1859 2843 2056 2910 aperto

3755 1219 3861 1293 ὖφο

2162 2214 2469 2289 προσευχῇ,
2530 2215 2621 2268 τὸν
2686 2212 2850 2267 αὐτοῦ
2926 2211 3133 2283 κλῆρον
3193 2208 3275 2263 ἐπ’
3325 2206 3619 2276 ἀνακλήσει

2165 2310 2343 2360 κακῶν
2386 2304 2792 2375 ἐπισκέψασθαι.
2826 2300 2974 2368 Αὕτη
3028 2299 3122 2353 τὸν
3173 2299 3373 2352 οἰκεῖον
3431 2294 3622 2362 παῖδα,
3674 2296 3842 2368 πρώ-

2162 2418 2260 2464 την
2315 2392 2515 2468 ἅγοντα
2572 2393 2671 2460 τὴν
2732 2389 2976 2459 ἡλικίαν,
3014 2389 3130 2461 μεθ’
3162 2388 3357 2462 ἐτέρων
3400 2385 3614 2459 νύκτωρ
3644 2406 3837 2458 παρα-

2165 2480 2428 2549 λαϐοῦσα,
2482 2482 2605 2536 ὅποι
2665 2502 2723 2535 τε
2783 2482 2810 2534 ὁ
2859 2478 3045 2553 νεκρὸς
3105 2482 3199 2531 τοῦ
3261 2479 3530 2551 μάρτυρος
3592 2474 3832 2550 ἔρριπτο

2162 2568 2585 2637 καταλαϐοὔσα;
2634 2574 2827 2625 τοῦτον
2897 2570 3213 2643 ἀναιρεῖται,
3271 2567 3522 2641 ἀρώμασί
3587 2587 3644 2620 τε
3727 2585 3831 2618 πο-

2166 2661 2415 2717 λυτελέσι
2461 2660 2730 2734 μυρίσασα
2758 2658 2849 2712 καὶ
2882 2657 3165 2732 λαμπραῖς
3199 2656 3385 2721 ἐσθῆσι
3435 2650 3823 2729 περιϐαλοῦσα

2163 2751 2253 2804 καὶ
2312 2748 2529 2821 ἐπείπερ
2589 2751 2616 2804 ὁ
2673 2753 2771 2813 τῆς
2828 2744 3076 2809 ἀσεϐείας
3144 2744 3359 2801 κλύδων
3428 2745 3659 2819 ἐκράτει,
3720 2744 3815 2797 καί

2168 2840 2297 2913 ὑπὲρ
2330 2838 2570 2917 κεφαλῆς
2603 2840 2768 2912 ἤρετο
2824 2837 2893 2892 τὰ
2948 2834 3095 2892 δεινὰ
3153 2834 3205 2890 ἐν
3261 2840 3471 2913 φανερῷ
3531 2832 3819 2888 δεδοικυῖα

420 2926 720 2981 ostendere
752 2925 1046 2995 pietatem,
1072 2944 1205 2982 cum
1240 2929 1345 2983 sub
1380 2946 1551 2985 suum
1581 2929 1792 2984 lectum
1827 2927 2059 2983 tulisset

2173 2932 2487 3002 προαγαγεῖν
2542 2930 2640 2995 τὴν
2702 2922 2993 2994 εὐσέϐειαν,
3048 2927 3150 2980 ὑπὸ
3206 2926 3305 2993 τὴν
3363 2924 3536 2991 αὐτῆς
3590 2922 3807 2991 κλίνην,

418 3020 703 3084 quantum
734 3019 899 3069 terrae
931 3017 1279 3085 sufﬁciebat,
1304 3033 1432 3072 eum
1469 3020 1703 3088 deponit
1733 3021 2056 3074 reverenter

2173 3024 2267 3091 γῆν
2311 3017 2434 3071 ὅσον
2486 3017 2683 3090 ἀρκοῦν
2740 3016 2807 3084 ἧν
2866 3015 3232 3088 ἐκφορήσασα,
3293 3009 3605 3085 σεϐασμίως
3650 3013 3803 3067 αὐτὸν

419 3104 742 3158 accendens
773 3103 985 3168 lucem,
1016 3110 1071 3159 et
1102 3105 1417 3173 sufﬁtibus,
1452 3115 1509 3161 ut
1551 3108 1755 3177 potuit,
1787 3109 1839 3162 ei
1870 3107 2050 3162 hono-

2173 3107 2508 3175 κατατίθησι.
2545 3111 2660 3181 φῶς
2706 3125 2765 3159 τε
2812 3100 3070 3158 ἄσϐεστον
3127 3104 3277 3175 αὐτῷ
3337 3102 3688 3179 ὒφάπτουσα,
3726 3101 3812 3154 καὶ

420 3208 542 3247 rem
603 3193 883 3248 tribuens.
944 3194 1295 3250 Procedente
1348 3200 1545 3251 autem
1602 3201 1866 3267 tempore
1925 3214 2059 3254 cum

420 3280 707 3336 idolorum
741 3288 1122 3338 marcesceret
1148 3284 1437 3354 impietas,
1462 3287 1617 3340 venit
1645 3286 1695 3341 ei
1718 3286 1774 3341 in
1808 3296 2059 3343 mentem

426 3368 671 3425 alienam
704 3370 997 3427 dimittere
1046 3372 1362 3443 regionem,
1398 3380 1454 3430 et
1485 3376 1668 3432 redire
1698 3376 1754 3429 in
1790 3376 2060 3445 patriam.

428 3456 569 3509 Cum
597 3460 789 3510 autem
824 3474 937 3512 non
963 3468 1153 3528 posset
1184 3477 1395 3532 corpus
1424 3463 1740 3517 transferre
1771 3462 2061 3532 martyris,

431 3542 539 3598 nisi
572 3543 624 3597 id
658 3546 818 3614 prius
870 3547 1225 3616 signiﬁcaret
1269 3552 1523 3619 praesidi,
1581 3552 1753 3606 rebus
1792 3551 2064 3606 omnibus

428 3632 553 3687 suis
612 3632 757 3687 bene
814 3636 1170 3704 compositis,
1207 3654 1307 3708 per
1356 3640 1669 3708 quemdam
1719 3657 1787 3695 ex
1836 3640 1929 3706 iis,
1967 3639 2065 3711 qui

427 3721 663 3791 ascripti
713 3729 874 3777 erant
912 3724 971 3777 in
1015 3741 1319 3781 numerum
1368 3734 1686 3796 oratorum,
1729 3730 1951 3783 accedit
1992 3729 2063 3783 ad

426 3812 535 3868 loci
569 3812 890 3882 praesidem,
916 3820 967 3868 et
990 3830 1121 3869 eum
1152 3817 1415 3885 pecuniis
1439 3819 1780 3888 aggrediens
1804 3820 2063 3890 rogabat,

430 3905 491 3957 ut
521 3902 631 3957 sibi
665 3918 873 3969 corpus
922 3909 1213 3959 mortuum
1257 3908 1456 3961 eﬁ'erre
1487 3910 1842 3963 concederet.
1876 3909 2063 3971 Quod-

431 4006 564 4045 nam
639 3994 830 4044 autem
888 3997 1040 4047 esset
1096 4008 1329 4065 corpus,
1393 4004 1445 4049 et
1516 3997 1777 4066 quisnam
1855 3998 2064 4053 modus

432 4079 633 4135 mortis
689 4080 1004 4151 explicans,
1065 4083 1291 4139 dicebat
1366 4101 1538 4141 suum
1611 4086 1904 4154 maritum,
1964 4087 2062 4158 qui

430 4169 650 4239 primas
707 4170 1035 4227 obtinuerat
1090 4177 1282 4243 partes
1339 4175 1400 4231 in
1457 4176 1730 4245 exercitu,
1764 4176 2065 4249 multaque

430 4260 701 4329 praeclara
756 4263 811 4314 et
881 4261 1134 4333 insignia
1208 4269 1425 4336 tropaea
1505 4266 1783 4322 adversus
1872 4268 2063 4324 hostes

428 4350 704 4413 erexerat,
750 4363 877 4403 cum
937 4348 994 4403 in
1048 4367 1145 4405 eos
1205 4352 1383 4407 multa
1439 4357 1671 4410 strenue
1727 4359 1784 4409 et
1842 4356 2066 4412 fortiter

429 4434 725 4503 gessisset,
778 4452 847 4490 ex
890 4437 999 4492 hac
1044 4439 1157 4492 vita
1202 4440 1542 4507 excessisse,
1588 4459 1659 4497 ne
1703 4444 2057 4513 sepulturam

2169 3193 2527 3266 θυμιάμασιν,
2559 3195 2635 3254 ὡς
2676 3194 2817 3270 εἶχε,
2851 3194 3087 3265 νέμουσα
3135 3194 3235 3261 τήν
3281 3194 3472 3264 τιμήν.
3508 3192 3703 3266 Χρόνῳ
3758 3189 3813 3245 δὲ

2169 3282 2386 3356 ὕστερον
2435 3289 2534 3349 τῆς·
2617 3280 2914 3350 εἰδωλικῆς
2972 3275 3219 3342 ἀσεϐείας
3292 3280 3816 3354 ἀπομαραινομένης

2166 3375 2289 3424 νοῦν
2320 3368 2447 3444 ἔσχε
2473 3372 2572 3439 τήν
2617 3368 2911 3444 ἀλλοτρίαν
2972 3370 3188 3446 ἀφεῖναι
3253 3369 3344 3424 καὶ
3396 3376 3496 3437 τῆς
3554 3367 3817 3443 πατρίδος

2169 3460 2318 3523 αὖθις
2350 3458 2595 3535 γενέσθαι
2633 3477 2645 3489 ·

2170 3551 2296 3625 κρὸν
2366 3549 2722 3622 μετακομίσαι
2779 3554 2876 3603 τοῦ
2949 3551 3242 3623 μάρτυρος,
3302 3549 3347 3602 εἰ
3412 3551 3485 3622 μὴ
3545 3549 3811 3623 πρότερον

2171 3640 2433 3716 γνωρίσοι
2488 3644 2567 3711 τῷ
2623 3639 2879 3714 ἡγεμόνι,
2918 3639 2984 3693 τὰ
3041 3641 3155 3692 κατ’
3189 3637 3346 3692 αὐτὸν
3403 3637 3458 3692 εὖ
3512 3640 3687 3692 πάντα
3734 3640 3816 3691 Θε-

2175 3729 2333 3802 μένη,
2366 3726 2455 3783 διά
2482 3750 2631 3793 τινος
2660 3732 2767 3783 τῶν
2803 3726 2855 3782 ἐν
2914 3733 3030 3789 τοῖς
3082 3727 3308 3801 ῥήτορσι
3356 3725 3702 3801 γραμμένων,
3732 3724 3811 3797 τῷ

2170 3819 2257 3873 ἐπὶ
2310 3823 2407 3873 τοῦ
2470 3820 2640 3873 τόπου
2722 3818 3110 3891 ἡγεμονεύοντι
3176 3822 3498 3891 προσφοιτᾷ,
3550 3818 3641 3871 καὶ
3720 3817 3810 3871 τὸν

2688 3458 2805 3513 ἐπεὶ
2838 3458 2893 3513 δὲ
2934 3459 3042 3533 οὐχ
3095 3458 3187 3513 οἵα
3234 3480 3291 3513 τε
3338 3462 3402 3528 ἦν
3450 3459 3539 3513 καὶ
3588 3459 3678 3513 τὸν
3739 3480 3815 3512 νε-

2170 3907 2338 3983 ἄνδρα
2372 3912 2651 3982 χρήμασιν
2703 3907 3031 3976 ὑπελθοῦσα,
3064 3906 3237 3963 ἐδεῖτο
3291 3908 3427 3981 αὐτῇ
3482 3909 3813 3983 χαρίσασθαι

2168 4000 2267 4067 τὴν
2309 4001 2407 4052 τοῦ
2452 4002 2645 4071 νεκροῦ
2703 3998 2951 4072 ἐκφοράν.
2987 3999 3079 4059 Τίς
3110 3996 3165 4052 δέ
3210 4000 3236 4053 ὁ
3278 3998 3465 4072 νεκρὸς
3515 3999 3605 4051 καὶ
3665 3997 3813 4057 ὅστις

2172 4088 2199 4141 ὁ
2256 4086 2457 4159 τρόπος
2516 4093 2615 4154 τῆς
2676 4085 2934 4154 τελευτῆς
3012 4087 3407 4162 ἐρμηνεύουσα,
3459 4087 3551 4140 τὸν
3610 4086 3808 4140 οἰκεῖον

2171 4174 2394 4253 ἔφασκεν
2435 4173 2621 4249 ἄνδρα,
2655 4176 2743 4229 τὸν
2784 4175 2835 4229 ἐν
2881 4180 2950 4249 τῇ
3006 4176 3257 4247 στρατείᾳ
3305 4176 3371 4231 τὰ
3401 4180 3591 4250 πρῶτα
3638 4172 3813 4229 διενε-

2170 4266 2387 4339 γκόντα,
2432 4262 2661 4339 λαμπρά
2687 4284 2746 4318 τε
2774 4265 2859 4318 καὶ
2911 4272 3175 4341 περιφανῆ
3232 4263 3527 4332 πολλάκις,
3558 4265 3626 4319 τὰ
3674 4263 3812 4319 κατὰ

2170 4360 2280 4410 τῶν
2328 4352 2611 4425 πολεμίων
2666 4356 2933 4424 στήσαντα
2980 4356 3232 4427 τρόπαια,
3274 4354 3363 4408 καὶ
3412 4351 3651 4414 πολλοῖς
3696 4359 3812 4415 τοῖς

2169 4446 2283 4498 κατ’
2370 4444 2547 4497 αὐτῶν
2631 4442 3190 4518 ἐγκαλλωπισάμενον
3274 4442 3650 4516 ἂριστεύμασι,
3717 4444 3807 4497 τὸν

432 4522 666 4591 quidem
699 4540 871 4593 quam
907 4541 1008 4593 par
1029 4530 1171 4591 erat,
1196 4534 1596 4584 consecutum.
1624 4531 1825 4600 Hujus,
1850 4533 2059 4602 inquit,

2179 4534 2296 4606 βίον
2329 4531 2437 4588 ὦδε
2470 4532 2818 4607 μεταλαχεῖν,
2864 4530 3004 4604 μηδέ
3052 4539 3150 4601 τῆς
3196 4540 3374 4606 ταφῆς
3422 4534 3814 4604 προσηκούσης

433 4624 533 4678 ego
565 4625 776 4679 corpus
807 4610 971 4665 valde
1002 4614 1205 4666 studeo
1235 4613 1293 4669 in
1326 4632 1494 4670 suam
1535 4618 1851 4673 transferre
1881 4620 2063 4687 regio-

431 4713 583 4752 nem.
626 4699 783 4752 Cedit
828 4698 1024 4770 itaque
1073 4702 1379 4771 provincire
1430 4720 1636 4773 praeses
1686 4707 1970 4777 petitioni,
2013 4716 2067 4763 et

427 4789 715 4856 permittit
763 4790 813 4844 ei
868 4791 1053 4846 facere
1110 4794 1253 4863 quod
1318 4794 1666 4864 postulabat.
1715 4797 1820 4851 Illa
1875 4806 2065 4854 autem

428 4877 518 4931 sui
572 4879 805 4948 quidem
858 4880 1046 4935 mariti
1095 4898 1329 4952 corpus,
1363 4884 1461 4953 qui
1506 4884 1564 4938 in
1615 4885 1803 4941 aliena
1840 4889 2068 4956 regione

429 4965 527 5018 diu
562 4972 694 5022 ante
724 4984 754 5023 e
782 4968 926 5024 vivis
956 4979 1300 5040 excesserat,
1330 4979 1706 5031 monumento
1754 4979 2070 5033 mandave~

434 5057 542 5121 rat,
577 5054 632 5108 in
666 5056 721 5109 id
758 5057 967 5126 injecto
999 5062 1251 5129 pulvere.

498 5234 569 5289 X.
606 5237 750 5289 Cum
784 5236 961 5306 igitur
994 5245 1265 5316 martyris
1297 5262 1505 5316 corpus
1536 5248 1890 5317 sustulisset,
1924 5254 1980 5305 et
2012 5251 2069 5306 id

426 5337 627 5376 rursus
664 5323 947 5407 unxisset,
977 5338 1030 5384 et
1051 5331 1419 5401 splendidius
1450 5336 1889 5407 composuisset,
1913 5342 1969 5393 et
2000 5354 2071 5394 ne

424 5409 536 5495 hoc
593 5406 963 5495 Christianus
1012 5419 1297 5490 quispiam
1358 5424 1506 5479 scire
1564 5406 1785 5495 posset,
1827 5426 1885 5482 in
1939 5443 2071 5482 arca

424 5493 694 5561 oleagina
735 5490 1146 5584 imposuisset,
1196 5514 1252 5563 et
1296 5490 1701 5569 abscondisset
1747 5490 1903 5584 (nam
1953 5514 2069 5584 pri-

422 5593 592 5637 mum
647 5576 881 5648 quidem
937 5589 1175 5647 timebat
1217 5599 1480 5667 gentium
1511 5576 1825 5672 insaniam,
1859 5576 2070 5659 deinde

2173 4623 2484 4692 ἀξιωθέντα.
2519 4622 2748 4692 Τούτου,
2782 4620 2937 4694 φησὶ,
2969 4622 3061 4675 τὸν
3110 4622 3294 4694 νεκρὸν
3352 4622 3455 4695 ἐγὼ
3513 4621 3602 4674 διὰ
3644 4642 3811 4675 σπου.

2175 4708 2275 4779 δῆς
2306 4712 2424 4785 ἄρτι
2457 4710 2671 4782 τίθεμαι
2719 4709 2854 4785 πρὸς
2897 4712 2997 4778 τήν
3036 4709 3231 4765 οἰκείαν
3279 4715 3628 4783 μετενεγκεῖν.
3663 4711 3813 4765 Εῗκει

2171 4803 2458 4874 τοιγαροῦν
2493 4800 2520 4853 ὁ
2550 4805 2647 4866 τῆς
2681 4797 2948 4873 ἐπαρχίας
2979 4800 3201 4873 ἡγεμὼν
3234 4800 3368 4872 πρὸς
3415 4800 3516 4867 τὴν
3575 4797 3812 4868 αἴτησιν,

2176 4888 2266 4941 καὶ
2296 4888 2551 4959 πράττειν
2581 4885 2717 4959 αὐτῇ
2755 4888 2817 4941 τὸ
2848 4888 3249 4963 παριστάμενον
3293 4886 3567 4962 ἐπιτρέπει
3602 4908 3615 4921 ·
3662 4891 3697 4957 ἡ
3762 4887 3817 4941 δὲ

2176 4978 2265 5031 τὸν
2305 4978 2399 5048 μὶν
2429 4981 2527 5030 τοῦ
2564 4976 2757 5045 ἑαυτῆς
2789 4973 2983 5053 ἀνδρὸς
3013 4977 3197 5049 νεκρὸν
3255 4976 3345 5031 τὸν
3405 4976 3523 5051 βίον
3572 4974 3818 5032 ἐπάλλο-

2180 5062 2355 5133 δαπῆς
2398 5063 2600 5136 πολλῷ
2630 5065 2890 5140 πρότερον
2922 5064 3323 5128 καταλύσαντος
3360 5068 3606 5139 μνήματι
3646 5086 3821 5138 παρα-

2179 5151 2401 5208 δεδώκει
2435 5154 2582 5208 κόνιν
2614 5149 2968 5211 ἐπιϐαλοῦσα.

2249 5244 2307 5298 Ι’.
2340 5245 2446 5299 Τὸν
2477 5241 2533 5297 δὲ
2561 5247 2658 5297 τοῦ
2702 5243 2971 5317 μάρτυρος
3020 5244 3136 5319 ἄρτι
3190 5244 3489 5317 ἀνελομένη
3550 5244 3823 5319 μυρίσασά

2177 5353 2235 5386 τε
2295 5330 2468 5403 αὖθις,
2502 5330 2860 5405 λαμπρότερα
2910 5352 2967 5386 τε
3032 5330 3424 5407 περιϐαλοῦσα,
3471 5336 3558 5388 καὶ
3627 5336 3703 5397 ὡς
3760 5335 3823 5389 ἂν

2175 5423 2370 5493 μήτινι
2435 5424 2593 5476 τοῦτο
2657 5425 2845 5493 μαθεῖν
2894 5420 3119 5496 ὑπάρξοι
3168 5424 3531 5497 Χριστιανῶν,
3566 5423 3616 5478 ἐν
3671 5422 3817 5498 τύλῃ

2178 5509 2329 5585 ἐρέας
2393 5508 2649 5583 ἐνθεμένη
2703 5512 2793 5565 καὶ
2851 5511 3223 5587 ὑποκρύψασα,
3282 5512 3472 5569 ἐδεδίει
3531 5514 3636 5589 γὰρ
3683 5516 3820 5586 πρός

2178 5619 2328 5673 τερον
2370 5599 2464 5672 μὶν
2505 5602 2611 5654 τῶν
2663 5598 3001 5673 ἐλληνίστῶν
3057 5603 3157 5671 τήν
3219 5602 3430 5676 μανίαν,
3466 5602 3597 5675 μετά
3644 5606 3817 5659 ταῦτα
