4128 6274
299 381 450 444 1153

1557 379 2050 442 MARTYRIUM
2095 381 2155 440 S.
2205 381 2413 443 VARI.

3525 385 3682 447 1154

293 540 350 598 δὲ
382 541 580 613 πολλῷ
609 539 778 596 πλέον
823 542 931 594 τῶν
992 533 1228 593 εὐσεϐῶν
1295 539 1396 608 τὴν
1447 537 1779 613 θερμότητα,
1811 538 1936 593 πάν-

2054 544 2267 608 autem,
2301 543 2358 595 et
2405 539 2588 594 multo
2630 539 2815 610 magis
2867 540 3093 611 piorum
3133 542 3438 614 fervorem,
3492 547 3686 601 omni-

291 651 398 686 των
449 630 523 690 ὡς
561 629 622 685 τὸ
671 628 814 690 εἰκὸς
863 626 1019 702 ἔργον
1059 632 1226 683 τοῦτο
1266 624 1689 683 σπουδαιότατον
1739 648 1930 682 ποιου-

295 723 472 795 μένων
523 720 852 792 ἀναιρεῖσθαι
897 721 1004 771 τῶν
1059 717 1190 790 ὑπὲρ
1237 718 1472 790 Χριστοῦ
1528 718 1811 780 παθόντων
1866 719 1932 770 τὰ

292 809 540 881 λείψανα,
591 806 800 860 τούτων
851 803 941 859 οὗν
988 806 1062 865 ὡς
1112 802 1310 872 ἥδιστα
1355 804 1477 880 περὶ
1535 809 1700 859 ταῦτα
1741 802 1929 859 διαπο-

289 897 587 971 νουμένων,
645 895 821 964 ἐκείνη
895 896 994 962 τήν
1071 891 1442 963 Παλαιστίνην
1501 888 1930 967 καταλαμϐάνει.

291 987 467 1044 Αὐτοῦ
525 983 583 1040 δὲ
628 982 892 1058 γενομένη
943 986 1078 1037 κατά
1121 1003 1238 1037 τινα
1287 984 1482 1055 κώμην
1533 981 1678 1057 παρᾶ
1707 987 1786 1055 τῷ
1829 989 1930 1036 Θα-

292 1072 481 1152 ϐωρίῳ
537 1073 818 1147 κειμένην,
871 1070 1041 1148 ’Έδρα
1099 1069 1156 1127 δὲ
1205 1073 1615 1146 κατωνόμαστο,
1673 1073 1734 1126 τὸ
1788 1077 1930 1136 θεῖον

292 1170 450 1238 σῶμα
515 1167 616 1219 τοῦ
713 1163 988 1236 μάρτυρος
1075 1161 1436 1230 κατατίθεται,
1513 1159 1803 1234 λαμπάδας
1875 1181 1933 1214 τε

294 1253 632 1330 ὑφάπτουσα,
694 1253 780 1306 καὶ
849 1251 1034 1305 πολλὰ
1089 1254 1196 1304 τῶν
1249 1251 1499 1323 εὐόσμων
1549 1249 1800 1317 καίουσα,
1840 1251 1928 1303 καὶ

292 1340 382 1397 διὰ
427 1349 597 1415 τιμῆς
647 1339 828 1410 πάσης
887 1340 1111 1416 ἄγουσα,
1144 1340 1218 1401 ὥς
1278 1338 1370 1393 οὖν
1427 1338 1572 1394 πολύ
1607 1361 1660 1394 τι
1717 1339 1932 1408 πλῆθος

289 1431 590 1505 ἀνθρώπων
647 1432 778 1498 ἧκον
837 1427 924 1484 ἐπὶ
972 1429 1070 1498 τήν
1120 1427 1275 1502 σορὸν
1325 1428 1490 1501 ἑώρα,
1531 1434 1783 1502 πανταχῆ
1831 1428 1934 1502 γὰρ

291 1517 398 1590 ἤδη
439 1523 605 1573 τοῦτο
638 1512 986 1588 διαϐεϐόητο,
1030 1517 1120 1570 καὶ
1167 1515 1367 1576 πάντας
1407 1519 1441 1584 ἡ
1493 1516 1639 1588 ὀσμὴ
1689 1519 1798 1570 τῶν
1835 1515 1931 1569 αὖ·

291 1614 394 1665 τοῦ
443 1609 684 1687 χαρίτων
736 1608 900 1680 ὀξέως
955 1605 1160 1676 ἐκάλει,
1193 1607 1283 1660 καὶ
1325 1605 1418 1668 οὓς
1450 1605 1668 1680 χαλεπή
1701 1626 1786 1667 τις
1818 1604 1932 1660 ἐπι-

292 1697 530 1755 πεσοῦσα
585 1699 740 1760 νόσος
797 1697 992 1766 ἐπίεζε,
1024 1695 1114 1750 καὶ
1170 1693 1262 1757 οὓς
1317 1699 1562 1770 πονηροῦ
1626 1695 1934 1767 πνεύματος

294 1793 538 1863 συνεῖχεν
588 1787 850 1862 ἐνέργεια,
900 1786 1093 1847 πάντες
1140 1787 1244 1860 γὰρ
1291 1789 1360 1859 τῇ
1407 1788 1507 1850 τῆς
1559 1788 1720 1859 σοροῦ
1764 1805 1936 1859 προσ-

296 1877 510 1934 αλεύσει
553 1881 660 1932 τῶν
705 1873 1076 1951 ἐνοχλούντων
1129 1873 1286 1934 εὐθὺς
1338 1871 1782 1944 ἀπηλλάττοντο,
1819 1871 1934 1928 δέον

295 1968 453 2040 ᾠήθη
504 1966 594 2022 καὶ
641 1965 767 2019 ναὸν
813 1967 1016 2040 ἐγεῖραι
1058 1965 1138 2035 τῷ
1182 1965 1410 2038 μάρτυρι
1444 1963 1634 2017 σεπτὸν
1685 1965 1719 2032 ἡ
1779 1961 1934 2040 φιλό-

300 2077 523 2132 μαρτυς,
565 2055 700 2124 ἐπεὶ,
735 2052 790 2109 δὲ
851 2052 1034 2128 εἷ’χετο
1087 2059 1188 2122 τῆς
1247 2050 1573 2126 οἷκοδομῆς,
1615 2050 1934 2113 πολυτελῶς

298 2144 426 2219 ἄγαν
475 2145 565 2200 καὶ
607 2143 940 2219 φιλοτίμως,
971 2143 1150 2196 ποίων
1213 2143 1305 2215 μὲν
1361 2141 1627 2218 χαρίτων,
1663 2141 1822 2202 ποίας
1877 2137 1935 2195 δὲ

301 2237 394 2290 ab:
476 2233 650 2306 ἡδονῇ
738 2233 882 2308 ὥρας
958 2230 1136 2304 ἐκείνῃ
1231 2228 1678 2306 προσμειδώσης,
1761 2235 1934 2306 χαρᾶς

299 2321 552 2400 ἔμπλεως
609 2323 892 2400 γενομένη,
945 2320 1126 2399 χαίρει
1183 2321 1288 2394 γὰρ
1362 2321 1517 2397 ψυχὴ
1571 2318 1743 2374 καλοῦ
1795 2321 1933 2393 πράο

299 2435 510 2492 γματος
542 2410 978 2486 έπιμελουμένη,
1007 2413 1168 2464 τοῦτο
1213 2410 1333 2481 μὲν,
1363 2407 1446 2463 ὅτι
1496 2407 1650 2484 φύσει
1697 2408 1759 2462 τὸ
1809 2407 1936 2484 ἀγα-

300 2506 390 2559 Θὸν
446 2507 618 2578 χαρᾶς
659 2501 914 2574 πρόξενον
953 2503 1070 2561 τοῖς
1111 2497 1494 2573 ἐργαζομένοις
1524 2494 1634 2570 ςδιὰ
1679 2497 1777 2564 τήν
1831 2497 1935 2551 ἀπὸ

295 2599 396 2648 τοῦ
435 2588 742 2654 συνειδότος
788 2588 1190 2665 πληροφορίαν,
1220 2590 1381 2640 τοῦτο
1428 2582 1486 2640 δὲ
1538 2586 1624 2640 καὶ
1682 2582 1771 2639 διὰ
1835 2585 1932 2653 τὴν

299 2680 665 2755 ἐλπιζομένην
715 2675 1007 2746 ἀντίδοσιν,
1048 2681 1226 2751 χαρᾶς
1270 2675 1362 2730 οὖν
1403 2675 1775 2746 πληρωθεῖσα,
1820 2678 1937 2737 τοῖς

299 2775 556 2844 κρατοῦσι
605 2771 866 2846 χρημοτα
903 2767 1106 2838 πέμπει
1147 2771 1313 2838 τιμῆς
1357 2763 1579 2833 ἀξιῶσαι
1627 2763 1723 2818 τὸν
1772 2761 1937 2818 παῖδα

297 2866 403 2927 τῆς
433 2859 558 2932 παρ’
589 2857 771 2916 αὐτοῖς
803 2853 1152 2924 αἰτουμένης,
1182 2852 1272 2906 καὶ
1321 2853 1666 2925 παραχρῆμα
1715 2850 1940 2924 βασιλι-

303 2951 392 3002 καὶ
450 2948 577 3020 παρ’
637 2944 772 3017 αὐτῇ
833 2937 1126 3008 συλλαϐαὶ,
1163 2933 1474 3014 βεδαιοῦσαι
1524 2943 1603 3011 τῷ
1667 2936 1820 2992 παιδὶ
1877 2940 1938 2993 τὸ

303 3033 542 3108 ἀξίωμα.

379 3124 569 3182 ΙΑ’.Ἣ
617 3120 673 3177 δὶ
725 3119 862 3183 τέως
903 3119 998 3192 μὲν
1057 3112 1303 3189 ἀναϐολῇ
1347 3116 1410 3170 τὸ
1475 3120 1697 3190 πρᾶγμα
1729 3112 1940 3187 δίδωσι,

309 3211 430 3286 περὶ
503 3211 604 3278 τὴν
682 3203 985 3279 οἰκοδομὴν
1064 3203 1441 3278 ἐμμελέστατα
1515 3201 1940 3275 διαπονουμένη,

2045 633 2176 700 bus,
2211 634 2276 685 ut
2313 647 2418 702 par
2461 638 2602 698 erat,
2633 629 2886 684 maximo
2931 631 3120 687 studio
3169 634 3674 705 con-tendentibus,

2037 737 2109 775 ne
2141 719 2480 774 tollerentur
2509 718 2767 790 reliquiae
2801 735 3023 785 eorum,
3055 720 3155 790 qui
3191 721 3346 792 passi
3376 729 3542 779 erant
3573 741 3675 796 pro

2037 809 2308 880 Christo),
2343 809 2492 864 venit
2535 809 2593 863 in
2625 807 3009 865 Palaestinam.
3043 809 3187 865 Cum
3230 811 3350 868 illic
3380 813 3589 870 fuisset
3619 817 3678 872 in

2039 898 2292 970 quodam
2333 897 2456 952 vico
2487 899 2587 968 qui
2628 897 2774 952 situs
2823 901 2948 953 erat
2977 900 3138 969 juxta
3167 900 3548 972 Thaborium,
3584 906 3678 961 cui

2040 1003 2251 1041 nomen
2299 991 2419 1039 erat
2449 987 2611 1046 Edra.
2649 985 2886 1056 deponit
2923 986 3187 1043 divinum
3219 1005 3427 1060 corpus
3462 997 3679 1063 marty-

2039 1078 2135 1146 ris,
2213 1077 2624 1148 lampadesque
2710 1078 3056 1146 accendens,
3136 1084 3192 1135 et
3253 1095 3427 1138 urens
3493 1085 3678 1139 multa

2038 1166 2346 1233 odorifera,
2405 1166 2462 1220 id
2523 1165 2772 1220 habebat
2821 1165 2878 1220 in
2937 1167 3094 1222 omni
3163 1167 3398 1224 honore.
3477 1171 3679 1228 Postea

2037 1256 2238 1310 videns
2263 1269 2532 1324 magnam
2556 1253 2862 1309 hominum
2888 1255 3328 1311 multitudinem
3349 1260 3676 1315 venientem

2040 1345 2110 1399 ad
2143 1341 2397 1398 loculum
2440 1342 2588 1413 (erat
2615 1341 2769 1396 enim
2819 1343 2865 1398 is
2909 1343 3029 1413 jam
3091 1345 3355 1401 omnium
3414 1363 3680 1404 sermone

2039 1432 2386 1499 celebratus,
2445 1434 2502 1485 et
2543 1431 2686 1485 odor
2733 1431 2858 1500 ejus
2916 1432 3234 1501 gratiarum
3283 1451 3488 1490 omnes
3567 1437 3678 1493 cito

2039 1520 2303 1584 vocabat,
2337 1523 2456 1572 tam
2489 1519 2588 1589 qui
2621 1519 2780 1590 gravi
2820 1519 3016 1592 aliquo
3065 1523 3268 1577 morbo
3313 1521 3676 1596 laborabant,

2041 1623 2212 1680 quam
2265 1623 2408 1678 quos
2465 1606 2708 1679 maligni
2765 1607 3004 1679 spiritus
3060 1609 3300 1666 vexabat
3346 1613 3603 1682 operatio
3657 1629 3674 1668 :

2039 1713 2244 1753 omnes
2275 1696 2432 1752 enim
2483 1712 2583 1766 per
2625 1712 2922 1752 accessum
2957 1699 3031 1753 ad
3061 1697 3342 1768 loculum,
3377 1717 3504 1756 mox
3533 1701 3676 1760 libe-

2042 1785 2320 1842 rabantur
2377 1785 2448 1841 ab
2487 1784 2558 1840 iis
2620 1801 2745 1855 quas
2804 1785 2888 1840 eis
2946 1785 3270 1844 molestiam
3322 1789 3677 1861 efferebant),

1967 1873 2402 1977 Bexistimavit
2467 1877 2727 1943 oportere
2795 1874 3036 1944 martyri
3081 1876 3364 1947 templum
3431 1879 3681 1936 excitare

2045 1963 2462 2030 venerandum,
2489 1962 2700 2016 mulier
2727 1978 2932 2018 amans
2956 1966 3296 2034 martyrum.
3320 1965 3463 2021 Cum
3487 1973 3680 2024 autem

2043 2068 2256 2122 magno
2305 2057 2566 2122 sumptu,
2615 2053 2672 2106 et
2718 2067 2929 2122 magna
3007 2054 3378 2110 contentione
3453 2061 3686 2128 urgeret

2045 2140 2487 2196 aediﬁcationem
2513 2139 2884 2211 (quibusnam
2909 2139 3142 2210 quidem
3165 2141 3390 2212 gratiis,
3424 2159 3677 2215 quanam

2045 2233 2236 2285 autem
2269 2245 2390 2285 curn
2415 2228 2734 2298 voluptate,
2771 2227 3060 2300 elegantia
3099 2233 3155 2285 et
3184 2232 3375 2302 specie
3413 2232 3532 2290 illic
3563 2251 3678 2289 non

2046 2318 2358 2390 arridente)
2424 2317 2554 2389 ipsa
2631 2318 2842 2374 referta
2923 2316 3136 2374 latitia
3212 2321 3458 2391 (laetatur
3521 2325 3676 2379 enim

2045 2407 2262 2476 anima,
2293 2405 2376 2461 rei
2409 2405 2662 2476 pulchrae
2693 2421 2890 2461 curam
2921 2422 3147 2478 gerens,
3181 2409 3387 2478 partim
3419 2411 3676 2481 quidem,

2045 2496 2200 2567 quod
2241 2495 2389 2550 bono
2439 2497 2647 2548 natura
2677 2494 2756 2549 sit
2784 2494 3048 2560 insitum,
3081 2501 3145 2551 ut
3172 2495 3265 2566 iis,
3299 2497 3400 2568 qui
3439 2498 3494 2554 id
3539 2515 3679 2572 ope-

2046 2587 2271 2650 rantur,
2304 2581 2574 2637 conciliet
2629 2580 2936 2651 laetitiam;
2985 2585 3195 2654 partim
3255 2594 3450 2642 autem
3507 2587 3682 2644 etiam

2045 2674 2281 2744 propter
2345 2685 2496 2740 eam,
2571 2685 2697 2740 quis
2755 2673 3046 2742 speratur,
3113 2675 3686 2749 remunerationem),

2046 2759 2354 2832 pecuniam
2407 2758 2590 2814 mittit
2641 2758 2715 2814 ad
2755 2774 2874 2824 eos,
2919 2760 3020 2830 qui
3053 2775 3244 2817 rerum
3292 2764 3682 2834 potiebantur,

2047 2853 2250 2918 petens
2272 2851 2338 2902 ut
2367 2846 2585 2902 honore
2614 2863 2784 2902 suum
2817 2848 3202 2919 dignarentur
3231 2850 3438 2907 tilium.
3471 2853 3680 2910 Statim

2049 2939 2244 2990 autem
2304 2934 2376 2989 ad
2424 2951 2551 2990 eam
2609 2943 2742 2990 sunt
2795 2937 2990 2992 missae
3029 2936 3228 2993 litteris
3275 2939 3680 3012 imperatoriae,

2049 3024 2391 3094 dignitatem
2418 3023 2536 3080 ﬁlio
2566 3023 2908 3082 tribuentes.

2123 3111 2216 3166 ΧΙ.
2252 3112 2353 3166 llla
2381 3127 2516 3167 vero
2548 3129 2670 3167 rem
2703 3113 2937 3183 quidem
2972 3115 3162 3172 differt
3191 3117 3444 3188 interim,
3469 3121 3531 3174 ut
3563 3135 3685 3192 qum

2053 3199 2114 3254 in
2145 3198 2480 3255 aediﬁcando
2513 3198 2804 3255 laboraret
2824 3201 3291 3272 diligentissime.
3323 3205 3467 3261 Cum
3498 3213 3686 3263 autem

313 3301 428 3356 ἐπεὶ
479 3297 534 3354 δὲ
581 3299 648 3354 τά
692 3301 788 3352 τοῦ
837 3299 965 3351 ναοῦ
995 3294 1160 3368 πέρας
1192 3295 1332 3368 εἶχε,
1363 3291 1452 3347 καὶ
1484 3291 1559 3354 εἰς
1589 3293 1758 3363 τιμὴν
1789 3293 1943 3354 οὗτος

2061 3289 2290 3343 {initum
2329 3291 2483 3343 esset
2503 3287 2809 3358 templum,
2842 3269 3018 3360 idq‘ue
3041 3295 3220 3347 staret
3249 3301 3604 3350 exstructum
3631 3296 3690 3352 in

315 3391 552 3460 εἴστήκει
581 3392 660 3460 τῷ
723 3388 976 3462 μάρτυρι,
1007 3382 1270 3458 συγκαλεῖ
1310 3383 1404 3455 μὲν
1443 3382 1568 3443 τοὺς
1631 3387 1728 3451 τῆς
1786 3379 1948 3456 ἐπαρ-

313 3481 446 3556 χίας
493 3477 820 3537 ἐπισκόπους
870 3473 960 3528 καὶ
1009 3469 1426 3548 πρεσϐυτέρους,
1460 3469 1548 3524 ἐπὶ
1591 3475 1659 3544 τῇ
1700 3474 1794 3524 τοῦ
1822 3473 1950 3524 ναοῦ

315 3565 650 3641 καθιερώσει.
687 3561 960 3637 Συγκαλεῖ
1013 3559 1068 3616 δὲ
1119 3561 1212 3614 καὶ
1255 3559 1375 3614 ὅσοι
1403 3564 1508 3614 τῶν
1547 3562 1800 3633 μοναχῶν
1861 3558 1948 3612 ἐπὶ

315 3664 394 3730 τῷ
448 3659 566 3712 κατ’
597 3657 794 3731 ἀρετὴν
855 3655 957 3727 βίῳ
1011 3651 1456 3724 διέλαμπον,καῖ
1509 3651 1606 3720 τῆς
1668 3653 1832 3724 σοροῦ
1888 3649 1950 3702 τὸ

317 3747 461 3817 ἱερὸν
539 3748 698 3816 σῶμα
764 3745 862 3796 τοῦ
942 3742 1212 3815 μάρτυρος
1271 3737 1621 3810 ἐκκομίσασα,
1682 3735 1952 3812 λαμπρῶς

317 3833 406 3889 ἐπὶ
437 3831 771 3892 πολυτέλοῦς
803 3827 1054 3893 κατέθετο
1101 3827 1316 3896 κλίνης,
1349 3826 1574 3896 ἐπέθηκέ
1631 3847 1689 3881 τε
1743 3827 1834 3880 καὶ
1891 3827 1951 3894 ἢν

320 3925 346 3978 ὁ
379 3927 505 3983 παῖς
536 3917 800 3996 χλαμύδα
855 3920 944 3974 καὶ
1003 3919 1180 3987 ζώνην
1239 3913 1450 3972 ἐνδῦναι
1496 3919 1593 3970 τοῦ
1643 3916 1948 3988 ἀξιώματος

317 4007 568 4086 ἔμελλεν,
628 4007 996 4085 εὐλογηθῆναί
1052 4027 1109 4062 τε
1165 4010 1381 4082 πρῶτον
1443 4005 1587 4079 παρᾶ
1665 4008 1772 4059 τῶν
1841 4002 1953 4059 ἐκεῖ

319 4099 708 4170 συνελθόντων,
751 4099 844 4152 εἶθ’
891 4097 1064 4159 οὕτως
1114 4091 1540 4170 περιϐαλλέσθω
1589 4097 1777 4148 τοῦτον
1834 4092 1952 4146 ἒκά-

315 4211 444 4266 τερα
522 4191 936 4264 παρεσκεύασεν,
998 4184 1180 4242 ἔπειτα
1265 4185 1538 4258 πάννυχον
1628 4179 1949 4256 δοξολογίαν

320 4283 462 4353 ὁμοῦ
509 4281 589 4350 τῷ
645 4279 805 4332 παντὶ
850 4274 1052 4345 πλήθει
1083 4272 1451 4344 ποιησαμένη,
1483 4271 1616 4338 αὐτῆ
1675 4289 1733 4323 τε
1785 4269 1875 4322 καὶ
1923 4269 1952 4321 ὁ

319 4373 449 4430 παῖς
505 4363 826 4430 ὑπελθόντες
888 4368 1098 4436 πρῶτοι
1144 4361 1206 4414 τὸ
1271 4363 1429 4430 σῶμα
1485 4361 1581 4412 τοῦ
1661 4357 1952 4430 μάρτυρος,

321 4457 412 4512 καὶ
474 4459 634 4509 τοῦτο
712 4448 1174 4513 διαϐαστάσαντες,
1232 4448 1284 4502 έν
1340 4451 1418 4518 τῷ
1501 4448 1596 4500 τοῦ
1646 4449 1772 4498 ναοῦ
1823 4446 1952 4520 ἰερῷ

324 4541 690 4613 θυσιαστηρίῳ
717 4543 878 4613 ἱερῶς
914 4538 1302 4604 κατατίθενται,
1329 4535 1396 4590 τα
1447 4533 1492 4589 0'"
1533 4533 1621 4589 ἐπὶ
1661 4533 1874 4595 τούτοις
1917 4536 1951 4602 ἡ

2057 3380 2339 3437 honorem
2401 3380 2694 3451 martyris,
2763 3386 3042 3438 convocat
3090 3385 3326 3453 quidem
3385 3387 3690 3457 provinciae

2057 3469 2361 3541 episcopos
2381 3473 2438 3523 et
2468 3467 2832 3540 presbyteros
2854 3469 2922 3524 ad
2946 3471 3148 3541 templi
3172 3475 3690 3531 consecrationem.

2059 3559 2349 3612 Convocat
2393 3562 2586 3612 autem
2641 3557 2958 3614 monachos
2989 3559 3187 3626 etiam,
3221 3562 3320 3631 qui
3350 3561 3564 3618 virtute
3597 3579 3691 3618 re—

2059 3647 2454 3718 splendebant.
2485 3647 2551 3701 Et
2581 3663 2714 3702 cum
2747 3663 2777 3702 e
2803 3647 2992 3706 loculo
3032 3667 3262 3706 sacrum
3296 3668 3506 3722 corpus
3540 3670 3694 3709 mar-

2058 3735 2197 3808 tyris
2253 3735 2580 3802 extulisset,
2641 3735 2697 3790 id
2752 3736 2810 3790 in
2855 3737 3162 3808 magniﬁco
3221 3739 3368 3796 lecto
3429 3742 3696 3813 praeclare

2061 3824 2348 3895 deposuit.
2407 3823 2692 3892 Imposuit
2746 3825 2922 3880 etiam
2981 3825 3319 3899 clamydem,
3381 3835 3438 3885 et
3489 3847 3694 3886 zonam

2059 3912 2381 3982 dignitatis,
2414 3927 2586 3983 quam
2618 3912 2773 3967 ﬁlius
2805 3930 2949 3969 suus
2972 3919 3093 3971 erat
3123 3915 3455 3988 induturus,
3495 3918 3696 3974 volens

2061 4005 2124 4055 ut
2154 4002 2408 4071 primum
2441 4001 2920 4056 benedicerentur
2951 4001 3020 4057 ab
3063 4003 3154 4070 iis,
3191 4005 3284 4075 qui
3319 4005 3452 4061 illuc
3483 4023 3690 4062 conves

2059 4097 2284 4156 nerant,
2319 4089 2527 4142 deinde
2559 4093 2872 4160 utrumque
2903 4090 3189 4146 indueret.
3219 4095 3413 4164 Itaque
3435 4111 3566 4150 cum
3592 4113 3694 4166 per

2063 4181 2290 4230 noctem
2350 4174 2522 4228 simul
2555 4191 2680 4230 cum
2715 4180 2836 4231 toto
2871 4179 3085 4247 populo
3135 4180 3362 4236 fecisset
3410 4182 3698 4254 glorifica-

2059 4263 2299 4330 tionem,
2331 4262 2456 4332 ipsa
2481 4267 2536 4316 et
2565 4263 2718 4316 filius
2739 4263 2911 4317 simul
2935 4265 3252 4322 subeuntes
3281 4269 3454 4339 primi
3487 4287 3696 4343 corpus

2062 4349 2356 4420 martyris,
2398 4353 2455 4404 et
2482 4347 2538 4402 id
2574 4348 2844 4416 ferentes,
2894 4358 3258 4410 sacrosancte
3289 4356 3590 4428 deponunt
3637 4359 3699 4414 in

2063 4455 2226 4494 sacra
2248 4453 2346 4492 ara
2368 4437 2586 4507 templi.
2611 4440 2750 4494 Post
2778 4439 2902 4494 haec
2927 4447 3121 4496 autem
3144 4459 3346 4499 amans
3373 4451 3698 4516 martyrum

2062 4527 2380 4598 Cleopatra,
2412 4527 2680 4583 ardenter
2709 4527 2936 4585 instans
2965 4533 3022 4585 et
3052 4529 3399 4604 lacrymans,
3434 4535 3551 4590 ﬁlio
3598 4551 3702 4590 suo

325 4631 666 4712 φιλόμαρτυς
741 4626 1084 4700 Κλεοπάτρα,
1139 4627 1498 4700 προσκειμένῃ
1578 4627 1791 4697 θερμῶς
1865 4623 1943 4676 κα

2067 4621 2122 4672 et
2168 4615 2276 4670 sibi
2327 4615 2478 4670 bona
2527 4615 2776 4672 ﬁdeliter
2823 4619 3052 4689 petebat
3081 4637 3113 4674 a
3159 4624 3429 4692 martyre.
3465 4623 3702 4678 Interim

327 4719 652 4794 δακρύουσα,
678 4721 756 4790 τῷ
803 4714 958 4771 παιδί
1003 4737 1062 4771 τε
1098 4716 1187 4770 καὶ
1237 4716 1399 4788 ἑαυτῇ
1429 4714 1494 4767 τὰ
1545 4712 1711 4788 ἀγαθᾶ
1751 4712 1956 4771 πιστῶς

331 4807 358 4828 ν
642 4807 656 4826 \
785 4811 813 4823 -υ
937 4807 947 4826 r
1235 4803 1248 4824 1
1427 4803 1441 4822 1
1597 4800 1638 4820 κς
1715 4801 1734 4820 ι·
1892 4807 1922 4828 ..-

327 4831 446 4886 ῃτει
520 4829 666 4884 παρα
719 4829 816 4862 του
880 4825 1170 4881 μαρτυρος,
1232 4825 1282 4859 εν
1347 4824 1525 4875 τουτῳ
1593 4819 1650 4856 οε
1708 4821 1810 4875 αρα
1857 4821 1956 4868 της

331 4899 474 4966 θείας
526 4897 862 4972 λειτουργίας
915 4899 1074 4970 ἱερῶς
1133 4893 1498 4962 τελεσθείσης,
1557 4891 1785 4964 ποικίλῃ
1861 4890 1952 4962 μὲν

329 4991 419 5044 καὶ
461 4987 687 5064 λαμπρᾷ
735 4992 804 5062 τῇ
859 4985 1096 5060 τραπέζῃ
1141 4988 1266 5045 τοῦς
1325 4981 1434 5038 ἐκεῖ
1484 4979 1840 5044 συνελθόντας
1883 4977 1954 5030 εἱ-

332 5078 470 5146 στία,
493 5079 558 5132 τὰ
601 5075 659 5131 δὲ
707 5076 830 5151 περὶ
877 5077 978 5143 τήν
1028 5071 1298 5127 διακονίαν
1363 5089 1565 5140 ταυτην
1613 5067 1694 5140 τῷ
1740 5089 1800 5122 τε
1857 5067 1960 5136 υἱῷ

329 5168 421 5224 καὶ
472 5168 633 5240 ἑαυτῇ
681 5163 928 5228 ἀνετίθει.
963 5165 1062 5219 Ἦν
1098 5159 1154 5216 δὲ
1183 5157 1628 5236 παρηγγελμένον
1660 5161 1738 5228 τῷ
1803 5152 1958 5210 παιδὶ

329 5257 478 5331 παρᾶ
505 5257 606 5326 τὴς
653 5255 888 5327 μητέρος
923 5249 1053 5324 μηδ’
1083 5252 1315 5306 ὁποσοῦν
1353 5246 1565 5323 βρωτοῦ
1613 5265 1760 5307 τινος
1788 5244 1823 5314 ἢ
1857 5265 1956 5298 πο-

327 5350 426 5401 τοῦ
481 5343 742 5417 πρότερον
787 5335 1136 5414 μεταλαϐεῖν,
1166 5337 1290 5412 πρίν
1347 5335 1405 5392 δὲ
1460 5337 1527 5392 τὰ
1569 5342 1670 5404 τῆς
1721 5332 1958 5410 εὐωγίας

331 5435 410 5496 είς
439 5433 604 5508 πέρας
644 5431 842 5496 ἐλθεῖν.
876 5431 1034 5488 Οὕτω
1064 5433 1170 5485 τῶν
1199 5427 1323 5501 περὶ
1353 5428 1451 5494 τὴν
1502 5423 1736 5502 εὐωχίαν
1795 5423 1960 5497 πέρας

329 5523 596 5598 ἐχόντων,
626 5525 727 5586 τῆς
772 5521 981 5594 ἡμέρας
1028 5539 1086 5574 τε
1115 5515 1222 5586 ἤδη
1281 5513 1562 5583 κλινάσης,
1595 5512 1741 5568 ἂλλὰ
1767 5511 1829 5565 τῦ
1867 5515 1958 5564 νῦν

326 5611 659 5687 ῥηθήσεσθαι
735 5607 938 5682 μέλλον
1005 5605 1366 5682 μικροψόχων
1453 5605 1544 5676 μὲν
1603 5601 1814 5675 ταράξει
1873 5599 1960 5653 καὶ

327 5699 496 5761 ἀκοὰς
525 5699 616 5754 καὶ
647 5699 848 5773 ψυχὰς,
879 5702 988 5754 τῶν
1039 5694 1096 5752 δὲ
1135 5699 1266 5751 Θεοῦ
1308 5694 1541 5770 τρόπους
1593 5689 1714 5746 ὅσον
1752 5689 1963 5765 ἐφικτον

2066 4713 2259 4761 autem
2291 4703 2488 4760 divino
2511 4705 2835 4761 ministerio
2867 4713 3235 4764 sacrosancte
3265 4715 3514 4780 peracto,
3547 4712 3705 4767 varia

2067 4793 2300 4865 quidem
2350 4797 2407 4848 et
2448 4792 2752 4863 splendida
2797 4809 3001 4850 mensa
3031 4797 3253 4868 accepit
3283 4813 3402 4866 eos,
3436 4799 3534 4870 qui
3563 4799 3704 4855 illuc

2067 4883 2478 4936 convenerant.
2511 4881 2646 4946 Qum
2678 4885 2868 4936 autem
2893 4883 3258 4954 pertinebant
3291 4886 3362 4941 ad
3395 4886 3708 4942 hocmini-

2067 4969 2328 5039 sterium,
2363 4967 2482 5024 tilio
2534 4973 2593 5025 et
2622 4969 2732 5026 sibi
2765 4971 3126 5043 imponebat.
3159 4973 3302 5030 Filio
3334 4991 3466 5032 vero
3523 4980 3711 5033 mater

2062 5059 2338 5130 jusseral,
2400 5061 2464 5112 ut
2519 5074 2624 5115 nec
2691 5059 2912 5131 cibum,
2973 5075 3079 5117 nec
3155 5069 3356 5134 potum
3429 5069 3705 5135 sumeret,

2069 5147 2406 5220 priusquam
2463 5147 2696 5204 ﬁnitum
2729 5153 2880 5206 esset
2914 5149 3264 5208 convivium.
3301 5151 3512 5209 Deinde
3543 5153 3705 5210 ﬁnito

2071 5235 2350 5304 convivio,
2411 5241 2470 5293 et
2523 5237 2615 5293 die
2666 5239 2788 5309 jam
2847 5238 3182 5308 inclinante,
3215 5241 3350 5312 (Sed
3409 5243 3490 5312 id,
3549 5244 3702 5314 quod

2071 5342 2228 5382 nunc
2257 5325 2568 5382 dicendum
2599 5327 2978 5394 est,turbabit
3006 5329 3246 5400 quidem
3291 5347 3458 5387 aures
3497 5336 3554 5386 et
3582 5332 3705 5387 ani-

2072 5431 2198 5470 mos
2242 5431 2442 5471 eorum
2493 5415 2593 5488 qui
2649 5420 2787 5471 sunt
2841 5417 3038 5489 pusilli
3093 5421 3150 5474 et
3197 5418 3406 5490 abjecti
3454 5419 3632 5475 animi
3685 5437 3700 5476 :

2071 5519 2270 5562 eorum
2329 5507 2546 5572 autem,
2605 5506 2728 5578 qui,
2759 5507 2944 5578 quoad
3001 5509 3128 5580 ejus
3183 5508 3305 5564 ﬁeri
3365 5513 3571 5580 potest,
3609 5509 3703 5564 Dei

2073 5593 2304 5650 modum
2328 5597 2640 5664 norunt,et
2662 5610 2886 5667 magnae
2907 5595 3068 5652 illius
3089 5597 3383 5669 sapientiae
3407 5595 3706 5666 providen-

2075 5682 2209 5738 tiam
2243 5681 2664 5751 admirabilem,
2695 5685 2878 5756 magis
2896 5686 3136 5743 movebit
3160 5685 3418 5756 linguam
3441 5683 3509 5739 ad
3533 5684 3705 5739 bene~
