4128 6274
465 344 617 405 1155

1759 320 2034 383 ΜΕΝΞῙΞ
2082 317 2460 378 OCTOBER.

3734 312 3900 371 M56

460 500 792 561 dicendum,
817 500 873 552 et
894 495 1093 549 factum
1116 486 1538 545 admittendum
1556 487 1785 555 propter
1805 496 1956 547 eam,
1981 495 2107 550 quae

2229 471 2459 539 εἰδότων,
2508 469 2597 526 καὶ
2657 472 2757 536 τῆς
2816 466 3064 544 μεγάλης
3121 467 3328 524 ἐκείνου
3371 470 3565 547 σοφίας
3630 465 3903 543 παραδῦ-

460 607 530 645 ex
558 606 624 645 eo
654 587 864 650 evenit,
892 578 1248 649 utilitatem),
1284 592 1425 647 puer
1446 575 1705 630 defessus
1726 572 1785 626 in
1819 586 1925 626 suo
1953 569 2100 625 lecto

460 676 810 735 recumbebat
831 675 1225 727 :materaulem
1250 665 1351 718 ﬁlii
1369 662 1627 719 osculata
1644 660 1874 717 oculos:
1898 662 2100 728 Surge,

461 767 568 832 ﬁli,
606 766 856 825 dicebat,
887 764 942 815 et
972 774 1104 812 cum
1140 762 1319 809 matre
1360 753 1556 806 cibum
1581 765 1768 806 sume.
1803 745 2101 813 Quomodo

461 856 617 912 enim
644 854 871 909 defesso
895 853 949 903 et
974 847 1174 917 jejuno
1199 842 1369 897 fuerit
1387 837 1982 910 somnusjucundus?
2003 834 2105 890 Ille

465 948 657 999 autem
686 956 819 995 cum
852 957 882 992 a
912 932 1235 990 vehementi
1268 937 1321 985 et
1352 934 1522 983 acuta
1555 930 1709 982 febre
1728 926 2101 989 detineretur,

466 1049 536 1087 ne
568 1031 737 1086 matri
790 1027 1025 1098 quidem
1062 1024 1286 1094 poterat
1316 1016 1680 1088 respondere.
1715 1020 1853 1069 Tum
1880 1018 2103 1067 mater:

464 1124 649 1183 Certe,
680 1116 891 1187 inquit,
926 1128 1029 1167 nec
1059 1127 1164 1180 ego
1208 1108 1444 1179 quidem
1485 1106 1703 1171 cibum,
1747 1106 1847 1156 aut
1886 1099 2105 1171 aliquid

463 1208 621 1264 aliud
652 1205 918 1278 gustabo,
954 1200 1064 1254 nisi
1090 1198 1250 1268 prius
1282 1193 1634 1260 intellexero,
1671 1191 1962 1261 quomodo
1991 1189 2107 1243 haec

466 1314 558 1354 res
597 1293 850 1352 evenerit
894 1291 1030 1345 tilio.
1086 1288 1147 1342 Ei
1177 1286 1355 1357 igitur
1396 1282 1663 1338 assidens
1693 1279 2002 1345 insomnis,
2054 1282 2110 1332 et

466 1386 653 1443 morbi
686 1384 970 1448 ardorem,
1004 1383 1067 1433 ut
1107 1380 1352 1449 poterat,
1384 1373 1755 1444 refrigerans,
1788 1374 1887 1424 aut
1918 1368 2109 1439 potius

466 1476 577 1533 sibi
618 1475 811 1546 ignem
859 1468 1184 1524 accendens
1217 1481 1245 1520 e
1276 1463 1613 1527 visceribus,
1647 1461 1805 1515 circa
1853 1457 2107 1512 mediam

466 1544 695 1621 noctem
749 1559 967 1631 (qualia
1015 1562 1149 1611 sunt
1208 1552 1309 1608 Dei
1360 1549 1669 1622 judicia!)
1716 1545 1862 1602 vidit
1921 1544 2107 1599 ﬁlium

466 1653 668 1707 morbo
701 1648 1049 1712 confectum,
1084 1649 1140 1697 et
1164 1644 1453 1712 jacentem
1482 1642 1801 1693 mortuum.

2210 564 2331 634 ξους
2402 560 2739 633 οίκονομίας,
2794 561 3004 629 κινήσει
3059 557 3273 631 μᾶλλον
3331 561 3431 628 τὴν
3482 558 3766 636 γλῶτταν
3824 558 3900 619 εἷς

2210 650 2505 731 εὐφημίαν,
2546 651 2635 705 καὶ
2691 650 2754 705 τὸ
2794 650 3028 725 γεγονὸς
3060 645 3414 717 ἀποδέξονται
3462 651 3563 717 τῆς
3615 650 3777 722 πρὸς
3839 648 3901 702 τὸ

2213 740 2485 817 συμφέρον
2544 736 2836 799 ἐκϐάσεως.
2896 734 3038 807 ’Ήδη
3099 741 3228 812 γοῦν
3283 737 3420 805 πρὸς
3486 736 3736 811 ἑσπέραν
3800 735 3899 804 ὢν,

2211 831 2518 890 κατάκοπος
2579 830 2606 882 ὁ
2659 833 2787 888 παῖς
2837 827 3083 903 γεγονὼς
3125 831 3195 899 τῇ
3246 827 3439 881 ἐαυτοῦ
3492 827 3657 900 κοίτῃ
3715 847 3897 899 προσ-

2215 918 2558 976 ανεκλίνετον
2609 920 2644 986 ἡ
2698 915 2755 971 δέ
2807 918 2994 989 μήτηρ
3055 919 3340 990 προσφῦσα
3386 920 3502 976 τοῖς
3535 922 3636 970 τοῦ
3686 912 3897 974 παιδὸς

2215 1001 3395 1086 ὀφθαλμοῖς,”Λνίστασο,τέκνον,ἔλεγε,καὶ
3435 1004 3525 1059 σῦν
3561 1010 3632 1079 τῇ
3683 1005 3895 1077 μητέρι

2214 1096 2465 1151 κοινώνει
2520 1101 2727 1170 τροφῆς
2769 1114 2781 1126 '
2834 1098 2950 1155 πῶς
2991 1094 3095 1167 γὰρ
3146 1093 3207 1147 ἂν
3255 1093 3420 1155 ὕπνος
3460 1091 3598 1163 ἡδὺς
3660 1115 3895 1167 κεκμη-

2216 1186 2333 1240 κὸτι
2373 1185 2463 1239 καὶ
2504 1183 2675 1254 ἂσίτῳ
2706 1182 2942 1258 γένοιτο,
2977 1183 3004 1236 ὁ
3037 1182 3112 1238 δὲ.
3148 1177 3337 1257 λάϐρῳ
3367 1203 3425 1236 τε
3449 1182 3540 1237 καὶ
3573 1184 3701 1252 ὀξεῖ
3728 1204 3898 1257 πυρε-

2215 1279 2294 1346 τῷ
2332 1273 2569 1346 κάτοχος
2603 1270 2701 1341 ὢν,
2736 1269 2859 1325 οὐδὲ
2893 1269 3062 1347 λόγον
3102 1264 3231 1345 ἔσχε
3275 1274 3345 1342 τῇ
3390 1272 3587 1345 μητέρι
3640 1271 3896 1346 ἀποκρίο

2216 1374 2426 1431 νασθαι,
2468 1361 2557 1415 καὶ
2589 1360 2723 1427 αῦτή
2752 1379 2764 1393 ⁶
2788 1366 2857 1415 ’Ἣ
2893 1360 3026 1432 μὴν,
3059 1353 3184 1437 ἔφη,
3222 1356 3347 1413 οῦδέ
3388 1360 3494 1435 ἐγὼ
3524 1368 3751 1435 τροφῆς
3800 1360 3896 1415 οῦ-

2218 1450 2275 1506 δέ
2338 1472 2483 1513 τινος
2544 1450 2942 1523 ἀπογεύσομαι,
2999 1450 3045 1503 εἰ
3108 1450 3184 1521 μὴ
3243 1450 3509 1523 πρότερον
3577 1450 3717 1523 περὶ
3796 1456 3897 1504 τοῦ

2216 1541 2563 1615 πράγματος,
2596 1540 2747 1600 ὅπως
2791 1536 2849 1592 ἂν
2887 1532 3068 1610 ἀποϐῇ
3101 1542 3181 1609 τῷ
3213 1539 3316 1607 υἱῷ
3349 1539 3605 1610 μάθοιμι,
3639 1541 3739 1593 καὶ
3788 1536 3898 1607 δῆ-

2216 1653 2284 1686 τα
2308 1632 2738 1707 παρακαθημένη
2783 1634 2863 1701 τῷ
2903 1626 3057 1683 παιδὶ
3107 1630 3334 1697 ἄϋπνος,
3375 1628 3464 1682 καὶ
3514 1630 3606 1683 τὸν
3670 1628 3736 1683 ἐκ
3791 1636 3896 1697 τῆς

462 1742 621 1795 νόσου
685 1735 961 1815 φλογμὸν,
1023 1730 1202 1803 ὥσπερ
1263 1728 1329 1796 ἦν
1391 1726 1613 1780 δυνατὸν
1683 1722 2055 1796 ἀναψύχουσα,
2204 1718 2418 1791 μᾶλλον
2467 1718 2629 1792 ἑαυτῇ
2684 1720 2747 1773 τὸ
2804 1722 2911 1792 πῦρ
2960 1713 3128 1773 πλέον
3206 1718 3310 1772 ἀπὸ
3365 1722 3474 1772 τῶν
3534 1717 3892 1793 σπλάγχνων

466 1829 790 1893 ἀνάπτουσαι,
831 1822 955 1896 περὶ
992 1818 1154 1893 μέσας
1187 1817 1382 1877 νύκτας
1417 1818 1528 1885 (οἷα
1557 1815 1624 1868 τὰ
1654 1818 1750 1867 τοῦ
1782 1815 1915 1867 Θεοῦ
1953 1809 2190 1884 κρίματα
2220 1812 2279 1883 ί),
2323 1810 2422 1883 ὁρᾶ
2451 1809 2541 1863 τὺν
2572 1806 2738 1863 παῖδα
2786 1810 2855 1878 τῇ
2903 1808 3045 1880 νόσῳ
3083 1808 3529 1883 κατεργασθέντα,
3567 1809 3661 1862 καὶ
3692 1810 3890 1883 νεκρὸν

469 1914 679 1993 ἅφωνὸν
712 1934 769 1968 τε
798 1912 886 1966 καὶ
918 1910 1120 1964 ἄπνουν
1151 1907 1424 1979 κείμενον.

541 2009 666 2061 ΧΠ.
700 2008 841 2060 Cum
873 2020 1006 2073 ergo
1056 2001 1329 2057 acerbum
1363 1998 1518 2051 hunc
1552 1995 1787 2050 vidisset
1817 1997 2106 2056 eventum,

2287 1990 2388 2047 ΙΒ’.
2412 1992 2523 2045 Τοῦ
2565 1994 2693 2063 γοῦν
2731 1993 2929 2063 πικροῦ
2969 1988 3166 2043 τούτοτ
3217 1986 3496 2062 δράματος
3550 1989 3886 2063 αἰσθομένη,

473 2096 727 2168 primum
762 2094 996 2164 quidem
1051 2088 1311 2159 caligans
1371 2086 1531 2139 humi
1590 2082 1824 2148 decidit,
1874 2097 2117 2151 eamque

477 2184 679 2240 statim
736 2198 841 2236 vox
900 2179 1129 2246 defecit,
1163 2193 1295 2231 cum
1340 2175 1677 2244 repentinus
1716 2170 1881 2227 dolor
1916 2168 2120 2223 fuisset

476 2273 688 2343 linguae
720 2270 901 2325 instar
931 2265 1167 2322 vinculi.
1201 2265 1311 2319 Sed
1337 2279 1466 2318 cum
1494 2277 1694 2333 parum
1728 2261 1797 2314 ad
1831 2274 1890 2314 se
1922 2256 2124 2312 rediis-

477 2365 583 2428 set,
616 2363 672 2414 et
720 2356 984 2412 nonnihil
1046 2353 1405 2424 resipuisset,
1438 2350 1700 2405 humeris
1733 2348 1945 2403 tollens
1972 2362 2123 2400 mor-

479 2458 641 2504 tuum
674 2463 884 2517 corpus
916 2445 1041 2513 ﬁlii,
1065 2448 1121 2499 et
1145 2444 1213 2498 ad
1258 2458 1479 2498 sacram
1513 2440 1573 2495 id
1605 2455 1765 2495 aram
1799 2438 2009 2499 ferens,
2042 2434 2122 2489 ibi

481 2538 738 2609 deponit,
770 2545 821 2591 et
853 2535 1097 2605 capillos
1120 2531 1361 2597 vellens,
1392 2531 1554 2601 luget
1578 2529 1759 2582 tilium
1814 2543 1825 2580 :
1874 2524 2123 2588 Perdidi,

481 2628 703 2692 dicens,
748 2642 779 2679 o
840 2624 941 2689 ﬁli,
987 2639 1200 2689 meam,
1254 2637 1381 2691 quas
1429 2620 1486 2672 in
1548 2623 1599 2671 te
1649 2616 1926 2671 collocata
1980 2619 2121 2679 erat,

483 2732 670 2788 spem.
716 2713 814 2768 Hei
842 2713 984 2766 mihi
1013 2711 1024 2765 ί
1055 2728 1086 2766 o
1121 2710 1222 2777 ﬁli,
1257 2708 1349 2763 bei
1381 2705 1560 2761 mihi!
1600 2722 1631 2761 ο
1663 2704 1837 2759 cbare
1865 2702 1990 2767 ﬂos,
2022 2701 2124 2770 qui

484 2805 568 2859 sic
589 2812 720 2858 ante
755 2810 983 2871 tempus
1015 2797 1314 2853 marcuisti
1341 2792 1785 2851 miserabiliter!
1825 2790 1923 2845 Hei
1956 2788 2121 2857 mihi,

482 2897 644 2947 tuum
706 2906 810 2961 ego
869 2889 1044 2943 finem
1076 2887 1263 2952 video,
1302 2900 1434 2956 quae
1482 2881 1787 2953 sperabam
1826 2894 1953 2933 esse
1982 2895 2015 2932 a
2073 2883 2124 2931 te

484 2981 757 3034 alendam
792 2978 851 3032 in
886 2981 1180 3032 senectute
1214 2974 1225 3027 l
1259 2972 1453 3026 Talem
1488 2986 1662 3035 nunc,
1693 2986 1724 3023 o
1757 2966 2121 3034 charissime,

487 3068 892 3122 alimentorum
926 3063 1064 3119 mibi
1094 3062 1275 3117 vicem
1310 3058 1540 3115 reddis!
1576 3057 1745 3113 Tales
1776 3072 1879 3127 ego
1914 3056 2126 3110 misera

485 3159 607 3226 spei
633 3171 774 3209 mere
803 3152 1013 3223 colligo
1038 3152 1260 3206 fructus
1286 3150 1297 3203 l
1325 3150 1446 3212 Quo
1473 3164 1591 3215 ore,
1625 3161 1877 3217 quanam
1899 3144 2123 3216 lingua,

484 3244 697 3314 quibus
730 3243 950 3297 deﬂebo
982 3239 1204 3296 oculisl
1237 3239 1462 3293 Utinam
1489 3251 1675 3290 meam
1709 3251 1809 3305 pro
1842 3242 1936 3287 tua
1968 3250 2121 3288 mor-

2226 2082 2414 2148 πρῶτα
2473 2078 2567 2150 μὲν
2626 2078 2728 2131 ὑπὸ
2789 2077 2999 2150 ἰλίγγου
3053 2078 3194 2153 πρὸς
3244 2085 3346 2150 γῆν
3393 2079 3747 2148 καταπίπτει,
3796 2079 3886 2133 καὶ

2230 2167 2395 2233 αὐτὴν
2424 2168 2529 2239 πρὸ
2559 2174 2657 2235 τῆς
2707 2170 2893 2239 ψυχῆς
2938 2166 3199 2221 ἀπέλιπεν
3311 2169 3486 2245 φωνή.
3521 2170 3634 2237 Τῆς
3674 2170 3886 2243 ἀθρόας

2230 2252 2413 2323 λύπης
2481 2255 2597 2309 ἀντῖ
2657 2251 2869 2326 δεσμῶν
2925 2258 2993 2326 τῇ
3044 2253 3267 2328 γλώττῃ
3316 2255 3703 2329 γεγενημένης,
3770 2257 3885 2310 εἶτα

2235 2343 2425 2417 μικρὸν
2482 2342 2978 2415 ἂνενεγκοῦσα,καὶ
3039 2343 3235 2418 ὀλίγου
3294 2366 3346 2398 τι
3405 2344 3743 2417 ἀνανήψασα,
3791 2346 3881 2400 τὸν

2230 2435 2325 2485 τοῦ
2389 2429 2584 2492 παιδῦς
2652 2433 2836 2505 νεκρὸν
2895 2432 2982 2486 ἐπὶ
3047 2438 3156 2486 τῶν
3218 2428 3386 2505 ὤμων
3448 2432 3755 2505 ἀνελομένη
3828 2434 3884 2487 ὃν

2232 2517 2487 2591 ἐδείματο
2544 2524 2624 2591 τῷ
2671 2522 2902 2595 μάρτυρι
2949 2518 3357 2593 καταλαμϐάνει
3417 2523 3568 2590 ναὸν,
3616 2528 3696 2595 τῷ
3747 2525 3878 2597 ἱερῷ

2231 2627 2289 2661 τε
2343 2612 2532 2662 τοῦτον
2593 2611 2965 2684 θυσιαστηρίῳ
3035 2609 3269 2687 φέρουσα
3344 2612 3717 2684 παρατίθεται,
3788 2612 3875 2665 καὶ

2232 2700 2339 2750 τῶν
2398 2701 2609 2771 τριχῶν
2665 2695 2972 2771 λαϐομένη,
3006 2698 3141 2772 πρὸς
3195 2700 3285 2753 τὸν
3346 2697 3516 2754 παῖδα
3566 2700 3871 2772 ἀνῴμωξεν,

2234 2785 2517 2849 Ἀπώλεάς
2548 2806 2675 2857 μου,
2710 2784 2958 2860 λέγουσα,
2989 2788 3085 2848 τὰς
3116 2786 3204 2842 ἐπὶ
3237 2788 3345 2857 σοὶ,
3373 2789 3578 2857 τέκνον,
3611 2786 3871 2862 ἐλπίδας]’

2234 2873 2412 2946 οἷ’μοι,
2444 2873 2489 2927 ὦ
2529 2881 2649 2943 παῖ,
2681 2873 2835 2948 οἷ’μοι
2867 2875 3027 2954 φίλον
3059 2873 3236 2945 ἄνθος,
3260 2877 3364 2951 πρὸ
3395 2884 3496 2946 τῆς
3525 2876 3677 2952 ὥρας
3708 2878 3863 2937 οὕτως

2234 2962 2483 3024 ἐλεεινῶς
2516 2963 2949 3034 ἀπομαρανθείςί
3004 2956 3143 3020 Φεῦί
3187 2966 3268 3019 δτι
3306 2967 3369 3019 τὸ
3419 2966 3511 3019 σὸν
3562 2964 3675 3041 ἐγὼ
3722 2965 3861 3026 τέλος

2234 3052 2368 3126 ὁρῶ,
2402 3052 2524 3120 ἥτις
2557 3052 2659 3105 ὑπὸ
2688 3052 2772 3105 σοὶ
2808 3052 3019 3123 μᾶλλον
3052 3054 3142 3107 καὶ
3198 3059 3317 3115 ταῖς
3365 3060 3483 3109 σαῖς
3533 3053 3725 3109 ἐλπίσι
3766 3078 3866 3129 γη-

2235 3139 2738 3214 ροτροφηθήσεσθαι
2787 3137 3044 3209 ἤλπιζον,
3096 3141 3321 3195 τοιαῦτά
3365 3163 3458 3213 μοι
3498 3147 3590 3196 νῦν
3631 3141 3870 3211 ἐκτίνεις,

2236 3228 2263 3279 ὁ
2304 3225 2583 3302 φίλτατος,
2616 3228 2682 3281 τὰ
2710 3233 2970 3304 τροφεῖα;
3003 3231 3295 3292 Τοιούτους
3327 3234 3359 3299 ἡ
3395 3228 3604 3285 δειλαισ
3633 3237 3742 3286 τῶν
3786 3231 3872 3287 ἐλ-

482 3339 596 3388 tem
630 3332 1008 3401 aspexissem,
1034 3333 1088 3383 et
1112 3328 1216 3382 filii
1250 3327 1389 3381 mihi
1426 3325 1619 3380 charis
1654 3323 1923 3377 manibus
1965 3337 2118 3373 man-

2231 3314 2405 3369 πίδων
2455 3315 2560 3390 ἐγὼ
2611 3313 2880 3388 δρέπομαι
2930 3320 3057 3381 τοῦς
3103 3324 3380 3395 καρποῦς;
3425 3321 3573 3393 Ποίῳ
3622 3322 3870 3393 συὸματι,

482 3423 614 3476 data
646 3435 831 3474 essem
868 3416 1261 3473 monimento!
1291 3415 1523 3470 Utinam
1555 3413 1684 3484 ipsa
1717 3410 1821 3465 tibi
1862 3410 2118 3475 jacerem

480 3510 669 3580 potius
718 3512 966 3575 mortua,
1018 3511 1073 3560 et
1104 3507 1421 3561 honorarer
1452 3512 1547 3558 tuo
1602 3517 1874 3572 processu
1924 3500 1994 3554 ad
2028 3514 2122 3552 se—

479 3601 791 3671 pulcrum!
854 3598 945 3653 Sic
978 3597 1131 3652 enim
1183 3613 1285 3667 ego
1345 3611 1537 3651 essem
1595 3592 1749 3648 felix.
1790 3592 1880 3647 Sic
1938 3591 1999 3645 in
2031 3604 2122 3644 me

479 3686 681 3755 utique
705 3689 1048 3739 conservata
1080 3689 1233 3737 esset
1262 3683 1347 3736 lex
1385 3686 1639 3752 patrum.

479 3775 583 3847 κρά.
610 3777 725 3832 ταῖς
762 3776 876 3831 σαῖς
908 3768 993 3823 ἐπὶ
1036 3769 1126 3822 τὸν
1157 3770 1324 3844 τάφον
1355 3767 1637 3839 τιμωμένη
1670 3762 1928 3839 προόδοις
1963 3782 1974 3795 ’
2007 3761 2149 3817 οὕτω
2189 3761 2290 3837 γὰρ
2324 3760 2392 3829 ἦν
2417 3758 2691 3835 εὐδαίμων
2719 3760 2824 3837 ἐγώ
2858 3782 2870 3795 °

476 3870 583 3919 τῶν
617 3861 861 3935 πατέρων
896 3860 1139 3932 ἐτηρεῖτο
1170 3858 1361 3931 νόμος.

548 3954 699 4009 ΧΙΙΙ.
750 3952 844 4007 Sic
901 3950 1148 4019 dicebat,
1190 3954 1246 4004 et
1287 3947 1590 4020 procidens
1630 3962 1836 4001 rursus
1866 3945 2120 4015 lugebat,

482 4048 540 4099 et
571 4049 847 4112 tanquam
881 4041 1072 4095 adhuc
1106 4040 1425 4094 animatum
1457 4035 1859 4107 alloquebatur
1914 4049 2123 4103 corpus

484 4132 809 4202 martyris:
862 4130 1165 4195 Quodnam
1226 4131 1476 4193 tantum,
1539 4126 1762 4190 dicens,
1822 4142 1853 4180 ο
1910 4123 2121 4178 Christi

484 4226 722 4290 martyr,
758 4219 993 4273 sceleris
1027 4216 1392 4285 admisimus,
1428 4224 1487 4269 ut
1519 4216 1576 4269 in
1628 4215 1777 4271 banc
1802 4222 1912 4270 tam
1964 4228 2123 4269 acer—

483 4310 619 4364 bam
676 4308 1069 4362 incideremus
1100 4305 1495 4359 calamitatem
1536 4306 1563 4357 ?
1598 4304 1744 4370 Non,
1800 4303 2011 4358 marito
2063 4301 2123 4356 in

484 4406 719 4453 externa
748 4398 983 4467 regione
1015 4395 1237 4461 relicto,
1264 4393 1447 4463 pluris
1479 4408 1653 4462 quam
1679 4392 1899 4462 reliqua
1928 4390 2125 4444 omnia

485 4488 594 4542 feci
623 4491 790 4539 tuum
822 4490 1120 4552 exportare
1150 4497 1360 4549 corpus
1396 4481 1422 4534 ‘2
1456 4484 1577 4534 Non
1618 4480 1689 4535 ab
1724 4480 1868 4550 ipsis
1920 4478 2124 4532 funda-

485 4574 699 4630 mentis
732 4572 835 4627 tibi
859 4569 1142 4638 templum
1174 4569 1430 4623 exstruxi
1455 4569 1482 4622 ?
1510 4567 1655 4632 Non,
1686 4568 1733 4621 si
1768 4566 1910 4621 nihil
1942 4567 2121 4620 aliud.

2234 3405 2365 3475 ποίᾳ
2394 3402 2618 3478 γλώσσῃ
2651 3404 2717 3459 τὰ
2763 3407 2827 3459 σά
2866 3407 3190 3483 φθέγξομαι,
3237 3409 3418 3471 ποίοις
3460 3410 3702 3483 ὄμμασιν
3753 3412 3874 3465 ἀνα-

2231 3492 2582 3566 κλαύσομαις
2630 3493 2867 3570 ’Όφελον
2909 3496 3000 3549 τὸν
3053 3496 3183 3569 ἐμῦν
3231 3498 3457 3552 θάνατον
3510 3498 3746 3567 ἐπεῖδον,
3785 3499 3869 3554 καὶ

2232 3588 2350 3643 ταῖς
2381 3587 2476 3637 τοῦ
2532 3580 2726 3645 παιδὸς
2758 3582 2881 3656 ἐμοὶ
2914 3583 3099 3661 φίλαις
3128 3585 3287 3661 χερσί
3316 3592 3395 3657 τῷ
3439 3591 3685 3659 μνήματι
3737 3609 3871 3661 παρ-

2232 3671 2449 3742 εδόθην.
2497 3671 2729 3748 Ὄφελον
2776 3675 2914 3743 αὐτή
2972 3695 3057 3729 σοι
3122 3676 3456 3749 προεκείμην
3521 3677 3740 3750 μᾶλλον
3784 3699 3873 3732 νε-

2925 3762 3099 3826 οὕτως
3139 3763 3196 3818 ἂν
3235 3764 3318 3820 ἐπ’
3356 3764 3480 3839 ἐμοὶ
3533 3765 3803 3838 δήπουθεν
3846 3770 3871 3822 ὁ

2301 3942 2399 3996 Il".
2435 3940 2622 4004 Οὕτως
2663 3938 2840 4017 ἔλεγε,
2890 3946 2979 4000 καὶ
3026 3950 3397 4002 καταπεσοῦσα
3452 3946 3615 4003 πάλιν
3668 3944 3867 4018 ἔστενε,

2233 4032 2320 4084 καὶ
2348 4030 2422 4092 ὡς
2454 4031 2690 4106 ἐμψύχῳ
2722 4031 2799 4088 ἔτι
2842 4039 2920 4106 τῷ
2958 4041 3055 4090 τοῦ
3105 4038 3377 4112 μάρτυρος
3439 4039 3654 4109 σώματι
3704 4036 3872 4094 διελέ-

2233 4140 2358 4194 γετο
2393 4138 2405 4150 ·
2439 4119 2505 4175 Τί
2535 4120 2947 4190 τηλικοῦτον,ὧ
2976 4128 3071 4177 τοῦ
3101 4125 3335 4199 Χριστοῦ
3369 4125 3867 4201 μάρτυς,ἠδικήκα.

2236 4231 2331 4282 μεν
2375 4209 2627 4284 λέγουσα,
2659 4211 2735 4274 ὡς
2775 4217 2941 4287 πικρᾷ
2982 4215 3205 4287 τοιαύτῃ
3256 4221 3560 4289 περιπεσεῖν
3594 4222 3866 4294 συμφορᾷ,

2234 4298 2331 4353 οὐκ
2386 4300 2436 4354 ἐν
2495 4299 2762 4376 ἀλλοτρίᾳ
2813 4304 2902 4357 τὸν
2955 4301 3120 4379 ἄνδρα
3174 4304 3571 4376 καταλιποῦσα,
3607 4308 3706 4375 τήν
3772 4311 3869 4361 τοῦ

2234 4389 2488 4459 σώματος
2562 4387 2792 4465 ἐκφοράν
2845 4392 2970 4464 περὶ
3043 4393 3240 4453 παντὸς
3299 4391 3496 4464 ἐθέμην
3560 4398 3658 4448 τοῦ
3726 4400 3869 4463 σοῦ;

2232 4475 2346 4532 Οὐκ
2394 4475 2445 4547 ἐξ
2488 4477 2662 4532 αὐτῶν
2718 4477 3000 4551 κρηπίδων
3057 4478 3361 4554 ἐδειμάμην
3411 4502 3505 4535 σου
3555 4482 3649 4537 τὸν
3707 4483 3868 4552 ναὸνς

2233 4564 2367 4630 Οὐκ,
2400 4566 2445 4619 εἰ
2492 4569 2566 4639 μή
2617 4588 2670 4620 τι
2717 4566 2881 4637 ἄλλο,
2910 4571 3008 4639 τήν
3055 4574 3181 4643 γοῦν
3234 4569 3337 4623 απὸ
3371 4574 3553 4645 ψυχῆς
3590 4569 3871 4645 εῗσηνεγγα

484 4665 588 4721 tibi
622 4661 804 4718 obtuli
840 4675 1032 4715 meum
1074 4657 1251 4713 animi
1285 4656 1649 4728 propositum
1678 4657 1706 4710 ?
1735 4654 1878 4721 Quid
1927 4659 2118 4711 autem

2234 4653 2524 4725 πρόθεσιν;
2577 4654 2643 4711 Τί
2701 4653 2758 4709 δέ
2817 4677 2910 4724 μοι
2965 4663 3132 4711 ταῦτα
3189 4654 3471 4730 ἐϐούλετο,
3517 4661 3580 4715 Τί
3636 4660 3700 4715 τὸ
3763 4661 3871 4714 ἀντ’

485 4756 607 4811 haec
664 4753 777 4809 sibi
825 4750 1075 4807 volunt?
1120 4748 1267 4815 Non,
1300 4746 1453 4817 quod
1509 4762 1610 4816 pro
1668 4746 1738 4801 iis
1795 4746 2122 4814 petebatur,

486 4846 700 4901 bonum
735 4847 878 4910 erat,
910 4840 1070 4896 salus
1112 4838 1212 4893 ﬁlii
1243 4840 1271 4893 ?
1309 4837 1454 4905 Non,
1489 4842 1553 4892 ut
1610 4852 1796 4908 usque
1855 4837 1924 4891 ad
1958 4852 2123 4891 sene-

485 4938 703 4988 ctutem
735 4930 906 4987 simul
958 4935 1217 4984 maneret
1265 4944 1394 4982 cum
1429 4931 1664 4997 parente
1692 4929 1720 4981 ‘?
1750 4926 1848 4981 Hei
1884 4925 2059 4981 mihi!
2092 4942 2126 4979 a

487 5026 709 5092 quanta
739 5037 840 5089 spe
870 5019 1057 5075 decidi
1084 5017 1095 5072 ί
1122 5035 1221 5089 pro
1244 5016 1514 5086 qualibus
1538 5015 1739 5086 qualia
1760 5015 1911 5068 vidi!
1940 5015 2068 5081 Sed,
2092 5030 2123 5068 ο

487 5114 705 5179 martyr
733 5108 969 5171 Christi,
1000 5107 1085 5161 vel
1134 5105 1270 5161 mihi
1304 5104 1485 5158 ﬁlium
1518 5105 1695 5159 redde
1730 5102 2121 5173 superstitem,

485 5198 637 5252 sicut
666 5195 901 5250 Elisasus
946 5193 1320 5259 Sunamitidi,
1353 5192 1441 5247 vel
1472 5208 1543 5247 ne
1577 5192 1719 5247 mihi
1757 5195 1997 5245 mortem
2032 5190 2123 5243 in-

483 5283 678 5338 videas
726 5280 954 5350 utilem,
988 5283 1087 5336 sed
1137 5298 1263 5352 quae
1324 5286 1438 5336 tam
1483 5280 1791 5336 infeliciter
1843 5277 2039 5350 peperi
2069 5282 2125 5333 et

484 5369 621 5436 alui,
675 5370 765 5424 fac
819 5384 910 5423 me
977 5368 1154 5424 etiam
1203 5369 1440 5424 interire
1500 5385 1631 5423 cum
1693 5368 1834 5423 ﬁlio.
1886 5367 2125 5422 Interim

481 5457 675 5508 autem
708 5454 852 5507 dum
887 5452 1183 5525 Cleopatra
1214 5454 1395 5509 filium
1417 5454 1620 5510 acerbe
1644 5455 1902 5519 deﬁeret,
1926 5456 1983 5507 et
2004 5468 2124 5523 eos,

477 5539 575 5607 qui
600 5542 865 5602 adorant,
889 5551 1160 5611 moveret,
1185 5544 1249 5595 ut
1268 5544 1325 5595 et
1344 5544 1474 5613 ejus
1498 5557 1669 5597 casus
1692 5543 2123 5605 misererentur,

469 5626 527 5674 et
554 5624 917 5689 profundam
954 5630 1045 5683 Dei
1072 5625 1429 5702 justiciorum
1464 5630 1737 5698 abyssum
1762 5630 2123 5686 admiraren-

2235 4741 2401 4797 αὐτοῦ
2455 4743 2774 4815 αἰτούμενον
2832 4745 3051 4819 ἀγαθὸν.
3097 4745 3203 4822 οὐχ
3232 4750 3266 4816 ἡ
3300 4752 3396 4801 τοῦ
3443 4744 3637 4808 παιδὸς
3687 4770 3873 4819 σωτη-

2238 4832 2366 4905 ρία;
2398 4831 2469 4885 Οὐ
2516 4832 2577 4886 τὸ
2626 4832 2792 4906 μέχρι
2840 4835 3029 4907 γήρως
3083 4835 3173 4890 καὶ
3222 4832 3508 4910 πρεσϐείου
3538 4841 3607 4910 τῇ
3638 4839 3870 4911 τεκούσῃ
3928 4840 3937 4857 ‘

2236 4928 2715 4995 συμπαραμεῖναι;
2775 4930 2884 4980 Φεῦ
2935 4926 3068 4981 θ’ίων
3136 4926 3373 5007 ἐσφάλην
3435 4934 3545 4984 τῶν
3604 4927 3868 4998 ἐλπίδων,

2235 5014 2323 5067 οἷα
2361 5012 2473 5066 ἀνθ’
2516 5009 2642 5067 οἵων
2678 5011 2814 5068 εἶδον
2850 5014 2975 5089 ἐγώ.
3019 5015 3197 5084 Ἀλλ’,
3224 5018 3250 5071 ὁ
3297 5022 3394 5072 τοῦ
3434 5023 3669 5093 Χριστοῦ
3719 5019 3873 5090 μάρ-

2234 5122 2347 5168 τυς,
2486 5123 2581 5175 μοι
2635 5103 2724 5157 τὸν
2767 5101 2933 5158 παῖδα
2988 5106 3123 5160 κατὰ
3160 5106 3271 5159 τὸν
3326 5106 3631 5163 Ἐλισσαῖον
3679 5105 3875 5168 ἀνάδος

2232 5190 2491 5263 περιόντα
2545 5194 2614 5265 τῇ
2676 5192 3053 5264 Σουναμίτιδι,
3094 5196 3127 5264 ἢ
3170 5194 3395 5250 θανάτου
3456 5198 3531 5268 μὴ
3594 5198 3878 5269 φθονήσῃς

2235 5276 2576 5347 λυσιτελοῦς,
2610 5280 2755 5336 ἀλλᾶ
2793 5283 2891 5351 τὴν
2935 5281 3078 5337 οὕτω
3124 5283 3212 5335 καὶ
3270 5280 3558 5360 δυστυχῶς
3610 5289 3875 5341 τεκοῦσαν

2233 5367 2322 5420 καὶ
2372 5369 2710 5441 θρεψαμένην
2766 5370 2881 5441 ἐμὲ,
2934 5370 3283 5445 συνοίχεσθαε
3337 5376 3417 5442 τῷ
3472 5369 3624 5426 παιδί
3690 5394 3879 5447 παρα-

2235 5455 2515 5514 σκεύασον.
2562 5461 2653 5515 Ἐν
2699 5460 2875 5532 τούτῳ
2938 5459 3029 5513 τὸν
3089 5457 3257 5513 παῖδα
3311 5465 3518 5534 πικρῶς
3580 5460 3880 5517 ἀνακλαιο-

2239 5541 2403 5613 μένης
2460 5552 2561 5613 τῆς
2629 5552 3000 5621 Κλεοπατρας,
3066 5548 3154 5602 καὶ
3221 5547 3348 5612 τοῦς
3403 5548 3675 5622 παρόντας
3750 5549 3881 5609 λίαν

2235 5633 2551 5704 περιπαθεῖς
2619 5635 2971 5710 ποιουμένης,
3033 5637 3105 5698 ὡς
3161 5638 3250 5691 καὶ
3326 5637 3493 5708 αὐτῆς
3561 5636 3731 5695 ἐλεεῖν
3806 5640 3880 5700 τὸ
