4128 6274
265 355 421 415 1157

1547 356 2025 420 MARTYRIUM
2075 363 2136 423 S.
2187 363 2398 425 VARI.

3507 379 3667 438 1158

263 512 458 582 πάθος,
489 513 580 568 καὶ
613 513 712 582 τὴν
740 511 958 583 πολλὴν
1019 507 1248 568 ἄϐυσσον
1314 515 1422 568 τῶν
1471 515 1568 568 τοῖ’)
1615 516 1748 568 Θεοῦ
1791 533 1887 586 κριη

1997 521 2144 584 ,ῐυικ
2187 535 2430 578 somnus
2457 521 2544 578 illi
2576 539 2778 594 parum
2832 526 3140 598 obrepens,
3175 547 3304 586 eam
3337 532 3472 590 fecit
3500 535 3666 604 quie-

265 606 448 678 μάτων
531 605 846 677 θαυμάζειν,
909 605 1100 680 μικρὸν
1165 603 1332 676 αὐτὴν
1414 603 1580 668 ὕπνος
1657 602 1908 660 ὑπελθὼν

260 694 530 762 ἀνέπαισε,
561 693 650 748 καὶ
698 695 871 749 πάντα
923 696 988 764 ἦν
1022 696 1050 748 ὁ
1081 699 1210 757 παῖς
1261 693 1400 769 αὐτῇ
1443 693 1626 770 φανεὶς
1679 694 1772 748 συθ
1829 699 1907 766 τῷ

265 784 516 856 μάρτυρι.
566 783 952 857 Παρεστηκότα
1007 803 1066 839 τε
1127 784 1232 858 γὰρ
1279 781 1452 838 ἕδόκει
1506 782 1758 858 βλέπτειν
1815 783 1905 836 τὸν

261 873 532 945 ἀθλητήν,
559 873 648 927 καὶ
699 873 772 934 ὡς
819 874 934 927 υἱὸν
981 870 1119 927 ἴδιον
1159 873 1250 927 τὸν
1283 873 1450 942 αὐτῆς
1498 873 1614 928 υἱὸν
1645 871 1906 947 ἐγκεκολ-

259 963 535 1034 πωμένον,
585 965 619 1031 ἡ
681 955 925 1030 ἀναϐολὴ
990 959 1046 1016 δὲ
1112 961 1440 1038 ἀμφοτέροις
1489 961 1540 1032 ἐξ
1602 963 1905 1040 ὑπερφυοῦς

258 1049 388 1126 ἄγαν
429 1051 517 1105 καὶ
552 1050 946 1126 ὑπερλάμπρου
977 1069 989 1084 ’
1027 1049 1274 1127 στέφανοί
1305 1071 1364 1105 τε
1411 1051 1506 1112 τὰς
1552 1051 1731 1106 αὐτῶν
1781 1050 1904 1106 έκό-

261 1159 428 1210 σμουν
516 1137 712 1207 ἥδιστα
793 1137 1052 1214 κεφαλάς.
1113 1139 1216 1196 Καὶ
1291 1141 1344 1193 οἱ
1419 1134 1690 1215 στέφανοι,
1759 1145 1904 1203 θεῖον

259 1229 442 1282 αὐτῶν
501 1229 652 1290 εἶπες
705 1228 766 1282 τὸ
831 1227 1060 1296 κάλλος,
1116 1227 1206 1282 καὶ
1261 1225 1456 1296 ἥκιστα
1513 1226 1737 1302 γλώσσῃ
1803 1228 1906 1302 ῥη-

255 1317 374 1376 τόν,

337 1411 438 1466 1Δ’.
471 1410 571 1465 Καὶ
601 1407 738 1464 ίνατί
805 1408 882 1481 μή
919 1408 1157 1482 χαίρεις,
1201 1407 1246 1460 ὦ
1291 1403 1470 1481 γύναι,
1503 1403 1676 1478 λέγειν
1707 1406 1734 1458 ὁ
1769 1404 1904 1480 μάρ-

255 1523 349 1564 τυς
408 1501 591 1574 ἐῴκυι,
625 1495 769 1553 ἀλλά
816 1518 912 1551 σου
962 1496 1108 1565 λύπη
1161 1493 1310 1563 δεινὴ
1369 1493 1592 1549 διέσεισε
1621 1497 1718 1564 τήν
1771 1515 1901 1568 καρ-

257 1590 370 1646 δίαν
406 1611 420 1625 ·
469 1592 544 1664 μή
597 1588 699 1663 γὰρ
757 1587 931 1648 οὕτως
988 1586 1262 1662 ἀγνώμων
1319 1585 1451 1658 ἐγὼ,
1519 1585 1608 1638 καὶ
1671 1582 1904 1657 μηδενὸς

253 1685 362 1736 τῶν
411 1680 514 1735 ὑπὸ
563 1681 660 1732 σοῦ
707 1673 1011 1751 γενομένων
1057 1673 1204 1744 ἥκων
1265 1673 1342 1735 εἷς
1387 1673 1654 1742 αἴσθησιν,
1713 1672 1747 1740 ἢ
1805 1674 1900 1727 τὰς

259 1769 392 1844 ὑπὲρ
450 1767 625 1822 αὐτῶν
691 1759 926 1837 ἀμοιϐὰς
985 1761 1299 1840 φιλοτίμως
1373 1760 1473 1815 οὐκ
1537 1757 1897 1832 ἀποδέδωκας

2016 622 2205 663 scere:
2240 613 2294 663 et
2325 609 2476 664 ﬁlius
2507 611 2558 666 ei
2605 613 2843 670 omnino
2888 618 3158 687 apparuit
3205 635 3336 674 cum
3383 628 3656 691 martyre.

2015 695 2158 751 Nam
2189 701 2248 752 et
2277 703 2564 756 astantem
2595 702 2897 758 videbatur
2937 705 3150 762 intueri
3199 708 3494 776 athletam,
3529 713 3659 782 ejus

2017 783 2200 840 ﬁlium
2231 802 2337 842 suo
2385 790 2560 856 simu,
2593 794 2858 862 tanquam
2913 794 3230 864 proprium,
3262 799 3656 868 complecten—

2013 875 2151 926 tem.
2185 873 2449 930 Amictus
2498 881 2692 932 autem
2733 887 2857 934 erat
2898 880 3157 952 utrisque
3201 885 3657 955 pulcherrimus,

2013 967 2065 1016 et
2114 960 2648 1034 splendidissimus,
2683 971 2738 1022 et
2767 983 2992 1024 coronaa
3022 985 3224 1027 eorum
3255 973 3444 1044 capita
3487 992 3658 1030 orna-

2013 1051 2154 1106 bant
2183 1053 2543 1110 suavissime.
2575 1056 2933 1114 Coronarum
2989 1064 3188 1116 autem
3236 1062 3482 1120 dixisses
3531 1080 3662 1121 esse

2013 1139 2262 1196 divinam
2316 1145 2660 1213 quamdam,
2688 1151 2744 1201 et
2773 1163 2898 1218 quae
2931 1147 3132 1220 lingua
3165 1166 3277 1206 non
3331 1157 3526 1223 potest
3555 1169 3658 1210 ex-

2011 1229 2210 1298 primi,
2243 1231 2756 1300 pulchritudinem.

2081 1405 2218 1462 XIV.
2253 1408 2568 1464 Videbatur
2612 1414 2808 1468 autem
2859 1417 3079 1486 martyr
3125 1415 3354 1473 dicere:
3388 1419 3501 1474 Cur
3533 1435 3648 1476 non

2011 1492 2248 1566 laetaris,
2281 1513 2313 1552 ο
2345 1497 2576 1568 mulier,
2609 1501 2706 1554 sed
2740 1511 2874 1557 tuus
2904 1504 3096 1573 gravis
3133 1503 3325 1560 luctus
3355 1523 3452 1564 cor
3483 1517 3646 1565 tuum

2011 1583 2262 1639 alﬂixit?
2289 1585 2437 1640 Num
2471 1603 2602 1642 sum
2634 1590 2776 1645 adeo
2807 1589 3090 1660 ingratus,
3117 1597 3179 1648 ut
3209 1593 3307 1664 qui
3339 1595 3484 1651 nihil
3523 1614 3652 1652 sen-

2009 1673 2184 1728 serim
2235 1691 2456 1742 eorum,
2489 1695 2617 1748 quae
2648 1696 2682 1734 a
2709 1683 2764 1736 te
2817 1681 2968 1736 facta
3015 1683 3200 1738 sunt?
3230 1684 3382 1739 Num
3433 1702 3536 1756 pro
3579 1688 3651 1743 iis

2009 1777 2124 1817 non
2181 1780 2314 1818 sum
2367 1772 2420 1820 te
2477 1766 2746 1836 praeclare
2803 1773 3205 1826 remuneratus
3239 1773 3267 1826 ‘I
3313 1776 3434 1828 Non
3487 1775 3645 1832 vides

253 1857 376 1932 Οὐχ
423 1858 550 1932 ὁρᾷς
583 1853 702 1916 ο’ίας
732 1853 856 1914 ὁσὸς
905 1857 1032 1914 παῖς
1078 1851 1306 1946 ἠξίωται
1355 1848 1552 1922 δόξης
1585 1846 1689 1946 Οιῖα
1737 1850 1887 1924 χάρις

2006 1851 2229 1920 qualem
2275 1852 2518 1923 gloriam
2549 1853 2624 1908 sit
2654 1863 2786 1909 tuus
2835 1856 2988 1912 ﬁlius
3027 1863 3421 1915 consecutus?
3449 1862 3643 1932 qualis

255 1945 546 2020 ἀστράπτει
595 1945 718 2018 περὶ
763 1943 964 2009 αὐτόνς
1009 1939 1076 1998 Τί
1121 1937 1209 1994 οὖν
1245 1939 1306 1994 οὐ
1369 1940 1432 1994 τὸ
1463 1939 1685 2012 στυγνὸν
1735 1943 1896 1993 τοῦτο

255 2033 514 2100 λιποῦσα,
574 2037 662 2084 καί
717 2030 852 2098 αὐτὴ
917 2032 1254 2102 μεταχωρεῖς
1323 2027 1460 2095 πρὸς
1514 2025 1578 2080 τὺ
1639 2023 1894 2100 εὔθυμον.

255 2121 434 2190 Ἀλλ’,
467 2121 512 2176 εἰ
543 2118 713 2188 δοκεῖ,
744 2119 1014 2194 ὶγγισάτω
1045 2119 1132 2171 καὶ
1165 2113 1243 2170 ἔτι
1287 2115 1499 2189 μᾶλλον
1550 2117 1577 2170 ὁ
1629 2121 1780 2182 παῖς,
1805 2115 1896 2170 καὶ

253 2235 338 2267 σοι
376 2214 494 2267 κατ’
527 2209 845 2290 ὀφθαλμοὺς
896 2203 1136 2282 ἀκριϐῶς
1167 2209 1429 2282 γενέσθω,
1455 2205 1548 2260 ’ἶνα
1604 2205 1694 2261 καί
1755 2207 1894 2275 αύτή

252 2301 436 2365 καλῶς
501 2299 602 2376 ἄρα
655 2301 846 2372 μάθοις
891 2299 958 2353 τὰ
1002 2297 1118 2352 κατ’
1171 2296 1352 2352 αὐτόν.
1387 2295 1574 2358 Οὕτως
1633 2290 1756 2370 ἔφη,
1807 2299 1896 2350 καὶ

250 2390 409 2462 ἐῴκει
447 2391 538 2444 τὸν
585 2386 754 2442 παῖδα
798 2385 1008 2454 καλεῖν,
1043 2389 1226 2454 Γενοῦ,
1259 2383 1460 2460 λέγων,
1493 2385 1538 2438 ὦ
1587 2389 1706 2452 παῖ,
1752 2385 1898 2458 παρᾶ

248 2484 316 2552 τῇ
380 2479 596 2550 μητέρι,
627 2479 694 2532 τά
747 2496 807 2530 τε
853 2473 920 2530 όίλ
939 2474 1009 2530 λα
1053 2475 1144 2528 καὶ
1172 2471 1456 2544 ’ίν’ὥσπερ
1515 2468 1660 2546 ἔχεις
1709 2472 1894 2548 ὀφθεὶς

247 2549 646 2642 παρηνορήσης
694 2563 830 2638 αὐτῇ
889 2564 952 2617 τὸ
1009 2558 1348 2634 πολύδακρυ.
1403 2561 1464 2616 Ὀ
1522 2555 1578 2613 δὲ
1635 2565 1760 2620 παῖς
1807 2557 1894 2612 ἐπὶ

254 2656 467 2728 μᾶλλον
515 2659 612 2710 τοῦ
665 2654 938 2726 μάρτυρος
993 2649 1195 2725 εἴχετο,
1252 2651 1327 2723 μὴ
1389 2646 1678 2704 ἀπολιπεῖν
1735 2645 1894 2702 αὺτὸν

247 2745 416 2812 ὅλως,
453 2741 592 2816 μηδὲ
639 2742 922 2816 ἀφικέσθαι
971 2741 1108 2814 πρὸς
1145 2749 1243 2808 τήν
1295 2737 1505 2811 μητέρα
1551 2739 1612 2792 τὸ
1644 2739 1892 2811 παράπαν

253 2833 612 2909 βουλὸμενον.
634 2831 806 2900 Ἀλλ’,
837 2832 1048 2894 "Amm,
1085 2835 1255 2902 μῆτερ
1295 2827 1426 2898 ἐμὴ,
1457 2826 1610 2881 ἄπιθι
1641 2827 1776 2899 πρὸς
1807 2825 1898 2879 αύ-

247 2925 372 2991 τήν,
407 2921 590 2996 ἐλεγεν
622 2917 954 2983 ἀντιτείνων,
986 2915 1067 2992 ἔφ’
1099 2916 1291 2982 ἑαυτῆς
1341 2912 1594 2985 μένουσα,
1625 2915 1715 2966 καὶ
1779 2919 1894 2974 τοῖς

249 3013 474 3085 θρήνοις
505 3009 722 3068 τούτοις
754 3003 908 3060 οὐδὲν
939 3005 1288 3076 προσέχουσα
1319 3020 1332 3033 ⁸
1367 3000 1418 3056 ἐν
1451 2999 1550 3072 ἴσῳ
1595 3001 1696 3075 γὰρ
1727 3003 1896 3074 ἡγοῦ-

251 3120 350 3172 μαι
417 3096 617 3151 ἄτοπον
675 3095 826 3161 εἶναι,
900 3097 1044 3162 ζωῆς
1110 3087 1440 3162 ἀλλάξασθαί
1503 3089 1729 3152 θάνατον
1806 3089 1895 3142 καὶ

247 3189 450 3260 λύπην,
493 3185 696 3257 ἡδονῆς
753 3184 1020 3254 ἀλήκτου,
1067 3181 1156 3236 καὶ
1223 3181 1422 3236 παντὸς
1479 3181 1694 3248 αἰῶνος,
1745 3183 1890 3250 ζωὴν

237 3278 574 3352 πρόσκαιρον
631 3279 994 3348 προτιμῆσαι.
1053 3271 1268 3326 Τούτων
1342 3271 1486 3345 παρὰ
1541 3275 1638 3325 τοῦ
1693 3267 1886 3332 παιδὸς

233 3369 268 3436 ἡ
329 3367 514 3439 μήτηρ
565 3363 856 3430 ἀκούσασα,
910 3359 1000 3416 καὶ
1055 3363 1164 3414 τῶν
1220 3361 1432 3433 θρήνων
1485 3357 1665 3432 ὥσπερ
1724 3355 1885 3412 ἐκλα-

235 3455 468 3528 θομένη,
527 3451 948 3529 προσληφθῆναι
1001 3450 1088 3504 καὶ
1160 3448 1326 3517 αὐτὴν
1402 3452 1480 3518 τῷ
1553 3445 1726 3516 παιδὶ,
1795 3449 1884 3502 καὶ

234 3543 660 3617 παρακληθῆναι
731 3541 868 3614 πρὸς
951 3539 1018 3592 τὰ
1085 3538 1356 3611 ὁρώμενα,
1413 3535 1654 3610 ἰσχυρῶς
1711 3535 1883 3592 ἐδεῖτο

233 3636 336 3685 τοῦ
413 3631 704 3704 μάρτυρος,
753 3629 844 3682 καὶ
911 3627 968 3688 ’ὸς
1022 3633 1122 3694 τῆς
1170 3627 1256 3680 ἐπὶ
1315 3627 1586 3697 σωτηρὶαν
1645 3625 1884 3698 ἀγούσης

237 3717 327 3773 ἐπὶ
359 3717 524 3772 πλέον
566 3717 702 3791 αὐτῇ
752 3715 972 3790 ἔχεσθαι
1021 3713 1276 3787 παρῃνει,
1307 3711 1396 3766 καὶ
1443 3711 1600 3772 τέλος
1659 3712 1880 3786 εἰρήνην

240 3803 366 3868 δοὺς
397 3808 534 3878 πρὸς
569 3806 664 3866 τὰς
699 3803 902 3864 οῗκείας
935 3801 1070 3874 μετᾶ
1097 3805 1194 3856 τοῦ
1223 3798 1418 3863 παιδὸς
1469 3801 1713 3876 ἐχώρουν
1765 3797 1880 3856 δια-

235 3889 448 3968 τριϐας,
480 3893 566 3948 καὶ
595 3897 702 3948 τῶν
737 3889 1035 3971 ὀφθαλμῶν
1068 3887 1275 3960 ἐκείνης
1306 3887 1596 3946 διίσταντο.

311 4073 414 4128 IE’.
461 4071 522 4127 Ἠ
565 4068 622 4126 δὲ
677 4071 878 4135 εὐθέως
938 4067 1304 4132 διυπνισθεῖσα
1349 4069 1436 4123 καὶ
1497 4069 1634 4143 πρὸς
1683 4069 1876 4136 ἑαυτὴν

235 4159 561 4229 ἐπανῆζασα,
596 4160 712 4220 οἵας
763 4157 847 4213 ἐπὶ
907 4159 977 4231 τῇ
1035 4161 1132 4213 τοῦ
1193 4155 1464 4231 μάρτυρός
1519 4176 1578 4210 τε
1632 4157 1722 4210 καὶ
1783 4161 1878 4210 τοῦ

234 4245 428 4309 παιδὸς
507 4245 794 4320 παρουσία,
873 4251 972 4314 τῆς
1057 4243 1312 4315 εὐθυμίας
1405 4240 1696 4311 ἀπέλαυσε,
1762 4247 1878 4304 τοῖς

233 4341 494 4410 παροῦσιν
552 4337 626 4398 ὡς
674 4334 870 4404 ἥδιστα
925 4332 1146 4403 διεξῄει,
1177 4333 1266 4387 καὶ
1328 4333 1506 4404 θαῦμα
1561 4331 1655 4392 τὰς
1710 4333 1880 4386 ἀπέν-

231 4445 340 4478 των
388 4425 506 4499 εἶχε
548 4425 750 4498 ψυχας,
781 4428 860 4494 τῷ
898 4419 1188 4494 παραδόξῳ
1232 4423 1331 4484 τῆς
1389 4418 1716 4492 διηγήσεως.
1753 4421 1882 4476 Εἶτα

233 4512 324 4567 καὶ
373 4513 434 4566 τὸ
507 4518 602 4567 τοῦ
681 4509 876 4571 παιδὸς
949 4511 985 4578 ἡ
1049 4508 1338 4583 μακαρίγις
1403 4509 1650 4562 πόθεινὸν
1709 4508 1878 4562 ἐκεῖνο

236 4599 532 4673 σωμάτιον,
593 4599 745 4673 λαμτι
757 4599 820 4673 ρὰ
885 4597 1224 4672 ἀλειψαμένη

232 4693 313 4760 τῷ
382 4690 612 4762 μάρτυρι
683 4686 1056 4762 παρατίθεται,
1105 4685 1382 4760 πάννυχόν
1467 4706 1525 4740 τε
1593 4684 1685 4740 σὺν
1756 4691 1873 4747 τοῖς

233 4779 572 4852 προσήκουσι
602 4777 692 4830 καὶ
747 4774 932 4837 ἄλλως
981 4771 1310 4843 ἐπιτηδείοις
1357 4775 1456 4843 τῆν
1521 4774 1869 4848 εὐχαριστίαν

233 4867 602 4936 ποιησαμένη,
643 4865 778 4938 πρὸς
832 4861 888 4918 δὲ
944 4861 1032 4916 καὶ
1071 4863 1170 4930 τὴν
1229 4864 1491 4935 μυστικὴν
1541 4863 1870 4938 ἱερουργίαν,

235 4951 290 5007 ἐν
321 4953 366 5025 ᾧ
413 4951 732 5022 τελεσθῆναι
789 4949 898 5006 ἔδει
959 4949 1241 5016 τελέσασα,
1287 4950 1374 5004 ἐπὶ
1433 4947 1637 5026 δαψιλῆ
1698 4969 1871 5023 παρα-

231 5041 391 5096 καλεῖ
425 5044 492 5096 τὰ
519 5039 725 5109 δεῖπνα,
755 5041 882 5102 τοὺς
939 5043 1047 5094 τῶν
1103 5040 1262 5114 ἱερῶν
1317 5040 1498 5112 ὕμνων
1565 5041 1706 5114 αὖτῇ
1761 5061 1874 5095 κοι-

230 5132 599 5200 νωνήσαντας,
657 5131 770 5184 Εἶθ’
831 5127 1002 5190 οὕτως
1079 5129 1260 5201 μακρὰ
1330 5133 1408 5198 τῷ
1490 5130 1597 5203 βίῳ
1653 5131 1865 5204 χαίρειν

231 5218 476 5288 εἰποῦσα,
508 5219 584 5280 εἰς
615 5217 848 5278 ἀσύλυυς
888 5237 946 5272 τε
973 5215 1300 5290 θησαυροὺς,
1331 5216 1424 5278 τὰς
1465 5221 1572 5272 τῶν
1619 5220 1866 5288 πενήτων

231 5307 374 5385 φημῖ
438 5307 700 5381 γαστέρας
753 5306 846 5360 τὸν
899 5303 1136 5359 πλοῦτον
1194 5305 1362 5372 αὐτῆς
1427 5305 1601 5360 πάντα
1645 5308 1869 5360 καταθε-

232 5393 390 5468 μένη,
421 5395 510 5450 κτὶ
568 5396 714 5450 λιτὸν
771 5391 958 5448 ἐνδῦσα
1003 5397 1232 5468 χιτῶνα,
1281 5397 1362 5464 τῷ
1415 5394 1570 5472 τάφῳ
1627 5391 1866 5460 διηκόνει

222 5489 320 5540 τοῦ
389 5486 682 5560 μάρτυρος,
733 5481 874 5537 οὕτω
937 5501 998 5536 τε
1043 5480 1314 5552 νηστείαις
1383 5483 1732 5556 σχολάζουσα
1777 5484 1867 5538 καὶ

223 5577 558 5650 προσευχαῖς
603 5572 688 5640 ἧν,
741 5570 832 5625 καὶ
899 5571 991 5625 τὸν
1061 5569 1209 5628 ἐντὸς
1265 5575 1522 5624 τοσοῦτον
1563 5569 1864 5646 ἐκαθήρατο

223 5657 528 5736 ἄνθρωπον,
576 5663 687 5733 ὅσῳ
753 5660 840 5714 καὶ
891 5665 1006 5723 καθ’
1055 5659 1280 5729 ἑκάστην
1329 5659 1462 5732 αὐτῇ
1523 5661 1706 5734 κυρίαν
1753 5665 1863 5716 τῶν

1919 3229 1972 3298 C

2005 1955 2135 1995 eum
2167 1941 2574 2012 circumfulget
2603 1943 2786 2014 gratia
2807 1943 2834 1997 ‘I
2856 1945 2970 1998 Cur
2990 1961 3104 2000 non
3128 1962 3280 2016 ergo,
3305 1948 3412 2002 hac
3443 1950 3644 2006 relicta

1999 2027 2258 2096 tristitia,
2293 2029 2507 2085 transis
2546 2031 2616 2085 ad
2651 2031 2834 2086 animi
2881 2033 3373 2104 tranquillitatem
3397 2036 3423 2090 τ
3449 2037 3558 2092 Sed
3591 2039 3640 2093 si

1999 2116 2249 2183 videtur,
2283 2117 2402 2172 tuis
2432 2117 2618 2174 oculis
2669 2121 2856 2191 magis
2894 2121 3320 2194 appropinquet
3370 2125 3548 2194 ﬁlius,
3586 2131 3646 2182 et

2001 2220 2134 2259 eum
2174 2205 2485 2277 diligenter
2537 2208 2947 2280 contemplare,
2981 2214 3044 2264 ut
3073 2211 3200 2281 ipsa
3230 2228 3462 2283 quoque
3493 2222 3646 2270 recte

1998 2293 2306 2364 intelligas,
2361 2297 2654 2366 quomodo
2710 2297 2760 2352 is
2819 2313 2881 2353 se
2939 2298 3170 2356 habeat.
3222 2301 3315 2356 Sic
3371 2303 3536 2372 dixit,
3587 2309 3646 2358 et

1999 2383 2162 2438 visus
2201 2390 2290 2439 est
2321 2399 2524 2440 vocare
2555 2401 2832 2456 puerum:
2865 2388 3110 2454 Accede,
3141 2405 3173 2444 ο
3207 2407 3370 2461 puer,
3410 2391 3478 2446 ad
3513 2407 3646 2446 ma—

1996 2475 2167 2542 trem,
2203 2480 2264 2527 ut
2309 2489 2440 2528 cum
2487 2490 2551 2530 ea
2597 2475 2826 2542 viderit,
2873 2477 3164 2546 quomodo
3209 2483 3262 2532 te
3313 2478 3546 2548 habeas,
3579 2485 3641 2536 tu

1996 2562 2124 2629 ejus
2149 2563 2364 2618 multas
2391 2563 2706 2620 consoleris
2735 2564 3045 2636 lacrymas.
3069 2566 3217 2622 Puer
3236 2572 3424 2622 autem
3451 2570 3640 2640 magis

1994 2651 2328 2708 adhaerebat
2358 2653 2620 2725 martyri,
2646 2653 2850 2711 nolens
2873 2671 3006 2711 eum
3027 2657 3266 2713 omnino
3289 2658 3639 2730 relinquere,

1995 2755 2099 2795 nec
2147 2740 2349 2798 volens
2395 2743 2636 2798 omnino
2681 2743 2875 2800 venire
2917 2746 2986 2800 ad
3031 2751 3313 2802 matrem:
3347 2749 3468 2813 sed,
3501 2749 3635 2818 Abi,

1995 2831 2178 2882 mater
2219 2845 2366 2896 mea,
2398 2829 2514 2896 abi,
2547 2829 2772 2886 dicebat
2823 2833 3140 2888 resistens:
3173 2834 3330 2904 apud
3359 2840 3414 2890 te
3449 2851 3639 2902 mane,

1995 2919 2052 2969 et
2081 2915 2320 2972 minime
2349 2921 2404 2972 te
2436 2918 2612 2974 dedas
2655 2919 2742 2974 his
2773 2921 3050 2976 luctibus.
3077 2921 3246 2977 Malle
3277 2923 3428 2978 enim
3461 2927 3640 2981 vitam

1995 3007 2272 3074 vestram,
2333 3023 2508 3075 quam
2567 3006 2720 3064 hanc
2778 3015 3049 3076 mortem,
3103 3027 3263 3081 inquo
3319 3013 3636 3070 absurdum

1996 3091 2284 3161 existimo,
2315 3099 2488 3165 atque
2535 3095 2790 3152 dolorem
2841 3097 3108 3169 prazl‘erre
3155 3100 3463 3171 voluptati,
3508 3119 3634 3174 quae

1999 3195 2114 3234 non
2167 3181 2396 3248 desinit,
2429 3186 2484 3236 et
2512 3183 2690 3238 vitam
2741 3186 2992 3253 brevem,
3023 3191 3080 3241 et
3109 3203 3234 3258 quae
3267 3193 3354 3243 est
3383 3190 3451 3243 ad
3485 3195 3636 3246 tem-

2001 3283 2128 3339 pus,
2160 3285 2278 3324 ssvo
2309 3269 2682 3341 sempiterno.
2715 3271 2848 3328 Haec
2877 3289 3012 3328 cum
3043 3279 3224 3328 mater
3253 3277 3572 3335 audivisset
3603 3297 3636 3335 a

1997 3356 2136 3424 ﬁlio,
2179 3362 2236 3412 et
2283 3361 2438 3412 esset
2482 3357 2656 3412 veluti
2690 3359 2864 3414 oblita
2891 3359 3388 3428 lamentationem,
3425 3371 3486 3420 ut
3514 3367 3638 3438 ipsa

1997 3462 2228 3518 quoque
2257 3452 2658 3502 assumeretur
2704 3447 2774 3502 ad
2823 3447 3031 3514 ﬁlium,
3063 3453 3118 3504 et
3147 3466 3216 3504 ex
3245 3451 3334 3519 iis,
3364 3469 3486 3521 quas
3519 3471 3636 3508 cer-

1997 3536 2305 3602 nebantur,
2364 3536 2651 3604 acciperet
2713 3535 3190 3606 consolationem,
3261 3540 3636 3597 vehementer

1995 3622 2231 3692 rogabat
2281 3627 2609 3692 martyrem.
2647 3623 2746 3678 Ille
2785 3631 2975 3679 autem
3007 3626 3312 3696 suadebat,
3345 3633 3410 3682 ut
3449 3631 3630 3700 magis

1993 3726 2120 3765 eam
2152 3711 2300 3764 viam
2333 3715 2686 3780 sequeretur,
2720 3727 2847 3782 qua
2879 3713 3039 3767 ducit
3075 3713 3146 3768 ad
3177 3719 3448 3770 salutem.
3481 3721 3630 3773 Tan-

1993 3800 2122 3856 dem
2175 3803 2392 3868 autem,
2425 3799 2562 3853 data
2591 3814 2750 3868 pace,
2785 3799 2928 3854 abiit
2981 3799 3078 3856 ille
3133 3817 3262 3856 cum
3323 3819 3498 3873 puero
3557 3805 3626 3859 ad

1991 3905 2158 3943 suam
2208 3887 2663 3944 habitationem:
2697 3892 2752 3944 et
2783 3893 3028 3960 uterque
3067 3889 3339 3947 discessit
3370 3893 3440 3947 ab
3471 3891 3630 3948 illius

1989 3975 2196 4033 oculis.

2060 4065 2169 4121 XV.
2203 4063 2304 4120 Illa
2349 4069 2542 4119 autem
2591 4065 2788 4120 statim
2839 4071 3192 4136 experrecta,
3223 4069 3280 4122 et
3311 4067 3378 4122 ad
3423 4085 3484 4124 e
3537 4083 3632 4124 re-

1989 4173 2168 4226 versa,
2193 4159 2470 4224 quantam
2494 4155 2565 4208 ob
2596 4159 2865 4227 martyris
2894 4162 2952 4212 et
2981 4157 3084 4212 ﬁlii
3117 4159 3432 4214 adventum
3467 4177 3630 4216 asse-

1991 4247 2124 4300 cuta
2153 4252 2304 4298 esset
2329 4241 2507 4296 animi
2555 4243 3034 4311 tranquillitatem
3077 4263 3144 4300 ac
3174 4247 3456 4314 laetitiam,
3491 4265 3626 4303 nar-

1990 4333 2134 4388 ravit
2163 4331 2237 4386 iis
2269 4330 2362 4400 qui
2393 4331 2651 4386 aderant.
2677 4331 2952 4386 Omnium
2985 4341 3176 4388 autem
3209 4336 3434 4392 animos
3459 4336 3627 4394 inva-

1990 4422 2068 4476 sit
2097 4420 2397 4476 admiratio
2441 4420 2514 4474 ob
2556 4419 2972 4487 admirabilem,
3015 4427 3074 4477 et
3115 4439 3241 4494 qua;
3289 4425 3624 4494 opinionem

1989 4511 2323 4582 superabat,
2357 4507 2769 4564 narrationem.
2807 4509 3019 4566 Deinde
3051 4527 3182 4566 cum
3217 4512 3318 4567 ﬁlii
3350 4513 3438 4567 sui
3469 4515 3624 4569 desi-

1310 4597 1400 4650 καὶ
1483 4591 1876 4671 περιϐαλοῦσα,

1997 4598 2242 4656 derabile
2296 4597 2441 4653 illud
2489 4599 2902 4668 corpusculum
2951 4599 3121 4655 beata
3169 4601 3268 4656 illa
3317 4601 3626 4673 splendide

1983 4687 2242 4744 unxisset
2269 4693 2324 4741 et
2353 4686 2792 4756 composuisset,
2827 4687 2887 4741 id
2939 4689 3312 4744 commendat
3361 4690 3623 4760 martyri,

1981 4781 2104 4831 tota
2125 4779 2292 4830 nocte
2313 4789 2442 4828 cum
2468 4775 2939 4844 consanguineis,
2961 4779 3020 4830 et
3041 4775 3111 4830 iis
3133 4775 3234 4846 qui
3257 4777 3323 4830 ad
3343 4793 3468 4832 eam
3492 4778 3619 4832 atti-

1981 4865 2216 4930 nebant,
2249 4861 2467 4918 faciens
2493 4861 2809 4930 gratiarum
2867 4863 3172 4919 actionem.
3208 4864 3420 4919 Deinde
3444 4867 3618 4922 etiam

1978 4967 2116 5007 cum
2169 4949 2476 5021 mysticum
2527 4957 2780 5004 curasset
2820 4951 3212 5020 peragendum
3245 4953 3616 5023 sacriﬁcium,

1979 5041 2038 5095 in
2070 5055 2186 5111 quo
2215 5054 2342 5094 eam
2402 5038 2704 5109 oportebat
2758 5037 3000 5106 initiari,
3034 5039 3104 5094 ad
3146 5039 3358 5096 lautam
3419 5041 3622 5101 invitat

1979 5144 2200 5185 coenam
2235 5143 2355 5195 eos,
2379 5127 2478 5198 qui
2511 5143 2809 5183 sacrorum
2843 5127 3194 5197 hymnorum
3227 5129 3454 5186 fuerant
3484 5149 3616 5189 cum

1977 5235 2046 5274 ea
2109 5215 2436 5289 participes.
2491 5216 2706 5271 Deinde
2761 5231 2894 5272 cum
2957 5215 3040 5272 sic
3086 5219 3372 5275 mundum
3429 5221 3618 5279 valere

1967 5307 2270 5380 jussisset,
2301 5311 2358 5362 et
2386 5305 2449 5362 in
2477 5303 2810 5373 thesauros,
2839 5304 2938 5375 qui
2990 5321 3105 5362 non
3157 5313 3402 5379 possunt
3445 5311 3614 5382 eripi,

1974 5397 2036 5452 in
2067 5411 2408 5468 pauperum,
2443 5394 2704 5465 inquam,
2735 5401 2984 5462 ventres,
3007 5409 3210 5452 omnes
3239 5413 3377 5453 suas
3405 5404 3614 5455 contu-

1973 5485 2136 5542 lisset
2163 5483 2417 5549 divitias,
2441 5485 2498 5538 et
2517 5498 2580 5538 se
2601 5483 2760 5539 tenui
2781 5483 3073 5541 induisset
3101 5486 3323 5554 tunica,
3347 5487 3612 5557 sepulcro

1975 5573 2346 5631 ministrabat
2395 5571 2702 5643 martyris;
2747 5575 2804 5628 et
2859 5573 2942 5629 sic
2992 5574 3232 5646 jejuniis
3287 5591 3496 5632 vacans
3549 5579 3605 5631 et

1974 5664 2356 5730 orationibus,
2383 5663 2674 5719 internum
2707 5665 2934 5719 tantum
2972 5665 3254 5734 purgabat
3283 5664 3606 5732 hominem,
