4128 6274
504 375 659 434 1159

1844 345 2135 407 MET‘TSIS
2182 341 2558 403 OCTOBER.

3799 318 3944 378 1150

503 543 561 589 ιιι
593 529 841 603 singulis
874 522 1188 582 Dominicis
1211 519 1260 573 ei
1287 520 1507 587 martyr
1533 514 1828 583 appareret
1858 525 1990 564 cum
2022 507 2139 561 filio
2169 580 2173 586 η

2282 507 2470 577 μερῶν
2524 498 2615 553 τὸν
2678 493 2925 569 μάρτυρα
2971 494 3071 546 τοῦ
3132 486 3327 550 παιδὸς
3380 484 3432 542 ἐν
3500 484 3703 559 ὁμοίᾳ
3758 484 3801 553 ᾖ
3860 481 3951 545 »γαῖ

2348 591 2357 603 .
2580 586 2594 603 ς
2653 584 2663 603 ο
2802 585 2827 603 Λ
2962 585 3018 603 ,~
3085 575 3324 603 2,,_8-1,-,-
3405 578 3555 603 _M-_‘.
3620 574 3832 603 -I......:..
3888 574 3947 603 -.ἴ

502 624 565 680 in
626 598 847 685 eodem,
901 616 957 669 in
1016 627 1129 683 quo
1178 608 1363 679 prius,
1415 604 1654 669 amictu,
1704 601 1832 671 ejus
1890 598 2147 653 dolorem

505 710 889 769 consolantes.
924 702 1183 772 Septimo
1227 706 1421 752 autem
1454 709 1609 749 anno
1658 706 1779 746 suae
1827 689 1885 744 in
1937 686 2147 741 melius

505 802 635 855 vitae
668 791 1027 861 mutationis,
1060 804 1194 843 cum
1243 785 1414 856 plena
1462 784 1617 837 esset
1646 778 1849 833 diebus
1881 775 2143 848 spiritus,

507 891 565 945 in
596 902 733 959 pace
782 882 937 956 pacis
987 879 1219 951 quidem
1251 875 1351 930 Dei
1385 873 1677 943 spiritum,
1710 883 1922 938 corpus
1952 870 2144 921 autem

509 958 883 1035 commendat
914 968 1052 1035 ﬁlio,
1082 970 1145 1021 ut
1185 980 1330 1036 quos
1362 979 1476 1017 una
1506 959 1756 1015 habebat
1786 958 2018 1023 domus,
2050 970 2147 1009 eos

508 1068 683 1123 etiam
742 1076 895 1117 unus
947 1057 1220 1113 conderet
1275 1052 1527 1117 loculus,
1561 1053 1616 1104 et
1649 1063 1719 1102 ne
1749 1047 1872 1117 ipse
1916 1043 2149 1114 quidem

508 1156 813 1212 amborum
871 1146 1062 1219 pulvis
1120 1142 1571 1212 disjungeretur.
1604 1138 1748 1192 Cum
1800 1134 2013 1204 quibus
2059 1132 2151 1185 det

511 1257 742 1315 quoque
773 1238 940 1293 nobis
971 1235 1124 1290 Deus
1156 1247 1282 1287 esse
1315 1227 1496 1300 partis
1525 1240 1749 1291 eorum,
1783 1223 1881 1294 qui
1914 1236 2151 1276 servan-

512 1309 705 1397 t-ur,et
726 1327 920 1381 videre
942 1323 1236 1392 regionem
1267 1316 1585 1373 viventium
1610 1329 1624 1367 :
1649 1310 1923 1383 quoniam
1956 1309 2150 1380 ipsum

516 1421 683 1475 decet
722 1414 914 1472 omnis
962 1410 1144 1482 gloria
1172 1411 1229 1463 et
1258 1403 1518 1461 adoratio
1570 1416 1723 1457 nunc
1753 1401 1809 1454 et
1838 1412 2071 1468 semper
2099 1400 2155 1450 et

511 1508 570 1562 in
604 1503 812 1562 saecula
843 1499 1212 1558 saeculorum.
1251 1496 1459 1549 Amen.

2256 574 2516 666 πρότερον
2575 584 2887 641 ἐπίστασθαι
2952 585 3022 654 τῇ
3081 575 3352 652 ἀναϐολῇ,
3402 578 3557 650 παρᾶ
3620 574 3832 647 ψυχήν
3888 574 3953 643 τῇ

2258 682 2405 754 λύπῃ
2431 663 2435 664 7
2462 674 2731 743 διδόντας,
2765 668 2881 734 ἔτος
2910 666 3148 743 ἕϐδομον
3192 668 3242 738 ἐξ
3284 663 3413 722 ὅτου
3465 666 3533 721 τά
3585 671 3707 733 τῆς
3782 682 3955 735 μετα-

2260 766 2434 838 ϐολῆς
2464 767 2599 841 πρὸς
2636 764 2700 819 τὸ
2733 761 2973 837 βέλτιον,
3016 760 3107 813 καὶ
3146 756 3373 832 πλήρης
3408 758 3655 829 ἡμερῶν
3697 755 3819 805 τῶν
3861 754 3951 804 τοῦ

2259 840 2567 931 Πνεύματος
2597 854 2887 928 γενομένη,
2922 850 2974 905 ἐν
3019 848 3233 923 εἰρήνῃ,
3262 849 3341 917 τῷ
3390 846 3481 917 μὲν
3538 849 3661 911 τῆς
3720 840 3950 931 εἰρήνης

2260 953 2375 1020 Θεῷ
2414 947 2475 1001 τὸ
2540 948 2774 1017 πνεῦμῃ,
2812 942 2874 995 τὸ
2921 943 3081 1011 σῶμα
3123 934 3180 991 δὲ
3218 940 3298 1007 τῷ
3345 933 3500 989 παιδὶ
3544 930 3948 1005 παρατίθεται,

2257 1037 2334 1093 *ἶν’
2392 1036 2483 1098 οὖς
2556 1034 2651 1107 μία
2717 1032 2864 1105 εἶχεν
2919 1027 3089 1097 οἷκία,
3137 1024 3365 1088 τούτους
3433 1022 3527 1078 καὶ
3611 1021 3733 1094 μία
3796 1023 3949 1093 σορὸς

2261 1128 2546 1193 πιστευθῇ,
2604 1122 2694 1177 καὶ
2764 1116 2904 1192 μηδὲ
2952 1115 3085 1172 αύτά
3144 1113 3334 1185 διαστῇ
3391 1112 3458 1166 τὰ
3529 1118 3650 1180 τῆς
3717 1108 3948 1170 κόνεως.

2262 1218 2392 1275 Μεθ’
2434 1216 2507 1268 ὧν
2552 1210 2666 1284 δώῃ
2717 1210 2807 1264 καὶ
2855 1210 2992 1279 ἡμῖν
3043 1206 3071 1259 ὁ
3121 1205 3250 1265 Θεὸς
3280 1208 3382 1270 τῆς
3414 1206 3520 1255 τῶν
3587 1200 3948 1271 σωζομένων

2262 1306 2503 1382 γενέσθαι
2539 1296 2778 1375 μερίδος,
2818 1297 2909 1351 καὶ
2956 1296 3055 1363 τήν
3106 1298 3215 1348 τῶν
3264 1292 3483 1361 ζώντως
3526 1291 3753 1363 χώραν
3804 1286 3949 1349 ἰδεῖν,

2266 1399 2349 1451 ὅτι
2397 1395 2544 1465 αύτῷ
2584 1389 2773 1465 πρέπει
2833 1391 2977 1440 πᾶσα
3016 1382 3165 1452 δόξα,
3197 1382 3332 1454 τιμὴ
3381 1380 3470 1434 καὶ
3524 1376 3951 1453 προσκύνησις,

2264 1489 2355 1539 νῦν
2410 1484 2499 1537 καὶ
2548 1480 2629 1535 ἀεὶ
2695 1477 2785 1532 καὶ
2849 1474 2925 1536 εἷς
3016 1472 3143 1533 τοὺς
3218 1469 3419 1532 αἰῶνας
3494 1468 3606 1522 τῶν
3708 1468 3957 1521 αἰώνων.

2269 1575 2467 1647 Ἀμήν·
2684 1548 2687 1549 ί

510 1740 3943 1792 ἔῃ

511 1757 3937 1808 ψ

1754 1918 2673 2056 ΜΑΡΥΡΙΟΝ

1233 2184 1480 2279 ΤΟΥ
1560 2177 1937 2274 ΑΓΙΟΥ
2022 2176 2173 2268 ME

2282 2159 3205 2266 ΑΛΟΜΑΡΤΥΡΟΣ

1593 2379 2851 2560 ΑΡΤΕΜΙΟΥ.

1870 2800 2578 2891 ΜΑιιΤΥιιιυΜ

1321 2988 1743 3105 SANUTI
1825 2987 1969 3099 ET
2046 2983 2439 3098 MAGNl
2519 2979 3139 3094 MARTYRIS

1789 3208 2678 3377 ABTEMII.

989 3491 1200 3561 (Graece
1232 3505 1299 3545 ex
1328 3488 1455 3544 cod.
1492 3504 1600 3544 ms.
1635 3486 1789 3542 Paris
1821 3502 1877 3540 n.
1913 3482 2088 3553 1480;
2121 3481 2319 3538 Latine
2350 3483 2504 3553 apud
2539 3477 2765 3535 Surium
2800 3478 2871 3534 ad
2902 3475 3056 3533 diem
3087 3476 3157 3532 20
3188 3472 3503 3538 Octobris.)

2204 3652 2281 3668 —

620 3800 661 3853 Ι,
698 3802 829 3852 Post
890 3797 1117 3851 Domini
1169 3801 1225 3849 et
1272 3795 1603 3860 Salvatoris,
1650 3794 1827 3847 nostri
1885 3793 1941 3846 in
2002 3792 2173 3847 caelos

2354 3794 2433 3846 A'.
2468 3789 2620 3845 Μετὰ
2668 3788 2765 3854 τήν
2813 3790 2909 3841 τοῦ
2951 3786 3153 3859 Κυρίου
3204 3785 3295 3838 καὶ
3348 3791 3608 3857 Σωτῆρος
3658 3788 3820 3858 ἡμῶν
3862 3784 3929 3844 εἰς

540 3902 870 3951 ascensum,
897 3900 1027 3939 cum
1053 3884 1178 3952 ejus
1202 3881 1473 3953 discipuli
1498 3888 1554 3935 et
1575 3882 1817 3951 apostoli
1844 3882 2177 3936 universum

540 3974 737 4030 orbem
789 3983 950 4028 terra:
998 3971 1310 4043 Evangelio
1370 3969 1965 4040 comprehendissenl,
2017 3976 2071 4024 et
2119 3968 2179 4023 in

542 4078 743 4118 omnes
791 4062 1027 4132 quidem
1079 4068 1271 4130 partes
1295 4060 1419 4129 jam
1448 4058 1759 4113 distributa
1797 4065 1942 4114 esset
1974 4057 2183 4129 praedi-

539 4151 691 4206 catio
723 4150 972 4221 pietatis,
1004 4150 1054 4203 is
1087 4152 1301 4214 autem,
1339 4146 1436 4219 qui
1472 4146 1543 4201 ab
1578 4146 1743 4202 initio
1776 4146 1971 4218 generi
2003 4145 2184 4201 homi-

544 4256 683 4294 num
745 4240 1108 4306 adversatur,
1142 4236 1522 4293 intolerandis
1580 4236 1887 4291 tormentis
1924 4253 2026 4308 per
2061 4252 2180 4302 eos,

544 4330 645 4398 qui
706 4333 842 4383 tunc
901 4342 1095 4381 rerum
1156 4325 1543 4396 potiebantur,
1593 4326 1907 4395 subjiceret
1963 4324 2182 4390 fideles,

547 4416 850 4487 oportebat
895 4413 1203 4483 aliquando
1254 4413 1616 4467 Christianos
1666 4412 1807 4467 solvi
1847 4430 1878 4467 ιι
1920 4412 2086 4467 malis
2131 4417 2188 4469 et

550 4504 855 4569 molestiis,
909 4506 967 4555 et
1018 4517 1148 4553 cum
1208 4499 1415 4553 acerba
1473 4499 1627 4553 nube
1677 4500 1986 4570 impietatis
2042 4500 2185 4556 solvi

546 4593 724 4647 etiam
775 4590 1181 4658 tempestatem
1236 4590 1683 4651 tormentorum,
1712 4586 1923 4655 quibus
1975 4587 2187 4643 afﬁcie-

547 4684 782 4747 bantur,
814 4682 871 4734 et
900 4675 1026 4733 sisti
1058 4676 1272 4747 virgam
1316 4680 1709 4746 peccatorum,
1738 4693 1863 4747 qua
1912 4677 2187 4733 immitte-

546 4772 720 4825 batur
751 4769 1028 4824 adversus
1060 4766 1446 4820 hereditatem
1470 4766 1791 4835 justorum.
1813 4764 1956 4820 Cum
1992 4772 2187 4821 autem

550 4862 619 4915 ad
654 4860 763 4915 hoc
794 4861 947 4913 esset
976 4871 1121 4928 opus
1150 4855 1271 4909 viro
1294 4854 1395 4926 qui
1420 4853 1660 4909 haberet
1690 4853 1977 4925 insignem
2010 4856 2191 4910 animi

550 4948 934 5013 nobilitatem,
966 4944 1102 5000 talis
1152 4948 1344 4998 autem
1376 4946 1498 4997 erat
1529 4942 1847 4997 Constantii
1880 4947 1935 4997 et
1967 4944 2190 5000 Helenae

547 5036 720 5091 ﬁlius.
772 5033 1190 5091 Constantinus
1240 5033 1483 5103 Magnus
1548 5032 2034 5103 cognominatus:
2080 5035 2129 5089 is
2159 5049 2190 5085 ιι

2286 3878 2542 3951 οὐρανοὺς
2612 3876 2907 3949 ἀνάληψιν,
2966 3879 3073 3928 τῶν
3144 3874 3311 3930 αύτοῦ
3383 3878 3643 3948 μαθητῶν
3716 3896 3779 3930 τε
3851 3875 3929 3929 καὶ

2287 3966 2610 4021 ἀποστόλων
2666 3966 2765 4033 σήν
2826 3960 3155 4037 οἰκουμένην
3233 3968 3407 4018 πᾶσαν
3474 3968 3552 4034 τῷ
3618 3963 3930 4040 Εὖαγγελῖῳ

2287 4050 2721 4127 περιλαϐόντων,
2763 4052 2851 4107 καὶ
2909 4056 3192 4126 πανταχοῦ
3264 4052 3358 4124 μὲν
3436 4049 3779 4115 διαδοθέντος
3829 4051 3927 4123 ἤδη

2287 4150 2383 4200 τοῦ
2421 4151 2523 4214 τῆς
2568 4138 2836 4204 εὐσεϐείας
2888 4140 3241 4215 κηρύγματος
3288 4144 3385 4195 τοῦ
3445 4137 3501 4195 δὲ
3551 4140 3793 4215 ἀρχῆθεν
3847 4142 3929 4196 ἀν-

2289 4235 2595 4309 τικειμένου
2652 4237 2729 4305 τῷ
2771 4236 2878 4287 τῶν
2936 4231 3238 4305 ἀνθρώπων
3288 4231 3450 4304 γένει,
3496 4231 3759 4303 βασάνους
3818 4234 3935 4308 ἀφ’).

2295 4328 2481 4401 ρήτοις
2514 4321 2601 4378 διά
2629 4328 2734 4377 τῶν
2783 4322 2905 4376 τὸτέ
2952 4318 3297 4395 κρατούντων
3342 4313 3758 4381 ὑποϐάλλοντος
3812 4322 3935 4379 τοὺς

2293 4414 2640 4475 πιστεύοντας
2696 4410 2801 4465 ἔδει
2858 4410 2989 4465 ποτε
3064 4406 3219 4463 λύσιν
3286 4407 3533 4483 γενέσθαι
3602 4411 3934 4482 Χριστιανοῖς

2292 4506 2398 4556 τῶν
2451 4502 2699 4576 ἀνιαρῶν,
2767 4498 2857 4554 καὶ
2932 4499 3065 4571 μετὰ
3140 4501 3235 4552 τοῦ
3298 4501 3501 4570 πικροῦ
3575 4497 3770 4574 νέφους
3846 4504 3933 4563 τῆς

2295 4589 2541 4652 ἀσεϐείας
2592 4589 2822 4657 λυθῆναι
2888 4588 2978 4641 καὶ
3026 4587 3116 4643 τὸν
3166 4591 3418 4661 χειμῶνα
3446 4592 3545 4655 τῆς
3594 4587 3710 4640 κατ’
3771 4586 3934 4641 αὐτῶν

2293 4679 2583 4753 τιμωρίας,
2618 4678 2708 4731 καὶ
2760 4683 2949 4745 στῆναι
2992 4672 3189 4751 ῥάϐδον
3241 4674 3588 4749 ἁμαρτωλῶν
3636 4674 3775 4730 κατά

2298 4790 2393 4842 ρου
2442 4767 2660 4821 δικαίων
2710 4764 3029 4842 ἀφιεμένην.
3064 4766 3215 4823 Ἐπεὶ
3256 4763 3312 4820 δὲ
3350 4763 3543 4838 ἀνδρὸς
3584 4761 3759 4819 ἐδεῖσο
3807 4765 3934 4836 πρὸς

2296 4860 2479 4925 τοῦτο,
2537 4860 2801 4928 περιφανῆ
2859 4856 2959 4923 τήν
3020 4861 3121 4923 τῆς
3171 4858 3356 4929 ψυχῆς
3414 4852 3680 4927 εὐγένειαν
3744 4872 3939 4919 κεκτη-

2301 4946 2484 5018 μένου,
2524 4946 2773 5004 τοιοῦτος
2832 4940 2891 4997 δὲ
2946 4943 2974 4997 ὁ
3025 4943 3371 5005 Κώνσταντος
3434 4940 3524 4995 καὶ
3573 4938 3796 5009 Ἑλένης
3824 4941 3941 4999 υἱὸς

2298 5037 2689 5092 Κωνσταντῖνος
2752 5033 2779 5085 ὁ
2838 5034 3020 5106 Μέγας
3094 5030 3431 5101 ἒπικληθεὶς,
3488 5029 3773 5106 ἀφίσταται
3847 5030 3942 5101 μὲν

545 5126 728 5196 patrio
786 5123 1020 5193 quidem
1081 5121 1296 5178 recedit
1351 5136 1560 5183 errore,
1595 5136 1801 5175 arcano
1846 5122 2100 5190 quodam
2134 5128 2173 5175 e1

2297 5130 2398 5192 τῆς
2449 5121 2677 5196 πατρίου
2734 5119 2949 5192 πλάνης
3016 5120 3311 5196 ἀπορρήτῳ
3368 5121 3474 5175 τινὶ
3550 5118 3640 5174 καὶ
3698 5118 3949 5192 θειοτέρα

548 5212 741 5266 divino
793 5210 1061 5276 consilio,
1112 5214 1165 5265 et
1216 5208 1435 5265 accedit
1492 5209 1562 5263 ad
1621 5209 1943 5263 veritatem.
1994 5209 2188 5265 Vincit

547 5301 726 5367 enim,
752 5302 816 5353 ut
836 5315 1043 5355 omnes
1075 5302 1283 5364 sciunt,
1310 5298 1577 5354 inimicos
1611 5314 1713 5370 per
1735 5300 1924 5354 crucis
1954 5298 2012 5353 in
2044 5300 2187 5356 cmlo

550 5387 1026 5456 apparitionem:
1077 5392 1133 5442 et
1189 5388 1434 5458 Magnus
1495 5388 1692 5443 statim
1749 5386 2088 5458 appellatur,
2134 5397 2187 5443 et

550 5479 785 5542 propter
825 5470 1054 5540 pietatis
1099 5474 1591 5543 magnitudinem,
1623 5478 1681 5529 et
1711 5474 1770 5529 in
1801 5475 1992 5530 hostes
2018 5475 2188 5531 victo-

548 5560 715 5616 riam.
752 5558 967 5615 Deinde
1012 5563 1186 5631 etiam
1219 5579 1430 5635 magno
1462 5566 1620 5636 Regi,
1651 5569 1708 5620 et
1738 5566 2030 5621 communi
2062 5582 2187 5622 om-

542 5646 707 5704 nium
750 5646 989 5702 Domino
1023 5650 1267 5705 victoria:
1301 5653 1549 5709 reddens
1601 5652 1834 5723 gratias,
1869 5653 2048 5708 mittit
2089 5669 2188 5722 per

2299 5210 2585 5283 οἷκονομίᾳ
2628 5210 2717 5265 καὶ
2764 5213 2833 5283 τῇ
2882 5208 3113 5279 ἀληθείᾳ
3156 5208 3524 5284 προστίθεται,
3555 5212 3677 5277 νικᾷ
3739 5203 3819 5277 δὲ,
3873 5208 3951 5269 ὡς

2295 5300 2486 5361 πάντες
2514 5296 2683 5367 ’ίσασι,
2706 5296 2833 5360 τοὺς
2883 5296 3111 5371 ἐχθροὺς
3156 5293 3244 5351 διὰ
3298 5303 3399 5365 τῆς
3456 5294 3507 5350 ἐν
3568 5294 3784 5369 οὐρανῷ
3850 5299 3953 5349 τοῦ

2298 5391 2529 5462 σταυροῦ
2596 5384 2907 5463 ἐμφανείας,
2968 5385 3058 5438 καὶ
3126 5382 3309 5459 Μέγας
3368 5383 3525 5449 εὐθὺς
3580 5387 3649 5456 τῇ
3707 5402 3766 5436 τε
3820 5384 3953 5457 περὶ

2294 5478 2394 5545 τὴν
2480 5471 2751 5530 εὐσέϐειαν
2833 5471 3218 5549 μεγαλειότητι
3284 5475 3373 5528 καὶ
3454 5477 3524 5547 τῇ
3599 5473 3716 5527 κατ’
3775 5472 3961 5527 αὐτῶν

2299 5566 2447 5639 νίκῃ,
2478 5560 2959 5639 προσαγορεύεται,
2997 5562 3112 5616 εἶτα
3167 5560 3259 5616 καῖ
3313 5566 3393 5633 τῷ
3444 5560 3668 5634 μεγάλῳ
3724 5560 3957 5617 Βασιλεῖ

2319 5654 2406 5709 καὶ
2448 5659 2602 5723 κοινᾷ
2658 5651 2869 5707 πάντων
2918 5650 3159 5725 Δεσπὸτῃ
3200 5652 3428 5727 χάριτας
3468 5657 3568 5718 τῆς
3620 5650 3777 5721 νίκης
3815 5649 3952 5707 ἀπο-
