4128 6274
295 277 444 340 1161

1498 275 1971 340 MARTYRIUM
2017 275 2080 338 S.
2124 277 2482 342 ARTEMII.

3533 285 3688 349 1162

291 443 494 513 διδοὺς,
529 441 780 518 δόγματα
807 441 924 502 τοῖς
981 437 1086 514 πρὸ
1131 440 1230 494 τοῦ
1279 434 1590 512 βασιλεῦσιν
1637 434 1934 510 ἆντίῤῥοπα

2047 453 2252 495 omnes
2282 445 2475 510 partes
2525 437 2680 497 orbis
2713 445 2875 498 terrae
2914 441 3163 512 decreta,
3196 459 3322 515 quae
3353 453 3516 501 erant
3547 462 3684 505 con-

289 543 389 605 τῆς
451 532 778 606 οἰκουμένης
843 532 1128 607 πανταχοῦ
1195 524 1580 600 διαπέμπεται,
1643 524 1770 587 τοὺς
1839 525 1933 599 μὲν

288 635 396 686 τῶν
465 626 710 683 εἰδώλων
775 629 1151 699 καθαιρεῖσθαι
1217 623 1378 684 ναοὺς
1446 622 1536 674 καί
1605 621 1679 681 εἷς
1747 617 1938 695 ἔδαφος

288 719 766 792 καταστρέφεσθαι,
825 710 1303 786 ἀνοικοδομεῐσθαι
1355 708 1412 765 δὲ
1463 707 1630 764 πάλιν
1680 707 1762 764 ἐπ’
1811 707 1936 762 ὀνό·

295 831 422 884 ματι
453 809 692 882 Χριστοῦ
741 805 826 860 καὶ
879 807 985 858 τῶν
1045 801 1209 856 αὐτοῦ
1270 803 1528 874 μαθητῶν
1583 799 1672 853 καὶ
1725 797 1932 870 μαρτῦ-

291 921 420 976 ρων,
481 897 664 960 ο’ίκους
721 900 1064 972 παριφανεῖς,
1121 892 1210 948 καὶ
1268 891 1328 954 ἃς
1387 892 1580 964 πρώην
1639 887 1934 960 ἐκκλησίας

291 990 344 1043 οἱ
374 982 650 1048 δυσσεϐεῖς
707 986 1088 1058 κατέστρεψαν,
1137 981 1236 1050 τὴν
1281 979 1546 1057 προτέραν
1597 979 1746 1042 αὖθις
1797 979 1932 1033 ἀπο-

291 1071 590 1148 λαμϐάνειν
623 1073 972 1148 εὐπρέπειαν.

361 1167 438 1222 Β’.
483 1165 545 1222 Τί
597 1162 686 1218 οῦν
747 1165 774 1218 6
821 1167 938 1224 τοῖς
995 1161 1220 1236 ἀγαθοῖς
1275 1159 1572 1234 βασκαίνων
1629 1151 1926 1224 διάϐολοςς

289 1254 388 1309 οὐκ
414 1253 640 1328 ἐνεγκὼν
689 1254 790 1321 τήν
835 1248 1099 1320 τοσαύτην
1153 1243 1482 1320 μεταϐολὴν,
1535 1243 1722 1308 ἄλλως
1767 1267 1826 1300 τε
1873 1243 1931 1299 δὲ

287 1343 375 1399 καὶ
414 1344 506 1398 τὸν
562 1342 685 1397 τότε
739 1343 1044 1413 κρατοῦντα
1100 1334 1282 1408 εἰδὼς,
1341 1335 1450 1410 οὐχ
1505 1334 1620 1390 οἶόν
1683 1355 1740 1388 τε
1797 1334 1929 1388 εἶναι

287 1433 423 1506 πρὸς
458 1433 556 1499 τὴν
627 1430 854 1503 ματαίαν
923 1425 1087 1482 πάλιν
1151 1431 1258 1481 τῶν
1325 1422 1571 1480 εἰδώλων
1642 1423 1930 1494 θρησκείαν

287 1520 620 1587 ἐπανελθεῖν,
671 1517 900 1576 ἄλλοθεν
951 1519 1088 1590 ἡμῖν
1139 1513 1332 1590 ἐγείρει
1380 1515 1473 1569 τὸν
1520 1511 1784 1586 πόλεμον,
1839 1511 1930 1566 καὶ

287 1614 355 1684 τῇ
387 1611 503 1664 κατ’
533 1604 940 1682 Ἀλεξάνδρειαν
975 1603 1276 1675 Ἐκκλησία
1303 1603 1398 1659 τὸν
1440 1596 1670 1670 δυσσεϐῆ
1715 1603 1930 1674 Ἀρειον

895 1692 1078 1768 ὥσπερ
1175 1693 1392 1768 ὀργάνῳ
1453 1691 1558 1746 τινὶ
1628 1693 1694 1764 τῇ
1764 1689 1925 1744 αὐτοῦ

287 1700 628 1774 παρενείρας,
713 1697 802 1751 καὶ

285 1788 508 1864 γλώττῃ
567 1785 937 1862 χρησάμενος,
987 1783 1190 1854 κτίσμα
1237 1781 1328 1836 τὸν
1379 1783 1478 1836 τοῦ
1535 1783 1669 1834 Θεοῦ
1727 1778 1925 1844 ἆνακη-
1957 1807 2008 1872 Β

291 1879 496 1953 ρύττειν
531 1875 652 1930 Υἱὸν
699 1873 902 1947 τολμᾷ,
953 1871 1044 1927 καὶ
1093 1873 1193 1940 τῆς
1240 1875 1335 1926 τοῦ
1385 1873 1518 1924 Θεοῦ
1565 1867 1654 1924 καὶ
1713 1869 1924 1940 Πατρὸς

289 1966 474 2028 οὐσίας
507 1961 853 2038 δογματίζειν
883 1961 1199 2035 ἀλλότριον.
1239 1965 1350 2028 Τῆς
1397 1962 1634 2032 πονηρᾶς
1680 1955 1738 2012 δὲ
1785 1957 1925 2012 ταύ-

287 2077 388 2124 της
419 2054 643 2130 ’Ἀρείου
677 2050 836 2122 δόξης
883 2047 1297 2120 διαδονηοείσης
1348 2049 1409 2102 τὸ
1439 2047 1612 2125 τάχος
1659 2047 1742 2101 καὶ
1789 2045 1928 2100 ἀπο-

287 2139 626 2214 σϐεσθείσης,
658 2143 748 2197 ἅτε
797 2145 894 2196 τοῦ
948 2135 1199 2200 εὐσεϐοῦς
1265 2135 1532 2214 βασιλέως
1580 2137 1680 2204 τὴν
1731 2133 1782 2190 έν
1833 2141 1930 2189 Νι-

287 2235 414 2306 καίᾳ
467 2240 574 2288 τῶν
629 2232 786 2296 θείων
845 2229 1092 2303 Πατέρων
1163 2229 1628 2303 συγκροτήσαντος
1685 2221 1928 2294 σῦνοδον,

287 2327 374 2380 καὶ
408 2323 565 2378 αὐτὸν
602 2321 694 2395 μὲν
725 2323 940 2394 Ἀρειον
968 2321 1082 2384 Ῐτοῦ
1139 2321 1246 2370 τῶν
1284 2315 1472 2388 ἱερέων
1517 2312 1932 2384 ἀπεληλακὸτος

289 2415 655 2485 συστήματος,
699 2410 794 2464 τὸν
845 2407 900 2462 δὲ
951 2405 1130 2476 ΞιληΟῆ
1193 2407 1320 2460 Θεὸν
1371 2404 1462 2458 καὶ
1515 2403 1710 2476 Κῦριον
1769 2403 1928 2472 ἡμῶν

285 2505 496 2571 Ἰησοῦν
545 2498 775 2574 Χριστὸν
832 2495 1125 2570 ὁμοοῦσιον
1170 2498 1248 2565 τῷ
1305 2492 1475 2565 Πατρὶ
1520 2491 1609 2545 καὶ
1657 2487 1929 2544 συναὶδιον

288 2589 718 2665 ἀνακηρύξαντος
787 2587 862 2647 ὡς
927 2585 990 2639 τὸ
1045 2583 1336 2656 πρότερον,
1421 2581 1572 2640 αὖθις
1651 2580 1678 2634 6
1737 2577 1930 2652 ἐχθρὸς

288 2680 512 2749 ἐλύσσα,
569 2677 660 2732 καὶ
717 2677 817 2744 τὴν
871 2673 1134 2750 προτέραν
1196 2671 1360 2726 αὐτοῦ
1440 2668 1724 2743 θρησκείαν
1785 2667 1932 2722 ἐπει-

293 2776 420 2844 ρᾶτο
468 2765 634 2822 πάλιν
685 2765 1027 2832 ἀνακινῆσαι,
1078 2761 1166 2816 καὶ
1226 2759 1316 2814 τὸν
1367 2757 1529 2831 ἀξίως
1594 2757 1740 2827 αὖτῷ
1797 2757 1933 2827 πρὸς

291 2862 451 2913 τοῦτο
504 2855 916 2928 ὑπηρετήσοντα
971 2849 1094 2904 λίαν
1158 2846 1434 2918 ἐπιμελῶς
1482 2845 1762 2918 ἀνηρεύνα.
1815 2847 1932 2900 Τοῦ

289 2947 466 3002 τοίνυν
513 2942 754 3020 μεγάλου
810 2939 899 2993 καὶ
963 2937 1184 3010 πρώτου
1241 2937 1574 2991 Χυιστιανῶν
1638 2929 1930 3005 βασιλέως,

291 3029 526 3094 εὐσεϐῶς
555 3018 614 3088 τε
655 3031 768 3102 ἅμα
813 3027 902 3082 καὶ
941 3025 1125 3088 καλῶς
1167 3023 1303 3078 κατὰ
1351 3022 1413 3076 τὸ
1467 3018 1787 3094 τριακοστὸν
1844 3018 1933 3072 καὶ

293 3121 539 3197 δεύτερον
607 3125 708 3187 τῆς
766 3113 942 3190 ἀρχῆς
1005 3107 1122 3172 ἔτος
1192 3111 1295 3166 ὑπὸ
1359 3111 1458 3178 τὴν
1517 3113 1626 3162 τῶν
1695 3107 1932 3197 Β.ουνῶν

291 3190 584 3286 ἐπαρχίαν,
651 3205 814 3275 ἡνίκα
879 3209 979 3269 τῆς
1063 3200 1199 3274 πρὸς
1291 3197 1496 3271 Πέρσας
1589 3190 1930 3266 ἐκστρατείας

289 3281 727 3373 ἀπή-ρὶετο,τὴν
781 3288 1062 3368 βασιλείαν
1113 3285 1472 3359 ἂποθεμένου,
1523 3281 1932 3339 Κωνσταντίνου

289 3411 348 3444 τε
382 3370 494 3460 iis?
545 3385 701 3439 αὐτὸν
751 3382 847 3437 τοῦ
905 3377 1119 3448 παιδὸς,
1167 3379 1265 3444 τήν
1319 3378 1417 3430 τοῦ
1475 3370 1706 3446 πατέρος
1755 3371 1934 3448 ἀρχὴν

294 3474 698 3547 διαδεξαμένου,
732 3471 846 3525 ἐπεὶ
879 3465 936 3523 δέ
975 3464 1132 3528 οῦτος
1177 3463 1394 3519 ἀπέτισε
1440 3463 1503 3516 τὸ
1547 3461 1746 3535 χρεὼν,
1779 3461 1808 3514 6
1837 3462 1933 3514 τοῦ

297 3565 537 3642 μεγάλου
603 3556 1010 3617 Κωνσταντίνου
1077 3549 1400 3630 ἀδελφιδοῦς
1494 3549 1812 3616 Ἰουλιανὸς,
1871 3549 1929 3610 ὃς

293 3635 389 3710 iui.
421 3647 760 3726 παραϐάτης,
813 3644 902 3700 διὰ
955 3645 1052 3712 τήν
1105 3648 1205 3711 τῆς
1253 3637 1496 3710 ἀληθοῦς
1546 3637 1792 3706 ἀθέτησιν
1839 3635 1928 3690 πί.

293 3763 460 3804 στεως
504 3725 616 3794 γκαὶ
675 3737 810 3811 πρὸς
877 3735 938 3788 τὸ
1001 3730 1332 3802 Ἑλληνικὸν
1397 3725 1553 3790 σέϐας
1634 3727 1934 3800 μετάθεσιν,

293 3833 515 3892 δικαίως
583 3825 812 3896 ἐκλήθη,
881 3825 1206 3896 τυραννικῶς
1285 3823 1394 3874 τῶν
1467 3819 1757 3891 σκήπτρων
1821 3815 1936 3870 ἐπι-

295 3916 650 3995 λαμϐάνεται.
721 3909 1076 3970 ’Λδελσιιδοῦν
1141 3907 1198 3964 δὲ
1272 3909 1434 3964 αὐτὸν
1529 3905 1932 3962 Κωνσταντίνου

298 3994 494 4070 εἶπενὸ
535 4007 722 4081 λόγος,
781 4003 896 4056 καθ’
955 4002 982 4055 ὃ
1041 3999 1092 4070 ἒξ
1153 3999 1488 4074 έτερογενοῦς
1546 3994 1784 4074 ἀδελφοῦ
1839 3999 1935 4050 τοῦ

301 4095 679 4159 Κωνσταντίου
709 4093 974 4166 ἐτύγχανε
1002 4088 1296 4164 γεννηθεὶς⁶
1329 4089 1420 4142 καὶ
1469 4087 1572 4161 γὰρ
1619 4083 1668 4157 ἐξ
1707 4084 1935 4152 Ἐλένης

307 4192 404 4266 μὲν
435 4195 533 4257 τῆς
571 4183 788 4254 ἀληθῶ,
844 4179 1108 4254 μακαρίας
1149 4177 1311 4238 αὐτὸς
1358 4175 1522 4247 μόνος
1568 4175 1594 4228 6
1647 4179 1938 4228 Κωνσταν-

301 4259 445 4342 τίνος
473 4275 758 4353 γεγέννητο
802 4275 881 4341 τῷ
927 4267 1112 4341 πατρὶ,
1163 4265 1222 4320 ἐκ
1269 4261 1550 4336 Θεοδώρας
1601 4259 1658 4316 δέ
1697 4268 1798 4330 τῆς
1845 4263 1940 4314 θυ-

300 4348 498 4446 γατρὸς
553 4348 922 4432 ᾟΙαξιμιανοῦ
985 4359 1082 4410 τοῦ
1174 4352 1264 4408 καὶ
1355 4348 1700 4423 Ἑρκυυλίου.
1793 4353 1938 4422 τρεῖς

302 4439 475 4526 οὗτοι,
533 4451 868 4524 Δαλματιος,
929 4439 1350 4502 ’Λναϐαλλιανὸς
1407 4439 1498 4495 καὶ
1549 4439 1936 4502 Κωνστάντιος.

2049 529 2225 585 traria
2268 531 2516 587 decretis
2569 531 2828 604 priorum
2860 531 3279 604 imperatorum
3315 553 3329 592 :
3363 553 3590 609 nempe,
3625 543 3686 596 ut

2045 619 2424 674 diruerentur
2471 619 2682 692 templa
2711 620 3026 686 idolorum,
3073 627 3128 678 et
3167 623 3434 681 funditus
3464 631 3679 684 everte-

2047 711 2249 762 rentur
2281 724 2296 763 :
2355 707 2416 764 in
2446 707 2658 764 Christi
2691 717 2881 766 autem
2929 711 3168 767 nomine
3198 728 3400 769 rursus
3433 715 3683 772 aediﬁca-

2047 801 2266 864 rentur,
2301 801 2358 852 et
2389 798 2514 867 ejus
2547 797 2962 868 discipulorum
2983 804 3040 854 et
3068 803 3394 872 martyrum
3416 805 3566 859 aedes
3591 803 3678 859 in-

2045 884 2264 956 signes,
2295 890 2352 940 et
2382 903 2528 958 quas
2561 886 2722 958 prius
2746 887 2909 958 impii
2933 893 3259 945 everterant
3283 890 3570 960 ecclesias,
3603 909 3679 950 eae

2044 993 2249 1033 rursus
2281 977 2530 1049 priorem
2561 979 2826 1036 decorem
2857 979 3200 1052 reciperent.

2111 1158 2180 1212 II.
2203 1158 2349 1224 Quid
2371 1174 2528 1230 ergo,
2551 1159 2648 1230 qui
2673 1158 2840 1216 bonis
2861 1159 3096 1227 invidet,
3115 1161 3378 1219 diabolus
3398 1165 3426 1219 ?
3449 1164 3572 1221 Non
3595 1167 3675 1222 fe-

2037 1263 2175 1301 rens
2199 1251 2416 1302 tantam
2447 1247 2852 1316 mutationem,
2877 1251 2934 1304 et
2953 1248 3169 1320 alioqui
3193 1250 3382 1306 sciens
3413 1252 3536 1308 fieri
3561 1271 3676 1310 non

2037 1351 2230 1406 posse,
2256 1341 2320 1390 ut
2349 1336 2450 1406 qui
2473 1340 2609 1392 tunc
2633 1337 2860 1394 tenebat
2884 1338 3221 1408 imperium,
3247 1340 3461 1396 rediret
3481 1342 3552 1396 ad
3575 1360 3674 1400 va-

2037 1440 2176 1480 num
2207 1423 2429 1480 cultum
2460 1425 2928 1494 simulacrorum,
2962 1425 3200 1482 aliunde
3229 1427 3288 1482 in
3321 1444 3428 1484 nos
3457 1430 3673 1487 bellum

2035 1512 2243 1568 excitat
2267 1529 2280 1569 :
2313 1516 2369 1569 et
2389 1529 2518 1568 cum
2539 1512 2598 1568 in
2619 1513 2933 1570 Ecclesiam
2957 1513 3412 1572 Alexandrinam
3436 1517 3676 1590 impium

2033 1601 2238 1656 Arium
2270 1601 2620 1668 induxisset,
2653 1610 2704 1658 et
2737 1605 3014 1674 tanquam
3046 1603 3444 1661 instrumento
3474 1607 3672 1679 aliquo

2033 1690 2160 1760 ejus
2198 1689 2396 1762 lingua
2430 1694 2582 1746 esset
2605 1706 2760 1758 usus,
2787 1691 2958 1746 audet
2989 1691 3299 1762 pradicare
3328 1693 3428 1748 Dei
3461 1694 3670 1751 Filium

2033 1793 2161 1832 esse
2191 1782 2474 1842 creatum,
2507 1782 2566 1832 et
2594 1779 2862 1848 dogmate
2894 1781 3170 1844 statuere,
3205 1795 3337 1834 eum
3370 1795 3494 1834 esse
3527 1782 3672 1837 alie-

2035 1881 2176 1920 num
2209 1884 2242 1922 a
2271 1865 2444 1921 Deiet
2471 1865 2657 1920 Patris
2687 1866 2960 1924 essentia.
2993 1869 3111 1922 Hac
3143 1873 3332 1923 autem
3367 1867 3518 1924 mala
3549 1871 3669 1926 Arii

2033 1956 2303 2025 Opinione
2324 1955 2436 2010 cito
2466 1955 2776 2020 exstincta,
2801 1959 3001 2027 utpote
3022 1958 3176 2027 quod
3207 1956 3340 2029 pius
3359 1958 3670 2030 imperator

2032 2044 2231 2100 Nicaeae
2253 2045 2582 2100 divinorum
2605 2044 2834 2100 Patrum
2857 2051 3269 2117 congregasset
3291 2048 3670 2118 synodum,et

2033 2134 2230 2205 ipsum
2261 2133 2493 2203 quidem
2514 2132 2714 2188 Arium
2735 2133 3012 2189 movisset
3041 2148 3070 2188 e
3101 2139 3251 2190 coetu
3281 2137 3668 2205 sacerdotum,

2032 2239 2234 2278 verum
2269 2225 2462 2276 autem
2499 2226 2674 2276 Deum
2711 2224 2772 2276 et
2819 2221 3132 2278 Dominum
3175 2227 3434 2278 nostrum
3463 2223 3669 2280 Jesum

2035 2310 2336 2366 Christum
2394 2309 2658 2379 ejusdem
2716 2325 2844 2364 esse
2901 2325 3034 2364 cum
3095 2313 3260 2364 Patre
3300 2312 3584 2380 essentia,
3615 2319 3672 2368 et

2037 2405 2406 2468 coaeternum,
2439 2399 2592 2454 sicut
2623 2399 2784 2470 prius
2815 2399 3208 2468 pradicasset,
3233 2399 3508 2456 inimicus
3539 2418 3669 2456 rur-

2037 2506 2138 2545 sus
2169 2488 2328 2544 rabie
2355 2487 2704 2560 agitabatur,
2736 2491 2794 2543 et
2833 2488 3081 2558 priorem
3112 2505 3278 2544 suam
3326 2490 3666 2560 religionem

2035 2593 2242 2632 rursus
2294 2577 2618 2632 conabatur
2645 2591 2887 2641 movere,
2948 2579 3005 2631 et
3035 2579 3136 2647 qui
3167 2594 3266 2649 pro
3299 2579 3582 2649 dignitate
3611 2580 3664 2636 ei

2043 2669 2126 2724 rei
2159 2669 2482 2734 inserviret,
2515 2666 2819 2738 diligenter
2849 2665 3200 2738 inquirebat.
3233 2669 3374 2724 Cum
3425 2685 3676 2739 magnus

2039 2773 2172 2827 ergo
2203 2759 2260 2812 et
2291 2755 2505 2826 primus
2528 2754 2988 2812 Christianorum
3009 2755 3344 2828 imperator,
3377 2757 3466 2828 pie
3499 2758 3676 2815 simul

2039 2851 2096 2900 et
2139 2843 2380 2916 pulchre
2411 2843 2703 2900 tricesimo
2735 2843 2988 2900 secundo
3021 2860 3173 2900 anno
3205 2845 3296 2899 sui
3330 2846 3582 2918 imperii,
3615 2848 3676 2902 in

2039 2931 2335 3004 provincia
2367 2932 2770 3004 Bithynorum,
2803 2932 3033 3003 quando
3063 2933 3487 3004 expeditionem
3521 2935 3676 2991 ince-

2043 3021 2124 3090 pit
2159 3020 2346 3074 facere
2376 3024 2579 3074 contra
2607 3020 2828 3090 Persas,
2869 3021 3234 3092 deposuisset
3261 3021 3588 3093 imperium,
3622 3028 3679 3079 et

1959 3143 2010 3211 Ο
2042 3110 2416 3210 Constantius
2449 3110 2605 3166 tilius
2629 3111 3216 3211 patris-successisset
3238 3112 3502 3211 imperio,
3527 3118 3676 3211 post-

2043 3215 2219 3272 quam
2251 3200 2300 3254 is
2329 3215 2554 3270 quoque
2595 3200 2837 3255 exsolvit
2866 3199 3145 3270 debitum,
3181 3202 3366 3271 ipsius
3399 3202 3675 3272 patruelis

2040 3287 2332 3354 Julianus,
2365 3287 2464 3358 qui
2515 3286 2686 3342 etiam
2727 3291 3148 3360 transgressor,
3190 3295 3494 3360 propterea
3524 3293 3677 3362 quod

2041 3393 2237 3434 veram
2297 3377 2472 3431 ﬁdem
2503 3379 2658 3431 esset
2687 3381 3054 3446 aspernatus,
3086 3381 3143 3430 et
3181 3393 3243 3432 se
3291 3378 3363 3432 ad
3401 3380 3676 3450 gentilem

2045 3461 2394 3520 traduxisset
2417 3461 2778 3534 religionem,
2805 3463 2938 3532 jure
2956 3461 3062 3516 fuit
3084 3461 3425 3534 appellatus,
3449 3471 3680 3536 sceptra

2044 3551 2343 3625 tyrannica
2363 3549 2765 3622 apprehendit.
2792 3549 3115 3605 Constantii
3141 3559 3332 3607 autem
3357 3553 3678 3624 patruelem

2046 3657 2178 3696 eum
2237 3639 2514 3706 diximus,
2545 3637 2824 3708 quoniam
2874 3642 3044 3694 natus
3101 3639 3207 3694 fuit
3238 3655 3306 3696 ex
3343 3642 3677 3696 Constantio

2045 3726 2410 3785 Constantini
2445 3728 2641 3794 fratre,
2695 3725 2906 3782 diversi
2939 3731 3132 3782 tamen
3171 3729 3420 3800 generis.
3454 3731 3678 3785 Etenim

2045 3833 2114 3874 ex
2144 3832 2272 3872 vere
2313 3817 2477 3871 beata
2521 3812 2736 3869 Hciena
2769 3813 2895 3886 ipse
2937 3814 3350 3872 Constantinus
3387 3816 3551 3874 solus
3581 3835 3680 3874 na-

2045 3912 2138 3963 tus
2167 3910 2252 3962 est
2291 3903 2462 3976 patri.
2495 3903 2572 3958 Ex
2603 3902 2906 3958 Theodora
2939 3907 3128 3960 autem
3181 3903 3301 3960 tilia
3330 3906 3678 3978 Maximiani,

2046 3996 2144 4068 qui
2175 3994 2350 4051 etiam
2383 3993 2572 4048 dictus
2613 3995 2697 4047 est
2736 3991 3062 4059 Herculius,
3113 3993 3172 4048 hi
3205 3997 3322 4050 tres
3355 3995 3474 4050 nati
3521 4000 3678 4052 sunt.

2045 4085 2390 4150 Dalmatius,
2421 4080 2840 4136 Anaballianus
2888 4087 2946 4136 et
2984 4082 3376 4139 Constantius.
3408 4085 3584 4139 Porro
3616 4100 3684 4139 ex

2048 4172 2379 4230 Constantio
2411 4169 2634 4234 Gallus,
2669 4173 2726 4224 et
2757 4169 2830 4234 is,
2862 4169 2932 4224 de
2960 4187 3075 4241 quo
3123 4172 3182 4225 in
3223 4173 3528 4243 praesentia
3560 4173 3682 4243 agi—

2049 4267 2167 4326 tur,
2191 4257 2568 4329 turpissimus
2586 4255 2872 4312 Julianus.
2898 4257 3004 4321 Qui
3027 4259 3256 4328 quidem
3279 4277 3434 4327 cum,
3459 4265 3522 4316 ut
3539 4260 3688 4316 dixi-

2051 4365 2206 4420 mus,
2239 4363 2304 4402 ex
2339 4344 2644 4418 tyrannide
2696 4345 3016 4416 accepisset
3041 4347 3373 4417 imperium,
3411 4350 3687 4420 gravissi-

2053 4455 2211 4494 mum
2239 4451 2438 4492 rursus
2451 4433 2672 4491 bellum
2695 4434 3000 4506 excitatur)
3019 4439 3074 4491 et
3095 4435 3444 4508 gravissima
3465 4454 3688 4505 earum,

294 4551 392 4606 Ἐκ
431 4511 804 4602 Ιίωνσταντίου
865 4533 922 4588 δὲ
979 4530 1216 4600 Γάλλος,
1283 4531 1373 4584 καὶ
1440 4531 1468 4584 6
1528 4528 1714 4602 παρὼν
1783 4525 1934 4588 οὗτος

2056 4542 2300 4600 quarum
2331 4540 2589 4595 unquam
2627 4524 2728 4578 ﬁat
2751 4523 2988 4592 mentio,
3021 4525 3208 4580 oritur
3233 4526 3582 4597 persecutio.

301 4635 585 4709 αῗσγιστος
639 4625 959 4688 Ἰουλιανός.
1025 4623 1102 4679 Οὔ
1153 4641 1299 4682 τινος
1347 4621 1445 4690 τήν
1495 4617 1791 4694 βασίλειον,
1851 4617 1924 4680 ὡς
1997 4611 2226 4694 ἔφημεν,
2297 4613 2358 4670 ἐκ
2420 4610 2735 4688 τυραννίδος
2794 4612 3088 4688 εἰληφότος
3163 4613 3369 4688 ἀργὴν.
3456 4616 3607 4678 αὖθις
3664 4617 3692 4671 ὃ

305 4707 440 4784 κατα
503 4719 846 4796 Χριστιανῶν
914 4711 1320 4790 ἀναρριπίζεται
1415 4709 1685 4782 πόλεμος,
1759 4707 1850 4762 καὶ

307 4809 575 4888 διωγμός.

381 4909 452 4963 Γ’.
485 4903 616 4966 Καθ’
665 4901 724 4954 ’ὸν
773 4895 884 4967 ἤδη
933 4896 1120 4970 καιρὸν
1173 4895 1264 4950 καὶ
1294 4895 1324 4950 6
1371 4891 1533 4968 μέγας
1579 4891 1670 4948 καὶ
1717 4911 1948 4969 περιφα-

305 4998 404 5064 νῆς
426 4995 524 5062 τήν
557 4985 852 5054 εὐσέϐειαν,
883 4986 912 5039 6
943 4989 1112 5052 θεῖος,
1159 4981 1324 5058 φημὶ.
1376 4982 1670 5056 Ἀρτέμιος
1711 4980 1805 5034 τὸν
1847 4980 1949 5033 τοῦ

315 5081 612 5160 μαρτυρίου
669 5077 924 5155 στέφανον
979 5070 1298 5143 ἄνεδῆσατο.
1369 5069 1580 5140 Διδᾶξει
1632 5067 1688 5124 δέ
1737 5069 1946 5145 προϊὼν

313 5156 544 5248 δλόγος
575 5167 918 5247 σαφέστερον.
963 5163 1122 5237 ’Λρτι
1169 5165 1266 5216 τοῦ
1317 5159 1562 5248 μεγάλου
1611 5156 1948 5248 Κωνσταστί.

311 5287 406 5320 νου
437 5244 527 5316 Ἰέὸν
565 5244 678 5333 βίον
716 5250 1110 5318 ἀπολιπόντος,
1160 5249 1234 5310 ὡς
1277 5249 1305 5304 ὁ
1354 5247 1520 5322 λόγος
1569 5247 1770 5326 φθάσας
1821 5244 1952 5316 ἐδη-

317 5355 514 5422 λωσεν,
565 5346 641 5410 εἷς
686 5348 831 5418 τρεῖς
892 5339 1066 5415 ἀρχὰς
1133 5341 1168 5407 ἡ
1225 5341 1334 5392 τῶν
1391 5335 1681 5410 Ῥωμαίων
1741 5335 1954 5406 ἐξουσία

320 5438 658 5515 διεμερίσθη,
707 5437 814 5488 τῶν
875 5431 1008 5484 υἱῶν
1069 5428 1255 5498 αὐτοῦ,
1317 5423 1746 5496 Κωνσταντίνου,
1803 5428 1956 5482 Κων-

323 5511 570 5586 σταντίου
625 5545 684 5579 τε
747 5521 836 5576 καὶ
905 5519 1272 5586 Κώνσταντος,
1337 5515 1533 5577 ταύτας
1599 5511 1952 5586 διελομένων,

638 5650 906 5711 ΡΑτιιοι..
953 5646 1062 5707 Gn.
1109 5643 1288 5718 CXV,

1945 4705 2245 4782 βαρύτατος
2318 4707 2428 4758 τῶν

2520 4701 2746 4756 πώποτε
2815 4723 2921 4774 μνη
2933 4701 3311 4776 μονευομένων
3362 4703 3694 4782 ἀνεγείρεται

2127 4890 2225 4945 ΙΙΙ.
2249 4887 2368 4952 Οιιο
2399 4885 2634 4956 quidem
2657 4889 2920 4956 tempore
2941 4900 3192 4956 magnus
3223 4890 3280 4941 et
3309 4885 3518 4956 pietate
3549 4885 3693 4942 insi-

2055 4975 2210 5048 gnis,
2233 4973 2478 5042 divinus,
2512 4971 2774 5042 inquam,
2823 4971 3123 5028 Artemius
3164 4971 3272 5027 fuit
3317 4973 3574 5045 martyrii
3605 4989 3696 5030 co-

2057 5061 2551 5124 ronaredimitus.
2585 5059 2648 5116 Id
2681 5075 2810 5116 vero
2844 5058 3102 5130 apertius
3125 5060 3354 5116 docebit
3383 5063 3696 5134 procedens

2058 5155 2260 5210 oratio.
2293 5152 2436 5208 Cum
2459 5165 2710 5222 magnus
2732 5148 3288 5219 Constantinusjam
3317 5167 3348 5206 e
3369 5152 3695 5207 vitaexces-

2059 5244 2252 5310 sisset,
2277 5246 2342 5298 ut
2372 5245 2460 5296 est
2491 5239 2886 5312 praemissum,
2925 5237 2985 5294 in
3032 5245 3147 5295 tres
3180 5243 3372 5310 partes
3415 5239 3526 5295 fuit
3557 5239 3700 5294 divi-

2061 5349 2190 5390 sum
2234 5331 2560 5387 Romanum
2592 5328 2927 5400 imperium,
2959 5343 3093 5384 cum
3123 5331 3250 5398 ejus
3277 5328 3382 5384 ﬁlii
3416 5329 3702 5384 Constan-

2063 5423 2239 5488 tinus,
2289 5416 2686 5486 Constantius,
2720 5421 2776 5474 et
2817 5415 3102 5474 Constans
3149 5417 3209 5472 id
3247 5417 3602 5474 divisissent.
3635 5417 3703 5472 Et

2064 5512 2248 5584 primo
2321 5507 2580 5581 quidem,
2639 5522 2850 5580 nempe
2910 5507 3312 5575 Constantino,
3371 5507 3700 5579 superiores

3304 5631 3381 5688 37
