4128 6274
293 133 448 195 11θὸ

1489 144 1971 214 MARTYRIUM
2015 151 2083 215 S.
2127 149 2489 214 ARTEMII.

3530 149 3686 218 1166

489 297 1025 390 καταψηφιζόμενος.
1056 389 1059 390 ν
1085 297 1369 357 Βασιλεύει
1413 302 1594 360 τοίνυν
1623 306 1650 361 6
1682 307 1936 374 Κώνστας

2059 311 2227 370 totius
2256 313 2607 385 Occidentis,
2629 316 2777 373 duas
2797 320 2987 389 partes
3010 315 3069 372 in
3092 332 3270 373 unam
3299 315 3688 390 conjungens,

290 380 373 471 ἐφ’
402 381 540 471 ὅλης
589 392 691 455 τῆς
746 385 996 463 ἑσπερίου
1039 389 1244 467 ἀρχῆς,
1287 392 1384 456 τὰς
1430 391 1526 450 δύο
1572 393 1937 471 κληροδοσίας

292 470 369 535 εἷς
431 469 487 527 ’ἐν
552 475 808 549 συνάψας,
873 479 961 532 καὶ
1044 478 1168 551 μίαν
1236 479 1417 556 ἀρχὴν
1502 469 1782 562 ἀμφότερα
1856 488 1938 545 θέ-

297 583 476 636 μενος.

366 653 421 709 E'
485 652 554 710 Ο·’
688 653 786 710 λ“”
840 654 855 675 ’
900 662 927 674 “
1162 658 1214 693 “·
1375 660 1390 678 “
1614 664 1626 681 ’

428 696 438 707 .
535 676 560 708 .›
609 675 682 711 πο
727 677 784 717 υ..
836 677 960 726 ενην
1027 677 1235 733 καιρο..,
1302 680 1392 715 και
1460 663 1488 718 6
1549 665 1793 728 Κωνστας
1860 666 1938 731 εἷς

293 741 519 813 κώμους
583 742 673 799 καὶ
753 746 918 819 μέθας
983 744 1361 819 ἐναποκλίνας,
1428 751 1519 806 καὶ
1593 752 1931 818 ἀλλοκότους

294 829 521 907 ἔρωτας,
575 835 836 908 ῥᾳθύμως
882 837 982 906 τήν
1029 834 1161 904 ὅλην
1210 839 1390 918 ἀρχὴν
1440 838 1763 913 διέπέττέυε,
1813 867 1933 901 τοσ-

293 926 448 977 οῦτον
505 924 783 998 βασιλείας
835 928 1063 1003 μέγεθος
1110 929 1534 1007 ἒξορχούμενος.
1583 930 1934 991 Ἐπιὸουλεύ-

293 1031 404 1067 εται
433 1018 719 1089 τοιγαροῦν
752 1016 840 1069 καὶ
881 1016 1044 1079 αὐτὸς
1093 1019 1385 1092 παράτινος
1432 1025 1540 1076 τῶν
1588 1030 1931 1099 στρατηγῶν,

260 1101 518 1172 ,ὀνόματι
550 1104 902 1178 Μαγνεντίου,
960 1106 1050 1161 καὶ
1104 1108 1239 1177 μετά
1282 1116 1382 1179 τῆς
1439 1111 1717 1184 βασιλείας
1766 1134 1933 1188 προσ-ε

293 1190 599 1247 ἀπόλλυσιν
630 1196 717 1247 καὶ
749 1195 812 1249 τὸ
864 1198 982 1268 ζῇν.
1031 1197 1235 1253 Τούτου
1282 1199 1560 1269 πεσόντος,
1603 1208 1790 1276 κρατεῖ
1832 1210 1934 1272 τῆς

294 1280 473 1357 ἀρχῆς
520 1281 547 1336 6
582 1283 937 1358 Μαγνέντιος,
992 1286 1108 1358 μεθ⁹
1164 1284 1227 1341 οὗ
1283 1291 1383 1353 τῆς
1440 1288 1754 1364 τυραννίδος
1819 1314 1938 1347 συν-

297 1371 630 1432 επελάϐοντο
708 1382 1056 1443 Νεπωτιανὸς
1141 1382 1233 1438 καὶ
1325 1386 1687 1459 Βρεττανίων·
1753 1391 1936 1446 Ταῦτα

300 1468 484 1539 μαθὼν
515 1468 543 1521 ὁ
575 1469 948 1532 Κωνστάντιος
980 1469 1039 1524 ἐκ
1074 1475 1180 1525 τῶν
1233 1478 1336 1542 τῆς
1382 1471 1625 1552 ἀδελφῆς
1675 1476 1935 1551 γραμμά-

293 1575 425 1627 των,
502 1555 711 1632 ἀπάρας
788 1557 847 1612 ἐκ
909 1565 1009 1628 τῆς
1067 1559 1393 1633 ’Δνατολῆς,
1478 1564 1568 1618 καὶ
1645 1567 1781 1640 πρὸς
1832 1567 1932 1636 τήν

290 1645 554 1720 Ἑσπέραν
646 1646 958 1720 γενόμενος,
1053 1648 1300 1704 συνάπτει
1396 1652 1531 1727 πρὸς
1595 1653 1934 1731 ἀμφοτέρους

2052 406 2110 459 et
2138 419 2207 459 ex
2235 402 2525 462 ambobus
2555 421 2742 462 unum
2774 406 2992 463 faciens
3013 404 3350 479 imperium.

2120 677 2183 732 V.
2215 677 2341 734 Non
2364 678 2616 735 multum
2638 680 2962 738 intercessit
2985 684 3286 755 temporis,
3312 691 3367 742 et
3394 690 3685 748 Constans

2048 767 2119 822 ad
2152 767 2602 824 comessationes
2632 769 2932 827 declinans
2961 778 3017 828 et
3043 773 3369 839 ebrietates,
3395 780 3452 832 et
3466 776 3686 835 alienos

2049 871 2294 923 amores,
2328 855 2579 929 segniter
2604 857 2940 914 universum
2958 861 3193 931 gerebat
3212 862 3547 933 imperium,
3583 881 3686 937 per

2046 944 2251 999 ludum
2268 946 2323 998 et
2338 944 2704 1001 saltationem
2730 949 2945 1001 tantam
2965 947 3173 1003 molem
3198 950 3511 1007 sustinens.
3536 954 3685 1025 Ergo

2049 1032 2101 1087 ei
2144 1036 2425 1104 parantur
2455 1033 2686 1089 insidiae
2716 1051 2748 1089 a
2779 1035 3032 1106 quodam
3066 1038 3213 1092 duce
3242 1040 3551 1109 exercitus,
3581 1058 3686 1097 no—

2052 1123 2207 1177 mine
2234 1121 2586 1192 Magnentio,
2620 1127 2677 1178 et
2706 1138 2838 1178 cum
2862 1123 3105 1195 imperio
3134 1125 3311 1182 simul
3341 1143 3576 1202 quoque
3598 1131 3687 1185 vi-

2050 1214 2169 1266 tam
2200 1209 2436 1265 amittit.
2467 1211 2613 1267 Cum
2645 1211 2694 1267 is
2725 1211 3051 1282 cecidisset,
3082 1213 3395 1286 imperium
3443 1222 3689 1290 occupat

2052 1298 2591 1371 Magnentius,cum
2622 1316 2738 1371 quo
2759 1300 2936 1355 simul
2960 1301 3299 1359 invaserunt
3318 1305 3687 1377 tyrannidem

2052 1387 2409 1457 Nepotianus
2472 1392 2530 1443 et
2578 1389 2934 1445 Brettanion.
3008 1391 3135 1446 Haec
3185 1407 3317 1448 cum
3374 1394 3691 1465 accepisset

2052 1474 2425 1531 Constantius
2442 1492 2510 1532 ex
2533 1477 2739 1533 litteris
2770 1478 2984 1534 sororis
3016 1480 3162 1535 etab
3184 1479 3417 1537 Oriente
3437 1483 3690 1539 venisset

2052 1565 2124 1620 ad
2141 1564 2532 1629 Occidentem,
2562 1563 2707 1622 bello
2730 1582 2939 1623 manus
2967 1570 3221 1625 conserit
3239 1585 3370 1625 cum
3395 1570 3512 1626 illis
3533 1576 3593 1627 et
3612 1572 3692 1628 vi-

2051 1652 2208 1720 vicit,
2241 1668 2375 1708 cum
2407 1652 2734 1710 Brettanion
2757 1655 2827 1710 ad
2851 1672 2984 1711 eum
3011 1657 3334 1714 defecisset.
3367 1660 3526 1724 Quod
3558 1661 3689 1730 qui-

297 1732 542 1807 πόλεμον
596 1736 685 1789 καὶ
738 1736 873 1791 κατᾶ
924 1737 1120 1812 κράτος
1177 1744 1321 1811 νικᾷ,
1374 1745 1473 1796 τοῦ
1540 1743 1936 1818 Βρεττανίωνος

2059 1743 2182 1798 dem
2215 1747 2470 1812 tempore
2491 1743 2726 1813 signum
2752 1744 2941 1800 crucis
2974 1745 3318 1815 maximum,
3360 1752 3417 1803 et
3447 1747 3689 1804 mirifice

304 1823 438 1899 πρὸς
472 1822 629 1879 αὐτὸν
690 1823 1102 1898 ἀποκλίναντος,
1163 1827 1252 1883 ὅτε
1303 1830 1393 1885 καὶ
1449 1831 1512 1885 τὸ
1561 1836 1659 1886 τοῦ
1716 1837 1947 1903 σταυροῦ

304 1918 532 1985 σημεῖον
593 1913 843 1987 μέγιστόν
888 1935 946 1970 τε
993 1916 1085 1970 καὶ
1138 1914 1327 1980 δεινῶς
1386 1918 1606 1997 ἐκφανέν
1661 1922 1818 1993 ἅπαν,
1871 1922 1946 1984 ὡς

300 2000 762 2079 ὑπεραστράπτειν
817 2008 896 2075 τῷ
974 2003 1408 2078 καταπληκτικῷ
1476 2014 1578 2076 τῆς
1631 2008 1833 2084 α’ίγλης
1884 2011 1947 2065 τὸ

301 2095 407 2159 τῆς
462 2090 672 2165 ἡμέρας
727 2095 842 2168 φῶς
900 2090 988 2146 ἒπὶ
1026 2099 1133 2148 τῶν
1169 2094 1573 2170 Ἰεροσολύμων
1628 2095 1782 2176 ὤφθη
1822 2098 1949 2172 περὶ

302 2179 494 2254 τρίτην
554 2179 696 2254 ὥραν
753 2180 992 2254 μάλιστα
1046 2185 1147 2251 τῆς
1195 2182 1405 2258 ἡμέρας
1452 2192 1553 2254 τῆς
1600 2186 1793 2261 ἑορτῆς
1849 2195 1951 2258 τῆς

300 2270 610 2345 λεγομένης
663 2276 1043 2339 Πεντηκοστῆς
1094 2271 1401 2341 ἑστηκυίας.
1453 2270 1646 2341 διῆκον
1696 2275 1803 2329 ἀπὸ
1852 2280 1951 2331 τοῦ

313 2359 541 2433 Κρανίου
572 2357 915 2430 καλουμένου
945 2358 1144 2430 τόπου,
1193 2359 1327 2435 ἄχρι
1374 2361 1462 2416 καὶ
1501 2366 1598 2417 υοῦ
1650 2362 1955 2429 Ἐλαιῶνος

310 2442 491 2521 ὅρους,
527 2445 643 2501 ὅθεν
680 2446 927 2524 ὑπῆρχεν
961 2446 989 2500 6
1021 2448 1220 2522 Σωτὴρ
1257 2451 1359 2518 τήν
1405 2449 1676 2525 ἀνάληψιν
1725 2455 1957 2523 ποιησά-

303 2556 489 2609 μενος.
555 2538 749 2611 Κρατεῖ
803 2534 982 2590 τοίνυν
1034 2543 1136 2606 τῆς
1214 2537 1496 2611 βασιλείας
1557 2539 1951 2611 Κωνστάντιος,

309 2631 416 2683 τῶν
459 2629 555 2680 τοῦ
625 2623 866 2699 μεγάλου
934 2626 1339 2682 Κωνσταντίνου
1396 2627 1528 2683 υἱῶν
1596 2630 1761 2702 μόνος
1817 2630 1953 2684 ὑποο

305 2715 570 2793 λειφθείς.
605 2715 877 2776 Ἀτενίσας
909 2714 1001 2769 οὗν
1049 2716 1186 2788 πρὸς
1216 2716 1278 2771 τὸ
1323 2723 1423 2784 τῆς
1475 2719 1653 2791 ἀρχῆς
1705 2722 1952 2792 μέγεθος,

305 2807 398 2862 καὶ
432 2804 753 2879 ἐλιγγιάσας
803 2805 898 2859 ἅτε
941 2802 1007 2872 δὴ
1055 2806 1342 2879 ἅνθρωπος
1392 2805 1487 2874 ὤν,
1540 2807 1631 2860 καὶ
1682 2808 1759 2878 μὴ
1810 2802 1954 2880 ἔχων

306 2896 396 2949 τὸν
459 2893 518 2948 ἐκ
571 2896 668 2946 τοῦ
725 2892 911 2967 γένους
971 2891 1116 2963 αὐτῷ
1199 2892 1604 2962 συνασπίζοντα·
1674 2892 1798 2949 οὔτε
1854 2895 1956 2969 γὰρ

311 2983 458 3055 αὖτῷ
498 2986 625 3041 παῖς
675 2980 937 3053 ἐγεγόνει,
983 2977 1107 3035 οὔτε
1151 3001 1234 3042 τις
1292 2985 1401 3036 τῶν
1446 2979 1697 3059 ἀδελφῶν
1736 2981 1959 3038 κατελέ-

2048 1847 2356 1903 apparens,
2389 1831 2530 1887 adeo
2580 1839 2642 1886 ut
2690 1832 3021 1888 admirabili
3053 1833 3365 1906 splendore
3392 1843 3691 1907 superaret

2046 1919 2239 1977 lucem
2271 1918 2405 1986 diei,
2439 1917 2630 1974 visum
2662 1922 2751 1975 est
2779 1919 3194 1993 Hierosolymis
3251 1923 3407 1978 circa
3461 1923 3688 1980 tertiam

2050 2008 2250 2065 horam
2281 2007 2417 2076 diei,
2448 2022 2584 2063 cum
2612 2011 2764 2064 esset
2792 2008 2917 2064 dies
2948 2011 3152 2076 festus,
3184 2011 3284 2083 qui
3314 2011 3526 2068 dicitur
3550 2013 3692 2068 Pen-

2050 2101 2291 2165 tecoste,
2325 2096 2657 2168 pertingens
2704 2114 2738 2152 a
2779 2096 2927 2164 loco,
2959 2099 3059 2169 qui
3134 2100 3346 2155 dicitur
3400 2099 3691 2160 Calvaria.

2054 2202 2244 2257 usque
2273 2186 2345 2241 ad
2377 2190 2636 2241 montem
2665 2185 2893 2255 Oliveti,
2914 2188 3071 2242 unde
3095 2187 3201 2243 fuit
3222 2193 3565 2260 assumptus
3594 2204 3694 2245 no-

2057 2281 2173 2330 ster
2212 2272 2492 2330 Salvator.
2527 2273 2844 2345 Imperium
2884 2290 3019 2347 ergo
3075 2278 3232 2332 tenet
3292 2277 3689 2345 Constantius,

2057 2363 2295 2420 relictus
2323 2361 2487 2418 solus
2509 2377 2578 2417 ex
2607 2363 2803 2434 magni
2827 2363 3195 2420 Constantini
3226 2364 3382 2420 ﬁliis.
3408 2367 3548 2421 Cum
3567 2380 3700 2436 ergo

2057 2453 2127 2507 ad
2157 2450 2386 2523 imperii
2410 2450 2871 2522 magnitudinem
2895 2452 3192 2508 deﬁxisset
3219 2454 3441 2519 oculos,
3474 2457 3532 2510 et
3556 2454 3698 2509 cali-

2058 2549 2269 2612 gasset,
2311 2543 2379 2594 ut
2406 2538 2507 2610 qui
2550 2543 2703 2594 esset
2759 2538 2957 2609 homo,
2986 2543 3046 2594 et
3075 2557 3188 2597 non
3229 2541 3465 2597 haberet
3494 2557 3562 2597 ex
3592 2558 3697 2598 suo

2057 2643 2284 2699 genere,
2316 2626 2419 2698 qui
2466 2642 2600 2681 eum
2641 2625 2977 2683 defenderet
3005 2628 3215 2700 (neque
3245 2629 3400 2684 enim
3440 2630 3493 2686 ei
3523 2634 3697 2686 natus

2058 2718 2245 2773 fuerat
2268 2715 2447 2784 filius,
2466 2731 2654 2786 neque
2666 2721 3027 2772 remanserat
3040 2717 3252 2788 aliquis
3275 2734 3346 2773 ex
3371 2718 3693 2791 fratribus),

2059 2810 2117 2859 et
2142 2805 2396 2872 timeret,
2419 2819 2491 2858 ne
2523 2803 2581 2858 in
2604 2819 2740 2859 eum
2764 2820 2971 2860 rursus
3001 2804 3216 2876 aliquis
3247 2805 3573 2878 insurgeret
3606 2811 3697 2878 ty-

2063 2908 2302 2961 rannus,
2334 2893 2534 2948 statuit
2552 2908 2621 2948 ex
2650 2893 2912 2965 cognatis
2932 2893 3188 2965 aliquem
3221 2894 3481 2966 accipere
3511 2896 3699 2951 coha-

2062 2983 2279 3049 redem,
2312 2984 2368 3036 et
2413 2981 2643 3052 imperii
2693 2982 3056 3038 defensorem
3092 2999 3107 3040 :
3137 2984 3290 3055 quod
3337 2984 3510 3041 etiam
3544 2984 3700 3041 fecit.

313 3070 525 3128 λειπτο·
556 3069 646 3124 καὶ
705 3065 883 3129 δείσας
944 3069 1019 3140 μή
1072 3088 1155 3130 τις
1203 3067 1348 3141 αὐτῷ
1405 3067 1569 3124 πάλιν
1622 3068 1947 3139 ἐπανασταίη

2062 3071 2205 3125 Nam
2239 3084 2374 3125 cum
2421 3069 2655 3124 Gallum
2697 3070 2918 3125 Juliani
2955 3071 3185 3127 fratrem
3216 3072 3390 3127 Sirmi
3422 3076 3703 3128 Caesarem

313 3160 592 3233 τύραννος,
656 3156 939 3212 σκὲπτεται
1014 3160 1124 3212 τῶν
1191 3161 1465 3234 συγγενῶν
1548 3179 1668 3215 τινα
1762 3154 1950 3215 λαϐεῖν

317 3248 648 3324 σόγκληρον,
680 3246 770 3301 καὶ
811 3252 911 3315 τῆς
964 3243 1241 3321 βασιλείας
1290 3246 1646 3319 ὑπεσπιστὴν,
1687 3248 1716 3303 ’ὀ
1749 3245 1816 3317 δὴ
1865 3248 1956 3302 καὶ

317 3337 608 3405 πεποίηκε.
669 3332 880 3391 Γάλλον
929 3335 1023 3390 τὸν
1074 3334 1378 3392 Ἰουλιανοῦ
1426 3334 1659 3415 ἀδελφὸν
1720 3337 1961 3412 Καίσαρα

322 3424 708 3498 ποιησάμενος·
771 3424 984 3497 ἀνεψιὸς
1045 3420 1102 3477 δὲ
1178 3425 1314 3499 πρὸς
1396 3426 1599 3500 πατρὸς
1659 3427 1687 3481 6
1744 3424 1958 3487 Γάλλιος

323 3515 489 3586 αὐτῷ·
554 3511 921 3575 Κωνστάντιος
965 3511 1070 3588 γάρ
1129 3512 1157 3567 6
1214 3511 1430 3568 Γάλλου
1518 3515 1609 3567 καὶ
1662 3514 1960 3571 Ἰουλιανοῦ

324 3604 526 3675 πατὴρ,
620 3599 854 3677 ἀδελφὸς
928 3601 994 3669 ἧν
1059 3601 1457 3657 Κωνσταντίνου
1530 3607 1626 3656 τοῦ
1696 3600 1961 3678 μεγάλου.

327 3696 533 3750 Τοῦτον
567 3688 656 3744 οὖν
685 3688 736 3743 ἐν
782 3692 861 3759 τῷ
915 3687 1130 3761 Σιρμίῳ
1176 3691 1689 3766 προχειρισάμενος,
1736 3689 1965 3767 γυναῖκά

327 3802 387 3836 τε
441 3780 592 3851 αὐτῷ
660 3777 903 3852 ζεζεγνυσι
967 3778 1065 3844 τὴν
1129 3778 1318 3832 ἑαυτοῦ
1374 3776 1616 3855 ἀδελφὴν
1681 3786 1966 3834 Κωνσταν-

329 3871 473 3938 τίαν,
503 3868 734 3928 πίστεως
783 3865 872 3920 καὶ
926 3860 1277 3941 βεϐαιότητος
1326 3868 1512 3943 χάριν,
1555 3870 1646 3924 καί
1694 3867 1965 3944 ἄρχοντας

334 3959 481 4031 αὐτῷ
547 3955 765 4011 δίδωσιν
817 3955 979 4019 αὐτὸς
1022 3959 1382 4028 καταστήσας·
1431 3956 1492 4013 δῦ
1542 3960 1647 4034 γὰρ
1676 3958 1862 4031 ἐκείνῳ
1905 3978 1967 4033 γε

2064 3160 2315 3215 creasset
2342 3157 2491 3227 (erat
2519 3161 2715 3212 autem
2745 3157 2798 3213 ei
2827 3157 3026 3214 Gallus
3058 3159 3338 3231 patruelis
3371 3177 3385 3215 :
3417 3162 3705 3217 Constan-

2069 3247 2188 3303 tius
2214 3245 2395 3316 enim,
2411 3244 2564 3303 Galli
2584 3249 2638 3300 et
2658 3245 2878 3301 Juliani
2902 3251 3084 3316 pater,
3111 3248 3287 3303 frater
3300 3247 3490 3303 fuerat
3511 3248 3706 3319 magni

2066 3335 2480 3406 Constantini),
2502 3333 2554 3388 ei
2577 3335 2676 3389 dat
2697 3350 2956 3400 uxorem,
2971 3350 3131 3391 suam
3154 3351 3412 3391 sororem
3435 3337 3709 3393 Constan-

2067 3427 2232 3487 tiam.
2266 3428 2328 3480 ut
2373 3439 2464 3479 res
2511 3427 2664 3479 esset
2711 3423 2929 3480 firmior
2958 3427 3017 3479 et
3044 3424 3294 3492 cautior,
3323 3431 3379 3480 et
3409 3425 3625 3498 prebet
3654 3424 3707 3481 ei

2071 3510 2471 3581 magistratus,
2489 3525 2631 3580 quos
2651 3509 2776 3582 ipse
2796 3509 3177 3568 constituerat
3195 3513 3338 3583 (non
3359 3514 3513 3569 enim
3545 3511 3710 3569 Gallo

2072 3599 2284 3655 licebat
2311 3598 2370 3654 id
2401 3598 2513 3654 sibi
2544 3614 2863 3668 assumere,
2894 3615 3030 3655 cum
3066 3606 3222 3657 esset
3249 3601 3482 3671 ϐῶσιν),
3513 3601 3711 3657 Ι)οωί-

2076 3690 2301 3745 tiannm
2334 3688 2565 3760 quidem
2596 3691 2652 3743 et
2696 3688 3069 3745 Thalassium
3099 3689 3369 3747 emittens
3408 3690 3709 3763 prefectcs

2080 3777 2403 3851 praetorios,
2435 3776 2719 3833 Montium
2752 3780 2945 3834 autem
2977 3778 3364 3850 imperatoriis
3396 3779 3716 3850 prseﬁciens

2079 3866 2426 3933 rationibus,
2451 3881 2624 3937 quem
2643 3866 2818 3922 etiam
2840 3866 3098 3923 solemus
3118 3884 3321 3925 vocare
3351 3872 3717 3939 quaestorem,

2082 3959 2139 4013 et
2166 3955 2346 4010 simul
2378 3970 2511 4011 eum
2544 3953 2716 4010 etiam
2749 3970 2966 4010 ornans
2998 3956 3215 4012 honore
3245 3956 3496 4011 Patricii.

337 4048 516 4127 ἐφεῖτο
575 4047 806 4121 Καίσαρι
863 4045 997 4101 ὄντι·
1066 4045 1367 4104 Θαλάσσιον
1431 4049 1525 4122 μὶν
1591 4047 1916 4110 ἀποστείλας
1973 4045 2213 4118 ἔπαρχον
2277 4043 2648 4116 πραιτωρίων,
2706 4043 2943 4100 Μόντιον
3002 4042 3060 4099 δὲ
3115 4043 3203 4100 ἐπὶ
3257 4048 3365 4099 τῶν
3426 4044 3721 4119 βασιλικῶν

339 4138 699 4212 πραγμάτων,
731 4136 791 4189 ὃν
822 4135 911 4191 καὶ
941 4134 1275 4211 κοιαίστωρα
1304 4137 1490 4192 καλεῖν
1522 4136 1666 4191 οἶδεν
1692 4138 1720 4191 6
1750 4135 1942 4209 λόγος,
1974 4134 2086 4206 ἅμα
2113 4131 2205 4185 καὶ
2232 4132 2517 4203 πατρίκιον
2546 4134 2736 4184 τοῦτον
2756 4134 3020 4203 τιμήσας.

413 4233 476 4291 ς’.
508 4227 568 4283 Ὁ
619 4224 677 4280 δὲ
725 4223 939 4289 Γάλλος
993 4226 1065 4288 ὡς
1104 4225 1227 4280 τότε
1264 4227 1409 4300 παρά
1458 4230 1555 4280 τοῦ
1605 4223 1945 4280 Κωνσταντίο

2161 4222 2251 4275 Vl.
2310 4219 2509 4276 Gallus
2567 4225 2782 4285 autem,
2835 4227 2900 4275 ut
2948 4223 3044 4294 qui
3103 4226 3243 4279 tunc
3300 4241 3334 4279 a
3389 4224 3730 4282 Constantio

344 4315 610 4393 πεμφθεὶς
641 4312 728 4367 ἐπὶ
756 4320 854 4382 τῆς
884 4313 1079 4385 Ἐῴας,
1130 4312 1311 4389 εἶ’χετο
1355 4317 1463 4368 τῶν
1512 4312 1867 4387 πραγμάτων,
1921 4310 1947 4365 ὅ

2059 4386 2067 4393 _
2091 4308 2304 4365 missus
2332 4312 2483 4364 esset
2525 4310 2597 4363 ad
2644 4309 2965 4378 Orientem,
2995 4316 3122 4368 erat
3149 4312 3409 4369 intentus
3430 4313 3602 4369 rebus
3631 4328 3736 4383 δε·-

349 4403 538 4458 αὐτὶκα
571 4400 827 4473 μαθόντες
877 4401 928 4453 οἱ
980 4399 1177 4473 Πέρσαι
1226 4400 1364 4476 πρὸς
1411 4400 1748 4475 Ἀντιόχειαν
1799 4401 1947 4477 ἀφικέ

2059 4386 2318 4453 lrendis.
2348 4399 2524 4463 Quem
2567 4414 2701 4454 cum
2752 4400 3004 4470 primum
3037 4403 3403 4473 accepissent
3430 4402 3615 4458 Persae
3640 4382 3735 4457 ve-

354 4511 531 4564 μενον,
579 4485 1042 4563 κατωῤῥώδησαν,
1097 4488 1216 4544 νέον
1263 4509 1322 4544 τε
1368 4489 1530 4545 αὐτὸν
1589 4489 1680 4545 καὶ
1734 4500 1947 4563 θερμουγ

2102 4486 2258 4542 nisse
2301 4486 2691 4554 Antiochiam,
2724 4487 2930 4543 timore
2974 4493 3114 4545 sunt
3152 4491 3366 4557 affecti,
3396 4506 3528 4546 cum
3572 4489 3736 4545 audi-

351 4582 447 4655 γὸν
475 4579 552 4641 εἷς
597 4578 663 4632 τὰ
711 4576 838 4651 ἔργα
884 4577 1204 4650 πυθόμενοι,
1255 4579 1345 4634 καὶ
1394 4579 1495 4634 οὐκ
1541 4577 1621 4633 ἔτι
1668 4577 1947 4648 ἐποιήσανη

2101 4576 2326 4633 vissent
2380 4593 2511 4633 eum
2573 4593 2702 4633 esse
2748 4577 3047 4648 juvenem,
3096 4589 3150 4634 et
3196 4581 3266 4635 ad
3321 4596 3411 4636 res
3458 4580 3739 4649 gerendas

352 4672 454 4737 τήν
491 4666 576 4722 ἐπὶ
636 4667 761 4727 τοὺς
816 4666 1121 4738 Ῥωμαίους
1174 4664 1433 4738 ἒξέλασιν,
1481 4668 1572 4723 καὶ
1622 4669 1650 4724 6
1693 4668 1788 4740 μὶν
1843 4667 1894 4722 ἐν
1926 4688 1947 4721 οι

2105 4682 2288 4722 acrem
2312 4670 2370 4721 et
2398 4665 2824 4732 vehementem,
2854 4682 2961 4723 nec
2991 4669 3249 4724 fecerunt
3270 4668 3522 4740 amplius
3542 4683 3741 4723 excur-

359 4754 668 4830 Ἀντιοχείᾳ
703 4760 803 4823 τῆς
852 4755 1050 4830 Συρίας
1096 4757 1163 4824 ἦν
1208 4758 1282 4816 ὡς
1332 4754 1663 4827 δεδήλωται,
1714 4755 1947 4813 Κωνστάε

2106 4757 2331 4812 sionem
2362 4755 2421 4809 in
2471 4770 2642 4826 agros
2674 4755 3094 4813 Romanorum.
3127 4757 3195 4814 Et
3222 4756 3322 4813 ille
3360 4756 3589 4827 quidem
3620 4764 3745 4812 erat

358 4866 474 4906 τιος
523 4842 580 4899 δὲ
623 4843 675 4899 ἐν
720 4846 790 4917 τῇ
840 4841 1072 4921 Ἐσπὲρᾳ
1135 4846 1361 4916 καθίστη
1419 4847 1487 4902 τὰ
1540 4848 1851 4922 πράγματα,
1908 4866 1947 4899 κέ

2110 4844 2423 4902 Antiochia
2476 4844 2678 4916 Syrias,
2710 4849 2778 4900 ut
2828 4849 3129 4901 ostensum
3188 4850 3319 4914 est;
3371 4846 3744 4902 Constantius

358 4935 481 4988 τότε
533 4929 599 4999 δή
663 4930 922 5004 μάλιστα,
978 4933 1225 5004 καθαρῶς
1289 4935 1563 5013 ἡσύχασεν
1618 4937 1654 5004 ἡ
1710 4934 1947 5008 Ῥωμαία

2111 4940 2304 4991 autem
2338 4950 2431 4989 res
2461 4933 2853 4989 constituebat
2881 4934 2942 4988 in
2989 4933 3300 4991 Occidente
3331 4951 3345 4990 :
3379 4943 3436 4991 el
3458 4939 3594 4991 tunc
3625 4940 3749 4993 erat

362 5023 512 5100 ἀρχὴ
547 5021 682 5094 πρὸς
706 5018 1033 5095 ἀμφοτέρων
1085 5020 1491 5097 φυλαττομένη.
1542 5025 1644 5081 Καὶ
1692 5028 1859 5079 ταῦτα
1911 5044 1947 5096 μ

2113 5022 2366 5078 maxime
2398 5021 2661 5093 quietum
2700 5022 3087 5078 Romanorum
3118 5022 3455 5094 imperium,
3487 5031 3548 5079 ut
3594 5026 3748 5095 quod

362 5115 556 5167 τοῦτον
609 5107 738 5184 ἔσχε
790 5109 880 5164 τὸν
944 5108 1170 5184 τρόπον.
1231 5111 1286 5166 Ὀ
1358 5109 1416 5166 δὲ
1464 5112 1702 5182 Γάλλος,
1758 5114 1857 5181 τήν
1909 5133 1947 5166 τι

2114 5112 2187 5168 ab
2201 5110 2469 5181 utrisque
2499 5111 2910 5168 custodiretur.
2926 5115 2993 5167 Et
3020 5111 3142 5167 haec
3164 5111 3398 5183 quidem
3411 5113 3573 5167 modo
3589 5113 3753 5168 modo

368 5197 637 5273 Καίσαρος
695 5196 1109 5274 ἀμφιασάμενος
1189 5196 1508 5274 ἁλουργίδα,
1582 5202 1669 5255 καὶ
1729 5197 1838 5269 ἤδη
1901 5205 1947 5254 τά

2116 5218 2178 5257 se
2208 5200 2525 5256 habebant.
2554 5199 2754 5255 Gallus
2781 5204 2974 5256 autem
3025 5215 3159 5255 cum
3191 5199 3434 5256 Cesaris
3466 5200 3756 5256 induisset

371 5289 603 5365 πρώτων
637 5292 738 5355 τῆς
769 5286 1046 5362 βασιλείας
1082 5287 1377 5362 ἀρξάμενος
1424 5283 1709 5343 ἐπιϐαίνειν
1760 5291 1947 5364 βαθμᾶ

2120 5305 2464 5362 purpuram,
2531 5292 2590 5344 et
2635 5288 2762 5360 jam
2833 5288 3107 5361 coepisset
3162 5289 3484 5345 “ascendere
3539 5288 3757 5359 primos

375 5377 474 5435 οὐκ
522 5373 707 5449 ἔμενεν
757 5374 846 5430 ἐπὶ
894 5381 995 5445 τῆς
1036 5373 1294 5446 τοιαύτης
1343 5376 1572 5450 γνώμης
1621 5377 1709 5430 καὶ
1757 5376 1947 5432 πίστευε

2121 5379 2335 5450 gradus
2364 5376 2616 5449 imperii,
2646 5392 2765 5433 non
2795 5378 3013 5434 mansit
3038 5377 3095 5432 in
3132 5376 3334 5434 eadem
3384 5377 3672 5433 sententia
3700 5379 3761 5432 et

378 5465 448 5533 ἧς
474 5464 610 5540 πρὸς
664 5464 756 5519 τὸν
806 5462 1172 5521 Κωνστάντιον
1221 5461 1538 5536 ἐποιήσατο,
1592 5462 1947 5542 βασιλικώτερ

2122 5467 2258 5539 βόε,
2290 5481 2467 5539 quam
2496 5465 2735 5524 dederat
2779 5466 3138 5535 Constantio,
3170 5466 3347 5523 nimis
3378 5482 3477 5538 pro
3514 5465 3759 5536 imperio
