  <div class='ocr_page' id='page_1' title='image "/cluster/home/n/w/nwhite01/storage/ocr_20150623/115/mdp.39015028574336/601.png"; bbox 0 0 4128 6274; ppageno 0'>
   <div class='ocr_carea' id='block_1_1' title="bbox 445 188 621 248">
    <p class='ocr_par' dir='ltr' id='par_1_1' title="bbox 445 188 621 248">
     <span class='ocr_line' id='line_1_1' title="bbox 445 188 621 248; baseline -0.011 0"><span class='ocrx_word' id='word_1_1' title='bbox 445 188 621 248; x_wconf 75' lang='grc'>’1167</span> 
     </span>
    </p>
   </div>
   <div class='ocr_carea' id='block_1_2' title="bbox 1802 169 2509 233">
    <p class='ocr_par' dir='ltr' id='par_1_2' title="bbox 1802 169 2509 233">
     <span class='ocr_line' id='line_1_2' title="bbox 1802 169 2509 233; baseline -0.001 0"><span class='ocrx_word' id='word_1_2' title='bbox 1802 175 1850 233; x_wconf 85' lang='grc' dir='ltr'>Μ</span> <span class='ocrx_word' id='word_1_3' title='bbox 1865 170 2087 232; x_wconf 83' lang='lat' dir='ltr'>ENSIS</span> <span class='ocrx_word' id='word_1_4' title='bbox 2133 169 2509 232; x_wconf 77' lang='lat' dir='ltr'>OCTOBER.</span> 
     </span>
    </p>
   </div>
   <div class='ocr_carea' id='block_1_3' title="bbox 3717 183 3878 245">
    <p class='ocr_par' dir='ltr' id='par_1_3' title="bbox 3717 183 3878 245">
     <span class='ocr_line' id='line_1_3' title="bbox 3717 183 3878 245; baseline 0.031 -5"><span class='ocrx_word' id='word_1_5' title='bbox 3717 183 3878 245; x_wconf 81' lang='grc'>1168</span> 
     </span>
    </p>
   </div>
   <div class='ocr_carea' id='block_1_4' title="bbox 462 328 2100 417">
    <p class='ocr_par' dir='ltr' id='par_1_4' title="bbox 462 331 2100 417">
     <span class='ocr_line' id='line_1_4' title="bbox 462 331 2100 417; baseline -0.01 -15"><span class='ocrx_word' id='word_1_6' title='bbox 462 362 556 402; x_wconf 87' lang='lat' dir='ltr'>res</span> <span class='ocrx_word' id='word_1_7' title='bbox 605 359 803 417; x_wconf 81' lang='lat' dir='ltr'>gerere</span> <span class='ocrx_word' id='word_1_8' title='bbox 851 339 1211 414; x_wconf 83' lang='lat' dir='ltr'>aggrediens,</span> <span class='ocrx_word' id='word_1_9' title='bbox 1243 340 1300 394; x_wconf 90' lang='lat' dir='ltr'>et</span> <span class='ocrx_word' id='word_1_10' title='bbox 1350 351 1484 392; x_wconf 88' lang='lat' dir='ltr'>cum</span> <span class='ocrx_word' id='word_1_11' title='bbox 1531 349 1742 404; x_wconf 81' lang='lat' dir='ltr'>magna</span> <span class='ocrx_word' id='word_1_12' title='bbox 1771 331 2012 388; x_wconf 80' lang='lat' dir='ltr'>audacia</span> <span class='ocrx_word' id='word_1_13' title='bbox 2050 332 2100 386; x_wconf 89' lang='lat' dir='ltr'>et</span> 
     </span>
    </p>
   </div>
   <div class='ocr_carea' id='block_1_5' title="bbox 2212 328 3879 417">
    <p class='ocr_par' dir='ltr' id='par_1_5' title="bbox 2215 331 3879 408">
     <span class='ocr_line' id='line_1_5' title="bbox 2215 331 3879 408; baseline 0.008 -27"><span class='ocrx_word' id='word_1_14' title='bbox 2215 331 2325 384; x_wconf 87' lang='grc' dir='ltr'>τῶν</span> <span class='ocrx_word' id='word_1_15' title='bbox 2381 331 2722 406; x_wconf 79' lang='grc' dir='ltr'>πραγμάτων</span> <span class='ocrx_word' id='word_1_16' title='bbox 2789 331 3116 407; x_wconf 85' lang='grc' dir='ltr'>ἆπτὸμενος.</span> <span class='ocrx_word' id='word_1_17' title='bbox 3167 333 3257 390; x_wconf 82' lang='grc' dir='ltr'>καὶ</span> <span class='ocrx_word' id='word_1_18' title='bbox 3309 335 3448 408; x_wconf 84' lang='grc' dir='ltr'>μετᾶ</span> <span class='ocrx_word' id='word_1_19' title='bbox 3503 334 3727 394; x_wconf 76' lang='grc' dir='ltr'>πολλοῦ</span> <span class='ocrx_word' id='word_1_20' title='bbox 3776 344 3879 395; x_wconf 72' lang='grc' dir='ltr'>τοῦ</span> 
     </span>
    </p>
   </div>
   <div class='ocr_carea' id='block_1_6' title="bbox 467 420 2106 506">
    <p class='ocr_par' dir='ltr' id='par_1_6' title="bbox 467 420 2106 506">
     <span class='ocr_line' id='line_1_6' title="bbox 467 420 2106 506; baseline -0.011 -15"><span class='ocrx_word' id='word_1_21' title='bbox 467 435 798 506; x_wconf 81' lang='lat' dir='ltr'>arrogantia</span> <span class='ocrx_word' id='word_1_22' title='bbox 843 430 1225 486; x_wconf 89' lang='lat' dir='ltr'>constituens.</span> <span class='ocrx_word' id='word_1_23' title='bbox 1258 429 1412 490; x_wconf 86' lang='lat' dir='ltr'>Quos</span> <span class='ocrx_word' id='word_1_24' title='bbox 1460 423 1616 479; x_wconf 90' lang='lat' dir='ltr'>enim</span> <span class='ocrx_word' id='word_1_25' title='bbox 1662 437 1796 478; x_wconf 89' lang='lat' dir='ltr'>cum</span> <span class='ocrx_word' id='word_1_26' title='bbox 1827 420 1952 492; x_wconf 90' lang='lat' dir='ltr'>ipso</span> <span class='ocrx_word' id='word_1_27' title='bbox 1985 435 2106 474; x_wconf 87' lang='lat' dir='ltr'>ma-</span> 
     </span>
    </p>
   </div>
   <div class='ocr_carea' id='block_1_7' title="bbox 467 508 2110 596">
    <p class='ocr_par' dir='ltr' id='par_1_7' title="bbox 467 508 2110 596">
     <span class='ocr_line' id='line_1_7' title="bbox 467 508 2110 596; baseline -0.011 -17"><span class='ocrx_word' id='word_1_28' title='bbox 467 526 746 596; x_wconf 85' lang='lat' dir='ltr'>gistratus</span> <span class='ocrx_word' id='word_1_29' title='bbox 778 519 1049 575; x_wconf 89' lang='lat' dir='ltr'>emiserat</span> <span class='ocrx_word' id='word_1_30' title='bbox 1079 513 1482 579; x_wconf 77' lang='lat' dir='ltr'>Constantius,</span> <span class='ocrx_word' id='word_1_31' title='bbox 1517 511 1617 582; x_wconf 88' lang='lat' dir='ltr'>qui</span> <span class='ocrx_word' id='word_1_32' title='bbox 1649 508 2110 580; x_wconf 88' lang='lat' dir='ltr'>imperialiumet</span> 
     </span>
    </p>
   </div>
   <div class='ocr_carea' id='block_1_8' title="bbox 465 598 2110 674">
    <p class='ocr_par' dir='ltr' id='par_1_8' title="bbox 465 598 2110 674">
     <span class='ocr_line' id='line_1_8' title="bbox 465 598 2110 674; baseline -0.01 -7"><span class='ocrx_word' id='word_1_33' title='bbox 465 611 724 668; x_wconf 87' lang='lat' dir='ltr'>civilium</span> <span class='ocrx_word' id='word_1_34' title='bbox 755 623 952 662; x_wconf 89' lang='lat' dir='ltr'>rerum</span> <span class='ocrx_word' id='word_1_35' title='bbox 984 609 1158 660; x_wconf 89' lang='lat' dir='ltr'>erant</span> <span class='ocrx_word' id='word_1_36' title='bbox 1201 602 1450 674; x_wconf 90' lang='lat' dir='ltr'>judices,</span> <span class='ocrx_word' id='word_1_37' title='bbox 1487 599 1738 672; x_wconf 69' lang='lat' dir='ltr'>praetorii</span> <span class='ocrx_word' id='word_1_38' title='bbox 1779 598 2110 669; x_wconf 80' lang='lat' dir='ltr'>praefectum</span> 
     </span>
    </p>
   </div>
   <div class='ocr_carea' id='block_1_9' title="bbox 465 687 2107 764">
    <p class='ocr_par' dir='ltr' id='par_1_9' title="bbox 465 687 2107 764">
     <span class='ocr_line' id='line_1_9' title="bbox 465 687 2107 764; baseline -0.012 -6"><span class='ocrx_word' id='word_1_39' title='bbox 465 700 862 758; x_wconf 90' lang='lat' dir='ltr'>Domitianum</span> <span class='ocrx_word' id='word_1_40' title='bbox 912 698 1206 764; x_wconf 88' lang='lat' dir='ltr'>(mortuus</span> <span class='ocrx_word' id='word_1_41' title='bbox 1273 689 1424 746; x_wconf 88' lang='lat' dir='ltr'>enim</span> <span class='ocrx_word' id='word_1_42' title='bbox 1484 693 1605 745; x_wconf 86' lang='lat' dir='ltr'>erat</span> <span class='ocrx_word' id='word_1_43' title='bbox 1670 687 2002 756; x_wconf 87' lang='lat' dir='ltr'>Thalassus)</span> <span class='ocrx_word' id='word_1_44' title='bbox 2051 688 2107 739; x_wconf 88' lang='lat' dir='ltr'>et</span> 
     </span>
    </p>
   </div>
   <div class='ocr_carea' id='block_1_10' title="bbox 467 775 2107 860">
    <p class='ocr_par' dir='ltr' id='par_1_10' title="bbox 467 775 2107 860">
     <span class='ocr_line' id='line_1_10' title="bbox 467 775 2107 860; baseline -0.01 -16"><span class='ocrx_word' id='word_1_45' title='bbox 467 795 816 860; x_wconf 60' lang='lat' dir='ltr'>quaestorem</span> <span class='ocrx_word' id='word_1_46' title='bbox 848 783 1154 851; x_wconf 81' lang='lat' dir='ltr'>Montium,</span> <span class='ocrx_word' id='word_1_47' title='bbox 1190 781 1342 852; x_wconf 90' lang='lat' dir='ltr'>quod</span> <span class='ocrx_word' id='word_1_48' title='bbox 1373 795 1489 835; x_wconf 90' lang='lat' dir='ltr'>non</span> <span class='ocrx_word' id='word_1_49' title='bbox 1522 780 1808 850; x_wconf 79' lang='lat' dir='ltr'>parerent,</span> <span class='ocrx_word' id='word_1_50' title='bbox 1841 783 1893 831; x_wconf 88' lang='lat' dir='ltr'>et</span> <span class='ocrx_word' id='word_1_51' title='bbox 1924 775 2107 829; x_wconf 92' lang='lat' dir='ltr'>inser-</span> 
     </span>
    </p>
   </div>
   <div class='ocr_carea' id='block_1_11' title="bbox 465 866 2108 939">
    <p class='ocr_par' dir='ltr' id='par_1_11' title="bbox 465 866 2108 939">
     <span class='ocr_line' id='line_1_11' title="bbox 465 866 2108 939; baseline -0.01 -6"><span class='ocrx_word' id='word_1_52' title='bbox 465 879 655 933; x_wconf 80' lang='lat' dir='ltr'>virent</span> <span class='ocrx_word' id='word_1_53' title='bbox 692 893 724 930; x_wconf 87' lang='lat' dir='ltr'>a</span> <span class='ocrx_word' id='word_1_54' title='bbox 754 874 971 930; x_wconf 91' lang='lat' dir='ltr'>ratione</span> <span class='ocrx_word' id='word_1_55' title='bbox 1002 871 1230 938; x_wconf 87' lang='lat' dir='ltr'>alienis,</span> <span class='ocrx_word' id='word_1_56' title='bbox 1261 873 1317 924; x_wconf 87' lang='lat' dir='ltr'>et</span> <span class='ocrx_word' id='word_1_57' title='bbox 1355 885 1482 939; x_wconf 64' lang='lat' dir='ltr'>quas</span> <span class='ocrx_word' id='word_1_58' title='bbox 1513 866 1769 922; x_wconf 87' lang='lat' dir='ltr'>cohiberi</span> <span class='ocrx_word' id='word_1_59' title='bbox 1801 881 1915 920; x_wconf 91' lang='lat' dir='ltr'>non</span> <span class='ocrx_word' id='word_1_60' title='bbox 1945 869 2108 933; x_wconf 81' lang='lat' dir='ltr'>pote-</span> 
     </span>
    </p>
   </div>
   <div class='ocr_carea' id='block_1_12' title="bbox 467 953 2107 1035">
    <p class='ocr_par' dir='ltr' id='par_1_12' title="bbox 467 953 2107 1035">
     <span class='ocr_line' id='line_1_12' title="bbox 467 953 2107 1035; baseline -0.009 -13"><span class='ocrx_word' id='word_1_61' title='bbox 467 970 622 1032; x_wconf 90' lang='lat' dir='ltr'>rant,</span> <span class='ocrx_word' id='word_1_62' title='bbox 653 965 782 1035; x_wconf 87' lang='lat' dir='ltr'>ejus</span> <span class='ocrx_word' id='word_1_63' title='bbox 831 959 1301 1033; x_wconf 89' lang='lat' dir='ltr'>appetitionibus,</span> <span class='ocrx_word' id='word_1_64' title='bbox 1334 974 1467 1013; x_wconf 88' lang='lat' dir='ltr'>cum</span> <span class='ocrx_word' id='word_1_65' title='bbox 1507 957 1788 1026; x_wconf 88' lang='lat' dir='ltr'>jussisset</span> <span class='ocrx_word' id='word_1_66' title='bbox 1821 953 2107 1009; x_wconf 85' lang='lat' dir='ltr'>militibus</span> 
     </span>
    </p>
   </div>
   <div class='ocr_carea' id='block_1_13' title="bbox 470 1043 2105 1127">
    <p class='ocr_par' dir='ltr' id='par_1_13' title="bbox 470 1043 2105 1127">
     <span class='ocr_line' id='line_1_13' title="bbox 470 1043 2105 1127; baseline -0.009 -17"><span class='ocrx_word' id='word_1_67' title='bbox 470 1055 710 1127; x_wconf 82' lang='lat' dir='ltr'>alligare</span> <span class='ocrx_word' id='word_1_68' title='bbox 757 1052 922 1107; x_wconf 81' lang='lat' dir='ltr'>funes</span> <span class='ocrx_word' id='word_1_69' title='bbox 965 1065 1165 1105; x_wconf 89' lang='lat' dir='ltr'>eorum</span> <span class='ocrx_word' id='word_1_70' title='bbox 1210 1048 1478 1118; x_wconf 88' lang='lat' dir='ltr'>pedibus,</span> <span class='ocrx_word' id='word_1_71' title='bbox 1504 1045 1685 1116; x_wconf 80' lang='lat' dir='ltr'>jussit</span> <span class='ocrx_word' id='word_1_72' title='bbox 1715 1043 1869 1099; x_wconf 82' lang='lat' dir='ltr'>trahi</span> <span class='ocrx_word' id='word_1_73' title='bbox 1895 1059 1994 1113; x_wconf 90' lang='lat' dir='ltr'>per</span> <span class='ocrx_word' id='word_1_74' title='bbox 2024 1043 2105 1097; x_wconf 83' lang='lat' dir='ltr'>fo-</span> 
     </span>
    </p>
   </div>
   <div class='ocr_carea' id='block_1_14' title="bbox 469 1134 2108 1210">
    <p class='ocr_par' dir='ltr' id='par_1_14' title="bbox 469 1134 2108 1210">
     <span class='ocr_line' id='line_1_14' title="bbox 469 1134 2108 1210; baseline -0.009 -11"><span class='ocrx_word' id='word_1_75' title='bbox 469 1160 620 1209; x_wconf 89' lang='lat' dir='ltr'>rum,</span> <span class='ocrx_word' id='word_1_76' title='bbox 653 1145 710 1197; x_wconf 89' lang='lat' dir='ltr'>et</span> <span class='ocrx_word' id='word_1_77' title='bbox 765 1146 1078 1210; x_wconf 89' lang='lat' dir='ltr'>utrumque</span> <span class='ocrx_word' id='word_1_78' title='bbox 1116 1137 1344 1201; x_wconf 92' lang='lat' dir='ltr'>occidit,</span> <span class='ocrx_word' id='word_1_79' title='bbox 1379 1151 1511 1190; x_wconf 89' lang='lat' dir='ltr'>cum</span> <span class='ocrx_word' id='word_1_80' title='bbox 1568 1135 1673 1189; x_wconf 91' lang='lat' dir='ltr'>viri</span> <span class='ocrx_word' id='word_1_81' title='bbox 1733 1134 1979 1188; x_wconf 82' lang='lat' dir='ltr'>fuissent</span> <span class='ocrx_word' id='word_1_82' title='bbox 2009 1147 2108 1201; x_wconf 84' lang='lat' dir='ltr'>ge-</span> 
     </span>
    </p>
   </div>
   <div class='ocr_carea' id='block_1_15' title="bbox 467 1221 2110 1300">
    <p class='ocr_par' dir='ltr' id='par_1_15' title="bbox 467 1221 2110 1300">
     <span class='ocr_line' id='line_1_15' title="bbox 467 1221 2110 1300; baseline -0.009 -13"><span class='ocrx_word' id='word_1_83' title='bbox 467 1231 666 1288; x_wconf 87' lang='lat' dir='ltr'>rendis</span> <span class='ocrx_word' id='word_1_84' title='bbox 715 1228 1160 1300; x_wconf 83' lang='lat' dir='ltr'>magistratibus</span> <span class='ocrx_word' id='word_1_85' title='bbox 1208 1223 1438 1296; x_wconf 82' lang='lat' dir='ltr'>egregii,</span> <span class='ocrx_word' id='word_1_86' title='bbox 1473 1228 1529 1280; x_wconf 89' lang='lat' dir='ltr'>et</span> <span class='ocrx_word' id='word_1_87' title='bbox 1579 1222 1784 1294; x_wconf 90' lang='lat' dir='ltr'>quovis</span> <span class='ocrx_word' id='word_1_88' title='bbox 1843 1221 2004 1276; x_wconf 90' lang='lat' dir='ltr'>lucro</span> <span class='ocrx_word' id='word_1_89' title='bbox 2052 1223 2110 1274; x_wconf 88' lang='lat' dir='ltr'>et</span> 
     </span>
    </p>
   </div>
   <div class='ocr_carea' id='block_1_16' title="bbox 469 1311 2106 1384">
    <p class='ocr_par' dir='ltr' id='par_1_16' title="bbox 469 1311 2106 1384">
     <span class='ocr_line' id='line_1_16' title="bbox 469 1311 2106 1384; baseline -0.009 -7"><span class='ocrx_word' id='word_1_90' title='bbox 469 1321 864 1377; x_wconf 88' lang='lat' dir='ltr'>emolumento</span> <span class='ocrx_word' id='word_1_91' title='bbox 910 1316 1130 1373; x_wconf 87' lang='lat' dir='ltr'>inventi</span> <span class='ocrx_word' id='word_1_92' title='bbox 1182 1319 1378 1370; x_wconf 86' lang='lat' dir='ltr'>essent</span> <span class='ocrx_word' id='word_1_93' title='bbox 1408 1312 1756 1384; x_wconf 87' lang='lat' dir='ltr'>superiores.</span> <span class='ocrx_word' id='word_1_94' title='bbox 1789 1311 1943 1374; x_wconf 88' lang='lat' dir='ltr'>Quos</span> <span class='ocrx_word' id='word_1_95' title='bbox 1974 1325 2106 1363; x_wconf 88' lang='lat' dir='ltr'>cum</span> 
     </span>
    </p>
   </div>
   <div class='ocr_carea' id='block_1_17' title="bbox 470 1398 2107 1481">
    <p class='ocr_par' dir='ltr' id='par_1_17' title="bbox 470 1398 2107 1481">
     <span class='ocr_line' id='line_1_17' title="bbox 470 1398 2107 1481; baseline -0.008 -15"><span class='ocrx_word' id='word_1_96' title='bbox 470 1409 890 1481; x_wconf 85' lang='lat' dir='ltr'>composuisset</span> <span class='ocrx_word' id='word_1_97' title='bbox 917 1405 1172 1462; x_wconf 86' lang='lat' dir='ltr'>civitatis</span> <span class='ocrx_word' id='word_1_98' title='bbox 1193 1403 1521 1474; x_wconf 89' lang='lat' dir='ltr'>episcopus,</span> <span class='ocrx_word' id='word_1_99' title='bbox 1547 1400 1794 1472; x_wconf 82' lang='lat' dir='ltr'>sepeliit,</span> <span class='ocrx_word' id='word_1_100' title='bbox 1817 1398 2107 1471; x_wconf 86' lang='lat' dir='ltr'>insignem</span> 
     </span>
    </p>
   </div>
   <div class='ocr_carea' id='block_1_18' title="bbox 469 1492 1305 1554">
    <p class='ocr_par' dir='ltr' id='par_1_18' title="bbox 469 1492 1305 1554">
     <span class='ocr_line' id='line_1_18' title="bbox 469 1492 1305 1554; baseline -0.011 0"><span class='ocrx_word' id='word_1_101' title='bbox 469 1514 672 1554; x_wconf 89' lang='lat' dir='ltr'>eorum</span> <span class='ocrx_word' id='word_1_102' title='bbox 703 1496 974 1552; x_wconf 88' lang='lat' dir='ltr'>virtutem</span> <span class='ocrx_word' id='word_1_103' title='bbox 1007 1492 1305 1550; x_wconf 81' lang='lat' dir='ltr'>reveritus.</span> 
     </span>
    </p>
   </div>
   <div class='ocr_carea' id='block_1_19' title="bbox 2220 419 3878 500">
    <p class='ocr_par' dir='ltr' id='par_1_19' title="bbox 2220 419 3878 500">
     <span class='ocr_line' id='line_1_19' title="bbox 2220 419 3878 500; baseline 0.007 -28"><span class='ocrx_word' id='word_1_104' title='bbox 2220 420 2446 491; x_wconf 82' lang='grc' dir='ltr'>θράσους</span> <span class='ocrx_word' id='word_1_105' title='bbox 2520 419 2610 474; x_wconf 77' lang='grc' dir='ltr'>καὶ</span> <span class='ocrx_word' id='word_1_106' title='bbox 2676 428 2778 490; x_wconf 80' lang='grc' dir='ltr'>τῆς</span> <span class='ocrx_word' id='word_1_107' title='bbox 2845 419 3158 492; x_wconf 81' lang='grc' dir='ltr'>ἄλαζονείας</span> <span class='ocrx_word' id='word_1_108' title='bbox 3227 420 3668 500; x_wconf 78' lang='grc' dir='ltr'>διάτασσόμενος·</span> <span class='ocrx_word' id='word_1_109' title='bbox 3741 428 3878 491; x_wconf 78' lang='grc' dir='ltr'>τοὺς</span> 
     </span>
    </p>
   </div>
   <div class='ocr_carea' id='block_1_20' title="bbox 2216 507 3881 594">
    <p class='ocr_par' dir='ltr' id='par_1_20' title="bbox 2216 507 3881 594">
     <span class='ocr_line' id='line_1_20' title="bbox 2216 507 3881 594; baseline 0.007 -33"><span class='ocrx_word' id='word_1_110' title='bbox 2216 507 2317 582; x_wconf 74' lang='grc' dir='ltr'>γὰρ</span> <span class='ocrx_word' id='word_1_111' title='bbox 2367 508 2638 584; x_wconf 79' lang='grc' dir='ltr'>ἃρχοντας</span> <span class='ocrx_word' id='word_1_112' title='bbox 2698 511 2789 572; x_wconf 72' lang='grc' dir='ltr'>οὕς</span> <span class='ocrx_word' id='word_1_113' title='bbox 2847 510 2938 566; x_wconf 83' lang='grc' dir='ltr'>σὺν</span> <span class='ocrx_word' id='word_1_114' title='bbox 2993 511 3141 584; x_wconf 81' lang='grc' dir='ltr'>αὗτῷ</span> <span class='ocrx_word' id='word_1_115' title='bbox 3209 512 3513 594; x_wconf 78' lang='grc' dir='ltr'>ἐπεπόμφει</span> <span class='ocrx_word' id='word_1_116' title='bbox 3578 519 3881 574; x_wconf 83' lang='grc' dir='ltr'>Κωνστάν-</span> 
     </span>
    </p>
   </div>
   <div class='ocr_carea' id='block_1_21' title="bbox 2217 598 3877 684">
    <p class='ocr_par' dir='ltr' id='par_1_21' title="bbox 2217 598 3877 684">
     <span class='ocr_line' id='line_1_21' title="bbox 2217 598 3877 684; baseline 0.008 -35"><span class='ocrx_word' id='word_1_117' title='bbox 2217 617 2354 666; x_wconf 88' lang='grc' dir='ltr'>τιος,</span> <span class='ocrx_word' id='word_1_118' title='bbox 2411 602 2518 652; x_wconf 87' lang='grc' dir='ltr'>τῶν</span> <span class='ocrx_word' id='word_1_119' title='bbox 2569 598 2869 672; x_wconf 84' lang='grc' dir='ltr'>βάσιλικῶν</span> <span class='ocrx_word' id='word_1_120' title='bbox 2927 621 2983 655; x_wconf 88' lang='grc' dir='ltr'>τε</span> <span class='ocrx_word' id='word_1_121' title='bbox 3039 602 3127 655; x_wconf 83' lang='grc' dir='ltr'>καὶ</span> <span class='ocrx_word' id='word_1_122' title='bbox 3175 601 3479 659; x_wconf 80' lang='grc' dir='ltr'>πολιτικῶν</span> <span class='ocrx_word' id='word_1_123' title='bbox 3529 607 3877 684; x_wconf 86' lang='grc' dir='ltr'>πράγμάτων</span> 
     </span>
    </p>
   </div>
   <div class='ocr_carea' id='block_1_22' title="bbox 2218 680 3880 773">
    <p class='ocr_par' dir='ltr' id='par_1_22' title="bbox 2218 680 3880 773">
     <span class='ocr_line' id='line_1_22' title="bbox 2218 680 3880 773; baseline 0.008 -34"><span class='ocrx_word' id='word_1_124' title='bbox 2218 680 2375 748; x_wconf 73' lang='grc' dir='ltr'>ὄντας</span> <span class='ocrx_word' id='word_1_125' title='bbox 2427 685 2728 758; x_wconf 78' lang='grc' dir='ltr'>διαιτητὰς,</span> <span class='ocrx_word' id='word_1_126' title='bbox 2773 690 2866 744; x_wconf 86' lang='grc' dir='ltr'>τόν</span> <span class='ocrx_word' id='word_1_127' title='bbox 2924 711 2982 744; x_wconf 84' lang='grc' dir='ltr'>τε</span> <span class='ocrx_word' id='word_1_128' title='bbox 3030 696 3136 746; x_wconf 85' lang='grc' dir='ltr'>τῶν</span> <span class='ocrx_word' id='word_1_129' title='bbox 3221 694 3561 770; x_wconf 87' lang='grc' dir='ltr'>Πραιτορίων</span> <span class='ocrx_word' id='word_1_130' title='bbox 3620 697 3880 773; x_wconf 76' lang='grc' dir='ltr'>ὕπαρχον</span> 
     </span>
    </p>
   </div>
   <div class='ocr_carea' id='block_1_23' title="bbox 2217 776 3877 858">
    <p class='ocr_par' dir='ltr' id='par_1_23' title="bbox 2217 776 3877 858">
     <span class='ocr_line' id='line_1_23' title="bbox 2217 776 3877 858; baseline 0.008 -28"><span class='ocrx_word' id='word_1_131' title='bbox 2217 777 2540 847; x_wconf 83' lang='grc' dir='ltr'>Δομετιανὸν</span> <span class='ocrx_word' id='word_1_132' title='bbox 2593 779 2644 849; x_wconf 87' lang='grc' dir='ltr'>(ὁ</span> <span class='ocrx_word' id='word_1_133' title='bbox 2705 779 2810 854; x_wconf 79' lang='grc' dir='ltr'>γὰρ</span> <span class='ocrx_word' id='word_1_134' title='bbox 2876 776 3178 842; x_wconf 76' lang='grc' dir='ltr'>Θαλάσσιος</span> <span class='ocrx_word' id='word_1_135' title='bbox 3257 780 3560 858; x_wconf 73' lang='grc' dir='ltr'>ἐτεονηκτι)</span> <span class='ocrx_word' id='word_1_136' title='bbox 3627 787 3719 840; x_wconf 81' lang='grc' dir='ltr'>καὶ</span> <span class='ocrx_word' id='word_1_137' title='bbox 3780 788 3877 843; x_wconf 84' lang='grc' dir='ltr'>τὸν</span> 
     </span>
    </p>
   </div>
   <div class='ocr_carea' id='block_1_24' title="bbox 2216 864 3871 951">
    <p class='ocr_par' dir='ltr' id='par_1_24' title="bbox 2216 864 3871 950">
     <span class='ocr_line' id='line_1_24' title="bbox 2216 864 3871 950; baseline 0.008 -32"><span class='ocrx_word' id='word_1_138' title='bbox 2216 864 2303 919; x_wconf 79' lang='grc' dir='ltr'>ἐπὶ</span> <span class='ocrx_word' id='word_1_139' title='bbox 2332 869 2428 920; x_wconf 79' lang='grc' dir='ltr'>τοῦ</span> <span class='ocrx_word' id='word_1_140' title='bbox 2472 865 2836 939; x_wconf 86' lang='grc' dir='ltr'>κοιαίστωρος</span> <span class='ocrx_word' id='word_1_141' title='bbox 2880 868 3137 927; x_wconf 85' lang='grc' dir='ltr'>Μὸντιον.</span> <span class='ocrx_word' id='word_1_142' title='bbox 3190 867 3281 926; x_wconf 83' lang='grc' dir='ltr'>διὰ</span> <span class='ocrx_word' id='word_1_143' title='bbox 3327 873 3388 926; x_wconf 88' lang='grc' dir='ltr'>τὸ</span> <span class='ocrx_word' id='word_1_144' title='bbox 3423 874 3500 946; x_wconf 83' lang='grc' dir='ltr'>μή</span> <span class='ocrx_word' id='word_1_145' title='bbox 3551 877 3871 950; x_wconf 75' lang='grc' dir='ltr'>πειθαργεῖν</span> 
     </span>
    </p>
   </div>
   <div class='ocr_carea' id='block_1_25' title="bbox 2217 953 3874 1036">
    <p class='ocr_par' dir='ltr' id='par_1_25' title="bbox 2217 953 3874 1036">
     <span class='ocr_line' id='line_1_25' title="bbox 2217 953 3874 1036; baseline 0.008 -29"><span class='ocrx_word' id='word_1_146' title='bbox 2217 953 2408 1014; x_wconf 71' lang='grc' dir='ltr'>αὐτοὺς</span> <span class='ocrx_word' id='word_1_147' title='bbox 2475 955 2566 1009; x_wconf 82' lang='grc' dir='ltr'>καὶ</span> <span class='ocrx_word' id='word_1_148' title='bbox 2635 957 2925 1032; x_wconf 76' lang='grc' dir='ltr'>ὑπουργεῖν</span> <span class='ocrx_word' id='word_1_149' title='bbox 2990 963 3109 1021; x_wconf 88' lang='grc' dir='ltr'>ταῖς</span> <span class='ocrx_word' id='word_1_150' title='bbox 3166 959 3502 1036; x_wconf 80' lang='grc' dir='ltr'>παραλόγοις</span> <span class='ocrx_word' id='word_1_151' title='bbox 3561 963 3730 1018; x_wconf 79' lang='grc' dir='ltr'>αὐτοῦ</span> <span class='ocrx_word' id='word_1_152' title='bbox 3781 967 3874 1020; x_wconf 79' lang='grc' dir='ltr'>καὶ</span> 
     </span>
    </p>
   </div>
   <div class='ocr_carea' id='block_1_26' title="bbox 2217 1041 3870 1124">
    <p class='ocr_par' dir='ltr' id='par_1_26' title="bbox 2217 1041 3870 1124">
     <span class='ocr_line' id='line_1_26' title="bbox 2217 1041 3870 1124; baseline 0.007 -28"><span class='ocrx_word' id='word_1_153' title='bbox 2217 1041 2533 1106; x_wconf 79' lang='grc' dir='ltr'>ἀκαθέκτοις</span> <span class='ocrx_word' id='word_1_154' title='bbox 2576 1045 2796 1118; x_wconf 87' lang='grc' dir='ltr'>ὁρμαῖς,</span> <span class='ocrx_word' id='word_1_155' title='bbox 2858 1045 3116 1122; x_wconf 77' lang='grc' dir='ltr'>σχοίνους</span> <span class='ocrx_word' id='word_1_156' title='bbox 3173 1053 3289 1110; x_wconf 85' lang='grc' dir='ltr'>τοῖς</span> <span class='ocrx_word' id='word_1_157' title='bbox 3346 1055 3703 1124; x_wconf 80' lang='grc' dir='ltr'>στρατιώταις</span> <span class='ocrx_word' id='word_1_158' title='bbox 3759 1058 3870 1108; x_wconf 87' lang='grc' dir='ltr'>τῶν</span> 
     </span>
    </p>
   </div>
   <div class='ocr_carea' id='block_1_27' title="bbox 2215 1129 3872 1212">
    <p class='ocr_par' dir='ltr' id='par_1_27' title="bbox 2215 1129 3872 1212">
     <span class='ocr_line' id='line_1_27' title="bbox 2215 1129 3872 1212; baseline 0.008 -28"><span class='ocrx_word' id='word_1_159' title='bbox 2215 1129 2398 1185; x_wconf 86' lang='grc' dir='ltr'>ποδῶν</span> <span class='ocrx_word' id='word_1_160' title='bbox 2452 1131 2628 1187; x_wconf 80' lang='grc' dir='ltr'>αὐτῶν</span> <span class='ocrx_word' id='word_1_161' title='bbox 2676 1133 2965 1208; x_wconf 56' lang='lat' dir='ltr'>agat-tmen;</span> <span class='ocrx_word' id='word_1_162' title='bbox 3008 1137 3577 1212; x_wconf 76' lang='grc' dir='ltr'>παρακελευσάμενος,</span> <span class='ocrx_word' id='word_1_163' title='bbox 3625 1140 3717 1197; x_wconf 74' lang='grc' dir='ltr'>ἐπὶ</span> <span class='ocrx_word' id='word_1_164' title='bbox 3769 1151 3872 1212; x_wconf 76' lang='grc' dir='ltr'>τῆς</span> 
     </span>
    </p>
   </div>
   <div class='ocr_carea' id='block_1_28' title="bbox 2217 1220 3868 1305">
    <p class='ocr_par' dir='ltr' id='par_1_28' title="bbox 2217 1220 3868 1305">
     <span class='ocr_line' id='line_1_28' title="bbox 2217 1220 3868 1305; baseline 0.008 -30"><span class='ocrx_word' id='word_1_165' title='bbox 2217 1220 2414 1296; x_wconf 77' lang='grc' dir='ltr'>ἀγορᾶς</span> <span class='ocrx_word' id='word_1_166' title='bbox 2472 1230 2696 1298; x_wconf 78' lang='grc' dir='ltr'>συρῆναι</span> <span class='ocrx_word' id='word_1_167' title='bbox 2770 1225 3061 1301; x_wconf 79' lang='grc' dir='ltr'>προσέταξε</span> <span class='ocrx_word' id='word_1_168' title='bbox 3147 1227 3236 1282; x_wconf 86' lang='grc' dir='ltr'>καὶ</span> <span class='ocrx_word' id='word_1_169' title='bbox 3330 1229 3675 1305; x_wconf 70' lang='grc' dir='ltr'>ἀμφοτέρους</span> <span class='ocrx_word' id='word_1_170' title='bbox 3774 1234 3868 1288; x_wconf 80' lang='grc' dir='ltr'>ἀπ·</span> 
     </span>
    </p>
   </div>
   <div class='ocr_carea' id='block_1_29' title="bbox 2217 1309 3874 1392">
    <p class='ocr_par' dir='ltr' id='par_1_29' title="bbox 2217 1309 3874 1392">
     <span class='ocr_line' id='line_1_29' title="bbox 2217 1309 3874 1392; baseline 0.007 -28"><span class='ocrx_word' id='word_1_171' title='bbox 2217 1309 2466 1380; x_wconf 88' lang='grc' dir='ltr'>έκτεινεν,</span> <span class='ocrx_word' id='word_1_172' title='bbox 2497 1309 2690 1387; x_wconf 79' lang='grc' dir='ltr'>ἄνδρας</span> <span class='ocrx_word' id='word_1_173' title='bbox 2721 1311 2773 1368; x_wconf 87' lang='grc' dir='ltr'>ἐν</span> <span class='ocrx_word' id='word_1_174' title='bbox 2803 1315 3088 1388; x_wconf 70' lang='grc' dir='ltr'>ξάξιώμασι</span> <span class='ocrx_word' id='word_1_175' title='bbox 3141 1315 3559 1392; x_wconf 78' lang='grc' dir='ltr'>διαπρέψαντας,</span> <span class='ocrx_word' id='word_1_176' title='bbox 3592 1321 3681 1375; x_wconf 81' lang='grc' dir='ltr'>καὶ</span> <span class='ocrx_word' id='word_1_177' title='bbox 3734 1343 3874 1376; x_wconf 87' lang='grc' dir='ltr'>παν-</span> 
     </span>
    </p>
   </div>
   <div class='ocr_carea' id='block_1_30' title="bbox 2216 1399 3873 1486">
    <p class='ocr_par' dir='ltr' id='par_1_30' title="bbox 2216 1399 3873 1486">
     <span class='ocr_line' id='line_1_30' title="bbox 2216 1399 3873 1486; baseline 0.008 -33"><span class='ocrx_word' id='word_1_178' title='bbox 2216 1403 2308 1462; x_wconf 89' lang='grc' dir='ltr'>τὸς</span> <span class='ocrx_word' id='word_1_179' title='bbox 2347 1399 2572 1475; x_wconf 87' lang='grc' dir='ltr'>κέρδους</span> <span class='ocrx_word' id='word_1_180' title='bbox 2621 1405 2710 1457; x_wconf 82' lang='grc' dir='ltr'>καὶ</span> <span class='ocrx_word' id='word_1_181' title='bbox 2760 1403 3054 1478; x_wconf 64' lang='grc' dir='ltr'>λήμματος</span> <span class='ocrx_word' id='word_1_182' title='bbox 3107 1405 3415 1480; x_wconf 82' lang='grc' dir='ltr'>εύρεθέντας</span> <span class='ocrx_word' id='word_1_183' title='bbox 3466 1409 3873 1486; x_wconf 70' lang='grc' dir='ltr'>ὑψηλοτέρους,</span> 
     </span>
    </p>
   </div>
   <div class='ocr_carea' id='block_1_31' title="bbox 2218 1487 3872 1575">
    <p class='ocr_par' dir='ltr' id='par_1_31' title="bbox 2218 1487 3872 1575">
     <span class='ocr_line' id='line_1_31' title="bbox 2218 1487 3872 1575; baseline 0.008 -34"><span class='ocrx_word' id='word_1_184' title='bbox 2218 1487 2310 1548; x_wconf 77' lang='grc' dir='ltr'>οὕς</span> <span class='ocrx_word' id='word_1_185' title='bbox 2354 1490 2380 1542; x_wconf 82' lang='grc' dir='ltr'>ὁ</span> <span class='ocrx_word' id='word_1_186' title='bbox 2429 1496 2528 1558; x_wconf 79' lang='grc' dir='ltr'>τῆς</span> <span class='ocrx_word' id='word_1_187' title='bbox 2586 1490 2801 1554; x_wconf 84' lang='grc' dir='ltr'>πόλεως</span> <span class='ocrx_word' id='word_1_188' title='bbox 2858 1491 3204 1565; x_wconf 75' lang='grc' dir='ltr'>περιστείλας</span> <span class='ocrx_word' id='word_1_189' title='bbox 3263 1494 3581 1567; x_wconf 79' lang='grc' dir='ltr'>ἐπίσκοπος,</span> <span class='ocrx_word' id='word_1_190' title='bbox 3651 1497 3872 1575; x_wconf 74' lang='grc' dir='ltr'>ἔθαψεν,</span> 
     </span>
    </p>
   </div>
   <div class='ocr_carea' id='block_1_32' title="bbox 2214 1574 3594 1657">
    <p class='ocr_par' dir='ltr' id='par_1_32' title="bbox 2214 1574 3594 1657">
     <span class='ocr_line' id='line_1_32' title="bbox 2214 1574 3594 1657; baseline 0.01 -29"><span class='ocrx_word' id='word_1_191' title='bbox 2214 1574 2475 1637; x_wconf 80' lang='grc' dir='ltr'>αἰδεσθεὶς</span> <span class='ocrx_word' id='word_1_192' title='bbox 2505 1580 2566 1631; x_wconf 85' lang='grc' dir='ltr'>τὸ</span> <span class='ocrx_word' id='word_1_193' title='bbox 2591 1586 2690 1646; x_wconf 79' lang='grc' dir='ltr'>τῆς</span> <span class='ocrx_word' id='word_1_194' title='bbox 2722 1578 2917 1652; x_wconf 77' lang='grc' dir='ltr'>ἀρετῆς</span> <span class='ocrx_word' id='word_1_195' title='bbox 2947 1579 3120 1635; x_wconf 80' lang='grc' dir='ltr'>αὐτῶν</span> <span class='ocrx_word' id='word_1_196' title='bbox 3156 1578 3594 1657; x_wconf 78' lang='grc' dir='ltr'>ἀνυπέρϐλητον.</span> 
     </span>
    </p>
   </div>
   <div class='ocr_carea' id='block_1_33' title="bbox 540 1663 2100 1754">
    <p class='ocr_par' dir='ltr' id='par_1_33' title="bbox 540 1665 2100 1736">
     <span class='ocr_line' id='line_1_33' title="bbox 540 1665 2100 1736; baseline -0.006 -8"><span class='ocrx_word' id='word_1_197' title='bbox 540 1677 656 1731; x_wconf 90' lang='lat' dir='ltr'>VlI.</span> <span class='ocrx_word' id='word_1_198' title='bbox 691 1671 1060 1730; x_wconf 84' lang='lat' dir='ltr'>Constantius</span> <span class='ocrx_word' id='word_1_199' title='bbox 1090 1678 1285 1726; x_wconf 89' lang='lat' dir='ltr'>autem</span> <span class='ocrx_word' id='word_1_200' title='bbox 1342 1685 1480 1726; x_wconf 90' lang='lat' dir='ltr'>cum</span> <span class='ocrx_word' id='word_1_201' title='bbox 1511 1667 1791 1723; x_wconf 89' lang='lat' dir='ltr'>audiisset</span> <span class='ocrx_word' id='word_1_202' title='bbox 1837 1666 1919 1734; x_wconf 88' lang='lat' dir='ltr'>id,</span> <span class='ocrx_word' id='word_1_203' title='bbox 1951 1665 2100 1736; x_wconf 92' lang='lat' dir='ltr'>quod</span> 
     </span>
    </p>
   </div>
   <div class='ocr_carea' id='block_1_34' title="bbox 2212 1663 3871 1754">
    <p class='ocr_par' dir='ltr' id='par_1_34' title="bbox 2285 1663 3871 1749">
     <span class='ocr_line' id='line_1_34' title="bbox 2285 1663 3871 1749; baseline 0.009 -31"><span class='ocrx_word' id='word_1_204' title='bbox 2285 1665 2354 1721; x_wconf 78' lang='lat' dir='ltr'>Z&#39;.</span> <span class='ocrx_word' id='word_1_205' title='bbox 2418 1667 2478 1722; x_wconf 89' lang='grc' dir='ltr'>Ὁ</span> <span class='ocrx_word' id='word_1_206' title='bbox 2526 1663 2582 1720; x_wconf 77' lang='grc' dir='ltr'>δέ</span> <span class='ocrx_word' id='word_1_207' title='bbox 2631 1669 3025 1739; x_wconf 86' lang='grc' dir='ltr'>Κωνστάντιος,</span> <span class='ocrx_word' id='word_1_208' title='bbox 3085 1668 3272 1741; x_wconf 81' lang='grc' dir='ltr'>ἐπειδὴ</span> <span class='ocrx_word' id='word_1_209' title='bbox 3350 1674 3584 1749; x_wconf 82' lang='grc' dir='ltr'>τάχιστα</span> <span class='ocrx_word' id='word_1_210' title='bbox 3639 1675 3871 1742; x_wconf 83' lang='grc' dir='ltr'>ἐπύθετο</span> 
     </span>
    </p>
   </div>
   <div class='ocr_carea' id='block_1_35' title="bbox 467 1756 2107 1828">
    <p class='ocr_par' dir='ltr' id='par_1_35' title="bbox 467 1756 2107 1828">
     <span class='ocr_line' id='line_1_35' title="bbox 467 1756 2107 1828; baseline -0.008 -8"><span class='ocrx_word' id='word_1_211' title='bbox 467 1764 780 1828; x_wconf 89' lang='lat' dir='ltr'>acciderat,</span> <span class='ocrx_word' id='word_1_212' title='bbox 813 1761 1044 1818; x_wconf 90' lang='lat' dir='ltr'>Gallum</span> <span class='ocrx_word' id='word_1_213' title='bbox 1095 1761 1165 1815; x_wconf 87' lang='lat' dir='ltr'>ad</span> <span class='ocrx_word' id='word_1_214' title='bbox 1214 1775 1274 1815; x_wconf 90' lang='lat' dir='ltr'>se</span> <span class='ocrx_word' id='word_1_215' title='bbox 1312 1758 1572 1814; x_wconf 89' lang='lat' dir='ltr'>accersit.</span> <span class='ocrx_word' id='word_1_216' title='bbox 1607 1756 1706 1812; x_wconf 90' lang='lat' dir='ltr'>Ille</span> <span class='ocrx_word' id='word_1_217' title='bbox 1737 1759 1932 1811; x_wconf 90' lang='lat' dir='ltr'>autem</span> <span class='ocrx_word' id='word_1_218' title='bbox 1972 1770 2107 1809; x_wconf 88' lang='lat' dir='ltr'>cum</span> 
     </span>
    </p>
   </div>
   <div class='ocr_carea' id='block_1_36' title="bbox 469 1844 2112 1923">
    <p class='ocr_par' dir='ltr' id='par_1_36' title="bbox 469 1844 2112 1923">
     <span class='ocr_line' id='line_1_36' title="bbox 469 1844 2112 1923; baseline -0.007 -14"><span class='ocrx_word' id='word_1_219' title='bbox 469 1855 642 1910; x_wconf 87' lang='lat' dir='ltr'>sciret</span> <span class='ocrx_word' id='word_1_220' title='bbox 692 1852 948 1923; x_wconf 90' lang='lat' dir='ltr'>quidem,</span> <span class='ocrx_word' id='word_1_221' title='bbox 982 1867 1038 1906; x_wconf 90' lang='lat' dir='ltr'>se</span> <span class='ocrx_word' id='word_1_222' title='bbox 1087 1865 1201 1905; x_wconf 89' lang='lat' dir='ltr'>non</span> <span class='ocrx_word' id='word_1_223' title='bbox 1252 1847 1444 1905; x_wconf 87' lang='lat' dir='ltr'>vocari</span> <span class='ocrx_word' id='word_1_224' title='bbox 1476 1848 1544 1902; x_wconf 90' lang='lat' dir='ltr'>ad</span> <span class='ocrx_word' id='word_1_225' title='bbox 1594 1847 1812 1902; x_wconf 91' lang='lat' dir='ltr'>bonum</span> <span class='ocrx_word' id='word_1_226' title='bbox 1854 1844 2112 1915; x_wconf 86' lang='lat' dir='ltr'>aliquod,</span> 
     </span>
    </p>
   </div>
   <div class='ocr_carea' id='block_1_37' title="bbox 472 1935 2114 2009">
    <p class='ocr_par' dir='ltr' id='par_1_37' title="bbox 472 1935 2114 2009">
     <span class='ocr_line' id='line_1_37' title="bbox 472 1935 2114 2009; baseline -0.009 -9"><span class='ocrx_word' id='word_1_227' title='bbox 472 1959 676 2000; x_wconf 88' lang='lat' dir='ltr'>rursus</span> <span class='ocrx_word' id='word_1_228' title='bbox 734 1945 928 1997; x_wconf 89' lang='lat' dir='ltr'>autem</span> <span class='ocrx_word' id='word_1_229' title='bbox 982 1940 1284 2009; x_wconf 83' lang='lat' dir='ltr'>cogitaret,</span> <span class='ocrx_word' id='word_1_230' title='bbox 1327 1937 1482 2008; x_wconf 91' lang='lat' dir='ltr'>quod</span> <span class='ocrx_word' id='word_1_231' title='bbox 1553 1937 1600 1992; x_wconf 90' lang='lat' dir='ltr'>si</span> <span class='ocrx_word' id='word_1_232' title='bbox 1660 1935 1840 1992; x_wconf 88' lang='lat' dir='ltr'>nollet</span> <span class='ocrx_word' id='word_1_233' title='bbox 1891 1949 2114 2004; x_wconf 90' lang='lat' dir='ltr'>parere,</span> 
     </span>
    </p>
   </div>
   <div class='ocr_carea' id='block_1_38' title="bbox 479 2024 2109 2101">
    <p class='ocr_par' dir='ltr' id='par_1_38' title="bbox 479 2024 2109 2101">
     <span class='ocr_line' id='line_1_38' title="bbox 479 2024 2109 2101; baseline -0.007 -14"><span class='ocrx_word' id='word_1_234' title='bbox 479 2034 770 2101; x_wconf 87' lang='lat' dir='ltr'>eporteret</span> <span class='ocrx_word' id='word_1_235' title='bbox 810 2027 1024 2084; x_wconf 90' lang='lat' dir='ltr'>bellum</span> <span class='ocrx_word' id='word_1_236' title='bbox 1059 2028 1264 2096; x_wconf 78' lang='lat' dir='ltr'>facere,</span> <span class='ocrx_word' id='word_1_237' title='bbox 1299 2025 1478 2080; x_wconf 89' lang='lat' dir='ltr'>armis</span> <span class='ocrx_word' id='word_1_238' title='bbox 1511 2024 1776 2096; x_wconf 90' lang='lat' dir='ltr'>protinus</span> <span class='ocrx_word' id='word_1_239' title='bbox 1807 2024 2109 2094; x_wconf 90' lang='lat' dir='ltr'>correptis,</span> 
     </span>
    </p>
   </div>
   <div class='ocr_carea' id='block_1_39' title="bbox 478 2112 2114 2191">
    <p class='ocr_par' dir='ltr' id='par_1_39' title="bbox 478 2112 2114 2191">
     <span class='ocr_line' id='line_1_39' title="bbox 478 2112 2114 2191; baseline -0.006 -15"><span class='ocrx_word' id='word_1_240' title='bbox 478 2121 653 2191; x_wconf 86' lang='lat' dir='ltr'>elegit</span> <span class='ocrx_word' id='word_1_241' title='bbox 700 2118 894 2189; x_wconf 90' lang='lat' dir='ltr'>potius</span> <span class='ocrx_word' id='word_1_242' title='bbox 944 2131 1164 2187; x_wconf 89' lang='lat' dir='ltr'>pacem.</span> <span class='ocrx_word' id='word_1_243' title='bbox 1198 2116 1266 2170; x_wconf 89' lang='lat' dir='ltr'>Et</span> <span class='ocrx_word' id='word_1_244' title='bbox 1314 2114 1609 2186; x_wconf 83' lang='lat' dir='ltr'>praemissa</span> <span class='ocrx_word' id='word_1_245' title='bbox 1641 2128 1817 2169; x_wconf 84' lang='lat' dir='ltr'>uxore</span> <span class='ocrx_word' id='word_1_246' title='bbox 1856 2113 1927 2168; x_wconf 90' lang='lat' dir='ltr'>ad</span> <span class='ocrx_word' id='word_1_247' title='bbox 1961 2112 2114 2166; x_wconf 89' lang='lat' dir='ltr'>miti-</span> 
     </span>
    </p>
   </div>
   <div class='ocr_carea' id='block_1_40' title="bbox 476 2201 2115 2282">
    <p class='ocr_par' dir='ltr' id='par_1_40' title="bbox 476 2201 2115 2282">
     <span class='ocr_line' id='line_1_40' title="bbox 476 2201 2115 2282; baseline -0.005 -18"><span class='ocrx_word' id='word_1_248' title='bbox 476 2209 730 2282; x_wconf 84' lang='lat' dir='ltr'>gandum</span> <span class='ocrx_word' id='word_1_249' title='bbox 753 2205 1178 2273; x_wconf 88' lang='lat' dir='ltr'>Constantium,</span> <span class='ocrx_word' id='word_1_250' title='bbox 1210 2204 1332 2274; x_wconf 89' lang='lat' dir='ltr'>ipse</span> <span class='ocrx_word' id='word_1_251' title='bbox 1363 2219 1596 2276; x_wconf 91' lang='lat' dir='ltr'>quoque</span> <span class='ocrx_word' id='word_1_252' title='bbox 1627 2219 1735 2258; x_wconf 89' lang='lat' dir='ltr'>sua</span> <span class='ocrx_word' id='word_1_253' title='bbox 1762 2205 1968 2273; x_wconf 89' lang='lat' dir='ltr'>sponte</span> <span class='ocrx_word' id='word_1_254' title='bbox 1997 2201 2115 2256; x_wconf 88' lang='lat' dir='ltr'>adi-</span> 
     </span>
    </p>
   </div>
   <div class='ocr_carea' id='block_1_41' title="bbox 471 2290 2111 2367">
    <p class='ocr_par' dir='ltr' id='par_1_41' title="bbox 471 2290 2111 2367">
     <span class='ocr_line' id='line_1_41' title="bbox 471 2290 2111 2367; baseline -0.005 -15"><span class='ocrx_word' id='word_1_255' title='bbox 471 2298 574 2353; x_wconf 85' lang='lat' dir='ltr'>bat</span> <span class='ocrx_word' id='word_1_256' title='bbox 605 2293 950 2367; x_wconf 87' lang='lat' dir='ltr'>periculum.</span> <span class='ocrx_word' id='word_1_257' title='bbox 985 2295 1176 2363; x_wconf 83' lang='lat' dir='ltr'>Atque</span> <span class='ocrx_word' id='word_1_258' title='bbox 1232 2291 1573 2348; x_wconf 90' lang='lat' dir='ltr'>Constantia</span> <span class='ocrx_word' id='word_1_259' title='bbox 1629 2291 1862 2362; x_wconf 89' lang='lat' dir='ltr'>quidem</span> <span class='ocrx_word' id='word_1_260' title='bbox 1914 2290 2111 2345; x_wconf 86' lang='lat' dir='ltr'>statim</span> 
     </span>
    </p>
   </div>
   <div class='ocr_carea' id='block_1_42' title="bbox 469 2379 2110 2458">
    <p class='ocr_par' dir='ltr' id='par_1_42' title="bbox 469 2379 2110 2458">
     <span class='ocr_line' id='line_1_42' title="bbox 469 2379 2110 2458; baseline -0.004 -19"><span class='ocrx_word' id='word_1_261' title='bbox 469 2385 732 2458; x_wconf 84' lang='lat' dir='ltr'>profecta</span> <span class='ocrx_word' id='word_1_262' title='bbox 775 2387 884 2452; x_wconf 90' lang='lat' dir='ltr'>est,</span> <span class='ocrx_word' id='word_1_263' title='bbox 918 2385 984 2437; x_wconf 92' lang='lat' dir='ltr'>ut</span> <span class='ocrx_word' id='word_1_264' title='bbox 1040 2381 1281 2436; x_wconf 82' lang='lat' dir='ltr'>fratrem</span> <span class='ocrx_word' id='word_1_265' title='bbox 1331 2380 1489 2451; x_wconf 91' lang='lat' dir='ltr'>prior</span> <span class='ocrx_word' id='word_1_266' title='bbox 1531 2379 1884 2449; x_wconf 88' lang='lat' dir='ltr'>conveniret,</span> <span class='ocrx_word' id='word_1_267' title='bbox 1930 2382 1986 2434; x_wconf 90' lang='lat' dir='ltr'>et</span> <span class='ocrx_word' id='word_1_268' title='bbox 2050 2379 2110 2433; x_wconf 93' lang='lat' dir='ltr'>in</span> 
     </span>
    </p>
   </div>
   <div class='ocr_carea' id='block_1_43' title="bbox 467 2467 2110 2540">
    <p class='ocr_par' dir='ltr' id='par_1_43' title="bbox 467 2467 2110 2540">
     <span class='ocr_line' id='line_1_43' title="bbox 467 2467 2110 2540; baseline -0.005 -10"><span class='ocrx_word' id='word_1_269' title='bbox 467 2475 660 2530; x_wconf 90' lang='lat' dir='ltr'>animo</span> <span class='ocrx_word' id='word_1_270' title='bbox 704 2472 930 2528; x_wconf 90' lang='lat' dir='ltr'>habens</span> <span class='ocrx_word' id='word_1_271' title='bbox 988 2485 1193 2540; x_wconf 87' lang='lat' dir='ltr'>rogare</span> <span class='ocrx_word' id='word_1_272' title='bbox 1242 2485 1346 2540; x_wconf 91' lang='lat' dir='ltr'>pro</span> <span class='ocrx_word' id='word_1_273' title='bbox 1387 2469 1620 2534; x_wconf 89' lang='lat' dir='ltr'>marito,</span> <span class='ocrx_word' id='word_1_274' title='bbox 1652 2473 1715 2524; x_wconf 90' lang='lat' dir='ltr'>ut</span> <span class='ocrx_word' id='word_1_275' title='bbox 1759 2467 1906 2522; x_wconf 90' lang='lat' dir='ltr'>nihil</span> <span class='ocrx_word' id='word_1_276' title='bbox 1938 2483 2110 2537; x_wconf 85' lang='lat' dir='ltr'>grave</span> 
     </span>
    </p>
   </div>
   <div class='ocr_carea' id='block_1_44' title="bbox 463 2555 2105 2628">
    <p class='ocr_par' dir='ltr' id='par_1_44' title="bbox 463 2555 2105 2628">
     <span class='ocr_line' id='line_1_44' title="bbox 463 2555 2105 2628; baseline -0.007 -9"><span class='ocrx_word' id='word_1_277' title='bbox 463 2567 524 2620; x_wconf 89' lang='lat' dir='ltr'>in</span> <span class='ocrx_word' id='word_1_278' title='bbox 577 2577 711 2618; x_wconf 90' lang='lat' dir='ltr'>eum</span> <span class='ocrx_word' id='word_1_279' title='bbox 743 2562 1036 2615; x_wconf 88' lang='lat' dir='ltr'>statueret.</span> <span class='ocrx_word' id='word_1_280' title='bbox 1069 2559 1214 2612; x_wconf 89' lang='lat' dir='ltr'>Cum</span> <span class='ocrx_word' id='word_1_281' title='bbox 1245 2560 1439 2612; x_wconf 88' lang='lat' dir='ltr'>autem</span> <span class='ocrx_word' id='word_1_282' title='bbox 1497 2560 1764 2628; x_wconf 88' lang='lat' dir='ltr'>prompto</span> <span class='ocrx_word' id='word_1_283' title='bbox 1821 2563 1875 2610; x_wconf 88' lang='lat' dir='ltr'>et</span> <span class='ocrx_word' id='word_1_284' title='bbox 1930 2555 2105 2610; x_wconf 89' lang='lat' dir='ltr'>alacri</span> 
     </span>
    </p>
   </div>
   <div class='ocr_carea' id='block_1_45' title="bbox 463 2644 2105 2712">
    <p class='ocr_par' dir='ltr' id='par_1_45' title="bbox 463 2644 2105 2712">
     <span class='ocr_line' id='line_1_45' title="bbox 463 2644 2105 2712; baseline -0.006 -5"><span class='ocrx_word' id='word_1_285' title='bbox 463 2651 641 2708; x_wconf 88' lang='lat' dir='ltr'>animi</span> <span class='ocrx_word' id='word_1_286' title='bbox 696 2648 889 2704; x_wconf 89' lang='lat' dir='ltr'>studio</span> <span class='ocrx_word' id='word_1_287' title='bbox 944 2647 1056 2702; x_wconf 90' lang='lat' dir='ltr'>iter</span> <span class='ocrx_word' id='word_1_288' title='bbox 1111 2645 1362 2712; x_wconf 89' lang='lat' dir='ltr'>iniisset,</span> <span class='ocrx_word' id='word_1_289' title='bbox 1407 2647 1560 2700; x_wconf 90' lang='lat' dir='ltr'>inter</span> <span class='ocrx_word' id='word_1_290' title='bbox 1597 2646 1853 2699; x_wconf 90' lang='lat' dir='ltr'>eundum</span> <span class='ocrx_word' id='word_1_291' title='bbox 1901 2644 2105 2698; x_wconf 89' lang='lat' dir='ltr'>incidit</span> 
     </span>
    </p>
   </div>
   <div class='ocr_carea' id='block_1_46' title="bbox 462 2731 2102 2802">
    <p class='ocr_par' dir='ltr' id='par_1_46' title="bbox 462 2731 2102 2802">
     <span class='ocr_line' id='line_1_46' title="bbox 462 2731 2102 2802; baseline -0.007 -7"><span class='ocrx_word' id='word_1_292' title='bbox 462 2741 523 2796; x_wconf 90' lang='lat' dir='ltr'>in</span> <span class='ocrx_word' id='word_1_293' title='bbox 583 2737 872 2793; x_wconf 89' lang='lat' dir='ltr'>morbum.</span> <span class='ocrx_word' id='word_1_294' title='bbox 938 2735 1005 2789; x_wconf 89' lang='lat' dir='ltr'>Et</span> <span class='ocrx_word' id='word_1_295' title='bbox 1052 2749 1184 2788; x_wconf 91' lang='lat' dir='ltr'>cum</span> <span class='ocrx_word' id='word_1_296' title='bbox 1235 2732 1596 2789; x_wconf 86' lang='lat' dir='ltr'>ascendisset</span> <span class='ocrx_word' id='word_1_297' title='bbox 1650 2731 1710 2787; x_wconf 92' lang='lat' dir='ltr'>in</span> <span class='ocrx_word' id='word_1_298' title='bbox 1751 2731 2102 2802; x_wconf 83' lang='lat' dir='ltr'>Bithyniam,</span> 
     </span>
    </p>
   </div>
   <div class='ocr_carea' id='block_1_47' title="bbox 465 2820 2101 2898">
    <p class='ocr_par' dir='ltr' id='par_1_47' title="bbox 465 2820 2101 2898">
     <span class='ocr_line' id='line_1_47' title="bbox 465 2820 2101 2898; baseline -0.006 -15"><span class='ocrx_word' id='word_1_299' title='bbox 465 2829 526 2883; x_wconf 91' lang='lat' dir='ltr'>in</span> <span class='ocrx_word' id='word_1_300' title='bbox 581 2827 829 2898; x_wconf 89' lang='lat' dir='ltr'>quadam</span> <span class='ocrx_word' id='word_1_301' title='bbox 889 2824 1021 2894; x_wconf 83' lang='lat' dir='ltr'>ejus</span> <span class='ocrx_word' id='word_1_302' title='bbox 1060 2822 1328 2888; x_wconf 83' lang='lat' dir='ltr'>statione,</span> <span class='ocrx_word' id='word_1_303' title='bbox 1361 2838 1485 2892; x_wconf 68' lang='lat' dir='ltr'>quas</span> <span class='ocrx_word' id='word_1_304' title='bbox 1533 2820 1824 2878; x_wconf 86' lang='lat' dir='ltr'>Gallicana</span> <span class='ocrx_word' id='word_1_305' title='bbox 1869 2822 2101 2887; x_wconf 86' lang='lat' dir='ltr'>dicitur,</span> 
     </span>
    </p>
   </div>
   <div class='ocr_carea' id='block_1_48' title="bbox 469 2911 2102 2981">
    <p class='ocr_par' dir='ltr' id='par_1_48' title="bbox 469 2911 2102 2981">
     <span class='ocr_line' id='line_1_48' title="bbox 469 2911 2102 2981; baseline -0.004 -10"><span class='ocrx_word' id='word_1_306' title='bbox 469 2921 557 2972; x_wconf 89' lang='lat' dir='ltr'>est</span> <span class='ocrx_word' id='word_1_307' title='bbox 599 2918 849 2970; x_wconf 88' lang='lat' dir='ltr'>mortua.</span> <span class='ocrx_word' id='word_1_308' title='bbox 899 2911 1102 2968; x_wconf 89' lang='lat' dir='ltr'>Gallus</span> <span class='ocrx_word' id='word_1_309' title='bbox 1158 2916 1356 2966; x_wconf 87' lang='lat' dir='ltr'>autem</span> <span class='ocrx_word' id='word_1_310' title='bbox 1411 2911 1517 2965; x_wconf 91' lang='lat' dir='ltr'>etsi</span> <span class='ocrx_word' id='word_1_311' title='bbox 1575 2911 1704 2979; x_wconf 89' lang='lat' dir='ltr'>hoc,</span> <span class='ocrx_word' id='word_1_312' title='bbox 1764 2911 1916 2981; x_wconf 93' lang='lat' dir='ltr'>quod</span> <span class='ocrx_word' id='word_1_313' title='bbox 1967 2927 2102 2980; x_wconf 64' lang='lat' dir='ltr'>pres-</span> 
     </span>
    </p>
   </div>
   <div class='ocr_carea' id='block_1_49' title="bbox 466 3000 2100 3074">
    <p class='ocr_par' dir='ltr' id='par_1_49' title="bbox 466 3000 2100 3074">
     <span class='ocr_line' id='line_1_49' title="bbox 466 3000 2100 3074; baseline -0.003 -14"><span class='ocrx_word' id='word_1_314' title='bbox 466 3009 554 3060; x_wconf 88' lang='lat' dir='ltr'>ter</span> <span class='ocrx_word' id='word_1_315' title='bbox 603 3002 934 3074; x_wconf 84' lang='lat' dir='ltr'>Opinionem</span> <span class='ocrx_word' id='word_1_316' title='bbox 981 3000 1284 3068; x_wconf 87' lang='lat' dir='ltr'>acciderat,</span> <span class='ocrx_word' id='word_1_317' title='bbox 1319 3014 1592 3070; x_wconf 86' lang='lat' dir='ltr'>magnam</span> <span class='ocrx_word' id='word_1_318' title='bbox 1634 3004 1960 3069; x_wconf 88' lang='lat' dir='ltr'>reputasset</span> <span class='ocrx_word' id='word_1_319' title='bbox 2007 3017 2100 3055; x_wconf 86' lang='lat' dir='ltr'>ca-</span> 
     </span>
    </p>
   </div>
   <div class='ocr_carea' id='block_1_50' title="bbox 467 3089 2101 3162">
    <p class='ocr_par' dir='ltr' id='par_1_50' title="bbox 467 3089 2101 3162">
     <span class='ocr_line' id='line_1_50' title="bbox 467 3089 2101 3162; baseline -0.003 -11"><span class='ocrx_word' id='word_1_320' title='bbox 467 3095 813 3162; x_wconf 88' lang='lat' dir='ltr'>lamitatem,</span> <span class='ocrx_word' id='word_1_321' title='bbox 849 3092 970 3146; x_wconf 84' lang='lat' dir='ltr'>ibat</span> <span class='ocrx_word' id='word_1_322' title='bbox 1015 3096 1210 3146; x_wconf 90' lang='lat' dir='ltr'>tamen</span> <span class='ocrx_word' id='word_1_323' title='bbox 1259 3089 1516 3155; x_wconf 89' lang='lat' dir='ltr'>ulterius,</span> <span class='ocrx_word' id='word_1_324' title='bbox 1553 3107 1664 3145; x_wconf 89' lang='lat' dir='ltr'>non</span> <span class='ocrx_word' id='word_1_325' title='bbox 1715 3091 1998 3147; x_wconf 88' lang='lat' dir='ltr'>desistens</span> <span class='ocrx_word' id='word_1_326' title='bbox 2031 3094 2101 3147; x_wconf 82' lang='lat' dir='ltr'>ab</span> 
     </span>
    </p>
   </div>
   <div class='ocr_carea' id='block_1_51' title="bbox 466 3179 2088 3253">
    <p class='ocr_par' dir='ltr' id='par_1_51' title="bbox 466 3179 2088 3253">
     <span class='ocr_line' id='line_1_51' title="bbox 466 3179 2088 3253; baseline -0.002 -16"><span class='ocrx_word' id='word_1_327' title='bbox 466 3184 562 3250; x_wconf 92' lang='lat' dir='ltr'>iis,</span> <span class='ocrx_word' id='word_1_328' title='bbox 595 3199 724 3253; x_wconf 81' lang='lat' dir='ltr'>quae</span> <span class='ocrx_word' id='word_1_329' title='bbox 754 3184 1057 3236; x_wconf 87' lang='lat' dir='ltr'>statuerat.</span> <span class='ocrx_word' id='word_1_330' title='bbox 1089 3180 1399 3248; x_wconf 89' lang='lat' dir='ltr'>Postquam</span> <span class='ocrx_word' id='word_1_331' title='bbox 1448 3195 1581 3234; x_wconf 88' lang='lat' dir='ltr'>vero</span> <span class='ocrx_word' id='word_1_332' title='bbox 1629 3179 1787 3235; x_wconf 89' lang='lat' dir='ltr'>venit</span> <span class='ocrx_word' id='word_1_333' title='bbox 1817 3179 1888 3234; x_wconf 91' lang='lat' dir='ltr'>ad</span> <span class='ocrx_word' id='word_1_334' title='bbox 1931 3180 2088 3234; x_wconf 87' lang='lat' dir='ltr'>Nori-</span> 
     </span>
    </p>
   </div>
   <div class='ocr_carea' id='block_1_52' title="bbox 465 3268 2098 3340">
    <p class='ocr_par' dir='ltr' id='par_1_52' title="bbox 465 3268 2098 3340">
     <span class='ocr_line' id='line_1_52' title="bbox 465 3268 2098 3340; baseline -0.003 -14"><span class='ocrx_word' id='word_1_335' title='bbox 465 3288 662 3326; x_wconf 86' lang='lat' dir='ltr'>corum</span> <span class='ocrx_word' id='word_1_336' title='bbox 694 3271 1010 3338; x_wconf 88' lang='lat' dir='ltr'>civitatem,</span> <span class='ocrx_word' id='word_1_337' title='bbox 1043 3285 1168 3340; x_wconf 68' lang='lat' dir='ltr'>qua:</span> <span class='ocrx_word' id='word_1_338' title='bbox 1195 3273 1430 3323; x_wconf 89' lang='lat' dir='ltr'>vocatur</span> <span class='ocrx_word' id='word_1_339' title='bbox 1475 3269 1784 3339; x_wconf 82' lang='lat' dir='ltr'>Pytaviota,</span> <span class='ocrx_word' id='word_1_340' title='bbox 1821 3269 1932 3321; x_wconf 91' lang='lat' dir='ltr'>huc</span> <span class='ocrx_word' id='word_1_341' title='bbox 1985 3268 2098 3321; x_wconf 82' lang='lat' dir='ltr'>Mc-</span> 
     </span>
    </p>
   </div>
   <div class='ocr_carea' id='block_1_53' title="bbox 465 3355 2096 3428">
    <p class='ocr_par' dir='ltr' id='par_1_53' title="bbox 465 3355 2096 3428">
     <span class='ocr_line' id='line_1_53' title="bbox 465 3355 2096 3428; baseline -0.004 -12"><span class='ocrx_word' id='word_1_342' title='bbox 465 3360 720 3428; x_wconf 88' lang='lat' dir='ltr'>diolano,</span> <span class='ocrx_word' id='word_1_343' title='bbox 754 3376 882 3415; x_wconf 91' lang='lat' dir='ltr'>cum</span> <span class='ocrx_word' id='word_1_344' title='bbox 935 3359 1050 3414; x_wconf 90' lang='lat' dir='ltr'>illic</span> <span class='ocrx_word' id='word_1_345' title='bbox 1101 3365 1240 3414; x_wconf 90' lang='lat' dir='ltr'>tunc</span> <span class='ocrx_word' id='word_1_346' title='bbox 1289 3361 1440 3413; x_wconf 89' lang='lat' dir='ltr'>esset</span> <span class='ocrx_word' id='word_1_347' title='bbox 1484 3357 1880 3421; x_wconf 82' lang='lat' dir='ltr'>Constantius,</span> <span class='ocrx_word' id='word_1_348' title='bbox 1915 3355 2096 3410; x_wconf 90' lang='lat' dir='ltr'>mitti-</span> 
     </span>
    </p>
   </div>
   <div class='ocr_carea' id='block_1_54' title="bbox 465 3445 2099 3517">
    <p class='ocr_par' dir='ltr' id='par_1_54' title="bbox 465 3445 2099 3517">
     <span class='ocr_line' id='line_1_54' title="bbox 465 3445 2099 3517; baseline -0.004 -13"><span class='ocrx_word' id='word_1_349' title='bbox 465 3459 558 3504; x_wconf 92' lang='lat' dir='ltr'>tur</span> <span class='ocrx_word' id='word_1_350' title='bbox 579 3453 694 3504; x_wconf 80' lang='lat' dir='ltr'>(lux</span> <span class='ocrx_word' id='word_1_351' title='bbox 723 3450 1009 3504; x_wconf 84' lang='lat' dir='ltr'>exercitus</span> <span class='ocrx_word' id='word_1_352' title='bbox 1039 3447 1371 3514; x_wconf 88' lang='lat' dir='ltr'>Barbation,</span> <span class='ocrx_word' id='word_1_353' title='bbox 1409 3446 1509 3517; x_wconf 88' lang='lat' dir='ltr'>qui</span> <span class='ocrx_word' id='word_1_354' title='bbox 1540 3445 1702 3501; x_wconf 91' lang='lat' dir='ltr'>Gallo</span> <span class='ocrx_word' id='word_1_355' title='bbox 1743 3445 1932 3499; x_wconf 77' lang='lat' dir='ltr'>aufert</span> <span class='ocrx_word' id='word_1_356' title='bbox 1963 3461 2099 3515; x_wconf 89' lang='lat' dir='ltr'>pur-</span> 
     </span>
    </p>
   </div>
   <div class='ocr_carea' id='block_1_55' title="bbox 465 3533 2100 3608">
    <p class='ocr_par' dir='ltr' id='par_1_55' title="bbox 465 3533 2100 3608">
     <span class='ocr_line' id='line_1_55' title="bbox 465 3533 2100 3608; baseline -0.002 -15"><span class='ocrx_word' id='word_1_357' title='bbox 465 3555 695 3608; x_wconf 88' lang='lat' dir='ltr'>puram.</span> <span class='ocrx_word' id='word_1_358' title='bbox 728 3542 800 3592; x_wconf 80' lang='lat' dir='ltr'>Et</span> <span class='ocrx_word' id='word_1_359' title='bbox 846 3554 977 3592; x_wconf 89' lang='lat' dir='ltr'>cum</span> <span class='ocrx_word' id='word_1_360' title='bbox 1035 3553 1168 3592; x_wconf 90' lang='lat' dir='ltr'>eum</span> <span class='ocrx_word' id='word_1_361' title='bbox 1199 3536 1430 3591; x_wconf 78' lang='lat' dir='ltr'>fecisset</span> <span class='ocrx_word' id='word_1_362' title='bbox 1461 3535 1765 3605; x_wconf 88' lang='lat' dir='ltr'>privatum,</span> <span class='ocrx_word' id='word_1_363' title='bbox 1800 3533 2012 3603; x_wconf 82' lang='lat' dir='ltr'>relegat</span> <span class='ocrx_word' id='word_1_364' title='bbox 2040 3535 2100 3589; x_wconf 91' lang='lat' dir='ltr'>in</span> 
     </span>
    </p>
   </div>
   <div class='ocr_carea' id='block_1_56' title="bbox 465 3623 2101 3696">
    <p class='ocr_par' dir='ltr' id='par_1_56' title="bbox 465 3623 2101 3696">
     <span class='ocr_line' id='line_1_56' title="bbox 465 3623 2101 3696; baseline -0.002 -14"><span class='ocrx_word' id='word_1_365' title='bbox 465 3627 784 3696; x_wconf 87' lang='lat' dir='ltr'>quamdam</span> <span class='ocrx_word' id='word_1_366' title='bbox 832 3624 1084 3680; x_wconf 88' lang='lat' dir='ltr'>insulam</span> <span class='ocrx_word' id='word_1_367' title='bbox 1133 3625 1454 3679; x_wconf 81' lang='lat' dir='ltr'>Dalmatiae.</span> <span class='ocrx_word' id='word_1_368' title='bbox 1490 3627 1631 3679; x_wconf 85' lang='lat' dir='ltr'>Cum</span> <span class='ocrx_word' id='word_1_369' title='bbox 1664 3623 1860 3678; x_wconf 86' lang='lat' dir='ltr'>Gallus</span> <span class='ocrx_word' id='word_1_370' title='bbox 1910 3629 2101 3679; x_wconf 88' lang='lat' dir='ltr'>autem</span> 
     </span>
    </p>
   </div>
   <div class='ocr_carea' id='block_1_57' title="bbox 463 3711 2099 3782">
    <p class='ocr_par' dir='ltr' id='par_1_57' title="bbox 463 3711 2099 3782">
     <span class='ocr_line' id='line_1_57' title="bbox 463 3711 2099 3782; baseline -0.001 -13"><span class='ocrx_word' id='word_1_371' title='bbox 463 3713 716 3769; x_wconf 89' lang='lat' dir='ltr'>venisset</span> <span class='ocrx_word' id='word_1_372' title='bbox 746 3714 802 3766; x_wconf 92' lang='lat' dir='ltr'>in</span> <span class='ocrx_word' id='word_1_373' title='bbox 834 3711 1110 3779; x_wconf 88' lang='lat' dir='ltr'>insulam,</span> <span class='ocrx_word' id='word_1_374' title='bbox 1142 3711 1428 3765; x_wconf 87' lang='lat' dir='ltr'>Eusebius</span> <span class='ocrx_word' id='word_1_375' title='bbox 1461 3711 1786 3778; x_wconf 87' lang='lat' dir='ltr'>eunuchus,</span> <span class='ocrx_word' id='word_1_376' title='bbox 1822 3713 1920 3781; x_wconf 88' lang='lat' dir='ltr'>qni</span> <span class='ocrx_word' id='word_1_377' title='bbox 1955 3730 2099 3782; x_wconf 66' lang='lat' dir='ltr'>prai-</span> 
     </span>
    </p>
   </div>
   <div class='ocr_carea' id='block_1_58' title="bbox 466 3798 2100 3873">
    <p class='ocr_par' dir='ltr' id='par_1_58' title="bbox 466 3798 2100 3873">
     <span class='ocr_line' id='line_1_58' title="bbox 466 3798 2100 3873; baseline 0 -17"><span class='ocrx_word' id='word_1_378' title='bbox 466 3802 640 3873; x_wconf 91' lang='lat' dir='ltr'>positi</span> <span class='ocrx_word' id='word_1_379' title='bbox 699 3806 835 3855; x_wconf 90' lang='lat' dir='ltr'>tunc</span> <span class='ocrx_word' id='word_1_380' title='bbox 893 3799 1147 3854; x_wconf 87' lang='lat' dir='ltr'>habebat</span> <span class='ocrx_word' id='word_1_381' title='bbox 1204 3798 1501 3865; x_wconf 88' lang='lat' dir='ltr'>honorem,</span> <span class='ocrx_word' id='word_1_382' title='bbox 1552 3803 1610 3853; x_wconf 89' lang='lat' dir='ltr'>et</span> <span class='ocrx_word' id='word_1_383' title='bbox 1683 3801 1783 3869; x_wconf 90' lang='lat' dir='ltr'>qui</span> <span class='ocrx_word' id='word_1_384' title='bbox 1840 3817 1974 3854; x_wconf 89' lang='lat' dir='ltr'>cum</span> <span class='ocrx_word' id='word_1_385' title='bbox 2035 3818 2100 3857; x_wconf 84' lang='lat' dir='ltr'>eo</span> 
     </span>
    </p>
   </div>
   <div class='ocr_carea' id='block_1_59' title="bbox 468 3885 2096 3960">
    <p class='ocr_par' dir='ltr' id='par_1_59' title="bbox 468 3885 2096 3960">
     <span class='ocr_line' id='line_1_59' title="bbox 468 3885 2096 3960; baseline -0.001 -16"><span class='ocrx_word' id='word_1_386' title='bbox 468 3894 649 3959; x_wconf 87' lang='lat' dir='ltr'>erant,</span> <span class='ocrx_word' id='word_1_387' title='bbox 712 3887 1068 3960; x_wconf 87' lang='lat' dir='ltr'>persuadent</span> <span class='ocrx_word' id='word_1_388' title='bbox 1122 3885 1478 3952; x_wconf 88' lang='lat' dir='ltr'>Constantio,</span> <span class='ocrx_word' id='word_1_389' title='bbox 1543 3889 1603 3940; x_wconf 91' lang='lat' dir='ltr'>ut</span> <span class='ocrx_word' id='word_1_390' title='bbox 1657 3887 2096 3956; x_wconf 83' lang='lat' dir='ltr'>quamprimum</span> 
     </span>
    </p>
   </div>
   <div class='ocr_carea' id='block_1_60' title="bbox 467 3973 2097 4045">
    <p class='ocr_par' dir='ltr' id='par_1_60' title="bbox 467 3973 2097 4045">
     <span class='ocr_line' id='line_1_60' title="bbox 467 3973 2097 4045; baseline -0.001 -12"><span class='ocrx_word' id='word_1_391' title='bbox 467 3978 696 4034; x_wconf 88' lang='lat' dir='ltr'>Gallum</span> <span class='ocrx_word' id='word_1_392' title='bbox 757 3975 979 4032; x_wconf 89' lang='lat' dir='ltr'>tolleret</span> <span class='ocrx_word' id='word_1_393' title='bbox 1036 3977 1105 4030; x_wconf 88' lang='lat' dir='ltr'>de</span> <span class='ocrx_word' id='word_1_394' title='bbox 1160 3973 1364 4030; x_wconf 89' lang='lat' dir='ltr'>medio.</span> <span class='ocrx_word' id='word_1_395' title='bbox 1425 3973 1523 4030; x_wconf 87' lang='lat' dir='ltr'>Ille</span> <span class='ocrx_word' id='word_1_396' title='bbox 1581 3992 1714 4031; x_wconf 89' lang='lat' dir='ltr'>vero</span> <span class='ocrx_word' id='word_1_397' title='bbox 1766 3990 2097 4045; x_wconf 85' lang='lat' dir='ltr'>persuasus,</span> 
     </span>
    </p>
   </div>
   <div class='ocr_carea' id='block_1_61' title="bbox 466 4065 2098 4140">
    <p class='ocr_par' dir='ltr' id='par_1_61' title="bbox 466 4065 2098 4140">
     <span class='ocr_line' id='line_1_61' title="bbox 466 4065 2098 4140; baseline -0.001 -16"><span class='ocrx_word' id='word_1_398' title='bbox 466 4067 646 4124; x_wconf 86' lang='lat' dir='ltr'>mittit</span> <span class='ocrx_word' id='word_1_399' title='bbox 675 4068 774 4140; x_wconf 92' lang='lat' dir='ltr'>qui</span> <span class='ocrx_word' id='word_1_400' title='bbox 808 4069 999 4138; x_wconf 88' lang='lat' dir='ltr'>ipsum</span> <span class='ocrx_word' id='word_1_401' title='bbox 1031 4065 1435 4121; x_wconf 76' lang='lat' dir='ltr'>interficerent.</span> <span class='ocrx_word' id='word_1_402' title='bbox 1477 4065 1619 4121; x_wconf 89' lang='lat' dir='ltr'>Cum</span> <span class='ocrx_word' id='word_1_403' title='bbox 1653 4065 1691 4122; x_wconf 93' lang='lat' dir='ltr'>ii</span> <span class='ocrx_word' id='word_1_404' title='bbox 1747 4069 1938 4121; x_wconf 89' lang='lat' dir='ltr'>autem</span> <span class='ocrx_word' id='word_1_405' title='bbox 1980 4067 2098 4136; x_wconf 81' lang='lat' dir='ltr'>jam</span> 
     </span>
    </p>
   </div>
   <div class='ocr_carea' id='block_1_62' title="bbox 462 4155 2097 4226">
    <p class='ocr_par' dir='ltr' id='par_1_62' title="bbox 462 4155 2097 4226">
     <span class='ocr_line' id='line_1_62' title="bbox 462 4155 2097 4226; baseline 0 -14"><span class='ocrx_word' id='word_1_406' title='bbox 462 4161 636 4226; x_wconf 90' lang='lat' dir='ltr'>irent,</span> <span class='ocrx_word' id='word_1_407' title='bbox 669 4159 1041 4213; x_wconf 86' lang='lat' dir='ltr'>Constantius</span> <span class='ocrx_word' id='word_1_408' title='bbox 1071 4171 1280 4211; x_wconf 90' lang='lat' dir='ltr'>rursus</span> <span class='ocrx_word' id='word_1_409' title='bbox 1312 4159 1504 4210; x_wconf 87' lang='lat' dir='ltr'>motus</span> <span class='ocrx_word' id='word_1_410' title='bbox 1553 4162 1641 4211; x_wconf 89' lang='lat' dir='ltr'>eet</span> <span class='ocrx_word' id='word_1_411' title='bbox 1681 4155 2097 4225; x_wconf 88' lang='lat' dir='ltr'>misericordia,</span> 
     </span>
    </p>
   </div>
   <div class='ocr_carea' id='block_1_63' title="bbox 461 4244 2097 4315">
    <p class='ocr_par' dir='ltr' id='par_1_63' title="bbox 461 4244 2097 4315">
     <span class='ocr_line' id='line_1_63' title="bbox 461 4244 2097 4315; baseline -0.001 -14"><span class='ocrx_word' id='word_1_412' title='bbox 461 4251 517 4301; x_wconf 91' lang='lat' dir='ltr'>et</span> <span class='ocrx_word' id='word_1_413' title='bbox 549 4247 710 4301; x_wconf 85' lang='lat' dir='ltr'>misit</span> <span class='ocrx_word' id='word_1_414' title='bbox 743 4245 1012 4300; x_wconf 87' lang='lat' dir='ltr'>ocissime</span> <span class='ocrx_word' id='word_1_415' title='bbox 1053 4244 1294 4312; x_wconf 81' lang='lat' dir='ltr'>litteras,</span> <span class='ocrx_word' id='word_1_416' title='bbox 1329 4259 1455 4315; x_wconf 79' lang='lat' dir='ltr'>quae</span> <span class='ocrx_word' id='word_1_417' title='bbox 1486 4244 1714 4300; x_wconf 88' lang='lat' dir='ltr'>Gallum</span> <span class='ocrx_word' id='word_1_418' title='bbox 1748 4261 1780 4298; x_wconf 89' lang='lat' dir='ltr'>a</span> <span class='ocrx_word' id='word_1_419' title='bbox 1813 4248 1996 4300; x_wconf 90' lang='lat' dir='ltr'>morte</span> <span class='ocrx_word' id='word_1_420' title='bbox 2026 4245 2097 4299; x_wconf 86' lang='lat' dir='ltr'>li-</span> 
     </span>
    </p>
   </div>
   <div class='ocr_carea' id='block_1_64' title="bbox 459 4333 2095 4403">
    <p class='ocr_par' dir='ltr' id='par_1_64' title="bbox 459 4333 2095 4403">
     <span class='ocr_line' id='line_1_64' title="bbox 459 4333 2095 4403; baseline 0 -15"><span class='ocrx_word' id='word_1_421' title='bbox 459 4334 760 4389; x_wconf 90' lang='lat' dir='ltr'>berabant.</span> <span class='ocrx_word' id='word_1_422' title='bbox 822 4333 1107 4388; x_wconf 87' lang='lat' dir='ltr'>Eusebius</span> <span class='ocrx_word' id='word_1_423' title='bbox 1159 4337 1377 4399; x_wconf 88' lang='lat' dir='ltr'>autem,</span> <span class='ocrx_word' id='word_1_424' title='bbox 1411 4338 1466 4386; x_wconf 90' lang='lat' dir='ltr'>et</span> <span class='ocrx_word' id='word_1_425' title='bbox 1497 4335 1588 4400; x_wconf 91' lang='lat' dir='ltr'>qui</span> <span class='ocrx_word' id='word_1_426' title='bbox 1635 4349 1766 4388; x_wconf 90' lang='lat' dir='ltr'>cum</span> <span class='ocrx_word' id='word_1_427' title='bbox 1799 4349 1864 4388; x_wconf 92' lang='lat' dir='ltr'>eo</span> <span class='ocrx_word' id='word_1_428' title='bbox 1912 4338 2095 4403; x_wconf 88' lang='lat' dir='ltr'>erant,</span> 
     </span>
    </p>
   </div>
   <div class='ocr_carea' id='block_1_65' title="bbox 2222 1751 3875 1830">
    <p class='ocr_par' dir='ltr' id='par_1_65' title="bbox 2222 1751 3875 1830">
     <span class='ocr_line' id='line_1_65' title="bbox 2222 1751 3875 1830; baseline 0.008 -21"><span class='ocrx_word' id='word_1_429' title='bbox 2222 1756 2284 1809; x_wconf 88' lang='grc' dir='ltr'>τὸ</span> <span class='ocrx_word' id='word_1_430' title='bbox 2353 1751 2584 1827; x_wconf 81' lang='grc' dir='ltr'>συμϐὰν.</span> <span class='ocrx_word' id='word_1_431' title='bbox 2657 1757 3042 1830; x_wconf 70' lang='grc' dir='ltr'>μετάπεμπτον</span> <span class='ocrx_word' id='word_1_432' title='bbox 3104 1761 3177 1822; x_wconf 87' lang='grc' dir='ltr'>ὡς</span> <span class='ocrx_word' id='word_1_433' title='bbox 3235 1763 3424 1818; x_wconf 68' lang='grc' dir='ltr'>ἑαυτὸν</span> <span class='ocrx_word' id='word_1_434' title='bbox 3474 1764 3715 1821; x_wconf 83' lang='grc' dir='ltr'>ἐποιεῖτο</span> <span class='ocrx_word' id='word_1_435' title='bbox 3777 1771 3875 1823; x_wconf 86' lang='grc' dir='ltr'>τὸν</span> 
     </span>
    </p>
   </div>
   <div class='ocr_carea' id='block_1_66' title="bbox 2223 1843 3874 1932">
    <p class='ocr_par' dir='ltr' id='par_1_66' title="bbox 2223 1843 3874 1932">
     <span class='ocr_line' id='line_1_66' title="bbox 2223 1843 3874 1932; baseline 0.019 -34"><span class='ocrx_word' id='word_1_436' title='bbox 2223 1843 2453 1900; x_wconf 77' lang='grc' dir='ltr'>Γάλλον.</span> <span class='ocrx_word' id='word_1_437' title='bbox 2486 1847 2547 1903; x_wconf 91' lang='grc' dir='ltr'><strong>Ὀ</strong></span> <span class='ocrx_word' id='word_1_438' title='bbox 2581 1843 2637 1900; x_wconf 72' lang='grc' dir='ltr'>δὲ</span> <span class='ocrx_word' id='word_1_439' title='bbox 2667 1847 2825 1908; x_wconf 76' lang='grc' dir='ltr'>εἰδὼς</span> <span class='ocrx_word' id='word_1_440' title='bbox 2873 1849 2967 1921; x_wconf 68' lang='grc' dir='ltr'>μὲν</span> <span class='ocrx_word' id='word_1_441' title='bbox 3022 1850 3096 1911; x_wconf 83' lang='grc' dir='ltr'>ὡς</span> <span class='ocrx_word' id='word_1_442' title='bbox 3149 1851 3251 1905; x_wconf 81' lang='grc' dir='ltr'>οὐκ</span> <span class='ocrx_word' id='word_1_443' title='bbox 3300 1851 3382 1906; x_wconf 76' lang='grc' dir='ltr'>ἐπ’</span> <span class='ocrx_word' id='word_1_444' title='bbox 3431 1855 3609 1931; x_wconf 79' lang='grc' dir='ltr'>ἀγαοῷ</span> <span class='ocrx_word' id='word_1_445' title='bbox 3654 1859 3874 1932; x_wconf 70' lang='grc' dir='ltr'>τυγχά-</span> 
     </span>
    </p>
   </div>
   <div class='ocr_carea' id='block_1_67' title="bbox 2221 1917 3869 2020">
    <p class='ocr_par' dir='ltr' id='par_1_67' title="bbox 2221 1917 3869 2020">
     <span class='ocr_line' id='line_1_67' title="bbox 2221 1917 3869 2020; baseline 0.01 -34"><span class='ocrx_word' id='word_1_446' title='bbox 2221 1954 2299 1987; x_wconf 89' lang='grc' dir='ltr'>νει</span> <span class='ocrx_word' id='word_1_447' title='bbox 2330 1931 2690 2006; x_wconf 82' lang='grc' dir='ltr'>καλούμενος,</span> <span class='ocrx_word' id='word_1_448' title='bbox 2723 1935 2916 1991; x_wconf 79' lang='grc' dir='ltr'>ἐννοῶν</span> <span class='ocrx_word' id='word_1_449' title='bbox 2951 1934 3007 1991; x_wconf 72' lang='grc' dir='ltr'>δέ</span> <span class='ocrx_word' id='word_1_450' title='bbox 3035 1937 3202 1994; x_wconf 86' lang='grc' dir='ltr'>πάλιν</span> <span class='ocrx_word' id='word_1_451' title='bbox 3262 1941 3336 2003; x_wconf 85' lang='grc' dir='ltr'>ὡς</span> <span class='ocrx_word' id='word_1_452' title='bbox 3368 1940 3418 1996; x_wconf 76' lang='grc' dir='ltr'>εἴ</span> <span class='ocrx_word' id='word_1_453' title='bbox 3603 1917 3869 2020; x_wconf 43' lang='grc' dir='ltr'>βούλιοιίτο</span> 
     </span>
    </p>
   </div>
   <div class='ocr_carea' id='block_1_68' title="bbox 2225 2022 3872 2110">
    <p class='ocr_par' dir='ltr' id='par_1_68' title="bbox 2225 2022 3872 2110">
     <span class='ocr_line' id='line_1_68' title="bbox 2225 2022 3872 2110; baseline 0.009 -34"><span class='ocrx_word' id='word_1_454' title='bbox 2225 2023 2535 2090; x_wconf 75' lang='grc' dir='ltr'>ὑπακούειν,</span> <span class='ocrx_word' id='word_1_455' title='bbox 2603 2022 2854 2097; x_wconf 79' lang='grc' dir='ltr'>πόλεμον</span> <span class='ocrx_word' id='word_1_456' title='bbox 2931 2027 3132 2100; x_wconf 83' lang='grc' dir='ltr'>ἀνάγκη</span> <span class='ocrx_word' id='word_1_457' title='bbox 3229 2036 3425 2099; x_wconf 86' lang='grc' dir='ltr'>ποιεῖν,</span> <span class='ocrx_word' id='word_1_458' title='bbox 3494 2031 3640 2088; x_wconf 74' lang='grc' dir='ltr'>ὅπλα</span> <span class='ocrx_word' id='word_1_459' title='bbox 3726 2037 3872 2110; x_wconf 84' lang='grc' dir='ltr'>πρὸς</span> 
     </span>
    </p>
   </div>
   <div class='ocr_carea' id='block_1_69' title="bbox 2224 2113 3868 2199">
    <p class='ocr_par' dir='ltr' id='par_1_69' title="bbox 2224 2113 3868 2199">
     <span class='ocr_line' id='line_1_69' title="bbox 2224 2113 3868 2199; baseline 0.006 -31"><span class='ocrx_word' id='word_1_460' title='bbox 2224 2114 2592 2168; x_wconf 83' lang='grc' dir='ltr'>Κωνστάντιον</span> <span class='ocrx_word' id='word_1_461' title='bbox 2662 2113 2721 2169; x_wconf 87' lang='grc' dir='ltr'>ἐκ</span> <span class='ocrx_word' id='word_1_462' title='bbox 2785 2119 2878 2169; x_wconf 71' lang='grc' dir='ltr'>τοῦ</span> <span class='ocrx_word' id='word_1_463' title='bbox 2955 2114 3132 2179; x_wconf 74' lang='grc' dir='ltr'>εύθέος</span> <span class='ocrx_word' id='word_1_464' title='bbox 3235 2118 3522 2195; x_wconf 79' lang='grc' dir='ltr'>ἀράμενον,</span> <span class='ocrx_word' id='word_1_465' title='bbox 3625 2127 3868 2199; x_wconf 70' lang='grc' dir='ltr'>αἱρεῖταν</span> 
     </span>
    </p>
   </div>
   <div class='ocr_carea' id='block_1_70' title="bbox 2227 2199 3872 2288">
    <p class='ocr_par' dir='ltr' id='par_1_70' title="bbox 2227 2199 3872 2288">
     <span class='ocr_line' id='line_1_70' title="bbox 2227 2199 3872 2288; baseline 0.01 -34"><span class='ocrx_word' id='word_1_466' title='bbox 2227 2199 2442 2274; x_wconf 78' lang='grc' dir='ltr'>μᾶλλον</span> <span class='ocrx_word' id='word_1_467' title='bbox 2481 2204 2548 2258; x_wconf 76' lang='grc' dir='ltr'>τά</span> <span class='ocrx_word' id='word_1_468' title='bbox 2603 2211 2702 2272; x_wconf 80' lang='grc' dir='ltr'>τῆς</span> <span class='ocrx_word' id='word_1_469' title='bbox 2753 2203 2996 2280; x_wconf 71' lang='grc' dir='ltr'>εἰρήνης,</span> <span class='ocrx_word' id='word_1_470' title='bbox 3047 2209 3136 2261; x_wconf 80' lang='grc' dir='ltr'>καὶ</span> <span class='ocrx_word' id='word_1_471' title='bbox 3185 2209 3282 2276; x_wconf 76' lang='grc' dir='ltr'>τὴν</span> <span class='ocrx_word' id='word_1_472' title='bbox 3333 2217 3558 2286; x_wconf 85' lang='grc' dir='ltr'>γυναῖκα</span> <span class='ocrx_word' id='word_1_473' title='bbox 3608 2235 3872 2288; x_wconf 83' lang='grc' dir='ltr'>προαπο-</span> 
     </span>
    </p>
   </div>
   <div class='ocr_carea' id='block_1_71' title="bbox 2224 2292 3869 2373">
    <p class='ocr_par' dir='ltr' id='par_1_71' title="bbox 2224 2292 3869 2373">
     <span class='ocr_line' id='line_1_71' title="bbox 2224 2292 3869 2373; baseline 0.009 -27"><span class='ocrx_word' id='word_1_474' title='bbox 2224 2292 2438 2355; x_wconf 77' lang='grc' dir='ltr'>στείλας</span> <span class='ocrx_word' id='word_1_475' title='bbox 2504 2293 2577 2355; x_wconf 88' lang='grc' dir='ltr'>ὡς</span> <span class='ocrx_word' id='word_1_476' title='bbox 2643 2295 2732 2348; x_wconf 88' lang='grc' dir='ltr'>τὸν</span> <span class='ocrx_word' id='word_1_477' title='bbox 2797 2296 3164 2352; x_wconf 85' lang='grc' dir='ltr'>Κωνστάντιον</span> <span class='ocrx_word' id='word_1_478' title='bbox 3256 2297 3682 2373; x_wconf 78' lang='grc' dir='ltr'>ἐκμειλίξασοαι,</span> <span class='ocrx_word' id='word_1_479' title='bbox 3774 2305 3869 2360; x_wconf 81' lang='grc' dir='ltr'>καὶ</span> 
     </span>
    </p>
   </div>
   <div class='ocr_carea' id='block_1_72' title="bbox 2221 2381 3868 2463">
    <p class='ocr_par' dir='ltr' id='par_1_72' title="bbox 2221 2381 3868 2463">
     <span class='ocr_line' id='line_1_72' title="bbox 2221 2381 3868 2463; baseline 0.007 -27"><span class='ocrx_word' id='word_1_480' title='bbox 2221 2381 2378 2443; x_wconf 71' lang='grc' dir='ltr'>αὐτὸς</span> <span class='ocrx_word' id='word_1_481' title='bbox 2410 2382 2571 2456; x_wconf 76' lang='grc' dir='ltr'>ἀπῄει</span> <span class='ocrx_word' id='word_1_482' title='bbox 2604 2383 2912 2456; x_wconf 76' lang='grc' dir='ltr'>αὐτόμολος</span> <span class='ocrx_word' id='word_1_483' title='bbox 2970 2383 3023 2446; x_wconf 85' lang='grc' dir='ltr'>ἐς</span> <span class='ocrx_word' id='word_1_484' title='bbox 3070 2385 3160 2440; x_wconf 80' lang='grc' dir='ltr'>τὸν</span> <span class='ocrx_word' id='word_1_485' title='bbox 3212 2385 3474 2444; x_wconf 86' lang='grc' dir='ltr'>κίνδυνον.</span> <span class='ocrx_word' id='word_1_486' title='bbox 3526 2391 3588 2444; x_wconf 77' lang='grc' dir='ltr'>’Π</span> <span class='ocrx_word' id='word_1_487' title='bbox 3623 2392 3718 2463; x_wconf 78' lang='grc' dir='ltr'>μὲν</span> <span class='ocrx_word' id='word_1_488' title='bbox 3773 2392 3868 2448; x_wconf 81' lang='grc' dir='ltr'>οὖν</span> 
     </span>
    </p>
   </div>
   <div class='ocr_carea' id='block_1_73' title="bbox 2219 2471 3870 2555">
    <p class='ocr_par' dir='ltr' id='par_1_73' title="bbox 2219 2471 3870 2555">
     <span class='ocr_line' id='line_1_73' title="bbox 2219 2471 3870 2555; baseline 0.005 -29"><span class='ocrx_word' id='word_1_489' title='bbox 2219 2471 2558 2526; x_wconf 87' lang='grc' dir='ltr'>Κωνσταντία</span> <span class='ocrx_word' id='word_1_490' title='bbox 2650 2471 2886 2546; x_wconf 78' lang='grc' dir='ltr'>προτέρα</span> <span class='ocrx_word' id='word_1_491' title='bbox 2978 2473 3256 2547; x_wconf 78' lang='grc' dir='ltr'>ἐξώρμησε</span> <span class='ocrx_word' id='word_1_492' title='bbox 3356 2485 3711 2552; x_wconf 81' lang='grc' dir='ltr'>προεντυχεῖν</span> <span class='ocrx_word' id='word_1_493' title='bbox 3784 2488 3870 2555; x_wconf 75' lang='grc' dir='ltr'>τῷ</span> 
     </span>
    </p>
   </div>
   <div class='ocr_carea' id='block_1_74' title="bbox 2218 2555 3872 2643">
    <p class='ocr_par' dir='ltr' id='par_1_74' title="bbox 2218 2555 3872 2643">
     <span class='ocr_line' id='line_1_74' title="bbox 2218 2555 3872 2643; baseline 0.008 -32"><span class='ocrx_word' id='word_1_494' title='bbox 2218 2555 2460 2634; x_wconf 75' lang='grc' dir='ltr'>ἀδελφῷ,</span> <span class='ocrx_word' id='word_1_495' title='bbox 2491 2560 2581 2614; x_wconf 76' lang='grc' dir='ltr'>καὶ</span> <span class='ocrx_word' id='word_1_496' title='bbox 2613 2557 2874 2630; x_wconf 76' lang='grc' dir='ltr'>δεηθῆναι</span> <span class='ocrx_word' id='word_1_497' title='bbox 2923 2561 3112 2616; x_wconf 88' lang='grc' dir='ltr'>τούτου</span> <span class='ocrx_word' id='word_1_498' title='bbox 3166 2563 3294 2637; x_wconf 72' lang='grc' dir='ltr'>ὑπὲρ</span> <span class='ocrx_word' id='word_1_499' title='bbox 3339 2569 3435 2618; x_wconf 72' lang='grc' dir='ltr'>τοῦ</span> <span class='ocrx_word' id='word_1_500' title='bbox 3484 2562 3672 2638; x_wconf 80' lang='grc' dir='ltr'>ἀνδρὸς</span> <span class='ocrx_word' id='word_1_501' title='bbox 3715 2589 3872 2643; x_wconf 87' lang='grc' dir='ltr'>προ-</span> 
     </span>
    </p>
   </div>
   <div class='ocr_carea' id='block_1_75' title="bbox 2218 2648 3869 2727">
    <p class='ocr_par' dir='ltr' id='par_1_75' title="bbox 2218 2648 3869 2727">
     <span class='ocr_line' id='line_1_75' title="bbox 2218 2648 3869 2727; baseline 0.005 -28"><span class='ocrx_word' id='word_1_502' title='bbox 2218 2648 2558 2719; x_wconf 82' lang='grc' dir='ltr'>θυμουμένη,</span> <span class='ocrx_word' id='word_1_503' title='bbox 2590 2653 2685 2704; x_wconf 78' lang='grc' dir='ltr'>τοῦ</span> <span class='ocrx_word' id='word_1_504' title='bbox 2731 2652 2803 2722; x_wconf 72' lang='grc' dir='ltr'>μή</span> <span class='ocrx_word' id='word_1_505' title='bbox 2855 2671 2908 2704; x_wconf 87' lang='grc' dir='ltr'>τι</span> <span class='ocrx_word' id='word_1_506' title='bbox 2953 2651 3031 2713; x_wconf 83' lang='grc' dir='ltr'>εἰς</span> <span class='ocrx_word' id='word_1_507' title='bbox 3078 2652 3234 2706; x_wconf 74' lang='grc' dir='ltr'>αὐτὸν</span> <span class='ocrx_word' id='word_1_508' title='bbox 3291 2651 3675 2727; x_wconf 80' lang='grc' dir='ltr'>βουλεύσασθαι</span> <span class='ocrx_word' id='word_1_509' title='bbox 3717 2655 3869 2727; x_wconf 77' lang='grc' dir='ltr'>ἀνή-</span> 
     </span>
    </p>
   </div>
   <div class='ocr_carea' id='block_1_76' title="bbox 2214 2736 3869 2819">
    <p class='ocr_par' dir='ltr' id='par_1_76' title="bbox 2214 2736 3869 2819">
     <span class='ocr_line' id='line_1_76' title="bbox 2214 2736 3869 2819; baseline 0.007 -30"><span class='ocrx_word' id='word_1_510' title='bbox 2214 2756 2424 2790; x_wconf 88' lang='grc' dir='ltr'>κεστον·</span> <span class='ocrx_word' id='word_1_511' title='bbox 2494 2736 2682 2812; x_wconf 77' lang='grc' dir='ltr'>πολλῇ</span> <span class='ocrx_word' id='word_1_512' title='bbox 2743 2737 2800 2793; x_wconf 74' lang='grc' dir='ltr'>δὲ</span> <span class='ocrx_word' id='word_1_513' title='bbox 2854 2740 3133 2814; x_wconf 78' lang='grc' dir='ltr'>προθυμίᾳ</span> <span class='ocrx_word' id='word_1_514' title='bbox 3188 2741 3311 2815; x_wconf 89' lang='grc' dir='ltr'>περὶ</span> <span class='ocrx_word' id='word_1_515' title='bbox 3366 2743 3463 2810; x_wconf 71' lang='grc' dir='ltr'>τὴν</span> <span class='ocrx_word' id='word_1_516' title='bbox 3538 2741 3869 2819; x_wconf 68' lang='grc' dir='ltr'>ὁδοιπορίαν</span> 
     </span>
    </p>
   </div>
   <div class='ocr_carea' id='block_1_77' title="bbox 2217 2824 3860 2904">
    <p class='ocr_par' dir='ltr' id='par_1_77' title="bbox 2217 2824 3860 2904">
     <span class='ocr_line' id='line_1_77' title="bbox 2217 2824 3860 2904; baseline 0.007 -27"><span class='ocrx_word' id='word_1_517' title='bbox 2217 2824 2480 2900; x_wconf 78' lang='grc' dir='ltr'>χρωμένη</span> <span class='ocrx_word' id='word_1_518' title='bbox 2514 2825 2588 2888; x_wconf 72' lang='grc' dir='ltr'>είς</span> <span class='ocrx_word' id='word_1_519' title='bbox 2621 2828 2777 2883; x_wconf 83' lang='grc' dir='ltr'>νόσον</span> <span class='ocrx_word' id='word_1_520' title='bbox 2843 2828 3050 2883; x_wconf 75' lang='grc' dir='ltr'>ἐνέπεσε</span> <span class='ocrx_word' id='word_1_521' title='bbox 3103 2832 3296 2902; x_wconf 78' lang='grc' dir='ltr'>μεταξὺ</span> <span class='ocrx_word' id='word_1_522' title='bbox 3345 2831 3706 2904; x_wconf 82' lang='grc' dir='ltr'>πορευομένη,</span> <span class='ocrx_word' id='word_1_523' title='bbox 3769 2837 3860 2888; x_wconf 79' lang='grc' dir='ltr'>καί</span> 
     </span>
    </p>
   </div>
   <div class='ocr_carea' id='block_1_78' title="bbox 2214 2912 3851 2989">
    <p class='ocr_par' dir='ltr' id='par_1_78' title="bbox 2214 2912 3851 2989">
     <span class='ocr_line' id='line_1_78' title="bbox 2214 2912 3851 2989; baseline 0.003 -20"><span class='ocrx_word' id='word_1_524' title='bbox 2214 2915 2466 2977; x_wconf 80' lang='grc' dir='ltr'>Βιθυνίας</span> <span class='ocrx_word' id='word_1_525' title='bbox 2519 2912 2767 2984; x_wconf 83' lang='grc' dir='ltr'>ἐπιϐᾶσα,</span> <span class='ocrx_word' id='word_1_526' title='bbox 2834 2919 2884 2972; x_wconf 85' lang='grc' dir='ltr'>ἐν</span> <span class='ocrx_word' id='word_1_527' title='bbox 2955 2923 3178 2989; x_wconf 80' lang='grc' dir='ltr'>σταθμῷ</span> <span class='ocrx_word' id='word_1_528' title='bbox 3226 2940 3334 2972; x_wconf 88' lang='grc' dir='ltr'>τινι</span> <span class='ocrx_word' id='word_1_529' title='bbox 3387 2920 3588 2989; x_wconf 81' lang='grc' dir='ltr'>ταύτης</span> <span class='ocrx_word' id='word_1_530' title='bbox 3650 2919 3851 2976; x_wconf 86' lang='grc' dir='ltr'>Γαλλι-</span> 
     </span>
    </p>
   </div>
   <div class='ocr_carea' id='block_1_79' title="bbox 2213 3002 3840 3078">
    <p class='ocr_par' dir='ltr' id='par_1_79' title="bbox 2213 3002 3840 3078">
     <span class='ocr_line' id='line_1_79' title="bbox 2213 3002 3840 3078; baseline 0.004 -22"><span class='ocrx_word' id='word_1_531' title='bbox 2213 3003 2356 3076; x_wconf 83' lang='grc' dir='ltr'>κάνῳ</span> <span class='ocrx_word' id='word_1_532' title='bbox 2388 3002 2664 3078; x_wconf 78' lang='grc' dir='ltr'>λεγομένῳ</span> <span class='ocrx_word' id='word_1_533' title='bbox 2709 3005 2976 3069; x_wconf 73' lang='grc' dir='ltr'>ἀπέθανεν.</span> <span class='ocrx_word' id='word_1_534' title='bbox 3030 3007 3088 3062; x_wconf 90' lang='grc' dir='ltr'>Ὁ</span> <span class='ocrx_word' id='word_1_535' title='bbox 3137 3004 3192 3060; x_wconf 80' lang='grc' dir='ltr'>δὲ</span> <span class='ocrx_word' id='word_1_536' title='bbox 3255 3005 3484 3074; x_wconf 85' lang='grc' dir='ltr'>Γάλλος,</span> <span class='ocrx_word' id='word_1_537' title='bbox 3543 3009 3633 3063; x_wconf 82' lang='grc' dir='ltr'>καὶ</span> <span class='ocrx_word' id='word_1_538' title='bbox 3693 3014 3840 3064; x_wconf 72' lang='grc' dir='ltr'>τοῦτο</span> 
     </span>
    </p>
   </div>
   <div class='ocr_carea' id='block_1_80' title="bbox 2212 3089 3846 3170">
    <p class='ocr_par' dir='ltr' id='par_1_80' title="bbox 2212 3089 3846 3170">
     <span class='ocr_line' id='line_1_80' title="bbox 2212 3089 3846 3170; baseline 0.001 -24"><span class='ocrx_word' id='word_1_539' title='bbox 2212 3091 2514 3167; x_wconf 79' lang='grc' dir='ltr'>παρὰδὸξαν</span> <span class='ocrx_word' id='word_1_540' title='bbox 2574 3095 2720 3163; x_wconf 76' lang='grc' dir='ltr'>αὐτῷ</span> <span class='ocrx_word' id='word_1_541' title='bbox 2770 3089 3000 3166; x_wconf 67' lang='grc' dir='ltr'>συμϐάν,</span> <span class='ocrx_word' id='word_1_542' title='bbox 3054 3093 3294 3165; x_wconf 72' lang='grc' dir='ltr'>μεγάλην</span> <span class='ocrx_word' id='word_1_543' title='bbox 3348 3096 3634 3170; x_wconf 74' lang='grc' dir='ltr'>συμφορὰν</span> <span class='ocrx_word' id='word_1_544' title='bbox 3689 3120 3846 3168; x_wconf 81' lang='grc' dir='ltr'>ποιη-</span> 
     </span>
    </p>
   </div>
   <div class='ocr_carea' id='block_1_81' title="bbox 2213 3176 3851 3258">
    <p class='ocr_par' dir='ltr' id='par_1_81' title="bbox 2213 3176 3851 3258">
     <span class='ocr_line' id='line_1_81' title="bbox 2213 3176 3851 3258; baseline 0.007 -27"><span class='ocrx_word' id='word_1_545' title='bbox 2213 3179 2460 3251; x_wconf 82' lang='grc' dir='ltr'>σάμενος,</span> <span class='ocrx_word' id='word_1_546' title='bbox 2513 3179 2664 3250; x_wconf 82' lang='grc' dir='ltr'>ὅμως</span> <span class='ocrx_word' id='word_1_547' title='bbox 2706 3176 2791 3252; x_wconf 76' lang='grc' dir='ltr'>ᾔει</span> <span class='ocrx_word' id='word_1_548' title='bbox 2841 3181 2903 3232; x_wconf 88' lang='grc' dir='ltr'>τὸ</span> <span class='ocrx_word' id='word_1_549' title='bbox 2942 3179 3150 3252; x_wconf 83' lang='grc' dir='ltr'>πρύσω,</span> <span class='ocrx_word' id='word_1_550' title='bbox 3200 3185 3309 3235; x_wconf 88' lang='grc' dir='ltr'>τῶν</span> <span class='ocrx_word' id='word_1_551' title='bbox 3367 3179 3713 3258; x_wconf 78' lang='grc' dir='ltr'>δεδογμένων</span> <span class='ocrx_word' id='word_1_552' title='bbox 3752 3188 3851 3242; x_wconf 78' lang='grc' dir='ltr'>οὐκ</span> 
     </span>
    </p>
   </div>
   <div class='ocr_carea' id='block_1_82' title="bbox 2210 3265 3851 3349">
    <p class='ocr_par' dir='ltr' id='par_1_82' title="bbox 2210 3265 3851 3349">
     <span class='ocr_line' id='line_1_82' title="bbox 2210 3265 3851 3349; baseline 0.007 -31"><span class='ocrx_word' id='word_1_553' title='bbox 2210 3265 2569 3338; x_wconf 82' lang='grc' dir='ltr'>ἐξιστάμενος.</span> <span class='ocrx_word' id='word_1_554' title='bbox 2623 3268 2772 3322; x_wconf 76' lang='grc' dir='ltr'>Ἐπεὶ</span> <span class='ocrx_word' id='word_1_555' title='bbox 2828 3265 2882 3320; x_wconf 75' lang='grc' dir='ltr'>δὲ</span> <span class='ocrx_word' id='word_1_556' title='bbox 2932 3267 3006 3329; x_wconf 79' lang='grc' dir='ltr'>εἷς</span> <span class='ocrx_word' id='word_1_557' title='bbox 3049 3270 3328 3341; x_wconf 77' lang='grc' dir='ltr'>Νορικοὺς</span> <span class='ocrx_word' id='word_1_558' title='bbox 3377 3271 3624 3349; x_wconf 58' lang='grc' dir='ltr'>ἀφίκετο,</span> <span class='ocrx_word' id='word_1_559' title='bbox 3684 3274 3851 3330; x_wconf 78' lang='grc' dir='ltr'>πόλιν</span> 
     </span>
    </p>
   </div>
   <div class='ocr_carea' id='block_1_83' title="bbox 2207 3351 3858 3431">
    <p class='ocr_par' dir='ltr' id='par_1_83' title="bbox 2207 3351 3858 3431">
     <span class='ocr_line' id='line_1_83' title="bbox 2207 3351 3858 3431; baseline 0.008 -25"><span class='ocrx_word' id='word_1_560' title='bbox 2207 3353 2379 3407; x_wconf 72' lang='grc' dir='ltr'>αὐτῶν</span> <span class='ocrx_word' id='word_1_561' title='bbox 2442 3351 2830 3410; x_wconf 81' lang='grc' dir='ltr'>Πυταϐιώτατα</span> <span class='ocrx_word' id='word_1_562' title='bbox 2887 3355 3255 3431; x_wconf 83' lang='grc' dir='ltr'>καλουμένην,</span> <span class='ocrx_word' id='word_1_563' title='bbox 3333 3359 3560 3426; x_wconf 76' lang='grc' dir='ltr'>ἐνταῦθα</span> <span class='ocrx_word' id='word_1_564' title='bbox 3630 3361 3697 3431; x_wconf 71' lang='grc' dir='ltr'>δὴ</span> <span class='ocrx_word' id='word_1_565' title='bbox 3749 3365 3858 3419; x_wconf 77' lang='grc' dir='ltr'>ἀπὸ</span> 
     </span>
    </p>
   </div>
   <div class='ocr_carea' id='block_1_84' title="bbox 2205 3440 3856 3528">
    <p class='ocr_par' dir='ltr' id='par_1_84' title="bbox 2205 3440 3856 3528">
     <span class='ocr_line' id='line_1_84' title="bbox 2205 3440 3856 3528; baseline 0.006 -31"><span class='ocrx_word' id='word_1_566' title='bbox 2205 3440 2559 3498; x_wconf 76' lang='grc' dir='ltr'>Μεδιολάνων</span> <span class='ocrx_word' id='word_1_567' title='bbox 2628 3444 3036 3518; x_wconf 86' lang='grc' dir='ltr'>καταπέμπεται</span> <span class='ocrx_word' id='word_1_568' title='bbox 3141 3449 3441 3524; x_wconf 72' lang='grc' dir='ltr'>στρατηγὸς</span> <span class='ocrx_word' id='word_1_569' title='bbox 3523 3448 3856 3528; x_wconf 62' lang='grc' dir='ltr'>Βαρϐατίων,</span> 
     </span>
    </p>
   </div>
   <div class='ocr_carea' id='block_1_85' title="bbox 2211 3532 3854 3614">
    <p class='ocr_par' dir='ltr' id='par_1_85' title="bbox 2211 3532 3854 3614">
     <span class='ocr_line' id='line_1_85' title="bbox 2211 3532 3854 3614; baseline 0.005 -26"><span class='ocrx_word' id='word_1_570' title='bbox 2211 3532 2321 3588; x_wconf 82' lang='grc' dir='ltr'>ἐκεῖ</span> <span class='ocrx_word' id='word_1_571' title='bbox 2383 3538 2479 3588; x_wconf 76' lang='grc' dir='ltr'>τοῦ</span> <span class='ocrx_word' id='word_1_572' title='bbox 2542 3533 2910 3589; x_wconf 80' lang='grc' dir='ltr'>Κωνσταντίου</span> <span class='ocrx_word' id='word_1_573' title='bbox 2977 3536 3036 3589; x_wconf 83' lang='grc' dir='ltr'>τὸ</span> <span class='ocrx_word' id='word_1_574' title='bbox 3103 3542 3398 3606; x_wconf 74' lang='grc' dir='ltr'>τηνικαῦτα</span> <span class='ocrx_word' id='word_1_575' title='bbox 3461 3541 3854 3614; x_wconf 76' lang='grc' dir='ltr'>τυγγάνοντος,</span> 
     </span>
    </p>
   </div>
   <div class='ocr_carea' id='block_1_86' title="bbox 2211 3623 3857 3703">
    <p class='ocr_par' dir='ltr' id='par_1_86' title="bbox 2211 3623 3857 3703">
     <span class='ocr_line' id='line_1_86' title="bbox 2211 3623 3857 3703; baseline 0.004 -26"><span class='ocrx_word' id='word_1_576' title='bbox 2211 3624 2270 3684; x_wconf 79' lang='grc' dir='ltr'>ὃς</span> <span class='ocrx_word' id='word_1_577' title='bbox 2299 3624 2390 3677; x_wconf 84' lang='grc' dir='ltr'>τὸν</span> <span class='ocrx_word' id='word_1_578' title='bbox 2431 3623 2643 3679; x_wconf 76' lang='grc' dir='ltr'>Γάλλον</span> <span class='ocrx_word' id='word_1_579' title='bbox 2699 3623 3004 3702; x_wconf 57' lang='grc' dir='ltr'>ἀφαιρεῖται</span> <span class='ocrx_word' id='word_1_580' title='bbox 3060 3631 3160 3694; x_wconf 73' lang='grc' dir='ltr'>τῆς</span> <span class='ocrx_word' id='word_1_581' title='bbox 3217 3625 3566 3703; x_wconf 82' lang='grc' dir='ltr'>ἀλουργίδος,</span> <span class='ocrx_word' id='word_1_582' title='bbox 3626 3629 3714 3683; x_wconf 81' lang='grc' dir='ltr'>καὶ</span> <span class='ocrx_word' id='word_1_583' title='bbox 3775 3630 3857 3693; x_wconf 76' lang='grc' dir='ltr'>εἷς</span> 
     </span>
    </p>
   </div>
   <div class='ocr_carea' id='block_1_87' title="bbox 2215 3710 3856 3786">
    <p class='ocr_par' dir='ltr' id='par_1_87' title="bbox 2215 3710 3856 3786">
     <span class='ocr_line' id='line_1_87' title="bbox 2215 3710 3856 3786; baseline 0.005 -20"><span class='ocrx_word' id='word_1_584' title='bbox 2215 3710 2438 3782; x_wconf 77' lang='grc' dir='ltr'>ἰδιώτην</span> <span class='ocrx_word' id='word_1_585' title='bbox 2510 3714 2926 3785; x_wconf 77' lang='grc' dir='ltr'>μετασκευάσας,</span> <span class='ocrx_word' id='word_1_586' title='bbox 3022 3712 3290 3786; x_wconf 77' lang='grc' dir='ltr'>ἐξόριστον</span> <span class='ocrx_word' id='word_1_587' title='bbox 3371 3717 3531 3770; x_wconf 70' lang='grc' dir='ltr'>αὐτὸν</span> <span class='ocrx_word' id='word_1_588' title='bbox 3600 3715 3674 3778; x_wconf 77' lang='grc' dir='ltr'>ε’ίς</span> <span class='ocrx_word' id='word_1_589' title='bbox 3731 3741 3856 3774; x_wconf 80' lang='grc' dir='ltr'>τινα</span> 
     </span>
    </p>
   </div>
   <div class='ocr_carea' id='block_1_88' title="bbox 2211 3800 3852 3872">
    <p class='ocr_par' dir='ltr' id='par_1_88' title="bbox 2211 3800 3852 3872">
     <span class='ocr_line' id='line_1_88' title="bbox 2211 3800 3852 3872; baseline 0.004 -19"><span class='ocrx_word' id='word_1_590' title='bbox 2211 3807 2373 3867; x_wconf 74' lang='grc' dir='ltr'>νῆσον</span> <span class='ocrx_word' id='word_1_591' title='bbox 2405 3807 2503 3868; x_wconf 75' lang='grc' dir='ltr'>τῆς</span> <span class='ocrx_word' id='word_1_592' title='bbox 2536 3800 2846 3872; x_wconf 80' lang='grc' dir='ltr'>Δαλματίας</span> <span class='ocrx_word' id='word_1_593' title='bbox 2885 3803 3196 3871; x_wconf 82' lang='grc' dir='ltr'>κατέστησε.</span> <span class='ocrx_word' id='word_1_594' title='bbox 3249 3806 3357 3859; x_wconf 76' lang='grc' dir='ltr'>Τοῦ</span> <span class='ocrx_word' id='word_1_595' title='bbox 3407 3802 3620 3859; x_wconf 73' lang='grc' dir='ltr'>Γάλλου</span> <span class='ocrx_word' id='word_1_596' title='bbox 3672 3804 3727 3860; x_wconf 75' lang='grc' dir='ltr'>δέ</span> <span class='ocrx_word' id='word_1_597' title='bbox 3774 3808 3852 3868; x_wconf 77' lang='grc' dir='ltr'>εἷς</span> 
     </span>
    </p>
   </div>
   <div class='ocr_carea' id='block_1_89' title="bbox 2207 3888 3854 3966">
    <p class='ocr_par' dir='ltr' id='par_1_89' title="bbox 2207 3888 3854 3966">
     <span class='ocr_line' id='line_1_89' title="bbox 2207 3888 3854 3966; baseline 0.006 -24"><span class='ocrx_word' id='word_1_598' title='bbox 2207 3897 2307 3958; x_wconf 81' lang='grc' dir='ltr'>την</span> <span class='ocrx_word' id='word_1_599' title='bbox 2338 3896 2501 3956; x_wconf 76' lang='grc' dir='ltr'>νῆσον</span> <span class='ocrx_word' id='word_1_600' title='bbox 2536 3891 2863 3964; x_wconf 74' lang='grc' dir='ltr'>ἀφιγμένου,</span> <span class='ocrx_word' id='word_1_601' title='bbox 2898 3888 3157 3953; x_wconf 82' lang='grc' dir='ltr'>Εὐσέϐιος</span> <span class='ocrx_word' id='word_1_602' title='bbox 3192 3893 3219 3946; x_wconf 97' lang='lat'>6</span> <span class='ocrx_word' id='word_1_603' title='bbox 3251 3893 3531 3966; x_wconf 75' lang='grc' dir='ltr'>εὐνοῦχος,</span> <span class='ocrx_word' id='word_1_604' title='bbox 3565 3897 3591 3948; x_wconf 88' lang='grc' dir='ltr'>ὁ</span> <span class='ocrx_word' id='word_1_605' title='bbox 3623 3899 3723 3964; x_wconf 74' lang='grc' dir='ltr'>τήν</span> <span class='ocrx_word' id='word_1_606' title='bbox 3755 3903 3854 3952; x_wconf 71' lang='grc' dir='ltr'>τοῦ</span> 
     </span>
    </p>
   </div>
   <div class='ocr_carea' id='block_1_90' title="bbox 2207 3975 3855 4058">
    <p class='ocr_par' dir='ltr' id='par_1_90' title="bbox 2207 3975 3855 4058">
     <span class='ocr_line' id='line_1_90' title="bbox 2207 3975 3855 4058; baseline 0.005 -27"><span class='ocrx_word' id='word_1_607' title='bbox 2207 3979 2574 4052; x_wconf 84' lang='grc' dir='ltr'>πραιποσίτου</span> <span class='ocrx_word' id='word_1_608' title='bbox 2637 3979 2760 4032; x_wconf 81' lang='grc' dir='ltr'>τότε</span> <span class='ocrx_word' id='word_1_609' title='bbox 2824 3982 2994 4052; x_wconf 78' lang='grc' dir='ltr'>τιμὴν</span> <span class='ocrx_word' id='word_1_610' title='bbox 3053 3975 3220 4055; x_wconf 78' lang='grc' dir='ltr'>ἔχων,</span> <span class='ocrx_word' id='word_1_611' title='bbox 3277 3982 3367 4035; x_wconf 77' lang='grc' dir='ltr'>καὶ</span> <span class='ocrx_word' id='word_1_612' title='bbox 3420 3984 3470 4036; x_wconf 72' lang='grc' dir='ltr'>οἱ</span> <span class='ocrx_word' id='word_1_613' title='bbox 3529 3985 3618 4038; x_wconf 80' lang='grc' dir='ltr'>σὺν</span> <span class='ocrx_word' id='word_1_614' title='bbox 3681 3985 3855 4058; x_wconf 75' lang='grc' dir='ltr'>αὐτῷ,</span> 
     </span>
    </p>
   </div>
   <div class='ocr_carea' id='block_1_91' title="bbox 2207 4068 3852 4144">
    <p class='ocr_par' dir='ltr' id='par_1_91' title="bbox 2207 4068 3852 4144">
     <span class='ocr_line' id='line_1_91' title="bbox 2207 4068 3852 4144; baseline 0.006 -24"><span class='ocrx_word' id='word_1_615' title='bbox 2207 4068 2452 4130; x_wconf 80' lang='grc' dir='ltr'>πείθουσι</span> <span class='ocrx_word' id='word_1_616' title='bbox 2510 4068 2883 4123; x_wconf 88' lang='grc' dir='ltr'>Κωνστάντιον</span> <span class='ocrx_word' id='word_1_617' title='bbox 2937 4070 3012 4130; x_wconf 86' lang='grc' dir='ltr'>ὡς</span> <span class='ocrx_word' id='word_1_618' title='bbox 3058 4070 3292 4143; x_wconf 77' lang='grc' dir='ltr'>τάχιστα</span> <span class='ocrx_word' id='word_1_619' title='bbox 3347 4070 3556 4125; x_wconf 85' lang='grc' dir='ltr'>Γάλλον</span> <span class='ocrx_word' id='word_1_620' title='bbox 3617 4078 3852 4144; x_wconf 68' lang='grc' dir='ltr'>ποιησα-</span> 
     </span>
    </p>
   </div>
   <div class='ocr_carea' id='block_1_92' title="bbox 2209 4153 3850 4229">
    <p class='ocr_par' dir='ltr' id='par_1_92' title="bbox 2209 4153 3850 4229">
     <span class='ocr_line' id='line_1_92' title="bbox 2209 4153 3850 4229; baseline 0.006 -21"><span class='ocrx_word' id='word_1_621' title='bbox 2209 4167 2328 4209; x_wconf 76' lang='grc' dir='ltr'>συαι</span> <span class='ocrx_word' id='word_1_622' title='bbox 2361 4153 2624 4210; x_wconf 84' lang='grc' dir='ltr'>ἐκποδών·</span> <span class='ocrx_word' id='word_1_623' title='bbox 2688 4157 2714 4210; x_wconf 89' lang='grc' dir='ltr'>ὁ</span> <span class='ocrx_word' id='word_1_624' title='bbox 2771 4154 2826 4210; x_wconf 77' lang='grc' dir='ltr'>δὲ</span> <span class='ocrx_word' id='word_1_625' title='bbox 2892 4157 3128 4221; x_wconf 84' lang='grc' dir='ltr'>πεισθεὶς</span> <span class='ocrx_word' id='word_1_626' title='bbox 3186 4159 3388 4229; x_wconf 86' lang='grc' dir='ltr'>πέμπει</span> <span class='ocrx_word' id='word_1_627' title='bbox 3438 4159 3560 4220; x_wconf 77' lang='grc' dir='ltr'>τοὺς</span> <span class='ocrx_word' id='word_1_628' title='bbox 3621 4162 3850 4218; x_wconf 82' lang='grc' dir='ltr'>ἀποκτε-</span> 
     </span>
    </p>
   </div>
   <div class='ocr_carea' id='block_1_93' title="bbox 2207 4245 3845 4324">
    <p class='ocr_par' dir='ltr' id='par_1_93' title="bbox 2207 4245 3845 4324">
     <span class='ocr_line' id='line_1_93' title="bbox 2207 4245 3845 4324; baseline 0.005 -24"><span class='ocrx_word' id='word_1_629' title='bbox 2207 4251 2428 4322; x_wconf 67' lang='grc' dir='ltr'>νοῦντας</span> <span class='ocrx_word' id='word_1_630' title='bbox 2459 4246 2639 4316; x_wconf 74' lang='grc' dir='ltr'>αὐτὸν,</span> <span class='ocrx_word' id='word_1_631' title='bbox 2671 4249 2759 4302; x_wconf 85' lang='grc' dir='ltr'>καὶ</span> <span class='ocrx_word' id='word_1_632' title='bbox 2791 4245 2898 4317; x_wconf 74' lang='grc' dir='ltr'>ἤδη</span> <span class='ocrx_word' id='word_1_633' title='bbox 2949 4249 3154 4302; x_wconf 87' lang='grc' dir='ltr'>τούτων</span> <span class='ocrx_word' id='word_1_634' title='bbox 3210 4247 3628 4324; x_wconf 68' lang='grc' dir='ltr'>ἀφικνουμένων,</span> <span class='ocrx_word' id='word_1_635' title='bbox 3676 4252 3845 4308; x_wconf 83' lang='grc' dir='ltr'>πάλιν</span> 
     </span>
    </p>
   </div>
   <div class='ocr_carea' id='block_1_94' title="bbox 2207 4333 3845 4414">
    <p class='ocr_par' dir='ltr' id='par_1_94' title="bbox 2207 4333 3845 4414">
     <span class='ocr_line' id='line_1_94' title="bbox 2207 4333 3845 4414; baseline 0.005 -25"><span class='ocrx_word' id='word_1_636' title='bbox 2207 4337 2234 4389; x_wconf 90' lang='grc' dir='ltr'>ὁ</span> <span class='ocrx_word' id='word_1_637' title='bbox 2287 4335 2654 4398; x_wconf 69' lang='grc' dir='ltr'>Κωνστάντςος</span> <span class='ocrx_word' id='word_1_638' title='bbox 2723 4337 2796 4398; x_wconf 76' lang='grc' dir='ltr'>εἰς</span> <span class='ocrx_word' id='word_1_639' title='bbox 2862 4333 3015 4391; x_wconf 78' lang='grc' dir='ltr'>ἔλεον</span> <span class='ocrx_word' id='word_1_640' title='bbox 3087 4333 3418 4409; x_wconf 67' lang='grc' dir='ltr'>μετεϐλήθη,</span> <span class='ocrx_word' id='word_1_641' title='bbox 3485 4340 3572 4393; x_wconf 84' lang='grc' dir='ltr'>καὶ</span> <span class='ocrx_word' id='word_1_642' title='bbox 3641 4341 3845 4414; x_wconf 87' lang='grc' dir='ltr'>πέμπει</span> 
     </span>
    </p>
   </div>
   <div class='ocr_carea' id='block_1_95' title="bbox 458 4411 2100 4500">
    <p class='ocr_par' dir='ltr' id='par_1_95' title="bbox 458 4419 2096 4494">
     <span class='ocr_line' id='line_1_95' title="bbox 458 4419 2096 4494; baseline -0.001 -17"><span class='ocrx_word' id='word_1_643' title='bbox 458 4423 813 4494; x_wconf 89' lang='lat' dir='ltr'>persuadent</span> <span class='ocrx_word' id='word_1_644' title='bbox 868 4421 1241 4490; x_wconf 88' lang='lat' dir='ltr'>Magistrano,</span> <span class='ocrx_word' id='word_1_645' title='bbox 1277 4419 1374 4488; x_wconf 91' lang='lat' dir='ltr'>qui</span> <span class='ocrx_word' id='word_1_646' title='bbox 1417 4420 1774 4487; x_wconf 86' lang='lat' dir='ltr'>mittebatur,</span> <span class='ocrx_word' id='word_1_647' title='bbox 1806 4435 1878 4474; x_wconf 89' lang='lat' dir='ltr'>ne</span> <span class='ocrx_word' id='word_1_648' title='bbox 1935 4423 2096 4491; x_wconf 89' lang='lat' dir='ltr'>prius</span> 
     </span>
    </p>
   </div>
   <div class='ocr_carea' id='block_1_96' title="bbox 2212 4411 3845 4500">
    <p class='ocr_par' dir='ltr' id='par_1_96' title="bbox 2212 4422 3845 4500">
     <span class='ocr_line' id='line_1_96' title="bbox 2212 4422 3845 4500; baseline 0.005 -23"><span class='ocrx_word' id='word_1_649' title='bbox 2212 4422 2510 4500; x_wconf 70' lang='grc' dir='ltr'>διὰταχέων</span> <span class='ocrx_word' id='word_1_650' title='bbox 2540 4429 2839 4498; x_wconf 78' lang='grc' dir='ltr'>γράμματα</span> <span class='ocrx_word' id='word_1_651' title='bbox 2868 4426 2957 4478; x_wconf 87' lang='grc' dir='ltr'>τὸν</span> <span class='ocrx_word' id='word_1_652' title='bbox 2995 4425 3204 4481; x_wconf 83' lang='grc' dir='ltr'>Γάλλαν</span> <span class='ocrx_word' id='word_1_653' title='bbox 3248 4430 3344 4481; x_wconf 74' lang='grc' dir='ltr'>τοῦ</span> <span class='ocrx_word' id='word_1_654' title='bbox 3399 4429 3603 4492; x_wconf 82' lang='grc' dir='ltr'>πάθους</span> <span class='ocrx_word' id='word_1_655' title='bbox 3648 4429 3845 4485; x_wconf 83' lang='grc' dir='ltr'>ἀνακα-</span> 
     </span>
    </p>
   </div>
   <div class='ocr_carea' id='block_1_97' title="bbox 456 4505 2092 4576">
    <p class='ocr_par' dir='ltr' id='par_1_97' title="bbox 456 4505 2092 4576">
     <span class='ocr_line' id='line_1_97' title="bbox 456 4505 2092 4576; baseline -0.001 -13"><span class='ocrx_word' id='word_1_656' title='bbox 456 4508 674 4565; x_wconf 87' lang='lat' dir='ltr'>veniret</span> <span class='ocrx_word' id='word_1_657' title='bbox 712 4508 782 4562; x_wconf 89' lang='lat' dir='ltr'>ad</span> <span class='ocrx_word' id='word_1_658' title='bbox 824 4506 1214 4561; x_wconf 84' lang='lat' dir='ltr'>ostendendae</span> <span class='ocrx_word' id='word_1_659' title='bbox 1266 4505 1507 4572; x_wconf 86' lang='lat' dir='ltr'>litteras,</span> <span class='ocrx_word' id='word_1_660' title='bbox 1543 4522 1721 4576; x_wconf 90' lang='lat' dir='ltr'>quam</span> <span class='ocrx_word' id='word_1_661' title='bbox 1779 4508 2092 4562; x_wconf 80' lang='lat' dir='ltr'>audivisset</span> 
     </span>
    </p>
   </div>
   <div class='ocr_carea' id='block_1_98' title="bbox 457 4592 2088 4666">
    <p class='ocr_par' dir='ltr' id='par_1_98' title="bbox 457 4592 2088 4666">
     <span class='ocr_line' id='line_1_98' title="bbox 457 4592 2088 4666; baseline -0.003 -13"><span class='ocrx_word' id='word_1_662' title='bbox 457 4597 690 4653; x_wconf 89' lang='lat' dir='ltr'>Gallum</span> <span class='ocrx_word' id='word_1_663' title='bbox 724 4595 901 4650; x_wconf 79' lang='lat' dir='ltr'>fuisse</span> <span class='ocrx_word' id='word_1_664' title='bbox 921 4595 992 4648; x_wconf 89' lang='lat' dir='ltr'>de</span> <span class='ocrx_word' id='word_1_665' title='bbox 1024 4593 1213 4648; x_wconf 89' lang='lat' dir='ltr'>medio</span> <span class='ocrx_word' id='word_1_666' title='bbox 1243 4592 1561 4648; x_wconf 85' lang='lat' dir='ltr'>sublatum.</span> <span class='ocrx_word' id='word_1_667' title='bbox 1596 4594 1725 4649; x_wconf 67' lang='lat' dir='ltr'>Haec</span> <span class='ocrx_word' id='word_1_668' title='bbox 1757 4594 1908 4650; x_wconf 78' lang='lat' dir='ltr'>facta</span> <span class='ocrx_word' id='word_1_669' title='bbox 1937 4605 2088 4666; x_wconf 83' lang='lat' dir='ltr'>sunt,</span> 
     </span>
    </p>
   </div>
   <div class='ocr_carea' id='block_1_99' title="bbox 458 4683 1273 4746">
    <p class='ocr_par' dir='ltr' id='par_1_99' title="bbox 458 4683 1273 4746">
     <span class='ocr_line' id='line_1_99' title="bbox 458 4683 1273 4746; baseline -0.006 -3"><span class='ocrx_word' id='word_1_670' title='bbox 458 4693 516 4746; x_wconf 90' lang='lat' dir='ltr'>et</span> <span class='ocrx_word' id='word_1_671' title='bbox 547 4685 750 4744; x_wconf 86' lang='lat' dir='ltr'>Gallus</span> <span class='ocrx_word' id='word_1_672' title='bbox 773 4683 884 4740; x_wconf 84' lang='lat' dir='ltr'>fuit</span> <span class='ocrx_word' id='word_1_673' title='bbox 913 4683 1273 4739; x_wconf 80' lang='lat' dir='ltr'>interfectus.</span> 
     </span>
    </p>
   </div>
   <div class='ocr_carea' id='block_1_100' title="bbox 526 4862 2087 4937">
    <p class='ocr_par' dir='ltr' id='par_1_100' title="bbox 526 4862 2087 4937">
     <span class='ocr_line' id='line_1_100' title="bbox 526 4862 2087 4937; baseline 0.001 -17"><span class='ocrx_word' id='word_1_674' title='bbox 526 4868 679 4923; x_wconf 84' lang='lat' dir='ltr'>Vlll.</span> <span class='ocrx_word' id='word_1_675' title='bbox 719 4863 1093 4922; x_wconf 87' lang='lat' dir='ltr'>Constantius</span> <span class='ocrx_word' id='word_1_676' title='bbox 1120 4868 1314 4919; x_wconf 88' lang='lat' dir='ltr'>autem</span> <span class='ocrx_word' id='word_1_677' title='bbox 1347 4862 1588 4930; x_wconf 88' lang='lat' dir='ltr'>veritus,</span> <span class='ocrx_word' id='word_1_678' title='bbox 1624 4863 1773 4934; x_wconf 91' lang='lat' dir='ltr'>quod</span> <span class='ocrx_word' id='word_1_679' title='bbox 1807 4881 1919 4920; x_wconf 90' lang='lat' dir='ltr'>non</span> <span class='ocrx_word' id='word_1_680' title='bbox 1954 4882 2087 4937; x_wconf 89' lang='lat' dir='ltr'>pos-</span> 
     </span>
    </p>
   </div>
   <div class='ocr_carea' id='block_1_101' title="bbox 456 4953 2087 5024">
    <p class='ocr_par' dir='ltr' id='par_1_101' title="bbox 456 4953 2087 5024">
     <span class='ocr_line' id='line_1_101' title="bbox 456 4953 2087 5024; baseline 0.001 -14"><span class='ocrx_word' id='word_1_681' title='bbox 456 4961 543 5010; x_wconf 89' lang='lat' dir='ltr'>set</span> <span class='ocrx_word' id='word_1_682' title='bbox 573 4956 733 5012; x_wconf 89' lang='lat' dir='ltr'>solus</span> <span class='ocrx_word' id='word_1_683' title='bbox 791 4959 981 5010; x_wconf 89' lang='lat' dir='ltr'>totum</span> <span class='ocrx_word' id='word_1_684' title='bbox 1033 4969 1226 5024; x_wconf 88' lang='lat' dir='ltr'>regere</span> <span class='ocrx_word' id='word_1_685' title='bbox 1274 4953 1608 5024; x_wconf 89' lang='lat' dir='ltr'>imperium,</span> <span class='ocrx_word' id='word_1_686' title='bbox 1659 4953 1907 5010; x_wconf 87' lang='lat' dir='ltr'>maxime</span> <span class='ocrx_word' id='word_1_687' title='bbox 1955 4973 2087 5012; x_wconf 92' lang='lat' dir='ltr'>cum</span> 
     </span>
    </p>
   </div>
   <div class='ocr_carea' id='block_1_102' title="bbox 455 5041 2088 5113">
    <p class='ocr_par' dir='ltr' id='par_1_102' title="bbox 455 5041 2088 5113">
     <span class='ocr_line' id='line_1_102' title="bbox 455 5041 2088 5113; baseline 0.001 -16"><span class='ocrx_word' id='word_1_688' title='bbox 455 5043 620 5111; x_wconf 86' lang='lat' dir='ltr'>Galli,</span> <span class='ocrx_word' id='word_1_689' title='bbox 671 5044 903 5113; x_wconf 90' lang='lat' dir='ltr'>quando</span> <span class='ocrx_word' id='word_1_690' title='bbox 953 5043 1183 5108; x_wconf 83' lang='lat' dir='ltr'>vellent,</span> <span class='ocrx_word' id='word_1_691' title='bbox 1217 5041 1654 5113; x_wconf 86' lang='lat' dir='ltr'>promptissime</span> <span class='ocrx_word' id='word_1_692' title='bbox 1708 5042 2088 5099; x_wconf 85' lang='lat' dir='ltr'>incilarentur</span> 
     </span>
    </p>
   </div>
   <div class='ocr_carea' id='block_1_103' title="bbox 449 5131 2084 5203">
    <p class='ocr_par' dir='ltr' id='par_1_103' title="bbox 449 5131 2084 5203">
     <span class='ocr_line' id='line_1_103' title="bbox 449 5131 2084 5203; baseline 0.003 -18"><span class='ocrx_word' id='word_1_693' title='bbox 449 5132 730 5187; x_wconf 89' lang='lat' dir='ltr'>adversus</span> <span class='ocrx_word' id='word_1_694' title='bbox 785 5133 1120 5201; x_wconf 90' lang='lat' dir='ltr'>imperium,</span> <span class='ocrx_word' id='word_1_695' title='bbox 1151 5139 1274 5188; x_wconf 86' lang='lat' dir='ltr'>tam</span> <span class='ocrx_word' id='word_1_696' title='bbox 1332 5136 1567 5203; x_wconf 87' lang='lat' dir='ltr'>propter</span> <span class='ocrx_word' id='word_1_697' title='bbox 1621 5131 1773 5188; x_wconf 86' lang='lat' dir='ltr'>vires</span> <span class='ocrx_word' id='word_1_698' title='bbox 1805 5136 2084 5203; x_wconf 89' lang='lat' dir='ltr'>corporis,</span> 
     </span>
    </p>
   </div>
   <div class='ocr_carea' id='block_1_104' title="bbox 447 5219 2086 5292">
    <p class='ocr_par' dir='ltr' id='par_1_104' title="bbox 447 5219 2086 5292">
     <span class='ocr_line' id='line_1_104' title="bbox 447 5219 2086 5292; baseline 0.004 -21"><span class='ocrx_word' id='word_1_699' title='bbox 447 5235 624 5287; x_wconf 89' lang='lat' dir='ltr'>quam</span> <span class='ocrx_word' id='word_1_700' title='bbox 658 5224 894 5288; x_wconf 86' lang='lat' dir='ltr'>propter</span> <span class='ocrx_word' id='word_1_701' title='bbox 923 5219 1220 5276; x_wconf 88' lang='lat' dir='ltr'>levitatem</span> <span class='ocrx_word' id='word_1_702' title='bbox 1253 5221 1740 5292; x_wconf 87' lang='lat' dir='ltr'>animorum,jam</span> <span class='ocrx_word' id='word_1_703' title='bbox 1766 5222 2086 5278; x_wconf 78' lang='lat' dir='ltr'>ducebatur</span> 
     </span>
    </p>
   </div>
   <div class='ocr_carea' id='block_1_105' title="bbox 444 5305 2082 5373">
    <p class='ocr_par' dir='ltr' id='par_1_105' title="bbox 444 5305 2082 5373">
     <span class='ocr_line' id='line_1_105' title="bbox 444 5305 2082 5373; baseline 0.006 -17"><span class='ocrx_word' id='word_1_704' title='bbox 444 5305 805 5371; x_wconf 83' lang='lat' dir='ltr'>pcenitentia,</span> <span class='ocrx_word' id='word_1_705' title='bbox 841 5308 993 5373; x_wconf 92' lang='lat' dir='ltr'>quod</span> <span class='ocrx_word' id='word_1_706' title='bbox 1031 5309 1259 5362; x_wconf 85' lang='lat' dir='ltr'>Gallum</span> <span class='ocrx_word' id='word_1_707' title='bbox 1294 5310 1363 5364; x_wconf 90' lang='lat' dir='ltr'>de</span> <span class='ocrx_word' id='word_1_708' title='bbox 1406 5311 1596 5365; x_wconf 90' lang='lat' dir='ltr'>medio</span> <span class='ocrx_word' id='word_1_709' title='bbox 1627 5309 1980 5366; x_wconf 86' lang='lat' dir='ltr'>sustulisset.</span> <span class='ocrx_word' id='word_1_710' title='bbox 2015 5313 2082 5366; x_wconf 85' lang='lat' dir='ltr'>Et</span> 
     </span>
    </p>
   </div>
   <div class='ocr_carea' id='block_1_106' title="bbox 442 5395 2078 5468">
    <p class='ocr_par' dir='ltr' id='par_1_106' title="bbox 442 5395 2078 5468">
     <span class='ocr_line' id='line_1_106' title="bbox 442 5395 2078 5468; baseline 0.009 -28"><span class='ocrx_word' id='word_1_711' title='bbox 442 5406 576 5443; x_wconf 90' lang='lat' dir='ltr'>cum</span> <span class='ocrx_word' id='word_1_712' title='bbox 635 5395 960 5455; x_wconf 82' lang='lat' dir='ltr'>reputasset</span> <span class='ocrx_word' id='word_1_713' title='bbox 1017 5411 1135 5461; x_wconf 87' lang='lat' dir='ltr'>eos,</span> <span class='ocrx_word' id='word_1_714' title='bbox 1170 5396 1268 5464; x_wconf 89' lang='lat' dir='ltr'>qui</span> <span class='ocrx_word' id='word_1_715' title='bbox 1324 5402 1465 5452; x_wconf 90' lang='lat' dir='ltr'>sunt</span> <span class='ocrx_word' id='word_1_716' title='bbox 1511 5413 1716 5467; x_wconf 82' lang='lat' dir='ltr'>genere</span> <span class='ocrx_word' id='word_1_717' title='bbox 1745 5401 2078 5468; x_wconf 66' lang='lat' dir='ltr'>ieonjuncti,</span> 
     </span>
    </p>
   </div>
   <div class='ocr_carea' id='block_1_107' title="bbox 441 5475 2078 5559">
    <p class='ocr_par' dir='ltr' id='par_1_107' title="bbox 441 5475 2078 5559">
     <span class='ocr_line' id='line_1_107' title="bbox 441 5475 2078 5559; baseline 0.009 -29"><span class='ocrx_word' id='word_1_718' title='bbox 441 5490 569 5530; x_wconf 83' lang='lat' dir='ltr'>esse</span> <span class='ocrx_word' id='word_1_719' title='bbox 613 5475 867 5530; x_wconf 84' lang='lat' dir='ltr'>externis</span> <span class='ocrx_word' id='word_1_720' title='bbox 917 5482 974 5533; x_wconf 91' lang='lat' dir='ltr'>et</span> <span class='ocrx_word' id='word_1_721' title='bbox 1007 5480 1209 5536; x_wconf 88' lang='lat' dir='ltr'>alienis</span> <span class='ocrx_word' id='word_1_722' title='bbox 1251 5481 1424 5555; x_wconf 88' lang='lat' dir='ltr'>longe</span> <span class='ocrx_word' id='word_1_723' title='bbox 1462 5487 1706 5542; x_wconf 84' lang='lat' dir='ltr'>tutiores</span> <span class='ocrx_word' id='word_1_724' title='bbox 1738 5488 1809 5544; x_wconf 86' lang='lat' dir='ltr'>ad</span> <span class='ocrx_word' id='word_1_725' title='bbox 1843 5489 1956 5559; x_wconf 82' lang='lat' dir='ltr'>regi</span> <span class='ocrx_word' id='word_1_726' title='bbox 1990 5506 2078 5545; x_wconf 85' lang='lat' dir='ltr'>so-</span> 
     </span>
    </p>
   </div>
   <div class='ocr_carea' id='block_1_108' title="bbox 2203 4509 3841 4589">
    <p class='ocr_par' dir='ltr' id='par_1_108' title="bbox 2203 4509 3841 4589">
     <span class='ocr_line' id='line_1_108' title="bbox 2203 4509 3841 4589; baseline 0.006 -24"><span class='ocrx_word' id='word_1_727' title='bbox 2203 4510 2487 4585; x_wconf 86' lang='grc' dir='ltr'>λούμενος.</span> <span class='ocrx_word' id='word_1_728' title='bbox 2533 4517 2590 4570; x_wconf 71' lang='grc' dir='ltr'><strong>Ὀ</strong></span> <span class='ocrx_word' id='word_1_729' title='bbox 2623 4510 2679 4566; x_wconf 78' lang='grc' dir='ltr'>δὲ</span> <span class='ocrx_word' id='word_1_730' title='bbox 2730 4509 2984 4576; x_wconf 81' lang='grc' dir='ltr'>Εὐσέϐιος</span> <span class='ocrx_word' id='word_1_731' title='bbox 3029 4514 3116 4568; x_wconf 85' lang='grc' dir='ltr'>καὶ</span> <span class='ocrx_word' id='word_1_732' title='bbox 3168 4515 3219 4568; x_wconf 79' lang='grc' dir='ltr'>οἱ</span> <span class='ocrx_word' id='word_1_733' title='bbox 3271 4514 3360 4569; x_wconf 76' lang='grc' dir='ltr'>σὺν</span> <span class='ocrx_word' id='word_1_734' title='bbox 3403 4515 3550 4589; x_wconf 81' lang='grc' dir='ltr'>αύτῷ</span> <span class='ocrx_word' id='word_1_735' title='bbox 3597 4519 3841 4583; x_wconf 84' lang='grc' dir='ltr'>πείθουσι</span> 
     </span>
    </p>
   </div>
   <div class='ocr_carea' id='block_1_109' title="bbox 2199 4600 3830 4678">
    <p class='ocr_par' dir='ltr' id='par_1_109' title="bbox 2199 4600 3830 4678">
     <span class='ocr_line' id='line_1_109' title="bbox 2199 4600 3830 4678; baseline 0.004 -24"><span class='ocrx_word' id='word_1_736' title='bbox 2199 4602 2290 4655; x_wconf 79' lang='grc' dir='ltr'>τὸν</span> <span class='ocrx_word' id='word_1_737' title='bbox 2322 4600 2631 4677; x_wconf 66' lang='grc' dir='ltr'>πεμφθέντα</span> <span class='ocrx_word' id='word_1_738' title='bbox 2670 4602 3086 4675; x_wconf 84' lang='grc' dir='ltr'>Μαγιστριανὸν,</span> <span class='ocrx_word' id='word_1_739' title='bbox 3125 4605 3201 4676; x_wconf 83' lang='grc' dir='ltr'>μὴ</span> <span class='ocrx_word' id='word_1_740' title='bbox 3253 4604 3512 4678; x_wconf 69' lang='grc' dir='ltr'>πρότερον</span> <span class='ocrx_word' id='word_1_741' title='bbox 3562 4605 3830 4676; x_wconf 74' lang='grc' dir='ltr'>ἐπιστῆναι</span> 
     </span>
    </p>
   </div>
   <div class='ocr_carea' id='block_1_110' title="bbox 2202 4688 3832 4766">
    <p class='ocr_par' dir='ltr' id='par_1_110' title="bbox 2202 4688 3832 4766">
     <span class='ocr_line' id='line_1_110' title="bbox 2202 4688 3832 4766; baseline 0.006 -22"><span class='ocrx_word' id='word_1_742' title='bbox 2202 4688 2478 4746; x_wconf 76' lang='grc' dir='ltr'>δεικνύντα</span> <span class='ocrx_word' id='word_1_743' title='bbox 2530 4691 2591 4744; x_wconf 81' lang='grc' dir='ltr'>τὸ</span> <span class='ocrx_word' id='word_1_744' title='bbox 2650 4691 2898 4764; x_wconf 89' lang='grc' dir='ltr'>γράμμα.</span> <span class='ocrx_word' id='word_1_745' title='bbox 2966 4690 3090 4766; x_wconf 74' lang='grc' dir='ltr'>πρῗν</span> <span class='ocrx_word' id='word_1_746' title='bbox 3150 4691 3208 4747; x_wconf 79' lang='grc' dir='ltr'>ἄν</span> <span class='ocrx_word' id='word_1_747' title='bbox 3299 4693 3544 4758; x_wconf 85' lang='grc' dir='ltr'>πύθοιτο,</span> <span class='ocrx_word' id='word_1_748' title='bbox 3627 4698 3832 4753; x_wconf 76' lang='grc' dir='ltr'>Γάλλον</span> 
     </span>
    </p>
   </div>
   <div class='ocr_carea' id='block_1_111' title="bbox 2199 4777 3836 4855">
    <p class='ocr_par' dir='ltr' id='par_1_111' title="bbox 2199 4777 3836 4855">
     <span class='ocr_line' id='line_1_111' title="bbox 2199 4777 3836 4855; baseline 0.005 -22"><span class='ocrx_word' id='word_1_749' title='bbox 2199 4777 2562 4853; x_wconf 80' lang='grc' dir='ltr'>ἀνῃρημένον.</span> <span class='ocrx_word' id='word_1_750' title='bbox 2598 4778 2843 4854; x_wconf 83' lang='grc' dir='ltr'>Ἐγένετο</span> <span class='ocrx_word' id='word_1_751' title='bbox 2872 4783 3060 4849; x_wconf 76' lang='grc' dir='ltr'>ταῦτα,</span> <span class='ocrx_word' id='word_1_752' title='bbox 3094 4781 3184 4836; x_wconf 80' lang='grc' dir='ltr'>καὶ</span> <span class='ocrx_word' id='word_1_753' title='bbox 3225 4783 3253 4837; x_wconf 86' lang='grc' dir='ltr'>ὁ</span> <span class='ocrx_word' id='word_1_754' title='bbox 3295 4781 3508 4845; x_wconf 83' lang='grc' dir='ltr'>Γάλλος</span> <span class='ocrx_word' id='word_1_755' title='bbox 3551 4783 3836 4855; x_wconf 67' lang='grc' dir='ltr'>ἐτεθνήκει.</span> 
     </span>
    </p>
   </div>
   <div class='ocr_carea' id='block_1_112' title="bbox 2271 4863 3841 4949">
    <p class='ocr_par' dir='ltr' id='par_1_112' title="bbox 2271 4863 3841 4949">
     <span class='ocr_line' id='line_1_112' title="bbox 2271 4863 3841 4949; baseline 0.005 -28"><span class='ocrx_word' id='word_1_756' title='bbox 2271 4870 2346 4922; x_wconf 85' lang='grc'>11’.</span> <span class='ocrx_word' id='word_1_757' title='bbox 2379 4868 2439 4922; x_wconf 75' lang='grc' dir='ltr'><strong>Ὀ</strong></span> <span class='ocrx_word' id='word_1_758' title='bbox 2471 4863 2527 4920; x_wconf 79' lang='grc' dir='ltr'>δὲ</span> <span class='ocrx_word' id='word_1_759' title='bbox 2576 4868 2946 4930; x_wconf 87' lang='grc' dir='ltr'>Κωνστάντιος</span> <span class='ocrx_word' id='word_1_760' title='bbox 3005 4869 3126 4941; x_wconf 78' lang='grc' dir='ltr'>περὶ</span> <span class='ocrx_word' id='word_1_761' title='bbox 3175 4877 3293 4933; x_wconf 84' lang='grc' dir='ltr'>τοῖς</span> <span class='ocrx_word' id='word_1_762' title='bbox 3329 4873 3615 4949; x_wconf 87' lang='grc' dir='ltr'>πράγμασι</span> <span class='ocrx_word' id='word_1_763' title='bbox 3665 4873 3841 4939; x_wconf 84' lang='grc' dir='ltr'>δείσας</span> 
     </span>
    </p>
   </div>
   <div class='ocr_carea' id='block_1_113' title="bbox 2201 4951 3838 5042">
    <p class='ocr_par' dir='ltr' id='par_1_113' title="bbox 2201 4951 3838 5042">
     <span class='ocr_line' id='line_1_113' title="bbox 2201 4951 3838 5042; baseline 0.007 -35"><span class='ocrx_word' id='word_1_764' title='bbox 2201 4956 2276 5026; x_wconf 83' lang='grc' dir='ltr'><strong>μή</strong></span> <span class='ocrx_word' id='word_1_765' title='bbox 2346 4955 2454 5029; x_wconf 80' lang='grc' dir='ltr'>οὐχ</span> <span class='ocrx_word' id='word_1_766' title='bbox 2507 4951 2622 5015; x_wconf 80' lang='grc' dir='ltr'>οἷός</span> <span class='ocrx_word' id='word_1_767' title='bbox 2679 4958 2802 5027; x_wconf 74' lang='grc' dir='ltr'>τεῇ</span> <span class='ocrx_word' id='word_1_768' title='bbox 2836 4959 3001 5029; x_wconf 82' lang='grc' dir='ltr'>μόνος</span> <span class='ocrx_word' id='word_1_769' title='bbox 3061 4958 3272 5030; x_wconf 85' lang='grc' dir='ltr'>ἀπάσης</span> <span class='ocrx_word' id='word_1_770' title='bbox 3333 4962 3465 5016; x_wconf 76' lang='grc' dir='ltr'>εἶναι</span> <span class='ocrx_word' id='word_1_771' title='bbox 3514 4969 3614 5032; x_wconf 75' lang='grc' dir='ltr'>τῆς</span> <span class='ocrx_word' id='word_1_772' title='bbox 3658 4965 3838 5042; x_wconf 76' lang='grc' dir='ltr'>ἀρχῆς</span> 
     </span>
    </p>
   </div>
   <div class='ocr_carea' id='block_1_114' title="bbox 2198 5027 3836 5122">
    <p class='ocr_par' dir='ltr' id='par_1_114' title="bbox 2198 5027 3836 5122">
     <span class='ocr_line' id='line_1_114' title="bbox 2198 5027 3836 5122; baseline 0.006 -24"><span class='ocrx_word' id='word_1_773' title='bbox 2198 5043 2484 5118; x_wconf 62' lang='grc' dir='ltr'>ἐγκρατὴς,</span> <span class='ocrx_word' id='word_1_774' title='bbox 2525 5041 2710 5106; x_wconf 75' lang='grc' dir='ltr'>ἄλλως</span> <span class='ocrx_word' id='word_1_775' title='bbox 2759 5067 2817 5100; x_wconf 87' lang='grc' dir='ltr'>τε</span> <span class='ocrx_word' id='word_1_776' title='bbox 2866 5044 2922 5100; x_wconf 76' lang='grc' dir='ltr'>δὲ</span> <span class='ocrx_word' id='word_1_777' title='bbox 2972 5047 3061 5101; x_wconf 80' lang='grc' dir='ltr'>καὶ</span> <span class='ocrx_word' id='word_1_778' title='bbox 3114 5051 3221 5102; x_wconf 90' lang='grc' dir='ltr'>τῶν</span> <span class='ocrx_word' id='word_1_779' title='bbox 3280 5049 3560 5115; x_wconf 84' lang='grc' dir='ltr'>Γαλατῶν,</span> <span class='ocrx_word' id='word_1_780' title='bbox 3610 5027 3836 5122; x_wconf 54' lang='grc' dir='ltr'>ὀξύτάτά</span> 
     </span>
    </p>
   </div>
   <div class='ocr_carea' id='block_1_115' title="bbox 2192 5133 3833 5216">
    <p class='ocr_par' dir='ltr' id='par_1_115' title="bbox 2192 5133 3833 5216">
     <span class='ocr_line' id='line_1_115' title="bbox 2192 5133 3833 5216; baseline 0.007 -30"><span class='ocrx_word' id='word_1_781' title='bbox 2192 5154 2248 5187; x_wconf 88' lang='grc' dir='ltr'>τε</span> <span class='ocrx_word' id='word_1_782' title='bbox 2311 5135 2401 5188; x_wconf 84' lang='grc' dir='ltr'>καὶ</span> <span class='ocrx_word' id='word_1_783' title='bbox 2478 5133 2640 5189; x_wconf 84' lang='grc' dir='ltr'>ὁπότε</span> <span class='ocrx_word' id='word_1_784' title='bbox 2704 5143 3103 5210; x_wconf 82' lang='grc' dir='ltr'>προθυμηθεῖεν</span> <span class='ocrx_word' id='word_1_785' title='bbox 3197 5137 3271 5200; x_wconf 81' lang='grc' dir='ltr'>εἷς</span> <span class='ocrx_word' id='word_1_786' title='bbox 3343 5142 3440 5202; x_wconf 81' lang='grc' dir='ltr'>τὰς</span> <span class='ocrx_word' id='word_1_787' title='bbox 3521 5142 3833 5216; x_wconf 83' lang='grc' dir='ltr'>τυραννίδας</span> 
     </span>
    </p>
   </div>
   <div class='ocr_carea' id='block_1_116' title="bbox 2193 5221 3837 5309">
    <p class='ocr_par' dir='ltr' id='par_1_116' title="bbox 2193 5221 3837 5309">
     <span class='ocr_line' id='line_1_116' title="bbox 2193 5221 3837 5309; baseline 0.006 -32"><span class='ocrx_word' id='word_1_788' title='bbox 2193 5221 2568 5296; x_wconf 86' lang='grc' dir='ltr'>ἐγειρομένων,</span> <span class='ocrx_word' id='word_1_789' title='bbox 2621 5221 2712 5278; x_wconf 84' lang='grc' dir='ltr'>διά</span> <span class='ocrx_word' id='word_1_790' title='bbox 2761 5245 2818 5278; x_wconf 87' lang='grc' dir='ltr'>τε</span> <span class='ocrx_word' id='word_1_791' title='bbox 2865 5226 3120 5298; x_wconf 82' lang='grc' dir='ltr'>σώματος</span> <span class='ocrx_word' id='word_1_792' title='bbox 3164 5226 3321 5302; x_wconf 75' lang='grc' dir='ltr'>ἰσχὺν</span> <span class='ocrx_word' id='word_1_793' title='bbox 3380 5231 3467 5283; x_wconf 81' lang='grc' dir='ltr'>καὶ</span> <span class='ocrx_word' id='word_1_794' title='bbox 3522 5231 3837 5309; x_wconf 72' lang='grc' dir='ltr'>κουφότητα</span> 
     </span>
    </p>
   </div>
   <div class='ocr_carea' id='block_1_117' title="bbox 2191 5312 3836 5389">
    <p class='ocr_par' dir='ltr' id='par_1_117' title="bbox 2191 5312 3836 5389">
     <span class='ocr_line' id='line_1_117' title="bbox 2191 5312 3836 5389; baseline 0.006 -25"><span class='ocrx_word' id='word_1_795' title='bbox 2191 5312 2552 5388; x_wconf 69' lang='grc' dir='ltr'>φρονημάτων</span> <span class='ocrx_word' id='word_1_796' title='bbox 2595 5312 2920 5386; x_wconf 84' lang='grc' dir='ltr'>μετεμέλετο</span> <span class='ocrx_word' id='word_1_797' title='bbox 2970 5312 3078 5384; x_wconf 75' lang='grc' dir='ltr'>ἤδη</span> <span class='ocrx_word' id='word_1_798' title='bbox 3140 5315 3231 5370; x_wconf 86' lang='grc' dir='ltr'>τὸν</span> <span class='ocrx_word' id='word_1_799' title='bbox 3285 5315 3491 5371; x_wconf 76' lang='grc' dir='ltr'>Γάλλον</span> <span class='ocrx_word' id='word_1_800' title='bbox 3538 5318 3836 5389; x_wconf 78' lang='grc' dir='ltr'>ὑπεξελὼν,</span> 
     </span>
    </p>
   </div>
   <div class='ocr_carea' id='block_1_118' title="bbox 2187 5399 3834 5479">
    <p class='ocr_par' dir='ltr' id='par_1_118' title="bbox 2187 5399 3834 5479">
     <span class='ocr_line' id='line_1_118' title="bbox 2187 5399 3834 5479; baseline 0.005 -24"><span class='ocrx_word' id='word_1_801' title='bbox 2187 5401 2276 5455; x_wconf 83' lang='grc' dir='ltr'>καὶ</span> <span class='ocrx_word' id='word_1_802' title='bbox 2309 5399 2691 5475; x_wconf 80' lang='grc' dir='ltr'>λογισάμενος,</span> <span class='ocrx_word' id='word_1_803' title='bbox 2721 5402 2783 5455; x_wconf 88' lang='grc' dir='ltr'>τὸ</span> <span class='ocrx_word' id='word_1_804' title='bbox 2819 5403 3071 5479; x_wconf 72' lang='grc' dir='ltr'>συγγενὲς</span> <span class='ocrx_word' id='word_1_805' title='bbox 3107 5409 3202 5458; x_wconf 72' lang='grc' dir='ltr'>τοῦ</span> <span class='ocrx_word' id='word_1_806' title='bbox 3254 5405 3461 5461; x_wconf 81' lang='grc' dir='ltr'>ὀθνείου</span> <span class='ocrx_word' id='word_1_807' title='bbox 3508 5406 3594 5461; x_wconf 82' lang='grc' dir='ltr'>καὶ</span> <span class='ocrx_word' id='word_1_808' title='bbox 3648 5407 3834 5464; x_wconf 83' lang='grc' dir='ltr'>ἀλλο-</span> 
     </span>
    </p>
   </div>
   <div class='ocr_carea' id='block_1_119' title="bbox 2185 5488 3836 5569">
    <p class='ocr_par' dir='ltr' id='par_1_119' title="bbox 2185 5488 3836 5569">
     <span class='ocr_line' id='line_1_119' title="bbox 2185 5488 3836 5569; baseline 0.006 -26"><span class='ocrx_word' id='word_1_809' title='bbox 2185 5494 2374 5564; x_wconf 73' lang='grc' dir='ltr'>γενοῦς</span> <span class='ocrx_word' id='word_1_810' title='bbox 2430 5488 2824 5567; x_wconf 70' lang='grc' dir='ltr'>ἀσφαλέστερον</span> <span class='ocrx_word' id='word_1_811' title='bbox 2880 5492 3010 5546; x_wconf 72' lang='grc' dir='ltr'>εἶναι</span> <span class='ocrx_word' id='word_1_812' title='bbox 3086 5497 3276 5567; x_wconf 84' lang='grc' dir='ltr'>μακρῷ</span> <span class='ocrx_word' id='word_1_813' title='bbox 3333 5496 3466 5569; x_wconf 84' lang='grc' dir='ltr'>πρὸς</span> <span class='ocrx_word' id='word_1_814' title='bbox 3546 5498 3836 5554; x_wconf 86' lang='grc' dir='ltr'>κοινωνίαν</span> 
     </span>
    </p>
   </div>
  </div>
