4128 6274
284 398 439 458 1169

1491 403 1961 466 MABTYRIUM
2005 411 2070 468 S.
2117 409 2468 472 ARTEMII.

3519 424 3676 483 11Ἶο

271 561 373 624 τῆς
437 555 742 630 βασιλείας,
789 555 1086 612 Ἰουλιανὸν
1133 557 1225 612 τὸν
1275 555 1510 637 ἀδελφὸν
1558 565 1655 615 τοῦ
1715 562 1910 619 Γάλλοι

2041 568 2333 640 cietatem,
2359 571 2659 628 Julianum
2711 575 2942 632 fratrem
2972 577 3118 634 Galli
3149 594 3216 635 ex
3247 578 3402 636 lonia
3430 583 3674 638 accersi-

271 643 330 698 ἐκ
357 651 458 714 τῆς
517 644 725 706 Ἰωνίας
779 647 1270 721 μεταπεμψάμενος
1326 647 1378 701 ἐν
1431 653 1500 723 τῇ
1550 647 1929 722 Μεδιολάνων,

280 733 525 808 Καίσαρα
580 731 942 800 ἀναδείκνυσι,
1003 734 1094 788 καὶ
1149 736 1248 803 τὴν
1312 734 1554 815 ἀδελφὴν
1627 739 1772 812 αὐτῷ
1828 744 1930 810 τήν

275 822 466 877 ἑαυτοῦ
542 822 770 893 Ἑλένην
841 823 918 886 εἷς
991 824 1168 897 γάμον
1241 822 1452 897 ἐκδοὺς,
1511 827 1600 881 καὶ
1649 829 1714 882 τά
1767 829 1930 884 πιστά

276 913 414 986 πρὸς
473 910 632 967 αὐτὸν
688 911 1056 986 ποιησάμενον
1114 917 1307 968 τοῦτον
1362 916 1454 987 μὲν
1510 913 1802 990 ἐξέπεμψεν
1851 919 1928 980 εἷς

273 1002 370 1063 τὰς
419 1001 683 1070 Γαλλίας,
745 999 962 1075 φύλακα
1007 1009 1112 1071 τῆς
1177 1001 1348 1058 ἐκεῖσε
1409 1003 1690 1079 βασιλείας
1740 1005 1923 1080 ἐσόμε·

274 1111 390 1159 νον,
426 1090 585 1151 αὐτὸς
618 1088 674 1146 δὲ
701 1090 777 1152 εἷς
809 1090 1118 1165 Ἰλλυριοὺς
1149 1091 1476 1171 ἀφικόμενος
1509 1094 1560 1148 έν
1589 1099 1667 1167 τῷ
1713 1095 1926 1168 Σιρμίῳ

275 1177 477 1253 διῆγεν.
527 1181 790 1242 Ἀκούσας
846 1177 903 1235 δὲ
951 1181 1034 1235 ὅτι
1075 1181 1127 1236 οἱ
1176 1182 1340 1256 πέραν
1388 1183 1603 1255 Ἴστρου
1652 1179 1926 1256 Βάρϐαροι

279 1269 577 1343 μέλλουσιν
617 1269 1015 1346 ἐπιστρατεύειν
1062 1276 1130 1346 τῇ
1178 1272 1463 1345 Ῥωμαίων
1495 1273 1666 1348 ἀρχῇ,
1719 1275 1926 1348 ἀπάρας

279 1359 384 1413 ἀπὸ
412 1363 510 1414 τοῦ
557 1359 793 1432 Σιρμίου
843 1361 918 1420 εἷς
975 1360 1067 1414 τὸν
1122 1362 1333 1435 Ἵστρον
1397 1356 1574 1432 διέϐη.
1635 1361 1733 1416 Καὶ
1791 1366 1925 1437 πρὸς

275 1448 416 1521 αὐτῇ
447 1451 516 1521 τῇ
562 1446 704 1522 ὄχθῃ
763 1449 960 1527 χρόνον
1014 1449 1112 1504 οὒκ
1152 1448 1340 1526 ὀλίγον
1391 1452 1649 1522 ποιήσας,
1698 1449 1814 1505 ἐπεὶ
1861 1452 1928 1507 τά

269 1543 378 1592 τῶν
443 1533 733 1613 βαρϐάρων
781 1541 1006 1611 ἠρεμεῖν
1079 1538 1345 1612 ἐμάνθανε
1394 1541 1559 1596 πάλιν
1619 1544 1922 1614 συνήματα,

271 1625 360 1681 ἐπὶ
392 1628 490 1696 τήν
521 1633 738 1700 Θρᾳκην
780 1625 1015 1697 ἤλαυνεν
1064 1627 1233 1691 αὖθις.
1286 1635 1371 1691 Ὠς
1424 1628 1480 1684 δὲ
1529 1629 1578 1684 ἐν
1640 1627 1925 1704 Ὀδρυσοῖς

270 1714 534 1791 ἐτύγχανε
583 1718 845 1792 γεγονὼς,
899 1712 1027 1772 ἔνθα
1073 1717 1237 1772 πόλιν
1287 1719 1496 1781 κτίσας.
1563 1717 1846 1794 Ἀδριανὸς
1895 1721 1921 1774 ὁ

277 1805 532 1880 βασιλεὺς
593 1809 693 1876 τὴν
750 1808 939 1861 ἑαυτοῦ
992 1806 1355 1863 καταλέλοιπε
1411 1813 1490 1880 τῷ
1547 1810 1700 1881 τόπῳ
1757 1827 1924 1882 προσ-

273 1894 520 1970 ηγορίαν,
565 1893 791 1960 ἐπύθετο
841 1898 977 1971 πρός
1027 1918 1176 1960 τινος
1217 1902 1326 1951 τῶν
1376 1895 1706 1966 ἐπισκόπων,
1753 1899 1826 1960 ὡς
1857 1898 1924 1953 τά
1954 1937 2008 2001 Β

333 1985 345 2001 ,
602 1989 626 2000 ..
794 1989 821 2000 ..
883 1986 924 2001 υ
1088 1990 1115 2000 ..
1170 1987 1182 2000 .
1348 1985 1388 2001 ,κ
1559 1988 1603 2001 ..
1664 1983 1687 2001 τι
1735 1986 1744 2001 .

278 1985 506 2057 σώματα
562 1989 669 2039 τῶν
727 1989 825 2039 τοῦ
882 1986 1118 2061 Χριστοῦ
1159 1985 1500 2058 ἀποστόλων,
1559 1983 1817 2061 Ἀνδρέου
1866 2008 1924 2042 τε

278 2075 370 2129 καὶ
436 2077 640 2144 Λουκᾶ,
710 2073 764 2130 ἐν
849 2075 1054 2150 Ἀχαΐᾳ
1143 2077 1451 2149 τεθαμμένα
1538 2075 1922 2151 τυγχάνουσιν,

267 2161 524 2238 Ἀνδρέου
559 2163 652 2236 μὲν
714 2162 765 2218 έν
819 2165 1075 2238 Πάτραις,
1130 2171 1312 2220 Λουκᾶ
1359 2162 1416 2220 δὲ
1465 2165 1514 2219 ἐν
1563 2161 1768 2235 Θήϐαις
1823 2173 1921 2235 τῆς

271 2251 566 2314 Βοιωτίας.
624 2257 710 2314 Ὠς
755 2251 847 2306 οὖν
895 2251 1124 2322 ἤκουσεν
1172 2255 1200 2307 6
1255 2252 1507 2328 βασιλεὺς
1559 2257 1724 2309 ταῦτα
1773 2261 1922 2308 Κων-

271 2339 543 2408 στάντιος,
593 2337 735 2409 ἥσθη
794 2361 852 2396 τε
908 2345 988 2412 τῷ
1044 2339 1198 2417 λόγῳ
1263 2341 1355 2396 καὶ
1411 2341 1645 2417 ἐπιμέγα
1703 2337 1920 2413 ἐϐόησε,

269 2430 357 2482 καὶ
434 2429 571 2502 πρὸς
636 2428 766 2490 τοὺς
831 2429 1102 2504 παρόντας
1203 2430 1358 2509 φησὶ,
1465 2430 1738 2488 Καλέσατέ
1825 2453 1920 2503 μοι

266 2519 361 2572 τὸν
404 2518 568 2594 φίλον
620 2519 932 2593 Ἀρτέμιον·
983 2522 1085 2574 τοῦ
1135 2515 1192 2573 δὲ
1237 2519 1410 2593 τάχος
1457 2520 1918 2594 παραγενομένου,

276 2606 572 2685 Συγχαίρω
625 2628 733 2679 σοι,
788 2601 914 2687 ἔφη,
965 2605 1172 2682 ἀνδρῶν
1219 2609 1468 2664 ἀπάντων
1517 2607 1916 2677 θεοφιλέστατε.

274 2697 337 2754 Ὀ
369 2693 426 2750 δὲ
447 2698 581 2771 πρὸς
621 2696 803 2754 αὐτόν.
854 2698 958 2752 Καὶ
999 2696 1118 2768 εἴης
1167 2719 1262 2771 μοι
1303 2698 1533 2773 χαίρων,
1583 2697 1628 2752 ὦ
1671 2697 1916 2772 βασιλεῦ,

277 2783 592 2855 διαπαντὸς,
622 2787 712 2840 καὶ
765 2788 841 2858 μή
895 2785 1027 2840 ποτέ
1075 2807 1132 2841 σε
1179 2791 1285 2841 τῶν
1337 2786 1602 2860 λυπηρῶν
1653 2808 1706 2840 τι
1749 2808 1917 2842 κατα-

279 2872 541 2948 λήψοιτο.
587 2875 684 2931 Καὶ
717 2875 744 2928 6
791 2873 1071 2948 βασιλεὺς,
1117 2879 1304 2944 Ζητεῖς
1353 2872 1410 2928 δέ
1449 2896 1500 2928 τι
1543 2875 1915 2948 χαριέστερον,

275 2958 321 3013 ὧ
352 2959 526 3038 φίλων
554 2959 758 3037 ἄριστε,
789 2967 888 3031 τῆς
927 2965 1035 3016 τῶν
1070 2963 1340 3035 σωμάτων
1385 2966 1494 3016 τῶν
1542 2965 1638 3015 τοῦ
1686 2963 1915 3036 Χριστοῦ

273 3049 593 3107 ἀποστόλων
655 3050 956 3126 εὕρέσεως;
1014 3051 1104 3106 καὶ
1155 3052 1182 3106 6
1229 3049 1396 3126 μέγας
1469 3049 1776 3124 Ἀρτέμιος⁴
1822 3050 1917 3114 Τίς

271 3140 362 3196 καὶ
410 3141 596 3205 πόθεν.
637 3141 682 3195 ὦ
713 3139 964 3214 δέσποτα,
1015 3142 1042 3196 6
1090 3144 1280 3196 τοῦτον
1326 3143 1462 3214 ἡμῖν
1507 3141 1598 3195 τὸν
1648 3141 1914 3214 θησαυρὸν

276 3231 592 3307 φανερώσας
620 3231 718 3298 τήν
770 3231 1008 3304 σήμερον
1035 3249 1048 3300 ;
1100 3228 1204 3287 Καὶ
1236 3230 1264 3284 6
1286 3233 1674 3292 Κωνστάντιος.
1723 3231 1782 3286 Ὁ
1812 3235 1911 3298 τῆς

275 3320 528 3396 ’Λχαΐας,
578 3316 702 3397 ἔφη,
762 3318 1078 3388 ἒπίσκοπος,
1138 3321 1165 3374 6
1222 3323 1313 3375 νῦν
1369 3319 1638 3398 ἐφορεύων
1699 3319 1749 3374 έν
1800 3320 1911 3376 Πά-

268 3431 444 3485 τραις.
477 3410 636 3466 Ἀλλ’
680 3407 856 3477 ἄπιθι,
907 3407 1114 3481 ἀνδρῶν
1150 3407 1349 3484 ἄριστε,
1396 3411 1483 3464 καὶ
1524 3411 1587 3465 τὸ
1633 3409 1804 3486 τάχος
1853 3409 1908 3464 ἐν

270 3498 846 3556 Κωνσταντινουπόλει
917 3520 1013 3572 μοι
1104 3501 1203 3569 τὴν
1293 3500 1500 3555 τούτων
1567 3496 1906 3570 ἀνακομιδήν

260 3588 501 3658 ποίησον.
569 3593 744 3644 Ταῦτα
824 3587 1055 3650 ἀκούσας
1137 3589 1284 3662 παρὰ
1362 3592 1458 3643 τοῦ
1546 3586 1812 3663 βασιλέως
1880 3589 1908 3642 6

265 3682 455 3756 μέγας,
503 3681 602 3748 τήν
659 3677 746 3732 ἐπὶ
804 3678 933 3739 τοὺς
999 3676 1340 3738 ἀποστόλους
1407 3675 1529 3731 ὁδὸν
1594 3676 1906 3750 ἐπορεύετο,

259 3768 328 3822 τὰ
356 3768 562 3822 τούτων
592 3764 931 3839 ἀνακομίσιυν
976 3766 1104 3841 ἅγια
1156 3764 1405 3840 λείψανα,
1435 3765 1468 3819 ἃ
1499 3763 1564 3836 δή
1616 3769 1705 3821 καὶ
1757 3766 1906 3840 μάλα

259 3856 573 3931 θαυμασίως
627 3857 1119 3929 ἀνακομισάμενος,
1175 3855 1226 3909 έν
1290 3859 1370 3928 τῷ
1417 3857 1545 3930 παρ’
1593 3855 1758 3910 αὐτοῦ
1807 3861 1904 3911 τοῦ

257 3945 633 4002 Κωνπάντίου
682 3943 742 3999 ἐκ
787 3945 1000 4020 βάθρων
1051 3941 1463 4014 οἷκοδοληθέντι
1515 3949 1642 4017 ναῷ,
1694 3943 1781 4000 ἐπὶ
1823 3943 1904 4018 τῷ

246 4040 356 4091 τῶν
389 4033 710 4090 ἀποστόλων
769 4034 1014 4108 ὀνόματι,
1061 4033 1205 4107 παρὰ
1248 4038 1326 4106 τῷ
1354 4039 1450 4089 τοῦ
1497 4034 1699 4109 πατρὸς
1745 4036 1901 4112 τάφῳ

255 4128 424 4179 ταῦτα
479 4123 757 4193 κατέθετο,
812 4123 900 4179 καὶ
956 4123 1117 4200 γέρας
1175 4145 1237 4201 γε
1294 4124 1439 4196 αὐτῷ
1493 4131 1592 4193 τῆς
1651 4122 1900 4197 λειτουρ-

257 4213 381 4291 γίας
412 4215 440 4269 6
475 4212 753 4291 βασιλεὺς,
786 4211 1082 4284 δεηθέντων
1112 4218 1221 4268 τῶν
1266 4213 1599 4283 ἐπισκόπων,
1647 4213 1746 4280 τήν
1798 4219 1899 4280 τῆς

257 4302 534 4377 Αἰγύπτου
591 4301 862 4377 παρέσχεν
922 4302 1121 4376 ἀρχήν.
1182 4304 1447 4362 Τοιοῦτος
1499 4300 1590 4354 καὶ
1638 4301 1744 4374 πρὸ
1790 4305 1896 4354 τῶν

256 4398 356 4460 τῆς
426 4391 722 4466 μαρτυρίας
786 4391 1013 4466 ἀγώνων
1111 4389 1354 4463 ὑπῆρχεν
1435 4387 1748 4463 Ἀρτέμιος,
1807 4390 1895 4444 καὶ

259 4479 403 4535 οὕτω
429 4480 575 4554 παρά
601 4484 762 4533 πᾶσιν
793 4475 1090 4552 αἰδέσιμος.

325 4569 399 4625 6'.
459 4566 780 4641 Ἐπορεύετο
841 4567 934 4641 μὲν
995 4563 1087 4622 οῦν
1146 4567 1176 4622 6
1235 4562 1397 4643 μέγας
1454 4567 1741 4642 Ἀρτέμιος
1795 4570 1893 4638 τήν

2040 660 2161 712 tum
2203 659 2620 730 Mediolanum,
2667 668 2824 718 creat
2870 665 3188 735 Caesarem;
3222 673 3279 723 et
3325 685 3458 724 cum
3507 685 3672 727 suam

2041 763 2298 804 sororem
2323 749 2597 806 Helenam
2616 752 2666 807 ei
2700 753 2954 810 dedisset
2973 756 3032 811 in
3057 758 3515 823 matrimonium,
3539 761 3676 816 iide-

2040 851 2151 905 que
2183 839 2253 893 ab
2285 856 2350 894 eo
2381 847 2617 911 accepta
2648 842 2758 897 sibi
2791 843 3058 912 cavisset,
3081 861 3214 902 eum
3250 849 3480 919 quidem
3520 850 3678 905 misit

2039 925 2095 979 in
2156 926 2420 993 Galliam,
2454 929 2572 984 illic
2628 932 2889 987 futurum
2941 937 3235 992 custodem
3270 937 3520 1008 imperii,
3553 939 3677 1008 ipse

2038 1022 2229 1070 autem
2263 1016 2321 1070 in
2373 1017 2664 1089 Illyricum
2715 1021 2947 1076 veniens
2993 1023 3232 1094 degebat
3279 1025 3498 1081 Sirmii.
3531 1025 3674 1080 Cum

2038 1108 2232 1160 autem
2263 1106 2600 1179 audivisset,
2634 1112 2787 1179 quod
2813 1111 3071 1175 Barbari,
3107 1114 3206 1182 qui
3237 1113 3488 1185 agebant
3511 1117 3676 1170 trans

2035 1192 2391 1260 Danubium,
2423 1200 2619 1251 essent
2647 1198 2876 1254 ducturi
2907 1202 3224 1256 exercitum
3257 1210 3456 1258 contra
3486 1203 3677 1274 impe-

2036 1281 2187 1334 rium
2249 1285 2665 1355 Romanorum,
2705 1287 2915 1343 Sirmio
2960 1289 3246 1360 profectus
3304 1291 3532 1346 transiit
3569 1296 3675 1347 Da~

2035 1369 2302 1427 nubium.
2337 1372 2475 1428 Cum
2509 1379 2702 1430 autem
2735 1376 2908 1447 longo
2938 1382 3198 1447 tempore
3245 1379 3325 1434 ibi
3359 1380 3560 1436 fuisset
3599 1383 3672 1436 ad

2034 1457 2222 1528 ipsam
2256 1460 2466 1531 ripam,
2499 1467 2555 1517 et
2587 1479 2785 1519 rursus
2825 1465 3201 1521 intellexisset
3243 1467 3524 1523 Barbaros
3557 1485 3670 1524 non

2033 1562 2161 1602 esse
2191 1565 2253 1603 se
2297 1549 2421 1605 loco
2459 1556 2740 1622 moturos,
2775 1554 3067 1623 profectus
3107 1559 3196 1609 est
3240 1554 3302 1610 in
3343 1555 3670 1611 Thraciam.

2032 1635 2339 1707 Postquam
2396 1655 2527 1694 vero
2583 1641 2692 1694 fuit
2723 1642 2875 1712 apud
2910 1643 3183 1713 Odrysos,
3218 1643 3317 1698 ubi
3359 1645 3669 1710 Adrianus,

2033 1730 2364 1782 constructa
2407 1728 2655 1796 civitate,
2687 1730 2737 1784 ei
2780 1730 2904 1786 loco
2954 1748 3122 1786 suam
3154 1731 3387 1803 reliquit
3418 1733 3669 1804 appella-

2031 1813 2270 1879 tionem,
2302 1815 2522 1871 audivit
2550 1835 2581 1872 a
2628 1819 2875 1889 quodam
2909 1820 3200 1891 episcopo,
3234 1820 3392 1890 quod
3431 1838 3673 1892 corpora

2032 1901 2243 1958 Christi
2302 1905 2697 1974 aposlolorum
2773 1907 3011 1963 Andreae
3071 1913 3129 1963 et
3212 1909 3376 1963 Lucae
3447 1909 3670 1980 sepulta

2033 2000 2193 2046 erant
2223 1992 2282 2047 in
2314 1993 2545 2061 Achaia,
2578 1996 2820 2051 Andreae
2859 1997 3092 2068 quidem
3133 1997 3341 2066 Patris,
3376 2003 3538 2054 Lucae
3562 2015 3667 2052 au-

2031 2083 2147 2135 tem
2199 2081 2409 2137 Thebis
2479 2084 2717 2140 Bmotim.
2750 2090 3058 2156 Postquam
3109 2090 3301 2142 autem
3361 2085 3672 2157 imperator

2030 2168 2152 2223 haec
2202 2170 2422 2225 audivit
2479 2171 2876 2239 Constantius,
2910 2181 3140 2245 propter
3196 2175 3249 2229 id
3297 2178 3386 2230 est
3440 2173 3667 2230 laetatus

2030 2266 2082 2313 el
2116 2276 2326 2332 magna
2355 2277 2489 2316 voce
2521 2261 2806 2329 clamavit,
2842 2267 2897 2318 et
2928 2263 3022 2329 iis,
3054 2263 3152 2334 qui
3183 2265 3446 2331 aderant,
3482 2263 3663 2318 dixit:

2028 2346 2242 2404 Vocate
2299 2349 2440 2404 mihi
2500 2351 2739 2405 charum
2774 2351 3121 2406 Artemium.
3165 2352 3306 2406 Cum
3367 2351 3417 2406 is
3471 2356 3663 2407 autem

2029 2437 2467 2508 quamprimum
2497 2439 2754 2496 venisset
2787 2455 2799 2492 :
2833 2437 3102 2494 Gratulor
3123 2439 3248 2505 tibi,
3276 2439 3488 2511 inquit,
3519 2439 3664 2495 viro-

2028 2539 2158 2578 rum
2209 2526 2462 2580 omnium
2513 2527 2974 2598 religiosissime,
3007 2531 3064 2582 et
3094 2544 3212 2582 una
3256 2533 3448 2582 tecum
3479 2527 3660 2584 laetor.

2027 2611 2128 2667 Ille
2158 2629 2292 2668 vero
2325 2613 2404 2668 illi
2433 2615 2573 2670 dixit
2608 2632 2620 2669 :
2658 2615 2794 2671 Mihi
2825 2619 3103 2687 perpetuo
3136 2614 3362 2685 laeteris,
3393 2632 3425 2671 ο
3474 2616 3661 2686 impe-

2027 2706 2201 2771 rator,
2238 2717 2341 2757 nec
2372 2706 2427 2757 te
2479 2719 2737 2776 unquam
2787 2703 3008 2774 aliquid
3043 2702 3354 2758 molestum
3395 2719 3664 2775 compre-

2028 2791 2258 2845 hendat.
2317 2790 2636 2861 Imperator
2691 2795 2884 2846 autem
2921 2807 2934 2846 :
2967 2791 3262 2856 Quaarisne
3320 2790 3564 2862 aliquid,
3631 2808 3664 2847 ο

2025 2878 2345 2933 amicorum
2394 2879 2633 2950 optime,
2680 2881 2906 2952 gratius
2966 2896 3031 2934 ac
3081 2881 3403 2950 jucundius
3458 2879 3662 2935 inven-

2023 2967 2181 3022 tione
2250 2983 2554 3039 corporum
2625 2968 2835 3024 Chrisli
2902 2968 3348 3040 apostolorum?
3413 2969 3660 3040 Magnus

2021 3071 2153 3111 vero
2185 3057 2474 3112 Artemius
2507 3075 2520 3112 :
2555 3058 2831 3123 Quisnam
2863 3060 2975 3127 {aut
3017 3059 3328 3123 undenam,
3379 3057 3591 3128 inquit,
3625 3074 3657 3112 ο

2023 3144 2276 3214 domine,
2308 3149 2397 3201 est
2448 3147 2519 3213 is,
2566 3147 2664 3218 qui
2705 3147 2860 3203 hunc
2908 3147 3080 3203 hodie
3125 3147 3466 3203 thesaurum
3515 3161 3653 3216 ape-

2022 3234 2139 3288 ruit
2166 3235 2195 3288 ?
2222 3234 2595 3290 Constantius
2642 3240 2834 3291 autem
2862 3253 2874 3290 :
2907 3236 3154 3304 Achaiae,
3186 3236 3400 3306 inquit,
3432 3235 3652 3304 episco-

2023 3340 2153 3394 pus,
2187 3322 2284 3394 qui
2313 3339 2470 3378 nunc
2494 3324 2762 3393 praesidet
2787 3323 2995 3380 Patris.
3028 3323 3140 3378 Sed
3171 3324 3285 3391 abi,
3319 3341 3351 3378 ο
3393 3324 3651 3378 virorum

2021 3412 2340 3468 amicorum
2363 3413 2600 3484 optime,
2626 3417 2681 3467 et
2705 3429 2768 3467 ea
2791 3411 3224 3484 quamprimum
3248 3416 3483 3482 experta
3513 3414 3653 3468 Con-

2019 3501 2477 3573 stantinopolim.
2511 3501 2640 3556 Haec
2688 3517 2818 3556 cum
2868 3503 2938 3557 ab
2996 3501 3344 3573 imperatore
3403 3517 3649 3572 magnus

2018 3589 2277 3645 audisset
2303 3591 2620 3657 Artemius,
2653 3594 2808 3646 recta
2851 3590 2957 3646 ivit
2985 3591 3053 3645 ad
3095 3589 3408 3661 apostolos,
3449 3605 3648 3646 eorum

2017 3683 2246 3734 sanctas
2305 3679 2586 3735 allaturus
2644 3679 2941 3752 reliquias.
2993 3680 3144 3743 Quas
3219 3679 3452 3750 quidem
3515 3695 3646 3734 cum

2015 3765 2181 3821 valde
2229 3767 2647 3824 admirabiliter
2676 3772 3054 3840 exportasset,
3102 3767 3160 3822 in
3219 3766 3456 3838 templo,
3492 3768 3646 3838 quod

2015 3854 2088 3909 ab
2128 3855 2252 3925 ipso
2300 3859 2632 3913 Constantio
2663 3861 3020 3914 exstructum
3055 3859 3144 3912 est
3191 3872 3224 3911 a
3253 3854 3648 3910 fundamentis

2014 3942 2072 3997 in
2127 3946 2363 4001 nomine
2407 3945 2824 4017 apostolorum,
2856 3961 3036 4018 prope
3074 3943 3402 4015 sepulcrum
3463 3943 3645 4014 patris

2011 4048 2110 4088 eas
2167 4034 2456 4106 deposuit.
2484 4037 2546 4090 Ei
2608 4039 2799 4091 autem
2858 4035 2918 4090 in
2987 4033 3291 4104 praemium
3340 4031 3645 4087 ministerii

2011 4124 2173 4178 dedit
2203 4126 2540 4195 imperator,
2573 4125 2915 4194 rogantibus
2955 4122 3268 4194 episcopis,
3301 4137 3518 4176 munus
3551 4137 3648 4177 re-

2011 4210 2220 4264 ctionis
2252 4210 2495 4281 Egypti.
2529 4211 2685 4265 Talis
2708 4209 2814 4264 fuit
2842 4209 3132 4265 Artemius
3162 4208 3333 4263 etiam
3365 4211 3496 4264 ante
3527 4223 3644 4263 cer-

2008 4297 2232 4353 tamina
2263 4297 2546 4371 martyrii,
2579 4307 2632 4354 et
2677 4299 2817 4355 adeo
2847 4301 2971 4354 erat
3014 4299 3169 4370 apud
3227 4313 3430 4352 omnes
3472 4312 3644 4353 vene-

2010 4387 2250 4444 randus.

2077 4571 2174 4628 1X.
2199 4575 2388 4644 Atque
2411 4569 2882 4642 proficiscebatur
2913 4568 3152 4641 quidam
3184 4583 3434 4640 magnus
3463 4570 3640 4624 Arte-

254 4657 336 4713 ἐπ’
366 4655 666 4734 Αἴγυπτον,
697 4655 819 4732 ἄρτι
872 4658 974 4726 τήν
1020 4660 1118 4713 τοῦ
1168 4653 1360 4718 δουκὸς
1398 4655 1548 4730 ἀξίαν
1596 4653 1898 4732 περιϐαλό-

2022 4661 2161 4716 .nius
2191 4661 2250 4716 in
2280 4661 2609 4732 Egyptum,
2644 4659 2806 4716 ducis
2837 4659 3007 4715 modo
3039 4662 3307 4729 suscepta
3335 4656 3638 4728 dignitate.

259 4770 444 4824 μενος.
474 4750 532 4803 Ὀ
561 4748 935 4811 Κωνστάντιος
969 4745 1026 4803 δὲ
1073 4754 1172 4819 τῆς
1222 4751 1632 4806 Κωνσταντινου
1681 4749 1898 4812 πόλεως

256 4839 485 4916 ἀπάρας,
533 4840 632 4909 τὴν
679 4837 767 4893 ἐπὶ
821 4837 1014 4912 Συρίας
1063 4835 1299 4893 ἐποιεῖτο
1349 4835 1497 4907 ὁδὸν,
1556 4837 1644 4892 καὶ
1698 4836 1899 4913 φθάσας

252 4930 351 4998 τὴν
399 4923 774 5004 μεγαλόπολιν
827 4927 1190 5001 ’Δντιόχειαν,
1245 4926 1412 4981 αὐτοῦ
1461 4947 1565 4981 που
1612 4947 1894 4998 κατασκη-

251 5022 362 5085 νοῖ,
389 5017 480 5072 τὸν
528 5016 664 5091 πρὸς
713 5015 840 5077 τοὺς
894 5014 1101 5090 Πέρσας
1149 5013 1575 5088 ἐτοιμαζόμενος
1621 5013 1892 5089 πόλεμον·

252 5108 420 5163 αὐτοῦ
488 5103 545 5161 δὲ
606 5106 677 5177 τῇ
728 5103 890 5161 πόλει
958 5105 1384 5181 προσμένοντος,
1432 5104 1652 5180 ἀφίκετο
1711 5106 1895 5183 γράμ-

257 5217 399 5272 ματα
445 5195 580 5266 πρὸς
630 5195 816 5263 αὐτὸν,
867 5191 1146 5266 δηλοῦντα
1200 5196 1299 5262 τήν
1349 5194 1648 5251 Ἰουλιανοῦ
1698 5195 1892 5251 ἐπανά-

256 5306 462 5343 στασιν.
520 5285 581 5342 Ὀ
627 5284 728 5360 γὰρ
785 5283 1104 5355 Ἰουλιανὸς,
1162 5285 1237 5347 ὡς
1285 5280 1592 5354 δεδήλωται
1653 5307 1747 5359 μοι
1803 5285 1891 5340 καὶ

255 5377 507 5452 πρόσθεν,
563 5372 650 5427 ἐπὶ
708 5371 923 5450 φυλακῇ
974 5378 1081 5427 τῶν
1135 5373 1432 5449 Ἐσπερίων
1475 5373 1552 5438 εἷς
1605 5376 1700 5438 τὰς
1757 5372 1896 5430 Γαλ-

251 5466 373 5527 λίας
406 5463 509 5518 ὑπὸ
545 5464 643 5517 τοῦ
673 5461 1051 5518 Κωνσταντίου
1104 5466 1306 5538 Καῖσαρ
1338 5459 1706 5538 ἀποδειχθεὶς,
1737 5463 1895 5528 αὐτὸς

249 5557 532 5614 ὲπιπλεῖον
584 5552 636 5609 ἐν
695 5557 774 5626 τῷ
828 5558 925 5610 τοῦ
983 5552 1250 5630 Καίσαρος
1312 5556 1558 5630 σχήματι
1620 5556 1752 5612 εἶναι
1816 5559 1890 5630 μή

251 5644 644 5724 ἀνασχόμενος,
696 5639 938 5717 διάδημά
991 5664 1048 5699 τε
1103 5642 1456 5719 περιτίθεται,
1513 5645 1604 5700 καὶ
1661 5650 1741 5718 τῷ
1795 5652 1896 5715 τῆς

257 5731 533 5814 βασιλείας
599 5731 786 5789 ἑαυτὸν
851 5730 1171 5813 έπιφημίζει
1274 5733 1523 5808 ὀνόματι.
1616 5735 1769 5793 Ἐπεὶ
1837 5732 1894 5790 δὶ

2006 4748 2378 4805 Constantius
2423 4753 2613 4805 autem
2665 4748 2953 4820 profectus
2982 4744 3481 4817 Constantinopoli
3515 4751 3640 4799 ten-

2005 4841 2178 4896 debat
2209 4840 2267 4894 in
2300 4839 2526 4910 Syriam
2563 4856 2575 4892 :
2609 4844 2668 4894 et
2697 4854 2828 4894 cum
2859 4838 2918 4893 in
2965 4852 3234 4908 magnam
3280 4833 3642 4907 pervenisset

2001 4929 2392 4996 Antiochiam,
2423 4927 2640 4982 ibidem
2675 4927 2798 4997 ﬁgit
2817 4925 3276 4991 tabernaculum,
3299 4921 3520 4978 bellum
3542 4937 3639 4992 pa-

2003 5035 2139 5074 rans
2173 5019 2448 5074 adversus
2495 5017 2716 5072 Persas.
2749 5014 2890 5070 Cum
2941 5013 3021 5067 ibi
3065 5017 3258 5068 autem
3291 5014 3547 5066 maneret
3577 5010 3636 5064 in

2002 5109 2252 5174 civitate,
2283 5109 2560 5163 venerunt
2589 5106 2660 5161 ad
2720 5121 2852 5160 eum
2893 5103 3118 5170 litterae,
3153 5101 3638 5158 insurrectionem

1999 5197 2220 5254 Juliani
2255 5197 2668 5268 signiﬁcantes.
2699 5193 2967 5250 Julianus
2995 5193 3174 5258 enim,
3207 5195 3271 5246 ut
3316 5206 3350 5244 a
3398 5204 3489 5243 me
3513 5189 3636 5259 jam

2000 5295 2133 5344 ante
2166 5287 2275 5342 fuit
2303 5285 2680 5351 declaratum,
2715 5283 2785 5339 ad
2835 5281 3158 5338 custodiam
3205 5278 3532 5335 Occidentis
3578 5278 3636 5331 in

2001 5377 2190 5433 Gallia
2222 5378 2409 5432 Caesar
2439 5378 2666 5430 creatus
2697 5389 2731 5428 a
2760 5369 3118 5439 Constantio,
3150 5386 3265 5424 non
3300 5370 3492 5424 ferens
3514 5383 3637 5421 am-

2000 5466 2156 5538 plius
2188 5482 2311 5522 esse
2341 5465 2398 5520 in
2432 5464 2626 5519 habitu
2660 5462 2916 5528 Caesaris,
2949 5460 3140 5514 induit
3169 5459 3458 5522 diadema,
3490 5460 3547 5510 et
3575 5470 3638 5509 se

1999 5554 2251 5628 appellat
2279 5553 2511 5609 nomine
2543 5551 2925 5624 imperatoris.
2958 5549 3269 5621 Postquam
3301 5553 3494 5604 autem
3525 5544 3637 5599 sibi

2003 5644 2314 5718 imperium
2347 5643 2662 5715 usurpavit,
2695 5641 2842 5699 nihil
2890 5641 3014 5712 jam
3046 5655 3286 5713 parvum
3327 5633 3636 5706 cogitabat,

2003 5751 2192 5808 neque
2249 5733 2538 5792 statuebat
2569 5730 2680 5789 sibi
2724 5730 2974 5802 amplius
3021 5743 3146 5786 esse
3189 5721 3581 5784 cunctandum
3623 5735 3638 5787 ;
