4128 6274
331 403 485 464 1171
1669 392 1953 454 MENSIS
1997 391 2032 452 Ο

2147 392 2376 452 OBER.
3578 385 3745 446 1172

337 561 437 616 sed
469 558 664 615 volens
695 557 754 611 in
784 572 953 612 suam
985 554 1243 625 redigere
1267 555 1613 624 potestatem
1647 557 1828 607 totam
1863 553 1970 606 Eu-
2000 551 2032 615 Α

2142 544 2402 603 τελάϐετο
2458 552 2565 602 τῶν
2624 546 2981 623 πραγμάτων,
3040 549 3142 602 οὐκ
3200 542 3276 600 ἔτι
3339 544 3531 619 μικρὸν
3585 544 3752 599 οὐδὲν

338 664 560 718 rapam,
593 664 720 718 quas
769 646 965 700 obedit
1013 645 1313 712 Romanis,
1363 644 1650 698 instructo
1699 642 1976 706 exercitu,

2143 638 2300 692 ενόει·
2373 635 2497 691 οὐδὲ
2553 635 2872 709 διαμέλλειν
2935 636 3192 712 ἐγίνωσκε
3251 633 3381 702 δεῖν,
3443 633 3586 689 ἀλλὰ
3643 637 3751 702 τήν

341 753 442 804 per
483 737 800 791 Germanos
864 733 1115 804 perrexit
1177 733 1247 786 ad
1311 731 1658 786 Danubium.
1720 731 1790 785 Et
1845 747 1978 785 cum

2142 726 2360 800 ύρώπην
2430 729 2566 788 τέως

343 824 672 880 ulteriorem
735 823 920 891 ripam
981 820 1486 892 apprehendisset,
1520 837 1621 890 per
1668 819 1794 874 loca
1825 819 1982 874 illius

344 914 590 969 ducebat
636 910 972 966 exercitum.
1005 913 1215 964 Latens
1248 925 1381 964 vero
1433 909 1752 980 praefectos,
1786 912 1842 962 et
1872 907 1984 962 Ita-

346 1001 437 1056 liae
467 1001 745 1066 Taurum,
777 998 878 1069 qui
911 998 1245 1063 vocabatur,
1279 1002 1334 1052 et
1367 996 1576 1068 Illyrici
1607 997 1982 1061 Florentium,

349 1094 662 1160 postquam
710 1087 868 1142 venit
907 1087 976 1141 ad
1024 1090 1284 1152 Paeonas,
1318 1085 1611 1140 transiens
1643 1084 1717 1139 ad
1746 1084 1987 1140 alteram

352 1181 569 1248 partem
611 1174 790 1240 ﬂuvii,
823 1174 1020 1229 statim
1077 1179 1133 1228 et
1188 1173 1518 1227 universam
1555 1172 1841 1241 Illyricam
1901 1187 1989 1226 re-

351 1265 580 1335 gionem
611 1263 674 1318 in
705 1279 874 1318 suam
907 1263 1129 1332 redegit.
1160 1265 1528 1332 potestatem,
1560 1265 1616 1315 et
1649 1261 1899 1327 italiam,
1940 1265 1996 1315 et

357 1370 544 1426 usque
575 1353 644 1408 ad
677 1354 972 1408 Oceanum
1003 1351 1422 1407 occidentalem
1445 1352 1746 1408 universas
1776 1357 1996 1422 gentes,

359 1460 487 1515 quae
519 1451 682 1499 erant
713 1441 941 1513 imperii
973 1441 1389 1496 Romanorum.

2626 729 2710 803 ὑφ’
2768 728 2942 798 ἐαυτῷ
2999 728 3323 796 ποιήσασθαι
3391 729 3562 778 πᾶσαν
3627 723 3750 777 ἐθέ-

2093 815 2223 884 λων,
2259 815 2430 884 ὁπόση
2474 816 2788 887 ,Ῥωμαίοις
2824 816 3103 883 ὑπακούει,
3158 820 3236 888 τῷ
3286 818 3497 887 στρατῷ
3547 834 3752 868 συντα-

2094 907 2340 977 ξάμενος,
2409 905 2496 961 διά
2565 912 2852 978 Γερμανῶν
2918 905 3006 961 ἐπὶ
3071 907 3161 962 τὸν
3238 907 3445 978 Ἴστρον
3514 903 3749 978 ἐχώρει.

2095 996 2196 1050 Καὶ
2249 1003 2352 1064 τῆς
2398 995 2561 1070 πέραν
2615 991 2794 1070 ὄχθης
2855 991 3186 1068 λαϐόμενος,
3244 992 3332 1049 διά
3376 1000 3482 1049 τῶν
3533 993 3754 1063 ἐκείνης

2098 1084 2320 1158 χωρίων
2352 1083 2578 1153 ⁵ἤλαυνε,
2618 1086 2744 1146 τοὺς
2776 1084 3059 1165 ὑπάρχους
3101 1082 3158 1139 δὲ
3208 1082 3503 1154 διαλαθὼν,
3553 1085 3649 1138 τόν
3692 1105 3760 1137 τε

2097 1178 2206 1228 τῶν
2239 1172 2486 1229 Ἰταλιῶν
2520 1177 2733 1248 Ταῦρον
2784 1172 2928 1229 οῧοω
2968 1173 3327 1247 καλούμενον,
3371 1175 3460 1227 καὶ
3511 1175 3602 1227 τὸν
3647 1177 3762 1226 τῶν

2105 1261 2396 1335 Ἰλλυριῶν
2427 1261 2782 1338 Φλορὲντιον,
2816 1261 3000 1332 ἐπειδὴ
3058 1263 3194 1317 κατὰ
3239 1262 3495 1326 πλείονας
3544 1261 3762 1336 ἐγένετο

2107 1346 2408 1424 διατριϐάς,
2460 1351 2546 1404 ἐπὶ
2595 1351 2786 1425 Οάτερα
2841 1357 2938 1407 τοῦ
2995 1356 3248 1425 ποταμοῦ
3305 1352 3495 1406 αὐτίκα
3552 1354 3654 1420 τήν
3702 1371 3768 1403 τε

2109 1437 2388 1513 Ἰλλυρίδα
2417 1446 2586 1494 πᾶσαν
2619 1442 2702 1518 ὑφ’
2731 1442 2904 1513 ἑαυτῷ
2937 1448 3037 1517 γῆν
3071 1442 3191 1520 εἶχε
3222 1442 3306 1495 καὶ
3352 1441 3447 1500 τάς
3497 1438 3765 1506 Ἰταλίας,

2105 1529 2195 1582 καὶ
2252 1531 2318 1581 τά
2376 1525 2543 1603 μέχρι
2603 1530 2893 1603 ’Ἑσπερίου
2948 1529 3204 1586 Ὀκεανοῦ
3262 1530 3548 1603 σύμπαντα
3605 1527 3767 1599 ἒθνηυ

2110 1617 2282 1671 ὁπόσα
2310 1623 2410 1684 τῆς
2447 1617 2734 1690 Ῥωμαίων
2771 1617 3175 1692 ἐπικρατήσεως
3207 1620 3292 1688 ἦν.

435 1720 503 1779 Χ.
537 1723 915 1780 Constantius
949 1727 1142 1779 autem
1177 1738 1312 1778 cum
1353 1720 1476 1777 haec
1524 1719 1860 1785 audivisset,
1894 1718 2005 1773 iuit

370 1815 770 1878 conturbatus,
803 1817 868 1868 ut
905 1817 994 1868 est
1037 1815 1517 1880 consentaneum,
1549 1815 1604 1864 ct
1633 1810 1703 1864 de
1732 1809 2007 1864 Constan-

2182 1709 2234 1760 l'.
2269 1706 2329 1762 Ὀ
2363 1703 2419 1760 δὲ
2470 1707 2837 1770 Κωνστάντιος
2885 1706 3054 1763 ταῦτα
3107 1709 3434 1781 πυθόμενος,
3485 1708 3765 1784 ἐταράγθη

2111 1815 2192 1864 τε,
2220 1793 2402 1867 ὣσπερ
2451 1795 2596 1856 εἰκὸς
2654 1799 2742 1865 ἦν,
2800 1797 2891 1850 καὶ
2950 1799 3074 1872 περὶ
3137 1795 3772 1856 Κωνσταντινουπόλεως

368 1901 613 1972 tinopoli
646 1902 957 1957 admodum
989 1899 1224 1964 timens,
1259 1916 1328 1954 ne
1359 1899 1507 1969 quod
1553 1897 1650 1952 ille
1680 1898 1876 1952 animo
1919 1913 2008 1950 co-

2142 1883 2362 1938 ιάλιστα
2393 1883 2595 1951 δείσας,
2622 1887 2721 1957 μὴ,
2755 1885 2888 1961 ὅπερ
2920 1893 3166 1949 κακεῖνος
3206 1885 3486 1958 διενοεῖτο,
3520 1886 3768 1963 φθάσειεν

374 1991 614 2060 gitabat,
647 2006 773 2045 eam
805 1990 959 2060 prior
993 1988 1050 2042 in
1103 2004 1272 2042 suam
1322 1988 1609 2058 redigeret
1643 1990 2009 2057 potestatem,

376 2094 503 2133 eam
548 2077 681 2133 totis
730 2076 948 2131 viribus
997 2076 1300 2132 festinabat
1327 2091 1746 2146 praeoccupare.
1776 2074 2016 2129 Interim

383 2181 574 2229 autem
608 2175 744 2228 dum
775 2173 845 2228 ab
876 2188 942 2229 eo
973 2172 1352 2244 colligebatur
1381 2172 1692 2239 exercitus,
1725 2170 2021 2241 dispersus

388 2278 490 2334 per
553 2263 812 2317 civitates
866 2259 1136 2328 Orientis,
1168 2266 1224 2315 et
1268 2276 1330 2316 se
1369 2260 1607 2330 parabat
1665 2259 1735 2314 ad
1796 2263 2022 2313 tantam

385 2353 561 2422 viam,
620 2352 912 2423 signiﬁcat
967 2351 1281 2423 episcOpis,
1327 2354 1391 2404 ut
1445 2366 1577 2406 eum
1636 2350 2026 2420 precedentes

383 2441 621 2496 veniant
674 2441 1108 2511 quamprimum
1159 2440 1429 2498 Nicaeam.
1463 2439 1598 2493 Erat
1654 2439 1808 2494 enim
1870 2439 1925 2492 in
1959 2454 2023 2492 ea

391 2528 708 2583 secundam
739 2529 1023 2599 synodum
1047 2532 1525 2598 congregaturus,
1550 2526 1622 2582 ab
1647 2525 1846 2596 impiis
1866 2525 2022 2580 Aria‘

391 2616 485 2671 nis
544 2615 822 2671 incitatus
879 2617 1156 2671 adversus
1225 2614 1602 2671 Homousion.
1663 2614 1804 2669 Cum
1864 2628 2017 2679 vero,

399 2707 749 2762 transmissa
777 2706 992 2774 Cilicia,
1022 2705 1272 2762 venisset
1310 2707 1382 2761 ad
1431 2705 1634 2776 Mopsi,
1667 2705 1767 2775 qui
1805 2719 2018 2759 vocan-

395 2801 514 2865 tur,
547 2796 754 2865 lontes,
787 2796 1048 2866 quaedam
1071 2794 1438 2850 imbecillitas
1460 2795 1509 2851 ei
1529 2798 1763 2866 repente
1793 2792 2023 2858 accidit,

392 2901 499 2940 nec
558 2887 780 2955 poterat
836 2884 1080 2939 ulterius
1139 2883 1425 2955 progredi.
1467 2886 1786 2955 Postquam
1834 2885 2030 2938 autem

396 2973 582 3028 sensit
629 2989 690 3028 se
737 2973 859 3043 jam
909 2973 1061 3027 male
1095 2972 1322 3042 habere,
1355 2976 1410 3027 et
1440 2989 1555 3026 non
1587 2972 1875 3027 victurum
1907 2987 2034 3027 esse

395 3058 671 3130 amplius,
720 3059 1034 3114 Antiochiae
1087 3059 1356 3128 episcopo
1406 3057 1703 3113 celerrime
1757 3057 2034 3113 accersito

394 3149 627 3217 Euzoio,
664 3148 808 3220 petit
840 3153 903 3203 ut
933 3147 1273 3218 baptizetur.
1307 3151 1373 3201 Et
1403 3163 1533 3202 cum
1564 3146 1917 3218 baptizatus,
1943 3164 2036 3217 pa-

398 3253 529 3293 rum
565 3237 770 3293 fuisset
799 3241 1113 3308 superstes,
1134 3235 1248 3292 illic
1279 3251 1308 3291 e
1336 3237 1452 3292 vita
1481 3236 1723 3304 excedit,
1755 3252 1887 3290 cum
1921 3235 2033 3288 im-

398 3335 654 3399 perasset
700 3326 956 3397 integros
1021 3325 1398 3398 quadraginta
1425 3342 1629 3392 annos,
1660 3323 1862 3394 viginti
1895 3321 2034 3392 qui-

401 3415 529 3471 dem
563 3431 693 3470 cum
729 3421 908 3486 patre,
943 3415 1104 3471 solus
1134 3419 1328 3470 autem
1362 3413 1632 3484 reliquos.

471 3580 575 3635 Xl.
604 3582 748 3636 Cum
796 3596 929 3636 eum
988 3584 1179 3636 autem
1229 3580 1555 3636 deﬂevisset
1621 3579 1927 3649 exercitus,
1987 3586 2042 3634 et

397 3670 558 3740 justa
589 3668 641 3723 ei
700 3668 945 3733 fecisset,
1002 3669 1058 3722 in
1092 3685 1226 3724 arca
1275 3672 1616 3738 posuerunt,
1649 3685 1782 3723 cum
1830 3684 2042 3738 corpus

402 3757 818 3812 instruxissent
848 3755 942 3821 iis,
975 3772 1100 3824 quae
1133 3755 1323 3809 solent
1354 3755 1476 3810 fieri
1509 3757 1579 3809 ad
1610 3756 1737 3819 hoc,
1765 3760 1828 3810 ut
1850 3757 2039 3826 duret,

407 3849 463 3900 et
501 3860 636 3899 cum
669 3843 727 3898 in
759 3858 994 3897 currum
1019 3841 1453 3911 imposuissent,
1480 3842 1739 3897 tulerunt
1760 3844 2042 3898 Constan-

407 3931 740 4003 tinopolim,
772 3947 903 3986 cum
939 3929 1189 4002 propriis
1238 3930 1418 3985 armis
1451 3931 1858 4000 unusquisque
1911 3946 2043 3985 eum

409 4030 714 4090 sequentes
745 4021 803 4075 in
864 4022 1066 4075 eodem
1120 4023 1352 4086 ornatu,
1392 4035 1587 4089 quem,
1619 4020 1759 4074 dum
1811 4018 2042 4089 viveret,

413 4109 663 4166 habebat
715 4107 867 4164 inter
917 4107 1224 4179 principes.
1283 4111 1467 4180 Atque
1523 4107 1564 4162 ii
1613 4108 1845 4178 quidem
1877 4124 2050 4164 vene-

414 4205 550 4255 runt
608 4197 1184 4270 Constantinopolim,
1244 4199 1519 4254 ducentes
1577 4215 1805 4271 corpus.
1880 4197 2052 4254 Venit

413 4293 609 4344 autem
641 4291 697 4344 et
733 4287 1017 4358 Julianus,
1051 4288 1423 4360 proﬁciscens
1452 4305 1518 4344 ex
1551 4287 1798 4360 Illyrico,
1829 4293 1887 4344 et
1923 4288 2052 4358 jam

419 4377 660 4432 ﬁrmiter
696 4382 899 4432 tenens
949 4378 1285 4432 universum
1337 4379 1671 4448 imperium,
1707 4378 1867 4433 nullo
1927 4387 2054 4447 post

416 4470 660 4520 mortem
697 4463 1019 4518 Constantii
1051 4479 1190 4518 auso
1240 4465 1290 4517 ei
1323 4479 1659 4534 repugnare.
1693 4466 1833 4520 Cum
1862 4477 2053 4522 autem

418 4555 666 4609 ferretur
723 4568 931 4620 corpus
1000 4550 1061 4606 in
1122 4551 1403 4620 templum
1464 4553 1561 4608 SS.
1621 4554 2054 4624 Apostolorum,

421 4641 522 4696 ubi
556 4656 731 4711 prope
753 4643 974 4710 patrem
1004 4655 1137 4694 eum
1168 4648 1331 4695 erant
1362 4639 1624 4711 posituri,
1649 4640 1917 4697 Julianus
1937 4642 2059 4714 ipse

2122 1974 2290 2037 αὐτὴν
2351 1975 2435 2052 ὑφ’
2503 1976 2691 2029 ἑαυτὸν
2749 1988 3147 2049 ποιησάμενος,
3216 1975 3461 2053 ἐπείγετο
3516 1975 3651 2030 κατά
3706 1975 3772 2028 τὸ

2126 2063 2350 2121 δυνατὸν
2384 2059 2842 2137 προκαταλαϐεῖν.
2878 2067 2964 2122 Ἐν
2999 2066 3110 2138 ὅσῳ
3160 2063 3217 2120 δὲ
3265 2067 3292 2120 ὁ
3344 2065 3569 2138 στρατὸς
3618 2064 3774 2132 αὐτῷ

2129 2155 2469 2229 συνελέγετο,
2536 2156 2672 2209 κατά
2737 2155 2829 2216 τάς
2893 2155 3082 2217 πόλεις
3154 2157 3252 2222 τῆς
3320 2155 3490 2226 Ἐῲας
3556 2149 3777 2207 ἐσκεδα-

2131 2246 2344 2316 σμένος,
2387 2243 2477 2297 καὶ
2527 2241 2756 2315 ἔμελλεν
2809 2242 3144 2317 ἐξαρτύεσθαι
3196 2245 3271 2304 ὡς
3320 2243 3456 2316 πρὸς
3504 2240 3777 2310 τοσαύτην

2133 2330 2280 2402 ὁδὸν,
2313 2332 2566 2405 σημαίνει
2606 2339 2723 2392 τοῖς
2774 2331 3087 2392 ἐπισκόποις
3132 2331 3208 2393 εἷς
3252 2333 3352 2400 τὴν
3403 2333 3629 2385 Νίκαιαν
3682 2330 3781 2384 αὖ·

2130 2421 2220 2474 τὸν
2273 2421 2346 2480 ὡς
2401 2420 2482 2473 ὅτι
2529 2420 2760 2492 τάχιστα
2817 2419 3048 2494 ὀφθῆναι
3099 2420 3589 2496 προαςρικομένους·
3647 2418 3782 2492 ἐμε-

2132 2507 2259 2560 λέτα
2298 2507 2397 2580 γὰρ
2453 2509 2508 2560 ἒν
2567 2506 2700 2578 αὐτῇ
2769 2504 3017 2580 δευτέραν
3088 2515 3453 2580 συγκροτῆσαι
3523 2506 3786 2578 σύνοδον,

2126 2596 2271 2670 παρά
2337 2599 2441 2648 τῶν
2498 2589 2768 2649 δυσσεϐῶν
2819 2591 3143 2668 Ἀῤῥειανῶν
3195 2595 3331 2650 κατὰ
3375 2599 3471 2648 τοῦ
3532 2597 3789 2667 Ὀμοου-

2129 2684 2245 2738 σίου
2295 2685 2785 2759 παροτρυνόμενος.
2854 2683 3005 2740 Ἐπεὶ
3075 2683 3130 2739 δὲ
3183 2686 3282 2753 τὴν
3323 2685 3574 2741 Κιλικίαν
3627 2681 3784 2755 διεξ-

2132 2773 2331 2841 ελθὼν,
2363 2773 2437 2834 εἷς
2484 2775 2581 2837 τὰς
2635 2775 2829 2848 Μόψου
2873 2773 3210 2847 καλουμένας
3267 2777 3469 2846 κρήνας
3528 2774 3788 2851 ἀφίκετο,

2137 2860 2376 2918 ἀσθένειά
2422 2883 2506 2924 τις
2564 2862 2711 2934 αύτῴ
2770 2862 3088 2932 ἐξαπιναίως
3144 2865 3465 2938 προσέπεσε,
3523 2862 3615 2916 καὶ
3678 2862 3778 2935 οὐχ

3297 2949 3338 2968 Νι

2139 2951 2254 3015 οἷός
2286 2974 2342 3008 τε
2371 2954 2437 3021 ἦν
2469 2952 2555 3007 ἐπὶ
2587 2953 2647 3006 τὸ
2678 2953 2865 3026 πρόσω
2895 2955 3120 3027 χωρεῖν,
3157 2952 3260 3020 ⁸Ὡς
3295 2950 3351 3006 δὲ
3403 2950 3600 3025 ᾔσθετο
3655 2951 3778 3027 φαύ-

2142 3041 2255 3104 λως
2286 3037 2429 3116 ἔχων
2462 3041 2570 3113 ἤδη
2601 3043 2692 3096 καὶ
2725 3041 2823 3096 οὐκ
2853 3039 2910 3096 ἄν
2961 3042 3323 3116 βιωσόμενος,
3372 3043 3470 3110 τήν
3522 3040 3782 3119 ταχίστην

2140 3132 2230 3187 τὸν
2262 3130 2600 3206 Ἀντιοχείας
2632 3130 2926 3186 ἐπίσκοπον
2968 3131 3210 3198 Εὐζώϊον
3272 3131 3785 3203 μεταπεμψάμενος,

2149 3222 2402 3296 βαπτίσαι
2468 3219 2625 3273 αὐτὸν
2696 3219 2991 3292 ἐπιτρέπει,
3058 3220 3147 3273 καί
3236 3216 3302 3288 δὴ
3383 3219 3790 3293 βαπτισάμενος

2144 3311 2232 3363 καὶ
2296 3310 2485 3384 μικρὸν
2521 3305 2789 3376 ἐπιϐιοὺς,
2839 3308 3026 3371 αὐτόθι
3073 3306 3362 3383 προλείπει
3406 3309 3468 3362 τὸ
3520 3309 3639 3380 ζῇν,
3695 3307 3794 3381 βα-

2150 3397 2397 3459 σιλεύσας
2461 3399 2528 3453 τὰ
2595 3399 2878 3472 σύμπαντα
2933 3393 3024 3468 ἔτη
3097 3398 3513 3471 τεσσαράκοντα,
3571 3398 3637 3450 τά
3697 3396 3794 3468 μὲν

2151 3488 2324 3544 εἶ’κοσι
2360 3487 2493 3562 μετᾶ
2529 3491 2626 3543 τοῦ
2657 3489 2916 3562 πατέρος,
2953 3487 3119 3560 μόνος
3153 3484 3210 3541 δὲ
3240 3488 3306 3541 τὰ
3339 3486 3622 3542 ἐπίλοιπα.

2225 3580 2328 3636 1Α’.
2386 3578 2564 3636 Αὐτὸν
2625 3574 2682 3632 δὲ
2737 3579 2771 3646 ἡ
2831 3577 3052 3653 στρατιά
3127 3575 3536 3650 ὀλοφυρομένη,
3594 3575 3683 3628 καὶ
3735 3575 3803 3628 τὰ

2152 3669 2485 3742 νομιζόμενα
2550 3667 2630 3722 ἐπ’
2697 3668 2848 3738 αὐτῷ
2923 3665 3206 3737 τέλέσασα,
3301 3664 3529 3738 λάρνακι
3602 3668 3798 3717 τοῦτον

2156 3758 2416 3828 ἐνέθεσαν,
2471 3763 2587 3816 τοῖς
2636 3756 2883 3820 εἰωθόσιν
2935 3755 3009 3818 εἷς
3053 3754 3115 3810 τὸ
3165 3753 3440 3830 διαρκέσαι
3507 3755 3798 3809 σκευάσαν-

2155 3866 2240 3906 τες
2270 3847 2361 3898 τὸν
2406 3846 2613 3918 νεκρὸν,
2671 3846 2762 3899 καὶ
2812 3845 2887 3906 εἰς
2935 3846 3139 3918 ἅμαξαν
3183 3845 3478 3918 ἐνθέμενοι,
3539 3839 3796 3916 ἐκόμιζον

2159 3933 2246 3986 ἐπὶ
2321 3933 2419 4000 τήν
2505 3933 3102 4002 Κωνσταντινούπολιν,
3201 3931 3294 3986 σὺν
3374 3937 3492 3994 τοῖς
3579 3931 3802 3993 οἰκείοις

2153 4017 2375 4082 ἕκαστος
2409 4019 2604 4082 ὅπλοις
2646 4021 2792 4092 αὐτῷ
2841 4020 3190 4099 ἐφεπόμενοι,
3246 4022 3336 4076 καὶ
3388 4022 3522 4076 κατά
3567 4022 3657 4076 τὸν
3709 4019 3806 4074 αὖ·

2155 4113 2245 4167 τὸν
2292 4112 2497 4184 κόσμον
2555 4110 2714 4186 ὅνπερ
2769 4111 2856 4165 καὶ
2894 4117 3100 4180 ζῶντος
3157 4110 3211 4166 ἐν
3267 4117 3382 4174 τοῖς
3432 4111 3663 4185 ἡγεμόσι
3719 4130 3806 4164 τε·

2159 4203 2420 4276 ταγμένοι
2465 4200 2783 4277 ἐτύγχανον.
2825 4200 2992 4257 Οὗτοι
3051 4201 3144 4274 μὲν
3205 4198 3272 4269 δὴ
3323 4201 3421 4268 τὴν
3463 4206 3806 4256 Κωνσταντιο

2159 4289 2421 4347 νούπολιν
2454 4291 2608 4365 εἶχον
2641 4288 2856 4365 ἄγοντες
2887 4290 2980 4344 τὸν
3037 4289 3251 4364 νεκρὸν,
3307 4291 3398 4344 καὶ
3450 4291 3477 4344 ὁ
3511 4287 3808 4348 Ἰουλιανὸς

2165 4381 2571 4454 συνομάρτησεν
2637 4379 2694 4435 ἐκ
2759 4384 2868 4433 τῶν
2937 4377 3227 4452 Ἰλλυριῶν
3297 4377 3648 4457 ἀφικόμενος,
3716 4375 3807 4431 καὶ

2165 4467 2274 4539 ἤδη
2321 4465 2558 4543 βεϐαίως
2590 4465 2734 4542 ἔχων
2763 4471 2862 4538 τὴν
2891 4472 3064 4522 πᾶσαν
3099 4466 3397 4544 βασιλείαν,
3449 4465 3668 4530 οὐδενὸς
3713 4465 3807 4519 αύ-

2165 4559 2257 4612 τὸν
2339 4559 2473 4630 μετά
2535 4557 2624 4611 τὸν
2692 4557 3064 4612 Κωνσταντίου
3132 4556 3352 4620 θάνατον
3427 4553 3803 4622 ἐναντιωθῆναι

2165 4645 2572 4720 τολμήσαντος,
2630 4643 3005 4717 κομιζομένου
3064 4641 3120 4698 δὲ
3174 4648 3272 4697 τοῦ
3331 4647 3521 4718 νεκροῦ
3576 4642 3663 4697 ἐπὶ
3716 4642 3803 4696 τὸν

3201 3930 3294 3986 σὺν
3374 3937 3492 3994 τοῖς

421 4729 780 4802 praecedebat
817 4728 1055 4797 lectum,
1087 4729 1261 4801 capiti
1293 4729 1482 4785 ablato
1513 4731 1859 4788 diademate.
1893 4733 2026 4788 Post

2142 4735 2297 4794 wadw
2355 4739 2461 4788 τῶν
2520 4730 2902 4806 Ἀποστὸλων,
2959 4730 3052 4786 ἵνα
3107 4753 3209 4807 περ
3265 4731 3425 4787 αὐτὸν
3483 4733 3806 4801 καταθήσειν

427 4837 602 4892 quam
647 4824 840 4876 autem
895 4836 1026 4875 eum
1061 4819 1432 4891 sepelierunt,
1458 4820 1581 4890 jam
1613 4821 1849 4877 veniens
1880 4822 1940 4878 in
1967 4839 2054 4879 re-

425 4910 604 4979 giam,
624 4917 763 4964 tunc
794 4925 999 4964 rursus
1027 4908 1308 4980 imposuit
1336 4909 1626 4980 diadema,
1656 4914 1711 4966 et
1740 4927 1933 4967 rerum
1965 4929 2062 4984 po-

425 4998 697 5064 tiebatur,
721 4999 1019 5067 solusjam
1045 4998 1437 5054 Romanorum
1462 4999 1790 5055 universum
1813 5001 2060 5072 adeptus

424 5085 762 5155 imperium.
804 5089 946 5142 Cum
996 5103 1132 5158 ergo
1181 5087 1527 5144 excessisset
1572 5089 1967 5160 Constantius,
1998 5091 2059 5147 in

427 5187 548 5238 eos,
581 5175 678 5244 qui
735 5177 1049 5244 restabant,
1098 5185 1152 5233 et
1200 5177 1448 5234 maxime
1496 5179 1595 5248 qui
1640 5183 1873 5250 propter
1913 5180 2061 5235 invi-

425 5262 578 5316 diam
614 5263 974 5332 praebuerant
1006 5283 1240 5323 causam
1275 5267 1423 5323 Galli
1462 5269 1792 5338 occisionis,
1826 5271 1919 5325 irae
1945 5287 2060 5326 suae

424 5349 700 5406 fervorem
726 5354 981 5409 ostendit
1007 5355 1381 5414 Julianus.Et
1412 5359 1630 5415 statim.
1661 5358 1901 5415 Eusebio
1933 5361 2062 5432 qui-

425 5438 555 5493 dem
589 5441 894 5507 praeposito
928 5452 1099 5514 caput
1131 5446 1359 5513 adimit,
1393 5449 1547 5519 quod
1581 5449 1817 5506 omnino
1839 5449 2060 5506 videre-

424 5535 517 5581 tur
537 5527 661 5581 suis
691 5524 1003 5586 calumniis
1025 5532 1187 5590 Gallo
1209 5535 1421 5590 cedem
1445 5538 1790 5608 adornasse;
1814 5539 2055 5596 Paulum

425 5620 621 5669 autem
657 5612 1000 5702 Hispanum,
1032 5621 1128 5692 qui
1159 5627 1280 5677 erat
1309 5640 1457 5680 unus
1488 5643 1554 5680 ex
1585 5629 1793 5685 scribis
1824 5630 2063 5702 impera-

425 5702 585 5772 toris,
619 5699 799 5756 tradit
853 5701 999 5781 igni,
1032 5716 1094 5767 ut
1142 5710 1238 5782 qui
1288 5711 1343 5768 in
1383 5712 1610 5772 Gallum
1641 5717 1830 5774 fuerat
1861 5699 2061 5779 acerbe

2169 4824 2404 4895 πλησίον
2461 4827 2557 4877 τοῦ
2615 4823 2818 4894 πατρὸς
2886 4819 3147 4895 ἔμελλον,
3231 4821 3395 4883 αὐτὸς
3463 4823 3652 4896 ἡγεῖτο
3707 4826 3808 4888 τῆς

2167 4914 2359 4984 κλίνης
2427 4914 2454 4967 ὁ
2521 4912 2836 4982 Ἰουλιανὸς,
2913 4914 2975 4967 τὸ
3051 4908 3294 4984 διάδημα
3363 4914 3463 4976 τῆς
3563 4908 3808 4983 κεφαλῆς

2169 5003 2459 5077 περιελὼν.
2511 5001 2666 5060 Ἐπεὶ
2724 4999 2780 5056 δὲ
2833 4996 3032 5077 ἔθαψαν
3081 4999 3258 5073 αὐτὸν,
3307 4998 3395 5055 ἐπὶ
3444 5001 3509 5054 τὰ
3560 4998 3812 5074 βασίλεια

2169 5091 2276 5165 ἤδη
2325 5091 2830 5168 ἀπαλλαττόμενος,
2869 5091 2931 5146 τό
2977 5113 3036 5146 τε
3084 5088 3324 5164 διάδημα
3369 5088 3518 5151 αὖθις
3566 5087 3809 5144 ἔπέθετο.

2171 5183 2275 5241 Καὶ
2313 5187 2418 5236 τῶν
2477 5183 2807 5257 πραγμάτων
2857 5180 3117 5256 ἐγκρατὴς
3175 5179 3263 5250 ἦν,
3327 5180 3492 5252 μόνος
3546 5175 3654 5248 ἤδη
3712 5179 3814 5248 τήν

2170 5271 2455 5344 Ῥωμαίων
2486 5268 2621 5341 ὅλην
2680 5268 2956 5345 βασιλείαν
2997 5269 3441 5342 ὓποζωσάμενος.
3505 5266 3655 5324 Ἐπεὶ
3713 5266 3812 5324 οὗν

2172 5364 2200 5418 ὁ
2232 5363 2598 5424 Κωνστάντιος
2646 5359 2704 5416 ἐκ
2751 5357 2933 5415 ποδὼν
2987 5360 3072 5427 ἦν,
3131 5358 3205 5420 εἷς
3261 5358 3390 5419 τοὺς
3443 5355 3816 5429 ὑπολειπομέ-

2171 5471 2294 5511 νους
2325 5450 2413 5505 καὶ
2449 5448 2687 5523 μάλιστα
2722 5453 2802 5521 τῷ
2848 5447 3030 5527 φρόνῳ
3078 5448 3176 5517 τήν
3231 5445 3404 5501 αἰτίαν
3453 5446 3814 5521 παρασχομέ-

2169 5559 2292 5601 νους
2347 5545 2448 5608 τῆς
2499 5536 2818 5612 ἀναιρέσεως
2859 5533 3098 5606 Γάλλου,
3153 5535 3386 5613 ἆνεψυχε
3432 5533 3494 5589 τὸ
3545 5535 3659 5604 ζέον
3704 5536 3809 5604 τῆς

2172 5631 2337 5704 ὀργῆς
2404 5626 2724 5696 Ἰουλιανὸς,
2787 5627 2874 5680 καὶ
2943 5623 3131 5680 αὐτίκα
3195 5620 3451 5681 Εὐσέϐιον

2169 5717 2532 5796 Πραιπόσιτον
2597 5723 2697 5786 τῆς
2769 5713 3009 5794 κεφαλῆς
3096 5712 3422 5792 ἀφαιρεῖται,

3542 5624 3636 5697 μὲν
3709 5625 3808 5680 τὸν

3507 5709 3647 5770 διότι
3702 5717 3807 5788 τήν
