4128 6274
402 394 554 454 1173

1605 388 2080 463 MARTYBIUM
2127 401 2190 461 S.
2238 401 2582 463 ARTEMII.

3632 404 3787 464 H74

400 549 583 626 ἀρχὴν
618 548 860 630 ἐφαίνετο
893 549 953 606 ἐκ
979 554 1088 606 τῶν
1137 549 1302 607 αἱ)τοῦ
1361 548 1659 622 διαϐολῶν,
1684 557 1776 610 τὸν
1833 558 2041 613 ἅπαντα

2154 559 2437 616 invectus.
2486 560 2702 616 Ambos
2749 576 3005 632 namque
3052 559 3473 618 Chalcedonem
3523 560 3707 631 misit,
3734 568 3787 616 et

394 644 474 712 τῷ
533 638 734 712 Γάλλῳ
788 639 952 714 φόνον
1000 641 1512 716 συγκειρασάμενος·
1580 641 1792 698 Παῦλον
1849 642 1905 700 δὲ
1951 647 2042 701 τὸν

398 728 607 783 Σπανὸν
668 730 745 791 εἲς
807 730 936 792 τοὺς
1001 729 1344 808 ὑπογραφέας
1427 736 1523 787 τοῦ
1609 731 1877 807 βασιλέως
1958 756 2043 791 τε·

397 815 620 890 λοῦντα,
661 818 790 892 πυρὶ
848 814 1243 892 παραδίδωσιν,
1307 820 1381 881 ὡς
1438 818 1625 875 πολλὰ
1691 817 1758 889 δὴ
1795 819 1943 893 μάλα
1966 826 2044 892 τῷ

394 903 597 977 Γάλλῳ
653 902 1147 981 ἐμπικρανάμενον.
1215 906 1455 972 Τυῦτους
1515 910 1608 982 μὲν
1661 907 1752 963 οῦν
1795 911 2041 986 ἀμφοτέ-

396 1014 525 1069 ρους
566 994 643 1054 εἱς
699 995 797 1062 τήν
853 992 1186 1064 Χαλκηδόνα
1248 994 1581 1070 διαπέμψας,
1625 998 1734 1053 ἐκεῖ
1770 1001 1838 1069 τῇ
1868 998 2043 1069 οἷκείᾳ

399 1082 521 1156 δίκῃ
587 1083 782 1158 ὑπάγει
840 1083 1113 1157 ἑκάτερον,
1177 1084 1360 1141 ἀνεῖλε
1436 1082 1492 1140 δὲ
1553 1087 1642 1141 καὶ
1726 1084 2041 1142 Γαυδέντιον

401 1172 707 1248 στρατηγὸν
753 1179 855 1243 τῆς
912 1173 1198 1250 Ἀφρικῆς,
1265 1175 1358 1229 καὶ
1394 1172 1601 1237 ἄλλους
1639 1176 1790 1239 τινὰς
1846 1177 2038 1232 ὀπόσοι

393 1282 446 1316 τι
480 1261 556 1324 εἷς
589 1259 747 1315 αὐτὸν
799 1264 1281 1335 πεπαρῳνήκεσαν·
1343 1261 1489 1319 ἀλλᾶ
1525 1262 1753 1327 τούτους
1802 1265 1898 1337 μὲν
1955 1262 2044 1320 διὰ

395 1349 737 1426 γραμμάτων
767 1349 1044 1425 ξέκόλασε,
1100 1351 1193 1405 τὸν
1249 1349 1306 1406 δὲ
1349 1355 1447 1406 τοῦ
1512 1357 1754 1427 Χριστοῦ
1799 1353 2044 1428 μάρτυρα

390 1440 483 1495 καὶ
549 1444 787 1514 γενναῖον
848 1439 1095 1511 ἄθλητήν
1155 1442 1442 1517 Ἀρτέμιαν
1502 1441 1662 1503 αὐτὸς
1733 1440 1802 1495 δι’
1851 1442 2042 1497 ἑαυτοῦ

395 1528 447 1583 ἐν
501 1529 819 1607 Ἀντιοχείᾳ
887 1530 1075 1604 παρὼν
1126 1530 1216 1584 καί
1272 1530 1510 1605 παρόντα
1551 1527 1640 1584 διὰ
1670 1532 1768 1599 τήν
1798 1530 1872 1593 εἰς
1911 1532 2042 1604 Χρι-

396 1618 519 1673 στὸν
559 1617 883 1693 ὁμολογίαν,
932 1618 1313 1693 ἀπανθρώπως
1354 1618 1603 1689 έκολασε,
1635 1618 1723 1673 καὶ
1767 1622 1863 1686 τῆς
1903 1639 2042 1694 παρ-

394 1707 563 1778 οὐσης
606 1707 767 1762 αὐτὸν
828 1708 1213 1784 ἀπεγύμνωσεν
1264 1707 1528 1781 ἐξουσίας,
1592 1709 1668 1782 μὴ
1729 1707 1902 1785 φέρων
1946 1709 2041 1777 τήν

389 1796 555 1851 αὐτοῦ
612 1796 917 1872 παρρησίαν
977 1798 1067 1852 καὶ
1132 1791 1399 1854 ἔνστασιν.
1448 1798 1509 1855 Ὁ
1566 1798 1670 1873 γὰρ
1721 1796 2038 1864 Ἰουλιανὸς,

393 1888 467 1947 ὡς
500 1883 832 1958 δεδήλωται,
861 1887 960 1956 τὴν
1009 1891 1116 1942 τῶν
1163 1886 1451 1961 Ῥωμαίων
1503 1888 1852 1963 περιθέμενος
1887 1888 2042 1963 βασι-

2146 646 2265 702 illic
2288 652 2603 720 utrumque
2624 665 2730 705 suo
2751 649 2939 704 affecit
2959 649 3265 722 supplicio.
3291 649 3583 706 Interfecit
3609 649 3787 705 etiam

2148 736 2538 792 Gaudentium
2571 738 2773 792 ducem
2806 738 3095 794 exercitus
3139 739 3362 806 Africae,
3396 741 3453 792 et
3500 739 3787 809 quosdam

2149 825 2315 890 alios,
2349 825 2444 895 qui
2475 824 2525 879 ei
2559 823 3001 881 insultaverant.
3036 826 3143 881 Sed
3179 842 3275 881 eos
3317 825 3553 897 quidem
3600 825 3790 896 puniit

2147 929 2251 984 per
2297 912 2548 982 litteras;
2597 913 2807 968 Christi
2866 919 3061 969 autem
3122 919 3433 986 martyrem
3481 921 3531 968 et
3580 914 3788 969 fortem

2147 1000 2424 1057 athletam
2457 1002 2801 1069 Artemium,
2824 1003 2946 1073 ipse
2971 1019 3068 1072 per
3101 1018 3162 1056 se
3186 1001 3503 1057 Antiochia;
3535 1019 3788 1073 praesens

2147 1098 2489 1162 praesentem
2526 1099 2755 1162 propter
2776 1091 2992 1146 Christi
3027 1090 3447 1147 confessionem
3474 1090 3789 1145 inhumane

2148 1177 2356 1249 puniit.
2400 1184 2458 1234 et
2504 1195 2588 1248 ea,
2631 1196 2802 1249 quam
2862 1178 3134 1245 habebat,
3185 1179 3424 1249 privavit
3480 1183 3788 1251 potestate,

2149 1283 2261 1320 non
2297 1266 2486 1321 ferens
2514 1267 2634 1336 ejus
2664 1266 2891 1321 dicendi
2936 1267 3261 1322 libertatem
3294 1272 3352 1323 et
3379 1269 3785 1323 constantiam.

2147 1356 2411 1412 Julianus
2441 1356 2620 1425 enim,
2646 1374 2799 1423 cum,
2831 1362 2894 1413 ut
2924 1362 3224 1414 ostensum
3256 1362 3361 1425 est,
3395 1360 3786 1414 Romanorum

2152 1450 2494 1517 usurpasset
2542 1446 2872 1515 imperium,
2907 1446 3159 1501 maxime
3206 1447 3477 1502 studebat
3524 1447 3787 1518 gentium

2145 1550 2396 1590 errorem
2423 1534 2483 1589 in
2505 1550 2678 1589 suum
2704 1534 2896 1589 locum
2924 1535 3249 1592 restituere.
3278 1537 3340 1590 In
3361 1552 3564 1591 omnes
3587 1535 3785 1606 itaque

2146 1629 2339 1695 partes
2370 1624 2607 1680 mittens
2641 1624 2867 1679 litteras
2904 1624 3138 1693 iubebat
3182 1626 3421 1680 deorum
3476 1624 3692 1695 templa
3730 1629 3788 1679 et

2145 1711 2349 1767 altaria
2403 1717 2670 1784 prompto
2702 1720 2755 1768 et
2785 1712 2959 1768 alacri
3014 1712 3194 1767 animi
3236 1711 3426 1767 studio
3455 1712 3698 1777 exstrui,
3729 1717 3787 1766 et

2147 1817 2522 1872 quoscunque
2552 1802 2770 1857 reditus
2803 1816 3050 1872 magnus
3070 1800 3490 1855 Constantinus
3521 1799 3791 1854 attribuit

2145 1889 2426 1956 ecclesiis,
2460 1894 2518 1944 et
2547 1890 2671 1960 ejus
2714 1889 2869 1943 ﬁlius
2903 1887 3299 1954 Constantius,
3332 1904 3429 1944 eos
3460 1888 3698 1957 ademit,
3730 1893 3790 1943 et

393 1974 562 2047 λείαν,
596 1974 892 2047 ἐσπούδαζε
925 1974 1165 2051 μάλιστα
1219 1977 1309 2032 τὸν
1367 1976 1741 2051 Ἐ)ληνισμὸν
1806 1976 2038 2053 ἐπανορ-

2152 1977 2384 2049 templis
2415 1976 2776 2034 consecravit
2805 1975 3115 2046 idolorum,
3148 1992 3247 2046 pro
3278 1975 3588 2045 episcopis,
3623 1991 3790 2046 pres-

396 2064 543 2119 θοῦν.
604 2067 897 2141 Πανταχοῦ
951 2064 1133 2118 τοίνυν
1210 2063 1512 2140 γράμματα
1571 2061 2033 2137 διαπεμπόμενος,

394 2149 608 2206 ἐκέλευε
662 2152 728 2205 τὰ
766 2151 992 2224 ξτοότων
1056 2152 1256 2225 τεμένη
1323 2151 1416 2206 καὶ
1480 2150 1613 2215 τοὺς
1665 2151 1887 2227 βωμοὺς
1947 2153 2036 2207 ἀν-

397 2244 567 2311 ιστᾷν,
621 2241 756 2313 μετά
792 2238 1011 2310 πολλῆς
1068 2242 1202 2311 ὅσης
1250 2242 1347 2309 τῆς
1404 2237 1646 2310 σπουδῆς
1694 2262 1752 2295 τε
1779 2241 1869 2295 καὶ
1901 2261 2041 2313 προ-

398 2329 617 2402 θυμίας,
684 2329 772 2383 καὶ
832 2328 961 2388 ὅσας
1018 2329 1046 2383 6
1108 2328 1271 2402 μέγας
1338 2333 1740 2393 Κωνσταντῖνος
1779 2333 1900 2391 ταῖς
1957 2329 2040 2384 έκ-

2148 2067 2363 2139 byteris
2393 2071 2451 2122 et
2491 2066 2772 2135 diaconis,
2808 2065 3168 2122 constituens
3216 2063 3480 2132 aedituos,
3511 2080 3786 2135 asperso-

2147 2171 2262 2221 res,
2320 2156 2615 2211 sacriﬁcos
2673 2162 2726 2210 et
2773 2154 3150 2225 canephoros,
3184 2157 3242 2209 et
3270 2168 3632 2223 quascunque
3680 2168 3786 2208 no-

2149 2243 2308 2301 mina
2357 2261 2522 2317 nugas
2572 2245 2881 2315 imponunt
2930 2241 3257 2314 gentilium.
3302 2240 3433 2296 Haec
3464 2240 3698 2311 quidem
3729 2242 3788 2295 et

2151 2334 2264 2389 alia
2293 2333 2510 2388 ﬁebant
2540 2332 3062 2402 Constantinopoli.

394 2417 649 2490 κλησίαις
707 2418 1010 2494 προσόδους
1077 2420 1353 2494 ἀπένειμε,
1412 2419 1502 2474 καὶ
1561 2421 1589 2475 6
1660 2420 1853 2475 τούτου
1910 2422 2025 2483 υἱὸς
2110 2424 2503 2494 Κωνστάντιος,
2554 2424 2751 2485 ταύτας
2831 2419 3071 2500 ἀφελὼν,
3139 2425 3255 2483 τοῖς
3340 2423 3448 2475 τῶν
3533 2415 3784 2473 εἲδώλων

394 2515 545 2572 ναοῖς
610 2510 925 2589 ἀφιέρωσεν,
984 2507 1096 2565 ἄντ’
1153 2504 1461 2565 ἐπισκόπων
1510 2509 1601 2564 καὶ
1648 2507 2026 2585 πρεσϐυτέρων
2095 2513 2183 2567 καὶ
2235 2509 2496 2568 διακόνων
2553 2514 2889 2582 καταστήσας
2954 2510 3238 2586 ζακόρους,
3295 2508 3385 2564 καὶ
3458 2509 3787 2581 νεωκόρους,

393 2596 484 2653 καὶ
544 2599 759 2673 ῥάντας,
807 2599 897 2654 καὶ
961 2598 1145 2667 θύτας,
1196 2599 1288 2654 καὶ
1345 2599 1709 2675 κανηφόρους,
1761 2598 1852 2654 καὶ
1906 2598 2034 2663 ὅσας
2091 2601 2119 2655 ὁ
2178 2599 2466 2672 ἑλληνικὸς
2521 2600 2684 2663 ὕθλος
2753 2600 3069 2679 ἑπιφημίζει
3150 2596 3557 2674 προσωνυμίας.
3614 2600 3793 2654 Ταῦτα

398 2686 491 2761 μὲν
524 2686 613 2741 κάὶ
635 2683 789 2761 ἕτερα
810 2685 1154 2764 διεπραττετο
1175 2688 1312 2743 κατᾶ
1330 2688 1428 2756 τὴν
1454 2687 2042 2746 Κωνσταντινοόπολιν.

463 2775 568 2832 1Β’.
600 2774 747 2830 Μετὰ
793 2771 850 2829 δὲ
894 2779 1063 2831 ταῦτα
1113 2772 1347 2849 μητέρος
1391 2776 1560 2830 αὐτοῦ
1599 2773 1833 2852 ἀδελφὸν
1863 2770 2030 2850 ἔχων,

395 2862 693 2918 ἸουΛιανὸν
751 2866 1017 2936 τοῦνομα,
1074 2864 1174 2931 τὴν
1240 2866 1338 2917 τοῦ
1380 2864 1804 2937 Χριστιανισμοῦ
1858 2865 2038 2918 πίστιν

395 2948 487 3005 διὰ
539 2952 638 3020 τήν
695 2950 900 3006 ἐκείνου
959 2952 1124 3029 χάριν
1170 2949 1603 3025 ἐξομοσάμενον,
1678 2949 1769 3006 καί
1825 2949 2044 3022 πολλὴν

398 3040 530 3115 ὑπὲρ
587 3044 684 3095 τοῦ
760 3038 1136 3113 Ἑλληνισμοῦ
1211 3040 1521 3115 προθυμίαν
1581 3038 2041 3113 ἐπιδεικνύμενον,

396 3126 641 3203 ἄρχοντα
690 3134 790 3198 τῆς
843 3128 980 3201 ἑῴας
1047 3129 1105 3183 ’ὀν
1151 3127 1380 3184 καλοῦσι
1439 3130 1658 3203 κόμητα
1725 3127 2041 3203 ἐξέπεμψεν,

397 3216 796 3293 ἐντειλάμενος,
863 3218 932 3273 τὰ
1000 3218 1095 3291 μὲν
1161 3222 1268 3273 τῶν
1355 3216 1661 3289 ἐκκλησιῶν
1748 3215 2043 3294 πράγματα

2218 2781 2348 2837 XII.
2382 2780 2515 2837 Post
2543 2780 2664 2836 haec
2711 2783 2904 2836 autem
2948 2793 3080 2834 cum
3131 2776 3333 2834 matris
3384 2793 3500 2833 sum
3549 2776 3787 2834 haberet

2150 2869 2408 2935 fratrem,
2440 2868 2676 2925 nomine
2722 2867 3047 2934 Julianum,
3076 2866 3174 2935 qui
3204 2871 3270 2922 ut
3297 2866 3381 2921 illi
3429 2864 3793 2937 gratiﬁcare-

2152 2960 2269 3026 tur,
2302 2957 2732 3014 Christianismi
2781 2958 2951 3013 ﬁdem
3004 2956 3393 3027 abjuraverat,
3443 2959 3500 3011 et
3546 2970 3647 3023 pro
3698 2969 3790 3009 er-

2152 3062 2276 3102 rore
2349 3048 2609 3119 gentium
2688 3044 3027 3103 ostendebat
3097 3049 3431 3117 promptum
3489 3047 3547 3098 et
3603 3040 3792 3097 alacre

2153 3134 2335 3189 animi
2393 3136 2677 3203 studium,
2718 3136 2915 3191 emisit
2972 3132 3219 3190 Orientis
3270 3136 3569 3200 rectorem,
3617 3146 3789 3201 quem

2151 3226 2358 3280 vocant
2387 3223 2911 3292 comitem,jubens
2939 3227 2999 3277 ut
3022 3237 3112 3278 res
3144 3221 3381 3293 quidem
3413 3217 3791 3275 ecclesiarum

398 3312 592 3364 κακοῦν
650 3328 707 3363 τε
772 3307 864 3362 καὶ
922 3304 1271 3386 διαφθείρειν,
1337 3312 1621 3384 πανταχοῦ
1680 3304 1737 3363 δὲ
1802 3306 1891 3362 καὶ
1952 3304 2042 3362 διὰ

2154 3316 2383 3368 vexaret
2405 3315 2461 3367 et
2485 3313 2768 3384 perderet,
2803 3312 3018 3382 ubique
3071 3314 3260 3366 autem
3293 3313 3351 3364 et
3377 3307 3537 3364 omni
3570 3306 3794 3362 ratione

397 3396 575 3468 πάσης
617 3393 760 3461 ἰδέας
780 3395 871 3452 τὸν
915 3394 1282 3469 Ἐλληνισμὸν
1313 3395 1485 3466 αῧξειν
1528 3417 1589 3453 τε
1645 3396 1735 3451 καὶ
1784 3395 2043 3471 ἐπαίρειν.

398 3486 460 3543 'O
491 3482 548 3541 δὲ
577 3483 906 3565 ἀφικόμενος
938 3483 989 3540 ἐν
1051 3483 1360 3559 Ἀντιοχείᾳ
1401 3483 1653 3560 ἐπειρᾶτο
1691 3484 1887 3559 μείζων
1937 3488 2046 3540 τῶν

400 3574 802 3648 ἐντεταλμένων
865 3577 980 3632 τοῖς
1037 3569 1219 3651 ἔργοις
1244 3572 1557 3651 ζφαίνεσθαι,
1607 3575 1697 3628 καὶ
1746 3571 1812 3644 δὴ
1871 3594 2046 3649 προσ-

398 3668 705 3743 αφαιρεῖται
751 3664 844 3737 μὲν
903 3667 1088 3718 πασῶν
1166 3666 1273 3718 τῶν
1331 3660 1639 3734 ἐκκλησιῶν
1698 3664 1904 3718 ἅπαντα
1980 3664 2048 3718 τὰ

397 3752 687 3827 κειμήλια,
728 3752 827 3807 ὅσα
865 3750 917 3806 ἐν
959 3749 1178 3827 ἀργύρῳ
1207 3772 1266 3807 τε
1303 3750 1392 3807 καὶ
1423 3756 1617 3827 χρυσῷ
1666 3753 1757 3808 καὶ
1789 3756 2045 3826 σηρικοῖς

399 3842 672 3921 ὑφάσμασι
728 3837 978 3913 διετέλει,
1027 3837 1311 3896 ἀποκλείει
1353 3837 1410 3895 δὲ
1447 3841 1535 3896 καὶ
1576 3840 1672 3904 τὰς
1721 3839 2045 3912 ἐκκλησίας,

394 3934 491 3986 τοῦ
552 3929 628 4003 μή
676 3950 797 3985 τινα
852 3930 1125 4008 εἰσφοιτᾷν
1206 3927 1259 3984 ἐν
1343 3929 1532 3992 αὐταῖς
1605 3929 1777 4005 εὐχῆς
1868 3925 2043 3998 ἓνεκα,

395 4017 621 4094 κλεῖθρα
658 4019 751 4074 καὶ
808 4019 1067 4094 μυχμοὺς
1126 4024 1243 4082 τοῖς
1297 4017 1546 4075 πολῶσιν
1609 4014 1910 4077 ἐπιϐαλών.
1948 4020 2045 4076 Καὶ

392 4112 562 4164 ταῦτα
592 4110 686 4184 μὲν
728 4111 867 4165 κατᾶ
911 4110 1009 4178 τὴν
1074 4109 1370 4185 Ἀντιόχου
1435 4107 1618 4164 πόλιψ
1654 4108 1682 4162 6
1745 4114 1845 4177 τῆς
1893 4110 2048 4166 Ἀνα-

394 4198 570 4269 τολῆς
626 4195 815 4275 ἅρχων
877 4196 1182 4272 εἷργάζετρ,
1239 4198 1267 4251 6
1337 4194 1394 4251 δὲ
1435 4192 1691 4268 βασιλεὺς
1723 4192 2042 4263 Ἰουλιανὸς,

398 4282 475 4343 ἔτι
532 4287 667 4342 κατᾶ
713 4288 814 4356 τὴν
881 4283 1452 4341 Κωνσταντινούπολιν
1507 4281 1713 4338 διεῖλκέ
1748 4302 1869 4338 τινα
1908 4282 2044 4357 χρό-

398 4397 510 4447 νον,
559 4376 624 4431 τὰ
654 4374 708 4429 ἐν
752 4372 922 4448 ταύτῃ
954 4373 1235 4449 κρατύνας,
1279 4372 1356 4435 εἷς
1398 4370 1528 4440 ὅπερ
1561 4370 1775 4443 ἐνόμιζε
1809 4371 2047 4444 μάλιστα

401 4468 470 4538 τῇ
506 4461 757 4540 βασιλεία
802 4461 1114 4539 συμφέρειν,
1137 4461 1228 4517 καὶ
1272 4463 1404 4523 δπος
1446 4461 1474 4515 6
1506 4459 1872 4535 Ἑλληνισμὸς
1899 4460 2046 4534 αὐτῷ

402 4554 539 4629 πρὸς
603 4552 667 4608 τὸ
767 4551 1184 4629 μεγαλειότερον
1247 4552 1442 4628 ἐξαρθῇ
1522 4556 1738 4607 σκοπῶν
1822 4573 1881 4607 τε
1954 4554 2043 4607 καὶ

2153 3417 2405 3457 errorem
2450 3399 2708 3472 gentium
2754 3407 2986 3471 augeret
3016 3402 3072 3454 et
3100 3395 3418 3453 extolleret.
3470 3394 3571 3450 Ille
3617 3393 3794 3465 igitur

2154 3506 2286 3548 cum
2318 3490 2564 3547 venisset
2606 3487 2988 3553 Antiochiam,
3021 3485 3337 3542 conabatur
3383 3482 3577 3554 reipsa
3623 3480 3793 3553 plura

2155 3584 2449 3650 praestare,
2493 3594 2670 3649 quam
2720 3577 2771 3633 ei
2830 3576 3016 3631 fuerat
3070 3575 3446 3646 imperatum.
3489 3572 3560 3626 Et
3605 3569 3788 3626 eccle-

2153 3668 2257 3724 siis
2291 3666 2523 3738 quidem
2573 3666 2763 3722 aufert
2799 3679 3160 3736 qumcunque
3197 3661 3488 3717 habebant
3518 3658 3788 3730 pretiosa,

2152 3763 2271 3814 tam
2305 3757 2364 3812 in
2396 3760 2636 3828 argento
2667 3759 2724 3810 et
2754 3770 2918 3820 auro,
2949 3768 3116 3823 quam
3151 3751 3208 3806 in
3241 3747 3456 3826 sericis.
3488 3746 3791 3822 vestimen-

2152 3849 2248 3904 tis.
2274 3847 2421 3911 Quin
2454 3845 2628 3901 etiam
2658 3842 2880 3900 claudit
2909 3839 3208 3909 ecclesias,
3232 3855 3305 3893 ne
3325 3837 3457 3909 quis
3488 3834 3548 3890 in
3579 3851 3677 3890 eas
3706 3834 3792 3888 in-

2153 3938 2491 4011 grederetur
2546 3932 2822 4007 precandi
2878 3947 3078 3996 causa,
3122 3926 3394 3985 claustris
3433 3928 3491 3981 et
3527 3923 3788 3979 vectibus

2146 4027 2345 4098 januis
2367 4024 2685 4095 impositis.
2708 4021 2774 4077 Et
2796 4021 2914 4076 haec
2940 4019 3173 4090 quidem
3197 4013 3509 4070 Antiochia:
3542 4011 3789 4067 faciebat

2152 4130 2346 4170 comes
2393 4112 2666 4167 Orientis.
2716 4111 3030 4180 Imperator
3077 4109 3271 4161 autem
3319 4103 3587 4158 Julianus
3635 4102 3790 4155 Con-

2152 4199 2521 4270 stantinopoli
2550 4198 2785 4268 aliquod
2816 4196 3007 4251 adhuc
3038 4192 3372 4249 morabatur
3409 4194 3661 4259 tempus,
3694 4202 3787 4242 res

2152 4289 2509 4346 conﬁrmans
2537 4294 2589 4342 et
2621 4283 3019 4348 corroborans,
3052 4284 3223 4352 prout
3252 4280 3304 4334 ei
3336 4277 3587 4333 maxime
3615 4290 3786 4346 expe-

2151 4380 2275 4435 dire
2323 4377 2627 4433 videbatur
2670 4371 2954 4445 imperio:
2988 4376 3045 4427 et
3075 4374 3139 4426 ut
3167 4384 3328 4424 error
3356 4366 3615 4438 gentium
3663 4380 3787 4419 ma-

2150 4470 2361 4544 gniﬁce
2436 4466 2819 4531 extolleretur,
2879 4461 3260 4519 considerans
3331 4459 3410 4544 et,
3450 4466 3785 4544 procurans.

2152 4538 2351 4616 I’ostea
2378 4574 2513 4614 vero
2562 4556 2868 4612 discedens
2917 4543 3418 4617 Constantinopoli
3476 4555 3608 4598 cum
3661 4538 3786 4594 uni-

402 4642 938 4719 πραγμκτευόμενος.
997 4646 1172 4716 ’Ἄρας
1223 4639 1314 4697 οῦν
1358 4641 1417 4696 ἐκ
1466 4647 1565 4712 τῆς
1615 4646 2042 4698 Κωνσταντινου-

2153 4665 2316 4706 verso
2341 4647 2614 4714 exercitu,
2647 4645 2759 4701 iter
2789 4642 3030 4700 faciebat
3059 4643 3118 4695 in
3147 4636 3394 4708 Syriam.

402 4730 621 4793 πόλεως
679 4732 771 4787 σὺν
843 4731 1004 4787 παντὶ
1054 4735 1134 4805 τῷ
1183 4735 1396 4809 στρατῷ
1430 4732 1532 4802 τήν
1576 4730 1663 4786 ἐπὶ
1718 4734 1819 4798 τῆς
1851 4730 2046 4805 Συρίας

402 4820 640 4877 ἐποιεῖτο
673 4817 818 4877 ὁδόν.

473 4916 553 4969 11‘.
586 4909 825 4975 Διελθὼν
868 4908 1049 4967 τοίνυν
1096 4912 1305 4967 ἅπασαν
1335 4912 1434 4981 τὴν
1479 4909 1735 4988 Φουγίαν,
1780 4911 1867 4967 καὶ
1902 4911 2037 4987 πρὸς

398 5002 499 5071 τὴν
537 4997 776 5075 ἐσχάτην
808 4999 977 5069 αὐτῆς
1004 4997 1167 5056 πόλιν
1196 5001 1260 5057 τὸ
1277 4999 1617 5075 καλούμενον
1657 5000 1880 5060 Ἰκόνιον
1918 5020 2041 5055 κατ·

401 5092 658 5162 αντήσας,
716 5089 950 5160 ἐξέκλινε
1009 5090 1109 5160 τήν
1168 5089 1429 5167 Ἰσαυρίαν
1507 5091 1848 5148 καταλιπών.
1942 5088 2040 5144 Καὶ

399 5180 495 5236 τὸν
556 5179 850 5257 λεγόμενον
902 5181 1115 5254 Ταῦρον
1179 5175 1517 5257 ὑπεραναϐἆς
1564 5200 1579 5215 ’
1629 5178 1793 5251 ἦλθεν
1821 5179 1909 5236 ἐπὶ
1946 5180 2041 5242 τὰς

402 5268 593 5331 πόλεις
650 5273 752 5336 τῆς
803 5264 1078 5336 Κιλικίας,
1126 5267 1215 5322 καὶ
1270 5272 1351 5340 τῷ
1401 5269 1623 5341 σταθμῷ
1661 5267 2042 5343 προσπελάσας

401 5362 483 5431 τῷ
529 5355 580 5411 ἐν
648 5356 798 5428 Ἰσσῷ
846 5356 1011 5411 αὐτοῦ
1066 5376 1172 5411 που
1227 5361 1582 5428 κατασκηνοῖ,
1625 5358 1718 5413 τὸν
1767 5355 1827 5412 ἐκ
1864 5360 2043 5413 Maneo

409 5446 589 5508 δονίας
647 5442 999 5520 Ἀλέξανδρον
1069 5445 1480 5520 μιμησάμενος·
1545 5446 1732 5501 αὖτὸθι
1789 5447 1891 5522 γὰρ
1955 5447 2048 5502 κά-

408 5543 585 5599 κεῖνος
616 5534 667 5591 ἐν
726 5536 884 5609 Ἰσσῷ
939 5535 1031 5591 τὸν
1061 5537 1199 5613 πρὸς
1252 5541 1473 5612 Δαρεῖον
1512 5537 1603 5591 τὸν
1647 5540 1862 5613 Περσῶν
1899 5538 2046 5614 βασι-

412 5625 512 5683 λέα
548 5626 901 5701 συνεκρότησε
955 5625 1222 5700 πόλεμον,
1278 5626 1371 5681 καὶ
1412 5629 1601 5682 τοῦτον
1637 5627 1884 5698 νικήσας,
1923 5625 2045 5681 ἐπί-

415 5736 592 5792 σημον
649 5713 742 5772 τὸν
808 5714 975 5773 τόπον
1044 5715 1358 5792 σῖργάσατο’
1417 5715 1617 5781 ἐκεῖθεν
1669 5717 1762 5773 τὸν
1819 5714 2044 5774 Ἰσσικὸν

2217 4910 2361 4967 ΧΙΙΙ.
2402 4910 2542 4964 Cum
2591 4907 2783 4976 itaque
2829 4901 3162 4958 universam
3213 4894 3559 4968 pervasisset
3603 4890 3789 4963 Phry-

2145 5000 2322 5074 giam,
2353 5002 2409 5054 et
2438 4997 2508 5052 ad
2533 4996 2658 5067 ejus
2691 4993 2958 5048 ultimam
3006 4988 3263 5043 venisset
3309 4983 3623 5074 civitatem,
3657 4994 3786 5050 quas

2143 5070 2379 5147 vocatur
2399 5086 2687 5153 Iconium,
2719 5078 3027 5138 declinavit
3056 5075 3253 5134 relicta
3284 5070 3529 5129 Isauria.
3552 5072 3623 5126 Et
3649 5084 3785 5124 cum

2146 5180 2429 5243 Taurum,
2462 5173 2561 5247 qui
2593 5171 2825 5237 dicitur,
2858 5168 3210 5240 superasset,
3236 5162 3394 5220 venit
3423 5161 3495 5217 ad
3527 5158 3786 5215 civitates

2146 5267 2379 5325 Ciliciae.
2412 5266 2555 5321 Cum
2600 5277 2734 5318 vero
2782 5255 3124 5315 accessisset
3170 5253 3241 5309 ad
3286 5250 3625 5316 stationem,
3658 5262 3786 5316 qua

2147 5362 2231 5414 est
2259 5357 2319 5412 in
2352 5360 2497 5423 Isso,
2519 5352 2638 5408 illic
2668 5348 3130 5411 castrametatur,
3152 5341 3520 5399 Macedonem
3548 5336 3790 5392 Alexan-

2150 5449 2315 5504 drum
2359 5444 2643 5500 imitatus.
2676 5440 2822 5498 Nam
2866 5437 2967 5494 ille
3011 5448 3243 5507 quoque
3273 5433 3332 5487 in
3364 5433 3488 5486 Isso
3514 5442 3647 5483 cum
3680 5429 3788 5479 Da-

2149 5538 2233 5593 rio
2265 5551 2399 5609 rege
2426 5533 2727 5589 Persarum
2778 5524 3066 5585 commisit
3113 5521 3398 5595 praelium.
3451 5519 3573 5583 Quo
3617 5511 3787 5612 victo,

2148 5608 2349 5683 locum
2374 5620 2629 5680 reddidit
2656 5618 2968 5691 insignem.
3002 5612 3166 5670 Illinc
3219 5610 3412 5666 sinum
3462 5608 3790 5691 transmisit

2150 5713 2415 5784 Issicum,
2447 5714 2504 5768 et
2524 5707 2681 5768 venit
2709 5686 3097 5771 Antiochiam,
3127 5700 3276 5756 iram
3317 5694 3548 5767 spirans
3585 5686 3787 5742 adver-
