4128 6274
341 321 498 382 1175

1668 307 1956 374 MENSIS
2001 306 2384 370 OCTOBER.

3578 292 3747 353 H76

341 499 440 538 sus
471 481 851 550 Christianos,
884 483 940 536 et
969 495 1030 537 se
1061 496 1157 536 eos
1187 496 1316 537 esse
1345 477 1582 536 omnino
1633 491 1971 533 eversurum

2103 467 2292 524 ιόλπον
2361 466 2709 543 διαπεράσας,
2761 465 2927 536 ἦλθεν
2985 464 3061 526 εἷς
3128 461 3498 537 Ἀντιόχειαν,
3556 466 3748 534 θυμοῦ

342 571 643 627 minitans.
667 571 809 626 Cum
838 569 1199 626 Antiochiam
1229 585 1366 642 ergo
1396 571 1651 626 venisset
1680 575 1978 638 tyrannus,

343 667 398 715 et
453 659 513 714 in
571 660 812 714 domum
872 659 1189 715 divertisset
1257 658 1709 732 imperatoriam,
1767 663 1820 710 et
1876 669 1983 709 nec

344 763 527 802 unum
587 747 824 817 quidem
883 748 1033 804 diem
1096 748 1428 819 quievisset,
1462 748 1530 802 ad
1563 761 1696 802 eum
1751 740 1980 798 adducti

345 843 500 904 sunt,
532 836 710 891 veluti
760 838 924 907 signo
974 837 1107 893 dato
1139 838 1420 904 accusati,
1452 835 1744 906 Eugenius
1776 837 1833 887 et
1860 832 1984 887 Ma-

346 927 560 992 carius,
593 928 696 998 qui
724 927 834 998 ipsi
877 943 1108 999 quoque
1157 932 1324 984 erant
1371 944 1500 999 pars
1549 926 1982 997 presbyteratus

345 1012 611 1068 Ecclesiae
654 1013 1044 1069 Antiochense.
1080 1016 1232 1080 Quos
1263 1032 1396 1071 cum
1429 1015 1696 1086 protinus
1725 1017 1983 1067 curasset

348 1101 673 1157 sistendos:
708 1103 952 1166 Quinam
1000 1104 1165 1170 estis,
1205 1104 1414 1174 inquit,
1457 1107 1512 1158 et
1560 1103 1850 1173 quodnam
1900 1104 1986 1154 est

346 1191 513 1246 vobis
571 1191 696 1246 vita
760 1193 1068 1248 studium?
1097 1193 1252 1250 Dixit
1306 1193 1601 1265 Eugenius
1628 1207 1642 1246 ε
1674 1189 1985 1246 Christiani

348 1294 579 1346 sumus,
610 1285 666 1336 et
704 1280 918 1337 Christi
962 1282 1156 1353 gregis
1199 1287 1482 1354 pastores.
1526 1281 1654 1336 Haec
1693 1285 1783 1336 est
1822 1279 1990 1334 nobis

347 1367 484 1435 vita,
517 1367 637 1424 haec
669 1370 939 1431 conditio,
973 1371 1081 1426 hoc
1112 1373 1391 1428 studium.
1435 1371 1585 1426 Dixit
1633 1374 1825 1426 autem
1875 1369 1988 1422 im-

347 1461 618 1527 perator:
658 1459 764 1513 Ubi
795 1463 882 1515 est
913 1462 985 1529 is,
1017 1477 1189 1532 quem
1221 1461 1413 1517 dicitis
1447 1459 1660 1516 Christi
1710 1474 1940 1530 gregem
1965 1459 1993 1511 ?

349 1545 649 1617 Eugenius
697 1552 892 1603 autem
921 1565 934 1603 :
967 1549 1303 1619 Universus,
1344 1549 1553 1621 inquit,
1597 1549 1752 1605 orbis
1800 1552 1989 1617 terra),

350 1650 526 1703 quem
577 1636 662 1690 sol
707 1636 934 1707 aspicit,
964 1641 1021 1693 et
1065 1638 1163 1709 qui
1197 1638 1256 1693 in
1289 1655 1354 1694 eo
1384 1645 1516 1693 sunt
1564 1637 1849 1693 homines.
1883 1637 1989 1692 Ju-

351 1721 550 1778 lianus
581 1727 770 1778 autem
799 1740 812 1778 :
845 1724 985 1792 Nos,
1017 1725 1228 1796 inquit,
1261 1727 1609 1797 quibusnam
1641 1741 1990 1796 praesumus,

2087 557 2255 614 πλέον
2305 558 2440 613 κατὰ
2504 557 2856 632 Χριστιανῶν,
2920 553 3010 608 καὶ
3079 550 3276 615 αὐτοὺς
3351 552 3600 627 ἐκτρίψαι
3663 551 3746 612 εἰς

2092 646 2255 708 τέλος
2315 643 2785 718 διαπειλούμενος.
2839 641 3090 706 Ἐλθόντι
3134 645 3424 716 τοιγαροῦν
3499 645 3577 712 τῷ
3644 661 3750 694 τυ-

2095 734 2269 806 ράννῳ
2332 733 2468 786 κατὰ
2522 734 2620 801 τήν
2670 732 3027 804 Ἀντιόχειαν,
3089 729 3177 782 καὶ
3235 730 3370 803 πρὸς
3427 733 3544 790 τοῖς
3581 729 3745 802 βασι-

2091 823 2260 883 λείοις
2294 819 2466 875 οῗκοις
2498 821 2993 892 κατασκηνώσαντι,
3025 817 3113 873 καὶ
3166 819 3241 890 μή
3295 816 3351 872 δὲ
3399 819 3536 892 πρὸς
3594 817 3746 889 ἡμέ-

2092 938 2183 990 ραν
2222 915 2339 990 βίαν
2389 913 2728 989 σχολάσαντι
2778 916 3172 989 προσήχθησαν
3223 912 3371 984 αὐτῷ
3405 910 3588 986 ὥσπερ
3630 907 3742 964 ἀπό

2089 1027 2235 1068 τινος
2298 1003 2759 1080 παραγγέλματος
2833 998 3236 1072 διαϐληθέντες,
3317 1001 3572 1076 Εύγένιος
3647 999 3744 1055 καὶ

2094 1094 2394 1169 Μακάριος,
2476 1097 2576 1148 τοῦ
2656 1089 3048 1168 πρεσϐυτερίου
3106 1097 3206 1160 τῆς
3283 1089 3334 1145 ἐν
3423 1088 3748 1163 Ἀντιοχείᾳ

2095 1183 2422 1254 Ἐκκλησίας
2452 1183 2542 1237 καὶ
2575 1183 2728 1237 αὖτοί
2767 1177 2933 1257 μέρος
2980 1181 3362 1256 τυγχάνοντες,
3415 1178 3505 1240 οὓς
3549 1179 3752 1240 εύΟέως

2095 1270 2604 1346 παραστησάμενος·
2665 1269 2820 1334 Τίνες
2876 1269 3013 1340 ἐστὶ,
3073 1264 3200 1347 ἔφη,
3232 1269 3325 1323 καὶ
3379 1267 3496 1323 τίνα
3527 1264 3593 1337 δή
3637 1288 3749 1322 που

2097 1363 2196 1431 τήν
2247 1358 2470 1435 ἀγωγην
2526 1360 2616 1416 καὶ
2681 1361 2744 1415 τὸ
2813 1358 3150 1432 ἐπιτήδευμα
3218 1353 3424 1434 ἔχε-τες
3486 1357 3747 1430 Εὐγένιος

2097 1449 2221 1528 ἔφη·
2290 1450 2606 1524 Χριστιανοί
2661 1449 2844 1521 ἐσμεν,
2900 1448 2990 1502 καὶ
3040 1455 3140 1517 τῆς
3207 1446 3448 1522 Χριστοῦ
3497 1446 3747 1520 ποίμνης

2097 1538 2401 1612 ἆγελάρχαι
2451 1537 2815 1614 τυγχάνομεν,
2871 1541 3030 1591 τοῦτο
3095 1537 3215 1610 βίος
3270 1540 3408 1608 ἡμῖν
3461 1537 3551 1590 καὶ
3592 1537 3746 1613 τύχη

2097 1628 2182 1682 καὶ
2247 1625 2601 1700 ἐπιτήδευμα.
2656 1628 2762 1683 Καὶ
2812 1628 2839 1682 ὃ
2885 1626 3161 1700 βασιλεὺς·
3225 1629 3338 1684 Ποῦ
3385 1626 3563 1682 τοίνυν
3595 1623 3745 1680 ἐστὶν

2099 1717 2162 1785 ἢν
2195 1717 2350 1789 ὑμεῖς
2396 1738 2526 1792 φατε
2564 1721 2659 1770 τοῦ
2698 1720 2935 1791 Χριστοῦ
2966 1716 3201 1790 ποίμνην
3230 1737 3243 1787 ;
3277 1715 3375 1770 Καὶ
3407 1717 3434 1770 6
3465 1715 3743 1790 Εὐγένιος·

2476 1097 2576 1148 τοῦ
2656 1089 3048 1168 πρεσϐυτερίου
3106 1097 3206 1160 τῆς
3283 1089 3334 1145 ἐν

353 1815 409 1865 et
453 1809 512 1865 in
561 1827 849 1883 quosnam
901 1813 1070 1869 hodie
1119 1814 1446 1870 obtinemus
1491 1816 1824 1886 imperium,
1857 1831 1888 1869 ο
1928 1817 1990 1868 tu

2103 1810 2252 1865 Πᾶσα
2282 1810 2316 1876 ἡ
2350 1807 2668 1880 οἶκουμένη,
2705 1809 2837 1876 ὅσην
2866 1827 2924 1862 τε
2953 1804 3116 1874 ἥλιος
3166 1805 3354 1886 ἐφορᾷ,
3387 1806 3477 1861 καὶ
3507 1805 3620 1860 ὅσοι
3655 1802 3748 1859 ἐπὶ

356 1897 558 1954 infelix
605 1905 662 1955 et
705 1901 881 1957 miser
936 1903 1312 1971 homuncule,
1345 1903 1394 1959 si
1433 1921 1831 1975 quamcunque
1888 1908 1992 1958 ter-

2103 1899 2302 1970 ταύτης
2369 1899 2500 1954 εἶ’σὶν
2571 1897 2863 1976 ἅνθρωποι.
2927 1900 3028 1956 Καὶ
3087 1901 3114 1955 ὁ
3175 1897 3489 1961 Ἰουλιανός·
3554 1899 3751 1972 Ἱῐμεῖς

2109 1993 2146 2002 --
2227 1994 2237 2002 .
2410 1992 2433 2002 ..
2753 1991 2765 2002 .
2850 1990 2860 2002 ,
3016 1991 3043 2002 Α
3145 1988 3162 2002 .
3222 1987 3235 1999 .
3463 1991 3474 2002 ,
3712 1983 3744 2002 τ

355 2003 478 2042 ram
529 1987 612 2044 sol
661 1989 889 2060 aspicit,
933 1991 1197 2047 Christus
1243 2009 1474 2065 gregem
1521 1993 1823 2065 possidet?
1852 1992 1996 2047 Mar-

355 2085 444 2148 tyr
476 2093 642 2132 vero:
678 2079 898 2144 Eidem,
929 2079 1140 2151 inquit,
1175 2082 1334 2154 gregi
1367 2099 1568 2152 praees,
1598 2100 1630 2138 o
1663 2083 1994 2153 imperator,

355 2164 524 2233 cujus
555 2181 663 2221 nos
695 2182 900 2221 sumus
928 2173 1207 2238 pastores.
1239 2171 1350 2225 Per
1379 2169 1678 2226 Christum
1717 2169 1872 2225 enim
1905 2186 1998 2224 re-

353 2267 455 2322 ges
488 2259 754 2326 regnant,
786 2260 843 2310 et
873 2258 1101 2328 tyranni
1133 2257 1193 2314 in
1239 2262 1393 2314 terra
1438 2259 1834 2315 dominantur.
1869 2262 1998 2332 Ipse

357 2359 589 2416 quoque
618 2346 881 2402 Christus
904 2347 1076 2405 hodie
1098 2350 1335 2420 quidem
1359 2349 1464 2405 tibi
1486 2351 1644 2407 dedit
1665 2351 1994 2422 imperium,

357 2434 590 2490 etiamsi
622 2439 965 2507 apparueris
1000 2439 1261 2509 ingratus
1292 2440 1350 2494 in
1384 2441 1842 2508 benefactorem;
1871 2457 1995 2494 cras

348 2526 543 2579 autem
595 2524 753 2579 dabit
797 2525 915 2580 alii.
951 2530 1022 2581 Es
1048 2529 1203 2582 enim
1256 2528 1427 2582 unius
1471 2530 1608 2594 diei,
1641 2535 1698 2584 et
1725 2529 1847 2598 ipse
1876 2527 1993 2580 im-

352 2627 526 2681 peras
582 2611 673 2676 iis,
708 2612 803 2682 qui
849 2617 989 2667 sunt
1038 2615 1211 2668 unius
1243 2615 1376 2668 diei.
1411 2613 1500 2668 Illi
1531 2620 1724 2669 autem
1773 2621 1857 2667 est
1902 2629 1987 2667 re-

346 2714 533 2769 gnum
591 2703 892 2770 zeternum,
950 2704 1008 2756 et
1063 2702 1210 2771 quod
1281 2717 1584 2774 nunquam
1656 2701 1830 2757 tinem
1895 2717 1986 2756 ac-

345 2786 507 2858 cipit.
1309 2789 1314 2793 ’

418 2964 565 3022 XIV.
643 2969 927 3038 Apostata
999 2983 1129 3024 vero
1178 2987 1193 3026 :
1262 2968 1463 3042 Impie,
1523 2971 1581 3026 et
1636 2985 1670 3025 a
1724 2969 1990 3036 deorum,

342 3053 557 3125 inquit,
647 3055 833 3112 aliene
930 3057 1347 3128 benevolentia,
1449 3075 1584 3115 cum
1685 3059 1995 3114 hesternus

344 3142 422 3198 sit
473 3142 738 3201 Christus
793 3149 953 3214 tuus,
1005 3151 1062 3202 et
1109 3147 1279 3204 unius
1336 3148 1472 3216 diei,
1519 3153 1576 3203 et
1622 3148 1694 3205 ab
1743 3148 1992 3220 Augusti

343 3233 588 3288 Caesaris
641 3241 897 3305 tempore
953 3236 1280 3307 incceperit,
1323 3240 1450 3292 ate
1491 3253 1628 3309 ergo
1674 3237 1844 3293 hodie
1892 3254 1990 3292 rex

345 3328 596 3376 aeternus
651 3324 924 3378 creatur?
970 3324 1190 3396 Martyr
1244 3330 1479 3380 autem:
1524 3326 1683 3390 Quod
1744 3327 1814 3380 ad
1873 3325 1988 3380 hu-

344 3411 688 3468 manitatem
725 3414 960 3484 quidem
981 3415 1208 3484 attinet,
1227 3415 1655 3488 ineffabilisque
1679 3421 1735 3471 et
1755 3417 1989 3471 inenar-

346 3500 554 3556 rabilis
585 3501 1060 3574 dispensationis,
1093 3520 1194 3560 seu
1228 3507 1419 3562 carnis
1450 3511 1753 3579 susceptae,
1787 3511 1992 3580 myste-

349 3587 528 3658 rium,
577 3589 660 3646 ita
715 3591 908 3659 habet,
959 3608 990 3647 ο
1047 3593 1382 3665 imperator.
1429 3597 1622 3662 Quoad
1678 3611 1808 3652 vero
1865 3597 1991 3666 ejus

348 3674 627 3746 divinam,
687 3685 741 3734 et
809 3695 934 3749 quae
1004 3686 1094 3735 est
1168 3687 1302 3738 ante
1369 3683 1602 3754 saecula,
1662 3685 1989 3756 generatio-

349 3783 505 3834 nem,
566 3766 797 3822 nullum
872 3769 1195 3825 invenietur
1273 3775 1504 3842 tempus
1576 3789 1636 3827 ea
1710 3772 1988 3828 anterius.

349 3857 669 3926 Imperator
754 3859 973 3925 autem,
1062 3858 1404 3914 existimans
1484 3865 1786 3932 martyrem
1868 3877 1992 3916 esse

349 3946 628 4014 agrestem
687 3945 1041 4016 quempiam,
1103 3950 1158 4002 et
1216 3947 1379 4002 nulla
1436 3947 1742 4020 praeditum
1801 3949 1990 4004 erudi-

349 4032 528 4101 tione,
560 4031 810 4089 irridens
856 4034 1076 4105 inquit:
1119 4036 1279 4090 Tuus
1324 4052 1460 4108 ergo
1506 4036 1785 4105 Christus,
1819 4054 1850 4092 o
1885 4037 1992 4092 mi-

350 4135 461 4188 ser,
499 4120 590 4176 bis
641 4121 753 4176 fuit
809 4123 1164 4195 generatus?
1208 4125 1269 4180 Si
1324 4141 1457 4181 vero
1515 4133 1815 4198 prOpterea
1871 4126 1994 4198 glo-

353 4209 554 4293 riaris,
579 4215 718 4266 sunt
748 4212 923 4267 etiam
953 4214 1104 4282 apud
1138 4213 1362 4270 Gmcos
1399 4215 1508 4271 viri
1549 4215 1993 4288 sapientissimi,

352 4313 468 4353 non
502 4297 688 4353 solum
721 4298 834 4366 bis,
865 4301 967 4356 sed
1015 4302 1191 4358 etiam
1223 4307 1311 4358 ter
1340 4304 1537 4375 geniti.
1573 4304 1716 4360 Nam
1761 4309 1817 4359 et
1846 4304 2000 4360 Mer-

356 4387 574 4456 curius,
611 4390 954 4459 cognomine
1005 4391 1442 4463 Trismegistus,
1488 4401 1574 4448 ter
1628 4397 1786 4450 venit
1833 4412 1895 4450 se
1938 4395 1996 4450 in

357 4478 576 4531 mundo
628 4478 957 4547 ostendens,
991 4482 1278 4546 quomodo
1318 4486 1556 4536 narrant
1594 4484 1719 4552 ejus
1763 4483 1913 4539 sacri
1943 4486 2000 4539 et

2105 1993 2160 2050 6‘s
2188 1994 2348 2050 τίνων
2405 1992 2648 2069 ἄρχομεν
2681 1991 2770 2047 καὶ
2810 1990 2968 2046 τίνων
3015 1987 3373 2064 βασιλεύομεν
3409 1991 3667 2063 σήμερον,
3701 1987 3751 2039 ὦ

2103 2084 2456 2157 ταλαίπωρον
2510 2082 2572 2136 σύ
2634 2082 2724 2136 καὶ
2782 2077 3044 2154 δυστυχὲς
3098 2077 3422 2152 ἀνθρώπιον,
3484 2076 3526 2130 εἰ
3613 2071 3752 2143 ὅσην

2105 2171 2262 2244 ἤλιοι
2310 2174 2479 2250 ἐφορᾷ
2524 2179 2627 2248 γῆν
2672 2173 2698 2225 6
2752 2170 2981 2244 Χριστὸς
3035 2170 3272 2241 ποίμνην
3316 2169 3611 2237 κέκτηται;
3643 2166 3752 2222 Καὶ

2108 2265 2135 2318 6
2198 2263 2422 2337 μάρτυς·
2478 2267 2584 2329 Τῆς
2645 2259 2838 2326 αὐτῆς,
2873 2258 2917 2311 ὦ
2975 2255 3219 2331 βασιλεῦ,
3261 2257 3502 2329 ποίμνης
3557 2276 3615 2310 τε
3657 2255 3754 2309 καὶ

2106 2350 2305 2425 ἀγέλης
2363 2351 2685 2414 ἐπιστατεῖς,
2724 2350 2896 2421 ἧσπερ
2966 2343 3030 2412 δὴ
3090 2346 3178 2398 καὶ
3232 2347 3395 2416 ἡμεῖς
3440 2343 3756 2423 ἆγελάρχαι

2103 2438 2470 2512 τυγχάνομεν·
2505 2432 2572 2488 δι’
2623 2432 2786 2487 αὐτοῦ
2834 2433 2934 2505 γὰρ
2988 2430 3232 2504 βασιλεῖς
3276 2432 3622 2505 βασιλεύουσι
3657 2432 3757 2488 καὶ

2099 2527 2346 2599 τύραννοι
2406 2526 2660 2592 κρατοῦσι
2708 2529 2833 2596 γῆς.
2867 2520 2964 2574 Καὶ
3013 2520 3171 2581 αὐτός
3231 2541 3316 2574 σοι
3356 2520 3417 2573 τὸ
3461 2520 3754 2595 βασίλειον

2099 2609 2298 2665 δέδωκε
2355 2611 2617 2683 σήμερον,
2675 2606 2770 2663 κᾶν
2818 2607 2976 2670 αὐτὸς
3025 2606 3286 2682 ἂχάριτος
3343 2608 3464 2680 περὶ
3519 2609 3610 2661 τὸν
3665 2609 3757 2664 εὐ-

2197 2701 2207 2718 :
2464 2699 2477 2716 ν
2710 2695 2738 2715 )I
2931 2693 2973 2714 (μ
3122 2699 3130 2711 ι
3370 2695 3388 2724 ι
3611 2698 3622 2716 ι
3674 2719 3691 2726 _

2097 2719 2315 2775 εργετην
2379 2697 2601 2772 ἐφάνηςο
2672 2719 2858 2771 αυριον
2929 2715 2986 2751 οε
3063 2695 3231 2751 πάλιν
3309 2697 3473 2768 ἑτέρῳ
3556 2693 3743 2757 διασει,

2097 2787 2423 2864 Ἐφημέρων
2457 2786 2648 2861 ἄρχεις
2679 2786 2861 2852 αὐτὸς,
2893 2789 2972 2856 τῷ
3017 2783 3074 2839 δὲ.
3120 2787 3154 2853 ἡ
3201 2781 3450 2860 βασιλεία
3499 2785 3749 2849 αἰώνιος,

2098 2878 2190 2932 καὶ
2221 2876 2388 2950 πέρας
2429 2872 2690 2930 οὐδέποτε
2722 2871 3022 2948 δεχομένη.

2170 2969 2269 3022 ΙΔ“.
2303 2965 2402 3019 Καὶ
2452 2965 2479 3019 6
2537 2959 2878 3037 παραϐάτης⁶
2943 2964 3152 3021 Ἀνόσιε
3181 2962 3270 3018 καὶ
3318 2970 3416 3033 τῆς
3452 2968 3558 3020 τῶν
3613 2969 3739 3028 θεῶν

2103 3054 2352 3129 εὐμενίας
2386 3051 2665 3128 ἀλλότριε,
2699 3053 2888 3128 χθιζὸς
2921 3050 2993 3107 ὥν
3038 3054 3065 3107 6
3095 3053 3184 3115 σὸς
3224 3054 3450 3129 Χριστὸς
3480 3055 3571 3108 καὶ
3612 3053 3753 3130 ἐφη-

2107 3165 2292 3221 μερος,
2336 3143 2440 3198 ἀπὸ
2479 3147 2584 3198 τῶν
2658 3143 2976 3217 Αὐγούστου
3041 3162 3100 3197 τε
3199 3143 3462 3218 Καίσαρος
3530 3145 3747 3220 χρόνων

2102 3233 2418 3307 ἀρξάμενος,
2487 3231 2708 3292 αἰώνιος
2779 3229 3032 3304 βασιλεὺς
3093 3230 3198 3286 ὐπὸ
3269 3235 3364 3286 σοῦ
3429 3231 3747 3306 κεχειροτό-

2092 3343 2248 3393 νηται
2310 3323 2590 3395 σήμερον;
2650 3322 2750 3375 Καὶ
2808 3321 2836 3375 6
2898 3319 3122 3394 μάρτυς’
3187 3321 3313 3391 Ναὶ,
3364 3322 3499 3374 κατὰ
3548 3321 3639 3392 μὲν
3682 3321 3745 3374 τὸ

2095 3412 2432 3485 ἀνθρώπινον
2465 3410 2556 3465 καὶ
2607 3410 2670 3464 τὸ
2735 3416 2835 3479 τῆς
2885 3409 3158 3486 ἀφράστου
3197 3411 3288 3464 καὶ
3345 3409 3584 3485 ἀρρήτου
3641 3409 3741 3463 a5-

2093 3505 2190 3556 τοῦ
2240 3499 2551 3574 οἰκονομίας
2615 3502 2937 3574 μυστήριον,
2997 3497 3177 3554 eam,”
3218 3501 3503 3575 σαρώσεως
3560 3500 3736 3562 οὕτως

2096 3585 2237 3666 ἔχει,
2297 3587 2546 3664 βασιλεῦ,
2607 3589 2721 3644 ἐπεὶ
2790 3589 2925 3643 κατά
2994 3590 3093 3659 τήν
3175 3588 3315 3643 θείαν
3399 3589 3564 3644 αὐτοῦ
3646 3589 3741 3643 καὶ

2097 3680 2424 3754 προάιώνιον
2474 3680 2720 3754 γέννησιν
2778 3675 2956 3739 οὐδεὶς
3025 3679 3368 3754 εὑρεθήσεται
3427 3677 3624 3757 χρόνος
3711 3679 3739 3732 6

2096 3768 2300 3838 ταύτης
2336 3769 2645 3845 ὑπέρτερον.
2680 3767 2781 3824 Καὶ
2818 3769 2845 3822 6
2891 3766 3163 3842 βασιλεὺς,
3195 3768 3423 3841 νομίσας
3480 3767 3742 3844 ἄγροικον

2100 3855 2413 3927 εἶναίξύτινα
2467 3860 2558 3911 τὸν
2612 3862 2709 3912 τοῦ
2775 3858 3012 3932 Χριστοῦ
3064 3859 3308 3933 μάρτυρα
3371 3856 3460 3912 καὶ
3523 3855 3743 3920 παιδίας

2099 3945 2397 4020 ἀμέτοχον,
2424 3943 2801 4020 δια-χλευάζων
2835 3946 2987 4022 φησί·
3031 3946 3147 4004 Οὐκ
3172 3945 3288 4016 οὖν,
3324 3944 3368 4000 ὦ
3407 3943 3746 4022 ταλαίπωρε,

2102 4035 2128 4089 6
2185 4035 2414 4110 Χριστός
2463 4056 2559 4090 σου
2613 4032 2696 4096 δίς
2758 4033 2859 4112 ἄρα
2917 4038 3258 4112 γεγέννηται,
3307 4037 3397 4091 καὶ
3439 4036 3526 4092 ἐπὶ
3566 4036 3748 4109 τούτῳ

2099 4125 2434 4198 κομπάζεις;
2468 4124 2588 4181 Εἱσί
2619 4124 2709 4179 καὶ
2742 4127 2869 4200 παρ’
2897 4123 3168 4195 Ἕλλησιν
3201 4123 3389 4200 ἄνδρες
3417 4127 3746 4198 σοφώτατοι,

2103 4215 2167 4269 οὐ
2205 4215 2367 4287 μόνον
2419 4210 2502 4276 δὶς
2549 4215 2913 4291 γεννηθέντες,
2970 4212 3113 4269 ἀλλὰ
3162 4213 3250 4268 καὶ
3298 4215 3417 4290 τρίς
3444 4233 3455 4244 ·
3499 4214 3617 4270 ὅτε
3643 4219 3744 4290 γάρ

2105 4304 2312 4378 Ἐρμῆς
2346 4304 2373 4357 6
2421 4304 2814 4379 Τρισμέγιστος
2863 4301 3318 4377 ἐπικαλούμενος,
3360 4304 3544 4379 τρίτον
3581 4303 3746 4374 ἦλθεν

2106 4393 2182 4454 εἷς
2221 4393 2425 4466 κόσμον
2451 4393 2634 4448 ἑαυτὸν
2677 4391 2998 4462 ἐπιδεικνὺς,
3049 4393 3226 4454 καθὼς
3292 4393 3346 4447 αἱ
3400 4395 3542 4468 ἱεραὶ
3581 4392 3746 4449 αὐτοῦ

2103 4483 2193 4536 καὶ
2263 4483 2556 4556 θαυμάσιαι
2627 4478 2812 4556 βίϐλοι
2872 4480 3271 4558 διαγορεύουσι,
3328 4483 3418 4538 καὶ
3467 4481 3555 4538 διὰ
3582 4487 3743 4540 τοῦτο

360 4565 689 4620 admirandi
719 4564 890 4633 libri;
924 4569 980 4620 et
1012 4565 1141 4621 ideo
1176 4568 1514 4624 nominatur
1554 4571 1992 4643 Trismegistus,

2107 4571 2504 4646 Τρισμέγιστος
2535 4572 2879 4644 ὀνομάζεται,
2913 4571 3120 4643 ὁμοίως
3173 4571 3228 4628 δὲ
3266 4572 3354 4628 καὶ
3409 4570 3747 4650 Πυθαγόρας,

358 4653 417 4708 id
467 4657 571 4723 est,
628 4657 714 4708 ter
771 4652 1079 4709 maximus.
1128 4654 1404 4712 Similiter
1464 4661 1658 4714 autem
1715 4660 1998 4732 Pythago-

2107 4661 2134 4714 6
2173 4663 2368 4716 τούτου
2407 4660 2745 4737 Μνησάρχου
2777 4660 3175 4734 υἱὸς,ξΣάμιος,

361 4757 477 4809 ras,
508 4743 607 4812 qui
641 4742 750 4798 hoc
786 4743 894 4798 fuit
935 4744 1229 4814 posterior,
1278 4747 1404 4818 ipse
1443 4763 1671 4819 quoque
1709 4752 1795 4804 ter
1836 4751 1993 4806 venit
2041 4751 2096 4806 in
2157 4754 2357 4824 vitam,
2406 4756 2469 4807 ut
2524 4752 2622 4823 qui
2679 4751 2866 4822 primo
2925 4751 3160 4822 quidem
3216 4753 3387 4810 fuerit
3443 4755 3752 4812 nauclerus

364 4831 685 4902 Egyptius,
737 4832 944 4888 deinde
1019 4835 1385 4907 Euphorbus,
1443 4838 1512 4893 de
1570 4854 1684 4910 quo
1743 4839 2012 4898 meminit
2059 4841 2378 4911 Homerus;
2423 4844 2715 4912 postremo
2768 4845 2961 4898 autem
3008 4844 3386 4915 Pythagoras,
3427 4843 3753 4902 Mnesarchi

367 4918 542 4987 ﬁlius,
576 4920 824 4978 Samius.

439 5008 555 5063 XV.
589 5010 806 5082 Martyr
836 5017 1031 5071 autem
1065 5015 1316 5073 suaviter
1345 5017 1596 5076 irridens
1631 5036 1817 5093 nugas
1850 5020 2004 5078 docti

367 5096 755 5167 imperatoris,
841 5107 896 5157 et
978 5104 1292 5175 impiorum
1377 5109 1678 5178 gentilium
1762 5110 2006 5167 stultilo-

367 5185 690 5254 quentiam,
740 5190 1074 5259 eonjectans
1131 5198 1321 5250 autem
1372 5200 1680 5265 tyrannum
1740 5214 1842 5268 per
1883 5197 2004 5253 hinc

364 5274 538 5329 verba
628 5277 822 5332 conari
917 5280 1157 5337 irridere
1249 5283 1464 5341 Christi
1553 5286 2001 5358 generationem,

366 5377 498 5417 cum
577 5379 790 5436 magna
859 5369 1157 5426 severitate
1237 5371 1289 5428 ei
1359 5373 1504 5430 dixit
1560 5380 1614 5430 et
1668 5373 1999 5430 nobilitate:

372 5448 684 5520 Oportebat
767 5469 871 5508 nec
956 5456 1060 5511 tibi
1137 5459 1371 5528 quidem
1449 5463 1686 5518 omnino
1769 5479 2006 5535 respon-

364 5538 514 5607 dere,
573 5555 606 5595 ο
663 5537 1058 5613 iniquissime,
1119 5562 1223 5602 nec
1281 5553 1336 5604 te
1403 5550 1522 5606 ulla
1594 5551 1819 5624 dignari
1875 5551 2006 5610 allo-

365 5627 618 5700 cutione,
653 5630 751 5688 sed
812 5634 1051 5701 propter
1104 5649 1252 5704 eam,
1296 5653 1421 5708 quae
1463 5639 1648 5711 adest,
1680 5639 2003 5698 multitudi-

2184 5020 2286 5076 IE'.
2347 5018 2449 5075 Καὶ
2552 5020 2579 5074 6
2659 5021 2884 5096 μάρτυς,
2972 5018 3075 5091 ἡδο
3172 5043 3224 5076 τι
3322 5021 3576 5098 γελάσας,
3641 5027 3750 5078 τῶι

2110 5107 2513 5183 κομψευμάτων
2566 5113 2663 5164 τοῦ
2711 5115 2879 5187 σοφοῦ
2950 5108 3240 5184 βασιλέως,
3309 5113 3396 5166 καὶ
3483 5120 3584 5181 τῆς
3646 5113 3757 5168 τῶν

2112 5191 2320 5251 ἀσεϐῶν
2380 5194 2659 5267 Ἑλλήνων
2733 5198 3107 5274 μωρολογίας,
3171 5201 3478 5269 ὑπονοήςας
3534 5197 3589 5255 δὲ
3656 5200 3754 5257 τόν

2109 5285 2369 5360 τύραννον
2405 5287 2506 5356 τὴν
2552 5290 2649 5342 τοῦ
2701 5288 2931 5361 Χριστοῦ
2982 5287 3228 5364 γέννησιν
3263 5287 3350 5344 διὰ
3380 5310 3589 5344 τουτων
3643 5295 3752 5345 τῶν

2112 5374 2373 5451 ῥημάτων
2421 5374 2707 5450 χλευάζειν
2755 5374 2864 5446 ἤδη
2910 5377 3270 5452 πειρώμενον,
3322 5373 3424 5452 ἔφη
3475 5377 3612 5452 πρὸς
3649 5378 3750 5434 αὖ·

2115 5463 2209 5517 τὸν
2253 5465 2388 5536 μετὰ
2434 5462 2652 5534 πολλῆς
2711 5471 2811 5533 τῆς
2869 5463 3163 5540 αὐστηρίας
3209 5466 3298 5520 καὶ
3345 5465 3750 5542 γενναιότητος.

2111 5550 2260 5611 Ἔδει
2289 5555 2388 5623 τήν
2421 5552 2599 5628 ἀρχὴν
2628 5554 2702 5627 μὴ
2737 5550 2794 5608 δὲ
2843 5554 3226 5630 ἀποκρίνασθαί
3275 5576 3381 5626 σοι,
3422 5575 3756 5632 παρανομω-

2112 5663 2254 5713 τατε,
2322 5644 2398 5716 μὴ
2459 5641 2515 5698 δὲ
2552 5648 2650 5713 τῆς
2711 5640 2825 5706 οἷάς
2873 5641 2965 5699 οῦν
3039 5642 3344 5721 ἀπολογίας
3398 5647 3752 5722 καταξιῶσαι,
