4128 6274
285 357 438 418 H77

1480 362 1974 426 MAR'I‘YRIUM
2019 365 2084 425 S.
2131 365 2478 426 ARTEMII.

3522 372 3676 432 1178

280 519 428 576 ἀλλά
458 516 548 574 διὰ
575 520 668 575 τὸν
709 523 1028 595 παρεστῶτα
1057 517 1231 596 ὅχλον
1269 519 1354 577 ὅτι
1400 529 1501 591 τῆς
1541 527 1638 576 τοῦ
1689 525 1924 597 Χριστοῦ

2058 541 2194 591 nem,
2248 527 2525 598 quoniam
2585 526 2909 598 complures
2961 545 3029 584 ex
3079 529 3152 585 iis
3210 535 3344 586 sunt
3389 531 3458 587 de
3505 547 3679 604 grege

281 610 523 682 ποίμνης
571 610 623 665 οἱ
675 609 901 672 πλείους
959 609 1138 666 αὐτῶν
1193 613 1580 690 τυγχάνουσιν,
1627 613 1780 668 εἶπον
1832 614 1929 667 ὅσα

284 697 350 768 δὴ
385 700 678 768 εἶπον,καὶ
734 703 826 753 νῦν
889 697 974 753 ἐπ’
1033 698 1208 774 ὀλίγω
1265 700 1394 774 ἐρῶ,
1426 707 1528 770 τῆς
1585 701 1758 756 αὐτῶν
1829 723 1930 772 κη-

283 783 516 860 δόμενος
575 787 870 863 σωτηρίας,
930 787 1015 843 ὅτι
1071 788 1161 844 τὸν
1190 797 1257 866 γῆ
1311 787 1512 844 ἄνωθεν
1541 791 1630 844 καὶ
1661 791 1764 864 πρὸ
1797 789 1932 845 πολι

282 874 395 931 λῶν
416 882 612 953 γενεῶν
644 877 696 931 οὶ
740 884 1016 954 προφῆται
1082 877 1549 954 προκατήγγειλαν
1595 881 1684 934 καὶ
1741 877 1932 934 πολλᾶ

287 973 388 1035 τῆς
431 967 729 1040 παρουσίας
779 968 948 1022 αύαού
1013 969 1082 1022 τὰ
1143 969 1429 1043 μαρτύρια,
1471 963 1532 1023 ἔκ
1573 989 1630 1024 τε
1660 974 1766 1024 τῶν
1799 972 1930 1045 παρ’

290 1056 417 1127 ὑμῖν
461 1060 732 1130 χρησμῶν
763 1057 852 1111 καὶ
905 1056 954 1125 ἐξ
989 1057 1163 1112 αὐτῶν
1215 1063 1324 1112 τῶν
1381 1054 1712 1113 Σιϐιλλείων
1751 1079 1932 1132 γραμ-

282 1145 490 1218 μάτων.
549 1147 646 1200 Καὶ
702 1151 802 1214 τῆς
862 1145 1329 1220 ἐνανθρωπήσεως
1409 1148 1579 1202 αὐτοῦ
1646 1151 1680 1217 ἡ
1759 1147 1928 1217 αἰτία,

277 1234 365 1288 ἐπὶ
424 1233 668 1310 σωτηρίᾳ
758 1235 1144 1305 καίάνακλήσει
1247 1241 1356 1304 τῆς
1443 1240 1554 1291 τῶν
1630 1237 1927 1310 ἀνθρώπων

277 1323 598 1386 ἐκπτώσεως
637 1322 876 1400 γέγονεν·
923 1323 1096 1388 ἐλθὼν
1135 1326 1238 1402 γὰρ
1297 1324 1384 1380 ἐπὶ
1443 1332 1543 1395 τῆς
1606 1332 1708 1401 γῆς
1757 1330 1930 1382 πᾶσαν

287 1415 444 1468 νόσον
487 1413 736 1484 ἀπήλασε
765 1413 856 1469 καὶ
910 1417 1083 1469 πᾶσαν
1138 1415 1435 1487 μαλακίαν,
1467 1415 1556 1469 καὶ
1611 1411 1932 1488 παραδόξως

290 1502 366 1556 ἑνὶ
398 1502 604 1578 ῥήματι
643 1501 863 1576 νεκροὺς
898 1503 1023 1577 ἤγεὶ
1056 1524 1142 1576 ρεν
1172 1500 1470 1572 ὀδωδότας,
1501 1505 1562 1558 τὸ
1613 1501 1668 1558 δὲ
1715 1505 1928 1558 πάντων

291 1593 753 1667 θαυμασιώτερον,
847 1593 978 1666 ὑπὲρ
1043 1599 1146 1662 τῆς
1211 1597 1306 1648 τοῦ
1378 1595 1590 1666 κόσμου
1667 1593 1936 1667 σωτηρίας

287 1681 471 1735 παθὼν
510 1681 571 1735 τὸ
631 1679 718 1736 διά
771 1685 1002 1755 σταυροῦ
1060 1683 1250 1752 πάθος,
1292 1683 1482 1752 ἀνέστη
1529 1684 1830 1757 τριήμερος
1875 1681 1934 1736 ἐκ

279 1773 387 1824 τῶν
449 1774 674 1846 νεκρῶν,
724 1771 826 1826 ὑπὸ
888 1771 1118 1845 μάρτυσι
1175 1771 1570 1838 πεντακοσίοις,
1626 1773 1716 1826 καὶ
1772 1791 1935 1846 οτρα-

290 1862 505 1913 τιωτῶν
555 1859 936 1934 φρουρούντων
990 1859 1155 1915 αὐτοῦ
1207 1865 1299 1916 τὸν
1349 1859 1658 1937 τάφον,⁶ίνα
1708 1863 1783 1934 μὴ
1819 1864 1930 1935 σχῇ
1964 1895 2020 1960 Β

285 1949 526 2026 χώρανὸ
565 1949 666 2018 τήν
706 1949 993 2004 ἀνάστασιν
1041 1950 1208 2004 αὐτοῦ
1265 1953 1667 2029 συκοφαντῆσαι
1732 1949 1932 2024 βουλόο

285 2057 467 2109 μενος,
517 2037 607 2092 καὶ
661 2037 891 2100 ἀναστάς
931 2038 988 2092 ἐγ
1035 2043 1236 2114 νεκρῶν
1281 2034 1437 2118 ὤφθη
1487 2045 1602 2102 τοῖς
1667 2041 1932 2113 μαθηταῖς

287 2123 471 2194 αὐτοῦ,
503 2126 585 2202 ἐφ’
650 2127 806 2189 ’ὀλαις
852 2127 1249 2202 τεσσαράκοντα
1305 2128 1536 2205 ἡμεραις
1603 2130 1715 2201 μετ’
1747 2128 1934 2202 ξαῦτῶν

288 2217 870 2294 συναναστρεφόμενος,
928 2219 1017 2272 καὶ
1089 2220 1338 2292 ὁρώντων
1423 2219 1598 2274 αὐτῶν
1649 2219 1740 2272 καὶ
1811 2218 1937 2294 βλε-

295 2305 508 2358 πόντων
567 2305 644 2366 εἷς
705 2307 968 2379 οὐρανοὺς
1027 2305 1330 2382 ἀνελήφθη,
1417 2309 1516 2376 τὴν
1599 2311 1696 2361 τοῦ
1783 2306 1938 2381 ἁγίου

291 2393 604 2468 Πνεύματος
661 2392 864 2470 δωρεάν
933 2395 1022 2450 καὶ
1084 2395 1308 2470 δύναμιν
1355 2398 1572 2458 τούτοις
1629 2396 1937 2466 ἐξαποστεί-

291 2481 412 2554 λας,
468 2481 608 2538 ὥστε
664 2483 753 2538 καί
811 2485 1094 2560 γλώσσαις
1141 2484 1450 2561 ἀλλογενῶν
1509 2483 1938 2563 ἂποφθέγγεσϐαι

287 2571 378 2626 καὶ
435 2573 511 2645 μή
573 2571 762 2650 χρείαν
819 2569 966 2648 *ἐχειν
1019 2577 1117 2628 τοῦ
1165 2573 1574 2648 ἐρμηνεύοντος·
1606 2572 1790 2628 ἐλάλει
1835 2574 1939 2650 γάρ

287 2659 338 2715 ἐν
369 2661 554 2723 αὐτοῖς
610 2662 671 2716 τὸ
733 2663 956 2736 Πνεῦμα
1011 2662 1074 2718 τὸ
1115 2663 1288 2738 ἅγιον,
1327 2662 1418 2718 καὶ
1471 2665 1534 2718 τά
1581 2661 1769 2738 πόρῥω
1813 2660 1942 2738 βλέ-

288 2770 405 2804 πειν
465 2747 667 2817 ἐδίδου,
717 2750 807 2805 καὶ
855 2751 1213 2826 προφητεύειν
1269 2753 1336 2805 τά
1396 2751 1688 2825 μέλλοντα·
1741 2749 1940 2814 ο⁹ίτινες

290 2836 598 2906 ἐξελθόντες
655 2836 916 2912 ἐκηρύξαν
977 2839 1140 2893 αὐτοῦ
1191 2843 1497 2916 πανταχοῦ,
1562 2837 1728 2911 μηδὲν
1763 2839 1944 2917 ἐπιφει-

295 2925 540 3001 ρόμενοι,
586 2927 621 2995 ἢ
669 2927 832 2999 μόνον
875 2928 974 2995 τήν
1031 2926 1194 2981 αὐτοῦ
1252 2928 1482 3000 ἀόρατον
1543 2924 1790 3000 δύναμιν,
1846 2927 1946 2982 οὐκ

295 3012 492 3070 ἀσπίδα
521 3015 612 3069 καὶ
657 3011 787 3091 δόρυ
833 3018 923 3069 καὶ
976 3015 1126 3093 ξίφος
1175 3015 1520 3093 κατέχοντες,
1555 3014 1701 3071 ἀλλὰ
1747 3017 1943 3091 γυμνοί

293 3105 383 3158 καί
447 3101 649 3158 ἄοπλοι
701 3103 792 3159 καὶ
852 3101 1098 3175 πένητες,
1157 3105 1248 3160 καὶ
1329 3105 1502 3160 πάντα
1566 3105 1658 3160 τὸν
1739 3105 1945 3178 κόσμον

294 3193 630 3269 ἐξώγρησαν,
699 3192 924 3268 νεκροὺς
1011 3193 1326 3269 ἐγείροντες,
1405 3193 1645 3270 λεπροὺς
1716 3195 1946 3266 καθαρί-

2039 616 2265 682 Chrisli,
2300 616 2416 672 dixi
2474 632 2837 688 quascunque
2888 619 3026 686 dixi,
3054 625 3109 675 et
3159 637 3314 676 nunc
3363 622 3538 676 etiam
3589 623 3677 677 di-

2040 721 2167 759 cam
2225 721 2555 776 parumper,
2615 723 2813 761 curam
2885 723 3090 778 gerens
3158 724 3354 764 eorum
3431 709 3676 766 salutis:

2039 792 2335 848 Christum
2367 795 2438 850 ab
2473 793 2590 849 alto
2635 799 2986 865 repetentes,
3023 796 3220 852 multis
3274 802 3404 853 ante
3451 797 3678 854 saeculis

2040 883 2332 952 prophetae
2365 882 2526 954 prius
2557 884 3000 954 annuntiarunl,
3034 885 3333 958 multaque
3364 891 3502 942 sunt
3551 887 3680 958 ejus

2040 973 2323 1027 adventus
2378 972 2732 1042 testimonia,
2764 977 2884 1030 tam
2936 991 3001 1029 ex
3041 975 3135 1041 iis,
3169 993 3294 1046 qua:
3343 981 3480 1031 sunt
3527 975 3684 1046 apud

2041 1077 2146 1115 nos
2203 1059 2475 1126 oraculis,
2535 1078 2707 1132 quam
2766 1079 2834 1117 ex
2881 1061 3024 1134 ipsis
3074 1065 3302 1134 scriptis
3357 1063 3677 1134 Sibyllinis.

2039 1151 2178 1221 Ejus
2210 1155 2402 1205 autem
2433 1156 2712 1222 susceptas
2745 1152 2934 1206 carnis
2964 1167 3133 1208 causa
3183 1151 3295 1206 fuit
3325 1157 3560 1224 propter
3591 1169 3681 1208 sa-

2039 1236 2219 1292 lutem
2278 1243 2336 1293 et
2393 1239 2820 1310 reparationem
2877 1239 3078 1311 lapsus
3144 1239 3472 1296 hominum.
3531 1241 3680 1298 Nam

2041 1343 2172 1381 cum
2221 1326 2478 1383 venisset
2509 1327 2566 1382 in
2601 1332 2834 1398 terram,
2868 1343 3090 1384 omnem
3143 1329 3408 1384 morbum
3459 1329 3682 1401 expulit

2041 1421 2097 1471 et
2154 1431 2388 1471 omnem
2447 1416 2849 1472 infirmitatem
2900 1433 2914 1474 :
2973 1423 3030 1473 et
3082 1417 3502 1474 admirabiliter
3567 1435 3683 1474 uno

2039 1507 2214 1562 verbo
2265 1506 2536 1562 excitavit
2584 1511 2864 1576 mortuos,
2898 1507 2991 1578 qui
3042 1509 3324 1564 fetebant.
3371 1507 3531 1574 Quod
3580 1525 3686 1562 au-

2041 1599 2156 1652 tem
2203 1599 2288 1651 est
2335 1595 2595 1672 omnium
2653 1596 2899 1652 maxime
2957 1597 3318 1664 admirabile,
3352 1613 3454 1667 pro
3497 1595 3684 1651 salute

2042 1685 2247 1740 mundi
2279 1701 2483 1756 passus
2514 1690 2761 1741 mortem
2809 1702 2912 1757 per
2941 1701 3191 1752 crucem,
3227 1685 3395 1741 tertio
3427 1683 3518 1739 die
3549 1701 3686 1740 sur-

2041 1773 2246 1828 rexita
2277 1775 2540 1841 mortuis,
2575 1775 2820 1830 testibus
2868 1775 2937 1830 iis
2987 1774 3292 1842 militibus,
3340 1773 3434 1844 qui
3487 1789 3685 1828 serva-

2042 1863 2184 1918 bant
2213 1863 2343 1932 ejus
2373 1863 2722 1934 sepulcrum,
2757 1868 2813 1918 et
2846 1862 3153 1934 plusquam
3205 1863 3539 1934 quingentis
3582 1863 3690 1916 ho-

2045 1951 2317 2020 minibus,
2352 1966 2422 2005 ne
2467 1951 2658 2006 locum
2719 1950 2950 2020 habeat,
3003 1951 3100 2022 qui
3162 1950 3286 2006 vult
3343 1949 3689 2005 calumniari

2045 2043 2173 2111 ejus
2206 2040 2713 2096 resurrectionem.
2739 2041 2959 2096 Etcum
2993 2043 3393 2096 surrexisseta
3421 2039 3688 2110 mortuis,

2043 2131 2205 2186 visus
2254 2133 2342 2186 est
2391 2129 2514 2185 suis
2558 2128 2877 2201 discipulis,
2932 2135 3078 2186 totos
3126 2128 3506 2200 quadraginta
3563 2128 3685 2182 dies

2047 2237 2176 2275 cum
2207 2219 2291 2274 eis
2321 2235 2579 2287 versans,
2620 2218 2816 2290 eisque
2861 2217 3194 2274 videntibus
3244 2221 3300 2272 et
3349 2215 3688 2287 aspicienti-

2046 2310 2178 2376 bus,
2221 2309 2330 2363 fuit
2375 2311 2712 2378 assumptus
2742 2309 2801 2362 in
2840 2307 3034 2362 caelos.
3063 2305 3320 2377 Denique
3363 2305 3446 2360 eis
3494 2304 3681 2359 sancti

2046 2399 2296 2469 Spiritus
2344 2399 2563 2454 donum
2613 2396 2847 2452 demisit
2876 2401 2934 2451 et
2962 2397 3258 2462 virtutem,
3301 2397 3444 2450 adeo
3495 2402 3556 2448 ut
3597 2392 3682 2450 lc-

2048 2491 2366 2558 querentur
2397 2485 2612 2555 linguis
2645 2484 3126 2556 alienigenarum,
3159 2491 3212 2538 et
3243 2499 3357 2539 non
3390 2499 3538 2553 opus
3577 2481 3684 2536 ba-

2047 2576 2246 2632 berent
2275 2575 2610 2646 interprete.
2645 2574 3018 2645 Loqucbatur
3060 2573 3214 2629 enim
3247 2573 3308 2628 in
3339 2573 3419 2628 eis
3451 2579 3688 2627 sanctus

2048 2663 2315 2734 Spiritus,
2349 2668 2403 2718 et
2431 2664 2606 2718 dabat
2649 2662 2754 2728 eis,
2789 2666 2852 2718 ut
2883 2662 3160 2727 viderent,
3197 2679 3322 2734 qua:
3353 2665 3516 2717 erant
3560 2677 3690 2732 pro-

2049 2753 2141 2810 cul
2198 2756 2442 2821 remota,
2497 2759 2551 2808 et
2602 2751 2798 2808 futura
2855 2751 3252 2822 praedicerent.
3299 2749 3404 2818 Qui
3455 2749 3690 2820 quidem

2049 2843 2288 2912 egressi,
2320 2842 2510 2911 ipsum
2568 2843 2783 2911 ubique
2831 2840 3238 2912 praedicarunt,
3269 2848 3322 2895 et
3355 2838 3498 2894 nihil
3540 2838 3690 2893 infe-

2051 2933 2264 2994 rentes,
2297 2931 2502 2999 praeter
2530 2927 2710 2984 solam
2755 2929 2881 2999 ejus
2931 2929 3226 2998 virtutem,
3260 2944 3386 3000 quis
3432 2943 3544 2981 non
3594 2941 3692 2980 ca-

2053 3021 2225 3075 debat
2258 3019 2371 3074 sub
2405 3023 2726 3090 aspectum,
2761 3035 2948 3090 neque
2976 3017 3267 3091 clypeum,
3299 3017 3563 3073 lanceam
3595 3019 3692 3070 aut

2053 3123 2252 3164 ensem
2295 3111 2599 3164 tenentes:
2631 3109 2734 3165 sed
2788 3110 2953 3176 nudi,
2995 3109 3269 3175 inermes,
3314 3110 3371 3162 et
3409 3121 3690 3178 pauperes

2055 3197 2342 3252 mundum
2375 3201 2647 3266 ceperunt
2679 3198 3031 3266 universum,
3065 3202 3326 3253 mortuos
3357 3195 3688 3261 excitantes,

299 3287 501 3354 ζοντες.
582 3282 840 3358 δαιμόνια
917 3281 1298 3348 ἐκϐάλλοντες.
1359 3289 1466 3342 Καὶ
1521 3289 1688 3341 ταῦτα
1759 3285 1940 3358 τίνεςς

2058 3283 2312 3356 leprosos
2363 3285 2730 3352 mundantes,
2764 3285 3051 3339 daemonia
3097 3285 3414 3354 ejicientes.
3447 3281 3692 3346 Quinam

302 3372 478 3436 ἁλιεῖς
531 3373 621 3428 καὶ
673 3373 1044 3450 ἀγράμματοι,
1093 3374 1182 3430 καὶ
1226 3381 1325 3446 τῆς
1361 3379 1458 3431 τοῦ
1505 3375 1716 3450 κόσμου
1756 3375 1946 3454 σοφίας

299 3461 592 3541 ἆμὲτοχοι.

373 3551 469 3614 Ις’.
530 3551 638 3613 Οὕς
696 3548 754 3606 δὲ
823 3551 989 3614 αὐτὸς
1071 3553 1486 3628 παρεισήγαγες,
1575 3551 1948 3629 ἒπικερτομῶν

300 3643 400 3710 τὴν
450 3647 548 3697 τοῦ
603 3643 838 3717 Χριστοῦ
883 3643 1152 3718 γέννησιν,
1221 3641 1417 3718 ἄνδρας
1489 3643 1688 3719 σοφοὺς
1745 3664 1802 3697 τε
1858 3641 1947 3697 καὶ

303 3729 621 3806 θεολόγους,
663 3730 739 3792 ὡς
789 3733 880 3786 νῦν
942 3729 1186 3807 εἷ’ρηκας,
1235 3731 1398 3786 εἶκαὶ
1448 3729 1674 3804 δοίημεν
1709 3731 1948 3804 ξᾶληθῶς

301 3819 548 3894 γενέσθαι
605 3823 769 3874 τοῦτο
818 3819 880 3874 τὸ
928 3822 1332 3894 παραληρημα,
1397 3820 1448 3875 τί
1482 3821 1824 3896 γεννηθέντες
1866 3817 1950 3882 δὶς

302 3911 394 3968 καὶ
489 3912 605 3986 τρὶς
697 3911 788 3965 καὶ
871 3911 1119 3986 τετράκις
1204 3913 1296 3968 τὸν
1361 3914 1569 3986 κόσμον
1637 3911 1948 3990 ὠφέλησαν,

304 3997 340 4070 ἥ
379 3998 542 4074 μέρος
571 4021 624 4056 τι
672 4003 779 4054 τῶν
829 4004 932 4055 τοῦ
960 4002 1171 4075 κόσμου
1209 4001 1399 4076 μικρὸν
1437 4003 1472 4072 ἢ
1499 4000 1836 4077 ἐλάχιστονξ
1868 4001 1951 4065 τίς

307 4091 366 4144 ἐκ
410 4093 523 4144 τῶΛ
579 4085 786 4144 ϐίϐλων
831 4091 1036 4164 Ἑρμοῦ
1092 4113 1150 4147 τε
1196 4091 1285 4146 καὶ
1347 4093 1687 4169 Πυθαγόρου.
1733 4091 1953 4166 νεκροὺς

307 4177 682 4251 ἐζανέστησεν,
739 4179 774 4248 ἦ
855 4177 1092 4256 λεπροὺς
1177 4179 1504 4255 ἐκαθάρισεν,
1571 4181 1606 4250 ἢ
1693 4178 1952 4252 δάίμονας

311 4269 613 4340 ἀπήλασεν,
648 4269 739 4332 οὖς
773 4269 928 4342 ὑμεῖς
972 4269 1332 4349 esp-arranius;
1364 4269 1528 4326 Ἀλλ’
1583 4272 1800 4342 Ἐρμῆς
1858 4269 1953 4342 μὲν

313 4359 342 4413 ὁ
441 4359 836 4432 Τρισμέγιστος
947 4360 1036 4430 ὕφ’
1137 4359 1292 4430 ὕμῶν
1386 4358 1956 4432 προραγορευόμενος,

313 4447 616 4523 Αἰγύπτιος
669 4449 882 4524 γέγονεν
953 4446 1258 4522 ἄνθρωπος,
1305 4447 1396 4503 καὶ
1460 4448 1579 4511 τοὶς
1640 4447 1953 4524 Αἰγυπτίων

313 4536 507 4610 νόμοις
565 4537 806 4615 τραφεὶς,
868 4537 1096 4612 γυναῖκά
1151 4557 1210 4592 τε
1265 4539 1472 4612 γήμας,
1521 4535 1718 4600 παῖδας
1761 4534 1958 4610 ἔτεκεν,

2057 3377 2248 3430 autem
2277 3373 2398 3430 haec
2431 3373 2738 3428 fecerunt?
2767 3372 3105 3438 Piscatores,
3139 3377 3196 3428 et
3239 3371 3422 3442 ignari
3468 3370 3692 3426 littera—

2058 3480 2200 3534 rum,
2227 3469 2281 3518 et
2311 3463 2411 3535 qui
2453 3461 2655 3518 mundi
2698 3461 2996 3533 sapientiae
3027 3478 3140 3517 non
3174 3463 3339 3516 erant
3371 3459 3692 3530 participes.

2127 3551 2276 3607 XVI.
2334 3555 2488 3616 Quos
2562 3554 2755 3608 autem
2830 3551 2952 3622 ipse
3026 3548 3329 3619 induxisti,
3389 3547 3697 3603 ludiﬁcans

2061 3641 2276 3698 Christi
2330 3640 2786 3713 generationem,
2817 3642 2973 3696 viros
3032 3643 3232 3696 doctos
3279 3644 3336 3694 ct
3373 3638 3696 3710 theologos,

2062 3739 2128 3789 ut
2157 3748 2312 3788 nunc
2346 3731 2562 3798 dixisti,
2595 3731 2822 3786 etiamsi
2873 3729 3335 3787 concesserimus
3366 3746 3494 3786 vere
3519 3728 3701 3784 fuisse

2062 3823 2171 3878 has
2201 3838 2407 3894 nugas,
2434 3820 2573 3892 quid
2607 3819 2717 3884 bis,
2741 3827 2794 3876 et
2825 3825 2934 3888 ter,
2959 3823 3015 3875 et
3038 3824 3243 3891 quater
3271 3819 3448 3892 geniti
3481 3818 3701 3874 mundo

2065 3913 2428 3985 profuerunt,
2461 3909 2548 3966 vel
2581 3910 2785 3965 mundi
2818 3925 3022 3982 parvae,
3056 3913 3230 3981 atque
3260 3909 3401 3964 adeo
3451 3907 3701 3962 minimas

2067 4001 2264 4074 parti?
2293 4001 2432 4067 Quis
2463 4014 2531 4055 ex
2561 3998 2828 4054 Mercurii
2861 4003 2915 4053 et
2948 3997 3281 4070 Pythagorea
3333 3997 3497 4053 libris
3547 4011 3705 4050 mor-

2066 4099 2200 4149 tuos
2231 4089 2551 4159 suscitavit,
2585 4093 2683 4144 aut
2713 4089 2972 4160 leprosos
3004 4087 3325 4154 mandavit,
3357 4090 3456 4141 aut
3484 4085 3707 4140 daemo-

2071 4197 2174 4236 nes
2221 4179 2460 4248 expulit,
2494 4194 2639 4248 quos
2663 4194 2766 4232 vos
2796 4177 3030 4231 colitis?
3061 4177 3170 4232 Sed
3219 4174 3538 4231 Mercurius
3582 4172 3709 4243 qui-

2073 4270 2224 4334 dem,
2258 4266 2355 4338 qui
2390 4283 2422 4322 a
2451 4264 2612 4320 vobis
2661 4265 2875 4318 dicitur
2921 4263 3362 4335 Trismegistus,
3397 4262 3504 4318 fuit
3533 4261 3706 4317 homo

2072 4356 2392 4429 JEgyptius,
2417 4354 2552 4410 etin
2585 4354 2809 4426 legibus
2831 4353 3114 4408 educatus
3143 4351 3460 4424 IEgyptiis:
3493 4355 3548 4406 et
3575 4365 3706 4406 cuni

2075 4447 2334 4503 duxisset
2372 4458 2633 4512 uxorem,
2667 4441 2888 4514 peperit
2927 4441 3102 4509 ﬁlios,
3134 4457 3384 4512 quorum
3417 4442 3550 4494 natu
3583 4453 3708 4493 ma-

2067 4537 2258 4608 jorem
2286 4535 2394 4590 Tat
2422 4531 2748 4602 nominant,
2771 4547 2903 4588 cum
2938 4548 3051 4604 quo
3083 4529 3363 4602 loquitur,
3387 4529 3438 4584 ei
3460 4544 3594 4582 suas
3617 4527 3713 4582 dc-

318 4621 390 4678 ῶν
422 4627 511 4680 τὸν
564 4621 952 4702 πρεσϐύτερον,
985 4625 1096 4684 Τάτ
1146 4625 1473 4700 ὀνομάζουσι
1519 4628 1654 4702 πρὸς
1698 4625 1756 4682 ὅν
1805 4625 1947 4681 αὐτὸς

2077 4628 2280 4683 dicens
2328 4624 2642 4694 orationes,
2687 4627 2742 4680 et
2789 4639 2920 4678 cum
2969 4621 3234 4693 Asclepio
3283 4637 3352 4676 ex
3397 4617 3709 4690 Epidauro,

321 4711 656 4788 διαλέγεται,
705 4714 964 4778 καὶτοὺς
1025 4717 1223 4772 ἑαυτοῦ
1280 4715 1478 4795 λόγους
1536 4718 1775 4794 ἆφοσιοῖ,
1830 4715 1965 4793 πρός

319 4821 378 4856 τε
410 4803 501 4858 τὸν
561 4801 613 4874 ἐξ
645 4800 972 4879 Ἐπιδαύρου
1021 4803 1359 4876 Ἀσκληπιὸν
1395 4807 1486 4862 τὸν
1525 4805 1968 4882 προκατάρξαντα

325 4892 443 4947 καθ’
502 4893 642 4966 ὑμᾶς
687 4899 788 4962 τῆς
834 4894 1086 4969 ἱατρικῆς
1124 4895 1456 4970 ἐπιστήμης,
1487 4897 1533 4969 ᾧ
1585 4897 1675 4952 vari
1711 4897 1810 4966 τὴν
1846 4895 1967 4950 ἔαυ-

327 4987 424 5037 τοῦ
471 4979 753 5058 Θεολογίαν
797 4980 1050 5062 διασαφεῖ
1097 4983 1270 5048 οὕτως
1317 4983 1570 5064 ἔχουσαν·
1613 4987 1741 5042 Θεὸν
1779 4991 1970 5055 νοῆσαι

331 5070 424 5143 μὲν
471 5069 742 5147 χαλεπὸν,
803 5076 999 5149 φρᾶσαι
1059 5069 1116 5127 δὲ
1166 5071 1446 5144 ἀδύνατον,
1508 5073 1621 5130 ἔστι
1675 5075 1779 5150 γὰρ
1819 5093 1970 5150 τρισ-

325 5159 649 5233 υπόστατος,
681 5163 1072 5237 ἀνερμήνευτος
1115 5161 1267 5218 οὐσία
1295 5164 1386 5218 καὶ
1417 5163 1594 5242 φύσις,
1629 5163 1728 5219 οὐκ
1769 5160 1972 5238 ἔχουσα

327 5251 472 5325 παρὰ
527 5253 746 5326 βροτοῖς
779 5251 1122 5326 ἐξομοίωσιν.
1157 5250 1263 5313 Οὕς
1302 5249 1359 5307 δὲ
1407 5253 1558 5317 θεοὺς
1615 5253 1972 5327 ὀνομάζουσιν

330 5338 632 5414 ἅνθρῶποι,
691 5339 837 5396 πολὺ
876 5343 938 5397 τὸ
994 5337 1236 5414 μυθῶδες
1280 5340 1370 5396 καὶ
1443 5341 1708 5419 σφαλερὸν
1757 5342 1972 5406 ἑαυτοῖς

332 5427 721 5488 ἐπεσπάσαντο.
755 5431 816 5487 οὗ
853 5433 959 5506 μὴν
989 5429 1134 5486 ἀλλὰ
1175 5431 1262 5485 καὶ
1293 5431 1418 5506 περί
1455 5433 1553 5502 τῆς
1597 5437 1693 5487 τοῦ
1740 5433 1975 5507 Χριστοῦ

329 5514 596 5582 ἐλεύσεως
646 5520 734 5575 καὶ
797 5519 961 5583 αὐτὸς
1014 5514 1260 5592 ἀμυδράν
1328 5539 1445 5574 τινα
1502 5519 1835 5598 προφητείαν
1893 5517 1977 5575 δι-

330 5605 601 5682 αγορεύει,
635 5607 734 5664 οὐκ
789 5607 840 5680 ἐξ
897 5608 1110 5677 ἑαυτοῦ,
1161 5604 1288 5662 ἀλλ’
1317 5605 1376 5662 ἐκ
1415 5604 1805 5684 τῆςἙϐραίων
1865 5611 1978 5664 θεο-

333 5693 524 5772 λογίας
573 5697 770 5770 ταύτην
839 5697 1270 5775 ἀπαρυσάμενος.
1341 5695 1514 5756 Ἀλλὰ
1585 5698 1640 5753 τί
1714 5719 1808 5774 μοι
1871 5701 1980 5754 τῶν

2078 4715 2198 4787 qui,
2233 4719 2296 4770 ut
2325 4731 2425 4770 vos
2455 4713 2654 4781 vultis,
2687 4713 2797 4767 fuit
2834 4715 3029 4768 auctor
3060 4715 3117 4767 et
3147 4711 3412 4782 princeps
3456 4708 3710 4763 scientias

2077 4803 2410 4861 medicinas:
2436 4803 2529 4858 cui
2551 4803 2726 4858 etiam
2758 4817 2922 4856 suam
2956 4799 3226 4872 explicat,
3250 4814 3372 4868 quae
3403 4795 3486 4852 sic
3515 4795 3708 4862 habet,

2077 4892 2427 4965 theologiam
2454 4907 2466 4947 :
2502 4891 2684 4946 Deum
2717 4888 3036 4958 intelligere
3068 4887 3302 4960 quidem
3336 4889 3425 4941 est
3453 4883 3710 4954 difﬁcile,

2079 4984 2177 5041 sed
2208 4987 2273 5038 ut
2301 4997 2434 5038 eum
2475 4979 2661 5035 verbis
2709 4977 3018 5050 exprimas,
3049 4976 3293 5032 minime
3335 4977 3524 5046 potest
3567 4970 3710 5027 fieri.

2079 5077 2180 5130 Est
2210 5071 2364 5129 enim
2395 5069 2456 5127 in
2487 5074 2654 5125 terna
2683 5067 3008 5123 consistens
3037 5063 3356 5137 hypostasi,
3378 5060 3629 5118 essentia
3659 5063 3715 5116 et

2081 5166 2310 5230 natura,
2333 5176 2457 5233 qua:
2481 5175 2594 5214 non
2627 5159 2816 5230 potest
2844 5153 3138 5226 explicari,
3163 5170 3274 5209 non
3305 5151 3526 5208 habens
3558 5149 3714 5222 apud

2082 5251 2347 5308 homines
2361 5246 2858 5305 assimilationem.
2874 5243 3028 5308 Quos
3041 5247 3230 5299 autem
3251 5242 3386 5298 deos
3408 5240 3715 5296 nominant

2081 5339 2373 5405 homines,
2395 5338 2434 5393 ii
2459 5336 2676 5393 multas
2709 5341 2762 5391 et
2793 5331 3148 5406 periculosas
3169 5331 3240 5387 ad
3262 5347 3323 5388 se
3355 5329 3716 5386 attraxerunt

2087 5429 2330 5486 fabulas.
2353 5425 2684 5491 Quinetiam
2715 5426 2785 5481 de
2815 5423 3032 5479 Christi
3055 5421 3306 5478 adventu
3337 5420 3458 5492 ipse
3485 5433 3716 5491 quoque

2084 5520 2392 5576 obscuram
2426 5517 2743 5590 quamdam
2775 5513 2946 5571 refert
2975 5509 3362 5585 prophetiam,
3383 5513 3449 5565 ut
3471 5509 3569 5582 qui
3599 5522 3716 5562 non

2086 5625 2155 5665 ex
2184 5623 2266 5676 se,
2299 5607 2401 5664 sed
2431 5621 2500 5662 ex
2527 5605 2900 5662 Hebraeorum
2948 5618 3076 5659 eam
3119 5599 3376 5658 hauserit
3403 5594 3717 5666 theologia.

2088 5698 2198 5757 Sed
2227 5696 2371 5770 quid
2399 5695 2544 5754 mihi
2567 5711 2698 5753 cum
2721 5693 2974 5769 putridis
2993 5696 3052 5752 et
3072 5691 3224 5750 male
3252 5685 3542 5748 olentibus
3571 5683 3719 5740 Mer-
