4128 6274
432 405 585 464 11⁵79

1761 396 2053 459 MENSIS
2095 391 2474 457 OCTOBER.

3666 367 3843 430 1180

430 563 576 619 curii
605 561 813 627 verbis,
838 576 963 629 quae
995 576 1029 615 a
1058 558 1222 615 vobis
1253 559 1488 630 quidem
1520 560 1577 613 in
1608 559 1827 615 honore
1856 559 2071 615 haben-

2194 572 2405 644 σαπρῶν
2436 587 2495 622 τε
2522 565 2612 620 καὶ
2644 559 2929 618 ὀδωδότων
2962 560 3165 631 Ἐρμοῦ
3225 553 3511 629 ῥημάτων,
3533 556 3645 607 τῶν
3701 548 3847 644 gap:

430 657 545 717 tur,
568 651 684 720 iam
718 654 913 705 autem
945 649 1043 702 diu
1077 652 1209 703 ante
1242 656 1584 718 putruerunt
1611 652 1667 702 et
1686 647 2076 703 efﬂuxerunt?

429 739 625 809 Neque
658 739 813 793 enim
845 738 915 793 de
944 737 1089 792 vivis
1121 738 1208 792 fas
1232 742 1319 792 est
1340 752 1543 807 rogare
1571 740 1831 794 mortuos
1855 737 1950 800 iis,
1974 734 2070 806 qui

431 844 499 882 ex
528 827 744 881 divinis
786 825 1032 897 eloquiis
1082 825 1290 880 habent
1321 842 1487 880 veros
1520 834 1819 896 martyres,
1855 824 1951 895 qui
1980 824 2075 879 ad-

432 922 666 971 ventum
698 915 909 970 Christi
943 922 993 970 et
1025 914 1390 970 divinitatem
1424 914 1906 986 praenuntiarunt.

502 1094 671 1150 XVII.
708 1094 1055 1166 Pythagoras
1105 1098 1318 1161 autem,
1352 1095 1452 1165 qui
1504 1102 1669 1151 sectae
1716 1094 1925 1150 Italicae
1969 1092 2075 1148 fuit

434 1193 635 1238 auctor
664 1192 716 1237 et
748 1184 1037 1254 princeps,
1072 1184 1206 1253 quid
1256 1200 1533 1253 magnum
1578 1190 1633 1239 et
1664 1182 2073 1238 admirandum

434 1272 586 1342 fecit,
615 1277 701 1326 ter
732 1273 786 1325 in
821 1272 994 1326 vitam
1032 1273 1346 1342 productus
1368 1274 1501 1327 ?An
1535 1274 1686 1344 quod
1718 1290 1842 1328 cum
1874 1272 2079 1327 fuisset

434 1359 733 1430 Olympiae,
761 1367 823 1415 ut
842 1378 941 1415 vos
965 1361 1182 1429 dicitis,
1208 1378 1445 1417 aureum
1467 1378 1641 1416 suum
1664 1363 1853 1416 femur
1872 1365 2077 1417 osten-

434 1450 518 1503 dit
548 1449 938 1504 Hellanodicis
960 1452 987 1502 ἶ)
1014 1448 1114 1503 Vel
1147 1451 1300 1520 quod
1353 1452 1707 1521 mugientem
1752 1451 1956 1505 bovem
1990 1466 2079 1504 sa-

439 1537 803 1592 criﬁcaturus
830 1554 841 1590 :
869 1537 1070 1604 Habet,
1104 1537 1311 1607 inquit,
1345 1538 1600 1593 animam
1625 1538 1731 1593 viri
1763 1538 1907 1592 mihi
1939 1538 2080 1592 ami-

434 1626 683 1691 cissimi,
717 1632 773 1681 et
805 1642 903 1697 per
954 1626 1246 1697 mugitum
1294 1643 1385 1682 me
1432 1627 1649 1682 salutat
1696 1626 1939 1682 infelix?
1966 1627 2078 1681 Seu

436 1716 589 1786 quod
625 1715 900 1785 aquilam,
936 1733 1061 1787 quae
1114 1716 1367 1771 sublime
1412 1716 1660 1777 volabat.
1696 1732 1794 1788 per
1824 1718 2080 1771 incanta-

434 1805 653 1859 tionem
688 1803 825 1859 fecit
854 1805 1057 1859 cadere
1087 1804 1146 1858 in
1175 1809 1386 1861 terram
1405 1806 1433 1859 ?
1452 1809 1583 1860 Haec
1615 1804 1895 1862 miracula
1925 1805 2079 1870 fecit,

2185 659 2313 733 ύμῖν
2372 655 2714 729 τιμωμένων,
2754 649 2861 721 ἤδη
2922 650 3026 723 πρὸ
3071 644 3286 701 πολλυῦ
3354 642 3669 711 σεσηπότων
3742 637 3851 692 καὶ

2182 729 2641 821 ἀπερῥυηκότων;
2693 738 2820 795 οὐδὲ
2868 738 2971 813 γὰρ
3031 736 3177 789 ὅσιον
3241 732 3365 806 περὶ
3428 736 3535 785 τῶν
3610 729 3853 798 ζώντων

2182 816 2384 912 ἐρωτᾷν
2450 833 2576 894 τοὺς
2626 824 3143 905 νεκροὺς,ἔχοντας·
3176 822 3232 878 ἐκ
3274 827 3381 878 τῶν
3411 821 3687 895 θεοσόφων
3736 816 3857 871 λο-

2179 909 2309 1001 γίων
2359 923 2485 983 τοὺς
2530 922 2754 991 ἀληθεῖς
2807 920 3103 992 μάρτυρας,
3145 911 3197 968 οἵ
3259 913 3359 980 τήν
3427 909 3525 964 τοῦ
3592 909 3855 981 Χριστοῦ

2182 997 2481 1087 παρουσίαν
2513 1031 2571 1064 τε
2600 1009 2691 1064 καὶ
2723 1008 2952 1074 θεότητα
2984 997 3485 1079 προκατήγγειλαν.

2254 1084 2351 1159 lZ'.
2397 1098 2715 1174 Πυθαγόρας
2780 1094 2837 1151 δὲ
2894 1096 2921 1149 6
2986 1100 3084 1162 τῆς
3142 1088 3418 1154 Ἰταλικῆς
3448 1087 3713 1161 κατάρξας
3753 1084 3854 1139 αῖ-

3118 1182 3131 1197 .
3241 1178 3255 1196 ν
3394 1182 3421 1192 η
3539 1175 3549 1193 .

2187 1193 2382 1266 ρὲσεως
2420 1190 2474 1244 τί
2523 1189 2657 1263 μὲγα
2718 1187 2807 1240 καὶ
2867 1186 3169 1256 θαυμαστον
3239 1200 3291 1266 εν
3355 1199 3445 1266 τῳΔ
3497 1177 3611 1266 βιῳ.
3668 1194 3858 1266 «post

2185 1262 2486 1353 παραχθεὶς
2554 1262 2938 1349 ἀπειργάσατο,
2995 1271 3029 1339 ἢ
3098 1269 3181 1323 ’ὁτι
3257 1265 3309 1320 ἒν
3366 1262 3650 1335 Ὀλυμπίᾳ
3710 1262 3856 1336 γενό

2193 1388 2375 1442 μενος,
2426 1366 2498 1426 ὡς
2551 1365 2703 1436 ὑμεῖς
2757 1382 2907 1438 φατε,
2961 1360 3202 1433 χρυσοῦν
3254 1354 3346 1408 τὸν
3397 1354 3588 1407 ἑαυτοῦ
3657 1351 3852 1424 μηρὸν

2185 1439 2305 1516 τοῖς
2339 1450 2754 1513 Ἑλλανοδίκαις
2792 1447 3029 1517 ὑπέδειξε
3060 1468 3075 1517 ;
3108 1446 3199 1500 καὶ
3248 1446 3377 1518 βοῦν
3429 1442 3643 1496 θύεσθαι
3700 1439 3859 1512 μέλ-

2190 1542 2361 1598 λοντα
2396 1542 2801 1614 μυκησάμενονο
2848 1532 3130 1604 ’Δνοδρὸς,
3162 1529 3288 1604 ἔφη,
3321 1531 3509 1603 ψυχὴν
3551 1526 3678 1600 ἐμοὶ
3709 1524 3857 1604 φιλ-

2186 1632 2354 1686 τάτου
2411 1630 2687 1699 κέκτηται.
2747 1624 2837 1681 καὶ
2883 1622 2972 1678 διὰ
3035 1626 3133 1676 τοῦ
3186 1620 3510 1692 μυκήματος
3559 1636 3861 1689 προσαγο-

2195 1721 2333 1795 ρεύει
2403 1739 2468 1792 με
2499 1720 2527 1773 ὁ
2584 1715 2955 1790 ταλαίπωρος,
3003 1710 3093 1767 καὶ
3134 1709 3286 1764 ἀετὸν
3325 1707 3376 1763 ἐν
3427 1706 3547 1781 ὕψει
3595 1725 3861 1760 καταπε-

2192 1809 2413 1882 τὸμενον
2458 1805 2527 1862 δι’
2569 1803 2787 1877 ἐπῳδῆς
2836 1804 3153 1858 καταπεσεῖν
3204 1797 3292 1853 ἐπὶ
3354 1800 3460 1869 γῆς
3522 1795 3800 1862 πεποίηκε
3840 1811 3858 1861 ;

436 1908 565 1947 cum
594 1896 745 1947 esset
773 1892 1051 1964 Olympiae
1082 1897 1168 1949 ter
1196 1895 1428 1963 genitus
1472 1894 1844 1966 Pythagoras,
1878 1895 2080 1949 insano

2194 1881 2377 1955 Ταῦτα
2408 1898 2436 1951 6
2499 1897 2615 1971 τρὶς
2648 1893 2929 1971 γεννηθεὶς
2978 1887 3405 1962 ὲθαυματούργει
3462 1883 3513 1938 ἐν
3560 1881 3860 1953 Ὀλυμπίᾳ

438 1980 634 2051 gloriae
669 1996 861 2035 amore
893 1984 1121 2050 captus,
1153 1986 1209 2036 et
1239 1981 1462 2037 visione
1494 1983 1611 2037 haec
1643 1983 2087 2053 apprehendens

438 2071 525 2123 ter
554 2067 772 2135 infelix,
803 2069 903 2137 qui
937 2069 1377 2139 quaternionem
1417 2071 1838 2141 jusjurandum
1872 2071 2086 2127 consti-

439 2158 667 2226 tuebat,
701 2162 757 2213 et
785 2174 917 2213 eum
950 2159 1180 2215 dicebat
1212 2160 1430 2217 fontem
1461 2166 1691 2217 aeternae
1722 2169 1963 2231 naturae,
1989 2149 2085 2232 qui

439 2248 605 2302 fabas
657 2246 884 2302 colebat
934 2253 1164 2319 propter
1195 2267 1339 2320 quas
1371 2252 1560 2321 periit,
1594 2268 1729 2308 cum
1761 2252 1885 2308 suis
1916 2252 2087 2307 fami-

438 2335 683 2390 liaribus
715 2336 894 2392 simul
918 2338 1193 2408 expulsus
1215 2356 1248 2394 a
1267 2340 1613 2395 Tarentinis.
1639 2340 1786 2397 Nam
1810 2358 1940 2397 cum
1968 2341 2089 2396 nol-

438 2422 518 2477 let
546 2422 769 2479 calcare
801 2424 1015 2491 locum,
1049 2426 1107 2480 in
1137 2444 1253 2497 quo
1288 2427 1428 2483 fabas
1452 2432 1614 2483 erant
1640 2428 1931 2497 dispersas,
1966 2429 2081 2482 ibi-

450 2511 582 2565 dem
616 2512 967 2567 interficitur
999 2530 1131 2567 cum
1164 2515 1550 2570 familiaribus
1580 2520 1635 2569 et
1666 2514 1988 2584 discipulis,
2022 2517 2079 2568 et

442 2600 803 2654 consumitur
833 2600 903 2653 ab
935 2600 1206 2655 inimicis.
1241 2602 1475 2655 Theano
1524 2606 1717 2655 autem
1766 2603 1893 2670 ejus
1932 2618 2078 2656 uxor

437 2691 495 2742 et
543 2686 850 2757 discipula,
891 2703 1022 2743 cum
1071 2687 1251 2742 nollet
1296 2688 1483 2743 dicere
1531 2704 1792 2757 causam,
1838 2693 2075 2760 propter

436 2791 611 2844 quam
658 2773 787 2829 faba
826 2791 941 2830 non
982 2784 1306 2844 vescuntur,
1341 2775 1469 2847 ipsa
1508 2792 1758 2847 quoque,
1792 2776 1843 2832 ei
1877 2776 2077 2849 lingua

437 2867 759 2933 amputata,
795 2864 1113 2933 perimitur.

507 3041 709 3097 XVIII.
743 3042 870 3098 Haec
902 3048 1038 3099 sunt
1078 3045 1408 3116 sapientum
1442 3045 1924 3117 philosophorum
1956 3047 2075 3118 pri-

436 3129 660 3200 vilegia,
694 3132 795 3202 qui
833 3131 922 3187 bis
962 3138 1019 3188 et
1067 3141 1149 3189 ter
1196 3140 1334 3189 sunt
1373 3134 1574 3206 geniti,
1609 3140 1672 3189 ut
1717 3136 1841 3207 ipse
1887 3136 2081 3193 dixisti

439 3220 707 3276 oratorie.
738 3220 841 3276 Illa
897 3226 1095 3278 autem
1153 3228 1292 3279 sunt
1340 3224 1455 3278 mei
1503 3224 1716 3280 Christi
1775 3225 2075 3295 miracula,

2195 1988 2505 2062 γενόμενος,
2556 1984 2869 2058 δοξομανιῖΝ
2922 1982 3012 2037 καὶ
3070 1980 3528 2059 φαντασιούμενος
3591 1974 3617 2027 ὁ
3687 1991 3855 2046 τρισ-

2196 2077 2406 2149 άθλιος,
2471 2078 2498 2131 ὁ
2556 2076 2653 2144 τὴν
2711 2070 3002 2147 τετρακτὺν
3054 2070 3213 2147 ὅρκον
3245 2071 3526 2141 τιθέμενος
3562 2063 3651 2117 καὶ
3711 2062 3859 2115 ταύ-

2194 2190 2295 2238 την
2349 2187 2565 2245 φασκων
2615 2165 2800 2239 πηγὴν
2848 2159 3066 2216 ἀεννάου
3124 2158 3357 2236 φύσεὼς,
3419 2158 3445 2210 6
3510 2154 3637 2213 τοὺς
3707 2152 3857 2245 κοάξ

2201 2238 2708 2329 μουςΠσεϐόμενος,
2751 2249 2819 2303 δι’
2879 2250 2975 2311 οὕς
3035 2247 3286 2302 ἀπώλετο
3322 2266 3457 2318 μετα
3510 2247 3617 2296 τῶν
3676 2238 3856 2292 αὑτοῦ

2197 2343 2450 2417 ἑταίρων,
2511 2341 2613 2393 ὑπὸ
2696 2342 2803 2391 τῶν
2889 2335 3226 2409 Τάραντίνων
3328 2329 3791 2399 συνελαυνόμενος
3835 2344 3851 2357 ·

2194 2433 2268 2502 μὴ
2316 2414 2668 2502 βουλόμενος
2725 2425 2826 2496 γὰρ
2890 2422 2981 2475 τὸν
3048 2420 3213 2475 τόπον
3270 2426 3531 2487 πατῆσαι,
3596 2415 3647 2469 ἐν
3700 2416 3747 2486 ᾦ
3792 2414 3856 2468 οἶ

2187 2517 2392 2587 κύαμοι
2474 2510 2800 2586 ἐσπαρμένοι
2885 2509 3197 2583 ἐτύγχανον,
3282 2507 3449 2561 αὐτοῦ
3524 2506 3660 2578 μετά
3730 2509 3857 2559 τῶν

2184 2604 2410 2677 ἑταίρων
2470 2600 2561 2656 καὶ
2649 2600 2907 2672 μαθητῶν
3001 2596 3449 2673 κατασφάττεται,
3543 2593 3633 2647 καὶ
3730 2597 3858 2647 τῶν

2183 2694 2393 2770 ἐχθρῶν
2446 2694 2656 2769 γίνεται
2706 2688 3109 2765 παρανάλωμα.
3170 2685 3349 2742 Θεανὼ
3410 2683 3467 2738 δὲ
3530 2684 3565 2752 ἡ
3641 2685 3864 2737 τούτον

2181 2784 2394 2859 γαμετὴ
2424 2782 2514 2836 καὶ
2565 2781 2863 2853 μαθήτρια,
2929 2778 3014 2849 μή
3076 2775 3310 2831 θελουσα
3364 2774 3464 2842 τὴν
3511 2771 3686 2859 αἰτίαν
3715 2790 3859 2824 κατ-

2186 2857 2353 2928 ειπεῖν
2386 2870 2454 2925 δι’
2504 2870 2569 2939 ἢν
2608 2870 2700 2924 τὸν
2751 2868 2961 2939 κύαμον
3006 2865 3105 2920 οὑκ
3151 2864 3412 2931 ἐσθίουσι,
3456 2863 3555 2928 τήν
3589 2857 3845 2933 γλῶτταν

2187 2958 2517 3033 ἓκτμηθεῖσα
2546 2954 2835 3030 πρότερον,
2867 2953 2958 3007 καὶ
2990 2948 3126 3019 αὑτή
3158 2946 3642 3022 προσαπόλλυται.

2257 3050 2366 3105 ΙΗ’.
2425 3050 2601 3101 Ταῦτα
2652 3048 2757 3098 τῶν
2836 3044 3017 3115 σοφῶν
3083 3033 3396 3117 φιλοσόφων
3456 3057 3522 3091 τα
3569 3033 3834 3108 προτερή-

2192 3159 2353 3211 ματα,
2384 3141 2491 3191 τῶν
2526 3132 2609 3197 δὶς
2645 3133 2735 3187 καὶ
2773 3130 2894 3206 τρὶς
2947 3130 3307 3206 γεννηθέντων
3359 3127 3435 3188 ὡς
3490 3123 3652 3185 αὐτὸς
3711 3121 3839 3211 ἐρήο

2186 3209 2467 3302 τόρευσας,
2523 3224 2745 3278 κάκεῖνα
2798 3224 2895 3275 τοῦ
2952 3219 3091 3292 ἐμοῦ
3158 3219 3399 3292 Χριστοῦ
3466 3213 3554 3268 ἐπὶ
3597 3209 3841 3285 σωτηρίᾳ

438 3314 671 3378 propter
706 3311 932 3382 generis
975 3312 1213 3370 humani
1262 3314 1512 3370 salutem
1545 3318 1598 3371 et
1630 3285 2074 3370 restitutionem:

2256 3285 2265 3302 .
2432 3285 2465 3294 -ι
2985 3285 2995 3292 .
3210 3285 3218 3292 .

2194 3316 2277 3371 καὶ
2321 3314 2621 3384 ἀνακλήσει
2662 3314 2759 3365 τοῦ
2807 3310 2914 3365 τῶν
2960 3308 3260 3382 ἀνθρώπων
3313 3305 3509 3380 γένους
3539 3302 3605 3357 τὰ
3658 3320 3839 3375 τερατ.

438 3394 508 3448 Et
540 3394 889 3467 Pythagoras
922 3400 1153 3469 quidem
1187 3404 1242 3455 et
1269 3402 1585 3457 Mercurius
1615 3401 1921 3457 hominum
1954 3404 2079 3457 ani-

441 3497 568 3536 mas
600 3484 899 3542 deducunt
928 3489 998 3543 ad
1032 3489 1384 3559 profundum
1427 3490 1766 3554 inferorum,
1797 3490 2077 3561 quasdam

439 3586 638 3626 earum
667 3577 1201 3647 transmigrationes
1225 3584 1278 3634 et
1300 3579 1696 3637 traductiones
1717 3581 2085 3637 introducen-

438 3662 546 3726 tes,
582 3660 895 3731 aliquando
928 3666 1161 3733 quidem
1194 3667 1250 3721 in
1280 3668 1558 3724 animalia
1606 3670 1843 3724 rationis
1882 3685 2080 3741 exper-

442 3744 517 3798 tia
547 3755 599 3801 et
634 3748 849 3803 bestias
879 3765 977 3804 eas
1006 3753 1375 3809 traducentes
1402 3771 1415 3809 :
1448 3755 1763 3824 aliquando
1794 3762 1989 3813 autem
2022 3758 2081 3813 in

440 3834 630 3903 pisces
661 3841 718 3891 et
748 3837 976 3907 plantas
1000 3863 1013 3905 ;
1036 3842 1091 3894 et
1113 3838 1257 3893 alias
1290 3842 1570 3912 quasdam
1603 3844 1992 3899 revocationes
2025 3850 2083 3900 et

442 3925 696 3982 ambitus
725 3926 1027 3997 ﬁngentes.
1063 3927 1330 3984 Christus
1381 3934 1598 3995 autem,
1635 3936 1699 3986 ut
1727 3932 1880 3987 Deus
1912 3949 2079 3987 verus

441 4022 495 4070 et
524 4018 796 4083 aaternus,
828 4031 961 4071 cum
1010 4016 1261 4073 animam
1309 4018 1539 4075 fecisset
1583 4019 1993 4092 immortalem,
2025 4025 2083 4076 et

446 4102 594 4158 senii
626 4108 916 4171 expertem
948 4104 1164 4172 divino,
1197 4106 1296 4177 qui
1328 4108 1436 4164 fuit
1465 4108 1537 4164 ab
1568 4109 1756 4179 initio,
1790 4110 1998 4182 spiritu
2028 4114 2085 4167 et

445 4192 859 4261 insufflatione,
887 4198 1115 4266 quando
1139 4197 1455 4257 fabricatus
1477 4201 1585 4256 fuit
1613 4202 1866 4273 primum
1896 4203 2085 4259 homi-

447 4298 579 4336 nem
632 4283 716 4350 (ut
756 4282 957 4353 divini,
991 4290 1047 4341 et
1078 4302 1221 4357 quos
1272 4306 1443 4346 nemo
1484 4296 1674 4361 potest
1717 4292 2085 4363 calumniari,

447 4370 696 4425 referunt
726 4370 858 4426 libri
892 4372 1107 4444 Mosis),
1134 4392 1261 4431 eam
1286 4394 1490 4433 rursus
1512 4395 1609 4448 per
1630 4379 2087 4436 inobedientiam

446 4456 692 4527 lapsam,
718 4463 772 4512 et
802 4460 1197 4529 deceptionem
1229 4464 1536 4534 serpentis,
1560 4466 1659 4537 qui
1687 4469 1852 4523 affert
1883 4469 2086 4538 animi,

447 4545 712 4612 exitium,
734 4544 859 4616 ipse
890 4538 1124 4603 veniens
1156 4549 1211 4605 in
1244 4554 1480 4619 terram,
1505 4559 1558 4609 et
1587 4554 1647 4609 in
1678 4572 1745 4611 ea
1775 4556 2012 4627 degens,
2037 4565 2090 4613 et

2190 3406 2536 3478 ουργήματα.
2599 3400 2697 3455 Καὶ
2760 3399 3077 3472 Πυθαγόρας
3144 3396 3237 3469 μὲν
3314 3393 3403 3448 καὶ
3473 3394 3686 3467 Ἑρμῆς
3744 3388 3843 3478 Ti:

2188 3477 2629 3565 τῶνάνθρώπων
2680 3489 2860 3563 ψυχὰς
2920 3487 2994 3549 εἷς
3050 3486 3143 3540 τὸν
3204 3480 3336 3554 ᾅδου
3386 3482 3635 3555 πυθμένα
3675 3477 3839 3533 κατά-

2190 3604 2366 3659 γουσι,
2404 3578 2855 3654 μετεμψυχώσεις
2921 3573 2985 3646 δή
3054 3594 3203 3633 τινας
3261 3572 3350 3627 καὶ
3420 3568 3841 3659 μεταγγισμους

2190 3654 2636 3745 παρεισάγοντες,
2666 3668 2798 3723 ποτὶ
2851 3666 2942 3733 μὲν
3006 3663 3082 3727 εἷς
3128 3660 3305 3738 ἄλογα
3356 3664 3467 3729 ζῶα
3508 3659 3607 3713 καὶ
3679 3654 3843 3745 θηρία

2189 3761 2390 3823 ταύτας
2432 3752 2904 3832 μεταϐιϐάζοντες,
2938 3753 3070 3809 ποτὶ
3120 3749 3177 3806 δῖε
3217 3751 3291 3811 εἰς
3341 3750 3499 3823 ῗχθῦς
3554 3747 3644 3801 καὶ
3702 3744 3843 3820 φυτὰ

2189 3848 2279 3904 καὶ
2345 3846 2520 3909 ἄλλας
2604 3847 2751 3909 τινὰς
2842 3841 3301 3911 ἓπανακυκλήσεις
3384 3838 3473 3893 καὶ
3546 3833 3844 3909 περιόδους

2191 3939 2569 3996 κατασπῶντες
2656 3933 2825 3995 αὐτὰς
2910 3933 3001 3987 καὶ
3087 3927 3564 4003 ἀπορῥαπίζοντες.
3623 3926 3684 3981 Ὀ
3782 3920 3839 3975 δὲ

2192 4024 2449 4098 Χριστὸς,
2481 4026 2599 4087 καθ’
2631 4024 2659 4077 ’ὸ
2702 4023 2830 4084 Θεὸς
2864 4022 3127 4097 ὑπάρχων
3176 4017 3390 4089 ἀληθὴς
3446 4016 3536 4070 καὶ
3596 4012 3839 4082 αἰώνιος,

2193 4113 2449 4169 ἀθάνατον
2524 4112 2689 4182 αὐτὴν
2787 4110 2877 4166 καὶ
2986 4109 3175 4185 ἀγήρω
3271 4105 3671 4164 κατασκευάσας
3760 4104 3842 4171 τῷ

2194 4202 2452 4281 ἆπαρχῆς
2516 4204 2778 4275 πνεύματι
2863 4200 2991 4272 θείῳ
3076 4198 3167 4251 καὶ
3242 4189 3840 4281 ἐμφυσήματι,γὴᾐνίκα

2194 4294 2286 4348 τὸν
2336 4279 2552 4366 πρῶτον
2612 4288 3040 4364 ἐδημιούργησεν
3098 4285 3406 4360 ἄνθρωπον,
3467 4283 3540 4343 ὡς
3601 4280 3653 4334 αἱ
3700 4279 3838 4332 θεῖαι

2196 4381 2285 4437 καὶ
2346 4378 2673 4451 ἀδιάϐλητοι
2749 4384 2845 4435 τοῦ
2913 4375 3153 4439 Μωσέως
3214 4368 3400 4448 βίϐλοι
3492 4369 3837 4446 διασαφοῦσι,

2196 4476 2464 4527 πεσοῦσαν
2531 4470 2694 4525 πάλιν
2726 4467 2814 4523 διὰ
2869 4474 2968 4536 τῆς
3036 4471 3317 4540 παρακοῆς
3346 4461 3433 4517 καὶ
3490 4467 3588 4530 τῆς
3624 4457 3838 4532 ἂπάτῃς

2197 4564 2294 4617 τὸὗ
2326 4558 2681 4635 ψυχοφθόρου
2713 4554 3004 4630 δράκοντος
3054 4553 3228 4610 ἐλθὼν
3297 4551 3385 4607 ἐπὶ
3443 4557 3547 4626 γῆς
3595 4549 3685 4603 καὶ
3744 4567 3839 4601 πο-

446 4634 597 4689 viam
629 4633 835 4690 salutis
854 4636 1020 4691 nobis
1044 4639 1379 4707 ostendens,
1404 4657 1505 4712 per
1525 4644 1888 4716 baptismum
1911 4652 1965 4703 et
1998 4662 2080 4703 re-

2200 4633 2582 4723 λιτευσάμενος
2669 4645 2757 4702 καὶ
2838 4643 3116 4715 ὑποδείξας
3183 4645 3320 4717 ἡμῖν
3373 4639 3495 4696 ὁδὸν
3567 4640 3838 4714 σωτηρίας

448 4723 858 4781 surrectionem
883 4742 916 4781 a
937 4728 1182 4783 mortuis
1202 4730 1272 4785 ab
1297 4730 1496 4787 inferis
1527 4733 1752 4789 reduxit
1783 4735 1856 4790 ad
1887 4736 2081 4794 caelos.

446 4813 512 4867 Et
547 4829 743 4871 rursus
772 4815 1010 4872 veniens
1033 4818 1505 4888 adjudicandum
1538 4823 1698 4879 vivos
1730 4829 1785 4881 et
1806 4834 2083 4898 mortuos,

448 4902 618 4959 faciet
649 4921 882 4977 surgere
907 4923 1171 4979 corpora,
1193 4914 1249 4965 et
1269 4913 1584 4985 conjunget
1605 4915 1729 4972 suis
1751 4916 2081 4989 animabus,

446 4995 501 5046 et
533 4992 730 5050 reddet
762 4996 1075 5069 unicuique
1106 5002 1423 5057 secundum
1456 5020 1565 5059 sua
1589 5021 1762 5076 opera
1784 5005 1823 5062 ί.

518 5254 669 5315 ΧΙΧ.
701 5257 832 5315 Haec
863 5277 996 5318 cum
1021 5267 1237 5336 martyr
1258 5265 1466 5322 fuisset
1488 5267 1953 5341 phiIOSOphatus,
1976 5270 2081 5326 ini-

449 5363 602 5433 quus
621 5346 922 5433 Julianus:
944 5349 1168 5422 Videte,
1188 5353 1397 5425 inquit,
1417 5357 1519 5410 viri
1538 5358 1782 5413 Romani
1804 5366 1855 5413 et
1879 5360 2083 5433 Graeci,

441 5432 598 5487 hunc
628 5432 970 5492 sceleratum
1001 5444 1058 5493 et
1087 5443 1504 5499 exsecrandum
1543 5444 1863 5516 hominem,
1896 5464 2082 5518 quan-

439 5524 528 5577 tas
559 5534 627 5574 ex
656 5519 865 5578 Graecis
894 5524 1222 5595 disciplinis
1270 5529 1474 5588 effudit
1511 5548 1697 5602 nugas
1724 5532 1785 5590 in
1817 5540 2080 5595 nostram

498 5705 523 5739 ι
556 5694 606 5756 Ι.
646 5695 779 5755 Cor.
811 5715 867 5774 ν,
902 5705 986 5761 10.

2198 4736 2288 4794 διὰ
2334 4742 2434 4793 τοῦ
2482 4736 2852 4810 βαπτίσματος
2882 4734 2970 4789 καὶ
3017 4738 3118 4802 τῆς
3146 4731 3206 4786 ἐκ
3234 4734 3441 4807 νεκρῶν
3490 4729 3654 4784 αὐτοῦ
3713 4728 3837 4783 ἀνα-

2196 4829 2452 4896 στάσεως,
2476 4825 2534 4881 ἐκ
2587 4830 2694 4880 τῶν
2754 4827 2851 4879 τοῦ
2911 4818 3043 4892 ᾅδου
3101 4823 3388 4894 πυθμένων
3446 4819 3523 4881 εἰς
3574 4817 3837 4893 οὐρανοὺς

2192 4916 2390 4987 ταύτην
2488 4913 2816 4991 ἐπανήγαγε,
2857 4913 2949 4967 καὶ
3044 4909 3212 4967 πάλιν
3271 4908 3576 4985 ἐρχόμενος
3655 4911 3835 4981 κρῖναι

2197 5010 2399 5075 ζῶντας
2449 5003 2537 5058 καὶ
2594 5004 2835 5078 νεκροὺς,
2896 5001 3240 5074 ἐξαναστήσει
3304 5001 3373 5054 τὰ
3440 4999 3691 5070 σώματα,
3745 4997 3836 5050 καὶ

2196 5093 2416 5168 συνάψει
2471 5098 2590 5157 ταῖς
2641 5094 2844 5148 ἑαυτῶν
2896 5095 3123 5170 ψυχαῖς,
3154 5089 3244 5145 καὶ
3300 5084 3574 5143 ἀποδώσει
3626 5085 3835 5158 ἑκάστῳ

2193 5184 2330 5241 κατᾶ
2365 5183 2431 5238 τὰ
2470 5178 2598 5257 ἔργα
2626 5183 2813 5239 αὐτοῦ.

2266 5278 2349 5332 [Θ.
2382 5276 2562 5331 Ταῦτα
2616 5277 2713 5328 τοῦ
2764 5271 3032 5348 μάρτυρος
3099 5270 3595 5349 φιλοσοφήσαντος,
3641 5269 3668 5323 6
3727 5288 3837 5323 πα-

2195 5362 2431 5438 ράνομος
2485 5360 2783 5423 Ἰουλιανός
2816 5376 2831 5392 ·
2879 5363 3091 5435 Ὁρᾶτε,
3142 5355 3267 5437 ἔφη,
3324 5356 3513 5433 ἄνδρες
3568 5359 3837 5429 Ῥωμαῖοι

2192 5450 2281 5505 καὶ
2308 5448 2601 5522 Ἕλληνες,
2630 5449 2844 5506 τουτονὶ
2875 5450 2965 5505 τὸν
2997 5448 3341 5521 παλαμναῖον
3378 5447 3467 5502 καὶ
3525 5445 3836 5518 ἀλιτήριον,

2192 5539 2359 5595 πόσον
2393 5537 2585 5597 ἐκτῶν
2614 5537 2916 5611 ἑλληνικῶν
2978 5537 3315 5613 μαθημάτων
3361 5534 3496 5592 κατὰ
3542 5542 3644 5605 τῆς
3692 5536 3837 5609 ἡμε-
