4128 6274
268 425 423 485 1181

265 582 423 658 τέρας
463 579 750 654 θρησκείας
814 576 1194 634 κατεσκέδασεν
1251 579 1458 651 ὕθλον;
1502 580 1590 636 Μὰ
1644 581 1733 634 τὸν
1792 579 2006 652 ἐμοὶΑ

1893 669 1906 687 \

268 668 737 746 προσφιλέστατον
814 667 1000 740 ἥλιον,
1078 667 1176 722 οὐκ
1251 663 1440 740 ἕμασιν
1517 669 1770 741 ἀνέξομαι
1853 669 1915 724 τὸ

269 763 606 835 Χριστιανῶν
675 756 981 813 ἄθεώτατον
1060 755 1464 812 ἐκπαιδεύεσθαι
1539 759 1715 832 γένος.
1776 755 1915 812 Ἰδοὺ

271 849 377 923 γὰρ
431 854 532 915 τῆς
581 847 726 922 ἱερᾶς
783 843 1032 906 παιδείας
1074 845 1164 900 καὶ
1215 848 1370 909 οὗτος
1422 847 1450 901 ὁ
1497 847 1641 900 κύων
1675 843 1916 918 μεταλα-

277 938 413 1012 χὼν,
447 937 544 991 κᾶν
579 937 680 991 οὐκ
711 934 914 997 ευθείας
949 935 1036 989 καὶ
1069 933 1307 1008 ὁμαλῆς,
1349 934 1473 990 ἀλλ’
1505 936 1657 1007 ὅμως
1702 933 1917 1002 πολλὴν

275 1048 398 1082 τινα
427 1027 516 1081 καὶ
550 1027 753 1098 ἀτερπῆ
802 1025 925 1099 περὶ
972 1025 1071 1092 τήν
1115 1024 1354 1098 ἱστορίαν
1407 1023 1737 1098 μορολογίαν
1787 1045 1919 1077 κατ-

279 1116 418 1189 έχεε.
470 1117 650 1170 Ταῦτα
708 1113 896 1180 εἰπὼν,
947 1111 1155 1168 κελεύει
1204 1113 1294 1166 τὸν
1358 1114 1604 1187 μάρτυρα
1649 1117 1764 1166 τοῖς
1817 1109 1922 1180 δη-

284 1205 431 1277 μίοις
479 1199 853 1273 παραδοθῆναι
934 1202 1022 1254 καὶ
1095 1206 1409 1275 μαστιγοῦν,
1464 1203 1596 1277 ἆγρι
1646 1200 1735 1254 καὶ
1804 1221 1925 1255 πεν⁹

278 1291 544 1346 τακοσίων
610 1294 865 1364 πληγῶν.
923 1291 989 1346 Οἱ
1052 1287 1107 1343 δὲ
1165 1285 1447 1359 λαϐόντες,
1496 1286 1688 1362 ᾔκιζον
1755 1289 1920 1342 ἀπαν-

281 1381 515 1455 θρώπως
545 1384 663 1439 ταῖς
699 1378 932 1451 μάστιξι,
967 1378 1058 1433 καὶ
1089 1381 1116 1433 ὁ
1148 1381 1315 1453 κήρυξ
1358 1374 1488 1433 ἐϐόα
1524 1399 1535 1410 ·
1569 1379 1814 1446 Ποίησον
1861 1378 1923 1431 τὸ

281 1475 377 1524 τοῦ
414 1465 684 1543 βασιλέως
734 1467 972 1540 θέλημα,
999 1473 1196 1522 παῦσαι
1255 1473 1361 1522 τῶν
1417 1467 1801 1542 μωρολογιῶν,
1835 1465 1925 1520 καὶ

285 1557 653 1632 ἀπαλλαγηση
707 1562 814 1611 τῶν
899 1555 1242 1626 κολαζόντων
1310 1578 1387 1612 σε.
1450 1557 1510 1613 Ὁ
1591 1554 1648 1610 δὲ
1721 1557 1926 1629 μάρτυς

286 1647 558 1722 ἐκαρτέρει
646 1647 1006 1718 τυπτόμενος,
1061 1650 1280 1700 σιωπῶν
1367 1645 1456 1700 καὶ
1537 1641 1707 1717 μηδὲν
1779 1642 1924 1704 ὅλως

287 1737 676 1814 φθεγγόμενος.
736 1734 1010 1797 Ἀτενίσας
1070 1732 1126 1789 δὲ
1181 1735 1316 1809 πρὸς
1376 1735 1468 1789 τὸν
1533 1736 1630 1788 τοῦ
1689 1735 1927 1805 Χριστοῦ

292 1825 538 1900 μάρτυρα
570 1823 875 1898 Μακάριον,
908 1824 1040 1900 φησί
1089 1823 1223 1894 πρὸς
1275 1821 1435 1878 αὐτόν
1469 1841 1482 1855 ·
1541 1822 1616 1876 Σὺ
1658 1819 1716 1876 δὲ
1754 1820 1804 1874 τί
1846 1819 1930 1875 λέ-

292 1935 406 2015 γεις
465 1913 586 1987 περὶ
655 1916 899 1979 σεαυτοῦ,
943 1910 1205 1986 δυστυχὲς
1262 1911 1603 1985 ἀνθρώπιονς
1651 1911 1932 1984 Μακάριος
1963 1950 2016 2015 Β

295 2001 307 2015 .
455 2003 505 2015 _.
580 2003 602 2015 ς
643 2001 667 2015 ,ι
862 2003 874 2015 .
1004 2006 1030 2015 ..
1085 1997 1109 2015 ..
1310 2000 1322 2014 .
1425 2001 1437 2015 .
1644 2000 1656 2015 ς
1701 2003 1722 2015 ..
1789 2003 1798 2015 .

293 1998 418 2080 ἔφη,
452 2003 522 2058 Σὺ
555 2003 602 2056 εἶ
641 2001 917 2076 δυστυχὴς
965 2006 1042 2072 τῷ
1082 1997 1193 2055 ὄντι
1235 2000 1327 2055 καὶ
1367 2001 1582 2055 πάντων
1634 2000 1931 2073 ἀνθρώπων

295 2091 654 2161 ἀθλιώτατος,
688 2088 797 2165 ἐγὼ
839 2088 894 2144 δὲ
947 2090 1210 2163 μακάριος
1262 2088 1506 2160 ἀληθῶς,
1540 2092 1932 2166 συμφωνοῦσαν

300 2175 443 2255 ἔχων
480 2186 596 2242 τοῖς
642 2178 925 2255 πράγμασι
975 2179 1062 2232 καὶ
1114 2180 1211 2247 τήν
1264 2178 1673 2252 προσωνυμίαν,
1709 2177 1789 2233 ὅτι
1847 2179 1939 2232 τὸν

295 2270 536 2344 Χριστὸν
570 2267 864 2342 ὁμολογῶν
894 2272 1202 2342 προσκυνῶ,
1235 2267 1396 2329 αὐτὸς
1430 2265 1486 2322 δὲ
1532 2271 1721 2322 τοῦτον
1769 2268 1942 2340 ἀπηρ-

295 2361 466 2428 νήσω,
501 2356 725 2430 δαίμοσι
754 2357 844 2411 καὶ
873 2361 950 2428 τῷ
1003 2354 1249 2428 διαϐόλῳ
1279 2355 1743 2429 προσκολληθεὶς,
1777 2355 1829 2409 οἳ
1887 2375 1944 2409 σε

297 2450 386 2502 καὶ
432 2448 496 2502 οὐ
545 2445 771 2501 θέλοντα
808 2447 889 2515 τῷ
934 2445 1144 2518 αἰωνίῳ
1187 2445 1318 2518 πυρὶ
1368 2444 1810 2520 παραπέμψουσι.
1845 2447 1944 2501 Καὶ

298 2540 328 2593 ὁ
369 2531 726 2610 παραϐάτηςο
781 2531 896 2592 Οἷδ¹
944 2536 1028 2589 ὅτι
1086 2536 1328 2604 θανατᾷς,
1361 2535 1515 2609 φησὶ,
1547 2533 1635 2588 καὶ
1681 2534 1817 2607 πρὸς
1859 2533 1947 2608 ὀρ-

297 2632 399 2705 γὴν
440 2628 664 2697 κινῆσαί
717 2647 783 2700 με
831 2624 1097 2695 σπεύδεις,
1130 2624 1226 2680 ’ίνα
1265 2633 1456 2690 θᾶττον
1513 2624 1838 2696 ἐξαναλώσω
1871 2645 1946 2682 σε.

303 2717 462 2777 Ἀλλ’
493 2716 601 2790 οὐχ
632 2717 704 2778 ὡς
740 2715 898 2778 αὐτὸς
929 2712 1168 2784 ἤλπισας
1204 2715 1376 2778 οὕτως
1417 2710 1566 2770 ἔσται
1599 2736 1704 2774 σοι.

375 2808 449 2861 K'.
508 2805 659 2873 Πλὴν
727 2803 874 2859 ἀλλά
926 2809 1086 2858 τοῦτο
1135 2808 1353 2877 πρῶτον
1418 2803 1729 2876 ἀπόκριναι,
1780 2803 1834 2856 τί
1890 2803 1952 2857 τὸ

308 2892 462 2966 δόξαν
517 2895 668 2964 ὑμῖν,
698 2897 742 2945 ὦ
790 2893 1106 2965 κατάρατοι,
1139 2891 1222 2945 ὅτι
1269 2893 1344 2964 μή
1379 2888 1436 2944 δὲ
1470 2897 1594 2962 μιᾶς
1625 2910 1772 2951 τινος
1805 2889 1954 2959 ἐξου-

309 2984 396 3038 σία
447 2983 574 3056 ὑμῖν
622 2979 1025 3054 ἐντειλαμένης,
1065 2980 1225 3035 παντὶ
1273 2980 1362 3033 καὶ
1403 2983 1684 3054 πανταχοῦ
1735 2976 1956 3052 διατρέ-

311 3070 642 3147 χοντες,τάς
694 3075 803 3124 τῶν
855 3069 1109 3144 μεγάλων
1162 3070 1296 3123 θεῶν
1347 3065 1583 3129 σπονδάς
1621 3089 1680 3122 τε
1717 3066 1808 3121 καὶ
1865 3068 1957 3121 θυ-

315 3162 437 3223 σίας
492 3159 806 3232 ἀνατρέπειν
884 3155 1231 3226 σπουδάζετε,
1284 3155 1626 3219 διδάσκοντες
1692 3156 1819 3216 τοὺς
1871 3157 1963 3209 ἀν-

317 3250 593 3326 θρώπους,
623 3247 851 3310 τούτους
915 3248 990 3319 μή
1050 3248 1182 3302 εἶναι
1224 3258 1398 3317 θεους,
1463 3248 1538 3319 μή
1598 3244 1655 3300 δὲ
1710 3252 1961 3321 σωτῆρας

1479 422 1586 482 MA
1598 423 1951 483 R’I‘YRIUM
1997 421 2060 482 S.
2107 419 2373 481 ARTEM
2387 417 2466 478 II.

3509 405 3662 465 1182

2031 581 2390 651 religionem.
2426 578 2532 632 Per
2561 575 2743 630 solem
2771 572 2908 627 mihi
2935 569 3371 636 cbarissimum,
3405 583 3519 622 non
3552 583 3672 621 am-

2027 670 2180 740 plius
2221 669 2402 724 feram
2433 664 2642 721 Graecis
2678 662 3004 732 disciplinis
3036 658 3264 714 institui
3299 654 3671 712 maximeim-

2029 760 2188 830 pium
2228 773 2411 828 genus
2444 753 2921 808 Christianorum.
2953 749 3097 803 Ecce
3137 746 3293 800 enim
3343 761 3513 800 sacrae
3565 743 3672 797 do-

2027 847 2224 902 ctrinae
2257 845 2453 914 aliqua
2481 860 2549 898 ex
2579 848 2740 912 parte
2772 840 3012 894 etl‘ectus
3046 837 3332 908 particeps
3367 832 3456 886 hic
3489 832 3669 894 canis,

2028 935 2158 990 licet
2181 949 2295 988 non
2316 931 2721 998 recte,multas
2742 935 2934 983 tamen
2967 932 3023 981 et
3044 923 3391 994 injucundas
3423 919 3676 990 ineptias

2028 1025 2231 1080 etl‘udit
2262 1025 2413 1078 circa
2447 1020 2774 1076 historiam.
2836 1018 2966 1072 Haec
3025 1032 3156 1069 cum
3189 1013 3454 1076 dixisset,
3502 1008 3676 1078 jubet

2031 1126 2341 1182 martyrem
2375 1110 2522 1166 tradi
2554 1109 2880 1174 lictoribus,
2913 1113 2966 1160 et
2996 1102 3194 1174 ﬂagris
3226 1100 3364 1156 caedi
3399 1098 3467 1152 ad
3503 1094 3676 1166 quin-

2030 1209 2233 1275 gentas
2251 1218 2433 1272 usque
2450 1200 2669 1270 plagas.
2698 1197 2782 1251 llli
2799 1200 2990 1250 autem
3008 1210 3132 1248 eum
3157 1194 3455 1261 acceptum
3476 1187 3674 1257 ﬂagris

2033 1294 2332 1348 caedebant
2361 1289 2703 1344 inhumane.
2729 1288 2797 1340 Et
2821 1300 3002 1356 praeco
3035 1281 3358 1336 clamabat:
3391 1279 3501 1331 Fac
3519 1275 3672 1346 quod

2030 1383 2156 1438 vult
2187 1383 2502 1450 imperator
2533 1396 2548 1430 :
2584 1377 2782 1431 desine
2815 1373 2993 1428 stulta
3043 1371 3218 1441 loqui,
3251 1374 3306 1423 et
3335 1363 3677 1421 liberaberis

2033 1472 2105 1527 ab
2139 1471 2230 1537 iis,
2265 1467 2363 1540 qui
2397 1476 2450 1522 te
2497 1465 2766 1536 puniunt.
2802 1463 3018 1532 Martyr
3047 1467 3239 1514 autem
3283 1455 3507 1511 fortiter
3539 1451 3680 1506 tole-

2033 1559 2216 1624 rabat,
2251 1558 2388 1610 dum
2430 1555 2847 1619 verberaretur,
2880 1555 3097 1616 tacens,
3131 1553 3187 1602 et
3245 1543 3389 1600 nihil
3440 1539 3680 1598 omnino

2033 1647 2381 1718 loquens.1n
2409 1645 2639 1698 beatum
2671 1656 2803 1695 vero
2844 1638 3160 1693 Macarium
3202 1633 3399 1690 oculos
3423 1631 3681 1699 deligens

2035 1717 2364 1806 imperator,
2390 1732 2440 1788 ei
2463 1732 2602 1786 dicit
2635 1747 2648 1784 :
2681 1730 2768 1784 Tu
2787 1733 2978 1782 autem
3012 1725 3153 1797 quid
3200 1722 3346 1778 dicis
3378 1721 3448 1774 de
3479 1717 3680 1788 teipso,

2037 1825 2236 1880 infelix
2267 1820 2659 1877 homuncule?
2690 1820 2901 1872 Beatus
2923 1820 3118 1871 autem
3140 1811 3283 1868 dixit
3303 1812 3560 1876 martyr:
3593 1806 3681 1860 Tu

2041 1932 2101 1970 es
2119 1929 2314 1969 revera
2336 1909 2556 1974 infelix,
2590 1914 2645 1963 et
2673 1905 2937 1961 omnium
2960 1900 3259 1957 hominum
3286 1895 3680 1953 miserrimus:

2043 2020 2148 2076 ego
2198 2006 2390 2057 autem
2431 2013 2562 2053 vere
2605 1997 2826 2059 beatus,
2861 1991 3080 2047 habens
3120 1985 3566 2059 appellationem
3601 1981 3682 2035 rei

2046 2087 2505 2155 convenientem,
2531 2082 2802 2155 quoniam
2839 2079 3135 2134 Christum
3159 2075 3443 2130 confitens
3474 2070 3680 2125 adoro:

2046 2181 2169 2251 ipse
2199 2185 2390 2233 autem
2423 2191 2557 2230 eum
2588 2172 2835 2243 negasti,
2888 2165 3251 2223 demonibus
3292 2161 3596 2218 adhaerens
3628 2161 3685 2212 et

2050 2248 2300 2334 diabolo,
2335 2265 2436 2336 qui
2467 2268 2522 2319 te
2564 2261 2651 2317 vel
2677 2260 2926 2314 invitum
2958 2254 3356 2311 transmittent
3386 2250 3456 2304 ad
3489 2248 3684 2318 ignem

2053 2368 2356 2413 aeternum.
2387 2353 2808 2421 Transgressor
2839 2350 3028 2402 autem
3060 2341 3325 2398 Julianus
3362 2354 3374 2391 :
3415 2334 3566 2401 Scio,
3599 2333 3688 2387 in-

2055 2446 2200 2518 quit,
2235 2449 2290 2499 te
2321 2446 2567 2497 mortem
2587 2453 2818 2508 cupere,
2837 2439 2892 2490 et
2922 2432 3155 2489 studere
3188 2443 3280 2483 me
3309 2427 3379 2481 ad
3402 2425 3544 2480 iram
3569 2438 3692 2476 mo-

2055 2553 2205 2601 vere,
2241 2538 2303 2588 ut
2331 2538 2390 2588 te
2419 2531 2532 2586 cito
2590 2536 2954 2584 consumam.
3017 2522 3223 2578 Verum
3282 2533 3394 2572 non
3439 2515 3519 2570 ita
3563 2511 3692 2579 erit,

2061 2631 2126 2682 ut
2149 2627 2420 2696 sperasti.

2133 2805 2256 2860 XX.
2291 2804 2400 2859 Sed
2435 2802 2543 2857 hoc
2592 2798 2736 2854 mihi
2784 2797 3042 2868 primum
3085 2789 3390 2862 responde,
3421 2785 3701 2857 quidnam

2065 2893 2229 2948 vobis
2260 2892 2450 2947 visum
2483 2889 2579 2955 sit,
2612 2905 2644 2944 0
2675 2884 3033 2947 exsecrandi,
3058 2881 3235 2951 quod,
3267 2892 3398 2932 cum
3419 2872 3580 2929 nulla
3608 2887 3704 2926 vo-

2068 2981 2157 3036 bis
2181 2978 2428 3050 jusserit
2459 2979 2738 3048 potestas,
2775 2988 2977 3029 omnes
3026 2973 3218 3039 partes
3248 2967 3546 3029 obeuntes,
3579 2976 3702 3015 ma-

2069 3083 2320 3140 gnorum
2359 3068 2602 3122 deorum
2657 3062 2908 3120 studetis
2937 3062 3188 3116 evertere
3219 3053 3504 3110 libamina
3531 3053 3705 3119 atque

2072 3156 2377 3222 sacriﬁcia,
2425 3157 2692 3210 docentes
2747 3151 3036 3214 homines,
3086 3163 3183 3202 eos
3229 3159 3344 3200 non
3375 3157 3498 3197 esse
3546 3139 3703 3203 deos,

2075 3261 2261 3315 neque
2305 3246 2625 3298 servatores
2667 3238 2824 3295 orbis
2858 3243 3042 3305 terrae,
3076 3250 3180 3290 nec
3209 3229 3451 3288 humani
3483 3223 3709 3298 generis

316 3348 415 3410 τῆς
481 3337 831 3413 οἴκουμένης,
871 3339 962 3393 καὶ
1017 3343 1116 3393 τοῦ
1173 3337 1512 3412 ἀνθρωπείου
1571 3337 1760 3414 γένους
1814 3356 1954 3410 προ-

2070 3350 2268 3393 curam
2302 3347 2518 3403 gerere,
2554 3344 2698 3397 quos
2729 3329 2801 3381 ab
2821 3342 2936 3380 aevo
2958 3329 3014 3380 et
3047 3321 3249 3378 multis
3273 3326 3424 3374 retro
3455 3312 3708 3378 saeculis,

317 3430 518 3500 νοητάς
575 3449 634 3484 τε
688 3428 778 3482 καὶ
835 3425 1166 3500 κηδεμόνας,
1222 3425 1318 3489 οὓς
1378 3429 1412 3495 ἡ
1479 3427 1570 3480 ἀπ’
1622 3425 1818 3488 αἰῶνος
1878 3423 1968 3479 καὶ

322 3520 524 3574 ἄνωθεν
601 3513 1086 3591 πατροπαράδοτος
1150 3519 1259 3570 τῶν
1337 3515 1634 3589 ἀνθρώπων
1713 3515 1968 3583 συνήθεια

324 3603 494 3662 σέϐειν
552 3627 610 3661 τε
659 3607 750 3660 καὶ
806 3609 1129 3680 προσκυνεῖν
1183 3601 1554 3678 παραδέδωκε,
1586 3604 1680 3658 τὸν
1735 3600 1792 3656 δὲ
1842 3603 1972 3675 Χρι-

326 3697 449 3752 στὸν
485 3697 614 3771 χθὲς
671 3699 768 3750 τοῦ
826 3696 953 3749 εἶναι
1013 3693 1307 3768 ἀρξάμενον
1365 3693 1455 3748 καὶ
1513 3693 1581 3746 οὐ
1643 3689 1969 3766 προπολλοῦ

328 3793 428 3855 τῆς
477 3783 747 3858 ἡμετέρας
785 3788 988 3858 γενεᾶς,
1040 3784 1166 3838 Θεὸν
1221 3782 1551 3856 προαιώνιον
1601 3781 1692 3836 καὶ
1743 3778 1972 3856 βασιλέα

328 3880 436 3930 τῶν
479 3873 622 3928 ὅλων
658 3873 1072 3947 ἀνακηρύττετε.
1106 3871 1213 3928 Καὶ
1262 3872 1290 3926 ὁ
1342 3872 1655 3945 Μακάριος·
1708 3870 1822 3927 Οὐκ
1867 3869 1971 3942 ἡρ·

328 3965 523 4033 κέσθης
552 3968 669 4024 ταῖς
701 3961 957 4038 Εὐγενίου
990 3967 1180 4038 σοφαῖς
1231 3956 1587 4031 ἀποδείξεσιν,
1620 3959 1971 4032 ἀνομώτατε;

331 4052 478 4122 πλὴν
537 4051 686 4128 κάγώ
745 4072 828 4106 σοι
896 4051 1224 4125 ὁμοτρόπως
1295 4050 1444 4121 αύτῷ
1501 4049 1597 4110 τὰς
1660 4048 1975 4121 ἀποκρίσεις

333 4144 661 4214 ποιήσομαι,
695 4142 778 4195 ὅτι
802 4140 1036 4212 Χριστὸς
1066 4139 1123 4193 ’ὸν
1158 4137 1247 4192 διά
1270 4137 1509 4214 γέλωτος
1549 4136 1610 4190 σὺ
1641 4138 1731 4190 καὶ
1761 4133 1974 4210 χλεύης

334 4235 492 4305 ποιῇ,
523 4231 688 4293 αὐτὸς
718 4235 834 4292 τοῖς
867 4227 1027 4290 ἰδίοις
1061 4225 1244 4302 εἷ’ρηκε
1288 4230 1575 4299 μαθηταῖς,
1618 4225 1975 4297 Πορευθέντες

339 4321 415 4382 εἴς
485 4321 576 4374 τὸν
655 4319 858 4391 κόσμον
924 4318 1155 4381 ἅπαντα,
1228 4313 1600 4385 μαθητεύσατε
1668 4313 1844 4366 πάντα
1911 4310 1977 4365 τὰ

339 4406 487 4478 ἔθνη,
516 4407 862 4482 βαπτίζοντες
894 4403 1088 4464 αὐτοὺς
1147 4401 1223 4466 εἷς
1269 4403 1330 4456 τὸ
1379 4399 1549 4474 ὄνομα
1601 4405 1698 4455 τοῦ
1748 4400 1978 4472 Πατρὸς,

339 4499 426 4553 καὶ
477 4501 574 4551 τοῦ
605 4500 756 4564 Υἱοῦ,
789 4495 881 4548 καὶ
934 4497 1032 4548 τοῦ
1088 4491 1241 4567 ἁγίου
1274 4491 1602 4564 Πνεύματος,
1637 4487 1979 4551 διδάσκοντες

343 4584 538 4648 αὐτοὺς
575 4584 757 4660 τηρεῖν
807 4584 982 4638 πάντα
1025 4581 1124 4638 ὅσα
1162 4579 1516 4653 ἐνετειλάμην
1571 4580 1722 4653 ὑμῖν,
1783 4579 1834 4633 οἳ
1890 4577 1980 4633 καὶ

2075 3443 2107 3481 a
2150 3422 2418 3496 patribus
2461 3421 2596 3475 data
2645 3415 2952 3473 hominum
3011 3409 3388 3476 consuetudo,
3439 3404 3711 3462 colendos

2073 3491 2312 3568 tradidit
2341 3515 2400 3568 et
2456 3507 2777 3565 adorandos
2811 3522 2826 3560 :
2857 3503 3157 3559 Christum
3205 3502 3424 3563 autem,
3456 3493 3555 3565 qui
3586 3491 3712 3547 heri

2079 3603 2251 3671 coepit
2280 3615 2428 3669 esse,
2460 3603 2517 3652 et
2543 3611 2659 3652 non
2695 3592 2939 3649 multum
2972 3593 3103 3646 ante
3149 3591 3412 3643 nostram
3455 3583 3707 3645 aetatem,

2083 3692 2258 3746 Deum
2301 3692 2434 3744 ante
2466 3684 2699 3753 saecula,
2735 3691 2789 3738 et
2817 3684 3031 3752 Regem
3066 3677 3470 3733 universorum
3503 3667 3713 3741 praedi-

2081 3781 2258 3836 catis.
2287 3777 2573 3834 Macarius
2603 3777 2797 3830 autem
2832 3789 2845 3827 :
2879 3775 3004 3826 Non
3030 3768 3131 3824 tibi
3162 3765 3538 3827 euﬂ‘ecerunt,
3573 3776 3604 3815 ο
3633 3758 3720 3813 vir

2080 3870 2474 3942 iniquissime,
2535 3865 2827 3937 sapientes
2883 3859 3128 3934 Eugenii
3177 3852 3719 3913 demonstrationes,

2081 3939 2235 4032 quod
2266 3960 2465 4014 eadem
2499 3960 2556 4013 et
2585 3955 2656 4010 de
2685 3952 2890 4008 iisdem
2942 3963 3171 4020 semper
3199 3946 3518 4012 interrogas
3547 3940 3575 3993 ?
3595 3939 3718 3992 Cae-

2081 4025 2266 4103 t-erum
2298 4062 2402 4118 ego
2435 4058 2668 4115 quoque
2690 4041 2792 4095 tibi
2825 4038 3023 4094 eodem
3056 4035 3250 4100 modo,
3283 4049 3391 4102 quo
3431 4030 3556 4100 ipse
3585 4025 3719 4080 red-

2084 4138 2216 4190 dam
2250 4117 2526 4205 responsa
2559 4149 2572 4184 :
2604 4129 2768 4194 Quod
2798 4127 3082 4191 Christus,
3114 4138 3286 4195 quem
3321 4129 3381 4174 tu
3415 4117 3622 4172 irrides
3652 4128 3718 4167 ac

2085 4201 2425 4283 ludiﬁcaris,
2459 4221 2584 4290 ipse
2629 4218 2750 4271 suis
2778 4215 2924 4270 dixit
2972 4211 3278 4282 discipulis
3313 4225 3326 4262 :
3354 4229 3382 4258 «
3414 4206 3631 4262 Euntes
3660 4201 3720 4255 in

2089 4311 2375 4367 mundum
2407 4289 2767 4371 universum,
2801 4305 3005 4358 docete
3048 4315 3250 4356 omnes
3282 4300 3500 4367 gentes,
3535 4289 3722 4362 bapti-

2091 4405 2289 4455 zantes
2327 4414 2424 4454 eos
2454 4397 2513 4451 in
2571 4393 2808 4450 nomine
2849 4391 3057 4458 Patris,
3089 4393 3146 4443 et
3188 4387 3341 4453 Filii,
3373 4388 3430 4439 et
3475 4380 3727 4452 Spiritus

2090 4490 2300 4558 sancti,
2359 4489 2634 4543 docentes
2691 4499 2788 4539 eos
2838 4493 3067 4537 servare
3116 4475 3316 4533 omnia
3372 4481 3733 4544 quaecunque

2092 4576 2363 4635 mandavi
2400 4575 2561 4632 vobis
2591 4574 2634 4628 ³.
2669 4595 2697 4622 ››
2729 4571 2834 4636 Qui
2867 4573 3037 4625 etiam
3086 4563 3326 4639 profecti
3357 4563 3478 4618 haec
3508 4559 3731 4614 docue-

343 4675 717 4750 πορευθέντες,
773 4677 940 4728 ταῦτα
1013 4668 1274 4741 ἐδίδαξαν,
1337 4668 1548 4748 φεύγειν
1607 4689 1664 4723 τε
1713 4667 1820 4723 ἀπὸ
1875 4670 1954 4721 τῶ

2064 4671 2256 4750 ,runt,
2289 4667 2482 4736 fugere
2513 4678 2660 4718 vana
2699 4660 3030 4726 simulacra,
3064 4661 3122 4712 et
3163 4652 3418 4712 converti
3452 4649 3520 4704 ad
3556 4648 3734 4700 Deum

351 4765 590 4841 ματαίων
633 4761 902 4833 εῗδώλων,
941 4762 1031 4818 καὶ
1070 4760 1406 4836 ἐπιστρέφειν
1465 4758 1552 4814 ἐπὶ
1602 4758 1730 4814 θεὸν
1789 4762 1983 4827 ζῶντα,

347 4858 406 4919 ’ὸς
454 4850 628 4911 ἔκτισε
682 4854 775 4909 τὸν
825 4852 1054 4927 οὐρανὸν
1105 4851 1195 4907 καὶ
1239 4852 1338 4918 τήν
1388 4855 1518 4926 γῆν,
1551 4849 1602 4904 οἱ
1643 4846 1700 4902 δὲ
1738 4847 1851 4902 θεοί
1891 4860 1990 4900 σου

349 4946 440 5008 οὓς
489 4944 654 5006 αὐτὸς
692 4946 1038 5016 προσκυνεῖς,
1083 4938 1359 5012 δαιμόνων
1413 4939 1512 4993 εἰσὶ
1558 4936 1856 5011 πλάσματα
1901 4933 1991 4990 καὶ

355 5035 536 5109 μύθων
586 5033 873 5106 εὐρέματα,
928 5030 1019 5085 καὶ
1079 5024 1402 5098 διαϐολικῆς
1462 5025 1723 5103 ἐνεργείας
1790 5045 1990 5104 κυοφο-

352 5126 590 5199 ρήματα.
626 5122 780 5197 Λέγει
840 5121 946 5197 γὰρ
1000 5118 1122 5193 περῖ
1172 5118 1346 5172 αὐτῶν
1396 5118 1432 5185 ἡ
1485 5116 1724 5190 ἡμετέρα
1779 5114 1992 5190 Γραφῆ,

353 5215 475 5268 Θεοὶ
507 5212 561 5268 οἳ
587 5215 680 5267 τὸν
712 5210 936 5285 οὐρανὸν
969 5209 1058 5263 καὶ
1107 5208 1205 5275 τὴν
1246 5213 1346 5281 γῆν
1394 5205 1494 5260 οὐκ
1536 5203 1793 5274 ἐποίησαν
1853 5204 1996 5258 ἀπο-

352 5302 652 5368 λέσθωσαν.
685 5300 762 5358 Οὐ
798 5299 960 5374 μόνον
1005 5295 1081 5367 δὲ,
1114 5295 1260 5352 ἀλλά
1297 5296 1387 5350 καὶ
1444 5293 1612 5367 νόμος
1648 5291 1845 5353 αὐτοὺς
1874 5288 1993 5346 ἓτε-

355 5413 447 5468 ρος
492 5389 798 5467 βασιλικὸς,
843 5389 870 5442 ὁ
917 5384 1061 5461 παρᾶ
1107 5382 1515 5444 Κωνσταντίνου
1562 5385 1660 5438 τοῦ
1715 5385 1811 5437 σοῦ
1862 5402 1994 5456 συγ-

427 5541 448 5575 ²
473 5539 680 5612 Matth,
700 5552 874 5606 xxvu,
908 5535 994 5605 19,
1023 5535 1116 5590 20.
1207 5532 1231 5568 ³
1258 5532 1372 5590 Jer.
1404 5549 1461 5601 κ,
1491 5532 1580 5588 11.

2095 4757 2314 4823 vivum,
2349 4753 2449 4824 qui
2508 4751 2722 4807 creavit
2779 4748 2989 4804 caelum
3036 4750 3092 4801 et
3119 4749 3356 4799 terram.
3403 4738 3491 4794 Dii
3540 4738 3732 4790 autem

2100 4847 2207 4914 tui,
2233 4860 2378 4915 quos
2404 4843 2529 4912 ipse
2561 4840 2788 4905 adoras,
2822 4843 2958 4892 sunt
2997 4835 3274 4905 ﬁgmenta
3305 4831 3652 4888 daemonum,
3677 4827 3735 4878 et

2100 4913 2332 4990 inventa
2371 4929 2699 4986 fabularum
2732 4925 3144 4994 diabolicteque
3177 4923 3331 4975 fetus
3360 4913 3731 4988 operationis.

2100 5023 2179 5078 De
2210 5021 2282 5076 iis
2317 5019 2472 5075 enim
2514 5015 2656 5071 dicit
2688 5018 2889 5070 nostra
2916 5012 3215 5082 Scriptura
3249 5024 3262 5063 :
3297 5028 3325 5058 «
3351 5005 3461 5069 Dii,
3494 5003 3592 5074 qui
3625 5018 3735 5057 cae-

2100 5112 2224 5168 lum
2256 5114 2314 5166 et
2343 5113 2558 5165 terram
2588 5122 2704 5161 non
2757 5105 3039 5166 fecerunt,
3087 5101 3326 5171 pereant
3353 5096 3396 5149 ³.
3432 5115 3461 5143 ››
3483 5092 3597 5148 Nec
3627 5091 3737 5147 hoc

2100 5200 2315 5268 solum,
2347 5198 2448 5254 sed
2480 5195 2591 5250 alia
2623 5208 2852 5266 quoque
2883 5191 2973 5246 lex
2993 5185 3368 5260 imperatoria
3397 5200 3429 5239 a
3459 5183 3738 5238 Constan-

2100 5291 2222 5347 tino
2248 5295 2348 5345 tuo
2379 5289 2624 5358 cognato
2647 5284 2783 5350 lata,
2816 5299 2915 5338 eos
2942 5277 3178 5352 expellit
3202 5275 3272 5332 ab
3300 5273 3660 5336 adoratione,
3682 5277 3738 5326 et

2101 5376 2366 5437 dissolvit
2391 5389 2587 5432 eorum
2620 5372 2814 5430 cultus
2837 5369 2860 5405 ³
2881 5388 2894 5427 :
2916 5369 3018 5440 qui
3047 5381 3179 5423 cum
3205 5364 3266 5418 in
3297 5360 3592 5421 Christum
3614 5374 3737 5415 cre-

439 5684 518 5757 (1)
549 5680 931 5757 Hujuslcgis,
973 5678 1058 5757 vel
1091 5676 1284 5752 potius
1315 5676 1521 5734 harum
1555 5675 1740 5746 legum
1766 5673 2037 5734 meminit
2056 5672 2260 5733 Euseb.
2287 5671 2390 5730 lib.
2422 5689 2459 5729 tt
2491 5667 2631 5727 Vitae
2663 5665 3023 5728 Constantini
3055 5685 3181 5740 cap.
3223 5665 3311 5734 43,
3343 5662 3411 5719 Us
3441 5657 3528 5726 45,
3561 5660 3616 5716 et
3636 5650 3740 5713 lib.

363 5767 437 5824 1v,
453 5753 582 5828 cap.
609 5757 678 5812 23
701 5773 715 5826 ;
749 5753 952 5812 Baron.
975 5753 1064 5808 32.
