4128 6274
437 397 592 456 1183

1768 391 2053 452 MENSIS
2095 391 2475 454 OCTOBER.

3680 393 3862 453 1184

436 554 695 620 didisset,
728 555 1017 611 idolorum
1050 554 1271 626 templa
1300 553 1500 610 evertit
1521 552 1738 619 omnia,
1767 556 1826 608 et
1846 568 1971 623 quae
1989 551 2062 607 eis

2181 553 2368 623 γενοῦς
2427 546 2680 616 ἔκτεθεῖς,
2740 544 2996 604 ἐκϐάλλει
3069 554 3170 619 τῆς
3246 551 3695 626 προσκυνήσεως,
3747 551 3862 605 καὶ

438 644 780 713 otl'eruntur,
804 643 1087 699 sacrificia
1117 646 1312 713 aperte
1343 641 1473 698 fecit
1494 657 1741 698 cessare.
1773 641 1920 705 Quid
1944 657 2080 713 ergo

440 732 576 786 mali
600 732 867 799 facimus,
900 749 932 787 ο
965 731 1299 801 imperator,
1334 732 1383 786 si
1434 748 1563 801 quae
1604 731 1756 786 Deus
1786 730 1989 801 jussit,
2022 739 2076 786 et

441 835 690 889 magnus
719 820 921 875 statuit
950 821 1280 892 imperator,
1306 837 1621 886 servamus,
1645 823 1701 875 et
1718 819 1982 874 homines
2005 820 2075 874 ad

439 923 506 962 ea
537 908 1014 980 hortamurzquae
1047 914 1241 964 autem
1272 913 1549 974 veterum,
1583 915 1641 963 ut
1673 907 1891 976 dixisti,
1925 907 2079 962 viro-

439 1012 570 1051 rum
600 997 928 1064 ignorantia
949 1015 1016 1053 ex
1034 999 1363 1054 daemonum
1386 997 1605 1053 invenit
1624 995 2075 1061 machinatione,

440 1086 861 1155 interdicimus,
895 1092 951 1142 et
982 1088 1172 1143 modis
1212 1087 1482 1143 omnibus
1516 1085 1937 1159 prohibemus?

2189 635 2449 692 καταλύει
2507 638 2685 691 αὐτῶν
2744 637 2810 691 τὰ
2864 632 3198 710 σεϐάσματα,
3241 638 3301 700 ’ὸς
3342 638 3417 700 εἰς
3478 640 3711 713 Χριστὸν
3753 660 3865 693 πι-

2186 726 2426 798 στεύσας,
2456 727 2523 781 τά
2568 730 2677 781 τῶν
2726 723 2971 780 εἰδώλων
3026 723 3227 798 τεμένη
3279 726 3447 781 πάντα
3485 728 3863 801 κατέστρεψε,

2185 815 2273 869 καὶ
2342 816 2439 878 τάς
2518 816 2921 889 προσαγομένας
3009 815 3195 877 θυσίας
3276 815 3462 878 αὐτοῖς
3535 814 3861 891 διαρρήδην

2186 903 2505 959 κατέπαυσε.
2535 905 2599 962 Τί
2649 903 2829 959 τοίνυν
2885 900 3208 976 ἀδικοῦμεν,
3251 905 3296 958 ὦ
3350 905 3595 979 βασιλεῦ,
3635 906 3669 960 ἆ
3711 905 3861 968 Θεὸς

2186 994 2498 1068 προσέταξε,
2548 992 2637 1047 καὶ
2708 992 2963 1067 βασιλεὺς
3030 993 3200 1067 μέγας
3263 995 3653 1068 νενομοθέτηκε
3709 1015 3860 1070 κρα-

2187 1082 2452 1150 τύνοντες,
2503 1082 2593 1136 καὶ
2652 1077 2823 1136 σέϐειν
2879 1081 3009 1144 τοὺς
3060 1081 3377 1156 ἀνθρώπους
3432 1083 3860 1157 ὑποτιθέμενοι,

441 1173 474 1226 ἆ
518 1171 574 1227 δὲ
621 1176 654 1243 ἠ
710 1180 813 1229 τῶν
872 1174 1140 1245 παλαιῶν,
1175 1178 1248 1237 ὡς
1296 1175 1451 1252 ἔφης,
1484 1173 1688 1248 ἀνδρῶν
1735 1173 1890 1229 ἄνοια
1948 1172 2006 1227 ἐκ
2060 1179 2161 1242 τῆς
2207 1176 2313 1227 τῶν
2367 1171 2640 1245 δαιμόνων
2687 1170 2875 1249 ἒφεῢρε
2917 1192 3043 1248 μηχ
3072 1173 3383 1251 ανουργίας,
3415 1174 3863 1248 ἀπαγορεύοντες

441 1284 499 1318 τε
527 1265 615 1318 καὶ
648 1270 776 1319 πᾶσι
806 1268 1031 1340 τρόποις
1064 1265 1483 1326 διακωλύοντες.

512 1356 652 1411 XXI.
687 1358 1109 1429 Transgressor
1136 1366 1326 1413 autem
1355 1356 1646 1425 Julianus,
1670 1356 1777 1411 Sed
1810 1357 2084 1412 Constan-

441 1443 622 1509 tinus,
655 1443 868 1515 inquit,
899 1462 1031 1500 cum
1071 1446 1393 1502 miserrime
1425 1446 1688 1518 quaedam
1745 1444 2081 1501 innovasset

444 1537 679 1603 propter
724 1535 774 1587 ei
806 1539 968 1603 grata
998 1535 1233 1601 scelera,
1268 1534 1476 1589 defecit
1511 1552 1544 1589 a
1568 1534 1701 1599 diis,
1740 1535 2013 1604 deceptus
2044 1549 2078 1587 a

442 1621 602 1676 vobis
632 1622 895 1693 Galilaeis,
930 1628 995 1679 ut
1018 1625 1114 1695 qui
1133 1628 1284 1681 esset
1305 1624 1464 1680 nulla
1486 1625 1751 1681 doctrina
1775 1622 2069 1695 praeditus,

442 1715 497 1765 et
526 1728 629 1766 nec
665 1713 963 1780 Romanis,
1013 1731 1116 1769 nec
1165 1715 1377 1771 Graecis
1408 1714 1636 1785 legibus
1696 1730 1762 1768 ac
1811 1711 2071 1767 moribus

2264 1353 2373 1410 KI'.
2412 1353 2514 1408 Καὶ
2571 1353 2598 1407 ὁ
2638 1347 2960 1428 παραϐάτης
2991 1370 3005 1385 ⁸
3059 1352 3236 1411 Ἀλλά
3282 1359 3713 1423 Κωνσταντῖνος,
3755 1354 3858 1409 οἷ-

2188 1441 2455 1515 κτρότατα
2485 1439 2827 1514 νεωτερίσας,
2869 1439 2958 1495 διὰ
2994 1443 3090 1506 τὰς
3118 1441 3282 1520 φίλας
3342 1444 3491 1515 αὐτῷ
3548 1442 3847 1517 ἀνοσιουρ-

2185 1530 2308 1603 γίας
2365 1529 2565 1599 ἀπέστη
2626 1534 2730 1584 τῶν
2788 1531 2946 1600 θεῶν,
3010 1531 3096 1608 ὑφ’
3136 1533 3299 1603 ἡμῶν
3351 1535 3458 1586 τῶν
3518 1529 3852 1587 Γαλιλαίων

2182 1615 2553 1688 ἐξαπατηθεὶς,
2585 1616 2676 1671 ἅτε
2717 1616 2782 1685 δὴ
2827 1617 2915 1672 καὶ
2956 1616 3203 1679 παιδείας
3244 1619 3543 1695 ἀμέτοχος,
3588 1621 3681 1673 καὶ
3726 1624 3851 1691 μή-

2178 1725 2235 1759 τε
2264 1710 2379 1768 τοῖς
2411 1707 2741 1777 Ῥωμαϊκοῖς
2792 1704 3149 1778 ἐμπεδωθεὶς,
3198 1709 3339 1779 μήτε
3395 1713 3514 1770 τοῖς
3579 1707 3851 1778 Ἑλληνι-

441 1800 834 1857 confirmatus.
896 1804 1011 1873 Ego
1052 1807 1268 1871 autem,
1301 1820 1331 1859 ο
1362 1783 1563 1873 impie,
1613 1801 1708 1872 qui
1743 1800 1971 1872 perveni
2004 1800 2062 1855 ad

2183 1800 2299 1856 κοῖς
2326 1794 2517 1867 νόμοις
2543 1795 2629 1849 καὶ
2664 1792 2854 1865 ἔθεσιν,
2887 1794 2996 1871 ἐγὼ
3030 1792 3109 1863 δὲ,
3142 1797 3186 1849 ὦ
3218 1796 3421 1870 ἀνόσιε,
3443 1804 3542 1866 τῆς
3572 1795 3847 1868 Ἑλληνι-

440 1905 739 1944 summum
770 1890 972 1946 Graecae
1003 1895 1061 1947 et
1094 1898 1364 1948 Romanae
1405 1892 1770 1958 eruditionis,
1802 1898 1854 1945 et
1897 1890 1954 1944 in
1988 1905 2078 1944 ve-

440 1982 628 2032 terum
659 1981 915 2035 virorum
936 1981 1246 2052 theologia,
1264 1982 1554 2047 Mercurii,
1579 1982 1841 2052 inquam,
1863 1978 2075 2050 Orphei

441 2073 495 2122 et
525 2066 773 2124 Platonis
804 2086 937 2125 sum
978 2072 1346 2137 exercitatus,
1377 2076 1435 2127 et
1465 2071 1524 2126 in
1555 2070 1815 2127 Judaicis
1847 2084 2076 2139 quoque

441 2155 745 2226 scripturis
795 2174 909 2213 non
942 2176 1149 2230 parum
1195 2165 1481 2228 versatus,
1514 2164 1735 2215 vestras
1786 2157 1953 2214 nihili
1987 2159 2073 2211 fa-

440 2244 597 2299 ciens
654 2247 1001 2319 praastigias,
1037 2250 1208 2319 jubeo
1239 2250 1507 2306 homines
1530 2250 1717 2305 redire
1748 2250 1818 2303 ad
1853 2262 2073 2302 morem

439 2336 496 2387 et
513 2332 735 2389 cultum
760 2352 792 2390 a
821 2338 1086 2406 patribus
1104 2339 1407 2408 traditum,
1441 2344 1499 2395 et
1522 2336 2000 2409 antiquissimum
2021 2340 2078 2390 et

435 2420 620 2490 pium,
654 2422 904 2480 multum
961 2426 1151 2482 valere
1200 2428 1416 2497 jubens
1447 2428 1653 2483 inanes
1707 2426 2073 2481 indoctorum

434 2510 758 2579 Opiniones.
783 2514 891 2567 Sed
934 2513 1029 2570 hic
1061 2532 1291 2588 quoque
1316 2524 1471 2573 veste
1503 2519 1769 2580 exuatur,
1801 2518 1857 2569 et
1886 2511 2074 2582 ﬂagel-

429 2597 619 2653 lorum
642 2600 811 2655 faciat
833 2602 1335 2671 periculum,utex
1352 2604 1460 2660 hoc
1473 2606 1708 2659 effectus
1736 2602 2067 2670 modestior,

428 2686 515 2740 vel
546 2686 760 2742 invitus
792 2691 1008 2745 nostris
1040 2707 1101 2746 se
1131 2692 1437 2747 submittat
1466 2692 1710 2762 legibus.

2185 1890 2287 1953 κῆς
2343 1904 2399 1939 τε
2455 1884 2545 1937 καὶ
2585 1887 2906 1956 Ῥωμαϊκῆς
2964 1881 3210 1945 παιδείας
3259 1884 3427 1961 ἄκρας
3492 1885 3847 1959 ἐπειλημμέ-

2184 1995 2298 2047 νος,
2327 1974 2417 2029 καὶ
2473 1975 2569 2035 τὰς
2626 1979 2736 2027 τῶν
2779 1970 3032 2028 παλαιῶν
3075 1971 3283 2048 ἀνδρῶν
3317 1973 3597 2052 θεολογίας
3629 1977 3844 2048 Ἑρμοῦ

2184 2066 2241 2121 τέ
2299 2086 2444 2143 φημι
2500 2061 2591 2117 καὶ
2623 2063 2866 2139 Ὀρφέως
2916 2063 3009 2117 καὶ
3069 2062 3385 2133 Ηλάτωνος,
3444 2064 3840 2138 ἐξησκημένος,

2185 2153 2293 2227 οὐχ
2320 2155 2513 2221 ἣκιστα
2570 2148 2628 2205 δὲ
2667 2149 2757 2205 καὶ
2795 2156 2917 2213 ταῖς
2949 2149 3275 2217 Ἰουδαϊκαῖς
3320 2158 3555 2228 γραφαῖς
3607 2154 3843 2226 ὡμιλη-

2184 2243 2316 2310 κὼς,
2356 2242 2446 2296 καὶ
2485 2243 2585 2311 τήν
2632 2240 2845 2297 τούτων
2898 2242 3173 2317 τερθρείαν
3231 2241 3613 2313 έξουθενηκὼς,
3661 2242 3837 2299 πάλιν

2184 2331 2271 2387 ἐπὶ
2309 2332 2371 2386 τὸ
2411 2330 2896 2407 πατροπαράδοτον
2938 2333 3026 2386 καὶ
3076 2331 3438 2408 ἀρχαιότατον
3498 2333 3585 2387 καὶ
3641 2343 3839 2408 θεοφι-

2184 2420 2276 2475 λὲς
2323 2422 2449 2482 τοὺς
2506 2420 2826 2496 ἀνθρώπους
2865 2415 2985 2484 ἔθος
3046 2442 3104 2477 τε
3160 2423 3245 2475 καὶ
3290 2416 3449 2482 σέϐας
3504 2421 3839 2496 ἀνατρέχειν

2182 2506 2592 2582 διακελεύομαι,
2628 2509 2809 2586 μακρά
2840 2509 3049 2589 χαίρειν
3106 2510 3268 2563 εἰπὼν
3328 2514 3448 2569 ταῖς
3505 2510 3613 2563 τῶν
3659 2510 3843 2564 ἀπαι-

2181 2595 2378 2653 δεύτων
2428 2598 2797 2674 κενολογίαις,
2841 2598 2985 2668 ἀλλ’,
3017 2597 3455 2674 ἀπογυμνούσθω
3501 2598 3594 2652 καὶ
3654 2599 3833 2662 οὗτος

2175 2694 2277 2756 τῆς
2334 2688 2662 2763 ἀμπεχόνης
2726 2688 2816 2743 καὶ
2872 2691 2967 2758 τῆς
3028 2692 3134 2742 τῶν
3197 2686 3473 2764 μαστίγων
3514 2686 3704 2761 πείρας
3764 2686 3830 2743 ἒν

432 2770 634 2844 μεθέξει
691 2772 939 2848 γινέσθω,
981 2776 1054 2838 ὡς
1111 2776 1170 2832 ἂν
1226 2777 1284 2831 ἐκ
1342 2777 1536 2833 τούτου
1595 2776 2025 2852 σωφρονέστερος
2082 2776 2345 2850 γεγονὼς,
2405 2782 2520 2839 τοῖς
2581 2776 2872 2853 ἡμετέροις
2922 2779 3109 2850 νόμοις
3166 2777 3257 2831 καὶ
3327 2798 3403 2850 μη
3476 2774 3839 2851 βουλόμενος

427 2860 741 2935 υποκύψειε.

497 2953 669 3011 ΧΧΙΙ.
702 2957 846 3014 Cum
905 2960 964 3015 hi
1010 2977 1141 3031 ergo
1199 2963 1516 3018 inhumane
1559 2962 1977 3027 cruciarentur,
2009 2961 2065 3014 et

429 3044 784 3113 gravissimis
816 3048 1186 3105 afﬁcerentur
1218 3050 1570 3113 verberibus.
1594 3051 1798 3106 beatus
1827 3054 1884 3104 et
1930 3048 2062 3120 pius

428 3132 744 3204 Artemius,
779 3136 900 3207 qui,
950 3143 1015 3192 ut
1052 3139 1219 3209 prius
1249 3146 1333 3195 est
1364 3143 1687 3209 ostensum,
1720 3140 1838 3194 dux
1868 3142 1924 3194 et
1950 3138 2062 3193 Au-

2245 2957 2368 3015 KB'.
2416 2957 2638 3014 Τούτων
2700 2956 2880 3015 τοίνυν
2948 2957 3320 3033 ἀπανθρώπως
3383 2954 3811 3030 τιμωρουμένων

2172 3046 2455 3118 αἰκισμοῖς
2526 3068 2584 3103 τε
2666 3049 2992 3124 βαρυτάτοις
3079 3048 3479 3122 ἀΛγυνομένων,
3531 3047 3559 3101 ὁ
3646 3045 3812 3119 μακά-

2173 3157 2290 3212 ριος
2332 3137 2423 3192 καὶ
2482 3134 2706 3207 εὐσεϐὴς
2738 3139 3044 3214 Ἀρτέμιος,
3079 3139 3153 3200 ὡς
3204 3134 3648 3213 προδεδήλωται,
3682 3135 3819 3206 Δοὺξ

427 3221 674 3289 gustatis
720 3224 945 3297 Egypti
1003 3227 1115 3282 fuit
1153 3245 1186 3282 a
1234 3228 1569 3283 Constantio
1609 3228 1983 3294 constitutus,
2008 3230 2062 3283 et

2175 3226 2262 3281 καὶ
2311 3226 2724 3300 Δύγουστάλιος
2786 3228 2890 3283 ὑπὸ
2936 3227 3312 3284 Κωνσταντίου
3380 3233 3480 3295 τῆς
3535 3224 3819 3300 Αἰγύπτου

428 3314 731 3381 propterea
760 3316 914 3384 quod
940 3332 1002 3371 se
1031 3320 1181 3372 recte
1204 3325 1258 3372 et
1288 3318 1507 3390 integre
1538 3322 1761 3389 gereret
1790 3317 1848 3372 in
1882 3316 2064 3372 admi-

428 3398 792 3470 nistratione,
826 3420 1020 3461 rerum
1053 3424 1283 3478 quoque
1313 3408 1484 3480 Syriae
1516 3412 1815 3479 acceperat
1852 3422 2059 3477 procu-

429 3487 732 3557 rationem,
760 3496 1063 3563 postquam
1095 3496 1316 3551 audivit
1336 3497 1646 3567 imperium
1668 3504 1859 3552 tenere
1883 3494 2063 3551 Julia-

429 3589 594 3646 num,
627 3582 683 3632 et
713 3581 784 3634 ad
818 3580 1034 3637 bellum
1067 3584 1366 3640 Persicum
1399 3602 1727 3658 properare,
1763 3590 1820 3641 et
1841 3584 2064 3655 accepit

427 3662 670 3761 litteras,
698 3685 823 3739 quae
865 3671 1175 3761 jubebant,
1216 3679 1277 3730 ut
1323 3691 1453 3730 cum
1514 3680 1631 3732 toto
1689 3677 1938 3732 exercitu
1988 3675 2063 3731 ad

426 3759 835 3822 imperatorem
891 3759 1206 3826 accederet,
1240 3763 1366 3831 ipse
1421 3778 1650 3833 quoque
1697 3763 2059 3836 Antiochiam

422 3840 602 3908 venit,
640 3846 703 3896 ut
729 3844 931 3912 jussus
962 3847 1168 3912 fuerat,
1202 3852 1258 3903 et
1317 3866 1449 3903 cum
1497 3866 1585 3915 eo,
1618 3866 1751 3904 cum
1785 3866 1900 3921 quo
1961 3867 2061 3921 par

428 3936 567 3995 erat,
621 3930 836 3986 honore
909 3937 965 3989 et
1021 3934 1364 3991 satellitibus
1421 3938 1648 3993 adstitit
1703 3938 2056 4010 imperatori,

427 4018 656 4085 quando
706 4020 777 4075 de
814 4023 1164 4095 martyribus
1206 4024 1456 4081 habebat
1495 4025 1894 4097 quaestionem.
1926 4029 2057 4084 Haec

428 4113 617 4171 autem
650 4108 874 4179 videns,
906 4116 963 4167 et
995 4114 1165 4169 corde
1188 4114 1504 4185 sauciatus,
1528 4120 1582 4173 et
1614 4133 1674 4173 se
1694 4118 1900 4174 erroris
1931 4134 2059 4175 esse

427 4194 809 4271 defensorem,
842 4202 891 4256 si
933 4202 1143 4259 tacitus
1175 4221 1260 4273 ea,
1292 4222 1420 4278 quas
1452 4207 1689 4277 fiebant,
1724 4208 2054 4279 praeteriret,

425 4284 758 4355 arbitratus,
797 4289 976 4348 libere
1011 4293 1083 4349 de
1133 4296 1343 4366 pietate
1372 4296 1634 4370 loquitur
1663 4315 1729 4354 ac
1758 4315 1891 4355 vera
1923 4300 2057 4357 reli-

424 4372 616 4443 gione,
649 4378 861 4435 etdicit
891 4382 939 4437 ei
963 4400 976 4438 :
1002 4382 1045 4437 Ο
1067 4383 1404 4456 imperator,
1437 4403 1535 4442 cur
1566 4388 1708 4443 adeo
1741 4388 2059 4446 inhumane

421 4466 660 4534 torques
692 4466 849 4523 viros
882 4479 1111 4527 sanctos
1150 4482 1203 4529 et
1232 4478 1345 4529 Deo
1385 4479 1770 4545 consecratos,
1803 4483 1861 4533 et
1898 4479 2056 4550 cogis

2172 3318 2541 3387 κατασταθεὶς,
2571 3317 2658 3371 καὶ
2712 3313 2797 3370 διὰ
2847 3318 2946 3385 τὴν
2997 3317 3161 3390 ὀρθὴν
3197 3316 3359 3370 αὐτοῦ
3412 3315 3503 3370 καὶ
3569 3316 3821 3387 ἀμώμη-

2171 3427 2263 3462 τον
2312 3408 2524 3482 πρᾶξιν,
2557 3407 2858 3480 ἓπιτροπήν
2907 3401 3090 3461 λαϐὼν
3140 3407 3229 3460 καὶ
3287 3410 3395 3461 τῶν
3454 3412 3557 3475 τῆς
3619 3404 3818 3479 Συρίας

2173 3495 2544 3568 ἐπιμελεῖσθαι
2620 3495 2971 3574 πραγμάτων,
3058 3494 3291 3558 ἀκούσας
3361 3497 3445 3551 δτι
3518 3494 3816 3556 Ἰουλιανὸς

2174 3581 2549 3660 βεϐασίλευκε,
2606 3586 2698 3642 καὶ
2754 3587 2889 3663 πρὸς
2949 3585 3040 3641 τὸν
3107 3585 3367 3660 Περσικὸν
3444 3584 3812 3660 κατεπείγεται

2169 3677 2441 3750 πόλεμον,
2483 3676 2785 3752 γράμματα
2852 3674 3135 3750 δεξάμενος
3199 3675 3266 3730 τὰ
3329 3672 3813 3750 παρακελευόμενα

2174 3767 2308 3836 μετά
2390 3766 2588 3829 παντὸς
2670 3771 2767 3822 τοῦ
2850 3766 3250 3844 στρατεύματος
3328 3764 3406 3825 εἷς
3478 3763 3817 3838 Ἀντιόχειαν

2168 3852 2428 3924 ἀπαντᾷν,
2463 3854 2601 3909 κατά
2647 3857 2709 3910 τὸ
2775 3853 3060 3911 κελευαθὲν
3117 3854 3204 3908 καὶ
3269 3853 3429 3916 αὐτὸς
3489 3853 3564 3914 εἰς
3604 3853 3820 3909 Ἀντιό-

2168 3958 2323 4013 χειαν
2361 3942 2704 4017 παρεγένετο,
2746 3943 2837 3998 καὶ
2891 3947 3025 4016 μετὰ
3070 3951 3171 4013 τῆς
3217 3942 3606 4018 προσηκούσης
3667 3941 3818 4013 αὐσῷ

2166 4031 2334 4101 τιμῆς
2382 4049 2442 4083 τε
2497 4030 2587 4083 καὶ
2643 4027 2970 4107 δορυφορίας
3017 4034 3364 4106 παρειστήκει
3426 4035 3506 4103 τῷ
3569 4031 3814 4105 βασιλεῖ,

2169 4118 2257 4173 ὅτε
2286 4118 2376 4173 καὶ
2425 4120 2523 4188 τὴν
2568 4124 2676 4175 τῶν
2729 4118 2900 4195 ἁγίων
2951 4122 3238 4196 μαρτύρων
3288 4120 3521 4176 ἐποιεῖτο
3557 4118 3810 4188 ἐξέτασιν.

2167 4207 2268 4262 Καὶ
2311 4206 2377 4276 δὴ
2416 4212 2584 4264 ταῦτα
2613 4210 2779 4282 ὁρῶν,
2819 4209 3057 4287 πληγεὶς
3095 4231 3155 4265 τε
3182 4211 3280 4278 τὴν
3329 4205 3570 4283 καρδίαν,
3603 4207 3693 4261 καὶ
3728 4209 3809 4270 ὡς

2171 4299 2473 4374 συνήγορος
2506 4299 2638 4354 εἶναι
2687 4302 2756 4373 τῇ
2804 4296 2985 4373 πλάνῃ
3016 4299 3246 4372 νομίσας
3278 4296 3322 4353 εἰ
3359 4300 3574 4351 σιωπῶν
3606 4295 3810 4371 παρέλ-

2168 4390 2359 4453 θοιτά
2414 4389 2696 4465 γινόμενα,
2744 4389 3171 4466 παρρησιάζεται
3221 4390 3320 4457 τήν
3370 4380 3668 4453 εὐσέϐειαν,
3716 4385 3810 4441 καί

2166 4498 2301 4553 φησι
2330 4479 2466 4553 πρὸς
2498 4479 2679 4549 αὐτὸν,
2706 4484 2769 4532 Ὦ
2812 4477 3064 4553 βασιλεῦ,
3097 4476 3236 4533 διατί
3297 4477 3468 4539 οὕτως
3529 4476 3809 4551 ἀπανθρώ-

421 4553 596 4655 fidem
627 4570 799 4611 suam
831 4558 1113 4629 abnegare
1133 4562 1160 4614 ?
1188 4562 1347 4619 Scias
1364 4567 1419 4619 te
1450 4581 1679 4637 quoque
1700 4567 1895 4639 ipsum
1925 4584 2054 4625 esse

2175 4587 2273 4637 πω,
2306 4565 2499 4643 ἄνδρας
2549 4570 2740 4645 ἁγίους
2784 4568 2873 4622 καὶ
2925 4572 3040 4640 Θεῷ
3086 4568 3501 4646 ἀφιερωμένους
3561 4565 3807 4636 αἶκίζεις,

421 4641 731 4713 hominem,
757 4646 1071 4703 obnoxium
1103 4649 1307 4705 iisdem
1343 4653 1770 4725 affectionibus,
1801 4660 1858 4713 et
1880 4658 2055 4729 parti-

421 4731 605 4803 cipem
625 4734 887 4804 ejusdem
911 4741 1566 4805 naturae,etearumdem
1589 4745 2051 4818 perpessionum,

419 4821 642 4879 etiamsi
668 4827 723 4879 te
744 4825 897 4881 Deus
928 4829 1141 4883 creavit
1169 4828 1599 4902 imperatorem,
1621 4833 1666 4889 si
1687 4836 1857 4892 modo
1882 4854 1914 4892 a
1937 4837 2052 4893 Deo

418 4912 688 4982 accepisti
718 4912 1047 4986 imperium,
1080 4920 1136 4973 et
1171 4935 1284 4974 non
1318 4920 1510 4992 potius
1533 4922 1720 4979 malus
1750 4926 1974 4982 daemon
1995 4930 2051 4984 te

416 4999 690 5058 adversus
730 5021 837 5061 nos
896 5007 1143 5078 petitum
1194 5011 1433 5081 accepit,
1466 5016 1528 5067 ut
1585 5014 1793 5070 cribret
1840 5016 2050 5073 Christi

414 5089 673 5146 triticum
723 5098 781 5149 et
836 5099 1262 5166 superseminet
1306 5099 1546 5157 zizania.
1580 5104 1689 5159 Sed
1738 5109 1827 5160 est
1863 5121 2049 5161 vanus

415 5177 542 5246 ejus
574 5184 833 5238 conatus.
871 5184 998 5241 Non
1038 5191 1178 5243 sunt
1204 5190 1357 5244 enim
1390 5190 1439 5244 ei
1472 5189 1645 5259 vires,
1672 5196 1733 5248 ut
1755 5197 1943 5249 antea.
1971 5194 2050 5249 Ex

414 5281 525 5336 quo
558 5268 709 5323 enim
756 5272 911 5328 venit
952 5274 1238 5347 Christus,
1272 5282 1328 5334 et
1372 5278 1486 5335 ﬁxa
1514 5289 1598 5336 est
1621 5297 1779 5353 crux,
1811 5290 1864 5338 et
1896 5282 1954 5338 in
1983 5300 2047 5339 ea

413 5354 521 5413 fuit
544 5355 810 5415 Christus
840 5360 899 5417 in
929 5363 1115 5421 altum
1149 5367 1432 5438 sublatus,
1465 5371 1673 5426 cecidit
1711 5373 2045 5428 daemonum

410 5445 756 5513 arrogantia,
785 5451 841 5503 et
868 5456 1007 5507 sunt
1036 5457 1396 5527 contemptui
1435 5458 1649 5516 habitae
1698 5477 1894 5517 eorum
1948 5479 2043 5518 ar-

410 5532 517 5585 tes.
537 5529 621 5619 _Ne
638 5531 858 5590 fallaris
881 5554 1037 5610 ergo,
1061 5557 1093 5596 ο
1116 5542 1447 5617 imperator,
1468 5564 1657 5619 neque
1677 5550 2042 5608 daemonibus

406 5617 765 5709 gratificans,
784 5628 1146 5709 iaggrediaris
1177 5635 1444 5705 persequi
1472 5617 1658 5709 genus
1685 5638 2041 5697 Christiano-

404 5718 533 5759 rum
558 5718 572 5759 :
603 5706 707 5763 sed
737 5708 894 5767 disce
912 5713 1122 5773 Christi
1144 5717 1415 5778 virtutem
1448 5706 1574 5782 esse
1604 5725 1763 5781 omni
1794 5742 1860 5783 ex
1879 5732 2039 5799 parte

2162 4656 2253 4711 καὶ
2287 4657 2595 4733 ἀναγκάζεις
2635 4657 2882 4731 ἐξάρνους
2909 4656 3145 4730 γενέσθαι
3172 4663 3274 4726 τῆς
3322 4656 3498 4711 αὐτῶν
3554 4655 3805 4727 πίστεως,

2161 4741 2589 4822 ἶ¹σθιτοιγαροῦν
2634 4744 2717 4800 ὅτι
2760 4747 2848 4801 καὶ
2900 4747 3065 4809 αὐτὸς
3113 4742 3396 4820 ἅνθρωπος
3445 4743 3493 4798 εἴ
3539 4745 3808 4818 ὁμοιοπα-

2161 4837 2283 4905 θὴς,
2337 4836 2425 4891 καὶ
2492 4842 2593 4904 τῆς
2650 4835 2819 4905 αὐτῆς
2894 4836 3102 4915 φύσεως
3156 4837 3244 4891 καὶ
3293 4839 3401 4889 τῶν
3461 4835 3803 4905 παθημάτων

2165 4923 2543 4996 μετεσχηκὼς,
2587 4923 2676 4977 καὶ
2721 4922 2771 4977 εἴ
2808 4924 2939 4986 Θεός
2992 4944 3049 4978 σε
3105 4922 3332 4999 βασιλέα
3377 4920 3724 4992 κατέστησεν,
3758 4920 3809 4975 εἴ

2159 5009 2262 5083 ἄρα
2307 5031 2368 5084 γε
2415 5012 2503 5066 καὶ
2556 5010 2615 5067 ἐκ
2660 5016 2795 5067 Θεοῦ
2843 5013 2906 5068 τὸ
2958 5013 3236 5084 βασίλειον
3286 5011 3541 5087 εἴληφας,
3582 5010 3670 5065 καὶ
3723 5011 3799 5083 μὴ

2158 5101 2398 5174 πονηρὸς
2458 5097 2683 5169 δαίλων,
2731 5102 2911 5177 ὥσπερ
2958 5102 3051 5157 τὸν
3109 5096 3235 5158 Ἰὼϐ
3296 5102 3581 5176 πρότερον,
3627 5097 3799 5160 οὕτως

2156 5187 2247 5244 καὶ
2288 5190 2344 5243 σε
2373 5192 2491 5245 καθ’
2520 5192 2680 5264 ἡμῶν
2716 5190 3131 5265 ἐξαιτησάμενος
3170 5190 3414 5269 εἷ’ληφεν,
3450 5187 3540 5243 ’ίνα
3588 5187 3797 5261 σινιάσῃ

2156 5278 2247 5333 τὸν
2276 5282 2373 5333 τοῦ
2404 5281 2663 5354 Χριστοῦ,
2697 5285 2866 5350 σῖτον,
2902 5279 2991 5335 καὶ
3041 5279 3326 5352 ἑπισπείρῃ
3376 5278 3603 5347 ζιζάνια.
3638 5275 3789 5334 Ἀλλ’

2157 5365 2233 5428 εἷς
2269 5366 2445 5440 μάτην
2496 5369 2663 5424 αὐτοῦ
2710 5376 2772 5424 τὸ
2821 5368 3153 5444 ἐγχείρημα.
3184 5368 3303 5426 Οὐκ
3350 5361 3428 5421 ἔτι
3469 5367 3571 5443 γάρ
3621 5364 3791 5437 αὐτῷ,

2156 5453 2317 5533 ἰσχὺς
2348 5456 2422 5519 ὡς
2471 5459 2559 5513 καὶ
2616 5459 2883 5534 πρότερον
2914 5476 2928 5490 ⁸
2979 5458 3068 5537 ἀφ’
3102 5457 3163 5512 οὗ
3199 5457 3300 5533 γὰρ
3348 5456 3485 5524 ἦλθε
3541 5453 3795 5527 Χριστὸς,

2152 5543 2242 5597 καὶ
2289 5548 2565 5623 κατεπάγη
2617 5547 2846 5623 σταυρὸς
2895 5546 2985 5601 καὶ
3029 5548 3217 5621 ὑψώθη
3266 5544 3499 5621 Χριστὸς
3554 5542 3605 5596 ἐν
3645 5539 3794 5615 αὒτῷ

2151 5635 2435 5694 πέπτωκεν
2484 5640 2521 5709 ἡ
2563 5640 2670 5695 τῶν
2730 5635 3006 5711 δαιμόνων
3064 5637 3254 5715 όφρὺς,
3298 5636 3389 5691 καὶ
3451 5630 3791 5706 καταπεφρό-

2148 5745 2305 5797 νηται
2344 5725 2414 5783 τά
2451 5726 2658 5785 τούτων
2704 5725 3070 5802 τεχνάσματα.
3103 5726 3193 5796 Μὴ
3241 5725 3331 5782 οὗν
3381 5723 3593 5796 ἀπαιτῶ,
3637 5722 3792 5796 βασι-
