4128 6274
241 185 394 246 1189

1443 187 1921 252 MARTYRIUM
1969 192 2031 252 S.
2079 191 2424 252 ARTEMII.

3481 192 3635 252 1190

237 348 644 406 Κωνσταντῖνος
716 345 766 418 ἐξ
815 343 1036 412 Ἐλένης
1086 344 1300 424 φαύλης
1345 347 1492 406 τινὸς
1521 347 1770 420 γυναικὸς
1797 347 1887 402 καὶ

2001 347 2185 404 adhuc
2217 353 2412 421 ageret
2442 350 2746 420 privatam.
2795 351 3215 408 Constantinus
3247 367 3328 420 se,
3362 351 3510 406 sicut
3533 367 3632 422 pa-

233 434 475 508 ἀσήμου,
535 436 628 489 καί
685 439 851 490 ταῦτα
911 436 1078 506 μήπω
1143 433 1386 510 γεγονότι
1445 433 1690 508 Καίσαρι,
1739 435 1886 490 ἀλλά

233 523 323 578 καὶ
391 524 538 592 αὐτῷ
597 522 672 579 ἔτι
730 523 822 578 τὸν
883 521 1106 594 ἰδιώτην
1160 521 1376 578 ἕλκοντι
1433 523 1665 598 βίον.’0
1701 524 1880 578 τοίνυν

235 615 614 674 Κωσταντῖνος
673 611 966 686 θρασύτητι
1021 613 1251 686 γνώμης
1302 613 1401 679 τὴν
1463 609 1742 686 βασιλείαν
1786 614 1884 686 ἀρ-

235 701 434 770 πάσας,
492 701 587 756 τόν
635 722 694 755 τε
743 699 946 775 πατέρα
1000 703 1092 756 τὸν
1142 700 1295 772 ἐμὸν,
1363 701 1449 754 καὶ
1519 699 1652 761 τοὺς
1717 699 1882 754 αὐτοῦ

235 787 504 868 ἀδελφοὺς
561 787 760 852 ἂδίκως
821 789 1118 858 ἀπέκτεινε,
1168 788 1257 844 καὶ
1317 789 1346 842 ὁ
1400 789 1598 844 τούτου
1657 786 1714 843 δὲ
1765 791 1881 850 υἱος

235 881 627 946 Κωνστάντιος,
683 879 749 932 τὰ
809 877 974 950 ὅμοια
1028 883 1106 950 τῷ
1156 878 1504 953 γεγεννηκότι
1553 883 1750 944 ποιῶν,
1789 879 1879 932 τὸν

236 967 364 1041 ἐμὸν
403 966 636 1042 ἀδελφὸν
701 966 911 1022 Γάλλον
967 965 1284 1045 πεφόνευκε,
1343 967 1432 1021 καὶ
1479 971 1646 1021 ταῦτα
1685 965 1881 1040 ὅρκους

235 1058 386 1128 αὐτῷ
443 1055 734 1132 φρικώδεις
799 1055 874 1117 εἰς
943 1055 1236 1132 ἀσφάλειαν
1309 1055 1752 1130 παρασχόμενος,
1816 1057 1880 1110 οὐ

237 1147 342 1218 μὴν
383 1143 460 1212 δὲ,
495 1144 640 1200 ἀλλά
687 1145 776 1200 καὶ
807 1147 956 1217 ἡμᾶς
998 1146 1215 1214 αὐτοὺς,
1257 1145 1303 1199 εἰ
1353 1145 1433 1216 μὴ
1487 1146 1620 1198 θεῶν
1654 1144 1884 1218 προνοίᾳ

233 1235 666 1308 περιεσώθημεν,
716 1233 858 1288 οὕτω
935 1231 1180 1303 διέθηκεν
1239 1233 1322 1288 ἄν.
1399 1231 1558 1288 Ἀλλ’
1612 1233 1769 1288 αὐτοί
1825 1253 1885 1286 τε

235 1320 592 1390 διεκώλυσαν,
633 1321 724 1376 καὶ
763 1324 896 1393 ἡμῖν
939 1319 1160 1394 αὑτοψεὶ
1209 1321 1308 1389 τὴν
1357 1319 1628 1394 σωτηρίαν
1671 1341 1882 1394 προμεο

237 1413 558 1486 μηνύκασιν.
615 1413 734 1489 Ἐφ’
794 1413 874 1474 οἷς
935 1410 1042 1488 ἓγὼ
1088 1411 1178 1466 καὶ
1235 1411 1584 1487 τεθαρρηκὼς
1640 1412 1731 1464 τὸν
1795 1413 2212 1485 Χριστιανισμὸν
2273 1411 2690 1486 ἐξομοσάμενος,
2751 1413 2887 1490 πρὸς
2967 1413 3030 1468 τὸ

1995 442 2104 505 ter,
2135 453 2362 508 gerens,
2403 439 2638 494 fratrem
2689 455 2880 495 meum
2916 439 3144 496 Gallum
3180 441 3388 495 occidit
3413 457 3424 494 :
3453 439 3628 510 idque

1991 543 2124 581 cum
2158 525 2420 581 horribili
2444 527 2826 598 jurejurando
2855 529 2906 582 ei
2932 528 3199 584 cavisset.
3237 529 3408 583 Porro
3439 533 3631 583 autem

1993 632 2098 671 nos
2145 632 2378 686 quoque
2409 616 2564 687 ipos
2611 617 2692 672 ita
2721 617 3024 684 aliecisset,
3074 619 3187 672 nisi
3221 617 3440 672 servari
3471 633 3629 673 esse-

1994 721 2122 760 mus
2165 705 2401 760 deorum
2451 705 2830 776 providentia.
2884 707 2991 762 Sed
3027 706 3136 776 ipsi
3185 705 3632 775 prohibuerunt,

1993 793 2158 848 nobis
2178 798 2310 848 ante
2331 793 2530 849 oculos
2552 795 2926 848 ostendentes
2949 794 3214 860 salutem,
3241 812 3367 865 quae
3392 795 3462 848 ab
3485 795 3630 865 ipsis

1993 881 2398 953 proﬁciscitur.
2433 883 2650 947 Quibus
2680 899 2784 955 ego
2817 883 3014 950 frctus,
3043 884 3314 952 abjurato
3344 883 3631 938 Christia—

1994 971 2200 1038 nismo,
2233 970 2520 1026 declinavi
2549 973 2620 1026 ad
2655 973 2982 1027 Graecorum
3023 973 3361 1042 religionem
3391 989 3404 1025 :
3439 979 3500 1026 ut
3530 972 3631 1042 qui

1993 1059 2138 1113 bene
2170 1059 2370 1124 sciam,
2403 1059 2552 1128 quod
2605 1059 2931 1114 Graecorum
2983 1063 3038 1113 et
3089 1059 3482 1114 Romanorum
3515 1060 3632 1112 vita

1991 1146 2417 1216 antiquissima,
2455 1148 2620 1202 bonis
2650 1151 2816 1202 utens
2851 1147 3110 1202 moribus
3133 1151 3188 1201 et
3219 1147 3466 1218 legibus,
3492 1148 3628 1202 deos

1991 1235 2266 1305 appellat,
2300 1237 2400 1306 qui
2431 1251 2496 1291 ex
2531 1251 2725 1290 rerum
2753 1235 3014 1306 ipsarum
3043 1235 3280 1291 veritate
3311 1235 3424 1290 sibi
3457 1236 3632 1290 ﬁdem

1995 1323 2232 1378 faciunt.

3115 1412 3439 1483 Ἑλληνικὸν
3525 1413 3632 1466 ἀπ·-

233 1502 418 1558 έκλινα
475 1497 656 1568 σέϐας,
699 1499 754 1556 εὖ
825 1500 1174 1571 είδὼς,ὠςὸ
1224 1505 1330 1554 τῶν
1390 1499 1667 1569 Ἑλλήνων
1725 1499 1814 1554 καὶ
1873 1500 2155 1574 Ῥωμαίων
2211 1501 2576 1576 ἀρχαιότατος
2635 1501 2778 1578 βίος,
2819 1501 3012 1562 καλοῖς
3061 1499 3200 1566 ἔθεσι
3267 1501 3356 1556 καὶ
3441 1501 3632 1574 νόμοις

233 1595 604 1670 χρησάμενος,
639 1591 792 1654 θεοὺς
815 1591 1232 1668 προσαγορεύει,
1256 1591 1382 1652 τοὺς
1411 1590 1474 1645 τὸ
1503 1591 1694 1645 πιστὸν
1725 1587 1834 1644 ἀπὸ
1862 1597 1962 1660 τῆς
1999 1592 2106 1644 τῶν
2130 1593 2466 1668 πραγμάτων
2514 1587 2740 1668 ἔχοντας
2769 1591 3050 1662 ἀληθείας.

307 1741 418 1802 Κς’.
476 1739 570 1801 Τίς
629 1740 734 1816 γὰρ
799 1740 900 1808 τήν
984 1741 1212 1810 γνώμην
1296 1732 1627 1813 ἀμφίϐολος,
1711 1733 1964 1806 ἣλιονΒ

242 1829 462 1902 βλέπων
529 1828 744 1901 οὐρανῷ
819 1823 1192 1892 διιππεόοντα,
1251 1825 1440 1895 ἐπίσης
1497 1823 1554 1880 δὲ
1627 1825 1716 1880 καὶ
1793 1845 1882 1878 σε-

238 1917 413 1988 λήνην
473 1917 556 1994 ἐφ’
611 1915 853 1990 ἅρματος
905 1915 1320 1993 χρυσαντ·5γου;
1379 1915 1438 1970 ‘0
1499 1915 1592 1986 μὲν
1649 1933 1750 1990 γαρ
1780 1915 1880 1982 τὴν

237 2008 446 2080 ἡμέραν
497 2006 716 2082 φαεινὴν
779 2005 1159 2078 ἀπεργάζεται,
1217 2002 1307 2056 καὶ
1363 2001 1492 2064 τοὺς
1565 2002 1882 2076 ἀνθρώπους

237 2096 312 2156 εἰς
371 2089 496 2169 ἔργα
551 2091 815 2163 διανιστᾷ,
867 2095 900 2160 ἡ
971 2089 1028 2146 δὲ
1081 2095 1180 2162 τὴν
1241 2091 1407 2146 νόκτα
1466 2089 1880 2164 λαμπαδουχεῖ,

237 2183 574 2260 ἀγρυπνοῦσί
623 2204 682 2238 τε
737 2184 827 2238 καὶ
886 2179 1222 2256 ὁδοποροῦσι
1282 2180 1426 2236 πολ-5
1470 2203 1522 2234 τι
1578 2182 1705 2252 παρ’
1757 2181 1883 2234 ἐαυ-

235 2281 351 2336 τοϊς
399 2274 664 2348 παρέσχει
719 2275 782 2327 τὸ
851 2273 1154 2347 χρήσιμον.
1212 2275 1390 2326 Ταῦτα
1461 2269 1734 2339 ’Έλληνες
1791 2269 1882 2323 καὶ

235 2364 504 2435 Ῥωμαῖοι
552 2363 824 2430 θειάζουσί
871 2383 928 2416 τε
975 2362 1062 2414 καὶ
1113 2356 1352 2426 σέϐουσι,
1382 2360 1472 2414 καὶ
1529 2359 1675 2430 αὐτῷ
1715 2357 1882 2432 ἀνήρ-

234 2473 402 2522 τησαν
429 2451 522 2512 τὰς
555 2447 800 2518 ἐλπίδας,
833 2451 924 2505 τὸν
975 2451 1067 2520 μὲν
1100 2448 1318 2518 ’“Ηλιον,
1347 2447 1674 2504 Ἃπόλλωνα
1711 2466 1882 2520 προσ-

235 2541 648 2616 αγορεύσαντες,
697 2541 796 2607 τὴν
853 2537 1104 2608 Σελήνην
1177 2534 1236 2591 δὲ
1291 2540 1568 2611 υΛρτεμιν,
1627 2533 1882 2594 καὶτοὺς

207 2629 524 2704 -μεγίστους
576 2635 684 2684 τῶν
744 2627 1004 2701 ἀστέρων,
1056 2627 1148 2688 οὕς
1208 2626 1298 2681 καὶ
1345 2625 1623 2694 πλάνητας
1677 2624 1882 2678 ἀποκα-

239 2717 394 2772 λοῦσι
451 2717 576 2778 τοὺς
641 2719 734 2778 τὰς
790 2717 923 2772 ἒπτά
973 2717 1142 2784 ζώνας
1195 2715 1290 2776 τὰς
1337 2713 1616 2786 οὐρανίους
1663 2713 1887 2786 ἐπέχον-

239 2827 356 2873 τας,
389 2808 448 2861 ὅν
513 2807 608 2879 μὶν
655 2807 879 2878 Κρόνον,
932 2803 990 2858 ὅν
1025 2801 1082 2856 δὲ
1140 2804 1254 2872 Δία,
1297 2802 1353 2856 ὅν
1388 2801 1444 2856 δὲ
1473 2803 1703 2874 Ἑρμῆν,
1739 2801 1795 2853 ὅν
1831 2798 1887 2853 δὲ

241 2897 429 2967 Ἄρεα,
480 2896 538 2948 ὅν
594 2892 652 2948 δέ
709 2890 1032 2968 Ἀφροδίτην
1085 2890 1532 2962 ἐαονομάζουσιν.
1577 2889 1742 2944 Οὗτοι
1781 2888 1882 2960 γὰρ

239 2987 332 3040 τόν
385 3005 444 3038 τε
489 2981 694 3052 κόσμον
755 2983 962 3036 ἅπαντα
1016 2978 1306 3044 διοικοῦσι,
1375 2978 1462 3032 καὶ
1524 2980 1641 3038 ταῖς
1713 2974 1884 3029 αὐτῶν

2058 1739 2250 1794 XXVI.
2284 1740 2421 1805 Quis
2459 1742 2614 1796 enim
2649 1742 2828 1796 animi
2867 1741 3039 1796 fuerit
3069 1739 3312 1806 dubius,
3345 1741 3438 1810 qui
3468 1739 3629 1794 vide-

1993 1827 2068 1882 rit
2106 1828 2286 1882 solem
2315 1827 2377 1883 in
2409 1829 2552 1884 ccelo
2607 1829 2991 1900 equitantem,
3035 1827 3303 1884 similiter
3350 1831 3546 1882 autem
3578 1831 3634 1882 et

1989 1916 2212 1987 lunam,
2237 1933 2360 1988 quae
2383 1918 2614 1974 vehitur
2643 1933 2816 1973 curru
2841 1922 3045 1972 aurato
3065 1919 3092 1972 ?
3110 1915 3255 1972 Nam
3282 1915 3377 1972 ille
3398 1917 3629 1988 quidem

1994 2005 2146 2060 diem
2177 2005 2355 2060 efﬁcit
2379 2005 2662 2073 lucidum,
2695 2011 2752 2061 et
2781 2005 3050 2062 homines
3081 2006 3291 2061 excitat
3320 2006 3390 2060 ad
3422 2020 3629 2076 opera:

1995 2094 2113 2148 haec
2143 2099 2336 2150 autem
2389 2093 2544 2150 nocti
2579 2096 2809 2166 praefert
2851 2095 3024 2162 faces,
3056 2093 3548 2165 vigilantibusque
3578 2097 3635 2150 et

1993 2183 2104 2236 iter
2145 2183 2490 2239 facientibus
2529 2200 2598 2238 ex
2641 2200 2700 2240 se
2731 2199 3007 2255 magnam
3049 2183 3264 2252 prabet
3297 2182 3627 2238 utilitatem.

1993 2271 2072 2326 Ea
2100 2271 2280 2326 Graeci
2311 2275 2368 2326 et
2403 2272 2652 2327 Romani
2679 2274 2740 2328 in
2771 2273 2909 2328 deos
2941 2272 3220 2334 referunt,
3251 2276 3308 2324 et
3337 2271 3556 2338 colunt,
3578 2277 3632 2326 et

1993 2375 2158 2430 spem
2189 2358 2248 2413 in
2275 2359 2419 2430 ipsis
2449 2360 2829 2426 collocarunt,
2857 2358 3040 2414 solem
3070 2357 3303 2428 quidem
3329 2357 3634 2428 appellan-

1993 2455 2082 2504 tes
2113 2447 2464 2517 Apollinem,
2485 2447 2686 2503 lunam
2710 2464 2840 2504 vero
2857 2447 3123 2502 Dianam.
3147 2446 3256 2501 Sed
3285 2451 3340 2500 et
3359 2461 3428 2500 ex
3448 2446 3632 2502 stellis

1997 2537 2298 2601 maximas,
2325 2540 2585 2608 planetas
2607 2536 2870 2592 videlicet
2892 2533 3231 2606 appellatas,
3263 2551 3365 2605 pro
3397 2535 3508 2588 diis
3531 2535 3632 2589 ha-

1995 2626 2155 2693 bent,
2187 2641 2314 2694 quae
2347 2625 2600 2695 reliquas
2617 2624 2874 2696 quinque
2908 2640 3082 2678 zonas
3113 2622 3372 2678 cmlestes
3407 2628 3630 2678 tenent:

1993 2717 2052 2768 et
2073 2711 2246 2768 aliam
2271 2712 2506 2782 quidem
2528 2709 3048 2778 Saturnum,aliam
3069 2711 3288 2774 Jovem,
3305 2711 3474 2764 aliam
3491 2709 3638 2764 Mer-

2000 2801 2252 2866 curium,
2285 2800 2456 2856 aliam
2487 2804 2748 2870 Martem,
2781 2800 2956 2856 aliam
2990 2805 3182 2854 autem
3217 2800 3494 2854 Venerem
3529 2815 3632 2854 no-

1997 2887 2238 2941 minant.
2255 2887 2344 2941 Ea:
2367 2887 2522 2942 enim
2543 2889 2826 2943 mundum
2845 2889 3180 2942 universum
3201 2887 3634 2952 administrant,

1997 2980 2052 3030 et
2083 2992 2284 3030 earum
2309 2977 2616 3033 virtutibus
2645 2977 2868 3048 regitur
2897 2977 3168 3032 universa
3189 2981 3359 3040 terra,
3383 2993 3508 3046 qua
3547 2981 3637 3031 est

244 3073 532 3144 δυνάμεσιν
583 3073 617 3139 ἡ
671 3071 756 3124 ὑπ’
814 3069 1042 3143 οὐρανὸν
1102 3069 1278 3122 ἅπασα
1309 3063 1627 3138 διεξάγεται.
1662 3063 1884 3120 Τούτων

2001 3064 2110 3118 sub
2141 3064 2302 3119 caelo.
2341 3065 2558 3121 Horum
2590 3083 2724 3138 ergo
2757 3069 3075 3122 statuentes
3107 3065 3414 3137 imagines,
3446 3065 3634 3120 homi-

243 3163 420 3218 τοίνυν
485 3161 696 3224 εἰκόνας
765 3161 1056 3229 στήσαντες
1117 3153 1359 3212 σέϐουσιν
1445 3153 1712 3228 ἄνθρωποι
1797 3153 1886 3206 καὶ

243 3255 496 3322 τιμῶσιν,
533 3248 646 3322 ἅμα
695 3249 786 3302 καὶ
823 3247 1024 3319 μύθους
1054 3247 1202 3306 τινὰς
1235 3245 1370 3316 πρὸς
1399 3242 1604 3312 ἡδονὴν
1647 3240 1888 3297 ἀναπλά-

248 3360 455 3409 σαντες,
509 3337 616 3412 οὐχ
664 3338 737 3398 ὡς
791 3337 944 3397 θεοὺς
1004 3333 1060 3390 δε
1117 3338 1320 3406 τιμῶσι
1375 3332 1464 3386 καὶ
1515 3333 1612 3394 τὰς
1682 3332 1892 3392 εἱκόνας

247 3429 444 3496 αὐτῶν,
521 3425 719 3504 ἄπαγε,
799 3429 962 3480 τοῦτο
1036 3425 1140 3498 γὰρ
1213 3421 1276 3476 τδ
1351 3421 1722 3495 ἁπλούστερον
1798 3421 1890 3475 καὶ

247 3517 556 3591 ἀγροικικὸν
613 3521 722 3570 τῶν
779 3515 1076 3588 ἀνθρώπων
1139 3505 1540 3581 ὑπολαμϐάνει,
1571 3508 1786 3582 ἐπείπερ
1839 3509 1890 3562 οἳ

249 3607 438 3682 σοφίας
497 3603 853 3674 ἐπιθυμηταὶ,
885 3600 974 3656 καὶ
1031 3601 1098 3655 τὰ
1151 3603 1259 3653 τῶν
1313 3601 1447 3652 θεῶν
1511 3591 1754 3670 ἀκριϐῶς
1785 3596 1896 3664 ἒξε-

247 3697 520 3764 τάζοντες’
583 3689 760 3745 οἴδασι
835 3689 940 3743 τίνι
995 3691 1092 3755 τήν
1147 3689 1314 3760 τιμὴν
1381 3683 1734 3756 ἀπονέμουσι,
1801 3684 1892 3738 καὶ

248 3783 382 3854 πρὸς
413 3780 530 3834 τίνα
624 3784 731 3832 τῶν
763 3777 922 3831 θείων
971 3773 1306 3849 ἀγαλμάτων
1353 3772 1726 3848 προσκύνησις
1784 3770 1896 3826 δια-

249 3865 440 3924 ϐαίνει.

319 3995 432 4050 KZ'.
467 3995 721 4067 Ηαραινῶ
749 3989 928 4044 τοίνυν
987 3992 1054 4062 τῇ
1097 3993 1163 4062 σῇ
1211 3987 1549 4064 γενναιότητι
1587 3988 1702 4060 μεθ’
1733 3989 1894 4059 ἡμῶν

247 4103 304 4137 τε
362 4083 518 4151 εἶναι,
573 4079 660 4135 καὶ
717 4079 852 4133 κατᾶ
910 4079 972 4133 τὸ
1021 4081 1154 4150 ἡμῖν
1213 4077 1436 4152 ἀρέσκον
1499 4077 1674 4150 βιοῦν,
1709 4077 1808 4144 τήν
1835 4095 1896 4129 τε

248 4173 538 4246 θρησκείαν
569 4168 914 4240 Ἑλληνίζειν
967 4167 1144 4242 ὅρθὼς
1201 4167 1291 4222 καὶ
1325 4171 1434 4220 τῶν
1477 4165 1721 4238 ἀρχαίων
1763 4161 1893 4217 ἐθῶν

248 4261 338 4313 καὶ
383 4261 720 4334 πραγμάτων
785 4259 1121 4331 ἀντέχεσθαι.
1177 4257 1238 4312 Ὁ
1325 4255 1427 4328 γὰρ
1503 4255 1896 4321 Κωνστάντῖνος

249 4346 432 4421 ὥσπερ
491 4345 614 4401 οὐδὲ
681 4345 838 4407 αυτὸς
898 4347 1134 4418 ἀγνοεῖς,
1214 4341 1611 4410 εὖεξαπάτητος
1689 4336 1894 4412 ἀνδρῶν

249 4437 462 4508 ἀμαθής
517 4455 574 4488 τε
627 4435 716 4488 καὶ
783 4432 1015 4501 ἀνόητος
1079 4429 1176 4498 ὢν,
1245 4429 1368 4503 περὶ
1421 4429 1520 4496 τὴν
1608 4425 1894 4502 θρησκείαν

249 4523 578 4597 ἐνεωτέρισε,
625 4523 716 4575 καὶ
773 4521 899 4582 τοὺς
959 4519 1238 4588 Ἑλλήνιον
1299 4517 1560 4586 ἀθετήσας
1601 4517 1756 4576 θεοὺς
1803 4515 1888 4570 ἐπὶ

247 4615 340 4668 τὸν
397 4611 848 4686 Χριστιανισμὸν
915 4608 1178 4679 ἐξέκλινε,
1243 4609 1340 4668 τὰς
1405 4605 1652 4666 ἀνοσίους
1733 4604 1894 4660 αὐτοῦ

251 4703 468 4778 πράξεις
519 4699 1002 4774 έπαισχυνόμενος,
1059 4697 1150 4752 καὶ
1196 4695 1277 4750 ὅτι
1331 4697 1382 4750 o't
1423 4695 1536 4750 θεοὶ
1587 4693 1762 4761 αὐτὸν,
1794 4699 1895 4760 τῆς

251 4796 394 4866 ἱερᾶς
462 4790 636 4845 αὐτῶν
704 4789 790 4844 καὶ
849 4786 1256 4864 παναγεστάτης
1311 4787 1600 4860 θρησκείας
1659 4784 1734 4844 ὡς
1781 4781 1893 4854 ἐξά..

252 4901 436 4958 γιστον
503 4880 591 4933 καὶ
648 4879 908 4952 πονηρὸν,
967 4877 1156 4952 πόῤῥω
1221 4897 1328 4930 που
1373 4874 1463 4929 καὶ
1499 4875 1704 4946 μακρὰν
1735 4873 1888 4926 ἀπώ-

255 4991 430 5037 σαντο,
481 4969 570 5022 ἅτε
629 4967 718 5022 καὶ
775 4966 1038 5040 ὁμογνίου
1083 4963 1316 5036 αἶ’ματος
1371 4963 1660 5038 γενόμενον
1695 4961 1888 5016 αἴτιον·

251 5059 376 5120 τούς
433 5079 490 5113 τε
541 5059 647 5133 γὰρ
695 5055 962 5136 ἀδελφοὺς
1000 5055 1324 5124 ἀπέκτεινεν,
1355 5051 1506 5107 οὐδὲν
1537 5055 1740 5108 ἄτοπον
1791 5051 1894 5124 εἷρ-

249 5149 569 5219 γασμένους,
617 5147 707 5201 καὶ
746 5147 844 5215 τὴν
885 5149 1108 5220 γυναῖκα
1164 5141 1432 5211 Φαόσταν,
1475 5141 1564 5196 καὶ
1607 5142 1699 5196 τὸν
1731 5140 1892 5195 αὐτοῦ

251 5239 368 5292 uia.-
403 5235 658 5310 Πρίσκον,
690 5232 934 5310 χρηστδν
979 5253 1036 5286 τε
1067 5231 1156 5286 καὶ
1205 5231 1398 5306 ἀγαθὸν
1463 5227 1626 5304 ἄνδρα
1671 5227 1894 5306 τ⁰“ίχά“

249 5347 426 5382 νονται
481 5325 576 5380 Διὰ
632 5329 814 5392 τοῦτο,
861 5321 1272 5394 θαυμασιώτατε
1327 5315 1558 5392 ἀνδρῶν,
1608 5317 1745 5392 ὁρῶν
1797 5337 1892 5370 σου

251 5423 351 5484 τῆς
399 5413 632 5474 διανόίας
668 5412 730 5466 τὸ
762 5407 1020 5486 ὀμϐριθές
1049 5429 1108 5463 τε
1165 5408 1254 5462 καὶ
1315 5405 1594 5478 στάσιμον,
1620 5403 1897 5479 βούλομαί

257 5525 312 5560 σε
368 5509 468 5571 τῆς
537 5501 804 5576 ἡμετέρας
858 5497 1091 5574 ἑταιρίας
1148 5496 1236 5550 καὶ
1324 5491 1541 5570 μερίδος
1626 5493 1892 5566 γενέσθαι.

2001 3169 2104 3208 nes
2134 3168 2230 3208 eas
2259 3152 2458 3208 colunt
2485 3157 2544 3208 et
2575 3153 2884 3218 honorant,
2915 3153 3087 3209 simul
3140 3154 3315 3209 etiam
3349 3154 3633 3224 quasdam

1999 3239 2229 3297 fabulas
2261 3241 2544 3312 fingentes
2567 3243 2636 3296 ad
2657 3241 3030 3312 voluptatem.
3059 3245 3179 3296 Non
3206 3250 3476 3312 tanquam
3499 3243 3637 3298 deos

1999 3332 2191 3384 autem
2223 3328 2422 3384 colunt
2451 3345 2650 3384 eorum
2683 3329 2964 3398 imagines
2987 3329 3206 3400 (absit),
3238 3329 3346 3383 hoc
3367 3329 3524 3384 enim
3555 3329 3636 3385 ita

2001 3418 2292 3488 accipiunt
2313 3417 2662 3489 agrestiores
2692 3416 2960 3472 homines
2980 3422 3036 3472 et
3066 3417 3451 3488 simpliciores
3483 3436 3495 3472 :
3531 3419 3631 3474 sed

2004 3507 2103 3578 qui
2147 3507 2464 3578 cupiditate
2513 3510 2782 3562 tenentur
2814 3506 3132 3576 sapientiae,
3163 3513 3216 3562 et
3271 3523 3362 3561 res
3394 3508 3635 3560 deorum

2003 3603 2264 3650 accurate
2291 3593 2619 3665 inquirunt,
2643 3594 2836 3650 sciunt
2867 3595 2956 3649 cui
2991 3593 3560 3662 honoremtribuanl,
3583 3597 3640 3650 et

2003 3683 2076 3739 ad
2099 3698 2272 3754 quem
2306 3686 2554 3738 transeat
2585 3683 2842 3738 adoratio
2873 3681 3564 3753 divinarumimaginum.

2073 3983 2291 4040 XXVII.
2313 3985 2498 4039 Tuam
2531 3999 2667 4056 ergo
2699 3985 2897 4040 hortor
2927 3984 3340 4053 praestantiam,
3375 3987 3437 4038 ut
3467 3987 3576 4038 stet
3606 4000 3640 4038 a

2005 4075 2190 4138 nobis,
2221 4078 2278 4126 et
2318 4073 2490 4132 vivat,
2525 4077 2585 4126 ut
2617 4073 2784 4128 nobis
2835 4073 3040 4142 placet,
3073 4080 3126 4126 et
3183 4077 3334 4127 recte
3384 4073 3637 4126 Graecam

2005 4165 2286 4230 sequatur
2327 4160 2685 4228 religionem,
2721 4163 2776 4214 et
2825 4161 3064 4214 retineat
3113 4175 3304 4214 mores
3334 4163 3391 4214 et
3419 4175 3509 4214 res
3539 4175 3638 4214 ve-

2004 4251 2173 4303 teres.
2207 4247 2616 4301 Constantinus
2663 4247 2842 4314 enim,
2883 4247 3036 4300 sicut
3082 4246 3208 4317 ipse
3241 4263 3353 4301 non
3385 4247 3634 4314 ignoras,

2006 4341 2131 4392 erat
2157 4334 2415 4390 omnium
2435 4333 2740 4388 hominum
2764 4335 3005 4404 deceptu
3031 4335 3382 4390 facillimus:
3419 4340 3474 4388 et
3503 4351 3636 4390 cum

2005 4429 2160 4482 esset
2189 4424 2459 4478 indoctus
2490 4427 2546 4476 et
2587 4439 2810 4490 amens,
2843 4423 3138 4478 innovavit
3193 4422 3552 4490 religionem,
3583 4427 3640 4478 et

2004 4517 2115 4573 diis
2145 4517 2473 4572 Graecorum
2506 4514 2761 4583 abolitis,
2811 4515 3120 4570 declinavit
3163 4515 3232 4569 ad
3265 4514 3635 4569 Christianis-

2003 4623 2189 4671 mum,
2221 4621 2352 4661 cum
2385 4605 2698 4675 impiorum
2727 4621 2964 4659 suorum
2991 4604 3271 4658 factorum
3299 4617 3432 4657 eum
3457 4603 3636 4672 pude-

2003 4701 2110 4762 ret,
2143 4695 2369 4763 etquod
2402 4692 2480 4747 tlii
2509 4709 2664 4762 eum,
2689 4695 2966 4763 tanquam
2999 4692 3295 4762 impurum
3320 4697 3376 4746 et
3397 4689 3638 4744 scelera-

2001 4790 2144 4848 tum,
2177 4801 2209 4838 a
2239 4787 2611 4837 sacrosancta
2653 4798 2762 4836 sua
2807 4780 3082 4852 religione
3130 4777 3470 4850 expulerant
3499 4779 3635 4832 lon-

2003 4873 2266 4944 gissime,
2299 4877 2360 4925 ut
2383 4871 2478 4942 qui
2503 4877 2810 4940 cognatum
2843 4869 3187 4938 sanguinem
3214 4867 3458 4920 fuderat.
3489 4866 3634 4921 Nam

2004 4965 2060 5018 et
2081 4962 2284 5014 fratres
2305 4959 2536 5025 occidit,
2563 4957 2659 5028 qui
2685 4955 2830 5012 nihil
2853 4955 2988 5010 mali
3031 4957 3302 5022 fecerant,
3320 4958 3374 5008 et
3400 4970 3633 5009 uxorem

2003 5051 2299 5112 Faustam,
2328 5053 2384 5102 et
2413 5061 2580 5101 suum
2625 5044 2809 5099 lilium
2862 5043 3120 5098 Priscum
3163 5042 3502 5113 [Crispum],
3534 5043 3636 5112 qui

2003 5144 2124 5194 erat
2157 5136 2246 5190 vir
2275 5136 2424 5208 frugi
2467 5139 2525 5189 et
2555 5135 2759 5189 bonus.
2793 5133 3119 5203 Propterea,
3153 5146 3184 5185 ο
3221 5130 3308 5184 vir
3347 5129 3636 5201 imprimis

2005 5225 2364 5290 admirande,
2397 5239 2528 5278 cum
2561 5222 2784 5276 videam
2827 5229 2937 5275 tuae
2970 5219 3182 5274 mentis
3212 5219 3548 5290 gravitatem
3577 5223 3635 5274 et

2004 5313 2414 5378 constantiam,
2446 5309 2575 5366 volo
2604 5313 2661 5364 te
2681 5323 2804 5364 esse
2833 5313 3158 5364 nostrarum
3181 5307 3457 5379 partium.
3493 5309 3636 5379 Age-

2005 5403 2144 5457 dum
2176 5417 2334 5472 ergo,
2364 5416 2396 5455 o
2426 5396 2667 5463 Artemi,
2701 5397 2766 5452 ad
2801 5396 3044 5469 patriam
3079 5401 3136 5452 et
3164 5395 3634 5468 antiquissimam

2003 5497 2060 5547 et
2091 5489 2338 5546 maxime
2387 5488 2726 5542 diuturnam
2774 5491 3160 5543 Romanorum
3195 5489 3250 5540 et
3307 5485 3634 5542 Graecorum
