  <div class='ocr_page' id='page_1' title='image "/cluster/home/n/w/nwhite01/storage/ocr_20150623/115/mdp.39015028574336/613.png"; bbox 0 0 4128 6274; ppageno 0'>
   <div class='ocr_carea' id='block_1_1' title="bbox 1843 262 2149 330">
    <p class='ocr_par' dir='ltr' id='par_1_1' title="bbox 1843 269 2127 330">
     <span class='ocr_line' id='line_1_1' title="bbox 1843 269 2127 330; baseline -0.011 0"><span class='ocrx_word' id='word_1_1' title='bbox 1843 269 2127 330; x_wconf 81' lang='lat' dir='ltr'><strong>MENSIS</strong></span> 
     </span>
    </p>
   </div>
   <div class='ocr_carea' id='block_1_2' title="bbox 2262 262 3926 330">
    <p class='ocr_par' dir='ltr' id='par_1_2' title="bbox 2262 262 3926 326">
     <span class='ocr_line' id='line_1_2' title="bbox 2262 262 3926 326; baseline -0.001 -4"><span class='ocrx_word' id='word_1_2' title='bbox 2262 262 2530 326; x_wconf 75' lang='lat' dir='ltr'><strong>.TOBER</strong></span> <span class='ocrx_word' id='word_1_3' title='bbox 3739 263 3817 322; x_wconf 80' lang='grc'><strong>11</strong></span> <span class='ocrx_word' id='word_1_4' title='bbox 3831 262 3926 325; x_wconf 77' lang='lat'><strong>92</strong></span> 
     </span>
    </p>
   </div>
   <div class='ocr_carea' id='block_1_3' title="bbox 494 295 641 356">
    <p class='ocr_par' dir='ltr' id='par_1_3' title="bbox 494 295 641 356">
     <span class='ocr_line' id='line_1_3' title="bbox 494 295 641 356; baseline 0 -3"><span class='ocrx_word' id='word_1_5' title='bbox 494 295 641 356; x_wconf 84' lang='grc'><strong>1191</strong></span> 
     </span>
    </p>
   </div>
   <div class='ocr_carea' id='block_1_4' title="bbox 491 430 2149 524">
    <p class='ocr_par' dir='ltr' id='par_1_4' title="bbox 491 430 2123 524">
     <span class='ocr_line' id='line_1_4' title="bbox 491 430 2123 524; baseline -0.017 -11"><span class='ocrx_word' id='word_1_6' title='bbox 491 454 677 512; x_wconf 78' lang='lat' dir='ltr'><strong>transi</strong></span> <span class='ocrx_word' id='word_1_7' title='bbox 707 450 1072 524; x_wconf 85' lang='lat' dir='ltr'><strong>religionem,</strong></span> <span class='ocrx_word' id='word_1_8' title='bbox 1104 449 1160 503; x_wconf 92' lang='lat' dir='ltr'><strong>et</strong></span> <span class='ocrx_word' id='word_1_9' title='bbox 1208 441 1517 501; x_wconf 89' lang='lat' dir='ltr'><strong>nobiscum</strong></span> <span class='ocrx_word' id='word_1_10' title='bbox 1546 437 1735 492; x_wconf 84' lang='lat' dir='ltr'><strong>fruere</strong></span> <span class='ocrx_word' id='word_1_11' title='bbox 1774 430 1967 498; x_wconf 88' lang='lat' dir='ltr'><strong>bonis,</strong></span> <span class='ocrx_word' id='word_1_12' title='bbox 1999 445 2123 502; x_wconf 72' lang='lat' dir='ltr'><strong>quae</strong></span> 
     </span>
    </p>
   </div>
   <div class='ocr_carea' id='block_1_5' title="bbox 2262 430 3930 524">
    <p class='ocr_par' dir='ltr' id='par_1_5' title="bbox 2262 437 3930 517">
     <span class='ocr_line' id='line_1_5' title="bbox 2262 437 3930 517; baseline 0.016 -22"><span class='ocrx_word' id='word_1_13' title='bbox 2262 446 2400 515; x_wconf 67' lang='grc' dir='ltr'><strong>ιεῦρο</strong></span> <span class='ocrx_word' id='word_1_14' title='bbox 2465 443 2672 508; x_wconf 74' lang='grc' dir='ltr'>τοίνυν,</span> <span class='ocrx_word' id='word_1_15' title='bbox 2731 437 3008 514; x_wconf 72' lang='grc' dir='ltr'>Ἀρτέμιε,</span> <span class='ocrx_word' id='word_1_16' title='bbox 3065 439 3200 515; x_wconf 69' lang='grc' dir='ltr'>πρὸς</span> <span class='ocrx_word' id='word_1_17' title='bbox 3267 439 3366 510; x_wconf 68' lang='grc' dir='ltr'>τήν</span> <span class='ocrx_word' id='word_1_18' title='bbox 3409 440 3636 517; x_wconf 68' lang='grc' dir='ltr'>πᾶτριον</span> <span class='ocrx_word' id='word_1_19' title='bbox 3681 442 3778 497; x_wconf 57' lang='grc' dir='ltr'>καί</span> <span class='ocrx_word' id='word_1_20' title='bbox 3817 443 3930 517; x_wconf 43' lang='lat'><strong>“’9&#39;</strong></span> 
     </span>
    </p>
   </div>
   <div class='ocr_carea' id='block_1_6' title="bbox 495 497 2149 609">
    <p class='ocr_par' dir='ltr' id='par_1_6' title="bbox 495 497 2034 602">
     <span class='ocr_line' id='line_1_6' title="bbox 495 497 2034 524; baseline -0.018 -11"><span class='ocrx_word' id='word_1_21' title='bbox 495 497 677 512; x_wconf 61' lang='grc' dir='ltr'><strong>...μω</strong></span> <span class='ocrx_word' id='word_1_22' title='bbox 708 497 1072 524; x_wconf 50' lang='grc' dir='ltr'><strong>,ηοω--..Ἴ</strong></span> <span class='ocrx_word' id='word_1_23' title='bbox 1109 497 1160 503; x_wconf 67' lang='lat'><strong>--</strong></span> <span class='ocrx_word' id='word_1_24' title='bbox 1209 497 1311 501; x_wconf 20' lang='lat'><strong>_,,.</strong></span> <span class='ocrx_word' id='word_1_25' title='bbox 1955 497 1960 498; x_wconf 17' lang='grc' dir='ltr'>ί</span> <span class='ocrx_word' id='word_1_26' title='bbox 2014 497 2034 502; x_wconf 92' lang='lat'>_</span> 
     </span>
     <span class='ocr_line' id='line_1_7' title="bbox 495 544 1010 602; baseline -0.016 0"><span class='ocrx_word' id='word_1_27' title='bbox 495 563 526 602; x_wconf 87' lang='lat' dir='ltr'><strong>a</strong></span> <span class='ocrx_word' id='word_1_28' title='bbox 558 546 665 601; x_wconf 89' lang='lat' dir='ltr'><strong>diis</strong></span> <span class='ocrx_word' id='word_1_29' title='bbox 695 544 828 599; x_wconf 86' lang='lat' dir='ltr'><strong>data</strong></span> <span class='ocrx_word' id='word_1_30' title='bbox 854 544 1010 597; x_wconf 89' lang='lat' dir='ltr'><strong>sunt.</strong></span> 
     </span>
    </p>
   </div>
   <div class='ocr_carea' id='block_1_7' title="bbox 2262 497 3924 609">
    <p class='ocr_par' dir='ltr' id='par_1_7' title="bbox 2262 497 3924 608">
     <span class='ocr_line' id='line_1_8' title="bbox 2339 497 3885 515; baseline 0.001 -7"><span class='ocrx_word' id='word_1_31' title='bbox 2339 499 2348 515; x_wconf 79' lang='grc'><strong>,</strong></span> <span class='ocrx_word' id='word_1_32' title='bbox 2658 497 2671 508; x_wconf 90' lang='grc'><strong><em>,</em></strong></span> <span class='ocrx_word' id='word_1_33' title='bbox 2796 497 2805 514; x_wconf 92' lang='grc'>.</span> <span class='ocrx_word' id='word_1_34' title='bbox 2891 497 2902 513; x_wconf 86' lang='grc'><strong>.</strong></span> <span class='ocrx_word' id='word_1_35' title='bbox 2995 497 3007 510; x_wconf 89' lang='grc'><strong><em>,</em></strong></span> <span class='ocrx_word' id='word_1_36' title='bbox 3110 497 3119 515; x_wconf 85' lang='grc'><strong>.</strong></span> <span class='ocrx_word' id='word_1_37' title='bbox 3187 497 3199 501; x_wconf 83' lang='grc'><strong><em>-</em></strong></span> <span class='ocrx_word' id='word_1_38' title='bbox 3325 497 3336 510; x_wconf 93' lang='grc'><em>.</em></span> <span class='ocrx_word' id='word_1_39' title='bbox 3824 497 3835 498; x_wconf 43' lang='grc' dir='ltr'><em>κ</em></span> <span class='ocrx_word' id='word_1_40' title='bbox 3875 497 3885 498; x_wconf 43' lang='grc' dir='ltr'><em>κ</em></span> 
     </span>
     <span class='ocr_line' id='line_1_9' title="bbox 2262 497 3924 608; baseline 0.001 -23"><span class='ocrx_word' id='word_1_41' title='bbox 2262 533 2536 608; x_wconf 65' lang='grc' dir='ltr'>[αιοτάτην</span> <span class='ocrx_word' id='word_1_42' title='bbox 2578 531 2667 586; x_wconf 82' lang='grc' dir='ltr'><strong>καὶ</strong></span> <span class='ocrx_word' id='word_1_43' title='bbox 2715 529 3088 604; x_wconf 76' lang='grc' dir='ltr'>πολυχρόνιον</span> <span class='ocrx_word' id='word_1_44' title='bbox 3126 529 3417 601; x_wconf 65' lang='grc' dir='ltr'>Ῥωμαίων</span> <span class='ocrx_word' id='word_1_45' title='bbox 3465 497 3531 584; x_wconf 77' lang='grc' dir='ltr'><strong>τει</strong></span> <span class='ocrx_word' id='word_1_46' title='bbox 3564 533 3655 586; x_wconf 84' lang='grc' dir='ltr'><strong>καὶ</strong></span> <span class='ocrx_word' id='word_1_47' title='bbox 3687 497 3924 602; x_wconf 43' lang='lat' dir='ltr'><strong>13111.j-</strong></span> 
     </span>
    </p>
   </div>
   <div class='ocr_carea' id='block_1_8' title="bbox 2239 615 3921 696">
    <p class='ocr_par' dir='ltr' id='par_1_8' title="bbox 2239 615 3921 696">
     <span class='ocr_line' id='line_1_10' title="bbox 2239 615 3921 696; baseline 0.001 -21"><span class='ocrx_word' id='word_1_48' title='bbox 2239 643 2344 675; x_wconf 78' lang='grc' dir='ltr'>Λων</span> <span class='ocrx_word' id='word_1_49' title='bbox 2386 621 2674 696; x_wconf 83' lang='grc' dir='ltr'>Ορησκείαν</span> <span class='ocrx_word' id='word_1_50' title='bbox 2727 615 3019 691; x_wconf 68' lang='grc' dir='ltr'>μετάϐηθι,</span> <span class='ocrx_word' id='word_1_51' title='bbox 3050 619 3136 672; x_wconf 85' lang='grc' dir='ltr'><strong>καὶ</strong></span> <span class='ocrx_word' id='word_1_52' title='bbox 3197 624 3305 674; x_wconf 79' lang='grc' dir='ltr'><strong>τῶν</strong></span> <span class='ocrx_word' id='word_1_53' title='bbox 3356 621 3502 694; x_wconf 78' lang='grc' dir='ltr'>παρά</span> <span class='ocrx_word' id='word_1_54' title='bbox 3533 626 3680 685; x_wconf 87' lang='grc' dir='ltr'>θεοῖς</span> <span class='ocrx_word' id='word_1_55' title='bbox 3715 618 3921 677; x_wconf 79' lang='grc' dir='ltr'>δεδιο-</span> 
     </span>
    </p>
   </div>
   <div class='ocr_carea' id='block_1_9' title="bbox 2243 707 3290 785">
    <p class='ocr_par' dir='ltr' id='par_1_9' title="bbox 2243 707 3290 785">
     <span class='ocr_line' id='line_1_11' title="bbox 2243 707 3290 785; baseline -0.001 -20"><span class='ocrx_word' id='word_1_56' title='bbox 2243 712 2496 785; x_wconf 74' lang='grc' dir='ltr'>ρημένων</span> <span class='ocrx_word' id='word_1_57' title='bbox 2531 711 2742 784; x_wconf 77' lang='grc' dir='ltr'>ἀγαθῶν</span> <span class='ocrx_word' id='word_1_58' title='bbox 2775 711 2910 780; x_wconf 76' lang='grc' dir='ltr'>ἡμῖν</span> <span class='ocrx_word' id='word_1_59' title='bbox 2934 707 3290 765; x_wconf 75' lang='grc' dir='ltr'>συναπόλαυε.</span> 
     </span>
    </p>
   </div>
   <div class='ocr_carea' id='block_1_10' title="bbox 2317 800 3919 877">
    <p class='ocr_par' dir='ltr' id='par_1_10' title="bbox 2317 800 3919 877">
     <span class='ocr_line' id='line_1_12' title="bbox 2317 800 3919 877; baseline -0.001 -21"><span class='ocrx_word' id='word_1_60' title='bbox 2317 802 2449 856; x_wconf 80' lang='grc' dir='ltr'><strong>ΚΙΓ.</strong></span> <span class='ocrx_word' id='word_1_61' title='bbox 2514 801 2655 869; x_wconf 81' lang='grc' dir='ltr'>Πρὸς</span> <span class='ocrx_word' id='word_1_62' title='bbox 2711 802 2879 853; x_wconf 76' lang='grc' dir='ltr'>ταῦτα</span> <span class='ocrx_word' id='word_1_63' title='bbox 2936 800 2964 853; x_wconf 88' lang='grc' dir='ltr'>ὁ</span> <span class='ocrx_word' id='word_1_64' title='bbox 3021 802 3116 852; x_wconf 77' lang='grc' dir='ltr'><strong>τοῦ</strong></span> <span class='ocrx_word' id='word_1_65' title='bbox 3161 800 3397 872; x_wconf 77' lang='grc' dir='ltr'><strong>Χριστοῦ</strong></span> <span class='ocrx_word' id='word_1_66' title='bbox 3459 803 3664 873; x_wconf 79' lang='grc' dir='ltr'>μάρτυς</span> <span class='ocrx_word' id='word_1_67' title='bbox 3701 804 3919 877; x_wconf 78' lang='grc' dir='ltr'>μικρὸν</span> 
     </span>
    </p>
   </div>
   <div class='ocr_carea' id='block_1_11' title="bbox 2248 887 3917 966">
    <p class='ocr_par' dir='ltr' id='par_1_11' title="bbox 2248 887 3917 966">
     <span class='ocr_line' id='line_1_13' title="bbox 2248 887 3917 966; baseline 0.001 -22"><span class='ocrx_word' id='word_1_68' title='bbox 2248 889 2510 964; x_wconf 81' lang='grc' dir='ltr'>ἐπισχὼν,</span> <span class='ocrx_word' id='word_1_69' title='bbox 2546 889 2893 963; x_wconf 80' lang='grc' dir='ltr'>ἀπεκρίνατο.</span> <span class='ocrx_word' id='word_1_70' title='bbox 2942 887 3083 961; x_wconf 83' lang='grc' dir='ltr'><strong>Ἐγὼ</strong></span> <span class='ocrx_word' id='word_1_71' title='bbox 3127 887 3245 960; x_wconf 72' lang='grc' dir='ltr'>μὲν,</span> <span class='ocrx_word' id='word_1_72' title='bbox 3278 887 3322 941; x_wconf 83' lang='grc' dir='ltr'><strong>ὦ</strong></span> <span class='ocrx_word' id='word_1_73' title='bbox 3359 888 3602 963; x_wconf 69' lang='grc' dir='ltr'>βασιλεῖ’),</span> <span class='ocrx_word' id='word_1_74' title='bbox 3638 893 3764 966; x_wconf 81' lang='grc' dir='ltr'>περὶ</span> <span class='ocrx_word' id='word_1_75' title='bbox 3797 899 3917 960; x_wconf 75' lang='grc' dir='ltr'>τῆς</span> 
     </span>
    </p>
   </div>
   <div class='ocr_carea' id='block_1_12' title="bbox 2249 975 3916 1051">
    <p class='ocr_par' dir='ltr' id='par_1_12' title="bbox 2249 975 3916 1051">
     <span class='ocr_line' id='line_1_14' title="bbox 2249 975 3916 1051; baseline -0.001 -17"><span class='ocrx_word' id='word_1_76' title='bbox 2249 979 2386 1051; x_wconf 76' lang='grc' dir='ltr'>ἐμῆς</span> <span class='ocrx_word' id='word_1_77' title='bbox 2448 977 2732 1051; x_wconf 71' lang='grc' dir='ltr'>θρησκείας</span> <span class='ocrx_word' id='word_1_78' title='bbox 2799 978 2889 1032; x_wconf 86' lang='grc' dir='ltr'><strong>καὶ</strong></span> <span class='ocrx_word' id='word_1_79' title='bbox 2955 977 3210 1045; x_wconf 83' lang='grc' dir='ltr'>πίστεως,</span> <span class='ocrx_word' id='word_1_80' title='bbox 3281 975 3405 1032; x_wconf 73' lang='grc' dir='ltr'>οὐδὲ</span> <span class='ocrx_word' id='word_1_81' title='bbox 3463 979 3754 1048; x_wconf 68' lang='grc' dir='ltr'>ἡντιναοῦν</span> <span class='ocrx_word' id='word_1_82' title='bbox 3819 1001 3916 1034; x_wconf 86' lang='grc' dir='ltr'><strong>σοι</strong></span> 
     </span>
    </p>
   </div>
   <div class='ocr_carea' id='block_1_13' title="bbox 2247 1065 3917 1141">
    <p class='ocr_par' dir='ltr' id='par_1_13' title="bbox 2247 1065 3917 1141">
     <span class='ocr_line' id='line_1_15' title="bbox 2247 1065 3917 1141; baseline 0.001 -19"><span class='ocrx_word' id='word_1_83' title='bbox 2247 1067 2544 1141; x_wconf 77' lang='grc' dir='ltr'>ἀπολογίαν</span> <span class='ocrx_word' id='word_1_84' title='bbox 2605 1069 2743 1122; x_wconf 75' lang='grc' dir='ltr'>κατὰ</span> <span class='ocrx_word' id='word_1_85' title='bbox 2805 1065 2868 1120; x_wconf 88' lang='grc' dir='ltr'>τὸ</span> <span class='ocrx_word' id='word_1_86' title='bbox 2936 1065 3105 1139; x_wconf 81' lang='grc' dir='ltr'>παρόν</span> <span class='ocrx_word' id='word_1_87' title='bbox 3164 1067 3618 1140; x_wconf 77' lang='grc' dir='ltr'>ποιήσομαι,καῖ</span> <span class='ocrx_word' id='word_1_88' title='bbox 3670 1090 3759 1123; x_wconf 91' lang='grc' dir='ltr'><strong>τοι</strong></span> <span class='ocrx_word' id='word_1_89' title='bbox 3805 1068 3917 1123; x_wconf 78' lang='grc' dir='ltr'><strong>οὐκ</strong></span> 
     </span>
    </p>
   </div>
   <div class='ocr_carea' id='block_1_14' title="bbox 2246 1155 3915 1234">
    <p class='ocr_par' dir='ltr' id='par_1_14' title="bbox 2246 1155 3915 1234">
     <span class='ocr_line' id='line_1_16' title="bbox 2246 1155 3915 1234; baseline 0.001 -22"><span class='ocrx_word' id='word_1_90' title='bbox 2246 1158 2566 1229; x_wconf 74' lang='grc' dir='ltr'>ἀνετοίμοος</span> <span class='ocrx_word' id='word_1_91' title='bbox 2607 1156 2750 1231; x_wconf 76' lang='grc' dir='ltr'>ἔχων</span> <span class='ocrx_word' id='word_1_92' title='bbox 2781 1155 2879 1218; x_wconf 73' lang='grc' dir='ltr'><strong>τᾶς</strong></span> <span class='ocrx_word' id='word_1_93' title='bbox 2910 1157 3041 1229; x_wconf 69' lang='grc' dir='ltr'>ὑπὲρ</span> <span class='ocrx_word' id='word_1_94' title='bbox 3074 1155 3240 1225; x_wconf 74' lang='grc' dir='ltr'>αὐτῆς</span> <span class='ocrx_word' id='word_1_95' title='bbox 3295 1155 3630 1228; x_wconf 78' lang='grc' dir='ltr'>ἀποδείξεις.</span> <span class='ocrx_word' id='word_1_96' title='bbox 3663 1161 3815 1234; x_wconf 86' lang='grc' dir='ltr'><strong>Πρὸς</strong></span> <span class='ocrx_word' id='word_1_97' title='bbox 3855 1157 3915 1214; x_wconf 75' lang='grc' dir='ltr'><strong>δὲ</strong></span> 
     </span>
    </p>
   </div>
   <div class='ocr_carea' id='block_1_15' title="bbox 567 800 2134 870">
    <p class='ocr_par' dir='ltr' id='par_1_15' title="bbox 567 800 2134 870">
     <span class='ocr_line' id='line_1_17' title="bbox 567 800 2134 870; baseline -0.018 1"><span class='ocrx_word' id='word_1_98' title='bbox 567 812 816 870; x_wconf 82' lang='lat' dir='ltr'><strong>XXVIII.</strong></span> <span class='ocrx_word' id='word_1_99' title='bbox 849 809 931 865; x_wconf 92' lang='lat' dir='ltr'><strong>Ad</strong></span> <span class='ocrx_word' id='word_1_100' title='bbox 964 807 1084 862; x_wconf 68' lang='lat' dir='ltr'><strong>haec</strong></span> <span class='ocrx_word' id='word_1_101' title='bbox 1145 800 1357 859; x_wconf 90' lang='lat' dir='ltr'><strong>Christi</strong></span> <span class='ocrx_word' id='word_1_102' title='bbox 1391 801 1629 869; x_wconf 91' lang='lat' dir='ltr'><strong>martyr,</strong></span> <span class='ocrx_word' id='word_1_103' title='bbox 1659 809 1790 850; x_wconf 88' lang='lat' dir='ltr'><strong>cum</strong></span> <span class='ocrx_word' id='word_1_104' title='bbox 1827 808 1888 849; x_wconf 89' lang='lat' dir='ltr'><strong>se</strong></span> <span class='ocrx_word' id='word_1_105' title='bbox 1927 806 2134 862; x_wconf 91' lang='lat' dir='ltr'><strong>parum</strong></span> 
     </span>
    </p>
   </div>
   <div class='ocr_carea' id='block_1_16' title="bbox 495 881 2132 966">
    <p class='ocr_par' dir='ltr' id='par_1_16' title="bbox 495 881 2132 966">
     <span class='ocr_line' id='line_1_18' title="bbox 495 881 2132 966; baseline -0.018 -4"><span class='ocrx_word' id='word_1_106' title='bbox 495 902 894 965; x_wconf 81' lang='lat' dir='ltr'><strong>sustinuisset,</strong></span> <span class='ocrx_word' id='word_1_107' title='bbox 926 893 1228 966; x_wconf 81' lang='lat' dir='ltr'><strong>respondit</strong></span> <span class='ocrx_word' id='word_1_108' title='bbox 1271 907 1284 944; x_wconf 94' lang='lat'><strong>:</strong></span> <span class='ocrx_word' id='word_1_109' title='bbox 1341 890 1458 960; x_wconf 88' lang='lat' dir='ltr'><strong>Ego</strong></span> <span class='ocrx_word' id='word_1_110' title='bbox 1516 885 1778 957; x_wconf 88' lang='lat' dir='ltr'><strong>quidem,</strong></span> <span class='ocrx_word' id='word_1_111' title='bbox 1820 899 1852 938; x_wconf 92' lang='grc' dir='ltr'><strong>ο</strong></span> <span class='ocrx_word' id='word_1_112' title='bbox 1883 881 2132 952; x_wconf 89' lang='lat' dir='ltr'><strong>impera-</strong></span> 
     </span>
    </p>
   </div>
   <div class='ocr_carea' id='block_1_17' title="bbox 493 970 2136 1063">
    <p class='ocr_par' dir='ltr' id='par_1_17' title="bbox 493 970 2136 1063">
     <span class='ocr_line' id='line_1_19' title="bbox 493 970 2136 1063; baseline -0.017 -13"><span class='ocrx_word' id='word_1_113' title='bbox 493 1001 608 1063; x_wconf 86' lang='lat' dir='ltr'><strong>tor,</strong></span> <span class='ocrx_word' id='word_1_114' title='bbox 639 995 708 1048; x_wconf 90' lang='lat' dir='ltr'><strong>de</strong></span> <span class='ocrx_word' id='word_1_115' title='bbox 739 1005 869 1046; x_wconf 89' lang='lat' dir='ltr'><strong>mea</strong></span> <span class='ocrx_word' id='word_1_116' title='bbox 901 983 1176 1055; x_wconf 83' lang='lat' dir='ltr'><strong>religione</strong></span> <span class='ocrx_word' id='word_1_117' title='bbox 1202 983 1261 1035; x_wconf 91' lang='lat' dir='ltr'><strong>et</strong></span> <span class='ocrx_word' id='word_1_118' title='bbox 1307 979 1422 1034; x_wconf 84' lang='lat' dir='ltr'><strong>ﬁde</strong></span> <span class='ocrx_word' id='word_1_119' title='bbox 1463 975 1680 1030; x_wconf 88' lang='lat' dir='ltr'><strong>nullam</strong></span> <span class='ocrx_word' id='word_1_120' title='bbox 1713 973 1772 1026; x_wconf 91' lang='lat' dir='ltr'><strong>in</strong></span> <span class='ocrx_word' id='word_1_121' title='bbox 1824 970 2136 1042; x_wconf 79' lang='lat' dir='ltr'><strong>praesentia</strong></span> 
     </span>
    </p>
   </div>
   <div class='ocr_carea' id='block_1_18' title="bbox 500 1058 2134 1138">
    <p class='ocr_par' dir='ltr' id='par_1_18' title="bbox 500 1058 2134 1138">
     <span class='ocr_line' id='line_1_20' title="bbox 500 1058 2134 1138; baseline -0.018 0"><span class='ocrx_word' id='word_1_122' title='bbox 500 1058 736 1138; x_wconf 73' lang='lat' dir='ltr'><strong>ali‘eram</strong></span> <span class='ocrx_word' id='word_1_123' title='bbox 769 1074 1186 1135; x_wconf 78' lang='lat' dir='ltr'><strong>defensionem,</strong></span> <span class='ocrx_word' id='word_1_124' title='bbox 1220 1066 1329 1124; x_wconf 84' lang='lat' dir='ltr'><strong>etsi</strong></span> <span class='ocrx_word' id='word_1_125' title='bbox 1359 1064 1500 1121; x_wconf 84' lang='lat' dir='ltr'><strong>satis</strong></span> <span class='ocrx_word' id='word_1_126' title='bbox 1551 1064 1852 1134; x_wconf 88' lang='lat' dir='ltr'><strong>promptas</strong></span> <span class='ocrx_word' id='word_1_127' title='bbox 1887 1058 2134 1112; x_wconf 86' lang='lat' dir='ltr'><strong>habeam</strong></span> 
     </span>
    </p>
   </div>
   <div class='ocr_carea' id='block_1_19' title="bbox 499 1146 2134 1229">
    <p class='ocr_par' dir='ltr' id='par_1_19' title="bbox 499 1146 2134 1229">
     <span class='ocr_line' id='line_1_21' title="bbox 499 1146 2134 1229; baseline -0.018 0"><span class='ocrx_word' id='word_1_128' title='bbox 499 1166 1024 1229; x_wconf 71' lang='lat' dir='ltr'><strong>demonstrationes</strong></span> <span class='ocrx_word' id='word_1_129' title='bbox 1058 1177 1072 1216; x_wconf 91' lang='lat'><strong>:</strong></span> <span class='ocrx_word' id='word_1_130' title='bbox 1105 1161 1177 1213; x_wconf 90' lang='lat' dir='ltr'><strong>de</strong></span> <span class='ocrx_word' id='word_1_131' title='bbox 1218 1155 1414 1211; x_wconf 78' lang='lat' dir='ltr'><strong>fratris</strong></span> <span class='ocrx_word' id='word_1_132' title='bbox 1446 1156 1634 1208; x_wconf 89' lang='lat' dir='ltr'><strong>autem</strong></span> <span class='ocrx_word' id='word_1_133' title='bbox 1659 1150 1745 1205; x_wconf 90' lang='lat' dir='ltr'><strong>tui</strong></span> <span class='ocrx_word' id='word_1_134' title='bbox 1775 1152 1961 1204; x_wconf 89' lang='lat' dir='ltr'><strong>morte</strong></span> <span class='ocrx_word' id='word_1_135' title='bbox 1991 1146 2134 1202; x_wconf 87' lang='lat' dir='ltr'><strong>illud</strong></span> 
     </span>
    </p>
   </div>
   <div class='ocr_carea' id='block_1_20' title="bbox 497 1237 2149 1328">
    <p class='ocr_par' dir='ltr' id='par_1_20' title="bbox 497 1237 2135 1328">
     <span class='ocr_line' id='line_1_22' title="bbox 497 1237 2135 1328; baseline -0.018 -11"><span class='ocrx_word' id='word_1_136' title='bbox 497 1261 603 1317; x_wconf 86' lang='lat' dir='ltr'><strong>tibi</strong></span> <span class='ocrx_word' id='word_1_137' title='bbox 636 1253 1021 1328; x_wconf 83' lang='lat' dir='ltr'><strong>respondebo,</strong></span> <span class='ocrx_word' id='word_1_138' title='bbox 1065 1263 1157 1302; x_wconf 90' lang='lat' dir='ltr'><strong>me</strong></span> <span class='ocrx_word' id='word_1_139' title='bbox 1189 1245 1348 1300; x_wconf 87' lang='lat' dir='ltr'><strong>illius</strong></span> <span class='ocrx_word' id='word_1_140' title='bbox 1380 1243 1638 1298; x_wconf 88' lang='lat' dir='ltr'><strong>animam</strong></span> <span class='ocrx_word' id='word_1_141' title='bbox 1685 1237 1844 1292; x_wconf 90' lang='lat' dir='ltr'><strong>nulla</strong></span> <span class='ocrx_word' id='word_1_142' title='bbox 1877 1251 2135 1306; x_wconf 83' lang='lat' dir='ltr'>unquam</span> 
     </span>
    </p>
   </div>
   <div class='ocr_carea' id='block_1_21' title="bbox 2262 1237 3920 1328">
    <p class='ocr_par' dir='ltr' id='par_1_21' title="bbox 2262 1243 3920 1323">
     <span class='ocr_line' id='line_1_23' title="bbox 2262 1243 3920 1323; baseline 0 -22"><span class='ocrx_word' id='word_1_143' title='bbox 2262 1248 2341 1302; x_wconf 69' lang='grc' dir='ltr'><strong>τὸν</strong></span> <span class='ocrx_word' id='word_1_144' title='bbox 2373 1251 2468 1301; x_wconf 74' lang='grc' dir='ltr'><strong>τοῦ</strong></span> <span class='ocrx_word' id='word_1_145' title='bbox 2501 1251 2596 1300; x_wconf 73' lang='grc' dir='ltr'><strong>σοῦ</strong></span> <span class='ocrx_word' id='word_1_146' title='bbox 2637 1243 2874 1322; x_wconf 59' lang='grc' dir='ltr'>ἀδελφοῦ</span> <span class='ocrx_word' id='word_1_147' title='bbox 2914 1247 3156 1316; x_wconf 80' lang='grc' dir='ltr'>θάνατον,</span> <span class='ocrx_word' id='word_1_148' title='bbox 3189 1244 3360 1299; x_wconf 81' lang='grc' dir='ltr'>ἐκεῖνὸ</span> <span class='ocrx_word' id='word_1_149' title='bbox 3420 1267 3505 1301; x_wconf 87' lang='grc' dir='ltr'><strong>σοι</strong></span> <span class='ocrx_word' id='word_1_150' title='bbox 3562 1247 3920 1323; x_wconf 68' lang='grc' dir='ltr'>ἀποκρινοῦ-</span> 
     </span>
    </p>
   </div>
   <div class='ocr_carea' id='block_1_22' title="bbox 3153 1335 3171 1366">
    <p class='ocr_par' dir='ltr' id='par_1_22' title="bbox 3153 1335 3171 1366">
     <span class='ocr_line' id='line_1_24' title="bbox 3153 1335 3171 1366; baseline 0 0"><span class='ocrx_word' id='word_1_151' title='bbox 3153 1335 3171 1366; x_wconf 79' lang='lat'><strong><em>1</em></strong></span> 
     </span>
    </p>
   </div>
   <div class='ocr_carea' id='block_1_23' title="bbox 499 1327 2143 1415">
    <p class='ocr_par' dir='ltr' id='par_1_23' title="bbox 499 1327 2143 1415">
     <span class='ocr_line' id='line_1_25' title="bbox 499 1327 2143 1415; baseline -0.018 -6"><span class='ocrx_word' id='word_1_152' title='bbox 499 1327 764 1410; x_wconf 82' lang='lat' dir='ltr'><strong>affecisse</strong></span> <span class='ocrx_word' id='word_1_153' title='bbox 794 1344 1023 1415; x_wconf 82' lang='lat' dir='ltr'><strong>injuria,</strong></span> <span class='ocrx_word' id='word_1_154' title='bbox 1069 1356 1172 1395; x_wconf 93' lang='lat' dir='ltr'><strong>nec</strong></span> <span class='ocrx_word' id='word_1_155' title='bbox 1205 1339 1354 1393; x_wconf 90' lang='lat' dir='ltr'><strong>facto</strong></span> <span class='ocrx_word' id='word_1_156' title='bbox 1387 1350 1492 1389; x_wconf 87' lang='lat' dir='ltr'><strong>nec</strong></span> <span class='ocrx_word' id='word_1_157' title='bbox 1533 1331 1706 1396; x_wconf 88' lang='lat' dir='ltr'><strong>dicto,</strong></span> <span class='ocrx_word' id='word_1_158' title='bbox 1737 1330 1835 1385; x_wconf 83' lang='lat' dir='ltr'><strong>sed</strong></span> <span class='ocrx_word' id='word_1_159' title='bbox 1870 1344 1973 1383; x_wconf 89' lang='lat' dir='ltr'><strong>nec</strong></span> <span class='ocrx_word' id='word_1_160' title='bbox 2023 1327 2143 1381; x_wconf 89' lang='lat' dir='ltr'><strong>ulla</strong></span> 
     </span>
    </p>
   </div>
   <div class='ocr_carea' id='block_1_24' title="bbox 503 1418 2142 1514">
    <p class='ocr_par' dir='ltr' id='par_1_24' title="bbox 503 1418 2142 1514">
     <span class='ocr_line' id='line_1_26' title="bbox 503 1418 2142 1514; baseline -0.018 -15"><span class='ocrx_word' id='word_1_161' title='bbox 503 1443 739 1514; x_wconf 87' lang='lat' dir='ltr'><strong>quidem</strong></span> <span class='ocrx_word' id='word_1_162' title='bbox 772 1433 1138 1506; x_wconf 85' lang='lat' dir='ltr'><strong>cogitatione.</strong></span> <span class='ocrx_word' id='word_1_163' title='bbox 1171 1421 1556 1492; x_wconf 86' lang='lat' dir='ltr'><strong>Quantumvis</strong></span> <span class='ocrx_word' id='word_1_164' title='bbox 1584 1421 1644 1476; x_wconf 92' lang='lat' dir='ltr'><strong>in</strong></span> <span class='ocrx_word' id='word_1_165' title='bbox 1697 1436 1762 1474; x_wconf 88' lang='lat' dir='ltr'><strong>eo</strong></span> <span class='ocrx_word' id='word_1_166' title='bbox 1795 1418 2142 1489; x_wconf 89' lang='lat' dir='ltr'><strong>inquirendo</strong></span> 
     </span>
    </p>
   </div>
   <div class='ocr_carea' id='block_1_25' title="bbox 500 1504 2142 1596">
    <p class='ocr_par' dir='ltr' id='par_1_25' title="bbox 500 1504 2142 1596">
     <span class='ocr_line' id='line_1_27' title="bbox 500 1504 2142 1596; baseline -0.018 -9"><span class='ocrx_word' id='word_1_167' title='bbox 500 1504 747 1596; x_wconf 67' lang='lat' dir='ltr'><strong>labores,</strong></span> <span class='ocrx_word' id='word_1_168' title='bbox 803 1504 1017 1578; x_wconf 77' lang='lat' dir='ltr'><strong>veritas</strong></span> <span class='ocrx_word' id='word_1_169' title='bbox 1079 1523 1165 1573; x_wconf 90' lang='lat' dir='ltr'><strong>est</strong></span> <span class='ocrx_word' id='word_1_170' title='bbox 1211 1510 1610 1570; x_wconf 76' lang='lat' dir='ltr'><strong>immutabilis.</strong></span> <span class='ocrx_word' id='word_1_171' title='bbox 1660 1507 1925 1564; x_wconf 85' lang='lat' dir='ltr'><strong>Sciebam</strong></span> <span class='ocrx_word' id='word_1_172' title='bbox 1985 1504 2142 1560; x_wconf 89' lang='lat' dir='ltr'><strong>enim</strong></span> 
     </span>
    </p>
   </div>
   <div class='ocr_carea' id='block_1_26' title="bbox 504 1595 2143 1676">
    <p class='ocr_par' dir='ltr' id='par_1_26' title="bbox 504 1595 2143 1676">
     <span class='ocr_line' id='line_1_28' title="bbox 504 1595 2143 1676; baseline -0.017 -1"><span class='ocrx_word' id='word_1_173' title='bbox 504 1635 638 1676; x_wconf 89' lang='lat' dir='ltr'><strong>eum</strong></span> <span class='ocrx_word' id='word_1_174' title='bbox 695 1595 823 1670; x_wconf 84' lang='lat' dir='ltr'><strong>esse</strong></span> <span class='ocrx_word' id='word_1_175' title='bbox 873 1625 1074 1667; x_wconf 81' lang='lat' dir='ltr'><strong>verum</strong></span> <span class='ocrx_word' id='word_1_176' title='bbox 1132 1603 1554 1666; x_wconf 86' lang='lat' dir='ltr'><strong>Christianum,</strong></span> <span class='ocrx_word' id='word_1_177' title='bbox 1603 1607 1658 1654; x_wconf 87' lang='lat' dir='ltr'><strong>et</strong></span> <span class='ocrx_word' id='word_1_178' title='bbox 1716 1595 1856 1652; x_wconf 91' lang='lat' dir='ltr'><strong>nulli</strong></span> <span class='ocrx_word' id='word_1_179' title='bbox 1908 1595 2143 1651; x_wconf 85' lang='lat' dir='ltr'><strong>affinem</strong></span> 
     </span>
    </p>
   </div>
   <div class='ocr_carea' id='block_1_27' title="bbox 507 1682 2148 1778">
    <p class='ocr_par' dir='ltr' id='par_1_27' title="bbox 507 1682 2148 1778">
     <span class='ocr_line' id='line_1_29' title="bbox 507 1682 2148 1778; baseline -0.018 -14"><span class='ocrx_word' id='word_1_180' title='bbox 507 1699 965 1778; x_wconf 86' lang='lat' dir='ltr'><strong>reprehensioni,</strong></span> <span class='ocrx_word' id='word_1_181' title='bbox 1009 1696 1288 1768; x_wconf 90' lang='lat' dir='ltr'><strong>piumque</strong></span> <span class='ocrx_word' id='word_1_182' title='bbox 1337 1707 1402 1746; x_wconf 92' lang='lat' dir='ltr'><strong>ac</strong></span> <span class='ocrx_word' id='word_1_183' title='bbox 1444 1691 1698 1760; x_wconf 90' lang='lat' dir='ltr'><strong>justum,</strong></span> <span class='ocrx_word' id='word_1_184' title='bbox 1730 1689 1785 1739; x_wconf 90' lang='lat' dir='ltr'><strong>et</strong></span> <span class='ocrx_word' id='word_1_185' title='bbox 1813 1683 2023 1739; x_wconf 87' lang='lat' dir='ltr'><strong>Christi</strong></span> <span class='ocrx_word' id='word_1_186' title='bbox 2057 1682 2148 1737; x_wconf 90' lang='lat' dir='ltr'><strong>le—</strong></span> 
     </span>
    </p>
   </div>
   <div class='ocr_carea' id='block_1_28' title="bbox 517 1773 2143 1868">
    <p class='ocr_par' dir='ltr' id='par_1_28' title="bbox 517 1773 2143 1868">
     <span class='ocr_line' id='line_1_30' title="bbox 517 1773 2143 1868; baseline -0.018 -17"><span class='ocrx_word' id='word_1_187' title='bbox 517 1773 614 1868; x_wconf 78' lang='lat' dir='ltr'><strong>ges</strong></span> <span class='ocrx_word' id='word_1_188' title='bbox 644 1795 909 1848; x_wconf 81' lang='lat' dir='ltr'><strong>accurate</strong></span> <span class='ocrx_word' id='word_1_189' title='bbox 931 1787 1280 1842; x_wconf 86' lang='lat' dir='ltr'><strong>servantem.</strong></span> <span class='ocrx_word' id='word_1_190' title='bbox 1303 1778 1455 1834; x_wconf 89' lang='lat' dir='ltr'><strong>Sciat</strong></span> <span class='ocrx_word' id='word_1_191' title='bbox 1476 1792 1610 1847; x_wconf 84' lang='lat' dir='ltr'><strong>ergo</strong></span> <span class='ocrx_word' id='word_1_192' title='bbox 1634 1773 1842 1828; x_wconf 74' lang='lat' dir='ltr'><strong>cmlum</strong></span> <span class='ocrx_word' id='word_1_193' title='bbox 1886 1776 1941 1826; x_wconf 93' lang='lat' dir='ltr'><strong>et</strong></span> <span class='ocrx_word' id='word_1_194' title='bbox 1972 1779 2143 1836; x_wconf 87' lang='lat' dir='ltr'><strong>terra,</strong></span> 
     </span>
    </p>
   </div>
   <div class='ocr_carea' id='block_1_29' title="bbox 517 1859 2152 1940">
    <p class='ocr_par' dir='ltr' id='par_1_29' title="bbox 517 1859 2152 1940">
     <span class='ocr_line' id='line_1_31' title="bbox 517 1859 2152 1940; baseline -0.018 -1"><span class='ocrx_word' id='word_1_195' title='bbox 517 1859 574 1940; x_wconf 71' lang='grc' dir='ltr'>Ξι</span> <span class='ocrx_word' id='word_1_196' title='bbox 621 1881 927 1936; x_wconf 81' lang='lat' dir='ltr'><strong>universus</strong></span> <span class='ocrx_word' id='word_1_197' title='bbox 985 1873 1198 1928; x_wconf 89' lang='lat' dir='ltr'><strong>chorus</strong></span> <span class='ocrx_word' id='word_1_198' title='bbox 1256 1870 1589 1924; x_wconf 88' lang='lat' dir='ltr'><strong>sanctorum</strong></span> <span class='ocrx_word' id='word_1_199' title='bbox 1659 1859 2016 1931; x_wconf 83' lang='lat' dir='ltr'><strong>angelorum,</strong></span> <span class='ocrx_word' id='word_1_200' title='bbox 2095 1863 2152 1912; x_wconf 86' lang='lat' dir='ltr'><strong>et</strong></span> 
     </span>
    </p>
   </div>
   <div class='ocr_carea' id='block_1_30' title="bbox 519 1946 2151 2028">
    <p class='ocr_par' dir='ltr' id='par_1_30' title="bbox 519 1946 2151 2028">
     <span class='ocr_line' id='line_1_32' title="bbox 519 1946 2151 2028; baseline -0.016 -1"><span class='ocrx_word' id='word_1_201' title='bbox 519 1970 783 2028; x_wconf 86' lang='lat' dir='ltr'><strong>Christus</strong></span> <span class='ocrx_word' id='word_1_202' title='bbox 815 1965 912 2020; x_wconf 90' lang='lat' dir='ltr'><strong>Dei</strong></span> <span class='ocrx_word' id='word_1_203' title='bbox 955 1960 1134 2015; x_wconf 78' lang='lat' dir='ltr'><strong>Filius</strong></span> <span class='ocrx_word' id='word_1_204' title='bbox 1166 1958 1256 2014; x_wconf 89' lang='lat' dir='ltr'><strong>cui</strong></span> <span class='ocrx_word' id='word_1_205' title='bbox 1287 1971 1394 2027; x_wconf 87' lang='lat' dir='ltr'><strong>ego</strong></span> <span class='ocrx_word' id='word_1_206' title='bbox 1435 1953 1622 2009; x_wconf 88' lang='lat' dir='ltr'><strong>servio</strong></span> <span class='ocrx_word' id='word_1_207' title='bbox 1671 1950 1731 2005; x_wconf 88' lang='lat' dir='ltr'><strong>in</strong></span> <span class='ocrx_word' id='word_1_208' title='bbox 1766 1965 1889 2005; x_wconf 89' lang='lat' dir='ltr'><strong>meo</strong></span> <span class='ocrx_word' id='word_1_209' title='bbox 1921 1946 2151 2019; x_wconf 90' lang='lat' dir='ltr'><strong>spiritu,</strong></span> 
     </span>
    </p>
   </div>
   <div class='ocr_carea' id='block_1_31' title="bbox 521 2049 2154 2116">
    <p class='ocr_par' dir='ltr' id='par_1_31' title="bbox 521 2049 2154 2116">
     <span class='ocr_line' id='line_1_33' title="bbox 521 2049 2154 2116; baseline -0.017 -1"><span class='ocrx_word' id='word_1_210' title='bbox 521 2075 612 2116; x_wconf 92' lang='lat' dir='ltr'><strong>me</strong></span> <span class='ocrx_word' id='word_1_211' title='bbox 659 2057 730 2113; x_wconf 90' lang='lat' dir='ltr'><strong>ab</strong></span> <span class='ocrx_word' id='word_1_212' title='bbox 788 2053 948 2108; x_wconf 90' lang='lat' dir='ltr'><strong>illius</strong></span> <span class='ocrx_word' id='word_1_213' title='bbox 979 2049 1133 2104; x_wconf 64' lang='lat' dir='ltr'><strong>caede</strong></span> <span class='ocrx_word' id='word_1_214' title='bbox 1163 2051 1219 2102; x_wconf 91' lang='lat' dir='ltr'><strong>et</strong></span> <span class='ocrx_word' id='word_1_215' title='bbox 1250 2052 1434 2100; x_wconf 89' lang='lat' dir='ltr'><strong>morte</strong></span> <span class='ocrx_word' id='word_1_216' title='bbox 1490 2057 1617 2097; x_wconf 88' lang='lat' dir='ltr'><strong>esse</strong></span> <span class='ocrx_word' id='word_1_217' title='bbox 1669 2054 1878 2111; x_wconf 86' lang='lat' dir='ltr'><strong>purum</strong></span> <span class='ocrx_word' id='word_1_218' title='bbox 1916 2053 1929 2090; x_wconf 86' lang='lat'><strong>:</strong></span> <span class='ocrx_word' id='word_1_219' title='bbox 1965 2051 2154 2107; x_wconf 90' lang='lat' dir='ltr'><strong>neque</strong></span> 
     </span>
    </p>
   </div>
   <div class='ocr_carea' id='block_1_32' title="bbox 518 2126 2154 2216">
    <p class='ocr_par' dir='ltr' id='par_1_32' title="bbox 518 2126 2154 2216">
     <span class='ocr_line' id='line_1_34' title="bbox 518 2126 2154 2216; baseline -0.017 -11"><span class='ocrx_word' id='word_1_220' title='bbox 518 2148 654 2205; x_wconf 84' lang='lat' dir='ltr'><strong>viris</strong></span> <span class='ocrx_word' id='word_1_221' title='bbox 683 2144 903 2216; x_wconf 87' lang='lat' dir='ltr'><strong>impiis,</strong></span> <span class='ocrx_word' id='word_1_222' title='bbox 939 2142 1038 2212; x_wconf 89' lang='lat' dir='ltr'><strong>qui</strong></span> <span class='ocrx_word' id='word_1_223' title='bbox 1078 2137 1290 2193; x_wconf 67' lang='lat' dir='ltr'><strong>eaedem</strong></span> <span class='ocrx_word' id='word_1_224' title='bbox 1324 2133 1486 2188; x_wconf 89' lang='lat' dir='ltr'><strong>illius</strong></span> <span class='ocrx_word' id='word_1_225' title='bbox 1527 2131 1807 2196; x_wconf 87' lang='lat' dir='ltr'><strong>fecerunt,</strong></span> <span class='ocrx_word' id='word_1_226' title='bbox 1837 2126 2154 2197; x_wconf 83' lang='lat' dir='ltr'><strong>quidquam</strong></span> 
     </span>
    </p>
   </div>
   <div class='ocr_carea' id='block_1_33' title="bbox 521 2215 2151 2298">
    <p class='ocr_par' dir='ltr' id='par_1_33' title="bbox 521 2215 2151 2298">
     <span class='ocr_line' id='line_1_35' title="bbox 521 2215 2151 2298; baseline -0.016 -4"><span class='ocrx_word' id='word_1_227' title='bbox 521 2237 748 2294; x_wconf 86' lang='lat' dir='ltr'><strong>dedisse</strong></span> <span class='ocrx_word' id='word_1_228' title='bbox 803 2229 1025 2298; x_wconf 85' lang='lat' dir='ltr'><strong>auxilii,</strong></span> <span class='ocrx_word' id='word_1_229' title='bbox 1082 2231 1184 2281; x_wconf 90' lang='lat' dir='ltr'><strong>aut</strong></span> <span class='ocrx_word' id='word_1_230' title='bbox 1231 2224 1306 2280; x_wconf 88' lang='lat' dir='ltr'><strong>ad</strong></span> <span class='ocrx_word' id='word_1_231' title='bbox 1361 2237 1490 2277; x_wconf 90' lang='lat' dir='ltr'><strong>eam</strong></span> <span class='ocrx_word' id='word_1_232' title='bbox 1539 2217 1758 2290; x_wconf 86' lang='lat' dir='ltr'><strong>aliquid</strong></span> <span class='ocrx_word' id='word_1_233' title='bbox 1819 2215 2151 2272; x_wconf 86' lang='lat' dir='ltr'><strong>contulisse.</strong></span> 
     </span>
    </p>
   </div>
   <div class='ocr_carea' id='block_1_34' title="bbox 521 2313 2156 2405">
    <p class='ocr_par' dir='ltr' id='par_1_34' title="bbox 521 2313 2156 2405">
     <span class='ocr_line' id='line_1_36' title="bbox 521 2313 2156 2405; baseline -0.015 -14"><span class='ocrx_word' id='word_1_234' title='bbox 521 2337 713 2405; x_wconf 82' lang='lat' dir='ltr'><strong>Neque</strong></span> <span class='ocrx_word' id='word_1_235' title='bbox 761 2329 915 2386; x_wconf 90' lang='lat' dir='ltr'><strong>enim</strong></span> <span class='ocrx_word' id='word_1_236' title='bbox 973 2331 1113 2382; x_wconf 87' lang='lat' dir='ltr'><strong>tunc</strong></span> <span class='ocrx_word' id='word_1_237' title='bbox 1144 2324 1375 2377; x_wconf 87' lang='lat' dir='ltr'><strong>aderam</strong></span> <span class='ocrx_word' id='word_1_238' title='bbox 1417 2335 1551 2374; x_wconf 89' lang='lat' dir='ltr'><strong>cum</strong></span> <span class='ocrx_word' id='word_1_239' title='bbox 1589 2314 1945 2372; x_wconf 89' lang='lat' dir='ltr'><strong>Constantio.</strong></span> <span class='ocrx_word' id='word_1_240' title='bbox 1987 2313 2056 2368; x_wconf 90' lang='lat' dir='ltr'><strong>Et</strong></span> <span class='ocrx_word' id='word_1_241' title='bbox 2087 2313 2156 2367; x_wconf 88' lang='lat' dir='ltr'><strong>de</strong></span> 
     </span>
    </p>
   </div>
   <div class='ocr_carea' id='block_1_35' title="bbox 521 2403 2153 2490">
    <p class='ocr_par' dir='ltr' id='par_1_35' title="bbox 521 2403 2153 2490">
     <span class='ocr_line' id='line_1_37' title="bbox 521 2403 2153 2490; baseline -0.017 -10"><span class='ocrx_word' id='word_1_242' title='bbox 521 2403 695 2480; x_wconf 72' lang='lat' dir='ltr'><strong>fratre</strong></span> <span class='ocrx_word' id='word_1_243' title='bbox 727 2419 962 2490; x_wconf 87' lang='lat' dir='ltr'><strong>quidem</strong></span> <span class='ocrx_word' id='word_1_244' title='bbox 986 2420 1086 2471; x_wconf 92' lang='lat' dir='ltr'><strong>tuo</strong></span> <span class='ocrx_word' id='word_1_245' title='bbox 1119 2413 1239 2468; x_wconf 67' lang='lat' dir='ltr'><strong>haec</strong></span> <span class='ocrx_word' id='word_1_246' title='bbox 1271 2415 1359 2466; x_wconf 86' lang='lat' dir='ltr'><strong>est</strong></span> <span class='ocrx_word' id='word_1_247' title='bbox 1391 2424 1516 2464; x_wconf 85' lang='lat' dir='ltr'><strong>mea</strong></span> <span class='ocrx_word' id='word_1_248' title='bbox 1541 2405 1820 2462; x_wconf 84' lang='lat' dir='ltr'><strong>defensio.</strong></span> <span class='ocrx_word' id='word_1_249' title='bbox 1853 2403 2014 2468; x_wconf 90' lang='lat' dir='ltr'><strong>Quod</strong></span> <span class='ocrx_word' id='word_1_250' title='bbox 2049 2418 2153 2457; x_wconf 90' lang='lat' dir='ltr'><strong>au-</strong></span> 
     </span>
    </p>
   </div>
   <div class='ocr_carea' id='block_1_36' title="bbox 520 2491 2151 2569">
    <p class='ocr_par' dir='ltr' id='par_1_36' title="bbox 520 2491 2151 2569">
     <span class='ocr_line' id='line_1_38' title="bbox 520 2491 2151 2569; baseline -0.017 0"><span class='ocrx_word' id='word_1_251' title='bbox 520 2521 638 2569; x_wconf 81' lang='lat' dir='ltr'><strong>tem</strong></span> <span class='ocrx_word' id='word_1_252' title='bbox 671 2510 744 2566; x_wconf 88' lang='lat' dir='ltr'><strong>ad</strong></span> <span class='ocrx_word' id='word_1_253' title='bbox 772 2505 985 2564; x_wconf 87' lang='lat' dir='ltr'><strong>Christi</strong></span> <span class='ocrx_word' id='word_1_254' title='bbox 1044 2503 1251 2559; x_wconf 88' lang='lat' dir='ltr'><strong>attinet</strong></span> <span class='ocrx_word' id='word_1_255' title='bbox 1281 2497 1733 2569; x_wconf 87' lang='lat' dir='ltr'><strong>abjurationem,</strong></span> <span class='ocrx_word' id='word_1_256' title='bbox 1764 2497 1820 2548; x_wconf 92' lang='lat' dir='ltr'><strong>et</strong></span> <span class='ocrx_word' id='word_1_257' title='bbox 1875 2493 1943 2546; x_wconf 88' lang='lat' dir='ltr'><strong>ad</strong></span> <span class='ocrx_word' id='word_1_258' title='bbox 1977 2491 2151 2544; x_wconf 89' lang='lat' dir='ltr'><strong>vitam</strong></span> 
     </span>
    </p>
   </div>
   <div class='ocr_carea' id='block_1_37' title="bbox 521 2579 2154 2675">
    <p class='ocr_par' dir='ltr' id='par_1_37' title="bbox 521 2579 2154 2675">
     <span class='ocr_line' id='line_1_39' title="bbox 521 2579 2154 2675; baseline -0.017 -18"><span class='ocrx_word' id='word_1_259' title='bbox 521 2600 785 2675; x_wconf 82' lang='lat' dir='ltr'><strong>gentium</strong></span> <span class='ocrx_word' id='word_1_260' title='bbox 845 2591 1331 2664; x_wconf 87' lang='lat' dir='ltr'><strong>amplectendam,</strong></span> <span class='ocrx_word' id='word_1_261' title='bbox 1384 2587 1492 2641; x_wconf 91' lang='lat' dir='ltr'><strong>hoc</strong></span> <span class='ocrx_word' id='word_1_262' title='bbox 1549 2585 1652 2638; x_wconf 87' lang='lat' dir='ltr'><strong>tibi</strong></span> <span class='ocrx_word' id='word_1_263' title='bbox 1705 2579 2086 2651; x_wconf 88' lang='lat' dir='ltr'><strong>respondebo,</strong></span> <span class='ocrx_word' id='word_1_264' title='bbox 2121 2593 2154 2630; x_wconf 92' lang='lat' dir='ltr'><strong>a</strong></span> 
     </span>
    </p>
   </div>
   <div class='ocr_carea' id='block_1_38' title="bbox 519 2667 2148 2757">
    <p class='ocr_par' dir='ltr' id='par_1_38' title="bbox 519 2667 2148 2757">
     <span class='ocr_line' id='line_1_40' title="bbox 519 2667 2148 2757; baseline -0.018 -11"><span class='ocrx_word' id='word_1_265' title='bbox 519 2667 714 2747; x_wconf 62' lang='lat' dir='ltr'><strong>tribus</strong></span> <span class='ocrx_word' id='word_1_266' title='bbox 773 2684 988 2757; x_wconf 89' lang='lat' dir='ltr'><strong>pueris,</strong></span> <span class='ocrx_word' id='word_1_267' title='bbox 1035 2681 1128 2751; x_wconf 89' lang='lat' dir='ltr'><strong>qui</strong></span> <span class='ocrx_word' id='word_1_268' title='bbox 1188 2681 1355 2731; x_wconf 88' lang='lat' dir='ltr'><strong>erant</strong></span> <span class='ocrx_word' id='word_1_269' title='bbox 1419 2674 1524 2728; x_wconf 89' lang='lat' dir='ltr'><strong>sub</strong></span> <span class='ocrx_word' id='word_1_270' title='bbox 1595 2667 2148 2729; x_wconf 89' lang='lat' dir='ltr'><strong>Nabuchodonosor,</strong></span> 
     </span>
    </p>
   </div>
   <div class='ocr_carea' id='block_1_39' title="bbox 525 2753 2150 2843">
    <p class='ocr_par' dir='ltr' id='par_1_39' title="bbox 525 2753 2150 2843">
     <span class='ocr_line' id='line_1_41' title="bbox 525 2753 2150 2843; baseline -0.019 -7"><span class='ocrx_word' id='word_1_271' title='bbox 525 2784 726 2835; x_wconf 88' lang='lat' dir='ltr'><strong>mutuo</strong></span> <span class='ocrx_word' id='word_1_272' title='bbox 759 2753 1045 2843; x_wconf 75' lang='lat' dir='ltr'><strong>accipiens</strong></span> <span class='ocrx_word' id='word_1_273' title='bbox 1085 2785 1098 2823; x_wconf 90' lang='lat'><strong>:</strong></span> <span class='ocrx_word' id='word_1_274' title='bbox 1139 2789 1162 2819; x_wconf 76' lang='grc' dir='ltr'>α</span> <span class='ocrx_word' id='word_1_275' title='bbox 1204 2765 1417 2820; x_wconf 88' lang='lat' dir='ltr'><strong>Notum</strong></span> <span class='ocrx_word' id='word_1_276' title='bbox 1465 2760 1567 2815; x_wconf 88' lang='lat' dir='ltr'><strong>tibi</strong></span> <span class='ocrx_word' id='word_1_277' title='bbox 1619 2759 1715 2823; x_wconf 85' lang='lat' dir='ltr'><strong>sit,</strong></span> <span class='ocrx_word' id='word_1_278' title='bbox 1749 2774 1780 2812; x_wconf 92' lang='grc' dir='ltr'><strong>ο</strong></span> <span class='ocrx_word' id='word_1_279' title='bbox 1819 2771 1937 2819; x_wconf 87' lang='lat' dir='ltr'><strong>rex,</strong></span> <span class='ocrx_word' id='word_1_280' title='bbox 1997 2753 2150 2822; x_wconf 87' lang='lat' dir='ltr'><strong>quod</strong></span> 
     </span>
    </p>
   </div>
   <div class='ocr_carea' id='block_1_40' title="bbox 525 2842 2152 2924">
    <p class='ocr_par' dir='ltr' id='par_1_40' title="bbox 525 2842 2152 2924">
     <span class='ocr_line' id='line_1_42' title="bbox 525 2842 2152 2924; baseline -0.018 1"><span class='ocrx_word' id='word_1_281' title='bbox 525 2871 662 2924; x_wconf 89' lang='lat' dir='ltr'><strong>deos</strong></span> <span class='ocrx_word' id='word_1_282' title='bbox 693 2872 826 2920; x_wconf 90' lang='lat' dir='ltr'><strong>tuos</strong></span> <span class='ocrx_word' id='word_1_283' title='bbox 867 2842 980 2917; x_wconf 83' lang='lat' dir='ltr'><strong>non</strong></span> <span class='ocrx_word' id='word_1_284' title='bbox 1039 2858 1184 2924; x_wconf 87' lang='lat' dir='ltr'><strong>colo,</strong></span> <span class='ocrx_word' id='word_1_285' title='bbox 1218 2860 1274 2910; x_wconf 89' lang='lat' dir='ltr'><strong>et</strong></span> <span class='ocrx_word' id='word_1_286' title='bbox 1328 2853 1434 2909; x_wconf 89' lang='lat' dir='ltr'><strong>tibi</strong></span> <span class='ocrx_word' id='word_1_287' title='bbox 1484 2847 1812 2905; x_wconf 83' lang='lat' dir='ltr'><strong>charissimi</strong></span> <span class='ocrx_word' id='word_1_288' title='bbox 1867 2842 2152 2915; x_wconf 86' lang='lat' dir='ltr'><strong>Apollinis</strong></span> 
     </span>
    </p>
   </div>
   <div class='ocr_carea' id='block_1_41' title="bbox 522 2939 1669 3014">
    <p class='ocr_par' dir='ltr' id='par_1_41' title="bbox 522 2939 1669 3014">
     <span class='ocr_line' id='line_1_43' title="bbox 522 2939 1669 3014; baseline -0.022 0"><span class='ocrx_word' id='word_1_289' title='bbox 522 2973 756 3014; x_wconf 84' lang='lat' dir='ltr'><strong>auream</strong></span> <span class='ocrx_word' id='word_1_290' title='bbox 784 2969 896 3008; x_wconf 91' lang='lat' dir='ltr'><strong>non</strong></span> <span class='ocrx_word' id='word_1_291' title='bbox 940 2948 1188 3004; x_wconf 87' lang='lat' dir='ltr'><strong>adorabo</strong></span> <span class='ocrx_word' id='word_1_292' title='bbox 1221 2943 1532 3009; x_wconf 73' lang='lat' dir='ltr'><strong>imaginem</strong></span> <span class='ocrx_word' id='word_1_293' title='bbox 1565 2939 1605 2992; x_wconf 79' lang='grc'><strong>⁸.</strong></span> <span class='ocrx_word' id='word_1_294' title='bbox 1641 2960 1669 2988; x_wconf 86' lang='grc'><strong>››</strong></span> 
     </span>
    </p>
   </div>
   <div class='ocr_carea' id='block_1_42' title="bbox 2258 1335 3916 1414">
    <p class='ocr_par' dir='ltr' id='par_1_42' title="bbox 2258 1335 3916 1414">
     <span class='ocr_line' id='line_1_44' title="bbox 2258 1335 3916 1414; baseline 0.002 -24"><span class='ocrx_word' id='word_1_295' title='bbox 2258 1358 2376 1408; x_wconf 86' lang='grc' dir='ltr'>μαι,</span> <span class='ocrx_word' id='word_1_296' title='bbox 2409 1338 2483 1399; x_wconf 88' lang='grc' dir='ltr'>ὡς</span> <span class='ocrx_word' id='word_1_297' title='bbox 2523 1337 2628 1391; x_wconf 79' lang='grc' dir='ltr'><strong>οὐκ</strong></span> <span class='ocrx_word' id='word_1_298' title='bbox 2654 1335 2713 1390; x_wconf 79' lang='grc' dir='ltr'>ἂν</span> <span class='ocrx_word' id='word_1_299' title='bbox 2748 1335 2967 1409; x_wconf 70' lang='grc' dir='ltr'>φανείην</span> <span class='ocrx_word' id='word_1_300' title='bbox 3013 1337 3112 1403; x_wconf 75' lang='grc' dir='ltr'>τήν</span> <span class='ocrx_word' id='word_1_301' title='bbox 3152 1335 3353 1390; x_wconf 81' lang='grc' dir='ltr'>ἐκείνου</span> <span class='ocrx_word' id='word_1_302' title='bbox 3391 1338 3579 1414; x_wconf 73' lang='grc' dir='ltr'>ψυγὴν</span> <span class='ocrx_word' id='word_1_303' title='bbox 3611 1335 3916 1408; x_wconf 73' lang='grc' dir='ltr'>ἠδικηκὼς</span> 
     </span>
    </p>
   </div>
   <div class='ocr_carea' id='block_1_43' title="bbox 2254 1407 3914 1500">
    <p class='ocr_par' dir='ltr' id='par_1_43' title="bbox 2254 1407 3914 1500">
     <span class='ocr_line' id='line_1_45' title="bbox 2254 1407 3914 1500; baseline 0 -19"><span class='ocrx_word' id='word_1_304' title='bbox 2254 1427 2496 1498; x_wconf 84' lang='grc' dir='ltr'>πώποτε,</span> <span class='ocrx_word' id='word_1_305' title='bbox 2522 1424 2620 1480; x_wconf 75' lang='grc' dir='ltr'><strong>οὒκ</strong></span> <span class='ocrx_word' id='word_1_306' title='bbox 2667 1430 2844 1500; x_wconf 79' lang='grc' dir='ltr'>ἆργῳ,</span> <span class='ocrx_word' id='word_1_307' title='bbox 2877 1424 2936 1479; x_wconf 77' lang='grc' dir='ltr'><strong>οὐ</strong></span> <span class='ocrx_word' id='word_1_308' title='bbox 2971 1425 3146 1498; x_wconf 71' lang='grc' dir='ltr'>λόγῳ,</span> <span class='ocrx_word' id='word_1_309' title='bbox 3180 1421 3302 1478; x_wconf 71' lang='grc' dir='ltr'>οὕτε</span> <span class='ocrx_word' id='word_1_310' title='bbox 3329 1426 3434 1479; x_wconf 86' lang='grc' dir='ltr'>τινὶ</span> <span class='ocrx_word' id='word_1_311' title='bbox 3487 1407 3728 1486; x_wconf 67' lang='grc' dir='ltr'>διανοίας</span> <span class='ocrx_word' id='word_1_312' title='bbox 3779 1426 3914 1481; x_wconf 82' lang='grc' dir='ltr'>ἐπι-</span> 
     </span>
    </p>
   </div>
   <div class='ocr_carea' id='block_1_44' title="bbox 2253 1511 3920 1587">
    <p class='ocr_par' dir='ltr' id='par_1_44' title="bbox 2253 1511 3920 1587">
     <span class='ocr_line' id='line_1_46' title="bbox 2253 1511 3920 1587; baseline 0.001 -18"><span class='ocrx_word' id='word_1_313' title='bbox 2253 1519 2512 1587; x_wconf 70' lang='grc' dir='ltr'>νοήματι,</span> <span class='ocrx_word' id='word_1_314' title='bbox 2572 1511 2684 1569; x_wconf 79' lang='grc' dir='ltr'>οὐδ’</span> <span class='ocrx_word' id='word_1_315' title='bbox 2741 1514 2786 1568; x_wconf 85' lang='grc' dir='ltr'>εἰ</span> <span class='ocrx_word' id='word_1_316' title='bbox 2823 1513 2986 1587; x_wconf 84' lang='grc' dir='ltr'>μυρία</span> <span class='ocrx_word' id='word_1_317' title='bbox 3040 1515 3239 1586; x_wconf 84' lang='grc' dir='ltr'>κάμοις</span> <span class='ocrx_word' id='word_1_318' title='bbox 3285 1513 3408 1586; x_wconf 84' lang='grc' dir='ltr'>περὶ</span> <span class='ocrx_word' id='word_1_319' title='bbox 3447 1513 3644 1569; x_wconf 68' lang='grc' dir='ltr'>τούτου</span> <span class='ocrx_word' id='word_1_320' title='bbox 3687 1515 3920 1586; x_wconf 75' lang='grc' dir='ltr'>ἀνερευ-</span> 
     </span>
    </p>
   </div>
   <div class='ocr_carea' id='block_1_45' title="bbox 2250 1599 3918 1679">
    <p class='ocr_par' dir='ltr' id='par_1_45' title="bbox 2250 1599 3918 1679">
     <span class='ocr_line' id='line_1_47' title="bbox 2250 1599 3918 1679; baseline 0.001 -22"><span class='ocrx_word' id='word_1_321' title='bbox 2250 1610 2379 1673; x_wconf 79' lang='grc' dir='ltr'>νιῖυν,</span> <span class='ocrx_word' id='word_1_322' title='bbox 2410 1607 2444 1674; x_wconf 73' lang='grc' dir='ltr'>ἡ</span> <span class='ocrx_word' id='word_1_323' title='bbox 2495 1603 2724 1674; x_wconf 67' lang='grc' dir='ltr'>ἀλήθεια</span> <span class='ocrx_word' id='word_1_324' title='bbox 2772 1599 3174 1675; x_wconf 71' lang='grc' dir='ltr'>ἀμετάϐλητος·</span> <span class='ocrx_word' id='word_1_325' title='bbox 3226 1602 3544 1676; x_wconf 84' lang='grc' dir='ltr'>ἠπιστάμην</span> <span class='ocrx_word' id='word_1_326' title='bbox 3596 1604 3699 1679; x_wconf 77' lang='grc' dir='ltr'>γὰρ</span> <span class='ocrx_word' id='word_1_327' title='bbox 3743 1603 3918 1658; x_wconf 75' lang='grc' dir='ltr'>αὐτόν</span> 
     </span>
    </p>
   </div>
   <div class='ocr_carea' id='block_1_46' title="bbox 2254 1691 3922 1771">
    <p class='ocr_par' dir='ltr' id='par_1_46' title="bbox 2254 1691 3922 1771">
     <span class='ocr_line' id='line_1_48' title="bbox 2254 1691 3922 1771; baseline -0.002 -19"><span class='ocrx_word' id='word_1_328' title='bbox 2254 1697 2585 1771; x_wconf 78' lang='grc' dir='ltr'>Χριστιανὸν</span> <span class='ocrx_word' id='word_1_329' title='bbox 2635 1692 2786 1764; x_wconf 77' lang='grc' dir='ltr'>ὄντα,</span> <span class='ocrx_word' id='word_1_330' title='bbox 2831 1691 3060 1771; x_wconf 67' lang='grc' dir='ltr'>θεοφιλῆ</span> <span class='ocrx_word' id='word_1_331' title='bbox 3110 1714 3166 1747; x_wconf 89' lang='grc' dir='ltr'><strong>τε</strong></span> <span class='ocrx_word' id='word_1_332' title='bbox 3208 1693 3296 1747; x_wconf 84' lang='grc' dir='ltr'><strong>καὶ</strong></span> <span class='ocrx_word' id='word_1_333' title='bbox 3349 1692 3587 1764; x_wconf 79' lang='grc' dir='ltr'>δίκαιον,</span> <span class='ocrx_word' id='word_1_334' title='bbox 3636 1694 3728 1749; x_wconf 74' lang='grc' dir='ltr'><strong>καὶ</strong></span> <span class='ocrx_word' id='word_1_335' title='bbox 3784 1696 3922 1771; x_wconf 81' lang='grc' dir='ltr'>περὶ</span> 
     </span>
    </p>
   </div>
   <div class='ocr_carea' id='block_1_47' title="bbox 2181 1784 3920 1883">
    <p class='ocr_par' dir='ltr' id='par_1_47' title="bbox 2181 1784 3920 1883">
     <span class='ocr_line' id='line_1_49' title="bbox 2181 1784 3920 1883; baseline 0 -39"><span class='ocrx_word' id='word_1_336' title='bbox 2181 1789 2382 1883; x_wconf 66' lang='grc' dir='ltr'>Βτοὺς</span> <span class='ocrx_word' id='word_1_337' title='bbox 2431 1793 2528 1842; x_wconf 73' lang='grc' dir='ltr'>τοῦ</span> <span class='ocrx_word' id='word_1_338' title='bbox 2578 1791 2816 1862; x_wconf 67' lang='grc' dir='ltr'>Χριστοῦ</span> <span class='ocrx_word' id='word_1_339' title='bbox 2855 1788 3058 1858; x_wconf 70' lang='grc' dir='ltr'>νόμους</span> <span class='ocrx_word' id='word_1_340' title='bbox 3114 1785 3396 1859; x_wconf 77' lang='grc' dir='ltr'>πρόθυμον</span> <span class='ocrx_word' id='word_1_341' title='bbox 3443 1787 3534 1840; x_wconf 77' lang='grc' dir='ltr'><strong>καὶ</strong></span> <span class='ocrx_word' id='word_1_342' title='bbox 3586 1784 3920 1844; x_wconf 70' lang='grc' dir='ltr'>σπουδαῖον.</span> 
     </span>
    </p>
   </div>
   <div class='ocr_carea' id='block_1_48' title="bbox 2262 1876 3918 1952">
    <p class='ocr_par' dir='ltr' id='par_1_48' title="bbox 2262 1876 3918 1952">
     <span class='ocr_line' id='line_1_50' title="bbox 2262 1876 3918 1952; baseline -0.005 -15"><span class='ocrx_word' id='word_1_343' title='bbox 2262 1883 2424 1937; x_wconf 80' lang='grc' dir='ltr'>Ἰστω</span> <span class='ocrx_word' id='word_1_344' title='bbox 2459 1878 2636 1934; x_wconf 82' lang='grc' dir='ltr'>τοίνυν</span> <span class='ocrx_word' id='word_1_345' title='bbox 2671 1877 2892 1950; x_wconf 72' lang='grc' dir='ltr'>οὐρανός</span> <span class='ocrx_word' id='word_1_346' title='bbox 2922 1897 2978 1930; x_wconf 89' lang='grc' dir='ltr'><strong>τε</strong></span> <span class='ocrx_word' id='word_1_347' title='bbox 3024 1876 3113 1930; x_wconf 80' lang='grc' dir='ltr'><strong>καὶ</strong></span> <span class='ocrx_word' id='word_1_348' title='bbox 3141 1883 3234 1952; x_wconf 80' lang='grc' dir='ltr'>γῆ,</span> <span class='ocrx_word' id='word_1_349' title='bbox 3266 1876 3356 1929; x_wconf 84' lang='grc' dir='ltr'><strong>καὶ</strong></span> <span class='ocrx_word' id='word_1_350' title='bbox 3395 1881 3497 1936; x_wconf 75' lang='grc' dir='ltr'>πᾶς</span> <span class='ocrx_word' id='word_1_351' title='bbox 3535 1877 3562 1930; x_wconf 89' lang='grc' dir='ltr'><strong>ὁ</strong></span> <span class='ocrx_word' id='word_1_352' title='bbox 3596 1881 3704 1930; x_wconf 83' lang='grc' dir='ltr'><strong>τῶν</strong></span> <span class='ocrx_word' id='word_1_353' title='bbox 3737 1878 3918 1951; x_wconf 76' lang='grc' dir='ltr'>ἁγίων</span> 
     </span>
    </p>
   </div>
   <div class='ocr_carea' id='block_1_49' title="bbox 2263 1965 3921 2043">
    <p class='ocr_par' dir='ltr' id='par_1_49' title="bbox 2263 1965 3921 2043">
     <span class='ocr_line' id='line_1_51' title="bbox 2263 1965 3921 2043; baseline -0.005 -20"><span class='ocrx_word' id='word_1_354' title='bbox 2263 1967 2510 2043; x_wconf 75' lang='grc' dir='ltr'>ἂγγέλων</span> <span class='ocrx_word' id='word_1_355' title='bbox 2541 1967 2735 2042; x_wconf 77' lang='grc' dir='ltr'>χορὸς,</span> <span class='ocrx_word' id='word_1_356' title='bbox 2765 1966 2851 2019; x_wconf 81' lang='grc' dir='ltr'><strong>καὶ</strong></span> <span class='ocrx_word' id='word_1_357' title='bbox 2897 1965 3133 2038; x_wconf 76' lang='grc' dir='ltr'>Χριστὸς</span> <span class='ocrx_word' id='word_1_358' title='bbox 3184 1965 3210 2018; x_wconf 77' lang='grc' dir='ltr'>ὑ</span> <span class='ocrx_word' id='word_1_359' title='bbox 3240 1969 3335 2019; x_wconf 76' lang='grc' dir='ltr'>τοῦ</span> <span class='ocrx_word' id='word_1_360' title='bbox 3366 1969 3499 2020; x_wconf 69' lang='grc' dir='ltr'>Θεοῦ</span> <span class='ocrx_word' id='word_1_361' title='bbox 3531 1966 3674 2034; x_wconf 72' lang='grc' dir='ltr'>Υἱὸς,</span> <span class='ocrx_word' id='word_1_362' title='bbox 3709 1965 3758 2037; x_wconf 80' lang='grc' dir='ltr'>ᾧ</span> <span class='ocrx_word' id='word_1_363' title='bbox 3806 1966 3921 2040; x_wconf 78' lang='grc' dir='ltr'><strong>ἐγὼ</strong></span> 
     </span>
    </p>
   </div>
   <div class='ocr_carea' id='block_1_50' title="bbox 2263 2053 3922 2128">
    <p class='ocr_par' dir='ltr' id='par_1_50' title="bbox 2263 2053 3922 2128">
     <span class='ocr_line' id='line_1_52' title="bbox 2263 2053 3922 2128; baseline -0.002 -16"><span class='ocrx_word' id='word_1_364' title='bbox 2263 2057 2510 2128; x_wconf 69' lang='grc' dir='ltr'>λατρεύω</span> <span class='ocrx_word' id='word_1_365' title='bbox 2568 2056 2620 2110; x_wconf 83' lang='grc' dir='ltr'><strong>ἐν</strong></span> <span class='ocrx_word' id='word_1_366' title='bbox 2677 2059 2755 2126; x_wconf 77' lang='grc' dir='ltr'>τῷ</span> <span class='ocrx_word' id='word_1_367' title='bbox 2791 2053 2906 2127; x_wconf 79' lang='grc' dir='ltr'>ἒμῷ</span> <span class='ocrx_word' id='word_1_368' title='bbox 2953 2053 3235 2125; x_wconf 63' lang='grc' dir='ltr'>πνεύματι,</span> <span class='ocrx_word' id='word_1_369' title='bbox 3290 2055 3362 2115; x_wconf 86' lang='grc' dir='ltr'><strong>ὡς</strong></span> <span class='ocrx_word' id='word_1_370' title='bbox 3403 2055 3634 2127; x_wconf 76' lang='grc' dir='ltr'>καθαρὸς</span> <span class='ocrx_word' id='word_1_371' title='bbox 3672 2053 3782 2128; x_wconf 75' lang='grc' dir='ltr'><strong>ἐγὼ</strong></span> <span class='ocrx_word' id='word_1_372' title='bbox 3812 2063 3922 2124; x_wconf 77' lang='grc' dir='ltr'><strong>τῆς</strong></span> 
     </span>
    </p>
   </div>
   <div class='ocr_carea' id='block_1_51' title="bbox 2263 2141 3919 2222">
    <p class='ocr_par' dir='ltr' id='par_1_51' title="bbox 2263 2141 3919 2222">
     <span class='ocr_line' id='line_1_53' title="bbox 2263 2141 3919 2222; baseline -0.002 -20"><span class='ocrx_word' id='word_1_373' title='bbox 2263 2146 2466 2202; x_wconf 76' lang='grc' dir='ltr'>ἐκείνου</span> <span class='ocrx_word' id='word_1_374' title='bbox 2525 2146 2730 2222; x_wconf 64' lang='grc' dir='ltr'>σφαγῆς</span> <span class='ocrx_word' id='word_1_375' title='bbox 2774 2164 2832 2197; x_wconf 86' lang='grc' dir='ltr'><strong>τε</strong></span> <span class='ocrx_word' id='word_1_376' title='bbox 2895 2143 2983 2196; x_wconf 80' lang='grc' dir='ltr'><strong>καὶ</strong></span> <span class='ocrx_word' id='word_1_377' title='bbox 3023 2141 3295 2213; x_wconf 69' lang='grc' dir='ltr'>τελευτῆς,</span> <span class='ocrx_word' id='word_1_378' title='bbox 3328 2145 3418 2197; x_wconf 81' lang='grc' dir='ltr'><strong>καὶ</strong></span> <span class='ocrx_word' id='word_1_379' title='bbox 3475 2141 3646 2215; x_wconf 70' lang='grc' dir='ltr'>μηδὲν</span> <span class='ocrx_word' id='word_1_380' title='bbox 3696 2145 3919 2199; x_wconf 80' lang='grc' dir='ltr'>συνείσ-</span> 
     </span>
    </p>
   </div>
   <div class='ocr_carea' id='block_1_52' title="bbox 2265 2229 3915 2312">
    <p class='ocr_par' dir='ltr' id='par_1_52' title="bbox 2265 2229 3915 2312">
     <span class='ocr_line' id='line_1_54' title="bbox 2265 2229 3915 2312; baseline -0.002 -20"><span class='ocrx_word' id='word_1_381' title='bbox 2265 2237 2491 2312; x_wconf 74' lang='grc' dir='ltr'>ενέγκὼν</span> <span class='ocrx_word' id='word_1_382' title='bbox 2534 2235 2607 2297; x_wconf 73' lang='grc' dir='ltr'><strong>εἷς</strong></span> <span class='ocrx_word' id='word_1_383' title='bbox 2642 2236 2730 2288; x_wconf 80' lang='grc' dir='ltr'>τὸν</span> <span class='ocrx_word' id='word_1_384' title='bbox 2759 2231 2960 2287; x_wconf 77' lang='grc' dir='ltr'>ἐκείνου</span> <span class='ocrx_word' id='word_1_385' title='bbox 3001 2232 3158 2307; x_wconf 71' lang='grc' dir='ltr'>ιρᾶνον</span> <span class='ocrx_word' id='word_1_386' title='bbox 3190 2233 3279 2286; x_wconf 84' lang='grc' dir='ltr'><strong>τὸν</strong></span> <span class='ocrx_word' id='word_1_387' title='bbox 3334 2229 3537 2300; x_wconf 66' lang='grc' dir='ltr'>ἄδικον,</span> <span class='ocrx_word' id='word_1_388' title='bbox 3568 2238 3686 2294; x_wconf 87' lang='grc' dir='ltr'>τοῖς</span> <span class='ocrx_word' id='word_1_389' title='bbox 3748 2233 3915 2288; x_wconf 67' lang='grc' dir='ltr'>αὐτὸν</span> 
     </span>
    </p>
   </div>
   <div class='ocr_carea' id='block_1_53' title="bbox 2264 2318 3917 2399">
    <p class='ocr_par' dir='ltr' id='par_1_53' title="bbox 2264 2318 3917 2399">
     <span class='ocr_line' id='line_1_55' title="bbox 2264 2318 3917 2399; baseline -0.008 -20"><span class='ocrx_word' id='word_1_390' title='bbox 2264 2342 2748 2399; x_wconf 84' lang='grc' dir='ltr'>κατεργασαμενοις</span> <span class='ocrx_word' id='word_1_391' title='bbox 2805 2319 3039 2382; x_wconf 69' lang='grc' dir='ltr'>ἀνοσίοις</span> <span class='ocrx_word' id='word_1_392' title='bbox 3108 2318 3378 2394; x_wconf 52' lang='grc' dir='ltr'>ἀνδράσιν</span> <span class='ocrx_word' id='word_1_393' title='bbox 3423 2318 3547 2375; x_wconf 70' lang='grc' dir='ltr'>οὐδὲ</span> <span class='ocrx_word' id='word_1_394' title='bbox 3591 2321 3694 2397; x_wconf 70' lang='grc' dir='ltr'><strong>γάρ</strong></span> <span class='ocrx_word' id='word_1_395' title='bbox 3769 2343 3917 2393; x_wconf 49' lang='lat' dir='ltr'><strong>aug-</strong></span> 
     </span>
    </p>
   </div>
   <div class='ocr_carea' id='block_1_54' title="bbox 2265 2409 3913 2486">
    <p class='ocr_par' dir='ltr' id='par_1_54' title="bbox 2265 2409 3913 2486">
     <span class='ocr_line' id='line_1_56' title="bbox 2265 2409 3913 2486; baseline -0.007 -17"><span class='ocrx_word' id='word_1_396' title='bbox 2265 2416 2449 2486; x_wconf 86' lang='grc' dir='ltr'>παρὼν</span> <span class='ocrx_word' id='word_1_397' title='bbox 2480 2415 2547 2481; x_wconf 82' lang='grc' dir='ltr'>ἧν</span> <span class='ocrx_word' id='word_1_398' title='bbox 2579 2413 2700 2466; x_wconf 74' lang='grc' dir='ltr'>τότε</span> <span class='ocrx_word' id='word_1_399' title='bbox 2739 2411 2816 2482; x_wconf 77' lang='grc' dir='ltr'>τῷ</span> <span class='ocrx_word' id='word_1_400' title='bbox 2858 2410 3238 2481; x_wconf 82' lang='grc' dir='ltr'>Κωνσταντίῳ,</span> <span class='ocrx_word' id='word_1_401' title='bbox 3281 2409 3427 2464; x_wconf 73' lang='grc' dir='ltr'>ἀλλὰ</span> <span class='ocrx_word' id='word_1_402' title='bbox 3473 2412 3574 2478; x_wconf 72' lang='grc' dir='ltr'><strong>τήν</strong></span> <span class='ocrx_word' id='word_1_403' title='bbox 3624 2409 3913 2484; x_wconf 69' lang='grc' dir='ltr'>Αἴγυπτον</span> 
     </span>
    </p>
   </div>
   <div class='ocr_carea' id='block_1_55' title="bbox 2264 2495 3914 2576">
    <p class='ocr_par' dir='ltr' id='par_1_55' title="bbox 2264 2495 3914 2576">
     <span class='ocr_line' id='line_1_57' title="bbox 2264 2495 3914 2576; baseline -0.001 -20"><span class='ocrx_word' id='word_1_404' title='bbox 2264 2504 2415 2576; x_wconf 74' lang='grc' dir='ltr'>εἶχον</span> <span class='ocrx_word' id='word_1_405' title='bbox 2467 2499 2676 2569; x_wconf 75' lang='grc' dir='ltr'>οῗ¹κησίν</span> <span class='ocrx_word' id='word_1_406' title='bbox 2729 2520 2787 2552; x_wconf 88' lang='grc' dir='ltr'><strong>τε</strong></span> <span class='ocrx_word' id='word_1_407' title='bbox 2831 2499 2921 2551; x_wconf 81' lang='grc' dir='ltr'><strong>καὶ</strong></span> <span class='ocrx_word' id='word_1_408' title='bbox 2980 2495 3188 2551; x_wconf 82' lang='grc' dir='ltr'>δίαιταν</span> <span class='ocrx_word' id='word_1_409' title='bbox 3243 2500 3409 2572; x_wconf 78' lang='grc' dir='ltr'>μέχρι</span> <span class='ocrx_word' id='word_1_410' title='bbox 3479 2501 3578 2552; x_wconf 73' lang='grc' dir='ltr'>τοῦ</span> <span class='ocrx_word' id='word_1_411' title='bbox 3639 2499 3914 2572; x_wconf 77' lang='grc' dir='ltr'>παρόντος</span> 
     </span>
    </p>
   </div>
   <div class='ocr_carea' id='block_1_56' title="bbox 2263 2587 3914 2663">
    <p class='ocr_par' dir='ltr' id='par_1_56' title="bbox 2263 2587 3914 2663">
     <span class='ocr_line' id='line_1_58' title="bbox 2263 2587 3914 2663; baseline -0.001 -19"><span class='ocrx_word' id='word_1_412' title='bbox 2263 2589 2524 2644; x_wconf 77' lang='grc' dir='ltr'>ἐνιαυτοῦ.</span> <span class='ocrx_word' id='word_1_413' title='bbox 2581 2589 2683 2642; x_wconf 80' lang='grc' dir='ltr'>Καὶ</span> <span class='ocrx_word' id='word_1_414' title='bbox 2747 2587 2948 2655; x_wconf 69' lang='grc' dir='ltr'>ταύτην</span> <span class='ocrx_word' id='word_1_415' title='bbox 2980 2587 3094 2657; x_wconf 73' lang='grc' dir='ltr'>’μὲν</span> <span class='ocrx_word' id='word_1_416' title='bbox 3138 2587 3437 2661; x_wconf 79' lang='grc' dir='ltr'>ἀπολογίαν</span> <span class='ocrx_word' id='word_1_417' title='bbox 3485 2592 3754 2659; x_wconf 70' lang='grc' dir='ltr'>ποιοῦμαι</span> <span class='ocrx_word' id='word_1_418' title='bbox 3785 2591 3914 2663; x_wconf 82' lang='grc' dir='ltr'>περί</span> 
     </span>
    </p>
   </div>
   <div class='ocr_carea' id='block_1_57' title="bbox 2258 2671 3910 2750">
    <p class='ocr_par' dir='ltr' id='par_1_57' title="bbox 2258 2671 3910 2750">
     <span class='ocr_line' id='line_1_59' title="bbox 2258 2671 3910 2750; baseline -0.001 -17"><span class='ocrx_word' id='word_1_419' title='bbox 2258 2683 2353 2733; x_wconf 64' lang='grc' dir='ltr'>τοῦ</span> <span class='ocrx_word' id='word_1_420' title='bbox 2386 2680 2481 2731; x_wconf 80' lang='grc' dir='ltr'>σοῦ</span> <span class='ocrx_word' id='word_1_421' title='bbox 2536 2673 2795 2750; x_wconf 58' lang='grc' dir='ltr'>ἀδελφοῦ,</span> <span class='ocrx_word' id='word_1_422' title='bbox 2827 2673 2950 2747; x_wconf 75' lang='grc' dir='ltr'>περὶ</span> <span class='ocrx_word' id='word_1_423' title='bbox 3005 2671 3062 2727; x_wconf 74' lang='grc' dir='ltr'><strong>δὲ</strong></span> <span class='ocrx_word' id='word_1_424' title='bbox 3094 2678 3192 2727; x_wconf 79' lang='grc' dir='ltr'>οοῦ</span> <span class='ocrx_word' id='word_1_425' title='bbox 3239 2676 3330 2728; x_wconf 80' lang='grc' dir='ltr'><strong>τὸν</strong></span> <span class='ocrx_word' id='word_1_426' title='bbox 3363 2677 3603 2749; x_wconf 83' lang='grc' dir='ltr'>Χριστὸν</span> <span class='ocrx_word' id='word_1_427' title='bbox 3637 2675 3910 2749; x_wconf 72' lang='grc' dir='ltr'>ἐξομόσα·</span> 
     </span>
    </p>
   </div>
   <div class='ocr_carea' id='block_1_58' title="bbox 2262 2761 3912 2854">
    <p class='ocr_par' dir='ltr' id='par_1_58' title="bbox 2262 2761 3912 2854">
     <span class='ocr_line' id='line_1_60' title="bbox 2262 2761 3912 2854; baseline -0.001 -32"><span class='ocrx_word' id='word_1_428' title='bbox 2262 2766 2525 2854; x_wconf 51' lang='grc' dir='ltr'>σθαι’καὶ</span> <span class='ocrx_word' id='word_1_429' title='bbox 2582 2763 2671 2819; x_wconf 80' lang='grc' dir='ltr'>τὸν</span> <span class='ocrx_word' id='word_1_430' title='bbox 2722 2761 3046 2831; x_wconf 70' lang='grc' dir='ltr'>Ἑλληνικὸν</span> <span class='ocrx_word' id='word_1_431' title='bbox 3115 2761 3452 2817; x_wconf 77' lang='grc' dir='ltr'>ἀσπάσασθαι</span> <span class='ocrx_word' id='word_1_432' title='bbox 3527 2765 3668 2839; x_wconf 85' lang='grc' dir='ltr'>βίον,</span> <span class='ocrx_word' id='word_1_433' title='bbox 3743 2769 3912 2820; x_wconf 77' lang='grc' dir='ltr'><strong>τοῦτὸ</strong></span> 
     </span>
     <span class='ocr_line' id='line_1_61' title="bbox 2659 2832 3910 2854; baseline 0.002 -5"><span class='ocrx_word' id='word_1_434' title='bbox 2659 2839 2682 2849; x_wconf 64' lang='grc' dir='ltr'><em>υ</em></span> <span class='ocrx_word' id='word_1_435' title='bbox 2911 2838 2935 2847; x_wconf 71' lang='lat'><strong>-</strong></span> <span class='ocrx_word' id='word_1_436' title='bbox 3071 2853 3080 2854; x_wconf 26' lang='grc' dir='ltr'>ί</span> <span class='ocrx_word' id='word_1_437' title='bbox 3122 2838 3148 2847; x_wconf 59' lang='grc' dir='ltr'>θ</span> <span class='ocrx_word' id='word_1_438' title='bbox 3330 2832 3372 2854; x_wconf 50' lang='grc' dir='ltr'><em>’ᾗ</em></span> <span class='ocrx_word' id='word_1_439' title='bbox 3558 2842 3579 2850; x_wconf 64' lang='grc' dir='ltr'><strong>ε-</strong></span> <span class='ocrx_word' id='word_1_440' title='bbox 3688 2836 3700 2852; x_wconf 70' lang='grc'>’</span> <span class='ocrx_word' id='word_1_441' title='bbox 3758 2836 3769 2852; x_wconf 53' lang='grc' dir='ltr'><strong>ἢ</strong></span> <span class='ocrx_word' id='word_1_442' title='bbox 3885 2843 3910 2852; x_wconf 71' lang='grc'><strong>.-</strong></span> 
     </span>
    </p>
   </div>
   <div class='ocr_carea' id='block_1_59' title="bbox 2263 2832 3912 2908">
    <p class='ocr_par' dir='ltr' id='par_1_59' title="bbox 2263 2832 3912 2908">
     <span class='ocr_line' id='line_1_62' title="bbox 2263 2832 3912 2908; baseline 0 -16"><span class='ocrx_word' id='word_1_443' title='bbox 2263 2860 2346 2893; x_wconf 86' lang='grc' dir='ltr'><strong>σοι</strong></span> <span class='ocrx_word' id='word_1_444' title='bbox 2393 2837 2813 2908; x_wconf 73' lang='grc' dir='ltr'>ἀποκρινοῦμαι,</span> <span class='ocrx_word' id='word_1_445' title='bbox 2871 2838 2976 2887; x_wconf 80' lang='grc' dir='ltr'><strong>τῶν</strong></span> <span class='ocrx_word' id='word_1_446' title='bbox 3026 2838 3190 2905; x_wconf 78' lang='grc' dir='ltr'>τριῶν</span> <span class='ocrx_word' id='word_1_447' title='bbox 3244 2832 3454 2889; x_wconf 80' lang='grc' dir='ltr'>παίδων</span> <span class='ocrx_word' id='word_1_448' title='bbox 3513 2832 3620 2892; x_wconf 79' lang='grc' dir='ltr'><strong>τῶν</strong></span> <span class='ocrx_word' id='word_1_449' title='bbox 3685 2836 3772 2890; x_wconf 72' lang='grc' dir='ltr'><strong>ἐπὶ</strong></span> <span class='ocrx_word' id='word_1_450' title='bbox 3811 2843 3912 2892; x_wconf 76' lang='grc' dir='ltr'>τοῦ</span> 
     </span>
    </p>
   </div>
   <div class='ocr_carea' id='block_1_60' title="bbox 2264 2920 3903 2999">
    <p class='ocr_par' dir='ltr' id='par_1_60' title="bbox 2264 2920 3903 2999">
     <span class='ocr_line' id='line_1_63' title="bbox 2264 2920 3903 2999; baseline -0.002 -18"><span class='ocrx_word' id='word_1_451' title='bbox 2264 2921 2756 2999; x_wconf 59' lang='grc' dir='ltr'>Ναϐουχοδονύσορ</span> <span class='ocrx_word' id='word_1_452' title='bbox 2839 2922 2941 2989; x_wconf 72' lang='grc' dir='ltr'><strong>τήν</strong></span> <span class='ocrx_word' id='word_1_453' title='bbox 3034 2923 3215 2992; x_wconf 70' lang='grc' dir='ltr'>φωνὴν</span> <span class='ocrx_word' id='word_1_454' title='bbox 3327 2920 3738 2998; x_wconf 66' lang='grc' dir='ltr'>δανεισάμενος,</span> <span class='ocrx_word' id='word_1_455' title='bbox 3825 2925 3903 2980; x_wconf 80' lang='grc' dir='ltr'>ὅτι</span> 
     </span>
    </p>
   </div>
   <div class='ocr_carea' id='block_1_61' title="bbox 520 3011 3902 3108">
    <p class='ocr_par' dir='ltr' id='par_1_61' title="bbox 520 3011 3902 3108">
     <span class='ocr_line' id='line_1_64' title="bbox 520 3011 3902 3108; baseline -0.014 -7"><span class='ocrx_word' id='word_1_456' title='bbox 520 3045 765 3102; x_wconf 77' lang='grc' dir='ltr'>Γνωστὸν</span> <span class='ocrx_word' id='word_1_457' title='bbox 823 3038 959 3094; x_wconf 70' lang='grc' dir='ltr'>ἔστω</span> <span class='ocrx_word' id='word_1_458' title='bbox 1019 3057 1124 3102; x_wconf 88' lang='grc' dir='ltr'>σοι,</span> <span class='ocrx_word' id='word_1_459' title='bbox 1181 3031 1425 3108; x_wconf 74' lang='grc' dir='ltr'>βασιλεῦ,</span> <span class='ocrx_word' id='word_1_460' title='bbox 1479 3031 1562 3082; x_wconf 82' lang='grc' dir='ltr'><strong>ὅτι</strong></span> <span class='ocrx_word' id='word_1_461' title='bbox 1615 3031 1730 3087; x_wconf 82' lang='grc' dir='ltr'>τοῖς</span> <span class='ocrx_word' id='word_1_462' title='bbox 1789 3027 1930 3088; x_wconf 81' lang='grc' dir='ltr'>θεοῖς</span> <span class='ocrx_word' id='word_1_463' title='bbox 1991 3041 2087 3075; x_wconf 77' lang='grc' dir='ltr'><strong>σου</strong></span> <span class='ocrx_word' id='word_1_464' title='bbox 2139 3040 2200 3074; x_wconf 73' lang='lat' dir='ltr'><strong>ou</strong></span> <span class='ocrx_word' id='word_1_465' title='bbox 2242 3015 2507 3092; x_wconf 67' lang='grc' dir='ltr'>κατρεεω,</span> <span class='ocrx_word' id='word_1_466' title='bbox 2561 3015 2650 3069; x_wconf 80' lang='grc' dir='ltr'><strong>καὶ</strong></span> <span class='ocrx_word' id='word_1_467' title='bbox 2711 3017 2779 3086; x_wconf 78' lang='grc' dir='ltr'>τῇ</span> <span class='ocrx_word' id='word_1_468' title='bbox 2832 3011 2999 3066; x_wconf 77' lang='grc' dir='ltr'>εἰκόνι</span> <span class='ocrx_word' id='word_1_469' title='bbox 3049 3015 3116 3086; x_wconf 80' lang='grc' dir='ltr'>τῇ</span> <span class='ocrx_word' id='word_1_470' title='bbox 3170 3016 3351 3088; x_wconf 74' lang='grc' dir='ltr'>γροσῇ</span> <span class='ocrx_word' id='word_1_471' title='bbox 3381 3018 3478 3069; x_wconf 66' lang='grc' dir='ltr'>τοῦ</span> <span class='ocrx_word' id='word_1_472' title='bbox 3511 3016 3595 3068; x_wconf 64' lang='grc' dir='ltr'><strong>σοὶ</strong></span> <span class='ocrx_word' id='word_1_473' title='bbox 3648 3014 3902 3070; x_wconf 56' lang='grc' dir='ltr'><strong>φιλτάτου</strong></span> 
     </span>
     <span class='ocr_line' id='line_1_65' title="bbox 3197 3077 3670 3093; baseline -0.008 4"><span class='ocrx_word' id='word_1_474' title='bbox 3197 3078 3211 3087; x_wconf 75' lang='grc'><strong>’⁵</strong></span> <span class='ocrx_word' id='word_1_475' title='bbox 3660 3077 3670 3093; x_wconf 70' lang='grc' dir='ltr'>δ</span> 
     </span>
    </p>
   </div>
   <div class='ocr_carea' id='block_1_62' title="bbox 518 3121 1536 3196">
    <p class='ocr_par' dir='ltr' id='par_1_62' title="bbox 518 3121 1536 3196">
     <span class='ocr_line' id='line_1_66' title="bbox 518 3121 1536 3196; baseline -0.021 -5"><span class='ocrx_word' id='word_1_476' title='bbox 518 3133 900 3196; x_wconf 78' lang='grc' dir='ltr'>Ἀπόλλωνος,</span> <span class='ocrx_word' id='word_1_477' title='bbox 937 3124 996 3180; x_wconf 63' lang='grc' dir='ltr'>οὗ</span> <span class='ocrx_word' id='word_1_478' title='bbox 1007 3145 1132 3179; x_wconf 88' lang='grc' dir='ltr'>ποτε</span> <span class='ocrx_word' id='word_1_479' title='bbox 1155 3121 1536 3196; x_wconf 67' lang='grc' dir='ltr'>προσκυνήσω.</span> 
     </span>
    </p>
   </div>
   <div class='ocr_carea' id='block_1_63' title="bbox 589 3190 2149 3285">
    <p class='ocr_par' dir='ltr' id='par_1_63' title="bbox 589 3190 2149 3285">
     <span class='ocr_line' id='line_1_67' title="bbox 589 3190 2149 3285; baseline -0.016 -6"><span class='ocrx_word' id='word_1_480' title='bbox 589 3223 778 3279; x_wconf 87' lang='grc' dir='ltr'><strong>ΧΧΙΧ.</strong></span> <span class='ocrx_word' id='word_1_481' title='bbox 805 3190 965 3285; x_wconf 79' lang='lat' dir='ltr'><strong>Quod</strong></span> <span class='ocrx_word' id='word_1_482' title='bbox 997 3190 1455 3270; x_wconf 25' lang='lat' dir='ltr'><strong>autemtbeatum</strong></span> <span class='ocrx_word' id='word_1_483' title='bbox 1486 3205 1951 3272; x_wconf 86' lang='lat' dir='ltr'><strong>Constantinum,</strong></span> <span class='ocrx_word' id='word_1_484' title='bbox 1987 3219 2149 3258; x_wconf 89' lang='lat' dir='ltr'><strong>sum-</strong></span> 
     </span>
    </p>
   </div>
   <div class='ocr_carea' id='block_1_64' title="bbox 2262 3190 3914 3285">
    <p class='ocr_par' dir='ltr' id='par_1_64' title="bbox 2337 3190 3914 3266">
     <span class='ocr_line' id='line_1_68' title="bbox 2337 3190 3914 3266; baseline -0.002 -15"><span class='ocrx_word' id='word_1_485' title='bbox 2337 3198 2454 3252; x_wconf 76' lang='lat' dir='ltr'><strong>KO&#39;.</strong></span> <span class='ocrx_word' id='word_1_486' title='bbox 2513 3198 2636 3252; x_wconf 72' lang='grc' dir='ltr'>’Ότι</span> <span class='ocrx_word' id='word_1_487' title='bbox 2694 3190 2750 3247; x_wconf 76' lang='grc' dir='ltr'>δὲ</span> <span class='ocrx_word' id='word_1_488' title='bbox 2805 3192 2896 3246; x_wconf 87' lang='grc' dir='ltr'><strong>τὸν</strong></span> <span class='ocrx_word' id='word_1_489' title='bbox 2987 3191 3250 3266; x_wconf 83' lang='grc' dir='ltr'>μακάριον</span> <span class='ocrx_word' id='word_1_490' title='bbox 3336 3199 3764 3263; x_wconf 68' lang='grc' dir='ltr'>Κωνστκντινον,</span> <span class='ocrx_word' id='word_1_491' title='bbox 3824 3195 3914 3248; x_wconf 71' lang='grc' dir='ltr'>τὸν</span> 
     </span>
    </p>
   </div>
   <div class='ocr_carea' id='block_1_65' title="bbox 522 3290 2157 3373">
    <p class='ocr_par' dir='ltr' id='par_1_65' title="bbox 522 3290 2157 3373">
     <span class='ocr_line' id='line_1_69' title="bbox 522 3290 2157 3373; baseline -0.016 -5"><span class='ocrx_word' id='word_1_492' title='bbox 522 3329 686 3368; x_wconf 90' lang='lat' dir='ltr'><strong>mum</strong></span> <span class='ocrx_word' id='word_1_493' title='bbox 717 3308 977 3365; x_wconf 90' lang='lat' dir='ltr'><strong>omnium</strong></span> <span class='ocrx_word' id='word_1_494' title='bbox 1020 3305 1457 3373; x_wconf 89' lang='lat' dir='ltr'><strong>imperatorum,</strong></span> <span class='ocrx_word' id='word_1_495' title='bbox 1490 3301 1546 3351; x_wconf 89' lang='lat' dir='ltr'><strong>et</strong></span> <span class='ocrx_word' id='word_1_496' title='bbox 1575 3295 1728 3352; x_wconf 86' lang='lat' dir='ltr'><strong>illius</strong></span> <span class='ocrx_word' id='word_1_497' title='bbox 1762 3309 1946 3361; x_wconf 76' lang='lat' dir='ltr'><strong>genus</strong></span> <span class='ocrx_word' id='word_1_498' title='bbox 1985 3290 2157 3344; x_wconf 89' lang='lat' dir='ltr'><strong>malc-</strong></span> 
     </span>
    </p>
   </div>
   <div class='ocr_carea' id='block_1_66' title="bbox 522 3375 2156 3454">
    <p class='ocr_par' dir='ltr' id='par_1_66' title="bbox 522 3375 2156 3454">
     <span class='ocr_line' id='line_1_70' title="bbox 522 3375 2156 3454; baseline -0.015 -1"><span class='ocrx_word' id='word_1_499' title='bbox 522 3397 692 3453; x_wconf 86' lang='lat' dir='ltr'><strong>dictis</strong></span> <span class='ocrx_word' id='word_1_500' title='bbox 717 3412 779 3450; x_wconf 90' lang='lat' dir='ltr'><strong>es</strong></span> <span class='ocrx_word' id='word_1_501' title='bbox 818 3395 1159 3454; x_wconf 84' lang='lat' dir='ltr'><strong>insectatus,</strong></span> <span class='ocrx_word' id='word_1_502' title='bbox 1201 3401 1414 3443; x_wconf 85' lang='lat' dir='ltr'><strong>vocans</strong></span> <span class='ocrx_word' id='word_1_503' title='bbox 1456 3382 1778 3445; x_wconf 89' lang='lat' dir='ltr'><strong>inimicum,</strong></span> <span class='ocrx_word' id='word_1_504' title='bbox 1812 3383 1868 3432; x_wconf 85' lang='lat' dir='ltr'><strong>et</strong></span> <span class='ocrx_word' id='word_1_505' title='bbox 1897 3377 2010 3432; x_wconf 89' lang='lat' dir='ltr'><strong>diis</strong></span> <span class='ocrx_word' id='word_1_506' title='bbox 2040 3375 2156 3430; x_wconf 88' lang='lat' dir='ltr'><strong>tuis</strong></span> 
     </span>
    </p>
   </div>
   <div class='ocr_carea' id='block_1_67' title="bbox 520 3471 2157 3550">
    <p class='ocr_par' dir='ltr' id='par_1_67' title="bbox 520 3471 2157 3550">
     <span class='ocr_line' id='line_1_71' title="bbox 520 3471 2157 3550; baseline -0.015 -8"><span class='ocrx_word' id='word_1_507' title='bbox 520 3484 960 3546; x_wconf 82' lang='lat' dir='ltr'><strong>exsecrandum,</strong></span> <span class='ocrx_word' id='word_1_508' title='bbox 986 3483 1266 3550; x_wconf 63' lang='lat' dir='ltr'><strong>praterea</strong></span> <span class='ocrx_word' id='word_1_509' title='bbox 1307 3483 1492 3529; x_wconf 87' lang='lat' dir='ltr'><strong>autem</strong></span> <span class='ocrx_word' id='word_1_510' title='bbox 1531 3471 1839 3536; x_wconf 89' lang='lat' dir='ltr'><strong>furiosum,</strong></span> <span class='ocrx_word' id='word_1_511' title='bbox 1870 3474 1922 3522; x_wconf 90' lang='lat' dir='ltr'><strong>et</strong></span> <span class='ocrx_word' id='word_1_512' title='bbox 1956 3481 2157 3535; x_wconf 90' lang='lat' dir='ltr'><strong>prom—</strong></span> 
     </span>
    </p>
   </div>
   <div class='ocr_carea' id='block_1_68' title="bbox 521 3553 2158 3646">
    <p class='ocr_par' dir='ltr' id='par_1_68' title="bbox 521 3553 2158 3646">
     <span class='ocr_line' id='line_1_72' title="bbox 521 3553 2158 3646; baseline -0.015 -16"><span class='ocrx_word' id='word_1_513' title='bbox 521 3580 683 3646; x_wconf 89' lang='lat' dir='ltr'><strong>ptum</strong></span> <span class='ocrx_word' id='word_1_514' title='bbox 717 3572 788 3626; x_wconf 85' lang='lat' dir='ltr'><strong>ad</strong></span> <span class='ocrx_word' id='word_1_515' title='bbox 823 3570 1039 3626; x_wconf 60' lang='lat' dir='ltr'><strong>easdem</strong></span> <span class='ocrx_word' id='word_1_516' title='bbox 1103 3565 1448 3629; x_wconf 84' lang='lat' dir='ltr'><strong>faciendam,</strong></span> <span class='ocrx_word' id='word_1_517' title='bbox 1482 3561 1599 3615; x_wconf 58' lang='lat' dir='ltr'><strong>haec</strong></span> <span class='ocrx_word' id='word_1_518' title='bbox 1654 3557 1758 3612; x_wconf 87' lang='lat' dir='ltr'><strong>tibi</strong></span> <span class='ocrx_word' id='word_1_519' title='bbox 1793 3573 1892 3628; x_wconf 82' lang='lat' dir='ltr'><strong>pro</strong></span> <span class='ocrx_word' id='word_1_520' title='bbox 1945 3553 2045 3610; x_wconf 85' lang='lat' dir='ltr'><strong>illo</strong></span> <span class='ocrx_word' id='word_1_521' title='bbox 2078 3569 2158 3608; x_wconf 82' lang='lat' dir='ltr'><strong>re-</strong></span> 
     </span>
    </p>
   </div>
   <div class='ocr_carea' id='block_1_69' title="bbox 524 3643 2157 3734">
    <p class='ocr_par' dir='ltr' id='par_1_69' title="bbox 524 3643 2157 3734">
     <span class='ocr_line' id='line_1_73' title="bbox 524 3643 2157 3734; baseline -0.014 -14"><span class='ocrx_word' id='word_1_522' title='bbox 524 3643 844 3734; x_wconf 73' lang='lat' dir='ltr'><strong>spondebo.</strong></span> <span class='ocrx_word' id='word_1_523' title='bbox 879 3659 1047 3713; x_wconf 90' lang='lat' dir='ltr'><strong>Pater</strong></span> <span class='ocrx_word' id='word_1_524' title='bbox 1070 3665 1200 3710; x_wconf 91' lang='lat' dir='ltr'><strong>tuus</strong></span> <span class='ocrx_word' id='word_1_525' title='bbox 1219 3653 1610 3718; x_wconf 80' lang='lat' dir='ltr'><strong>Constantius,</strong></span> <span class='ocrx_word' id='word_1_526' title='bbox 1637 3654 1690 3705; x_wconf 88' lang='lat' dir='ltr'><strong>et</strong></span> <span class='ocrx_word' id='word_1_527' title='bbox 1710 3651 1837 3719; x_wconf 89' lang='lat' dir='ltr'><strong>ejus</strong></span> <span class='ocrx_word' id='word_1_528' title='bbox 1869 3647 2076 3700; x_wconf 86' lang='lat' dir='ltr'><strong>fratres</strong></span> <span class='ocrx_word' id='word_1_529' title='bbox 2107 3643 2157 3698; x_wconf 87' lang='lat' dir='ltr'><strong>ei</strong></span> 
     </span>
    </p>
   </div>
   <div class='ocr_carea' id='block_1_70' title="bbox 523 3737 2153 3824">
    <p class='ocr_par' dir='ltr' id='par_1_70' title="bbox 523 3737 2153 3824">
     <span class='ocr_line' id='line_1_74' title="bbox 523 3737 2153 3824; baseline -0.012 -18"><span class='ocrx_word' id='word_1_530' title='bbox 523 3753 744 3824; x_wconf 87' lang='lat' dir='ltr'><strong>priores</strong></span> <span class='ocrx_word' id='word_1_531' title='bbox 777 3749 1033 3801; x_wconf 86' lang='lat' dir='ltr'><strong>fecerunt</strong></span> <span class='ocrx_word' id='word_1_532' title='bbox 1064 3745 1363 3813; x_wconf 90' lang='lat' dir='ltr'><strong>injuriam,</strong></span> <span class='ocrx_word' id='word_1_533' title='bbox 1395 3745 1458 3794; x_wconf 90' lang='lat' dir='ltr'><strong>ut</strong></span> <span class='ocrx_word' id='word_1_534' title='bbox 1488 3741 1586 3809; x_wconf 91' lang='lat' dir='ltr'><strong>qui</strong></span> <span class='ocrx_word' id='word_1_535' title='bbox 1618 3739 1668 3792; x_wconf 88' lang='lat' dir='ltr'><strong>ei</strong></span> <span class='ocrx_word' id='word_1_536' title='bbox 1720 3737 1934 3792; x_wconf 89' lang='lat' dir='ltr'><strong>malum</strong></span> <span class='ocrx_word' id='word_1_537' title='bbox 1987 3749 2153 3788; x_wconf 86' lang='lat' dir='ltr'><strong>vene-</strong></span> 
     </span>
    </p>
   </div>
   <div class='ocr_carea' id='block_1_71' title="bbox 523 3823 2148 3898">
    <p class='ocr_par' dir='ltr' id='par_1_71' title="bbox 523 3823 2148 3898">
     <span class='ocr_line' id='line_1_75' title="bbox 523 3823 2148 3898; baseline -0.014 -2"><span class='ocrx_word' id='word_1_538' title='bbox 523 3856 664 3896; x_wconf 90' lang='lat' dir='ltr'><strong>num</strong></span> <span class='ocrx_word' id='word_1_539' title='bbox 691 3833 1054 3898; x_wconf 85' lang='lat' dir='ltr'><strong>miscuerint,</strong></span> <span class='ocrx_word' id='word_1_540' title='bbox 1079 3829 1238 3884; x_wconf 90' lang='lat' dir='ltr'><strong>nulla</strong></span> <span class='ocrx_word' id='word_1_541' title='bbox 1260 3829 1496 3882; x_wconf 89' lang='lat' dir='ltr'><strong>omnino</strong></span> <span class='ocrx_word' id='word_1_542' title='bbox 1521 3827 1591 3879; x_wconf 89' lang='lat' dir='ltr'><strong>ab</strong></span> <span class='ocrx_word' id='word_1_543' title='bbox 1612 3841 1676 3880; x_wconf 91' lang='lat' dir='ltr'><strong>eo</strong></span> <span class='ocrx_word' id='word_1_544' title='bbox 1700 3824 1886 3878; x_wconf 83' lang='lat' dir='ltr'><strong>affecti</strong></span> <span class='ocrx_word' id='word_1_545' title='bbox 1916 3823 2148 3892; x_wconf 85' lang='lat' dir='ltr'><strong>injuria.</strong></span> 
     </span>
    </p>
   </div>
   <div class='ocr_carea' id='block_1_72' title="bbox 522 3911 2152 3984">
    <p class='ocr_par' dir='ltr' id='par_1_72' title="bbox 522 3911 2152 3984">
     <span class='ocr_line' id='line_1_76' title="bbox 522 3911 2152 3984; baseline -0.013 0"><span class='ocrx_word' id='word_1_546' title='bbox 522 3929 626 3984; x_wconf 91' lang='lat' dir='ltr'><strong>Ille</strong></span> <span class='ocrx_word' id='word_1_547' title='bbox 656 3933 846 3982; x_wconf 89' lang='lat' dir='ltr'><strong>autem</strong></span> <span class='ocrx_word' id='word_1_548' title='bbox 884 3935 1114 3976; x_wconf 82' lang='lat' dir='ltr'><strong>uxorem</strong></span> <span class='ocrx_word' id='word_1_549' title='bbox 1147 3919 1417 3971; x_wconf 88' lang='lat' dir='ltr'><strong>Faustam</strong></span> <span class='ocrx_word' id='word_1_550' title='bbox 1443 3914 1601 3982; x_wconf 83' lang='lat' dir='ltr'><strong>juste</strong></span> <span class='ocrx_word' id='word_1_551' title='bbox 1631 3913 1943 3966; x_wconf 86' lang='lat' dir='ltr'><strong>admodum</strong></span> <span class='ocrx_word' id='word_1_552' title='bbox 1977 3911 2152 3964; x_wconf 86' lang='lat' dir='ltr'><strong>inter-</strong></span> 
     </span>
    </p>
   </div>
   <div class='ocr_carea' id='block_1_73' title="bbox 525 3999 2155 4084">
    <p class='ocr_par' dir='ltr' id='par_1_73' title="bbox 525 3999 2155 4084">
     <span class='ocr_line' id='line_1_77' title="bbox 525 3999 2155 4084; baseline -0.012 -12"><span class='ocrx_word' id='word_1_553' title='bbox 525 4016 680 4084; x_wconf 89' lang='lat' dir='ltr'><strong>fecit,</strong></span> <span class='ocrx_word' id='word_1_554' title='bbox 714 4018 779 4068; x_wconf 90' lang='lat' dir='ltr'><strong>ut</strong></span> <span class='ocrx_word' id='word_1_555' title='bbox 825 4027 951 4082; x_wconf 69' lang='lat' dir='ltr'><strong>qua:</strong></span> <span class='ocrx_word' id='word_1_556' title='bbox 985 4008 1236 4081; x_wconf 85' lang='lat' dir='ltr'><strong>priscam</strong></span> <span class='ocrx_word' id='word_1_557' title='bbox 1287 4004 1586 4059; x_wconf 62' lang='lat' dir='ltr'><strong>Phedram</strong></span> <span class='ocrx_word' id='word_1_558' title='bbox 1618 4005 1772 4056; x_wconf 86' lang='lat' dir='ltr'><strong>esset</strong></span> <span class='ocrx_word' id='word_1_559' title='bbox 1827 3999 2065 4066; x_wconf 85' lang='lat' dir='ltr'><strong>imitata,</strong></span> <span class='ocrx_word' id='word_1_560' title='bbox 2099 4004 2155 4053; x_wconf 92' lang='lat' dir='ltr'><strong>et</strong></span> 
     </span>
    </p>
   </div>
   <div class='ocr_carea' id='block_1_74' title="bbox 523 4086 2148 4176">
    <p class='ocr_par' dir='ltr' id='par_1_74' title="bbox 523 4086 2148 4176">
     <span class='ocr_line' id='line_1_78' title="bbox 523 4086 2148 4176; baseline -0.012 -14"><span class='ocrx_word' id='word_1_561' title='bbox 523 4107 651 4176; x_wconf 87' lang='lat' dir='ltr'><strong>ejus</strong></span> <span class='ocrx_word' id='word_1_562' title='bbox 682 4101 870 4157; x_wconf 86' lang='lat' dir='ltr'><strong>ﬁlium</strong></span> <span class='ocrx_word' id='word_1_563' title='bbox 911 4099 1174 4153; x_wconf 88' lang='lat' dir='ltr'><strong>Priscum</strong></span> <span class='ocrx_word' id='word_1_564' title='bbox 1205 4092 1520 4166; x_wconf 69' lang='lat' dir='ltr'><strong>{Crispum}</strong></span> <span class='ocrx_word' id='word_1_565' title='bbox 1571 4092 1725 4145; x_wconf 85' lang='lat' dir='ltr'><strong>esset</strong></span> <span class='ocrx_word' id='word_1_566' title='bbox 1779 4086 2148 4155; x_wconf 88' lang='lat' dir='ltr'><strong>calumniata,</strong></span> 
     </span>
    </p>
   </div>
   <div class='ocr_carea' id='block_1_75' title="bbox 523 4178 2156 4267">
    <p class='ocr_par' dir='ltr' id='par_1_75' title="bbox 523 4178 2156 4267">
     <span class='ocr_line' id='line_1_79' title="bbox 523 4178 2156 4267; baseline -0.011 -17"><span class='ocrx_word' id='word_1_567' title='bbox 523 4194 678 4267; x_wconf 89' lang='lat' dir='ltr'><strong>quod</strong></span> <span class='ocrx_word' id='word_1_568' title='bbox 719 4193 849 4260; x_wconf 89' lang='lat' dir='ltr'><strong>ejus</strong></span> <span class='ocrx_word' id='word_1_569' title='bbox 884 4202 1080 4244; x_wconf 87' lang='lat' dir='ltr'><strong>amore</strong></span> <span class='ocrx_word' id='word_1_570' title='bbox 1129 4189 1334 4255; x_wconf 88' lang='lat' dir='ltr'><strong>captus</strong></span> <span class='ocrx_word' id='word_1_571' title='bbox 1364 4185 1538 4247; x_wconf 87' lang='lat' dir='ltr'><strong>esset,</strong></span> <span class='ocrx_word' id='word_1_572' title='bbox 1571 4185 1628 4236; x_wconf 88' lang='lat' dir='ltr'><strong>et</strong></span> <span class='ocrx_word' id='word_1_573' title='bbox 1657 4179 1773 4234; x_wconf 88' lang='lat' dir='ltr'><strong>vim</strong></span> <span class='ocrx_word' id='word_1_574' title='bbox 1825 4178 1876 4234; x_wconf 89' lang='lat' dir='ltr'><strong>ei</strong></span> <span class='ocrx_word' id='word_1_575' title='bbox 1917 4186 2156 4233; x_wconf 88' lang='lat' dir='ltr'><strong>conatus</strong></span> 
     </span>
    </p>
   </div>
   <div class='ocr_carea' id='block_1_76' title="bbox 521 4267 2154 4348">
    <p class='ocr_par' dir='ltr' id='par_1_76' title="bbox 521 4267 2154 4348">
     <span class='ocr_line' id='line_1_80' title="bbox 521 4267 2154 4348; baseline -0.01 -8"><span class='ocrx_word' id='word_1_576' title='bbox 521 4288 674 4340; x_wconf 87' lang='lat' dir='ltr'><strong>esset</strong></span> <span class='ocrx_word' id='word_1_577' title='bbox 702 4282 926 4348; x_wconf 85' lang='lat' dir='ltr'><strong>alferre,</strong></span> <span class='ocrx_word' id='word_1_578' title='bbox 962 4277 1114 4332; x_wconf 88' lang='lat' dir='ltr'><strong>sicut</strong></span> <span class='ocrx_word' id='word_1_579' title='bbox 1170 4275 1343 4330; x_wconf 85' lang='lat' dir='ltr'><strong>etiam</strong></span> <span class='ocrx_word' id='word_1_580' title='bbox 1396 4270 1497 4326; x_wconf 91' lang='lat' dir='ltr'><strong>illa</strong></span> <span class='ocrx_word' id='word_1_581' title='bbox 1540 4268 1917 4342; x_wconf 87' lang='lat' dir='ltr'><strong>Hippolytum</strong></span> <span class='ocrx_word' id='word_1_582' title='bbox 1949 4267 2154 4323; x_wconf 89' lang='lat' dir='ltr'><strong>Thesei</strong></span> 
     </span>
    </p>
   </div>
   <div class='ocr_carea' id='block_1_77' title="bbox 527 4358 2151 4440">
    <p class='ocr_par' dir='ltr' id='par_1_77' title="bbox 527 4358 2151 4440">
     <span class='ocr_line' id='line_1_81' title="bbox 527 4358 2151 4440; baseline -0.01 -13"><span class='ocrx_word' id='word_1_583' title='bbox 527 4371 707 4427; x_wconf 87' lang='lat' dir='ltr'><strong>ﬁlium</strong></span> <span class='ocrx_word' id='word_1_584' title='bbox 730 4369 826 4440; x_wconf 91' lang='lat'><strong>(3).</strong></span> <span class='ocrx_word' id='word_1_585' title='bbox 854 4370 1040 4436; x_wconf 78' lang='lat' dir='ltr'><strong>Atque</strong></span> <span class='ocrx_word' id='word_1_586' title='bbox 1059 4363 1307 4434; x_wconf 91' lang='lat' dir='ltr'><strong>primum</strong></span> <span class='ocrx_word' id='word_1_587' title='bbox 1337 4360 1701 4431; x_wconf 87' lang='lat' dir='ltr'><strong>quidem,qui</strong></span> <span class='ocrx_word' id='word_1_588' title='bbox 1725 4358 1885 4412; x_wconf 87' lang='lat' dir='ltr'><strong>sicin</strong></span> <span class='ocrx_word' id='word_1_589' title='bbox 1909 4361 2151 4412; x_wconf 88' lang='lat' dir='ltr'><strong>matrem</strong></span> 
     </span>
    </p>
   </div>
   <div class='ocr_carea' id='block_1_78' title="bbox 521 4446 2154 4523">
    <p class='ocr_par' dir='ltr' id='par_1_78' title="bbox 521 4446 2154 4523">
     <span class='ocr_line' id='line_1_82' title="bbox 521 4446 2154 4523; baseline -0.01 -7"><span class='ocrx_word' id='word_1_590' title='bbox 521 4459 860 4523; x_wconf 87' lang='lat' dir='ltr'><strong>insanierat,</strong></span> <span class='ocrx_word' id='word_1_591' title='bbox 893 4461 957 4509; x_wconf 86' lang='lat' dir='ltr'><strong>ut</strong></span> <span class='ocrx_word' id='word_1_592' title='bbox 995 4453 1261 4507; x_wconf 83' lang='lat' dir='ltr'><strong>volebant</strong></span> <span class='ocrx_word' id='word_1_593' title='bbox 1290 4451 1418 4518; x_wconf 87' lang='lat' dir='ltr'><strong>ejus</strong></span> <span class='ocrx_word' id='word_1_594' title='bbox 1464 4447 1656 4513; x_wconf 85' lang='lat' dir='ltr'><strong>verba,</strong></span> <span class='ocrx_word' id='word_1_595' title='bbox 1689 4446 1807 4511; x_wconf 90' lang='lat' dir='ltr'><strong>ille,</strong></span> <span class='ocrx_word' id='word_1_596' title='bbox 1841 4462 1973 4501; x_wconf 91' lang='lat' dir='ltr'><strong>cum</strong></span> <span class='ocrx_word' id='word_1_597' title='bbox 2003 4451 2154 4500; x_wconf 89' lang='lat' dir='ltr'><strong>esset</strong></span> 
     </span>
    </p>
   </div>
   <div class='ocr_carea' id='block_1_79' title="bbox 526 4534 2152 4612">
    <p class='ocr_par' dir='ltr' id='par_1_79' title="bbox 526 4534 2152 4612">
     <span class='ocr_line' id='line_1_83' title="bbox 526 4534 2152 4612; baseline -0.009 -9"><span class='ocrx_word' id='word_1_598' title='bbox 526 4547 792 4608; x_wconf 80' lang='lat' dir='ltr'><strong>maritus,</strong></span> <span class='ocrx_word' id='word_1_599' title='bbox 844 4541 1050 4612; x_wconf 89' lang='lat' dir='ltr'><strong>puniit.</strong></span> <span class='ocrx_word' id='word_1_600' title='bbox 1085 4539 1292 4592; x_wconf 87' lang='lat' dir='ltr'><strong>Postea</strong></span> <span class='ocrx_word' id='word_1_601' title='bbox 1323 4539 1514 4591; x_wconf 88' lang='lat' dir='ltr'><strong>autem</strong></span> <span class='ocrx_word' id='word_1_602' title='bbox 1547 4551 1680 4591; x_wconf 88' lang='lat' dir='ltr'><strong>cum</strong></span> <span class='ocrx_word' id='word_1_603' title='bbox 1727 4534 1994 4590; x_wconf 87' lang='lat' dir='ltr'><strong>scivisset</strong></span> <span class='ocrx_word' id='word_1_604' title='bbox 2024 4550 2152 4589; x_wconf 88' lang='lat' dir='ltr'><strong>esse</strong></span> 
     </span>
    </p>
   </div>
   <div class='ocr_carea' id='block_1_80' title="bbox 525 4624 2152 4702">
    <p class='ocr_par' dir='ltr' id='par_1_80' title="bbox 525 4624 2152 4702">
     <span class='ocr_line' id='line_1_84' title="bbox 525 4624 2152 4702; baseline -0.009 -8"><span class='ocrx_word' id='word_1_605' title='bbox 525 4636 853 4699; x_wconf 86' lang='lat' dir='ltr'><strong>mentitam,</strong></span> <span class='ocrx_word' id='word_1_606' title='bbox 901 4631 1088 4702; x_wconf 85' lang='lat' dir='ltr'><strong>ipsam</strong></span> <span class='ocrx_word' id='word_1_607' title='bbox 1121 4641 1350 4698; x_wconf 88' lang='lat' dir='ltr'><strong>quoque</strong></span> <span class='ocrx_word' id='word_1_608' title='bbox 1406 4625 1640 4694; x_wconf 89' lang='lat' dir='ltr'><strong>occidit,</strong></span> <span class='ocrx_word' id='word_1_609' title='bbox 1673 4624 1732 4679; x_wconf 91' lang='lat' dir='ltr'><strong>in</strong></span> <span class='ocrx_word' id='word_1_610' title='bbox 1791 4641 1917 4680; x_wconf 89' lang='lat' dir='ltr'><strong>eam</strong></span> <span class='ocrx_word' id='word_1_611' title='bbox 1966 4625 2152 4680; x_wconf 86' lang='lat' dir='ltr'><strong>ferens</strong></span> 
     </span>
    </p>
   </div>
   <div class='ocr_carea' id='block_1_81' title="bbox 524 4712 2150 4785">
    <p class='ocr_par' dir='ltr' id='par_1_81' title="bbox 524 4712 2150 4785">
     <span class='ocr_line' id='line_1_85' title="bbox 524 4712 2150 4785; baseline -0.01 -1"><span class='ocrx_word' id='word_1_612' title='bbox 524 4722 868 4784; x_wconf 85' lang='lat' dir='ltr'><strong>sententiam</strong></span> <span class='ocrx_word' id='word_1_613' title='bbox 916 4717 1178 4774; x_wconf 89' lang='lat' dir='ltr'><strong>omnium</strong></span> <span class='ocrx_word' id='word_1_614' title='bbox 1232 4712 1617 4785; x_wconf 77' lang='lat' dir='ltr'><strong>iustissimam</strong></span> <span class='ocrx_word' id='word_1_615' title='bbox 1665 4729 1679 4767; x_wconf 90' lang='lat'><strong>:</strong></span> <span class='ocrx_word' id='word_1_616' title='bbox 1731 4715 1800 4768; x_wconf 91' lang='lat' dir='ltr'><strong>ad</strong></span> <span class='ocrx_word' id='word_1_617' title='bbox 1855 4712 2150 4768; x_wconf 87' lang='lat' dir='ltr'><strong>Christum</strong></span> 
     </span>
    </p>
   </div>
   <div class='ocr_carea' id='block_1_82' title="bbox 523 4802 2153 4874">
    <p class='ocr_par' dir='ltr' id='par_1_82' title="bbox 523 4802 2153 4874">
     <span class='ocr_line' id='line_1_86' title="bbox 523 4802 2153 4874; baseline -0.012 0"><span class='ocrx_word' id='word_1_618' title='bbox 523 4823 718 4873; x_wconf 89' lang='lat' dir='ltr'><strong>autem</strong></span> <span class='ocrx_word' id='word_1_619' title='bbox 750 4807 1059 4866; x_wconf 86' lang='lat' dir='ltr'><strong>declinavit</strong></span> <span class='ocrx_word' id='word_1_620' title='bbox 1081 4807 1152 4862; x_wconf 92' lang='lat' dir='ltr'><strong>ab</strong></span> <span class='ocrx_word' id='word_1_621' title='bbox 1185 4803 1286 4860; x_wconf 92' lang='lat' dir='ltr'><strong>illo</strong></span> <span class='ocrx_word' id='word_1_622' title='bbox 1319 4808 1577 4872; x_wconf 88' lang='lat' dir='ltr'><strong>vocatus,</strong></span> <span class='ocrx_word' id='word_1_623' title='bbox 1602 4803 1835 4874; x_wconf 89' lang='lat' dir='ltr'><strong>quando</strong></span> <span class='ocrx_word' id='word_1_624' title='bbox 1877 4802 2153 4857; x_wconf 83' lang='lat' dir='ltr'><strong>difﬁcilli-</strong></span> 
     </span>
    </p>
   </div>
   <div class='ocr_carea' id='block_1_83' title="bbox 521 4891 2153 4966">
    <p class='ocr_par' dir='ltr' id='par_1_83' title="bbox 521 4891 2153 4966">
     <span class='ocr_line' id='line_1_87' title="bbox 521 4891 2153 4966; baseline -0.009 -5"><span class='ocrx_word' id='word_1_625' title='bbox 521 4920 680 4960; x_wconf 89' lang='lat' dir='ltr'><strong>mum</strong></span> <span class='ocrx_word' id='word_1_626' title='bbox 697 4897 991 4958; x_wconf 85' lang='lat' dir='ltr'><strong>commisit</strong></span> <span class='ocrx_word' id='word_1_627' title='bbox 1013 4894 1274 4966; x_wconf 67' lang='lat' dir='ltr'><strong>praelium</strong></span> <span class='ocrx_word' id='word_1_628' title='bbox 1295 4893 1572 4949; x_wconf 86' lang='lat' dir='ltr'><strong>adversus</strong></span> <span class='ocrx_word' id='word_1_629' title='bbox 1595 4891 1968 4949; x_wconf 80' lang='lat' dir='ltr'><strong>Maxentium.</strong></span> <span class='ocrx_word' id='word_1_630' title='bbox 1993 4893 2153 4947; x_wconf 88' lang='lat' dir='ltr'><strong>Tunc</strong></span> 
     </span>
    </p>
   </div>
   <div class='ocr_carea' id='block_1_84' title="bbox 523 4980 2153 5053">
    <p class='ocr_par' dir='ltr' id='par_1_84' title="bbox 523 4980 2153 5053">
     <span class='ocr_line' id='line_1_88' title="bbox 523 4980 2153 5053; baseline -0.007 -7"><span class='ocrx_word' id='word_1_631' title='bbox 523 4991 679 5045; x_wconf 89' lang='lat' dir='ltr'><strong>enim</strong></span> <span class='ocrx_word' id='word_1_632' title='bbox 711 4989 763 5043; x_wconf 91' lang='lat' dir='ltr'><strong>ei</strong></span> <span class='ocrx_word' id='word_1_633' title='bbox 804 4988 864 5042; x_wconf 84' lang='lat' dir='ltr'><strong>in</strong></span> <span class='ocrx_word' id='word_1_634' title='bbox 898 4983 1138 5040; x_wconf 87' lang='lat' dir='ltr'><strong>meridie</strong></span> <span class='ocrx_word' id='word_1_635' title='bbox 1168 4980 1436 5053; x_wconf 85' lang='lat' dir='ltr'><strong>apparuit</strong></span> <span class='ocrx_word' id='word_1_636' title='bbox 1465 4981 1700 5052; x_wconf 90' lang='lat' dir='ltr'><strong>signum</strong></span> <span class='ocrx_word' id='word_1_637' title='bbox 1733 4981 1945 5046; x_wconf 90' lang='lat' dir='ltr'><strong>crucis,</strong></span> <span class='ocrx_word' id='word_1_638' title='bbox 1977 4981 2153 5035; x_wconf 87' lang='lat' dir='ltr'><strong>radiis</strong></span> 
     </span>
    </p>
   </div>
   <div class='ocr_carea' id='block_1_85' title="bbox 523 5067 2155 5148">
    <p class='ocr_par' dir='ltr' id='par_1_85' title="bbox 523 5067 2155 5148">
     <span class='ocr_line' id='line_1_89' title="bbox 523 5067 2155 5148; baseline -0.006 -15"><span class='ocrx_word' id='word_1_639' title='bbox 523 5078 665 5133; x_wconf 84' lang='lat' dir='ltr'><strong>solis</strong></span> <span class='ocrx_word' id='word_1_640' title='bbox 695 5074 1077 5148; x_wconf 86' lang='lat' dir='ltr'><strong>splendidius,</strong></span> <span class='ocrx_word' id='word_1_641' title='bbox 1100 5075 1158 5128; x_wconf 89' lang='lat' dir='ltr'><strong>et</strong></span> <span class='ocrx_word' id='word_1_642' title='bbox 1191 5071 1399 5127; x_wconf 89' lang='lat' dir='ltr'><strong>litteris</strong></span> <span class='ocrx_word' id='word_1_643' title='bbox 1433 5069 1626 5125; x_wconf 83' lang='lat' dir='ltr'><strong>aureis</strong></span> <span class='ocrx_word' id='word_1_644' title='bbox 1649 5067 1785 5124; x_wconf 86' lang='lat' dir='ltr'><strong>belli</strong></span> <span class='ocrx_word' id='word_1_645' title='bbox 1817 5068 2155 5139; x_wconf 78' lang='lat' dir='ltr'><strong>signiﬁcans</strong></span> 
     </span>
    </p>
   </div>
   <div class='ocr_carea' id='block_1_86' title="bbox 525 5157 2155 5232">
    <p class='ocr_par' dir='ltr' id='par_1_86' title="bbox 525 5157 2155 5232">
     <span class='ocr_line' id='line_1_90' title="bbox 525 5157 2155 5232; baseline -0.004 -14"><span class='ocrx_word' id='word_1_646' title='bbox 525 5165 843 5220; x_wconf 88' lang='lat' dir='ltr'><strong>victoriam.</strong></span> <span class='ocrx_word' id='word_1_647' title='bbox 866 5163 1011 5219; x_wconf 88' lang='lat' dir='ltr'><strong>Nam</strong></span> <span class='ocrx_word' id='word_1_648' title='bbox 1034 5177 1140 5218; x_wconf 85' lang='lat' dir='ltr'><strong>nos</strong></span> <span class='ocrx_word' id='word_1_649' title='bbox 1157 5175 1386 5232; x_wconf 90' lang='lat' dir='ltr'><strong>quoque</strong></span> <span class='ocrx_word' id='word_1_650' title='bbox 1407 5158 1518 5228; x_wconf 91' lang='lat' dir='ltr'><strong>ipsi</strong></span> <span class='ocrx_word' id='word_1_651' title='bbox 1539 5158 1777 5230; x_wconf 88' lang='lat' dir='ltr'><strong>signum</strong></span> <span class='ocrx_word' id='word_1_652' title='bbox 1799 5157 2155 5227; x_wconf 83' lang='lat' dir='ltr'><strong>aspeximus,</strong></span> 
     </span>
    </p>
   </div>
   <div class='ocr_carea' id='block_1_87' title="bbox 523 5245 2154 5319">
    <p class='ocr_par' dir='ltr' id='par_1_87' title="bbox 523 5245 2154 5319">
     <span class='ocr_line' id='line_1_91' title="bbox 523 5245 2154 5319; baseline -0.004 -12"><span class='ocrx_word' id='word_1_653' title='bbox 523 5268 656 5308; x_wconf 85' lang='lat' dir='ltr'><strong>eum</strong></span> <span class='ocrx_word' id='word_1_654' title='bbox 687 5252 837 5308; x_wconf 90' lang='lat' dir='ltr'><strong>bello</strong></span> <span class='ocrx_word' id='word_1_655' title='bbox 877 5252 1312 5319; x_wconf 88' lang='lat' dir='ltr'><strong>interessemus,</strong></span> <span class='ocrx_word' id='word_1_656' title='bbox 1341 5255 1393 5304; x_wconf 88' lang='lat' dir='ltr'><strong>et</strong></span> <span class='ocrx_word' id='word_1_657' title='bbox 1440 5246 1664 5303; x_wconf 88' lang='lat' dir='ltr'><strong>litteras</strong></span> <span class='ocrx_word' id='word_1_658' title='bbox 1692 5245 1962 5317; x_wconf 88' lang='lat' dir='ltr'><strong>legimus.</strong></span> <span class='ocrx_word' id='word_1_659' title='bbox 2007 5246 2154 5310; x_wconf 91' lang='lat' dir='ltr'><strong>Quin</strong></span> 
     </span>
    </p>
   </div>
   <div class='ocr_carea' id='block_1_88' title="bbox 2267 3281 3914 3360">
    <p class='ocr_par' dir='ltr' id='par_1_88' title="bbox 2267 3281 3914 3360">
     <span class='ocr_line' id='line_1_92' title="bbox 2267 3281 3914 3360; baseline -0.001 -19"><span class='ocrx_word' id='word_1_660' title='bbox 2267 3287 2480 3342; x_wconf 81' lang='grc' dir='ltr'>πάντων</span> <span class='ocrx_word' id='word_1_661' title='bbox 2539 3283 2805 3358; x_wconf 75' lang='grc' dir='ltr'>βασιλέων</span> <span class='ocrx_word' id='word_1_662' title='bbox 2864 3281 3174 3356; x_wconf 70' lang='grc' dir='ltr'>ὑπέρτερον,</span> <span class='ocrx_word' id='word_1_663' title='bbox 3233 3282 3320 3335; x_wconf 83' lang='grc' dir='ltr'><strong>καὶ</strong></span> <span class='ocrx_word' id='word_1_664' title='bbox 3376 3286 3437 3336; x_wconf 86' lang='grc' dir='ltr'>τὸ</span> <span class='ocrx_word' id='word_1_665' title='bbox 3497 3285 3698 3338; x_wconf 76' lang='grc' dir='ltr'>τούτου</span> <span class='ocrx_word' id='word_1_666' title='bbox 3756 3287 3914 3360; x_wconf 68' lang='grc' dir='ltr'>γένος</span> 
     </span>
    </p>
   </div>
   <div class='ocr_carea' id='block_1_89' title="bbox 2267 3372 3913 3446">
    <p class='ocr_par' dir='ltr' id='par_1_89' title="bbox 2267 3372 3913 3446">
     <span class='ocr_line' id='line_1_93' title="bbox 2267 3372 3913 3446; baseline -0.004 -18"><span class='ocrx_word' id='word_1_667' title='bbox 2267 3374 2538 3441; x_wconf 78' lang='grc' dir='ltr'>ἐκάκισας,</span> <span class='ocrx_word' id='word_1_668' title='bbox 2642 3372 2836 3446; x_wconf 68' lang='grc' dir='ltr'>ἐχθρὸν</span> <span class='ocrx_word' id='word_1_669' title='bbox 2947 3372 3035 3425; x_wconf 75' lang='grc' dir='ltr'><strong>καὶ</strong></span> <span class='ocrx_word' id='word_1_670' title='bbox 3133 3372 3471 3425; x_wconf 80' lang='grc' dir='ltr'>ἀπόπτυστον</span> <span class='ocrx_word' id='word_1_671' title='bbox 3577 3379 3696 3435; x_wconf 78' lang='grc' dir='ltr'>τοῖς</span> <span class='ocrx_word' id='word_1_672' title='bbox 3794 3380 3913 3435; x_wconf 75' lang='grc' dir='ltr'>σοῖς</span> 
     </span>
    </p>
   </div>
   <div class='ocr_carea' id='block_1_90' title="bbox 2267 3454 3912 3534">
    <p class='ocr_par' dir='ltr' id='par_1_90' title="bbox 2267 3454 3912 3533">
     <span class='ocr_line' id='line_1_94' title="bbox 2267 3454 3912 3533; baseline -0.002 -15"><span class='ocrx_word' id='word_1_673' title='bbox 2267 3461 2607 3522; x_wconf 76' lang='grc' dir='ltr'>ἀποκαλέσας</span> <span class='ocrx_word' id='word_1_674' title='bbox 2639 3463 2801 3527; x_wconf 80' lang='grc' dir='ltr'>θεοῖς,</span> <span class='ocrx_word' id='word_1_675' title='bbox 2835 3461 3054 3533; x_wconf 79' lang='grc' dir='ltr'>προσέτι</span> <span class='ocrx_word' id='word_1_676' title='bbox 3099 3456 3152 3512; x_wconf 73' lang='grc' dir='ltr'><strong>δὲ</strong></span> <span class='ocrx_word' id='word_1_677' title='bbox 3209 3454 3448 3529; x_wconf 70' lang='grc' dir='ltr'>μανιώδη</span> <span class='ocrx_word' id='word_1_678' title='bbox 3519 3459 3608 3511; x_wconf 78' lang='grc' dir='ltr'><strong>καὶ</strong></span> <span class='ocrx_word' id='word_1_679' title='bbox 3658 3463 3912 3530; x_wconf 65' lang='grc' dir='ltr'>φονικὸν,</span> 
     </span>
    </p>
   </div>
   <div class='ocr_carea' id='block_1_91' title="bbox 2264 3545 3914 3625">
    <p class='ocr_par' dir='ltr' id='par_1_91' title="bbox 2264 3545 3914 3625">
     <span class='ocr_line' id='line_1_95' title="bbox 2264 3545 3914 3625; baseline -0.004 -18"><span class='ocrx_word' id='word_1_680' title='bbox 2264 3553 2432 3608; x_wconf 68' lang='grc' dir='ltr'>ταῦτά</span> <span class='ocrx_word' id='word_1_681' title='bbox 2481 3572 2562 3605; x_wconf 90' lang='grc' dir='ltr'><strong>σοι</strong></span> <span class='ocrx_word' id='word_1_682' title='bbox 2639 3549 3082 3625; x_wconf 65' lang='grc' dir='ltr'>ἀπολογήσομαι,</span> <span class='ocrx_word' id='word_1_683' title='bbox 3115 3548 3196 3601; x_wconf 76' lang='grc' dir='ltr'><strong>ὃτι</strong></span> <span class='ocrx_word' id='word_1_684' title='bbox 3256 3545 3467 3618; x_wconf 71' lang='grc' dir='ltr'>μᾶλλον</span> <span class='ocrx_word' id='word_1_685' title='bbox 3515 3546 3542 3599; x_wconf 89' lang='grc' dir='ltr'>ὁ</span> <span class='ocrx_word' id='word_1_686' title='bbox 3594 3546 3686 3607; x_wconf 84' lang='grc' dir='ltr'>σὸς</span> <span class='ocrx_word' id='word_1_687' title='bbox 3717 3553 3914 3624; x_wconf 73' lang='grc' dir='ltr'>πατήρ</span> 
     </span>
    </p>
   </div>
   <div class='ocr_carea' id='block_1_92' title="bbox 3133 3369 3696 3435">
    <p class='ocr_par' dir='ltr' id='par_1_92' title="bbox 3133 3369 3696 3435">
     <span class='ocr_line' id='line_1_96' title="bbox 3133 3369 3696 3435; baseline 0 -10"><span class='ocrx_word' id='word_1_688' title='bbox 3133 3369 3471 3425; x_wconf 80' lang='grc' dir='ltr'>ἀπόπτυστον</span> <span class='ocrx_word' id='word_1_689' title='bbox 3577 3379 3696 3435; x_wconf 86' lang='grc' dir='ltr'>τοῖς</span> 
     </span>
    </p>
   </div>
   <div class='ocr_carea' id='block_1_93' title="bbox 2268 3633 3909 3710">
    <p class='ocr_par' dir='ltr' id='par_1_93' title="bbox 2268 3633 3909 3710">
     <span class='ocr_line' id='line_1_97' title="bbox 2268 3633 3909 3710; baseline -0.004 -12"><span class='ocrx_word' id='word_1_690' title='bbox 2268 3641 2660 3710; x_wconf 86' lang='grc' dir='ltr'>Κωνστάντιος,</span> <span class='ocrx_word' id='word_1_691' title='bbox 2725 3638 2815 3692; x_wconf 79' lang='grc' dir='ltr'><strong>καὶ</strong></span> <span class='ocrx_word' id='word_1_692' title='bbox 2894 3639 2943 3691; x_wconf 74' lang='grc' dir='ltr'>οἱ</span> <span class='ocrx_word' id='word_1_693' title='bbox 3011 3635 3177 3691; x_wconf 72' lang='grc' dir='ltr'>αὐτοῦ</span> <span class='ocrx_word' id='word_1_694' title='bbox 3242 3633 3460 3689; x_wconf 71' lang='grc' dir='ltr'>ἁδελσοὶ</span> <span class='ocrx_word' id='word_1_695' title='bbox 3516 3640 3909 3710; x_wconf 76' lang='grc' dir='ltr'>προκατῆρξαν</span> 
     </span>
    </p>
   </div>
   <div class='ocr_carea' id='block_1_94' title="bbox 2264 3721 3911 3803">
    <p class='ocr_par' dir='ltr' id='par_1_94' title="bbox 2264 3721 3911 3803">
     <span class='ocr_line' id='line_1_98' title="bbox 2264 3721 3911 3803; baseline -0.004 -17"><span class='ocrx_word' id='word_1_696' title='bbox 2264 3736 2359 3786; x_wconf 72' lang='grc' dir='ltr'>τοῦ</span> <span class='ocrx_word' id='word_1_697' title='bbox 2416 3727 2772 3801; x_wconf 69' lang='grc' dir='ltr'>ἀδικήματος.</span> <span class='ocrx_word' id='word_1_698' title='bbox 2823 3727 3108 3803; x_wconf 67' lang='grc' dir='ltr'>φάρμακον</span> <span class='ocrx_word' id='word_1_699' title='bbox 3148 3727 3292 3794; x_wconf 75' lang='grc' dir='ltr'>αὐτῷ</span> <span class='ocrx_word' id='word_1_700' title='bbox 3349 3721 3690 3797; x_wconf 69' lang='grc' dir='ltr'>δηλητήριον</span> <span class='ocrx_word' id='word_1_701' title='bbox 3742 3745 3911 3800; x_wconf 83' lang='grc' dir='ltr'>κερα-</span> 
     </span>
    </p>
   </div>
   <div class='ocr_carea' id='block_1_95' title="bbox 2267 3811 3905 3892">
    <p class='ocr_par' dir='ltr' id='par_1_95' title="bbox 2267 3811 3905 3892">
     <span class='ocr_line' id='line_1_99' title="bbox 2267 3811 3905 3892; baseline -0.008 -18"><span class='ocrx_word' id='word_1_702' title='bbox 2267 3822 2509 3892; x_wconf 86' lang='grc' dir='ltr'>σάμενοι,</span> <span class='ocrx_word' id='word_1_703' title='bbox 2547 3815 2713 3890; x_wconf 75' lang='grc' dir='ltr'>μηδὲν</span> <span class='ocrx_word' id='word_1_704' title='bbox 2765 3813 2950 3869; x_wconf 80' lang='grc' dir='ltr'>ἄδικον</span> <span class='ocrx_word' id='word_1_705' title='bbox 2997 3815 3083 3867; x_wconf 87' lang='grc' dir='ltr'><strong>ὑπ’</strong></span> <span class='ocrx_word' id='word_1_706' title='bbox 3125 3814 3293 3867; x_wconf 70' lang='grc' dir='ltr'>αὐτοῖν</span> <span class='ocrx_word' id='word_1_707' title='bbox 3326 3811 3672 3875; x_wconf 67' lang='grc' dir='ltr'>πεπονθότες,</span> <span class='ocrx_word' id='word_1_708' title='bbox 3723 3814 3905 3869; x_wconf 80' lang='grc' dir='ltr'>Ἐκεῖ-</span> 
     </span>
    </p>
   </div>
   <div class='ocr_carea' id='block_1_96' title="bbox 2265 3898 3902 3980">
    <p class='ocr_par' dir='ltr' id='par_1_96' title="bbox 2265 3898 3902 3980">
     <span class='ocr_line' id='line_1_100' title="bbox 2265 3898 3902 3980; baseline 0 -19"><span class='ocrx_word' id='word_1_709' title='bbox 2265 3928 2356 3968; x_wconf 91' lang='grc' dir='ltr'><strong>νος</strong></span> <span class='ocrx_word' id='word_1_710' title='bbox 2406 3905 2461 3960; x_wconf 71' lang='grc' dir='ltr'><strong>δὲ</strong></span> <span class='ocrx_word' id='word_1_711' title='bbox 2505 3907 2602 3972; x_wconf 70' lang='grc' dir='ltr'>τήν</span> <span class='ocrx_word' id='word_1_712' title='bbox 2634 3909 2858 3980; x_wconf 76' lang='grc' dir='ltr'>γυναῖκα</span> <span class='ocrx_word' id='word_1_713' title='bbox 2908 3903 3151 3956; x_wconf 73' lang='grc' dir='ltr'>Φαύσταν</span> <span class='ocrx_word' id='word_1_714' title='bbox 3207 3901 3293 3955; x_wconf 84' lang='grc' dir='ltr'>καί</span> <span class='ocrx_word' id='word_1_715' title='bbox 3333 3901 3472 3954; x_wconf 88' lang='grc' dir='ltr'>πάνυ</span> <span class='ocrx_word' id='word_1_716' title='bbox 3521 3898 3741 3961; x_wconf 76' lang='grc' dir='ltr'>δικαίως</span> <span class='ocrx_word' id='word_1_717' title='bbox 3775 3903 3902 3956; x_wconf 71' lang='grc' dir='ltr'><strong>ἀπέ-</strong></span> 
     </span>
    </p>
   </div>
   <div class='ocr_carea' id='block_1_97' title="bbox 2263 3986 3900 4066">
    <p class='ocr_par' dir='ltr' id='par_1_97' title="bbox 2263 3986 3900 4066">
     <span class='ocr_line' id='line_1_101' title="bbox 2263 3986 3900 4066; baseline -0.003 -17"><span class='ocrx_word' id='word_1_718' title='bbox 2263 4015 2489 4063; x_wconf 87' lang='grc' dir='ltr'>κτεινεν,</span> <span class='ocrx_word' id='word_1_719' title='bbox 2542 3991 2633 4047; x_wconf 75' lang='grc' dir='ltr'>ἅτε</span> <span class='ocrx_word' id='word_1_720' title='bbox 2695 3990 3081 4066; x_wconf 71' lang='grc' dir='ltr'>μιμησαμένην</span> <span class='ocrx_word' id='word_1_721' title='bbox 3139 3991 3237 4058; x_wconf 70' lang='grc' dir='ltr'>τὴν</span> <span class='ocrx_word' id='word_1_722' title='bbox 3297 3987 3466 4043; x_wconf 85' lang='grc' dir='ltr'>πάλαι</span> <span class='ocrx_word' id='word_1_723' title='bbox 3513 3986 3766 4065; x_wconf 76' lang='grc' dir='ltr'>Φαίδραν,</span> <span class='ocrx_word' id='word_1_724' title='bbox 3811 3991 3900 4044; x_wconf 80' lang='grc' dir='ltr'><strong>καὶ</strong></span> 
     </span>
    </p>
   </div>
   <div class='ocr_carea' id='block_1_98' title="bbox 2267 4078 3898 4154">
    <p class='ocr_par' dir='ltr' id='par_1_98' title="bbox 2267 4078 3898 4154">
     <span class='ocr_line' id='line_1_102' title="bbox 2267 4078 3898 4154; baseline -0.002 -17"><span class='ocrx_word' id='word_1_725' title='bbox 2267 4078 2657 4138; x_wconf 72' lang='grc' dir='ltr'>ὃιαϐαλοῦνσαν</span> <span class='ocrx_word' id='word_1_726' title='bbox 2706 4083 2794 4136; x_wconf 77' lang='grc' dir='ltr'><strong>τὸν</strong></span> <span class='ocrx_word' id='word_1_727' title='bbox 2849 4079 3042 4135; x_wconf 69' lang='grc' dir='ltr'>τούτου</span> <span class='ocrx_word' id='word_1_728' title='bbox 3101 4081 3215 4134; x_wconf 74' lang='grc' dir='ltr'><strong>υἱὸν</strong></span> <span class='ocrx_word' id='word_1_729' title='bbox 3252 4079 3479 4154; x_wconf 78' lang='grc' dir='ltr'>Πρίσκον</span> <span class='ocrx_word' id='word_1_730' title='bbox 3515 4079 3588 4141; x_wconf 83' lang='grc' dir='ltr'><strong>ὠς</strong></span> <span class='ocrx_word' id='word_1_731' title='bbox 3627 4080 3898 4152; x_wconf 79' lang='grc' dir='ltr'>ἐρωτικῶς</span> 
     </span>
    </p>
   </div>
   <div class='ocr_carea' id='block_1_99' title="bbox 2264 4167 3896 4244">
    <p class='ocr_par' dir='ltr' id='par_1_99' title="bbox 2264 4167 3896 4244">
     <span class='ocr_line' id='line_1_103' title="bbox 2264 4167 3896 4244; baseline -0.002 -17"><span class='ocrx_word' id='word_1_732' title='bbox 2264 4172 2401 4238; x_wconf 80' lang='grc' dir='ltr'>αὐτῆ</span> <span class='ocrx_word' id='word_1_733' title='bbox 2469 4170 2829 4244; x_wconf 83' lang='grc' dir='ltr'>διακείμενον,</span> <span class='ocrx_word' id='word_1_734' title='bbox 2882 4169 2969 4225; x_wconf 83' lang='grc' dir='ltr'><strong>καὶ</strong></span> <span class='ocrx_word' id='word_1_735' title='bbox 3034 4190 3085 4224; x_wconf 92' lang='grc' dir='ltr'><strong>τι</strong></span> <span class='ocrx_word' id='word_1_736' title='bbox 3143 4168 3276 4241; x_wconf 79' lang='grc' dir='ltr'>πρὸς</span> <span class='ocrx_word' id='word_1_737' title='bbox 3330 4167 3448 4242; x_wconf 80' lang='grc' dir='ltr'>βίαν</span> <span class='ocrx_word' id='word_1_738' title='bbox 3497 4167 3896 4242; x_wconf 72' lang='grc' dir='ltr'>ἐπιχειροῦντα,</span> 
     </span>
    </p>
   </div>
   <div class='ocr_carea' id='block_1_100' title="bbox 2263 4254 3897 4338">
    <p class='ocr_par' dir='ltr' id='par_1_100' title="bbox 2263 4254 3897 4338">
     <span class='ocr_line' id='line_1_104' title="bbox 2263 4254 3897 4338; baseline -0.006 -19"><span class='ocrx_word' id='word_1_739' title='bbox 2263 4275 2501 4338; x_wconf 78' lang='grc' dir='ltr'>καθάπερ</span> <span class='ocrx_word' id='word_1_740' title='bbox 2540 4262 2757 4330; x_wconf 84' lang='grc' dir='ltr'>κακείνη</span> <span class='ocrx_word' id='word_1_741' title='bbox 2823 4262 2915 4315; x_wconf 86' lang='grc' dir='ltr'>τὸν</span> <span class='ocrx_word' id='word_1_742' title='bbox 2971 4264 3068 4314; x_wconf 75' lang='grc' dir='ltr'>τοῦ</span> <span class='ocrx_word' id='word_1_743' title='bbox 3135 4257 3352 4328; x_wconf 81' lang='grc' dir='ltr'>Θησέως</span> <span class='ocrx_word' id='word_1_744' title='bbox 3392 4254 3733 4314; x_wconf 78' lang='grc' dir='ltr'>Ἱππόλυτον.</span> <span class='ocrx_word' id='word_1_745' title='bbox 3792 4258 3897 4311; x_wconf 82' lang='grc' dir='ltr'>Καὶ</span> 
     </span>
    </p>
   </div>
   <div class='ocr_carea' id='block_1_101' title="bbox 2265 4340 3897 4426">
    <p class='ocr_par' dir='ltr' id='par_1_101' title="bbox 2265 4340 3897 4426">
     <span class='ocr_line' id='line_1_105' title="bbox 2265 4340 3897 4426; baseline -0.004 -20"><span class='ocrx_word' id='word_1_746' title='bbox 2265 4351 2330 4422; x_wconf 78' lang='grc' dir='ltr'>δὴ</span> <span class='ocrx_word' id='word_1_747' title='bbox 2363 4353 2453 4406; x_wconf 90' lang='grc' dir='ltr'><strong>τὸν</strong></span> <span class='ocrx_word' id='word_1_748' title='bbox 2497 4353 2665 4426; x_wconf 83' lang='grc' dir='ltr'>μητρὶ</span> <span class='ocrx_word' id='word_1_749' title='bbox 2712 4348 2883 4410; x_wconf 66' lang='grc' dir='ltr'>οὕτως</span> <span class='ocrx_word' id='word_1_750' title='bbox 2916 4347 3238 4422; x_wconf 75' lang='grc' dir='ltr'>ἐπιμανὲντα</span> <span class='ocrx_word' id='word_1_751' title='bbox 3290 4347 3365 4406; x_wconf 85' lang='grc' dir='ltr'><strong>ὡς</strong></span> <span class='ocrx_word' id='word_1_752' title='bbox 3416 4346 3466 4398; x_wconf 89' lang='grc' dir='ltr'>οἰ</span> <span class='ocrx_word' id='word_1_753' title='bbox 3519 4346 3686 4413; x_wconf 76' lang='grc' dir='ltr'>αὐτῆς</span> <span class='ocrx_word' id='word_1_754' title='bbox 3733 4340 3897 4399; x_wconf 65' lang='grc' dir='ltr'>ἐϐού-</span> 
     </span>
    </p>
   </div>
   <div class='ocr_carea' id='block_1_102' title="bbox 2265 4430 3896 4516">
    <p class='ocr_par' dir='ltr' id='par_1_102' title="bbox 2265 4430 3896 4516">
     <span class='ocr_line' id='line_1_106' title="bbox 2265 4430 3896 4516; baseline -0.005 -20"><span class='ocrx_word' id='word_1_755' title='bbox 2265 4440 2424 4496; x_wconf 86' lang='grc' dir='ltr'>λοντο</span> <span class='ocrx_word' id='word_1_756' title='bbox 2485 4441 2664 4516; x_wconf 67' lang='grc' dir='ltr'>λόγοι,</span> <span class='ocrx_word' id='word_1_757' title='bbox 2723 4441 2901 4514; x_wconf 76' lang='grc' dir='ltr'>πατὴρ</span> <span class='ocrx_word' id='word_1_758' title='bbox 2959 4437 3031 4492; x_wconf 82' lang='grc' dir='ltr'>ὢν</span> <span class='ocrx_word' id='word_1_759' title='bbox 3085 4437 3286 4498; x_wconf 85' lang='grc' dir='ltr'>ἐκεῖνος</span> <span class='ocrx_word' id='word_1_760' title='bbox 3339 4435 3592 4489; x_wconf 71' lang='grc' dir='ltr'>ἐκόλασεν</span> <span class='ocrx_word' id='word_1_761' title='bbox 3625 4451 3638 4462; x_wconf 88' lang='grc'><strong>·</strong></span> <span class='ocrx_word' id='word_1_762' title='bbox 3681 4430 3896 4505; x_wconf 74' lang='grc' dir='ltr'>ὕστερον</span> 
     </span>
    </p>
   </div>
   <div class='ocr_carea' id='block_1_103' title="bbox 2273 4520 3894 4604">
    <p class='ocr_par' dir='ltr' id='par_1_103' title="bbox 2273 4520 3894 4604">
     <span class='ocr_line' id='line_1_107' title="bbox 2273 4520 3894 4604; baseline -0.006 -20"><span class='ocrx_word' id='word_1_763' title='bbox 2273 4530 2454 4601; x_wconf 71' lang='grc' dir='ltr'>μέντοι</span> <span class='ocrx_word' id='word_1_764' title='bbox 2501 4532 2658 4604; x_wconf 73' lang='grc' dir='ltr'>γνοὺς</span> <span class='ocrx_word' id='word_1_765' title='bbox 2709 4526 3072 4602; x_wconf 68' lang='grc' dir='ltr'>ψευσαμένην,</span> <span class='ocrx_word' id='word_1_766' title='bbox 3103 4526 3192 4580; x_wconf 79' lang='grc' dir='ltr'><strong>καὶ</strong></span> <span class='ocrx_word' id='word_1_767' title='bbox 3245 4523 3411 4590; x_wconf 70' lang='grc' dir='ltr'>αὐτὴν</span> <span class='ocrx_word' id='word_1_768' title='bbox 3461 4520 3894 4596; x_wconf 75' lang='grc' dir='ltr'>πρδσαπέκτεινι,</span> 
     </span>
    </p>
   </div>
   <div class='ocr_carea' id='block_1_104' title="bbox 2268 4610 3890 4690">
    <p class='ocr_par' dir='ltr' id='par_1_104' title="bbox 2268 4610 3890 4690">
     <span class='ocr_line' id='line_1_108' title="bbox 2268 4610 3890 4690; baseline -0.006 -16"><span class='ocrx_word' id='word_1_769' title='bbox 2268 4618 2424 4690; x_wconf 85' lang='grc' dir='ltr'>δίκην</span> <span class='ocrx_word' id='word_1_770' title='bbox 2480 4619 2562 4674; x_wconf 80' lang='grc' dir='ltr'>ἐπ’</span> <span class='ocrx_word' id='word_1_771' title='bbox 2617 4615 2751 4689; x_wconf 74' lang='grc' dir='ltr'>αὒτῇ</span> <span class='ocrx_word' id='word_1_772' title='bbox 2811 4614 3029 4674; x_wconf 84' lang='grc' dir='ltr'>δικάσας</span> <span class='ocrx_word' id='word_1_773' title='bbox 3095 4612 3280 4668; x_wconf 74' lang='grc' dir='ltr'><strong>πᾶσῶν</strong></span> <span class='ocrx_word' id='word_1_774' title='bbox 3343 4610 3715 4682; x_wconf 72' lang='grc' dir='ltr'>δικαιοτάτην,</span> <span class='ocrx_word' id='word_1_775' title='bbox 3773 4611 3890 4665; x_wconf 73' lang='grc' dir='ltr'><strong>ἀπέ-</strong></span> 
     </span>
    </p>
   </div>
   <div class='ocr_carea' id='block_1_105' title="bbox 2260 4700 3883 4781">
    <p class='ocr_par' dir='ltr' id='par_1_105' title="bbox 2260 4700 3883 4781">
     <span class='ocr_line' id='line_1_109' title="bbox 2260 4700 3883 4781; baseline -0.007 -19"><span class='ocrx_word' id='word_1_776' title='bbox 2260 4707 2412 4762; x_wconf 87' lang='grc' dir='ltr'>κλινε</span> <span class='ocrx_word' id='word_1_777' title='bbox 2453 4707 2634 4780; x_wconf 81' lang='grc' dir='ltr'>μέντοι</span> <span class='ocrx_word' id='word_1_778' title='bbox 2665 4705 2798 4781; x_wconf 86' lang='grc' dir='ltr'>πρὸς</span> <span class='ocrx_word' id='word_1_779' title='bbox 2827 4704 2917 4758; x_wconf 86' lang='grc' dir='ltr'>τὸν</span> <span class='ocrx_word' id='word_1_780' title='bbox 2956 4702 3180 4776; x_wconf 85' lang='grc' dir='ltr'>Χριστὸν</span> <span class='ocrx_word' id='word_1_781' title='bbox 3218 4701 3306 4754; x_wconf 84' lang='grc' dir='ltr'><strong>ὑπ’</strong></span> <span class='ocrx_word' id='word_1_782' title='bbox 3366 4700 3570 4755; x_wconf 80' lang='grc' dir='ltr'>ἐκείνου</span> <span class='ocrx_word' id='word_1_783' title='bbox 3616 4700 3883 4774; x_wconf 77' lang='grc' dir='ltr'>οὐρανόθεν</span> 
     </span>
    </p>
   </div>
   <div class='ocr_carea' id='block_1_106' title="bbox 2259 4787 3887 4868">
    <p class='ocr_par' dir='ltr' id='par_1_106' title="bbox 2259 4787 3887 4868">
     <span class='ocr_line' id='line_1_110' title="bbox 2259 4787 3887 4868; baseline -0.006 -16"><span class='ocrx_word' id='word_1_784' title='bbox 2259 4795 2504 4867; x_wconf 85' lang='grc' dir='ltr'>κληθεὶς,</span> <span class='ocrx_word' id='word_1_785' title='bbox 2565 4795 2653 4849; x_wconf 80' lang='grc' dir='ltr'><strong>ὅτε</strong></span> <span class='ocrx_word' id='word_1_786' title='bbox 2708 4793 2842 4868; x_wconf 88' lang='grc' dir='ltr'>πρός</span> <span class='ocrx_word' id='word_1_787' title='bbox 2900 4794 2999 4861; x_wconf 71' lang='grc' dir='ltr'>τὴν</span> <span class='ocrx_word' id='word_1_788' title='bbox 3055 4789 3345 4859; x_wconf 80' lang='grc' dir='ltr'>Μαξεντίου</span> <span class='ocrx_word' id='word_1_789' title='bbox 3405 4787 3887 4866; x_wconf 78' lang='grc' dir='ltr'>δυσκαταμάχητον</span> 
     </span>
    </p>
   </div>
   <div class='ocr_carea' id='block_1_107' title="bbox 2262 4876 3897 4958">
    <p class='ocr_par' dir='ltr' id='par_1_107' title="bbox 2262 4876 3897 4958">
     <span class='ocr_line' id='line_1_111' title="bbox 2262 4876 3897 4958; baseline -0.007 -17"><span class='ocrx_word' id='word_1_790' title='bbox 2262 4885 2621 4958; x_wconf 83' lang='grc' dir='ltr'>διηγωνίσατο</span> <span class='ocrx_word' id='word_1_791' title='bbox 2657 4883 2866 4957; x_wconf 80' lang='grc' dir='ltr'>μάχην.</span> <span class='ocrx_word' id='word_1_792' title='bbox 2889 4881 3093 4958; x_wconf 70' lang='grc' dir='ltr'>Ἐφάνη</span> <span class='ocrx_word' id='word_1_793' title='bbox 3133 4881 3234 4954; x_wconf 73' lang='grc' dir='ltr'>γὰρ</span> <span class='ocrx_word' id='word_1_794' title='bbox 3266 4876 3415 4949; x_wconf 75' lang='grc' dir='ltr'>αὒτῴ</span> <span class='ocrx_word' id='word_1_795' title='bbox 3443 4878 3567 4933; x_wconf 79' lang='grc' dir='ltr'>τότε</span> <span class='ocrx_word' id='word_1_796' title='bbox 3597 4876 3689 4932; x_wconf 72' lang='grc' dir='ltr'>καί·</span> <span class='ocrx_word' id='word_1_797' title='bbox 3714 4877 3777 4931; x_wconf 88' lang='grc' dir='ltr'>τὸ</span> <span class='ocrx_word' id='word_1_798' title='bbox 3805 4880 3897 4931; x_wconf 71' lang='grc' dir='ltr'>τοῦ</span> 
     </span>
    </p>
   </div>
   <div class='ocr_carea' id='block_1_108' title="bbox 2264 4967 3898 5049">
    <p class='ocr_par' dir='ltr' id='par_1_108' title="bbox 2264 4967 3898 5049">
     <span class='ocr_line' id='line_1_112' title="bbox 2264 4967 3898 5049; baseline -0.006 -20"><span class='ocrx_word' id='word_1_799' title='bbox 2264 4979 2491 5049; x_wconf 72' lang='grc' dir='ltr'>σταυροῦ</span> <span class='ocrx_word' id='word_1_800' title='bbox 2567 4977 2791 5046; x_wconf 86' lang='grc' dir='ltr'>σημεῖον</span> <span class='ocrx_word' id='word_1_801' title='bbox 2863 4972 3129 5046; x_wconf 68' lang='grc' dir='ltr'>μεσούσης</span> <span class='ocrx_word' id='word_1_802' title='bbox 3175 4976 3274 5038; x_wconf 80' lang='grc' dir='ltr'>τῆς</span> <span class='ocrx_word' id='word_1_803' title='bbox 3331 4967 3565 5043; x_wconf 68' lang='grc' dir='ltr'>ἡμερας,</span> <span class='ocrx_word' id='word_1_804' title='bbox 3621 4968 3754 5040; x_wconf 72' lang='grc' dir='ltr'>ὑπὲρ</span> <span class='ocrx_word' id='word_1_805' title='bbox 3810 4968 3898 5022; x_wconf 73' lang='grc' dir='ltr'>τὸν</span> 
     </span>
    </p>
   </div>
   <div class='ocr_carea' id='block_1_109' title="bbox 2262 5056 3898 5136">
    <p class='ocr_par' dir='ltr' id='par_1_109' title="bbox 2262 5056 3898 5136">
     <span class='ocr_line' id='line_1_113' title="bbox 2262 5056 3898 5136; baseline -0.004 -16"><span class='ocrx_word' id='word_1_806' title='bbox 2262 5063 2421 5134; x_wconf 72' lang='grc' dir='ltr'>ἥλιον</span> <span class='ocrx_word' id='word_1_807' title='bbox 2480 5069 2598 5124; x_wconf 83' lang='grc' dir='ltr'>ταῖς</span> <span class='ocrx_word' id='word_1_808' title='bbox 2663 5063 2850 5136; x_wconf 74' lang='grc' dir='ltr'>αὐγαῖς</span> <span class='ocrx_word' id='word_1_809' title='bbox 2915 5061 3270 5135; x_wconf 78' lang='grc' dir='ltr'>ἐξαστράπτον</span> <span class='ocrx_word' id='word_1_810' title='bbox 3321 5059 3411 5112; x_wconf 77' lang='grc' dir='ltr'><strong>καὶ</strong></span> <span class='ocrx_word' id='word_1_811' title='bbox 3474 5056 3797 5131; x_wconf 66' lang='grc' dir='ltr'>γράμμασιν</span> <span class='ocrx_word' id='word_1_812' title='bbox 3853 5060 3898 5127; x_wconf 79' lang='grc' dir='ltr'>εξ</span> 
     </span>
    </p>
   </div>
   <div class='ocr_carea' id='block_1_110' title="bbox 2263 5146 3904 5228">
    <p class='ocr_par' dir='ltr' id='par_1_110' title="bbox 2263 5146 3904 5228">
     <span class='ocr_line' id='line_1_114' title="bbox 2263 5146 3904 5228; baseline -0.006 -19"><span class='ocrx_word' id='word_1_813' title='bbox 2263 5153 2497 5228; x_wconf 80' lang='grc' dir='ltr'>αστέρων</span> <span class='ocrx_word' id='word_1_814' title='bbox 2541 5150 2898 5226; x_wconf 77' lang='grc' dir='ltr'>διασημαῖνον</span> <span class='ocrx_word' id='word_1_815' title='bbox 2951 5152 3050 5220; x_wconf 76' lang='grc' dir='ltr'>τήν</span> <span class='ocrx_word' id='word_1_816' title='bbox 3099 5153 3195 5204; x_wconf 66' lang='grc' dir='ltr'>τοῦ</span> <span class='ocrx_word' id='word_1_817' title='bbox 3243 5147 3491 5220; x_wconf 70' lang='grc' dir='ltr'>πολέμου</span> <span class='ocrx_word' id='word_1_818' title='bbox 3523 5146 3702 5217; x_wconf 84' lang='grc' dir='ltr'>νίκην·</span> <span class='ocrx_word' id='word_1_819' title='bbox 3741 5149 3904 5219; x_wconf 80' lang='grc' dir='ltr'>ἡμεῖς</span> 
     </span>
    </p>
   </div>
   <div class='ocr_carea' id='block_1_111' title="bbox 2262 5233 3908 5318">
    <p class='ocr_par' dir='ltr' id='par_1_111' title="bbox 2262 5233 3908 5318">
     <span class='ocr_line' id='line_1_115' title="bbox 2262 5233 3908 5318; baseline -0.005 -21"><span class='ocrx_word' id='word_1_820' title='bbox 2262 5263 2320 5297; x_wconf 85' lang='grc' dir='ltr'><strong>τε</strong></span> <span class='ocrx_word' id='word_1_821' title='bbox 2357 5244 2463 5318; x_wconf 77' lang='grc' dir='ltr'><strong>γὰρ</strong></span> <span class='ocrx_word' id='word_1_822' title='bbox 2519 5241 2671 5298; x_wconf 81' lang='grc' dir='ltr'>αὐτοὶ</span> <span class='ocrx_word' id='word_1_823' title='bbox 2727 5242 2789 5296; x_wconf 85' lang='grc' dir='ltr'>τὸ</span> <span class='ocrx_word' id='word_1_824' title='bbox 2841 5245 3069 5314; x_wconf 88' lang='grc' dir='ltr'>σημεῖον</span> <span class='ocrx_word' id='word_1_825' title='bbox 3128 5237 3476 5310; x_wconf 78' lang='grc' dir='ltr'>ἐθεασάμεθα,</span> <span class='ocrx_word' id='word_1_826' title='bbox 3535 5239 3614 5308; x_wconf 78' lang='grc' dir='ltr'>τῷ</span> <span class='ocrx_word' id='word_1_827' title='bbox 3673 5233 3908 5309; x_wconf 69' lang='grc' dir='ltr'>πολέμῳ</span> 
     </span>
    </p>
   </div>
   <div class='ocr_carea' id='block_1_112' title="bbox 593 5408 2986 5487">
    <p class='ocr_par' dir='ltr' id='par_1_112' title="bbox 593 5408 2986 5487">
     <span class='ocr_line' id='line_1_116' title="bbox 593 5408 2986 5487; baseline -0.002 -18"><span class='ocrx_word' id='word_1_828' title='bbox 593 5417 670 5485; x_wconf 87' lang='grc'><strong>(3)</strong></span> <span class='ocrx_word' id='word_1_829' title='bbox 700 5418 911 5474; x_wconf 89' lang='lat' dir='ltr'><strong>Eadem</strong></span> <span class='ocrx_word' id='word_1_830' title='bbox 930 5420 999 5474; x_wconf 83' lang='lat' dir='ltr'><strong>de</strong></span> <span class='ocrx_word' id='word_1_831' title='bbox 1029 5418 1225 5487; x_wconf 88' lang='lat' dir='ltr'><strong>Crispo</strong></span> <span class='ocrx_word' id='word_1_832' title='bbox 1253 5417 1504 5474; x_wconf 86' lang='lat' dir='ltr'><strong>afﬁrmat</strong></span> <span class='ocrx_word' id='word_1_833' title='bbox 1525 5417 1581 5472; x_wconf 91' lang='lat' dir='ltr'><strong>S.</strong></span> <span class='ocrx_word' id='word_1_834' title='bbox 1625 5415 2009 5486; x_wconf 82' lang='lat' dir='ltr'><strong>Hieronymus</strong></span> <span class='ocrx_word' id='word_1_835' title='bbox 2037 5414 2111 5469; x_wconf 80' lang='lat' dir='ltr'><strong>De</strong></span> <span class='ocrx_word' id='word_1_836' title='bbox 2128 5414 2326 5485; x_wconf 79' lang='lat' dir='ltr'><strong>Script.</strong></span> <span class='ocrx_word' id='word_1_837' title='bbox 2362 5412 2554 5471; x_wconf 80' lang='lat' dir='ltr'><strong>Eccles.</strong></span> <span class='ocrx_word' id='word_1_838' title='bbox 2595 5412 2652 5468; x_wconf 90' lang='lat' dir='ltr'><strong>in</strong></span> <span class='ocrx_word' id='word_1_839' title='bbox 2675 5408 2986 5468; x_wconf 85' lang='lat' dir='ltr'><strong>Lactantio.</strong></span> 
     </span>
    </p>
   </div>
   <div class='ocr_carea' id='block_1_113' title="bbox 593 5577 1036 5651">
    <p class='ocr_par' dir='ltr' id='par_1_113' title="bbox 593 5577 1036 5651">
     <span class='ocr_line' id='line_1_117' title="bbox 593 5577 1036 5651; baseline 0.005 -16"><span class='ocrx_word' id='word_1_840' title='bbox 593 5577 616 5612; x_wconf 79' lang='grc'><strong>⁵</strong></span> <span class='ocrx_word' id='word_1_841' title='bbox 647 5579 789 5638; x_wconf 90' lang='lat' dir='ltr'><strong>Dan.</strong></span> <span class='ocrx_word' id='word_1_842' title='bbox 832 5597 916 5651; x_wconf 89' lang='grc' dir='ltr'>ιιι,</span> <span class='ocrx_word' id='word_1_843' title='bbox 950 5584 1036 5638; x_wconf 91' lang='grc'><strong>18.</strong></span> 
     </span>
    </p>
   </div>
  </div>
