4128 6274
291 313 446 373 1193

1503 309 1976 374 MARTYRIUM
2024 315 2087 373 S.
2135 314 2486 372 ARTEMll.

3525 321 3680 378 1194

285 468 572 542 παρόντες,
609 465 701 521 καὶ
764 466 832 520 τά
871 465 1172 540 γράμματα
1221 465 1629 539 ὑπανέγνωμεν,
1661 466 1805 524 ἀλλά
1842 469 1918 524 ιια¹

2044 471 2219 526 etiam
2271 473 2426 526 totus
2481 485 2712 541 quoque
2745 471 2798 526 id
2845 480 2933 528 est
2983 475 3412 547 contemplatus
3461 479 3678 534 exerci-

282 557 347 611 τὸ
378 555 740 631 στρατόπεδον
773 554 908 609 ἅπαν
935 551 1174 626 τεθέατο,
1205 554 1294 610 καὶ
1325 553 1532 610 πολλοὶ
1562 556 1757 613 τούτου
1793 560 1927 632 μάρ-

284 665 439 721 τυρες
498 643 549 699 ἒν
616 648 694 716 τῷ
753 641 1102 720 στρατοπέδῳ
1158 649 1236 716 τῷ
1302 649 1380 716 σῷ
1434 646 1790 721 τυγχάνουσι.
1830 648 1926 701 Καὶ

285 736 335 790 τί
372 733 434 804 δὴ
475 738 641 789 ταῦτα
672 734 855 808 λέγως
887 735 986 788 Τὸν
1018 735 1118 807 γὰρ
1162 735 1392 807 Χριστὸν
1441 732 1638 799 ἄνωθεν
1691 737 1742 790 οἱ
1788 757 1926 811 προ-

287 831 455 899 φῆται
517 821 1014 899 προκατήγγειλαν,
1049 823 1121 884 ὡς
1177 823 1267 878 καὶ
1320 823 1478 887 αὐτὸς
1515 830 1759 898 κρεῖττον
1816 824 1928 880 ἐπί-

289 934 495 982 στασαι,
528 913 678 979 εἷ’περ
727 911 830 985 ἄρα
881 911 972 965 καὶ
1033 915 1109 983 μή
1170 911 1528 991 ἐθελοκωιρεῖν
1580 913 1789 988 βούλει.
1826 914 1926 972 Καὶ

286 1002 497 1058 πολλαὶ
537 1005 635 1070 τῆς
683 1001 846 1056 αὐτοῦ
893 1001 1195 1076 παρουσίας
1229 1003 1283 1056 αἱ
1326 1003 1615 1078 μαρτυρίαι
1649 1023 1662 1036 ·
1698 1004 1808 1072 καὶ,
1835 1002 1928 1060 ’ίνα

281 1091 463 1148 τᾶλλα
519 1095 698 1165 παρῶ,
751 1091 904 1144 αὐταὶ
968 1091 1021 1144 αἱ
1074 1095 1180 1144 τῶν
1249 1092 1375 1163 παρ’
1429 1092 1557 1164 ὑμῖν
1615 1088 1924 1164 σεϐομένων

286 1184 418 1237 θεῶν
473 1177 830 1257 χρησμῳδίαι
860 1180 950 1234 καὶ
1015 1180 1486 1254 προσαγορεύσεις,
1516 1181 1582 1235 τά
1626 1202 1685 1236 τε
1718 1177 1926 1237 Σιϐύλ-

287 1271 408 1326 λεια
439 1271 736 1344 γράμματα
793 1274 882 1322 καὶ
925 1270 959 1337 ἡ
1005 1267 1289 1342 Βιργιλίου
1317 1273 1412 1323 τοῦ
1439 1270 1712 1342 Ῥωμαίου
1762 1270 1926 1340 ποίη-

285 1381 386 1425 σις,
419 1359 507 1414 καὶ
555 1359 616 1426 ἣν
669 1358 825 1431 ὑμεῖς
864 1358 1201 1425 Βουκολικήν
1253 1356 1562 1431 ὀνομάζετε,
1604 1359 1804 1422 ἱκανῶς
1857 1360 1923 1413 τὰ

282 1451 404 1521 περὶ
436 1448 600 1502 αὐτοῦ
633 1445 891 1517 δηλοῦσιν
929 1467 943 1480 ⁸
997 1446 1156 1509 αὐτός
1187 1467 1246 1501 τε
1289 1448 1317 1500 6
1359 1451 1484 1520 παρ’
1528 1449 1655 1520 ὑμῖν
1717 1459 1926 1520 θαυμα-

283 1539 509 1612 ζόμενος
540 1534 833 1594 Ἀπόλλων
866 1537 894 1591 6
928 1537 1187 1609 μαντικὸς
1227 1533 1472 1591 τοιοῦτον
1513 1534 1577 1606 δή
1626 1558 1748 1591 τινα
1799 1535 1922 1610 περί

283 1629 522 1701 Χριστοῦ
553 1623 852 1702 ἐξεφώνησε
885 1624 1048 1700 λόγον
1075 1655 1095 1667 -
1128 1624 1442 1700 ἐρωτηθεὶς,
1476 1625 1579 1700 γτὶρ
1623 1624 1768 1701 παρά
1811 1630 1918 1680 τῶν

280 1717 472 1770 ἑαυτοῦ
501 1714 822 1790 προπόλων,
864 1715 1191 1789 ἀπεκρίνατο
1233 1712 1340 1769 ὧδε
1371 1733 1386 1748 ⁶

282 1861 368 1936 Mi;
399 1855 590 1936 ὄφελες
618 1857 967 1936 πόματόνιμε
994 1858 1085 1913 καὶ
1118 1859 1342 1936 ὕστατον
1384 1856 1698 1936 ἐξερέεσθαι,

282 1930 517 2004 Δύσμὸρ’
547 1930 679 1985 ἐνῶν
709 1930 1034 2004 προπόλων,
1064 1931 1188 2004 περὶ
1230 1930 1557 2004 θεσπεσίοισι
1589 1937 1780 1998 θεοῖσι,

283 2001 587 2077 Καᾼῖπνοῆς
613 2009 712 2071 τῆς
753 2001 923 2056 πάντα
952 2002 1104 2077 πέριξ
1138 2001 1407 2077 ’βοτρυδὸν
1449 2002 1709 2077 ἐχούσης,

280 2074 488 2149 Τείρεα,
548 2078 682 2150 φῶς,
741 2072 1044 2147 ποταμοὺς,
1102 2072 1191 2127 καὶ
1249 2072 1551 2150 τάρταρον,
1607 2074 1763 2150 ἠέρα,
1819 2072 1921 2130 Καὶ

1630 2147 1780 2219 [πῦρ.

277 2219 346 2273 Ἥ
384 2236 450 2288 με
478 2215 566 2271 καὶ
599 2213 717 2288 οὖκ-
732 2215 980 2288 ἐθέλοντα
1011 2213 1196 2288 δόμων
1227 2213 1474 2288 τόινγῶδε
1513 2213 1720 2274 διωκει.

278 2289 342 2362 ἸΙ
384 2286 491 2362 ἐμή
531 2286 807 2362 τριπόδων
838 2287 917 2343 ἔτι
949 2286 1166 2362 λείπετο
1198 2287 1498 2362 ἠριγένεια.

385 2358 446 2414 αἶ’
475 2381 541 2434 με
567 2358 822 2434 τριποδες
857 2358 1250 2434 στοναχῇσατε,
1294 2358 1463 2434 οἴχετ’
1493 2358 1810 2430 Ἀπόλλων,

277 2430 484 2506 Οἷ¹χετξ
517 2430 632 2486 ἐπεὶ
668 2432 862 2506 βροτός
898 2452 963 2506 με
998 2430 1260 2506 βιάζεται,
1292 2430 1713 2506 οὐρᾲνιος-φῶς.

277 2502 384 2558 Καιῖ
446 2505 474 2558 ὁ
557 2502 741 2567 παθῶν
821 2502 948 2564 Θεός
999 2502 1149 2575 -ἒστι,
1217 2503 1308 2557 καὶ
1363 2502 1424 2557 οὗ
1485 2502 1677 2575 θεότης
1741 2502 1914 2575 ,πάθεν

1589 2572 1772 2647 [αὐτή.

347 2723 426 2776 A'.
448 2711 770 2772 Ὑπολαϐὼν
804 2713 862 2770 δὲ
911 2717 938 2771 6
968 2710 1308 2790 παραϐάτης,
1352 2721 1510 2771 Δοκῶ
1570 2737 1646 2785 σε,
1682 2716 1839 2790 φησὶ,
1872 2718 1917 2771 ὧ

277 2807 548 2880 Ἀρτέμιε,
599 2805 662 2859 οὐ
721 2804 1020 2879 στρατηγὸν
1073 2804 1124 2857 ἐν
1179 2804 1443 2878 Αἰγύπτῳ
1499 2803 1914 2878 παραγενέσθαι,

278 2893 423 2949 ἀλλά
469 2892 867 2968 χρησμολόγον
923 2893 1064 2960 τινα,
1102 2889 1315 2963 μᾶλλον
1372 2889 1429 2944 δὲ
1489 2889 1848 2964 βωμολόχον,
1879 2891 1916 2960 ἢ

281 2985 388 3057 μὴν
433 2983 674 3059 ἀγόρτην
722 2980 813 3036 καὶ
869 2984 1047 3055 γραῶν
1115 2980 1576 3051 κωθωνιζομένων
1633 2977 1916 3052 λογύδρια,

275 3073 365 3127 καὶ
429 3071 632 3144 μύθους
680 3067 950 3130 παλαιοὺς
981 3067 1069 3123 καὶ
1101 3067 1474 3144 γεγηρακότας
1506 3065 1914 3144 ἐπισυνᾶγοντα.

277 3162 380 3217 Καὶ
421 3161 449 3214 6
485 3160 688 3234 μάρτυς
718 3177 732 3190 ⁸
785 3157 862 3215 Οὐ
900 3156 1084 3218 καλῶς
1140 3154 1466 3230 ὑπείληφας,
1501 3155 1546 3209 ὦ
1582 3158 1820 3230 βαςιλεῦ,
1855 3155 1917 3210 οὗ

277 3249 334 3306 δὲ
391 3257 492 3320 τῆς
550 3257 652 3320 σῆς
707 3248 896 3328 σοφίας
952 3247 1042 3302 καὶ
1101 3246 1300 3322 ἀρετῆς
1345 3243 1483 3317 ἄξια.
1518 3247 1610 3302 Ἐκ
1646 3247 1752 3322 γὰρ
1807 3250 1914 3301 τῶν

277 3344 384 3395 σῶν
444 3341 578 3395 θεῶν
631 3339 722 3394 καὶ
770 3337 881 3394 ἀῶν
931 3358 1015 3392 σοι
1055 3335 1375 3415 προσφιλῶν
1411 3337 1750 3410 μαθημάτων
1801 3357 1921 3392 ποι-

278 3431 568 3502 οὖμαιτάς
617 3424 1042 3499 ἀποδείξεις,⁹ίν’
1087 3424 1147 3480 ἐκ
1202 3429 1311 3479 τῶν
1369 3446 1452 3479 σοι
1511 3423 1803 3501 γνωρίμων
1857 3427 1918 3480 τὸ

275 3526 375 3588 τῆς
435 3516 693 3587 ἀληθείας
757 3517 936 3588 μάθῃς
999 3515 1320 3588 μυστήριον,
1369 3515 1456 3568 καὶ
1515 3514 1589 3586 μὴ
1645 3534 1710 3586 με
1758 3511 1918 3587 δόξῃς

275 3612 392 3669 τοῖς
447 3611 553 3660 τῶν
592 3603 877 3674 Ἑλλήνων
927 3600 1433 3678 ἐγκαλλωπίζεσθαι
1494 3603 1726 3674 ῥήμασι,
1781 3600 1920 3674 μηδὲ

276 3698 375 3772 γὰρ
409 3695 588 3749 ἔλαιον
623 3690 957 3767 ἀμαρτωλου
1005 3691 1104 3760 τήν
1165 3688 1302 3761 ἐμὴν
1363 3687 1586 3744 λιπάνοι
1649 3689 1917 3764 κεφαλῆν,

281 3783 424 3840 ἀλλὰ
453 3790 554 3851 τῆς
597 3788 696 3850 σῆς
745 3778 1053 3852 κηδόμενος
1104 3783 1314 3856 ψυχῆς,
1346 3783 1476 3832 κινῶ
1515 3779 1686 3834 πάντα
1743 3777 1918 3848 λίθον,

290 3873 317 3896 υ
598 3876 625 3888 ι.
701 3868 713 3910 γ
799 3889 817 3900 α
871 3871 880 3888 ε
911 3875 927 3888 ,
1127 3863 1191 3886 pr
1463 3867 1470 3882 ι
1597 3867 1622 3888 υ
1861 3869 1874 3886 ε

279 3882 713 3937 ωστεπεισθηνα.
763 3890 838 3926 σε.
890 3866 1274 3941 ὶπολαμοανω
1333 3865 1390 3922 δὲ
1440 3869 1527 3922 ὁτι
1586 3889 1764 3944 ωσπερ
1821 3889 1915 3923 τον

281 3961 510 4017 παλαιὸν
544 3957 721 4030 Ἀδὰμ
761 3959 850 4013 καὶ
907 3955 1338 4030 πρωτόπλαστον
1391 3957 1418 4011 6
1468 3962 1637 4013 Σατᾶν
1687 3956 1776 4012 διὰ
1818 3965 1917 4028 τῆς

279 4055 562 4126 παρακοῆς
625 4045 1029 4123 ἀπετόιρλωσεν,
1081 4046 1221 4101 οὕτω
1271 4043 1336 4116 δὴ
1390 4047 1477 4100 καὶ
1548 4046 1624 4114 σὶ,
1669 4045 1915 4121 βασιλεῦ,

282 4143 490 4214 φθονῶν
540 4159 622 4193 σοι
667 4144 765 4206 τῆς⁸
814 4135 1085 4210 σωτηρίας
1124 4142 1226 4206 τῆς
1269 4139 1366 4190 τοῦ
1406 4137 1636 4208 Χριστοῦ
1687 4135 1917 4196 πίστεως

280 4227 835 4305 ἀπεγύμνωσεν.“οτι
894 4223 950 4278 δὲ
1006 4223 1169 4293 ἥλιον
1224 4223 1314 4278 καὶ
1373 4222 1604 4292 σελήνην
1645 4223 1737 4276 καὶ
1789 4223 1915 4284 τοὺς

281 4319 503 4391 ἀστέρας
533 4318 684 4380 θεοὺς
716 4313 1032 4382 ἀποκαλεῖς,
1069 4312 1401 4387 αἰσχύνομαι
1431 4313 1493 4366 τὸ
1531 4319 1630 4381 τῆς
1661 4312 1915 4384 ἀμαθίας,

275 4405 366 4460 ’ίνα
402 4408 475 4479 μή
506 4407 596 4460 καὶ
621 4406 682 4458 τὸ
712 4411 810 4472 τῆς
856 4397 1226 4463 κακοϐουλίας
1257 4400 1491 4474 εἶ’ποιμι,
1524 4400 1606 4455 ὅτι
1634 4401 1722 4455 καὶ
1751 4405 1914 4473 τιμᾷν

281 4494 473 4555 αὐτοὺς
514 4492 850 4567 προῄρησαι.
884 4491 987 4547 Καὶ
1021 4495 1127 4545 τῶν
1179 4488 1366 4545 ἄλλων
1417 4491 1650 4563 ἀστέρων
1706 4487 1918 4562 μᾶλλον

2038 564 2134 614 tus
2166 576 2180 614 :
2214 567 2268 615 et
2301 558 2466 614 multi
2499 557 2675 629 hujus
2705 559 2787 614 rei
2808 565 2986 617 testes
3016 571 3151 618 sunt
3183 564 3240 618 in
3274 569 3373 620 tuo
3405 567 3677 624 exercitu.

2039 648 2189 714 Quid
2238 656 2428 704 autem
2480 647 2603 704 haec
2656 649 2783 704 dico
2809 650 2835 704 ‘t
2865 650 3162 706 Christum
3203 653 3359 708 enim
3393 654 3678 724 prephetas

2038 737 2241 792 multis
2285 744 2415 792 ante
2466 737 2696 792 steculis
2747 739 3231 808 praenuntariunt,
3258 745 3323 795 ut
3365 745 3424 796 tu
3457 758 3679 812 quoque

2038 827 2153 882 scis
2197 826 2437 898 optime,
2471 825 2583 882 nisi
2643 831 2745 881 tua
2801 833 3007 898 sponte
3064 830 3204 884 velis
3264 845 3390 886 esse
3438 832 3674 888 surdus.

2038 915 2181 970 Sunt
2231 919 2427 971 autem
2471 917 2600 985 ejus
2649 917 2930 971 adventus
2978 917 3162 972 multa
3199 919 3563 974 testimonia:
3599 929 3672 988 et,

2037 1013 2094 1060 ut
2124 1005 2237 1060 alia
2267 1005 2554 1072 omittam,
2589 1021 2813 1069 eorum,
2849 1006 3006 1076 quia
3034 1007 3195 1062 vobis
3217 1007 3503 1074 coluntur,
3539 1010 3672 1063 deo-

2036 1111 2164 1148 rum
2188 1110 2488 1166 responsa,
2511 1098 2568 1150 et
2600 1095 3018 1165 praedictiones,
3042 1099 3098 1150 et
3120 1095 3336 1166 scripta
3364 1095 3669 1169 Sibyllina,

2035 1187 2091 1238 et
2119 1182 2347 1253 Virgilii
2382 1182 2622 1237 Romani
2658 1183 2870 1253 poesis,
2904 1199 3080 1254 quam
3114 1200 3214 1238 vos
3245 1186 3460 1240 vocatis
3487 1187 3669 1242 Buco-

2036 1270 2228 1335 licam,
2261 1270 2382 1324 haec
2431 1270 2566 1325 satis
2609 1271 2678 1324 de
2721 1287 2786 1326 eo
2832 1270 3184 1342 signiﬁcant.
3230 1273 3516 1328 Caeterum
3547 1273 3670 1345 ipse

2034 1375 2263 1430 quoque
2307 1359 2530 1430 Apollo,
2565 1359 2662 1428 qui
2703 1360 2854 1430 apud
2889 1376 2988 1416 vos
3047 1359 3297 1416 habetur
3340 1361 3398 1415 in
3460 1378 3672 1434 magna

2033 1448 2434 1512 admiratione,
2470 1449 2635 1518 cujus
2655 1452 2744 1502 est
2767 1449 2994 1518 prepria
3019 1448 3316 1517 divinatio,
3345 1451 3414 1504 de
3444 1450 3671 1506 Christo

2034 1537 2208 1593 talem
2238 1537 2443 1592 eﬂ‘atus
2475 1541 2564 1592 est
2593 1552 2918 1592 sermonem
2954 1553 2966 1592 :
3281 1545 3294 1556 '

1956 1848 2010 1913 B
2105 1850 2144 1906 0
2175 1851 2393 1907 utinam
2423 1868 2530 1908 non
2560 1856 2804 1908 extremo
2835 1855 3144 1910 miserande
3171 1853 3446 1919 minister,

2106 1925 2413 1990 Quaesisses,
2447 1926 2703 1995 quisnam
2732 1927 2830 1980 ille
2857 1925 3004 1996 deus,
3037 1930 3160 1997 quis
3188 1926 3423 1997 spiritus
3444 1927 3556 1993 ille,

2102 1997 2286 2050 Instar
2309 1999 2404 2065 qui
2427 1997 2566 2050 botri
2585 1997 2968 2066 complectitur
2997 2000 3184 2053 omnia
3211 1997 3440 2066 circum,

2105 2069 2322 2139 Lucem,
2338 2070 2507 2134 astra,
2522 2070 2568 2121 et
2600 2068 2881 2136 ﬂuvios,et
2903 2073 3132 2136 tartara,
3154 2075 3208 2124 et
3228 2085 3378 2139 aera,
3395 2073 3446 2124 et
3458 2070 3660 2136 ignem.

2101 2138 2343 2193 Invitum
2374 2139 2471 2210 qui
2497 2154 2585 2193 me
2609 2141 2870 2210 prapcltit
2896 2141 2965 2195 ab
2994 2141 3199 2195 milibus
3230 2138 3374 2196 istis.

2099 2283 2228 2338 Sola
2256 2283 2399 2338 mihi
2418 2283 2691 2355 tripodum
2728 2301 2874 2340 nunc
2901 2299 2965 2339 ea
2992 2299 3201 2340 aurora
3231 2287 3515 2340 remansit.

2100 2356 2199 2409 Hei
2227 2355 2321 2410 hei
2356 2371 2462 2423 me,
2491 2356 2744 2427 tripodes,
2769 2356 2977 2425 deﬂete.
3012 2357 3534 2427 ExstinctusrApotlo
3564 2363 3659 2424 est,

2098 2427 2437 2481 Exstinctus.
2473 2426 2564 2481 Vir
2594 2443 2678 2482 me
2707 2428 2933 2482 caelesti:
2965 2427 3176 2482 lumine
3200 2426 3401 2496 perdit.

2101 2498 2182 2552 Et
2212 2513 2402 2568 passus
2439 2497 2580 2553 Deus
2613 2502 2687 2554 est
2709 2516 2729 2554 :
2758 2498 2933 2554 deitas
2962 2514 3071 2554 non
3101 2513 3265 2570 passa
3292 2497 3383 2552 sed
3410 2498 3530 2570 ipsa
3559 2505 3657 2554 est.

2084 2718 2266 2788 XXX.
2300 2719 2684 2791 Respondeas
2735 2727 2926 2776 autem
2976 2718 3307 2790 fcedit'ragus
3343 2717 3614 2775 Julianus
3645 2733 3663 2774 :

2024 2809 2326 2877 Existimo,
2387 2808 2600 2880 inquit,
2658 2825 2691 2864 ο
2742 2807 2982 2875 Artemi,
3041 2812 3096 2862 te
3143 2823 3259 2862 non
3318 2807 3546 2862 venisse
3605 2807 3664 2862 in

2025 2895 2331 2966 Egyptum
2412 2896 2620 2951 ducem
2681 2899 2989 2963 exercitus,
3052 2896 3152 2952 sed
3230 2899 3416 2950 vatem
3477 2894 3666 2966 potius

2027 2986 2366 3056 quemdam,
2404 2990 2506 3041 aut
2552 2985 2972 3058 Menagyrtem,
3013 3003 3078 3042 ac
3141 2986 3662 3042 circumforaneum

2026 3072 2397 3140 nebulonem,
2429 3078 2485 3130 et
2516 3091 2734 3131 anuum
2766 3075 3212 3132 temulentarum
3245 3081 3458 3130 veteres
3489 3077 3665 3144 atque

2029 3162 2172 3216 adeo
2204 3161 2530 3231 antiquatas
2563 3163 3027 3219 narratiunculas
3059 3171 3113 3218 et
3143 3163 3366 3218 fabulas
3395 3162 3664 3232 colligen-

2030 3209 2169 3216 π--
2206 3209 2529 3231 κημτ---η
2563 3209 3027 3219 -.-ηηηηηωη
3061 3209 3113 3218 ν.
3144 3209 3365 3218 ..ην-...υ
3397 3209 3638 3232 ---μεν-

1949 3209 2000 3278 C
2029 3255 2164 3306 tem.
2214 3251 2434 3318 Martyr
2480 3258 2671 3306 autem
2700 3269 2711 3303 :
2748 3251 2870 3307 Non
2904 3256 3057 3307 recte
3089 3251 3455 3317 existimasti,
3489 3267 3521 3306 ο
3554 3252 3663 3307 im-

2025 3345 2274 3412 perator,
2299 3355 2403 3395 nec
2435 3342 2498 3394 ut
2524 3342 2684 3395 tuam
2716 3340 2878 3395 decet
2902 3339 3250 3410 sapientiam
3282 3343 3338 3394 et
3365 3341 3662 3396 virtutem.

2025 3431 2102 3485 Ex
2147 3429 2265 3484 tuis
2313 3429 2466 3485 enim
2525 3427 2657 3496 diis,
2686 3432 2743 3484 et
2801 3428 2895 3497 iis,
2937 3443 3064 3498 quas
3117 3433 3257 3483 sunt
3313 3429 3420 3483 tibi
3461 3433 3661 3500 gratas,

2025 3519 2370 3588 disciplinis,
2400 3519 2542 3574 facio
2595 3518 3144 3583 demonstrationes,
3179 3522 3243 3574 ut
3287 3533 3354 3573 ex
3401 3518 3494 3583 iis,
3534 3534 3662 3588 quae

2025 3611 2161 3661 sunt
2191 3605 2297 3660 tibi
2347 3606 2594 3677 cognita,
2629 3605 2820 3662 discas
2865 3607 3209 3678 mysterium
3244 3607 3522 3662 veritatis.
3558 3611 3661 3662 Ne-

2025 3710 2134 3766 que
2189 3699 2354 3766 putes
2414 3710 2506 3749 me
2565 3693 2709 3749 mihi
2765 3694 2986 3766 placere
3059 3695 3278 3750 ornatis
3325 3694 3657 3750 Graecorum

2023 3782 2234 3851 verbis,
2266 3805 2294 3833 «
2338 3782 2542 3840 Oleum
2596 3783 2753 3839 enim
2800 3782 3114 3854 peccatoris
3164 3801 3279 3840 non
3337 3783 3663 3854 impinguet

2023 3876 2196 3943 caput
2226 3888 2444 3940 meum,
2468 3871 2490 3905 ⁶
2514 3891 2540 3923 ι
2573 3873 2671 3927 sed
2696 3876 2807 3927 tuis
2840 3871 3044 3927 animos
3067 3887 3267 3927 curam
3291 3887 3517 3942 gerens,
3545 3888 3664 3927 mo-

2023 3977 2124 4018 veo
2155 3977 2387 4018 omnem
2418 3961 2695 4033 lapidem,
2728 3965 2792 4016 ut
2820 3965 2883 4016 tu
2934 3961 3352 4031 persuadearis.
3387 3961 3662 4018 Existimo

2024 4065 2277 4122 namque
2309 4051 2485 4122 quod,
2519 4050 2668 4106 sicut
2699 4054 2948 4104 veterem
2979 4050 3162 4103 Adam
3189 4053 3245 4103 et
3275 4050 3528 4118 primum
3555 4066 3663 4120 pa-

2023 4144 2246 4194 rentem
2331 4137 2634 4191 excaecavit
2709 4138 2879 4192 Satan
2941 4152 3041 4207 per
3097 4136 3551 4192 inobedientiam
3608 4144 3664 4192 et

2022 4242 2188 4281 esum
2226 4225 2450 4278 fructus
2481 4223 2668 4278 vetitae
2700 4224 2942 4291 arboris,
2974 4224 3056 4278 ita
3101 4223 3297 4290 etiam,
3331 4241 3363 4279 ο
3404 4225 3661 4296 impera-

2021 4318 2131 4383 tor,
2165 4313 2432 4368 invidens
2465 4312 2572 4367 tibi
2604 4310 2865 4381 salutem,
2897 4316 2952 4366 te
2995 4311 3232 4383 privarit
3283 4313 3498 4368 Christi
3529 4315 3659 4373 ﬁde.

2021 4403 2183 4469 Quod
2216 4405 2410 4458 autem
2447 4400 2627 4458 solem
2676 4405 2732 4456 et
2781 4401 3004 4471 lunam,
3037 4409 3090 4456 et
3139 4400 3360 4471 stellas,
3392 4405 3530 4458 deos
3560 4418 3659 4460 vo-

2022 4510 2142 4558 cas,
2177 4492 2355 4564 pudet
2385 4507 2477 4546 me
2509 4499 2608 4546 tua;
2654 4489 3019 4562 ignorantia,
3056 4507 3126 4546 ne
3157 4489 3347 4547 dicam
3377 4490 3658 4562 improbi-

281 4585 491 4656 ἀσπάσῃ
547 4583 638 4636 τον
683 4578 844 4649 ἥλιον
890 4580 980 4634 καὶ
1029 4580 1190 4654 ὅρκον
1228 4579 1387 4634 αὐτὸν
1448 4578 1720 4652 βασιλειον
1774 4577 1915 4632 τίθε-

2035 4581 2182 4647 tatis,
2215 4580 2368 4652 quod
2402 4583 2459 4636 et
2488 4596 2586 4636 eas
2635 4579 2920 4635 honorare
2967 4580 3356 4648 constitueris,
3390 4584 3447 4636 et
3475 4581 3660 4651 magis

282 4675 422 4742 σθαι,
455 4669 564 4725 ἄνω
593 4691 652 4725 τε
679 4668 769 4724 καὶ
797 4669 966 4736 κάτω,
996 4669 1092 4724 κάν
1133 4672 1250 4730 ταῖς
1295 4666 1606 4730 ἐπισνολαῖς
1653 4667 1750 4722 κάν
1797 4672 1912 4728 τοῖς

282 4761 494 4836 λόγοις,
536 4760 633 4813 κάν
691 4762 812 4819 ταῖς
851 4756 1331 4833 προσαγορεύσεσι,
1373 4755 1516 4810 πολὺ
1572 4757 1634 4811 τὸ
1695 4755 1769 4830 μὰ
1821 4757 1911 4810 τὸν

280 4850 501 4918 ’Ήλιον,
535 4846 679 4903 ἀλλὰ
706 4849 758 4902 τί
789 4845 856 4916 δὴ
887 4851 1052 4902 ταῦτα
1085 4850 1452 4922 μακρηγορεῖν
1486 4845 1586 4900 οὐκ
1615 4843 1914 4918 έξόμνυμαι

281 4940 370 4994 τὸν
414 4937 652 5012 Χριστόν
687 4955 829 5009 pou;
863 4937 938 5010 μή
969 4933 1202 5012 γένοιτο,
1235 4936 1333 5003 τὴν
1361 4936 1600 5009 μυσαράν
1632 4933 1914 5004 Ἑλλήνων

281 5023 523 5083 ἀσέϐειαν
553 5027 652 5082 οὐκ
680 5026 1012 5097 ἀσπάζομαι.
1045 5023 1170 5079 ἀλλ’
1210 5023 1262 5078 ἐν
1292 5026 1378 5086 οἷς
1419 5021 1712 5102 ἐδιδάχθην
1767 5028 1912 5097 μενῶ

278 5116 369 5172 καὶ
397 5119 505 5171 τῶν
535 5118 809 5189 πατρικῶν
841 5113 1129 5188 ἀνθέξομαι
1161 5109 1530 5187 παραδόσεων.

348 5388 476 5446 ΛΔ’.
503 5387 642 5462 Πρὸς
676 5389 841 5442 ταῦτα
880 5383 907 5439 6
940 5382 1239 5447 Ἰουλιανὸς
1285 5381 1635 5458 ἐξαπορηθεῖς
1692 5381 1910 5460 ἄφωνος

276 5479 366 5552 ἦν,
399 5477 497 5534 οὐκ
525 5476 668 5552 ἔχων
699 5474 728 5532 6'
756 5496 807 5530 τι
846 5473 937 5530 καί
974 5476 1228 5553 γέγηται,
1262 5471 1469 5551 σφόδρα
1514 5474 1792 5546 θαυμάσας
1846 5472 1909 5528 τὸ

345 5629 367 5664 ⁸
397 5627 550 5685 Psal.
579 5643 700 5696 exn,
732 5628 769 5682 5
799 5643 814 5695 ;
847 5630 988 5683 Gen.
1020 5642 1103 5682 ιιι.

593 5758 862 5818 ΡΑΤιιοι..
908 5758 1021 5816 GR.
1069 5754 1245 5816 CXV.

2025 4688 2201 4743 quam
2250 4669 2391 4725 alias
2435 4668 2634 4725 stellas
2676 4667 2858 4725 solem
2891 4668 3282 4739 amplecteris,
3315 4678 3368 4723 et
3399 4685 3496 4740 per
3525 4685 3660 4724 eum

2018 4759 2430 4830 jusjurandum
2459 4757 2716 4830 concipis
2737 4758 3190 4829 imperatorium,
3216 4772 3434 4826 susque
3450 4758 3658 4828 deque,

2024 4853 2081 4904 et
2112 4850 2171 4903 in
2205 4847 2487 4920 epistolis,
2519 4851 2576 4902 et
2605 4846 2664 4902 in
2705 4861 2992 4912 sermone,
3023 4853 3080 4901 et
3109 4843 3486 4901 colloculione
3509 4861 3662 4916 saepe

2025 4953 2273 5007 usurpas
2304 4935 2470 5003 illud,
2518 4935 2622 4990 Per
2663 4935 2875 4990 Solem.
2927 4935 3037 4989 Sed
3088 4934 3224 5003 quid
3259 4950 3406 5004 opus
3443 4939 3531 4989 est
3577 4933 3661 4989 uti

2022 5026 2290 5096 pluribus
2321 5024 2557 5080 verbis?
2583 5023 2710 5078 Non
2741 5022 2946 5092 abjuro
2987 5021 3279 5077 Christum
3311 5037 3530 5088 meum,
3564 5022 3663 5077 ab-

2021 5115 2100 5170 sit
2132 5114 2146 5169 l
2179 5113 2451 5170 Gentium
2501 5111 2912 5168 exsecrandam
2946 5127 3062 5165 non
3100 5109 3346 5166 admitto
3395 5110 3662 5180 impieta-

2021 5208 2160 5271 tem,
2194 5204 2289 5260 sed
2323 5202 2571 5258 manebo
2602 5201 2662 5256 in
2694 5199 2782 5266 iis,
2819 5215 2942 5270 quae
2964 5199 3162 5267 didici,
3186 5203 3243 5254 et
3275 5206 3544 5270 paternas
3573 5215 3660 5255 re-

2025 5293 2216 5348 tinebo
2248 5291 2606 5348 traditiones.

2091 5381 2293 5437 XXXI.
2311 5381 2410 5436 His
2423 5377 2757 5434 Julianusin
2773 5392 3047 5432 summam
3059 5377 3342 5432 adductus
3358 5376 3432 5432 du
3443 5376 3663 5434 bitatio-

2020 5487 2176 5543 nem,
2201 5470 2369 5542 plane
2390 5467 2701 5536 obmutuit,
2726 5467 2990 5523 nesciens
3015 5465 3151 5538 quid
3175 5470 3384 5539 ageret,
3411 5483 3476 5522 ac
3495 5465 3661 5521 valde

3265 5743 3340 5802 33
