  <div class='ocr_page' id='page_1' title='image "/cluster/home/n/w/nwhite01/storage/ocr_20150623/115/mdp.39015028574336/615.png"; bbox 0 0 4128 6274; ppageno 0'>
   <div class='ocr_carea' id='block_1_1' title="bbox 472 302 623 360">
    <p class='ocr_par' dir='ltr' id='par_1_1' title="bbox 472 302 623 360">
     <span class='ocr_line' id='line_1_1' title="bbox 472 302 623 360; baseline 0.007 -1"><span class='ocrx_word' id='word_1_1' title='bbox 472 305 493 359; x_wconf 79' lang='grc' dir='ltr'>ί</span> <span class='ocrx_word' id='word_1_2' title='bbox 519 302 623 360; x_wconf 78' lang='lat'>195</span> 
     </span>
    </p>
   </div>
   <div class='ocr_carea' id='block_1_2' title="bbox 1809 280 2523 346">
    <p class='ocr_par' dir='ltr' id='par_1_2' title="bbox 1809 280 2523 346">
     <span class='ocr_line' id='line_1_2' title="bbox 1809 280 2523 346; baseline -0.007 0"><span class='ocrx_word' id='word_1_3' title='bbox 1809 284 2090 346; x_wconf 83' lang='lat' dir='ltr'>MENSIS</span> <span class='ocrx_word' id='word_1_4' title='bbox 2136 280 2523 343; x_wconf 83' lang='lat' dir='ltr'>OCTOBER.</span> 
     </span>
    </p>
   </div>
   <div class='ocr_carea' id='block_1_3' title="bbox 3709 284 3881 344">
    <p class='ocr_par' dir='ltr' id='par_1_3' title="bbox 3709 284 3881 344">
     <span class='ocr_line' id='line_1_3' title="bbox 3709 284 3881 344; baseline 0.006 -1"><span class='ocrx_word' id='word_1_5' title='bbox 3709 284 3881 344; x_wconf 77' lang='grc'>1196</span> 
     </span>
    </p>
   </div>
   <div class='ocr_carea' id='block_1_4' title="bbox 470 437 2114 529">
    <p class='ocr_par' dir='ltr' id='par_1_4' title="bbox 470 445 2114 529">
     <span class='ocr_line' id='line_1_4' title="bbox 470 445 2114 529; baseline -0.014 -8"><span class='ocrx_word' id='word_1_6' title='bbox 470 464 769 521; x_wconf 88' lang='lat' dir='ltr'>admirans</span> <span class='ocrx_word' id='word_1_7' title='bbox 785 456 1050 529; x_wconf 76' lang='lat' dir='ltr'>martyris</span> <span class='ocrx_word' id='word_1_8' title='bbox 1065 455 1281 510; x_wconf 88' lang='lat' dir='ltr'>variam</span> <span class='ocrx_word' id='word_1_9' title='bbox 1297 469 1361 508; x_wconf 85' lang='lat' dir='ltr'>ac</span> <span class='ocrx_word' id='word_1_10' title='bbox 1379 450 1754 523; x_wconf 83' lang='lat' dir='ltr'>multiplicem</span> <span class='ocrx_word' id='word_1_11' title='bbox 1771 445 2114 510; x_wconf 76' lang='lat' dir='ltr'>doctrinam,</span> 
     </span>
    </p>
   </div>
   <div class='ocr_carea' id='block_1_5' title="bbox 2225 437 3877 529">
    <p class='ocr_par' dir='ltr' id='par_1_5' title="bbox 2232 437 3877 516">
     <span class='ocr_line' id='line_1_5' title="bbox 2232 437 3877 516; baseline 0 -19"><span class='ocrx_word' id='word_1_12' title='bbox 2232 442 2544 516; x_wconf 76' lang='grc' dir='ltr'>πολυμαθὶς</span> <span class='ocrx_word' id='word_1_13' title='bbox 2586 446 2683 497; x_wconf 85' lang='grc' dir='ltr'>τοῦ</span> <span class='ocrx_word' id='word_1_14' title='bbox 2744 442 3015 515; x_wconf 84' lang='grc' dir='ltr'>μάρτυρος</span> <span class='ocrx_word' id='word_1_15' title='bbox 3068 439 3334 513; x_wconf 75' lang='grc' dir='ltr'>καὶπρὸς</span> <span class='ocrx_word' id='word_1_16' title='bbox 3379 437 3664 514; x_wconf 81' lang='grc' dir='ltr'>ἀπόκρισιν</span> <span class='ocrx_word' id='word_1_17' title='bbox 3722 441 3877 497; x_wconf 81' lang='grc' dir='ltr'>ἐτοι-</span> 
     </span>
    </p>
   </div>
   <div class='ocr_carea' id='block_1_6' title="bbox 470 533 2120 619">
    <p class='ocr_par' dir='ltr' id='par_1_6' title="bbox 470 533 2120 619">
     <span class='ocr_line' id='line_1_6' title="bbox 470 533 2120 619; baseline -0.013 -12"><span class='ocrx_word' id='word_1_18' title='bbox 470 556 526 607; x_wconf 88' lang='lat' dir='ltr'>et</span> <span class='ocrx_word' id='word_1_19' title='bbox 556 553 625 606; x_wconf 91' lang='lat' dir='ltr'>ad</span> <span class='ocrx_word' id='word_1_20' title='bbox 659 547 1127 619; x_wconf 88' lang='lat' dir='ltr'>respondendum</span> <span class='ocrx_word' id='word_1_21' title='bbox 1175 542 1537 599; x_wconf 79' lang='lat' dir='ltr'>facilitatem.</span> <span class='ocrx_word' id='word_1_22' title='bbox 1571 539 1674 595; x_wconf 87' lang='lat' dir='ltr'>Cui</span> <span class='ocrx_word' id='word_1_23' title='bbox 1719 553 1918 594; x_wconf 82' lang='lat' dir='ltr'>rursus</span> <span class='ocrx_word' id='word_1_24' title='bbox 1977 533 2120 588; x_wconf 85' lang='lat' dir='ltr'>dicit</span> 
     </span>
    </p>
   </div>
   <div class='ocr_carea' id='block_1_7' title="bbox 474 627 2119 707">
    <p class='ocr_par' dir='ltr' id='par_1_7' title="bbox 474 627 2119 707">
     <span class='ocr_line' id='line_1_7' title="bbox 474 627 2119 707; baseline -0.011 -12"><span class='ocrx_word' id='word_1_25' title='bbox 474 638 687 695; x_wconf 81' lang='lat' dir='ltr'>Christi</span> <span class='ocrx_word' id='word_1_26' title='bbox 716 644 929 707; x_wconf 89' lang='lat' dir='ltr'>martyr</span> <span class='ocrx_word' id='word_1_27' title='bbox 955 651 966 688; x_wconf 91' lang='lat'><strong>:</strong></span> <span class='ocrx_word' id='word_1_28' title='bbox 1004 633 1259 697; x_wconf 76' lang='lat' dir='ltr'>Dimitte,</span> <span class='ocrx_word' id='word_1_29' title='bbox 1283 647 1315 685; x_wconf 94' lang='lat' dir='ltr'>o</span> <span class='ocrx_word' id='word_1_30' title='bbox 1339 629 1807 699; x_wconf 89' lang='lat' dir='ltr'>imperator,jam</span> <span class='ocrx_word' id='word_1_31' title='bbox 1833 627 2119 680; x_wconf 88' lang='lat' dir='ltr'>mortuam</span> 
     </span>
    </p>
   </div>
   <div class='ocr_carea' id='block_1_8' title="bbox 477 714 2117 794">
    <p class='ocr_par' dir='ltr' id='par_1_8' title="bbox 477 714 2117 794">
     <span class='ocr_line' id='line_1_8' title="bbox 477 714 2117 794; baseline -0.011 -10"><span class='ocrx_word' id='word_1_32' title='bbox 477 733 532 783; x_wconf 89' lang='lat' dir='ltr'>et</span> <span class='ocrx_word' id='word_1_33' title='bbox 555 727 788 782; x_wconf 82' lang='lat' dir='ltr'>fetidam</span> <span class='ocrx_word' id='word_1_34' title='bbox 808 724 1069 794; x_wconf 85' lang='lat' dir='ltr'>gentium</span> <span class='ocrx_word' id='word_1_35' title='bbox 1096 719 1428 791; x_wconf 84' lang='lat' dir='ltr'>religionem</span> <span class='ocrx_word' id='word_1_36' title='bbox 1455 720 1543 789; x_wconf 89' lang='lat' dir='ltr'>(ea</span> <span class='ocrx_word' id='word_1_37' title='bbox 1564 716 1859 786; x_wconf 88' lang='lat' dir='ltr'>enimjam</span> <span class='ocrx_word' id='word_1_38' title='bbox 1885 714 1982 768; x_wconf 92' lang='lat' dir='ltr'>diu</span> <span class='ocrx_word' id='word_1_39' title='bbox 2011 728 2117 782; x_wconf 85' lang='lat' dir='ltr'>pu-</span> 
     </span>
    </p>
   </div>
   <div class='ocr_carea' id='block_1_9' title="bbox 474 804 2119 887">
    <p class='ocr_par' dir='ltr' id='par_1_9' title="bbox 474 804 2119 887">
     <span class='ocr_line' id='line_1_9' title="bbox 474 804 2119 887; baseline -0.011 -15"><span class='ocrx_word' id='word_1_40' title='bbox 474 817 662 887; x_wconf 90' lang='lat' dir='ltr'>truit),</span> <span class='ocrx_word' id='word_1_41' title='bbox 695 820 751 870; x_wconf 86' lang='lat' dir='ltr'>et</span> <span class='ocrx_word' id='word_1_42' title='bbox 781 814 987 869; x_wconf 82' lang='lat' dir='ltr'>accede</span> <span class='ocrx_word' id='word_1_43' title='bbox 1017 812 1086 865; x_wconf 85' lang='lat' dir='ltr'>ad</span> <span class='ocrx_word' id='word_1_44' title='bbox 1120 809 1411 864; x_wconf 81' lang='lat' dir='ltr'>Christum</span> <span class='ocrx_word' id='word_1_45' title='bbox 1437 824 1448 862; x_wconf 93' lang='lat'>:</span> <span class='ocrx_word' id='word_1_46' title='bbox 1470 812 1557 862; x_wconf 88' lang='lat' dir='ltr'>est</span> <span class='ocrx_word' id='word_1_47' title='bbox 1575 806 1731 860; x_wconf 90' lang='lat' dir='ltr'>enim</span> <span class='ocrx_word' id='word_1_48' title='bbox 1757 804 2040 873; x_wconf 79' lang='lat' dir='ltr'>benignus</span> <span class='ocrx_word' id='word_1_49' title='bbox 2064 806 2119 854; x_wconf 89' lang='lat' dir='ltr'>et</span> 
     </span>
    </p>
   </div>
   <div class='ocr_carea' id='block_1_10' title="bbox 478 891 2115 970">
    <p class='ocr_par' dir='ltr' id='par_1_10' title="bbox 478 891 2115 970">
     <span class='ocr_line' id='line_1_10' title="bbox 478 891 2115 970; baseline -0.012 -9"><span class='ocrx_word' id='word_1_50' title='bbox 478 906 756 970; x_wconf 88' lang='lat' dir='ltr'>clemens,</span> <span class='ocrx_word' id='word_1_51' title='bbox 791 908 848 957; x_wconf 90' lang='lat' dir='ltr'>et</span> <span class='ocrx_word' id='word_1_52' title='bbox 878 908 932 956; x_wconf 91' lang='lat' dir='ltr'>te</span> <span class='ocrx_word' id='word_1_53' title='bbox 962 917 1076 954; x_wconf 89' lang='lat' dir='ltr'>non</span> <span class='ocrx_word' id='word_1_54' title='bbox 1110 896 1362 968; x_wconf 87' lang='lat' dir='ltr'>repellet,</span> <span class='ocrx_word' id='word_1_55' title='bbox 1398 896 1447 951; x_wconf 91' lang='lat' dir='ltr'>si</span> <span class='ocrx_word' id='word_1_56' title='bbox 1496 894 1728 949; x_wconf 89' lang='lat' dir='ltr'>ducaris</span> <span class='ocrx_word' id='word_1_57' title='bbox 1761 891 2115 963; x_wconf 79' lang='lat' dir='ltr'>poenitentia.</span> 
     </span>
    </p>
   </div>
   <div class='ocr_carea' id='block_1_11' title="bbox 481 977 2115 1059">
    <p class='ocr_par' dir='ltr' id='par_1_11' title="bbox 481 977 2115 1059">
     <span class='ocr_line' id='line_1_11' title="bbox 481 977 2115 1059; baseline -0.012 -9"><span class='ocrx_word' id='word_1_58' title='bbox 481 995 589 1050; x_wconf 89' lang='lat' dir='ltr'>Sed</span> <span class='ocrx_word' id='word_1_59' title='bbox 622 991 743 1046; x_wconf 84' lang='lat' dir='ltr'>ﬁeri</span> <span class='ocrx_word' id='word_1_60' title='bbox 777 1006 889 1046; x_wconf 90' lang='lat' dir='ltr'>non</span> <span class='ocrx_word' id='word_1_61' title='bbox 922 993 1165 1059; x_wconf 86' lang='lat' dir='ltr'>poterat,</span> <span class='ocrx_word' id='word_1_62' title='bbox 1199 991 1261 1039; x_wconf 90' lang='lat' dir='ltr'>ut</span> <span class='ocrx_word' id='word_1_63' title='bbox 1305 989 1523 1052; x_wconf 86' lang='lat' dir='ltr'>martyr</span> <span class='ocrx_word' id='word_1_64' title='bbox 1550 982 1839 1038; x_wconf 82' lang='lat' dir='ltr'>resisteret</span> <span class='ocrx_word' id='word_1_65' title='bbox 1870 977 2115 1050; x_wconf 87' lang='lat' dir='ltr'>impetui</span> 
     </span>
    </p>
   </div>
   <div class='ocr_carea' id='block_1_12' title="bbox 481 1071 2116 1148">
    <p class='ocr_par' dir='ltr' id='par_1_12' title="bbox 481 1071 2116 1148">
     <span class='ocr_line' id='line_1_12' title="bbox 481 1071 2116 1148; baseline -0.011 -10"><span class='ocrx_word' id='word_1_66' title='bbox 481 1082 709 1147; x_wconf 72' lang='lat' dir='ltr'>animae,</span> <span class='ocrx_word' id='word_1_67' title='bbox 744 1095 868 1148; x_wconf 84' lang='lat' dir='ltr'>quae</span> <span class='ocrx_word' id='word_1_68' title='bbox 900 1076 1055 1131; x_wconf 90' lang='lat' dir='ltr'>mala</span> <span class='ocrx_word' id='word_1_69' title='bbox 1083 1075 1273 1129; x_wconf 91' lang='lat' dir='ltr'>libens</span> <span class='ocrx_word' id='word_1_70' title='bbox 1296 1090 1361 1128; x_wconf 88' lang='lat' dir='ltr'>ac</span> <span class='ocrx_word' id='word_1_71' title='bbox 1392 1074 1591 1127; x_wconf 89' lang='lat' dir='ltr'>volens</span> <span class='ocrx_word' id='word_1_72' title='bbox 1621 1071 1989 1141; x_wconf 85' lang='lat' dir='ltr'>sequebatur,</span> <span class='ocrx_word' id='word_1_73' title='bbox 2012 1081 2116 1122; x_wconf 88' lang='lat' dir='ltr'>nec</span> 
     </span>
    </p>
   </div>
   <div class='ocr_carea' id='block_1_13' title="bbox 483 1156 2114 1234">
    <p class='ocr_par' dir='ltr' id='par_1_13' title="bbox 483 1156 2114 1234">
     <span class='ocr_line' id='line_1_13' title="bbox 483 1156 2114 1234; baseline -0.01 -9"><span class='ocrx_word' id='word_1_74' title='bbox 483 1176 548 1225; x_wconf 93' lang='lat' dir='ltr'>ut</span> <span class='ocrx_word' id='word_1_75' title='bbox 578 1176 866 1224; x_wconf 79' lang='lat' dir='ltr'>revocaret</span> <span class='ocrx_word' id='word_1_76' title='bbox 898 1167 1175 1231; x_wconf 89' lang='lat' dir='ltr'>animam,</span> <span class='ocrx_word' id='word_1_77' title='bbox 1211 1179 1334 1234; x_wconf 69' lang='lat' dir='ltr'>quae</span> <span class='ocrx_word' id='word_1_78' title='bbox 1365 1178 1468 1216; x_wconf 91' lang='lat' dir='ltr'>sua</span> <span class='ocrx_word' id='word_1_79' title='bbox 1491 1166 1690 1229; x_wconf 80' lang='lat' dir='ltr'>sponte</span> <span class='ocrx_word' id='word_1_80' title='bbox 1742 1159 2014 1214; x_wconf 83' lang='lat' dir='ltr'>tendebat</span> <span class='ocrx_word' id='word_1_81' title='bbox 2044 1156 2114 1210; x_wconf 89' lang='lat' dir='ltr'>ad</span> 
     </span>
    </p>
   </div>
   <div class='ocr_carea' id='block_1_14' title="bbox 481 1244 2118 1320">
    <p class='ocr_par' dir='ltr' id='par_1_14' title="bbox 481 1244 2118 1320">
     <span class='ocr_line' id='line_1_14' title="bbox 481 1244 2118 1320; baseline -0.009 -8"><span class='ocrx_word' id='word_1_82' title='bbox 481 1258 797 1313; x_wconf 88' lang='lat' dir='ltr'>interitum.</span> <span class='ocrx_word' id='word_1_83' title='bbox 830 1256 1097 1309; x_wconf 83' lang='lat' dir='ltr'>Julianus</span> <span class='ocrx_word' id='word_1_84' title='bbox 1147 1253 1301 1307; x_wconf 89' lang='lat' dir='ltr'>enim</span> <span class='ocrx_word' id='word_1_85' title='bbox 1343 1252 1460 1320; x_wconf 88' lang='lat' dir='ltr'>jam</span> <span class='ocrx_word' id='word_1_86' title='bbox 1492 1250 1589 1304; x_wconf 91' lang='lat' dir='ltr'>diu</span> <span class='ocrx_word' id='word_1_87' title='bbox 1643 1248 1875 1318; x_wconf 88' lang='lat' dir='ltr'>quidem</span> <span class='ocrx_word' id='word_1_88' title='bbox 1923 1244 2118 1299; x_wconf 87' lang='lat' dir='ltr'>animo</span> 
     </span>
    </p>
   </div>
   <div class='ocr_carea' id='block_1_15' title="bbox 483 1337 2120 1417">
    <p class='ocr_par' dir='ltr' id='par_1_15' title="bbox 483 1337 2120 1417">
     <span class='ocr_line' id='line_1_15' title="bbox 483 1337 2120 1417; baseline -0.01 -16"><span class='ocrx_word' id='word_1_89' title='bbox 483 1347 810 1417; x_wconf 82' lang='lat' dir='ltr'>parturiens</span> <span class='ocrx_word' id='word_1_90' title='bbox 844 1344 1047 1398; x_wconf 82' lang='lat' dir='ltr'>falsam</span> <span class='ocrx_word' id='word_1_91' title='bbox 1083 1340 1341 1412; x_wconf 90' lang='lat' dir='ltr'>gentium</span> <span class='ocrx_word' id='word_1_92' title='bbox 1386 1337 1745 1407; x_wconf 83' lang='lat' dir='ltr'>religionem,</span> <span class='ocrx_word' id='word_1_93' title='bbox 1778 1350 1955 1405; x_wconf 89' lang='lat' dir='ltr'>quam</span> <span class='ocrx_word' id='word_1_94' title='bbox 1987 1349 2120 1386; x_wconf 91' lang='lat' dir='ltr'>con-</span> 
     </span>
    </p>
   </div>
   <div class='ocr_carea' id='block_1_16' title="bbox 481 1420 2120 1505">
    <p class='ocr_par' dir='ltr' id='par_1_16' title="bbox 481 1420 2120 1505">
     <span class='ocr_line' id='line_1_16' title="bbox 481 1420 2120 1505; baseline -0.01 -15"><span class='ocrx_word' id='word_1_95' title='bbox 481 1439 711 1505; x_wconf 87' lang='lat' dir='ltr'>ceperat</span> <span class='ocrx_word' id='word_1_96' title='bbox 764 1434 818 1487; x_wconf 93' lang='lat' dir='ltr'>in</span> <span class='ocrx_word' id='word_1_97' title='bbox 855 1432 1015 1487; x_wconf 90' lang='lat' dir='ltr'>Ionia</span> <span class='ocrx_word' id='word_1_98' title='bbox 1072 1445 1137 1483; x_wconf 86' lang='lat' dir='ltr'>ex</span> <span class='ocrx_word' id='word_1_99' title='bbox 1178 1445 1286 1483; x_wconf 88' lang='lat' dir='ltr'>sua</span> <span class='ocrx_word' id='word_1_100' title='bbox 1335 1425 1744 1497; x_wconf 84' lang='lat' dir='ltr'>congressione</span> <span class='ocrx_word' id='word_1_101' title='bbox 1784 1438 1911 1478; x_wconf 90' lang='lat' dir='ltr'>cum</span> <span class='ocrx_word' id='word_1_102' title='bbox 1947 1420 2120 1475; x_wconf 82' lang='lat' dir='ltr'>Maxi-</span> 
     </span>
    </p>
   </div>
   <div class='ocr_carea' id='block_1_17' title="bbox 482 1510 2117 1593">
    <p class='ocr_par' dir='ltr' id='par_1_17' title="bbox 482 1510 2117 1593">
     <span class='ocr_line' id='line_1_17' title="bbox 482 1510 2117 1593; baseline -0.009 -15"><span class='ocrx_word' id='word_1_103' title='bbox 482 1540 575 1578; x_wconf 91' lang='lat' dir='ltr'>mo</span> <span class='ocrx_word' id='word_1_104' title='bbox 633 1522 799 1593; x_wconf 83' lang='lat' dir='ltr'>Tyrio</span> <span class='ocrx_word' id='word_1_105' title='bbox 832 1510 1201 1591; x_wconf 83' lang='lat' dir='ltr'>philosopho,</span> <span class='ocrx_word' id='word_1_106' title='bbox 1232 1517 1491 1587; x_wconf 91' lang='lat' dir='ltr'>quandiu</span> <span class='ocrx_word' id='word_1_107' title='bbox 1543 1515 1775 1584; x_wconf 89' lang='lat' dir='ltr'>quidem</span> <span class='ocrx_word' id='word_1_108' title='bbox 1826 1515 2117 1581; x_wconf 85' lang='lat' dir='ltr'>superstes</span> 
     </span>
    </p>
   </div>
   <div class='ocr_carea' id='block_1_18' title="bbox 479 1598 2115 1681">
    <p class='ocr_par' dir='ltr' id='par_1_18' title="bbox 479 1598 2115 1681">
     <span class='ocr_line' id='line_1_18' title="bbox 479 1598 2115 1681; baseline -0.01 -13"><span class='ocrx_word' id='word_1_109' title='bbox 479 1614 587 1668; x_wconf 82' lang='lat' dir='ltr'>fuit</span> <span class='ocrx_word' id='word_1_110' title='bbox 628 1614 754 1681; x_wconf 85' lang='lat' dir='ltr'>ejus</span> <span class='ocrx_word' id='word_1_111' title='bbox 809 1612 1005 1671; x_wconf 84' lang='lat' dir='ltr'>frater,</span> <span class='ocrx_word' id='word_1_112' title='bbox 1040 1616 1091 1662; x_wconf 90' lang='lat' dir='ltr'>et</span> <span class='ocrx_word' id='word_1_113' title='bbox 1142 1612 1272 1678; x_wconf 88' lang='lat' dir='ltr'>post</span> <span class='ocrx_word' id='word_1_114' title='bbox 1301 1608 1490 1674; x_wconf 90' lang='lat' dir='ltr'>ipsum</span> <span class='ocrx_word' id='word_1_115' title='bbox 1541 1601 1937 1666; x_wconf 78' lang='lat' dir='ltr'>Constantius,</span> <span class='ocrx_word' id='word_1_116' title='bbox 1970 1598 2115 1654; x_wconf 89' lang='lat' dir='ltr'>nihil</span> 
     </span>
    </p>
   </div>
   <div class='ocr_carea' id='block_1_19' title="bbox 478 1692 2119 1770">
    <p class='ocr_par' dir='ltr' id='par_1_19' title="bbox 478 1692 2119 1770">
     <span class='ocr_line' id='line_1_19' title="bbox 478 1692 2119 1770; baseline -0.008 -13"><span class='ocrx_word' id='word_1_117' title='bbox 478 1719 653 1757; x_wconf 86' lang='lat' dir='ltr'>ausus</span> <span class='ocrx_word' id='word_1_118' title='bbox 696 1705 783 1755; x_wconf 90' lang='lat' dir='ltr'>est</span> <span class='ocrx_word' id='word_1_119' title='bbox 833 1699 1054 1770; x_wconf 89' lang='lat' dir='ltr'>aperire</span> <span class='ocrx_word' id='word_1_120' title='bbox 1114 1700 1348 1766; x_wconf 89' lang='lat' dir='ltr'>propter</span> <span class='ocrx_word' id='word_1_121' title='bbox 1394 1695 1629 1749; x_wconf 89' lang='lat' dir='ltr'>illorum</span> <span class='ocrx_word' id='word_1_122' title='bbox 1676 1698 1915 1747; x_wconf 90' lang='lat' dir='ltr'>metum.</span> <span class='ocrx_word' id='word_1_123' title='bbox 1952 1692 2119 1746; x_wconf 90' lang='lat' dir='ltr'>Post-</span> 
     </span>
    </p>
   </div>
   <div class='ocr_carea' id='block_1_20' title="bbox 2231 529 3874 610">
    <p class='ocr_par' dir='ltr' id='par_1_20' title="bbox 2231 529 3874 610">
     <span class='ocr_line' id='line_1_20' title="bbox 2231 529 3874 610; baseline -0.002 -21"><span class='ocrx_word' id='word_1_124' title='bbox 2231 536 2487 606; x_wconf 80' lang='grc' dir='ltr'>μότατον.</span> <span class='ocrx_word' id='word_1_125' title='bbox 2524 534 2665 607; x_wconf 86' lang='grc' dir='ltr'>Πρὸς</span> <span class='ocrx_word' id='word_1_126' title='bbox 2697 533 2754 587; x_wconf 84' lang='grc' dir='ltr'>ὃν</span> <span class='ocrx_word' id='word_1_127' title='bbox 2786 529 2951 587; x_wconf 87' lang='grc' dir='ltr'>πάλιν</span> <span class='ocrx_word' id='word_1_128' title='bbox 2979 531 3007 585; x_wconf 84' lang='grc' dir='ltr'><strong>ὁ</strong></span> <span class='ocrx_word' id='word_1_129' title='bbox 3036 534 3131 584; x_wconf 84' lang='grc' dir='ltr'>τοῦ</span> <span class='ocrx_word' id='word_1_130' title='bbox 3162 533 3408 603; x_wconf 76' lang='grc' dir='ltr'>Χριστοῦ</span> <span class='ocrx_word' id='word_1_131' title='bbox 3460 532 3669 606; x_wconf 80' lang='grc' dir='ltr'>μάρτυς</span> <span class='ocrx_word' id='word_1_132' title='bbox 3711 533 3874 610; x_wconf 70' lang='grc' dir='ltr'>φησὶ,</span> 
     </span>
    </p>
   </div>
   <div class='ocr_carea' id='block_1_21' title="bbox 2226 616 3870 701">
    <p class='ocr_par' dir='ltr' id='par_1_21' title="bbox 2226 616 3870 701">
     <span class='ocr_line' id='line_1_21' title="bbox 2226 616 3870 701; baseline -0.002 -22"><span class='ocrx_word' id='word_1_133' title='bbox 2226 624 2483 701; x_wconf 47' lang='lat' dir='ltr'>&quot;Apage?</span> <span class='ocrx_word' id='word_1_134' title='bbox 2527 619 2770 697; x_wconf 85' lang='grc' dir='ltr'>βασιλεῦ,</span> <span class='ocrx_word' id='word_1_135' title='bbox 2809 621 2909 689; x_wconf 80' lang='grc' dir='ltr'>τήν</span> <span class='ocrx_word' id='word_1_136' title='bbox 2967 620 3156 692; x_wconf 77' lang='grc' dir='ltr'>νεκρὰν</span> <span class='ocrx_word' id='word_1_137' title='bbox 3219 616 3330 689; x_wconf 78' lang='grc' dir='ltr'>ἤδη</span> <span class='ocrx_word' id='word_1_138' title='bbox 3382 619 3473 674; x_wconf 79' lang='grc' dir='ltr'>καὶ</span> <span class='ocrx_word' id='word_1_139' title='bbox 3531 618 3870 693; x_wconf 82' lang='grc' dir='ltr'>ἐξῳδηκυῖαν</span> 
     </span>
    </p>
   </div>
   <div class='ocr_carea' id='block_1_22' title="bbox 2225 707 3875 783">
    <p class='ocr_par' dir='ltr' id='par_1_22' title="bbox 2225 707 3875 783">
     <span class='ocr_line' id='line_1_22' title="bbox 2225 707 3875 783; baseline 0.001 -17"><span class='ocrx_word' id='word_1_140' title='bbox 2225 718 2333 766; x_wconf 86' lang='grc' dir='ltr'>τῶν</span> <span class='ocrx_word' id='word_1_141' title='bbox 2366 709 2648 782; x_wconf 84' lang='grc' dir='ltr'>Ἑλλήνων</span> <span class='ocrx_word' id='word_1_142' title='bbox 2704 709 2990 783; x_wconf 73' lang='grc' dir='ltr'>θρησκείαν</span> <span class='ocrx_word' id='word_1_143' title='bbox 3023 707 3181 781; x_wconf 75' lang='grc' dir='ltr'>(αὕτη</span> <span class='ocrx_word' id='word_1_144' title='bbox 3216 709 3321 783; x_wconf 84' lang='grc' dir='ltr'>γὰρ</span> <span class='ocrx_word' id='word_1_145' title='bbox 3358 710 3446 763; x_wconf 84' lang='grc' dir='ltr'>καὶ</span> <span class='ocrx_word' id='word_1_146' title='bbox 3488 710 3596 783; x_wconf 85' lang='grc' dir='ltr'>πρὸ</span> <span class='ocrx_word' id='word_1_147' title='bbox 3653 709 3875 767; x_wconf 84' lang='grc' dir='ltr'>πολλοῦ</span> 
     </span>
    </p>
   </div>
   <div class='ocr_carea' id='block_1_23' title="bbox 2228 798 3874 876">
    <p class='ocr_par' dir='ltr' id='par_1_23' title="bbox 2228 798 3874 876">
     <span class='ocr_line' id='line_1_23' title="bbox 2228 798 3874 876; baseline 0.001 -23"><span class='ocrx_word' id='word_1_148' title='bbox 2228 799 2468 872; x_wconf 70' lang='grc' dir='ltr'>σέσηπε),</span> <span class='ocrx_word' id='word_1_149' title='bbox 2501 801 2589 855; x_wconf 82' lang='grc' dir='ltr'>καὶ</span> <span class='ocrx_word' id='word_1_150' title='bbox 2623 798 2891 872; x_wconf 78' lang='grc' dir='ltr'>πρόσελθε</span> <span class='ocrx_word' id='word_1_151' title='bbox 2944 802 3024 869; x_wconf 76' lang='grc' dir='ltr'>τῷ</span> <span class='ocrx_word' id='word_1_152' title='bbox 3062 799 3279 869; x_wconf 85' lang='grc' dir='ltr'>Χριστῷ</span> <span class='ocrx_word' id='word_1_153' title='bbox 3305 816 3316 828; x_wconf 91' lang='grc'><strong>·</strong></span> <span class='ocrx_word' id='word_1_154' title='bbox 3365 798 3721 874; x_wconf 84' lang='grc' dir='ltr'>μακρόθυμος</span> <span class='ocrx_word' id='word_1_155' title='bbox 3765 801 3874 876; x_wconf 74' lang='grc' dir='ltr'>γᾶρ</span> 
     </span>
    </p>
   </div>
   <div class='ocr_carea' id='block_1_24' title="bbox 2226 888 3876 967">
    <p class='ocr_par' dir='ltr' id='par_1_24' title="bbox 2226 888 3876 967">
     <span class='ocr_line' id='line_1_24' title="bbox 2226 888 3876 967; baseline 0.001 -23"><span class='ocrx_word' id='word_1_156' title='bbox 2226 888 2337 944; x_wconf 78' lang='grc' dir='ltr'>ἐστι</span> <span class='ocrx_word' id='word_1_157' title='bbox 2379 892 2467 944; x_wconf 77' lang='grc' dir='ltr'>καὶ</span> <span class='ocrx_word' id='word_1_158' title='bbox 2521 888 2935 967; x_wconf 80' lang='grc' dir='ltr'>φιλάνθρωπος,</span> <span class='ocrx_word' id='word_1_159' title='bbox 2976 888 3066 943; x_wconf 81' lang='grc' dir='ltr'>καὶ</span> <span class='ocrx_word' id='word_1_160' title='bbox 3133 888 3233 943; x_wconf 89' lang='grc' dir='ltr'>ούκ</span> <span class='ocrx_word' id='word_1_161' title='bbox 3269 889 3542 945; x_wconf 84' lang='grc' dir='ltr'>ἀπώσεταί</span> <span class='ocrx_word' id='word_1_162' title='bbox 3595 911 3651 945; x_wconf 87' lang='grc' dir='ltr'>σε</span> <span class='ocrx_word' id='word_1_163' title='bbox 3711 912 3876 964; x_wconf 83' lang='grc' dir='ltr'>μετα-</span> 
     </span>
    </p>
   </div>
   <div class='ocr_carea' id='block_1_25' title="bbox 2228 975 3873 1054">
    <p class='ocr_par' dir='ltr' id='par_1_25' title="bbox 2228 975 3873 1054">
     <span class='ocr_line' id='line_1_25' title="bbox 2228 975 3873 1054; baseline 0.001 -22"><span class='ocrx_word' id='word_1_164' title='bbox 2228 979 2585 1052; x_wconf 85' lang='grc' dir='ltr'>μελούμενον.</span> <span class='ocrx_word' id='word_1_165' title='bbox 2619 979 2776 1035; x_wconf 85' lang='grc' dir='ltr'>Ἀλλ’</span> <span class='ocrx_word' id='word_1_166' title='bbox 2810 978 2909 1032; x_wconf 80' lang='grc' dir='ltr'>οὐκ</span> <span class='ocrx_word' id='word_1_167' title='bbox 2937 979 3002 1046; x_wconf 80' lang='grc' dir='ltr'>ἦν</span> <span class='ocrx_word' id='word_1_168' title='bbox 3035 975 3138 1050; x_wconf 68' lang='grc' dir='ltr'>ἄρα</span> <span class='ocrx_word' id='word_1_169' title='bbox 3178 977 3403 1054; x_wconf 84' lang='grc' dir='ltr'>γνώμης</span> <span class='ocrx_word' id='word_1_170' title='bbox 3435 978 3873 1050; x_wconf 77' lang='grc' dir='ltr'>ἑθελοκακούσης</span> 
     </span>
    </p>
   </div>
   <div class='ocr_carea' id='block_1_26' title="bbox 2228 1067 3874 1145">
    <p class='ocr_par' dir='ltr' id='par_1_26' title="bbox 2228 1067 3874 1145">
     <span class='ocr_line' id='line_1_26' title="bbox 2228 1067 3874 1145; baseline 0.002 -25"><span class='ocrx_word' id='word_1_171' title='bbox 2228 1068 2498 1145; x_wconf 76' lang='grc' dir='ltr'>ἀντισχεῖν</span> <span class='ocrx_word' id='word_1_172' title='bbox 2541 1068 2630 1122; x_wconf 88' lang='grc' dir='ltr'>τὸν</span> <span class='ocrx_word' id='word_1_173' title='bbox 2669 1069 2912 1143; x_wconf 85' lang='grc' dir='ltr'>μάρτυρα</span> <span class='ocrx_word' id='word_1_174' title='bbox 2940 1072 3058 1130; x_wconf 86' lang='grc' dir='ltr'>ταῖς</span> <span class='ocrx_word' id='word_1_175' title='bbox 3106 1068 3325 1139; x_wconf 78' lang='grc' dir='ltr'>ὁρμαῖς,</span> <span class='ocrx_word' id='word_1_176' title='bbox 3372 1067 3490 1123; x_wconf 81' lang='grc' dir='ltr'>οὐδ’</span> <span class='ocrx_word' id='word_1_177' title='bbox 3534 1067 3874 1124; x_wconf 72' lang='grc' dir='ltr'>ἀνακαλεσα-</span> 
     </span>
    </p>
   </div>
   <div class='ocr_carea' id='block_1_27' title="bbox 2230 1156 3870 1230">
    <p class='ocr_par' dir='ltr' id='par_1_27' title="bbox 2230 1156 3870 1230">
     <span class='ocr_line' id='line_1_27' title="bbox 2230 1156 3870 1230; baseline 0.003 -20"><span class='ocrx_word' id='word_1_178' title='bbox 2230 1158 2347 1210; x_wconf 83' lang='grc' dir='ltr'>σθαι</span> <span class='ocrx_word' id='word_1_179' title='bbox 2382 1158 2565 1230; x_wconf 72' lang='grc' dir='ltr'>ψυχὴν</span> <span class='ocrx_word' id='word_1_180' title='bbox 2600 1156 2925 1229; x_wconf 82' lang='grc' dir='ltr'>αὐτομόλως</span> <span class='ocrx_word' id='word_1_181' title='bbox 2956 1161 3243 1230; x_wconf 80' lang='grc' dir='ltr'>χωροῦσαν</span> <span class='ocrx_word' id='word_1_182' title='bbox 3276 1158 3412 1230; x_wconf 88' lang='grc' dir='ltr'>πρὸς</span> <span class='ocrx_word' id='word_1_183' title='bbox 3438 1158 3535 1225; x_wconf 80' lang='grc' dir='ltr'>τήν</span> <span class='ocrx_word' id='word_1_184' title='bbox 3569 1159 3870 1215; x_wconf 83' lang='grc' dir='ltr'>ἀπώλειαν.</span> 
     </span>
    </p>
   </div>
   <div class='ocr_carea' id='block_1_28' title="bbox 2225 1244 3876 1320">
    <p class='ocr_par' dir='ltr' id='par_1_28' title="bbox 2225 1244 3876 1320">
     <span class='ocr_line' id='line_1_28' title="bbox 2225 1244 3876 1320; baseline 0 -17"><span class='ocrx_word' id='word_1_185' title='bbox 2225 1248 2283 1303; x_wconf 86' lang='grc' dir='ltr'>Ὁ</span> <span class='ocrx_word' id='word_1_186' title='bbox 2351 1246 2454 1320; x_wconf 80' lang='grc' dir='ltr'>γὰρ</span> <span class='ocrx_word' id='word_1_187' title='bbox 2512 1245 2834 1315; x_wconf 84' lang='grc' dir='ltr'>Ἰουλιανὸς,</span> <span class='ocrx_word' id='word_1_188' title='bbox 2892 1244 3065 1301; x_wconf 88' lang='grc' dir='ltr'>πάλαι</span> <span class='ocrx_word' id='word_1_189' title='bbox 3128 1245 3219 1300; x_wconf 88' lang='grc' dir='ltr'>τὸν</span> <span class='ocrx_word' id='word_1_190' title='bbox 3289 1244 3665 1320; x_wconf 84' lang='grc' dir='ltr'>Ἑλληνισμὸν</span> <span class='ocrx_word' id='word_1_191' title='bbox 3730 1249 3876 1305; x_wconf 71' lang='grc' dir='ltr'>κατὰ</span> 
     </span>
    </p>
   </div>
   <div class='ocr_carea' id='block_1_29' title="bbox 2228 1332 3874 1409">
    <p class='ocr_par' dir='ltr' id='par_1_29' title="bbox 2228 1332 3874 1409">
     <span class='ocr_line' id='line_1_29' title="bbox 2228 1332 3874 1409; baseline 0.003 -22"><span class='ocrx_word' id='word_1_192' title='bbox 2228 1336 2412 1407; x_wconf 70' lang='grc' dir='ltr'>ψυχὴν</span> <span class='ocrx_word' id='word_1_193' title='bbox 2460 1332 2691 1402; x_wconf 79' lang='grc' dir='ltr'>ὠδίνων,</span> <span class='ocrx_word' id='word_1_194' title='bbox 2724 1334 2782 1387; x_wconf 82' lang='grc' dir='ltr'>ἐκ</span> <span class='ocrx_word' id='word_1_195' title='bbox 2835 1337 2942 1388; x_wconf 88' lang='grc' dir='ltr'>τῶν</span> <span class='ocrx_word' id='word_1_196' title='bbox 3011 1332 3065 1388; x_wconf 79' lang='grc' dir='ltr'>ἐν</span> <span class='ocrx_word' id='word_1_197' title='bbox 3125 1334 3298 1405; x_wconf 80' lang='grc' dir='ltr'>’[ωνίᾳ</span> <span class='ocrx_word' id='word_1_198' title='bbox 3354 1337 3663 1409; x_wconf 69' lang='grc' dir='ltr'>γενομένων</span> <span class='ocrx_word' id='word_1_199' title='bbox 3719 1338 3874 1409; x_wconf 78' lang='grc' dir='ltr'>αὐτῷ</span> 
     </span>
    </p>
   </div>
   <div class='ocr_carea' id='block_1_30' title="bbox 2232 1422 3871 1503">
    <p class='ocr_par' dir='ltr' id='par_1_30' title="bbox 2232 1422 3871 1503">
     <span class='ocr_line' id='line_1_30' title="bbox 2232 1422 3871 1503; baseline 0.002 -26"><span class='ocrx_word' id='word_1_200' title='bbox 2232 1425 2364 1495; x_wconf 87' lang='grc' dir='ltr'>μετὰ</span> <span class='ocrx_word' id='word_1_201' title='bbox 2394 1428 2501 1478; x_wconf 89' lang='grc' dir='ltr'>τῶν</span> <span class='ocrx_word' id='word_1_202' title='bbox 2549 1424 2689 1500; x_wconf 82' lang='grc' dir='ltr'>ἀμφὶ</span> <span class='ocrx_word' id='word_1_203' title='bbox 2745 1424 2834 1477; x_wconf 88' lang='grc' dir='ltr'>τὸν</span> <span class='ocrx_word' id='word_1_204' title='bbox 2864 1423 3115 1497; x_wconf 78' lang='grc' dir='ltr'>Μάξιμον</span> <span class='ocrx_word' id='word_1_205' title='bbox 3174 1422 3492 1503; x_wconf 74' lang='grc' dir='ltr'>φιλοσόφων</span> <span class='ocrx_word' id='word_1_206' title='bbox 3551 1431 3871 1496; x_wconf 78' lang='grc' dir='ltr'>συνουσιῶν,</span> 
     </span>
    </p>
   </div>
   <div class='ocr_carea' id='block_1_31' title="bbox 2227 1510 3869 1592">
    <p class='ocr_par' dir='ltr' id='par_1_31' title="bbox 2227 1510 3869 1592">
     <span class='ocr_line' id='line_1_31' title="bbox 2227 1510 3869 1592; baseline 0.001 -25"><span class='ocrx_word' id='word_1_207' title='bbox 2227 1513 2307 1591; x_wconf 71' lang='grc' dir='ltr'>ἐφ’</span> <span class='ocrx_word' id='word_1_208' title='bbox 2338 1512 2461 1568; x_wconf 72' lang='grc' dir='ltr'>ὅσον</span> <span class='ocrx_word' id='word_1_209' title='bbox 2498 1515 2594 1586; x_wconf 74' lang='grc' dir='ltr'>μὲν</span> <span class='ocrx_word' id='word_1_210' title='bbox 2635 1512 2724 1568; x_wconf 78' lang='grc' dir='ltr'>ὅτε</span> <span class='ocrx_word' id='word_1_211' title='bbox 2753 1510 2986 1592; x_wconf 71' lang='grc' dir='ltr'>ἀδελφὸς</span> <span class='ocrx_word' id='word_1_212' title='bbox 3017 1515 3167 1586; x_wconf 78' lang='grc' dir='ltr'>αὐτῷ</span> <span class='ocrx_word' id='word_1_213' title='bbox 3198 1521 3414 1589; x_wconf 77' lang='grc' dir='ltr'>περιῆν,</span> <span class='ocrx_word' id='word_1_214' title='bbox 3444 1516 3535 1570; x_wconf 87' lang='grc' dir='ltr'>καὶ</span> <span class='ocrx_word' id='word_1_215' title='bbox 3570 1521 3684 1588; x_wconf 81' lang='grc' dir='ltr'>μετ’</span> <span class='ocrx_word' id='word_1_216' title='bbox 3706 1515 3869 1571; x_wconf 83' lang='grc' dir='ltr'>αὐτὸν</span> 
     </span>
    </p>
   </div>
   <div class='ocr_carea' id='block_1_32' title="bbox 2228 1599 3875 1679">
    <p class='ocr_par' dir='ltr' id='par_1_32' title="bbox 2228 1599 3875 1679">
     <span class='ocr_line' id='line_1_32' title="bbox 2228 1599 3875 1679; baseline 0.003 -24"><span class='ocrx_word' id='word_1_217' title='bbox 2228 1603 2675 1673; x_wconf 83' lang='grc' dir='ltr'>Κωνστάντιος,ὁ</span> <span class='ocrx_word' id='word_1_218' title='bbox 2734 1599 2791 1656; x_wconf 72' lang='grc' dir='ltr'>δὲ</span> <span class='ocrx_word' id='word_1_219' title='bbox 2840 1600 2993 1656; x_wconf 78' lang='grc' dir='ltr'>οὐδὲν</span> <span class='ocrx_word' id='word_1_220' title='bbox 3055 1608 3445 1679; x_wconf 78' lang='grc' dir='ltr'>παραγυμνοῦν</span> <span class='ocrx_word' id='word_1_221' title='bbox 3510 1603 3721 1679; x_wconf 69' lang='grc' dir='ltr'>ἐθάρρει</span> <span class='ocrx_word' id='word_1_222' title='bbox 3782 1603 3875 1661; x_wconf 72' lang='grc' dir='ltr'>διὰ</span> 
     </span>
    </p>
   </div>
   <div class='ocr_carea' id='block_1_33' title="bbox 2225 1690 3870 1770">
    <p class='ocr_par' dir='ltr' id='par_1_33' title="bbox 2225 1690 3870 1770">
     <span class='ocr_line' id='line_1_33' title="bbox 2225 1690 3870 1770; baseline 0.002 -23"><span class='ocrx_word' id='word_1_223' title='bbox 2225 1694 2286 1747; x_wconf 87' lang='grc' dir='ltr'>τὸ</span> <span class='ocrx_word' id='word_1_224' title='bbox 2318 1692 2369 1764; x_wconf 78' lang='grc' dir='ltr'>ἐξ</span> <span class='ocrx_word' id='word_1_225' title='bbox 2401 1692 2617 1748; x_wconf 79' lang='grc' dir='ltr'>ἐκείνων</span> <span class='ocrx_word' id='word_1_226' title='bbox 2660 1690 2801 1762; x_wconf 70' lang='grc' dir='ltr'>δέος,</span> <span class='ocrx_word' id='word_1_227' title='bbox 2831 1692 2947 1748; x_wconf 77' lang='grc' dir='ltr'>ἐπεὶ</span> <span class='ocrx_word' id='word_1_228' title='bbox 2988 1691 3045 1748; x_wconf 74' lang='grc' dir='ltr'>δὲ</span> <span class='ocrx_word' id='word_1_229' title='bbox 3075 1694 3223 1749; x_wconf 76' lang='grc' dir='ltr'>οὗτοι</span> <span class='ocrx_word' id='word_1_230' title='bbox 3265 1693 3316 1765; x_wconf 82' lang='grc' dir='ltr'><strong>ἒξ</strong></span> <span class='ocrx_word' id='word_1_231' title='bbox 3359 1695 3658 1770; x_wconf 81' lang='grc' dir='ltr'>ἀνθρώπων</span> <span class='ocrx_word' id='word_1_232' title='bbox 3711 1696 3870 1767; x_wconf 79' lang='grc' dir='ltr'>ἦσαν,</span> 
     </span>
    </p>
   </div>
   <div class='ocr_carea' id='block_1_34' title="bbox 479 1780 2114 1874">
    <p class='ocr_par' dir='ltr' id='par_1_34' title="bbox 479 1781 2114 1862">
     <span class='ocr_line' id='line_1_34' title="bbox 479 1781 2114 1862; baseline -0.007 -16"><span class='ocrx_word' id='word_1_233' title='bbox 479 1807 647 1862; x_wconf 86' lang='lat' dir='ltr'>quam</span> <span class='ocrx_word' id='word_1_234' title='bbox 682 1794 872 1844; x_wconf 87' lang='lat' dir='ltr'>autem</span> <span class='ocrx_word' id='word_1_235' title='bbox 905 1788 943 1843; x_wconf 90' lang='lat' dir='ltr'>ii</span> <span class='ocrx_word' id='word_1_236' title='bbox 976 1804 1007 1842; x_wconf 88' lang='lat' dir='ltr'>e</span> <span class='ocrx_word' id='word_1_237' title='bbox 1055 1786 1200 1840; x_wconf 91' lang='lat' dir='ltr'>vivis</span> <span class='ocrx_word' id='word_1_238' title='bbox 1231 1787 1620 1850; x_wconf 86' lang='lat' dir='ltr'>excesserunt,</span> <span class='ocrx_word' id='word_1_239' title='bbox 1654 1782 1777 1852; x_wconf 90' lang='lat' dir='ltr'>ipse</span> <span class='ocrx_word' id='word_1_240' title='bbox 1827 1797 1955 1836; x_wconf 81' lang='lat' dir='ltr'>vero</span> <span class='ocrx_word' id='word_1_241' title='bbox 1990 1781 2114 1849; x_wconf 84' lang='lat' dir='ltr'>jam</span> 
     </span>
    </p>
   </div>
   <div class='ocr_carea' id='block_1_35' title="bbox 2225 1780 3869 1874">
    <p class='ocr_par' dir='ltr' id='par_1_35' title="bbox 2230 1780 3869 1874">
     <span class='ocr_line' id='line_1_35' title="bbox 2230 1780 3869 1874; baseline 0.002 -37"><span class='ocrx_word' id='word_1_242' title='bbox 2230 1782 2391 1874; x_wconf 73' lang='grc' dir='ltr'>αὐτὸς</span> <span class='ocrx_word' id='word_1_243' title='bbox 2439 1780 2495 1837; x_wconf 76' lang='grc' dir='ltr'>δὲ</span> <span class='ocrx_word' id='word_1_244' title='bbox 2540 1786 2646 1837; x_wconf 89' lang='grc' dir='ltr'>τῶν</span> <span class='ocrx_word' id='word_1_245' title='bbox 2690 1783 3024 1858; x_wconf 77' lang='grc' dir='ltr'>πραγμάτων</span> <span class='ocrx_word' id='word_1_246' title='bbox 3091 1780 3201 1854; x_wconf 72' lang='grc' dir='ltr'>ἤδη</span> <span class='ocrx_word' id='word_1_247' title='bbox 3257 1782 3447 1858; x_wconf 86' lang='grc' dir='ltr'>κύριος</span> <span class='ocrx_word' id='word_1_248' title='bbox 3513 1785 3604 1853; x_wconf 85' lang='grc' dir='ltr'>ἦν,</span> <span class='ocrx_word' id='word_1_249' title='bbox 3645 1786 3769 1840; x_wconf 80' lang='grc' dir='ltr'>τότε</span> <span class='ocrx_word' id='word_1_250' title='bbox 3800 1784 3869 1856; x_wconf 82' lang='grc' dir='ltr'>δὴ</span> 
     </span>
    </p>
   </div>
   <div class='ocr_carea' id='block_1_36' title="bbox 478 1875 2117 1949">
    <p class='ocr_par' dir='ltr' id='par_1_36' title="bbox 478 1875 2117 1949">
     <span class='ocr_line' id='line_1_36' title="bbox 478 1875 2117 1949; baseline -0.006 -15"><span class='ocrx_word' id='word_1_251' title='bbox 478 1896 670 1935; x_wconf 90' lang='lat' dir='ltr'>rerum</span> <span class='ocrx_word' id='word_1_252' title='bbox 706 1878 1007 1949; x_wconf 91' lang='lat' dir='ltr'>potiretur,</span> <span class='ocrx_word' id='word_1_253' title='bbox 1040 1881 1178 1930; x_wconf 89' lang='lat' dir='ltr'>tunc</span> <span class='ocrx_word' id='word_1_254' title='bbox 1210 1875 1329 1945; x_wconf 90' lang='lat' dir='ltr'>ipse</span> <span class='ocrx_word' id='word_1_255' title='bbox 1391 1890 1452 1928; x_wconf 91' lang='lat' dir='ltr'>se</span> <span class='ocrx_word' id='word_1_256' title='bbox 1501 1883 1692 1943; x_wconf 87' lang='lat' dir='ltr'>aperte</span> <span class='ocrx_word' id='word_1_257' title='bbox 1739 1887 1979 1936; x_wconf 82' lang='lat' dir='ltr'>exuens,</span> <span class='ocrx_word' id='word_1_258' title='bbox 2030 1885 2117 1924; x_wconf 91' lang='lat' dir='ltr'>re-</span> 
     </span>
    </p>
   </div>
   <div class='ocr_carea' id='block_1_37' title="bbox 480 1959 2119 2041">
    <p class='ocr_par' dir='ltr' id='par_1_37' title="bbox 480 1959 2119 2041">
     <span class='ocr_line' id='line_1_37' title="bbox 480 1959 2119 2041; baseline -0.006 -18"><span class='ocrx_word' id='word_1_259' title='bbox 480 1972 653 2041; x_wconf 91' lang='lat' dir='ltr'>pente</span> <span class='ocrx_word' id='word_1_260' title='bbox 686 1972 803 2021; x_wconf 92' lang='lat' dir='ltr'>toto</span> <span class='ocrx_word' id='word_1_261' title='bbox 836 1964 1007 2019; x_wconf 88' lang='lat' dir='ltr'>animi</span> <span class='ocrx_word' id='word_1_262' title='bbox 1043 1963 1236 2019; x_wconf 88' lang='lat' dir='ltr'>studio</span> <span class='ocrx_word' id='word_1_263' title='bbox 1278 1962 1469 2031; x_wconf 89' lang='lat' dir='ltr'>erupit</span> <span class='ocrx_word' id='word_1_264' title='bbox 1500 1962 1566 2015; x_wconf 88' lang='lat' dir='ltr'>ad</span> <span class='ocrx_word' id='word_1_265' title='bbox 1605 1960 1862 2031; x_wconf 89' lang='lat' dir='ltr'>gentium</span> <span class='ocrx_word' id='word_1_266' title='bbox 1896 1959 2119 2013; x_wconf 86' lang='lat' dir='ltr'>vanita-</span> 
     </span>
    </p>
   </div>
   <div class='ocr_carea' id='block_1_38' title="bbox 479 2047 2121 2124">
    <p class='ocr_par' dir='ltr' id='par_1_38' title="bbox 479 2047 2121 2124">
     <span class='ocr_line' id='line_1_38' title="bbox 479 2047 2121 2124; baseline -0.007 -12"><span class='ocrx_word' id='word_1_267' title='bbox 479 2063 619 2112; x_wconf 88' lang='lat' dir='ltr'>tem.</span> <span class='ocrx_word' id='word_1_268' title='bbox 679 2054 990 2124; x_wconf 81' lang='lat' dir='ltr'>Respondit</span> <span class='ocrx_word' id='word_1_269' title='bbox 1047 2053 1239 2121; x_wconf 90' lang='lat' dir='ltr'>itaque</span> <span class='ocrx_word' id='word_1_270' title='bbox 1316 2048 1598 2120; x_wconf 81' lang='lat' dir='ltr'>martyri:</span> <span class='ocrx_word' id='word_1_271' title='bbox 1651 2047 1932 2113; x_wconf 84' lang='lat' dir='ltr'>Quoniam</span> <span class='ocrx_word' id='word_1_272' title='bbox 1991 2063 2121 2102; x_wconf 89' lang='lat' dir='ltr'>mea</span> 
     </span>
    </p>
   </div>
   <div class='ocr_carea' id='block_1_39' title="bbox 478 2137 2121 2210">
    <p class='ocr_par' dir='ltr' id='par_1_39' title="bbox 478 2137 2121 2210">
     <span class='ocr_line' id='line_1_39' title="bbox 478 2137 2121 2210; baseline -0.005 -12"><span class='ocrx_word' id='word_1_273' title='bbox 478 2144 652 2200; x_wconf 88' lang='lat' dir='ltr'>verba</span> <span class='ocrx_word' id='word_1_274' title='bbox 697 2139 1125 2210; x_wconf 85' lang='lat' dir='ltr'>contempsisti,</span> <span class='ocrx_word' id='word_1_275' title='bbox 1158 2155 1189 2193; x_wconf 95' lang='lat' dir='ltr'>o</span> <span class='ocrx_word' id='word_1_276' title='bbox 1222 2137 1568 2192; x_wconf 89' lang='lat' dir='ltr'>sceleratum</span> <span class='ocrx_word' id='word_1_277' title='bbox 1623 2141 1814 2205; x_wconf 87' lang='lat' dir='ltr'>caput,</span> <span class='ocrx_word' id='word_1_278' title='bbox 1850 2152 2030 2189; x_wconf 91' lang='lat' dir='ltr'>ausus</span> <span class='ocrx_word' id='word_1_279' title='bbox 2062 2150 2121 2189; x_wconf 87' lang='lat' dir='ltr'>es</span> 
     </span>
    </p>
   </div>
   <div class='ocr_carea' id='block_1_40' title="bbox 480 2222 2121 2298">
    <p class='ocr_par' dir='ltr' id='par_1_40' title="bbox 480 2222 2121 2298">
     <span class='ocr_line' id='line_1_40' title="bbox 480 2222 2121 2298; baseline -0.007 -10"><span class='ocrx_word' id='word_1_280' title='bbox 480 2242 669 2288; x_wconf 88' lang='lat' dir='ltr'>autem</span> <span class='ocrx_word' id='word_1_281' title='bbox 730 2229 818 2285; x_wconf 90' lang='lat' dir='ltr'>vel</span> <span class='ocrx_word' id='word_1_282' title='bbox 880 2229 1064 2284; x_wconf 88' lang='lat' dir='ltr'>facere</span> <span class='ocrx_word' id='word_1_283' title='bbox 1116 2226 1461 2298; x_wconf 83' lang='lat' dir='ltr'>perieulum,</span> <span class='ocrx_word' id='word_1_284' title='bbox 1514 2229 1574 2279; x_wconf 91' lang='lat' dir='ltr'>ut</span> <span class='ocrx_word' id='word_1_285' title='bbox 1632 2227 1993 2279; x_wconf 86' lang='lat' dir='ltr'>converterer</span> <span class='ocrx_word' id='word_1_286' title='bbox 2048 2222 2121 2278; x_wconf 88' lang='lat' dir='ltr'>ad</span> 
     </span>
    </p>
   </div>
   <div class='ocr_carea' id='block_1_41' title="bbox 480 2314 2121 2387">
    <p class='ocr_par' dir='ltr' id='par_1_41' title="bbox 480 2314 2121 2387">
     <span class='ocr_line' id='line_1_41' title="bbox 480 2314 2121 2387; baseline -0.004 -11"><span class='ocrx_word' id='word_1_287' title='bbox 480 2322 772 2387; x_wconf 83' lang='lat' dir='ltr'>eumdem,</span> <span class='ocrx_word' id='word_1_288' title='bbox 805 2318 877 2373; x_wconf 91' lang='lat' dir='ltr'>ad</span> <span class='ocrx_word' id='word_1_289' title='bbox 910 2333 1080 2387; x_wconf 89' lang='lat' dir='ltr'>quem</span> <span class='ocrx_word' id='word_1_290' title='bbox 1112 2321 1196 2382; x_wconf 92' lang='lat' dir='ltr'>tu,</span> <span class='ocrx_word' id='word_1_291' title='bbox 1231 2314 1441 2371; x_wconf 91' lang='lat' dir='ltr'>Christi</span> <span class='ocrx_word' id='word_1_292' title='bbox 1477 2314 1723 2380; x_wconf 91' lang='lat' dir='ltr'>cultum,</span> <span class='ocrx_word' id='word_1_293' title='bbox 1757 2328 1862 2384; x_wconf 90' lang='lat' dir='ltr'>ego</span> <span class='ocrx_word' id='word_1_294' title='bbox 1889 2329 2121 2384; x_wconf 92' lang='lat' dir='ltr'>quoque</span> 
     </span>
    </p>
   </div>
   <div class='ocr_carea' id='block_1_42' title="bbox 480 2406 2118 2481">
    <p class='ocr_par' dir='ltr' id='par_1_42' title="bbox 480 2406 2118 2481">
     <span class='ocr_line' id='line_1_42' title="bbox 480 2406 2118 2481; baseline -0.006 -14"><span class='ocrx_word' id='word_1_295' title='bbox 480 2417 536 2467; x_wconf 89' lang='lat' dir='ltr'>te</span> <span class='ocrx_word' id='word_1_296' title='bbox 570 2412 759 2481; x_wconf 82' lang='lat' dir='ltr'>dignis</span> <span class='ocrx_word' id='word_1_297' title='bbox 808 2412 979 2465; x_wconf 87' lang='lat' dir='ltr'>rebus</span> <span class='ocrx_word' id='word_1_298' title='bbox 1023 2409 1281 2463; x_wconf 89' lang='lat' dir='ltr'>vicissim</span> <span class='ocrx_word' id='word_1_299' title='bbox 1327 2406 1755 2463; x_wconf 88' lang='lat' dir='ltr'>remunerabor.</span> <span class='ocrx_word' id='word_1_300' title='bbox 1791 2406 1959 2460; x_wconf 86' lang='lat' dir='ltr'>Jubet</span> <span class='ocrx_word' id='word_1_301' title='bbox 2007 2406 2118 2458; x_wconf 88' lang='lat' dir='ltr'>ita-</span> 
     </span>
    </p>
   </div>
   <div class='ocr_carea' id='block_1_43' title="bbox 481 2491 2120 2571">
    <p class='ocr_par' dir='ltr' id='par_1_43' title="bbox 481 2491 2120 2571">
     <span class='ocr_line' id='line_1_43' title="bbox 481 2491 2120 2571; baseline -0.007 -16"><span class='ocrx_word' id='word_1_302' title='bbox 481 2517 593 2571; x_wconf 89' lang='lat' dir='ltr'>que</span> <span class='ocrx_word' id='word_1_303' title='bbox 622 2498 754 2555; x_wconf 83' lang='lat' dir='ltr'>exui</span> <span class='ocrx_word' id='word_1_304' title='bbox 812 2502 1145 2569; x_wconf 80' lang='lat' dir='ltr'>martyrem,</span> <span class='ocrx_word' id='word_1_305' title='bbox 1179 2501 1236 2551; x_wconf 90' lang='lat' dir='ltr'>et</span> <span class='ocrx_word' id='word_1_306' title='bbox 1284 2493 1512 2550; x_wconf 89' lang='lat' dir='ltr'>subulis</span> <span class='ocrx_word' id='word_1_307' title='bbox 1563 2493 1760 2548; x_wconf 80' lang='lat' dir='ltr'>ferreis</span> <span class='ocrx_word' id='word_1_308' title='bbox 1810 2491 2120 2546; x_wconf 86' lang='lat' dir='ltr'>candenti-</span> 
     </span>
    </p>
   </div>
   <div class='ocr_carea' id='block_1_44' title="bbox 475 2580 2114 2658">
    <p class='ocr_par' dir='ltr' id='par_1_44' title="bbox 475 2580 2114 2658">
     <span class='ocr_line' id='line_1_44' title="bbox 475 2580 2114 2658; baseline -0.007 -12"><span class='ocrx_word' id='word_1_309' title='bbox 475 2591 587 2646; x_wconf 89' lang='lat' dir='ltr'>bus</span> <span class='ocrx_word' id='word_1_310' title='bbox 617 2591 743 2658; x_wconf 85' lang='lat' dir='ltr'>ejus</span> <span class='ocrx_word' id='word_1_311' title='bbox 775 2588 955 2642; x_wconf 88' lang='lat' dir='ltr'>latera</span> <span class='ocrx_word' id='word_1_312' title='bbox 1002 2584 1235 2654; x_wconf 86' lang='lat' dir='ltr'>configi,</span> <span class='ocrx_word' id='word_1_313' title='bbox 1268 2588 1325 2639; x_wconf 89' lang='lat' dir='ltr'>et</span> <span class='ocrx_word' id='word_1_314' title='bbox 1375 2582 1560 2637; x_wconf 88' lang='lat' dir='ltr'>acutis</span> <span class='ocrx_word' id='word_1_315' title='bbox 1608 2580 1836 2634; x_wconf 87' lang='lat' dir='ltr'>tribulis</span> <span class='ocrx_word' id='word_1_316' title='bbox 1876 2582 2114 2634; x_wconf 88' lang='lat' dir='ltr'>dorsum</span> 
     </span>
    </p>
   </div>
   <div class='ocr_carea' id='block_1_45' title="bbox 479 2667 2113 2748">
    <p class='ocr_par' dir='ltr' id='par_1_45' title="bbox 479 2667 2113 2748">
     <span class='ocr_line' id='line_1_45' title="bbox 479 2667 2113 2748; baseline -0.006 -14"><span class='ocrx_word' id='word_1_317' title='bbox 479 2680 607 2748; x_wconf 88' lang='lat' dir='ltr'>ejus</span> <span class='ocrx_word' id='word_1_318' title='bbox 649 2677 851 2747; x_wconf 89' lang='lat' dir='ltr'>pungi,</span> <span class='ocrx_word' id='word_1_319' title='bbox 886 2679 942 2730; x_wconf 90' lang='lat' dir='ltr'>et</span> <span class='ocrx_word' id='word_1_320' title='bbox 988 2672 1300 2741; x_wconf 86' lang='lat' dir='ltr'>disrumpi,</span> <span class='ocrx_word' id='word_1_321' title='bbox 1342 2671 1482 2725; x_wconf 89' lang='lat' dir='ltr'>dum</span> <span class='ocrx_word' id='word_1_322' title='bbox 1528 2669 1775 2740; x_wconf 89' lang='lat' dir='ltr'>supinus</span> <span class='ocrx_word' id='word_1_323' title='bbox 1841 2667 2113 2724; x_wconf 85' lang='lat' dir='ltr'>trahitur.</span> 
     </span>
    </p>
   </div>
   <div class='ocr_carea' id='block_1_46' title="bbox 482 2757 2116 2836">
    <p class='ocr_par' dir='ltr' id='par_1_46' title="bbox 482 2757 2116 2836">
     <span class='ocr_line' id='line_1_46' title="bbox 482 2757 2116 2836; baseline -0.007 -15"><span class='ocrx_word' id='word_1_324' title='bbox 482 2767 583 2822; x_wconf 85' lang='lat' dir='ltr'>His</span> <span class='ocrx_word' id='word_1_325' title='bbox 614 2770 809 2821; x_wconf 89' lang='lat' dir='ltr'>autem</span> <span class='ocrx_word' id='word_1_326' title='bbox 842 2761 1275 2836; x_wconf 83' lang='lat' dir='ltr'>quamprimum</span> <span class='ocrx_word' id='word_1_327' title='bbox 1304 2759 1502 2826; x_wconf 90' lang='lat' dir='ltr'>illatis,</span> <span class='ocrx_word' id='word_1_328' title='bbox 1527 2765 1643 2812; x_wconf 88' lang='lat' dir='ltr'>erat</span> <span class='ocrx_word' id='word_1_329' title='bbox 1668 2757 1719 2811; x_wconf 91' lang='lat' dir='ltr'>ei</span> <span class='ocrx_word' id='word_1_330' title='bbox 1751 2757 1975 2825; x_wconf 90' lang='lat' dir='ltr'>eadem,</span> <span class='ocrx_word' id='word_1_331' title='bbox 2008 2757 2116 2811; x_wconf 89' lang='lat' dir='ltr'>sic-</span> 
     </span>
    </p>
   </div>
   <div class='ocr_carea' id='block_1_47' title="bbox 481 2844 2116 2925">
    <p class='ocr_par' dir='ltr' id='par_1_47' title="bbox 481 2844 2116 2925">
     <span class='ocr_line' id='line_1_47' title="bbox 481 2844 2116 2925; baseline -0.006 -17"><span class='ocrx_word' id='word_1_332' title='bbox 481 2859 546 2909; x_wconf 92' lang='lat' dir='ltr'>ut</span> <span class='ocrx_word' id='word_1_333' title='bbox 590 2856 772 2925; x_wconf 87' lang='lat' dir='ltr'>prius,</span> <span class='ocrx_word' id='word_1_334' title='bbox 802 2852 1146 2907; x_wconf 88' lang='lat' dir='ltr'>constantia.</span> <span class='ocrx_word' id='word_1_335' title='bbox 1182 2848 1382 2904; x_wconf 89' lang='lat' dir='ltr'>Multis</span> <span class='ocrx_word' id='word_1_336' title='bbox 1432 2847 1625 2916; x_wconf 85' lang='lat' dir='ltr'>itaque</span> <span class='ocrx_word' id='word_1_337' title='bbox 1667 2844 1826 2901; x_wconf 89' lang='lat' dir='ltr'>horis</span> <span class='ocrx_word' id='word_1_338' title='bbox 1857 2860 1915 2899; x_wconf 86' lang='lat' dir='ltr'>se</span> <span class='ocrx_word' id='word_1_339' title='bbox 1963 2859 2116 2898; x_wconf 92' lang='lat' dir='ltr'>mar-</span> 
     </span>
    </p>
   </div>
   <div class='ocr_carea' id='block_1_48' title="bbox 480 2933 2118 3013">
    <p class='ocr_par' dir='ltr' id='par_1_48' title="bbox 480 2933 2118 3013">
     <span class='ocr_line' id='line_1_48' title="bbox 480 2933 2118 3013; baseline -0.007 -16"><span class='ocrx_word' id='word_1_340' title='bbox 480 2946 601 3013; x_wconf 88' lang='lat' dir='ltr'>tyre</span> <span class='ocrx_word' id='word_1_341' title='bbox 634 2942 851 2996; x_wconf 88' lang='lat' dir='ltr'>fortiter</span> <span class='ocrx_word' id='word_1_342' title='bbox 880 2943 1114 3011; x_wconf 87' lang='lat' dir='ltr'>gerente</span> <span class='ocrx_word' id='word_1_343' title='bbox 1147 2939 1204 2991; x_wconf 91' lang='lat' dir='ltr'>in</span> <span class='ocrx_word' id='word_1_344' title='bbox 1237 2936 1562 3004; x_wconf 88' lang='lat' dir='ltr'>tormentis,</span> <span class='ocrx_word' id='word_1_345' title='bbox 1594 2941 1645 2989; x_wconf 93' lang='lat' dir='ltr'>et</span> <span class='ocrx_word' id='word_1_346' title='bbox 1678 2933 1901 2988; x_wconf 89' lang='lat' dir='ltr'>nullam</span> <span class='ocrx_word' id='word_1_347' title='bbox 1944 2933 2118 2988; x_wconf 85' lang='lat' dir='ltr'>emit-</span> 
     </span>
    </p>
   </div>
   <div class='ocr_carea' id='block_1_49' title="bbox 480 3021 2117 3096">
    <p class='ocr_par' dir='ltr' id='par_1_49' title="bbox 480 3021 2117 3096">
     <span class='ocr_line' id='line_1_49' title="bbox 480 3021 2117 3096; baseline -0.004 -11"><span class='ocrx_word' id='word_1_348' title='bbox 480 3035 639 3085; x_wconf 86' lang='lat' dir='ltr'>tente</span> <span class='ocrx_word' id='word_1_349' title='bbox 671 3044 867 3084; x_wconf 87' lang='lat' dir='ltr'>vocem</span> <span class='ocrx_word' id='word_1_350' title='bbox 921 3031 1018 3081; x_wconf 87' lang='lat' dir='ltr'>aut</span> <span class='ocrx_word' id='word_1_351' title='bbox 1066 3024 1367 3096; x_wconf 88' lang='lat' dir='ltr'>gemitum,</span> <span class='ocrx_word' id='word_1_352' title='bbox 1400 3030 1641 3078; x_wconf 73' lang='lat' dir='ltr'>mmstus</span> <span class='ocrx_word' id='word_1_353' title='bbox 1690 3021 1790 3077; x_wconf 89' lang='lat' dir='ltr'>ille</span> <span class='ocrx_word' id='word_1_354' title='bbox 1819 3027 1875 3078; x_wconf 90' lang='lat' dir='ltr'>et</span> <span class='ocrx_word' id='word_1_355' title='bbox 1912 3023 2117 3094; x_wconf 87' lang='lat' dir='ltr'>tristis,</span> 
     </span>
    </p>
   </div>
   <div class='ocr_carea' id='block_1_50' title="bbox 481 3110 2119 3187">
    <p class='ocr_par' dir='ltr' id='par_1_50' title="bbox 481 3110 2119 3187">
     <span class='ocr_line' id='line_1_50' title="bbox 481 3110 2119 3187; baseline -0.004 -14"><span class='ocrx_word' id='word_1_356' title='bbox 481 3124 762 3187; x_wconf 84' lang='lat' dir='ltr'>tanquam</span> <span class='ocrx_word' id='word_1_357' title='bbox 820 3115 1031 3181; x_wconf 90' lang='lat' dir='ltr'>victus,</span> <span class='ocrx_word' id='word_1_358' title='bbox 1080 3112 1331 3168; x_wconf 83' lang='lat' dir='ltr'>surrexit</span> <span class='ocrx_word' id='word_1_359' title='bbox 1387 3128 1417 3166; x_wconf 91' lang='lat' dir='ltr'>e</span> <span class='ocrx_word' id='word_1_360' title='bbox 1475 3110 1775 3179; x_wconf 86' lang='lat' dir='ltr'>tribunali,</span> <span class='ocrx_word' id='word_1_361' title='bbox 1835 3114 1892 3166; x_wconf 88' lang='lat' dir='ltr'>et</span> <span class='ocrx_word' id='word_1_362' title='bbox 1948 3112 2119 3182; x_wconf 86' lang='lat' dir='ltr'>jubet</span> 
     </span>
    </p>
   </div>
   <div class='ocr_carea' id='block_1_51' title="bbox 485 3200 2118 3276">
    <p class='ocr_par' dir='ltr' id='par_1_51' title="bbox 485 3200 2118 3276">
     <span class='ocr_line' id='line_1_51' title="bbox 485 3200 2118 3276; baseline -0.004 -14"><span class='ocrx_word' id='word_1_363' title='bbox 485 3211 799 3276; x_wconf 88' lang='lat' dir='ltr'>martyrem</span> <span class='ocrx_word' id='word_1_364' title='bbox 852 3220 1057 3259; x_wconf 90' lang='lat' dir='ltr'>rursus</span> <span class='ocrx_word' id='word_1_365' title='bbox 1106 3200 1318 3257; x_wconf 89' lang='lat' dir='ltr'>abduci</span> <span class='ocrx_word' id='word_1_366' title='bbox 1367 3200 1425 3253; x_wconf 92' lang='lat' dir='ltr'>in</span> <span class='ocrx_word' id='word_1_367' title='bbox 1486 3214 1792 3262; x_wconf 84' lang='lat' dir='ltr'>carcerem,</span> <span class='ocrx_word' id='word_1_368' title='bbox 1827 3204 1884 3254; x_wconf 90' lang='lat' dir='ltr'>et</span> <span class='ocrx_word' id='word_1_369' title='bbox 1930 3215 2118 3270; x_wconf 88' lang='lat' dir='ltr'>neque</span> 
     </span>
    </p>
   </div>
   <div class='ocr_carea' id='block_1_52' title="bbox 484 3288 2120 3364">
    <p class='ocr_par' dir='ltr' id='par_1_52' title="bbox 484 3288 2120 3364">
     <span class='ocr_line' id='line_1_52' title="bbox 484 3288 2120 3364; baseline -0.004 -15"><span class='ocrx_word' id='word_1_370' title='bbox 484 3310 690 3364; x_wconf 89' lang='lat' dir='ltr'>panem</span> <span class='ocrx_word' id='word_1_371' title='bbox 723 3309 909 3364; x_wconf 90' lang='lat' dir='ltr'>neque</span> <span class='ocrx_word' id='word_1_372' title='bbox 941 3307 1147 3362; x_wconf 88' lang='lat' dir='ltr'>aquam</span> <span class='ocrx_word' id='word_1_373' title='bbox 1204 3289 1255 3343; x_wconf 90' lang='lat' dir='ltr'>ei</span> <span class='ocrx_word' id='word_1_374' title='bbox 1310 3288 1571 3359; x_wconf 82' lang='lat' dir='ltr'>praeberi,</span> <span class='ocrx_word' id='word_1_375' title='bbox 1605 3303 1710 3342; x_wconf 86' lang='lat' dir='ltr'>nec</span> <span class='ocrx_word' id='word_1_376' title='bbox 1759 3303 2120 3357; x_wconf 66' lang='lat' dir='ltr'>quaecunque</span> 
     </span>
    </p>
   </div>
   <div class='ocr_carea' id='block_1_53' title="bbox 485 3377 2119 3446">
    <p class='ocr_par' dir='ltr' id='par_1_53' title="bbox 485 3377 2119 3446">
     <span class='ocr_line' id='line_1_53' title="bbox 485 3377 2119 3446; baseline -0.005 -7"><span class='ocrx_word' id='word_1_377' title='bbox 485 3384 558 3439; x_wconf 86' lang='lat' dir='ltr'>ad</span> <span class='ocrx_word' id='word_1_378' title='bbox 590 3383 805 3437; x_wconf 90' lang='lat' dir='ltr'>victum</span> <span class='ocrx_word' id='word_1_379' title='bbox 840 3384 1082 3436; x_wconf 84' lang='lat' dir='ltr'>sumunt</span> <span class='ocrx_word' id='word_1_380' title='bbox 1113 3379 1403 3434; x_wconf 90' lang='lat' dir='ltr'>homines.</span> <span class='ocrx_word' id='word_1_381' title='bbox 1440 3379 1567 3446; x_wconf 91' lang='lat' dir='ltr'>Ipse</span> <span class='ocrx_word' id='word_1_382' title='bbox 1599 3384 1790 3430; x_wconf 88' lang='lat' dir='ltr'>autem</span> <span class='ocrx_word' id='word_1_383' title='bbox 1824 3377 2119 3446; x_wconf 86' lang='lat' dir='ltr'>profectus</span> 
     </span>
    </p>
   </div>
   <div class='ocr_carea' id='block_1_54' title="bbox 484 3463 2120 3542">
    <p class='ocr_par' dir='ltr' id='par_1_54' title="bbox 484 3463 2120 3542">
     <span class='ocr_line' id='line_1_54' title="bbox 484 3463 2120 3542; baseline -0.005 -13"><span class='ocrx_word' id='word_1_384' title='bbox 484 3476 573 3529; x_wconf 88' lang='lat' dir='ltr'>est</span> <span class='ocrx_word' id='word_1_385' title='bbox 602 3472 673 3526; x_wconf 88' lang='lat' dir='ltr'>ad</span> <span class='ocrx_word' id='word_1_386' title='bbox 706 3471 1030 3542; x_wconf 89' lang='lat' dir='ltr'>Daphnem,</span> <span class='ocrx_word' id='word_1_387' title='bbox 1062 3470 1161 3540; x_wconf 93' lang='lat' dir='ltr'>qui</span> <span class='ocrx_word' id='word_1_388' title='bbox 1214 3473 1298 3523; x_wconf 90' lang='lat' dir='ltr'>est</span> <span class='ocrx_word' id='word_1_389' title='bbox 1337 3466 1654 3522; x_wconf 84' lang='lat' dir='ltr'>Antiochiae</span> <span class='ocrx_word' id='word_1_390' title='bbox 1703 3463 1866 3522; x_wconf 89' lang='lat' dir='ltr'>locus</span> <span class='ocrx_word' id='word_1_391' title='bbox 1902 3466 2120 3537; x_wconf 86' lang='lat' dir='ltr'>jucun-</span> 
     </span>
    </p>
   </div>
   <div class='ocr_carea' id='block_1_55' title="bbox 485 3562 784 3617">
    <p class='ocr_par' dir='ltr' id='par_1_55' title="bbox 485 3562 784 3617">
     <span class='ocr_line' id='line_1_55' title="bbox 485 3562 784 3617; baseline -0.003 0"><span class='ocrx_word' id='word_1_392' title='bbox 485 3562 784 3617; x_wconf 91' lang='lat' dir='ltr'>dissimus.</span> 
     </span>
    </p>
   </div>
   <div class='ocr_carea' id='block_1_56' title="bbox 553 3827 2120 3898">
    <p class='ocr_par' dir='ltr' id='par_1_56' title="bbox 553 3827 2120 3898">
     <span class='ocr_line' id='line_1_56' title="bbox 553 3827 2120 3898; baseline -0.006 -8"><span class='ocrx_word' id='word_1_393' title='bbox 553 3833 777 3890; x_wconf 84' lang='lat' dir='ltr'>XXXII.</span> <span class='ocrx_word' id='word_1_394' title='bbox 830 3830 991 3884; x_wconf 89' lang='lat' dir='ltr'>Circa</span> <span class='ocrx_word' id='word_1_395' title='bbox 1038 3827 1291 3884; x_wconf 90' lang='lat' dir='ltr'>mediam</span> <span class='ocrx_word' id='word_1_396' title='bbox 1345 3829 1538 3881; x_wconf 86' lang='lat' dir='ltr'>autem</span> <span class='ocrx_word' id='word_1_397' title='bbox 1599 3830 1826 3882; x_wconf 86' lang='lat' dir='ltr'>noctem</span> <span class='ocrx_word' id='word_1_398' title='bbox 1881 3828 2120 3898; x_wconf 87' lang='lat' dir='ltr'>apparet</span> 
     </span>
    </p>
   </div>
   <div class='ocr_carea' id='block_1_57' title="bbox 482 3912 2117 3988">
    <p class='ocr_par' dir='ltr' id='par_1_57' title="bbox 482 3912 2117 3988">
     <span class='ocr_line' id='line_1_57' title="bbox 482 3912 2117 3988; baseline -0.007 -10"><span class='ocrx_word' id='word_1_399' title='bbox 482 3922 749 3979; x_wconf 89' lang='lat' dir='ltr'>Christus</span> <span class='ocrx_word' id='word_1_400' title='bbox 799 3917 1035 3988; x_wconf 86' lang='lat' dir='ltr'>martyri</span> <span class='ocrx_word' id='word_1_401' title='bbox 1079 3916 1266 3973; x_wconf 87' lang='lat' dir='ltr'>oranti</span> <span class='ocrx_word' id='word_1_402' title='bbox 1316 3914 1375 3969; x_wconf 92' lang='lat' dir='ltr'>in</span> <span class='ocrx_word' id='word_1_403' title='bbox 1428 3915 1707 3982; x_wconf 89' lang='lat' dir='ltr'>custodia,</span> <span class='ocrx_word' id='word_1_404' title='bbox 1755 3915 2016 3970; x_wconf 88' lang='lat' dir='ltr'>animum</span> <span class='ocrx_word' id='word_1_405' title='bbox 2066 3912 2117 3968; x_wconf 89' lang='lat' dir='ltr'>ei</span> 
     </span>
    </p>
   </div>
   <div class='ocr_carea' id='block_1_58' title="bbox 481 4002 2113 4078">
    <p class='ocr_par' dir='ltr' id='par_1_58' title="bbox 481 4002 2113 4078">
     <span class='ocr_line' id='line_1_58' title="bbox 481 4002 2113 4078; baseline -0.006 -12"><span class='ocrx_word' id='word_1_406' title='bbox 481 4012 724 4078; x_wconf 88' lang='lat' dir='ltr'>addens,</span> <span class='ocrx_word' id='word_1_407' title='bbox 758 4014 815 4064; x_wconf 88' lang='lat' dir='ltr'>et</span> <span class='ocrx_word' id='word_1_408' title='bbox 847 4024 908 4063; x_wconf 89' lang='lat' dir='ltr'>se</span> <span class='ocrx_word' id='word_1_409' title='bbox 937 4023 1067 4061; x_wconf 90' lang='lat' dir='ltr'>cum</span> <span class='ocrx_word' id='word_1_410' title='bbox 1099 4021 1164 4061; x_wconf 91' lang='lat' dir='ltr'>eo</span> <span class='ocrx_word' id='word_1_411' title='bbox 1214 4004 1450 4061; x_wconf 90' lang='lat' dir='ltr'>omnino</span> <span class='ocrx_word' id='word_1_412' title='bbox 1500 4002 1764 4059; x_wconf 81' lang='lat' dir='ltr'>futurum</span> <span class='ocrx_word' id='word_1_413' title='bbox 1816 4002 2113 4075; x_wconf 90' lang='lat' dir='ltr'>pollicens,</span> 
     </span>
    </p>
   </div>
   <div class='ocr_carea' id='block_1_59' title="bbox 479 4091 2117 4165">
    <p class='ocr_par' dir='ltr' id='par_1_59' title="bbox 479 4091 2117 4165">
     <span class='ocr_line' id='line_1_59' title="bbox 479 4091 2117 4165; baseline -0.005 -10"><span class='ocrx_word' id='word_1_414' title='bbox 479 4105 535 4155; x_wconf 91' lang='lat' dir='ltr'>et</span> <span class='ocrx_word' id='word_1_415' title='bbox 564 4100 798 4154; x_wconf 87' lang='lat' dir='ltr'>dicens:</span> <span class='ocrx_word' id='word_1_416' title='bbox 834 4095 1130 4160; x_wconf 89' lang='lat' dir='ltr'>Quomodo</span> <span class='ocrx_word' id='word_1_417' title='bbox 1178 4094 1303 4165; x_wconf 89' lang='lat' dir='ltr'>ipse</span> <span class='ocrx_word' id='word_1_418' title='bbox 1351 4109 1444 4148; x_wconf 88' lang='lat' dir='ltr'>me</span> <span class='ocrx_word' id='word_1_419' title='bbox 1492 4093 1792 4148; x_wconf 87' lang='lat' dir='ltr'>confessus</span> <span class='ocrx_word' id='word_1_420' title='bbox 1833 4091 1994 4147; x_wconf 85' lang='lat' dir='ltr'>fuisti</span> <span class='ocrx_word' id='word_1_421' title='bbox 2024 4109 2117 4148; x_wconf 88' lang='lat' dir='ltr'>co-</span> 
     </span>
    </p>
   </div>
   <div class='ocr_carea' id='block_1_60' title="bbox 479 4182 2115 4255">
    <p class='ocr_par' dir='ltr' id='par_1_60' title="bbox 479 4182 2115 4255">
     <span class='ocr_line' id='line_1_60' title="bbox 479 4182 2115 4255; baseline -0.004 -12"><span class='ocrx_word' id='word_1_422' title='bbox 479 4204 601 4243; x_wconf 89' lang='lat' dir='ltr'>ram</span> <span class='ocrx_word' id='word_1_423' title='bbox 626 4186 963 4243; x_wconf 87' lang='lat' dir='ltr'>bominibus</span> <span class='ocrx_word' id='word_1_424' title='bbox 995 4199 1171 4255; x_wconf 88' lang='lat' dir='ltr'>super</span> <span class='ocrx_word' id='word_1_425' title='bbox 1199 4187 1437 4250; x_wconf 86' lang='lat' dir='ltr'>terram,</span> <span class='ocrx_word' id='word_1_426' title='bbox 1457 4198 1560 4253; x_wconf 87' lang='lat' dir='ltr'>ego</span> <span class='ocrx_word' id='word_1_427' title='bbox 1592 4196 1824 4253; x_wconf 90' lang='lat' dir='ltr'>quoque</span> <span class='ocrx_word' id='word_1_428' title='bbox 1856 4187 1911 4238; x_wconf 90' lang='lat' dir='ltr'>te</span> <span class='ocrx_word' id='word_1_429' title='bbox 1941 4182 2115 4237; x_wconf 79' lang='lat' dir='ltr'>confi-</span> 
     </span>
    </p>
   </div>
   <div class='ocr_carea' id='block_1_61' title="bbox 479 4270 2114 4342">
    <p class='ocr_par' dir='ltr' id='par_1_61' title="bbox 479 4270 2114 4342">
     <span class='ocr_line' id='line_1_61' title="bbox 479 4270 2114 4342; baseline -0.002 -12"><span class='ocrx_word' id='word_1_430' title='bbox 479 4276 644 4331; x_wconf 85' lang='lat' dir='ltr'>tebor</span> <span class='ocrx_word' id='word_1_431' title='bbox 686 4292 881 4331; x_wconf 88' lang='lat' dir='ltr'>coram</span> <span class='ocrx_word' id='word_1_432' title='bbox 941 4274 1113 4329; x_wconf 89' lang='lat' dir='ltr'>Patre</span> <span class='ocrx_word' id='word_1_433' title='bbox 1176 4289 1322 4339; x_wconf 92' lang='lat' dir='ltr'>meo,</span> <span class='ocrx_word' id='word_1_434' title='bbox 1357 4272 1456 4342; x_wconf 90' lang='lat' dir='ltr'>qui</span> <span class='ocrx_word' id='word_1_435' title='bbox 1516 4276 1602 4326; x_wconf 80' lang='lat' dir='ltr'>est</span> <span class='ocrx_word' id='word_1_436' title='bbox 1650 4272 1706 4325; x_wconf 91' lang='lat' dir='ltr'>in</span> <span class='ocrx_word' id='word_1_437' title='bbox 1762 4270 1941 4326; x_wconf 78' lang='lat' dir='ltr'>cmlis.</span> <span class='ocrx_word' id='word_1_438' title='bbox 1983 4277 2114 4326; x_wconf 69' lang='lat' dir='ltr'>Haec</span> 
     </span>
    </p>
   </div>
   <div class='ocr_carea' id='block_1_62' title="bbox 478 4351 2115 4433">
    <p class='ocr_par' dir='ltr' id='par_1_62' title="bbox 478 4351 2115 4433">
     <span class='ocr_line' id='line_1_62' title="bbox 478 4351 2115 4433; baseline -0.002 -15"><span class='ocrx_word' id='word_1_439' title='bbox 478 4380 608 4419; x_wconf 91' lang='lat' dir='ltr'>cum</span> <span class='ocrx_word' id='word_1_440' title='bbox 652 4369 867 4433; x_wconf 86' lang='lat' dir='ltr'>martyr</span> <span class='ocrx_word' id='word_1_441' title='bbox 916 4361 1199 4416; x_wconf 81' lang='lat' dir='ltr'>audiisset</span> <span class='ocrx_word' id='word_1_442' title='bbox 1230 4378 1262 4414; x_wconf 90' lang='lat' dir='ltr'>a</span> <span class='ocrx_word' id='word_1_443' title='bbox 1310 4359 1574 4425; x_wconf 89' lang='lat' dir='ltr'>Domino,</span> <span class='ocrx_word' id='word_1_444' title='bbox 1622 4351 1881 4425; x_wconf 79' lang='lat' dir='ltr'>confidit,</span> <span class='ocrx_word' id='word_1_445' title='bbox 1914 4363 1970 4414; x_wconf 87' lang='lat' dir='ltr'>et</span> <span class='ocrx_word' id='word_1_446' title='bbox 1998 4364 2115 4415; x_wconf 88' lang='lat' dir='ltr'>tota</span> 
     </span>
    </p>
   </div>
   <div class='ocr_carea' id='block_1_63' title="bbox 480 4446 2111 4518">
    <p class='ocr_par' dir='ltr' id='par_1_63' title="bbox 480 4446 2111 4518">
     <span class='ocr_line' id='line_1_63' title="bbox 480 4446 2111 4518; baseline -0.004 -12"><span class='ocrx_word' id='word_1_447' title='bbox 480 4456 645 4507; x_wconf 88' lang='lat' dir='ltr'>nocte</span> <span class='ocrx_word' id='word_1_448' title='bbox 694 4454 873 4505; x_wconf 90' lang='lat' dir='ltr'>Deum</span> <span class='ocrx_word' id='word_1_449' title='bbox 922 4448 1290 4517; x_wconf 85' lang='lat' dir='ltr'>gloriﬁcavit,</span> <span class='ocrx_word' id='word_1_450' title='bbox 1325 4451 1379 4501; x_wconf 91' lang='lat' dir='ltr'>et</span> <span class='ocrx_word' id='word_1_451' title='bbox 1409 4449 1458 4501; x_wconf 91' lang='lat' dir='ltr'>ei</span> <span class='ocrx_word' id='word_1_452' title='bbox 1499 4446 1612 4516; x_wconf 90' lang='lat' dir='ltr'>egit</span> <span class='ocrx_word' id='word_1_453' title='bbox 1641 4448 1877 4518; x_wconf 86' lang='lat' dir='ltr'>gratias.</span> <span class='ocrx_word' id='word_1_454' title='bbox 1910 4449 1953 4501; x_wconf 90' lang='lat' dir='ltr'><strong>A</strong></span> <span class='ocrx_word' id='word_1_455' title='bbox 1986 4450 2111 4517; x_wconf 89' lang='lat' dir='ltr'>pla-</span> 
     </span>
    </p>
   </div>
   <div class='ocr_carea' id='block_1_64' title="bbox 476 4534 2109 4612">
    <p class='ocr_par' dir='ltr' id='par_1_64' title="bbox 476 4534 2109 4612">
     <span class='ocr_line' id='line_1_64' title="bbox 476 4534 2109 4612; baseline -0.003 -17"><span class='ocrx_word' id='word_1_456' title='bbox 476 4541 567 4612; x_wconf 89' lang='lat' dir='ltr'>gis</span> <span class='ocrx_word' id='word_1_457' title='bbox 587 4540 741 4594; x_wconf 89' lang='lat' dir='ltr'>enim</span> <span class='ocrx_word' id='word_1_458' title='bbox 775 4538 898 4593; x_wconf 90' lang='lat' dir='ltr'>suis</span> <span class='ocrx_word' id='word_1_459' title='bbox 939 4540 996 4590; x_wconf 89' lang='lat' dir='ltr'>et</span> <span class='ocrx_word' id='word_1_460' title='bbox 1040 4534 1375 4589; x_wconf 89' lang='lat' dir='ltr'>vulneribus</span> <span class='ocrx_word' id='word_1_461' title='bbox 1407 4542 1639 4605; x_wconf 89' lang='lat' dir='ltr'>repente</span> <span class='ocrx_word' id='word_1_462' title='bbox 1672 4535 1776 4591; x_wconf 82' lang='lat' dir='ltr'>fuit</span> <span class='ocrx_word' id='word_1_463' title='bbox 1806 4536 2109 4605; x_wconf 86' lang='lat' dir='ltr'>relaxatus,</span> 
     </span>
    </p>
   </div>
   <div class='ocr_carea' id='block_1_65' title="bbox 477 4623 2111 4694">
    <p class='ocr_par' dir='ltr' id='par_1_65' title="bbox 477 4623 2111 4694">
     <span class='ocr_line' id='line_1_65' title="bbox 477 4623 2111 4694; baseline -0.001 -11"><span class='ocrx_word' id='word_1_464' title='bbox 477 4630 618 4683; x_wconf 87' lang='lat' dir='ltr'>adeo</span> <span class='ocrx_word' id='word_1_465' title='bbox 652 4631 714 4682; x_wconf 88' lang='lat' dir='ltr'>ut</span> <span class='ocrx_word' id='word_1_466' title='bbox 771 4642 842 4681; x_wconf 92' lang='lat' dir='ltr'>ne</span> <span class='ocrx_word' id='word_1_467' title='bbox 871 4623 1074 4679; x_wconf 88' lang='lat' dir='ltr'>vibicis</span> <span class='ocrx_word' id='word_1_468' title='bbox 1106 4623 1340 4693; x_wconf 89' lang='lat' dir='ltr'>quidem</span> <span class='ocrx_word' id='word_1_469' title='bbox 1368 4624 1680 4693; x_wconf 86' lang='lat' dir='ltr'>vestigium</span> <span class='ocrx_word' id='word_1_470' title='bbox 1729 4631 2025 4694; x_wconf 87' lang='lat' dir='ltr'>appareret</span> <span class='ocrx_word' id='word_1_471' title='bbox 2053 4626 2111 4682; x_wconf 88' lang='lat' dir='ltr'>in</span> 
     </span>
    </p>
   </div>
   <div class='ocr_carea' id='block_1_66' title="bbox 476 4711 2110 4787">
    <p class='ocr_par' dir='ltr' id='par_1_66' title="bbox 476 4711 2110 4787">
     <span class='ocr_line' id='line_1_66' title="bbox 476 4711 2110 4787; baseline -0.002 -14"><span class='ocrx_word' id='word_1_472' title='bbox 476 4722 679 4774; x_wconf 87' lang='lat' dir='ltr'>sancto</span> <span class='ocrx_word' id='word_1_473' title='bbox 712 4716 839 4787; x_wconf 89' lang='lat' dir='ltr'>ejus</span> <span class='ocrx_word' id='word_1_474' title='bbox 871 4728 1128 4784; x_wconf 90' lang='lat' dir='ltr'>corpore.</span> <span class='ocrx_word' id='word_1_475' title='bbox 1162 4711 1356 4781; x_wconf 88' lang='lat' dir='ltr'>Spatio</span> <span class='ocrx_word' id='word_1_476' title='bbox 1390 4715 1580 4766; x_wconf 87' lang='lat' dir='ltr'>autem</span> <span class='ocrx_word' id='word_1_477' title='bbox 1613 4713 1947 4782; x_wconf 90' lang='lat' dir='ltr'>quindecim</span> <span class='ocrx_word' id='word_1_478' title='bbox 1986 4714 2110 4771; x_wconf 89' lang='lat' dir='ltr'>die-</span> 
     </span>
    </p>
   </div>
   <div class='ocr_carea' id='block_1_67' title="bbox 474 4799 2110 4869">
    <p class='ocr_par' dir='ltr' id='par_1_67' title="bbox 474 4799 2110 4869">
     <span class='ocr_line' id='line_1_67' title="bbox 474 4799 2110 4869; baseline 0.001 -11"><span class='ocrx_word' id='word_1_479' title='bbox 474 4822 602 4860; x_wconf 91' lang='lat' dir='ltr'>rum</span> <span class='ocrx_word' id='word_1_480' title='bbox 636 4804 854 4859; x_wconf 86' lang='lat' dir='ltr'>mansit</span> <span class='ocrx_word' id='word_1_481' title='bbox 898 4801 1135 4857; x_wconf 87' lang='lat' dir='ltr'>omnino</span> <span class='ocrx_word' id='word_1_482' title='bbox 1187 4799 1418 4869; x_wconf 79' lang='lat' dir='ltr'>iejunus</span> <span class='ocrx_word' id='word_1_483' title='bbox 1469 4799 1524 4854; x_wconf 88' lang='lat' dir='ltr'>in</span> <span class='ocrx_word' id='word_1_484' title='bbox 1570 4816 1820 4868; x_wconf 90' lang='lat' dir='ltr'>carcere,</span> <span class='ocrx_word' id='word_1_485' title='bbox 1856 4802 2110 4860; x_wconf 87' lang='lat' dir='ltr'>nutritus</span> 
     </span>
    </p>
   </div>
   <div class='ocr_carea' id='block_1_68' title="bbox 473 4888 2110 4962">
    <p class='ocr_par' dir='ltr' id='par_1_68' title="bbox 473 4888 2110 4962">
     <span class='ocr_line' id='line_1_68' title="bbox 473 4888 2110 4962; baseline 0 -14"><span class='ocrx_word' id='word_1_486' title='bbox 473 4909 620 4962; x_wconf 87' lang='lat' dir='ltr'>pane</span> <span class='ocrx_word' id='word_1_487' title='bbox 659 4891 1024 4961; x_wconf 86' lang='lat' dir='ltr'>angelorum,</span> <span class='ocrx_word' id='word_1_488' title='bbox 1060 4905 1159 4944; x_wconf 87' lang='lat' dir='ltr'>seu</span> <span class='ocrx_word' id='word_1_489' title='bbox 1208 4888 1397 4959; x_wconf 89' lang='lat' dir='ltr'>gratia</span> <span class='ocrx_word' id='word_1_490' title='bbox 1446 4888 1582 4944; x_wconf 90' lang='lat' dir='ltr'>boni</span> <span class='ocrx_word' id='word_1_491' title='bbox 1629 4890 1896 4958; x_wconf 90' lang='lat' dir='ltr'>Spiritus.</span> <span class='ocrx_word' id='word_1_492' title='bbox 1928 4891 2110 4948; x_wconf 81' lang='lat' dir='ltr'>Julia-</span> 
     </span>
    </p>
   </div>
   <div class='ocr_carea' id='block_1_69' title="bbox 470 4977 2105 5049">
    <p class='ocr_par' dir='ltr' id='par_1_69' title="bbox 470 4977 2105 5049">
     <span class='ocr_line' id='line_1_69' title="bbox 470 4977 2105 5049; baseline 0 -14"><span class='ocrx_word' id='word_1_493' title='bbox 470 4997 582 5035; x_wconf 88' lang='lat' dir='ltr'>nus</span> <span class='ocrx_word' id='word_1_494' title='bbox 613 4996 744 5034; x_wconf 86' lang='lat' dir='ltr'>vero</span> <span class='ocrx_word' id='word_1_495' title='bbox 795 4996 950 5047; x_wconf 90' lang='lat' dir='ltr'>cum,</span> <span class='ocrx_word' id='word_1_496' title='bbox 997 4979 1150 5034; x_wconf 86' lang='lat' dir='ltr'>sicut</span> <span class='ocrx_word' id='word_1_497' title='bbox 1198 4977 1474 5044; x_wconf 85' lang='lat' dir='ltr'>diximus,</span> <span class='ocrx_word' id='word_1_498' title='bbox 1501 4978 1757 5033; x_wconf 88' lang='lat' dir='ltr'>venisset</span> <span class='ocrx_word' id='word_1_499' title='bbox 1792 4980 2105 5049; x_wconf 89' lang='lat' dir='ltr'>Daphnem,</span> 
     </span>
    </p>
   </div>
   <div class='ocr_carea' id='block_1_70' title="bbox 469 5065 2107 5136">
    <p class='ocr_par' dir='ltr' id='par_1_70' title="bbox 469 5065 2107 5136">
     <span class='ocr_line' id='line_1_70' title="bbox 469 5065 2107 5136; baseline 0.002 -14"><span class='ocrx_word' id='word_1_500' title='bbox 469 5066 755 5122; x_wconf 79' lang='lat' dir='ltr'>sacriﬁcia</span> <span class='ocrx_word' id='word_1_501' title='bbox 807 5068 1044 5136; x_wconf 82' lang='lat' dir='ltr'>parabat</span> <span class='ocrx_word' id='word_1_502' title='bbox 1091 5065 1360 5135; x_wconf 88' lang='lat' dir='ltr'>Apollini,</span> <span class='ocrx_word' id='word_1_503' title='bbox 1410 5082 1653 5134; x_wconf 89' lang='lat' dir='ltr'>sperans</span> <span class='ocrx_word' id='word_1_504' title='bbox 1684 5067 1800 5121; x_wconf 81' lang='lat' dir='ltr'>fore</span> <span class='ocrx_word' id='word_1_505' title='bbox 1843 5072 1908 5121; x_wconf 91' lang='lat' dir='ltr'>ut</span> <span class='ocrx_word' id='word_1_506' title='bbox 1940 5070 2010 5124; x_wconf 89' lang='lat' dir='ltr'>ab</span> <span class='ocrx_word' id='word_1_507' title='bbox 2042 5086 2107 5125; x_wconf 92' lang='lat' dir='ltr'>eo</span> 
     </span>
    </p>
   </div>
   <div class='ocr_carea' id='block_1_71' title="bbox 465 5152 2106 5224">
    <p class='ocr_par' dir='ltr' id='par_1_71' title="bbox 465 5152 2106 5224">
     <span class='ocr_line' id='line_1_71' title="bbox 465 5152 2106 5224; baseline 0.003 -16"><span class='ocrx_word' id='word_1_508' title='bbox 465 5155 579 5209; x_wconf 90' lang='lat' dir='ltr'>cito</span> <span class='ocrx_word' id='word_1_509' title='bbox 628 5152 915 5220; x_wconf 86' lang='lat' dir='ltr'>acciperet</span> <span class='ocrx_word' id='word_1_510' title='bbox 952 5169 1248 5223; x_wconf 86' lang='lat' dir='ltr'>responsa.</span> <span class='ocrx_word' id='word_1_511' title='bbox 1283 5153 1525 5224; x_wconf 87' lang='lat' dir='ltr'>Daphne</span> <span class='ocrx_word' id='word_1_512' title='bbox 1556 5160 1644 5210; x_wconf 87' lang='lat' dir='ltr'>est</span> <span class='ocrx_word' id='word_1_513' title='bbox 1704 5155 2106 5214; x_wconf 88' lang='lat' dir='ltr'>suburbanum</span> 
     </span>
    </p>
   </div>
   <div class='ocr_carea' id='block_1_72' title="bbox 462 5238 2105 5312">
    <p class='ocr_par' dir='ltr' id='par_1_72' title="bbox 462 5238 2105 5312">
     <span class='ocr_line' id='line_1_72' title="bbox 462 5238 2105 5312; baseline 0.005 -19"><span class='ocrx_word' id='word_1_514' title='bbox 462 5238 800 5303; x_wconf 85' lang='lat' dir='ltr'>Antiochiae,</span> <span class='ocrx_word' id='word_1_515' title='bbox 852 5244 1028 5295; x_wconf 89' lang='lat' dir='ltr'>situm</span> <span class='ocrx_word' id='word_1_516' title='bbox 1080 5240 1136 5293; x_wconf 91' lang='lat' dir='ltr'>in</span> <span class='ocrx_word' id='word_1_517' title='bbox 1187 5242 1314 5310; x_wconf 82' lang='lat' dir='ltr'>ejus</span> <span class='ocrx_word' id='word_1_518' title='bbox 1373 5241 1510 5297; x_wconf 90' lang='lat' dir='ltr'>locis</span> <span class='ocrx_word' id='word_1_519' title='bbox 1554 5243 1871 5312; x_wconf 89' lang='lat' dir='ltr'>altioribus,</span> <span class='ocrx_word' id='word_1_520' title='bbox 1928 5249 1984 5299; x_wconf 89' lang='lat' dir='ltr'>et</span> <span class='ocrx_word' id='word_1_521' title='bbox 2023 5249 2105 5301; x_wconf 85' lang='lat' dir='ltr'>te-</span> 
     </span>
    </p>
   </div>
   <div class='ocr_carea' id='block_1_73' title="bbox 464 5328 2105 5400">
    <p class='ocr_par' dir='ltr' id='par_1_73' title="bbox 464 5328 2105 5400">
     <span class='ocr_line' id='line_1_73' title="bbox 464 5328 2105 5400; baseline 0.006 -21"><span class='ocrx_word' id='word_1_522' title='bbox 464 5330 627 5380; x_wconf 90' lang='lat' dir='ltr'>ctum</span> <span class='ocrx_word' id='word_1_523' title='bbox 661 5340 831 5379; x_wconf 90' lang='lat' dir='ltr'>omne</span> <span class='ocrx_word' id='word_1_524' title='bbox 862 5345 1044 5398; x_wconf 85' lang='lat' dir='ltr'>genus</span> <span class='ocrx_word' id='word_1_525' title='bbox 1077 5328 1383 5386; x_wconf 90' lang='lat' dir='ltr'>arboribus</span> <span class='ocrx_word' id='word_1_526' title='bbox 1419 5348 1430 5384; x_wconf 93' lang='lat'>:</span> <span class='ocrx_word' id='word_1_527' title='bbox 1464 5348 1578 5400; x_wconf 88' lang='lat' dir='ltr'>quo</span> <span class='ocrx_word' id='word_1_528' title='bbox 1610 5332 1670 5388; x_wconf 92' lang='lat' dir='ltr'>in</span> <span class='ocrx_word' id='word_1_529' title='bbox 1702 5332 1826 5388; x_wconf 87' lang='lat' dir='ltr'>loco</span> <span class='ocrx_word' id='word_1_530' title='bbox 1868 5336 1925 5388; x_wconf 90' lang='lat' dir='ltr'>et</span> <span class='ocrx_word' id='word_1_531' title='bbox 1965 5334 2105 5389; x_wconf 89' lang='lat' dir='ltr'>alia-</span> 
     </span>
    </p>
   </div>
   <div class='ocr_carea' id='block_1_74' title="bbox 463 5408 2104 5489">
    <p class='ocr_par' dir='ltr' id='par_1_74' title="bbox 463 5408 2104 5489">
     <span class='ocr_line' id='line_1_74' title="bbox 463 5408 2104 5489; baseline 0.009 -26"><span class='ocrx_word' id='word_1_532' title='bbox 463 5427 591 5463; x_wconf 90' lang='lat' dir='ltr'>rum</span> <span class='ocrx_word' id='word_1_533' title='bbox 627 5408 900 5469; x_wconf 87' lang='lat' dir='ltr'>arborum</span> <span class='ocrx_word' id='word_1_534' title='bbox 935 5422 990 5470; x_wconf 89' lang='lat' dir='ltr'>et</span> <span class='ocrx_word' id='word_1_535' title='bbox 1021 5418 1341 5484; x_wconf 78' lang='lat' dir='ltr'>praesertim</span> <span class='ocrx_word' id='word_1_536' title='bbox 1391 5436 1817 5489; x_wconf 88' lang='lat' dir='ltr'>cupressorum,</span> <span class='ocrx_word' id='word_1_537' title='bbox 1853 5422 2104 5478; x_wconf 87' lang='lat' dir='ltr'>maxima</span> 
     </span>
    </p>
   </div>
   <div class='ocr_carea' id='block_1_75' title="bbox 459 5490 2102 5587">
    <p class='ocr_par' dir='ltr' id='par_1_75' title="bbox 459 5490 2102 5587">
     <span class='ocr_line' id='line_1_75' title="bbox 459 5490 2102 5587; baseline 0.011 -40"><span class='ocrx_word' id='word_1_538' title='bbox 459 5494 567 5587; x_wconf 80' lang='lat' dir='ltr'>fuit</span> <span class='ocrx_word' id='word_1_539' title='bbox 626 5490 886 5587; x_wconf 68' lang='lat' dir='ltr'>plantata</span> <span class='ocrx_word' id='word_1_540' title='bbox 934 5500 1265 5568; x_wconf 87' lang='lat' dir='ltr'>multitudo,</span> <span class='ocrx_word' id='word_1_541' title='bbox 1312 5505 1762 5579; x_wconf 83' lang='lat' dir='ltr'>pulchritudine,</span> <span class='ocrx_word' id='word_1_542' title='bbox 1798 5509 2102 5566; x_wconf 82' lang='lat' dir='ltr'>altitudine</span> 
     </span>
    </p>
   </div>
   <div class='ocr_carea' id='block_1_76' title="bbox 456 5584 2101 5656">
    <p class='ocr_par' dir='ltr' id='par_1_76' title="bbox 456 5584 2101 5656">
     <span class='ocr_line' id='line_1_76' title="bbox 456 5584 2101 5656; baseline 0.011 -23"><span class='ocrx_word' id='word_1_543' title='bbox 456 5584 514 5633; x_wconf 88' lang='lat' dir='ltr'>et</span> <span class='ocrx_word' id='word_1_544' title='bbox 561 5584 966 5645; x_wconf 69' lang='lat' dir='ltr'>magnitudine</span> <span class='ocrx_word' id='word_1_545' title='bbox 1014 5600 1379 5656; x_wconf 87' lang='lat' dir='ltr'>nequaquam</span> <span class='ocrx_word' id='word_1_546' title='bbox 1432 5592 1750 5650; x_wconf 84' lang='lat' dir='ltr'>imitabilis.</span> <span class='ocrx_word' id='word_1_547' title='bbox 1807 5598 2101 5653; x_wconf 82' lang='lat' dir='ltr'>Labuntur</span> 
     </span>
    </p>
   </div>
   <div class='ocr_carea' id='block_1_77' title="bbox 2149 3169 2199 3236">
    <p class='ocr_par' dir='ltr' id='par_1_77' title="bbox 2149 3169 2199 3236">
     <span class='ocr_line' id='line_1_77' title="bbox 2149 3169 2199 3236; baseline 0 0"><span class='ocrx_word' id='word_1_548' title='bbox 2149 3169 2199 3236; x_wconf 89' lang='lat' dir='ltr'>C</span> 
     </span>
    </p>
   </div>
   <div class='ocr_carea' id='block_1_78' title="bbox 2230 1871 3873 1951">
    <p class='ocr_par' dir='ltr' id='par_1_78' title="bbox 2230 1871 3873 1951">
     <span class='ocr_line' id='line_1_78' title="bbox 2230 1871 3873 1951; baseline 0.002 -26"><span class='ocrx_word' id='word_1_549' title='bbox 2230 1871 2304 1934; x_wconf 71' lang='grc' dir='ltr'>εἷς</span> <span class='ocrx_word' id='word_1_550' title='bbox 2346 1873 2407 1926; x_wconf 87' lang='grc' dir='ltr'>τὸ</span> <span class='ocrx_word' id='word_1_551' title='bbox 2463 1874 2689 1949; x_wconf 77' lang='grc' dir='ltr'>φανερὸν</span> <span class='ocrx_word' id='word_1_552' title='bbox 2740 1871 3250 1951; x_wconf 71' lang='grc' dir='ltr'>ἀπαμφιασάμενος,</span> <span class='ocrx_word' id='word_1_553' title='bbox 3292 1873 3485 1935; x_wconf 83' lang='grc' dir='ltr'>πάσαις</span> <span class='ocrx_word' id='word_1_554' title='bbox 3541 1874 3734 1947; x_wconf 82' lang='grc' dir='ltr'>ἀθρόον</span> <span class='ocrx_word' id='word_1_555' title='bbox 3796 1874 3873 1937; x_wconf 81' lang='grc' dir='ltr'>εἷς</span> 
     </span>
    </p>
   </div>
   <div class='ocr_carea' id='block_1_79' title="bbox 2228 1959 3872 2038">
    <p class='ocr_par' dir='ltr' id='par_1_79' title="bbox 2228 1959 3872 2038">
     <span class='ocr_line' id='line_1_79' title="bbox 2228 1959 3872 2038; baseline 0.002 -24"><span class='ocrx_word' id='word_1_556' title='bbox 2228 1961 2318 2015; x_wconf 91' lang='grc' dir='ltr'>τὸν</span> <span class='ocrx_word' id='word_1_557' title='bbox 2350 1959 2719 2033; x_wconf 84' lang='grc' dir='ltr'>Ἑλληνισμὸν</span> <span class='ocrx_word' id='word_1_558' title='bbox 2750 1959 3004 2035; x_wconf 71' lang='grc' dir='ltr'>ἐξερράγη</span> <span class='ocrx_word' id='word_1_559' title='bbox 3053 1967 3174 2023; x_wconf 87' lang='grc' dir='ltr'>ταῖς</span> <span class='ocrx_word' id='word_1_560' title='bbox 3221 1963 3575 2037; x_wconf 83' lang='grc' dir='ltr'>προθυμίαις.</span> <span class='ocrx_word' id='word_1_561' title='bbox 3608 1963 3872 2038; x_wconf 80' lang='grc' dir='ltr'>’Δπεκρί-</span> 
     </span>
    </p>
   </div>
   <div class='ocr_carea' id='block_1_80' title="bbox 2227 2052 3877 2126">
    <p class='ocr_par' dir='ltr' id='par_1_80' title="bbox 2227 2052 3877 2126">
     <span class='ocr_line' id='line_1_80' title="bbox 2227 2052 3877 2126; baseline 0.002 -21"><span class='ocrx_word' id='word_1_562' title='bbox 2227 2073 2352 2106; x_wconf 86' lang='grc' dir='ltr'>νατο</span> <span class='ocrx_word' id='word_1_563' title='bbox 2390 2055 2681 2126; x_wconf 79' lang='grc' dir='ltr'>τοιγαροῦν</span> <span class='ocrx_word' id='word_1_564' title='bbox 2729 2052 2865 2125; x_wconf 88' lang='grc' dir='ltr'>πρὸς</span> <span class='ocrx_word' id='word_1_565' title='bbox 2895 2052 2989 2106; x_wconf 88' lang='grc' dir='ltr'>τὸν</span> <span class='ocrx_word' id='word_1_566' title='bbox 3025 2053 3290 2126; x_wconf 81' lang='grc' dir='ltr'>μάρτυρα,</span> <span class='ocrx_word' id='word_1_567' title='bbox 3332 2054 3483 2110; x_wconf 85' lang='grc' dir='ltr'>Ἐπεὶ</span> <span class='ocrx_word' id='word_1_568' title='bbox 3521 2052 3648 2114; x_wconf 74' lang='grc' dir='ltr'>τοὺς</span> <span class='ocrx_word' id='word_1_569' title='bbox 3706 2053 3877 2126; x_wconf 73' lang='grc' dir='ltr'>ἐμοὺς</span> 
     </span>
    </p>
   </div>
   <div class='ocr_carea' id='block_1_81' title="bbox 2231 2138 3873 2219">
    <p class='ocr_par' dir='ltr' id='par_1_81' title="bbox 2231 2138 3873 2219">
     <span class='ocr_line' id='line_1_81' title="bbox 2231 2138 3873 2219; baseline 0.002 -24"><span class='ocrx_word' id='word_1_570' title='bbox 2231 2139 2523 2219; x_wconf 68' lang='grc' dir='ltr'>ἐφαύλισας</span> <span class='ocrx_word' id='word_1_571' title='bbox 2556 2138 2776 2215; x_wconf 83' lang='grc' dir='ltr'>λόγους,</span> <span class='ocrx_word' id='word_1_572' title='bbox 2812 2142 2856 2195; x_wconf 83' lang='grc' dir='ltr'><strong>ὧ</strong></span> <span class='ocrx_word' id='word_1_573' title='bbox 2889 2144 3026 2211; x_wconf 78' lang='grc' dir='ltr'>κακὴ</span> <span class='ocrx_word' id='word_1_574' title='bbox 3062 2142 3297 2216; x_wconf 72' lang='grc' dir='ltr'>κεφαλὴ,</span> <span class='ocrx_word' id='word_1_575' title='bbox 3329 2141 3641 2217; x_wconf 75' lang='grc' dir='ltr'>ἐτόλμησας</span> <span class='ocrx_word' id='word_1_576' title='bbox 3688 2141 3745 2198; x_wconf 82' lang='grc' dir='ltr'>δὲ</span> <span class='ocrx_word' id='word_1_577' title='bbox 3782 2145 3873 2199; x_wconf 82' lang='grc' dir='ltr'>καὶ</span> 
     </span>
    </p>
   </div>
   <div class='ocr_carea' id='block_1_82' title="bbox 2229 2230 3873 2308">
    <p class='ocr_par' dir='ltr' id='par_1_82' title="bbox 2229 2230 3873 2308">
     <span class='ocr_line' id='line_1_82' title="bbox 2229 2230 3873 2308; baseline 0.002 -25"><span class='ocrx_word' id='word_1_578' title='bbox 2229 2232 2447 2284; x_wconf 77' lang='grc' dir='ltr'>καθετνα</span> <span class='ocrx_word' id='word_1_579' title='bbox 2504 2235 2715 2303; x_wconf 85' lang='grc' dir='ltr'>πεῖραν,</span> <span class='ocrx_word' id='word_1_580' title='bbox 2760 2230 2896 2284; x_wconf 82' lang='grc' dir='ltr'>ὥστε</span> <span class='ocrx_word' id='word_1_581' title='bbox 2952 2231 3093 2298; x_wconf 83' lang='grc' dir='ltr'>πρὸς</span> <span class='ocrx_word' id='word_1_582' title='bbox 3141 2232 3204 2285; x_wconf 88' lang='grc' dir='ltr'>τὸ</span> <span class='ocrx_word' id='word_1_583' title='bbox 3250 2230 3409 2286; x_wconf 82' lang='grc' dir='ltr'>αὐτόν</span> <span class='ocrx_word' id='word_1_584' title='bbox 3441 2252 3525 2286; x_wconf 87' lang='grc' dir='ltr'>σοι</span> <span class='ocrx_word' id='word_1_585' title='bbox 3592 2236 3689 2287; x_wconf 84' lang='grc' dir='ltr'>τοῦ</span> <span class='ocrx_word' id='word_1_586' title='bbox 3740 2236 3873 2308; x_wconf 87' lang='grc' dir='ltr'>Χρι-</span> 
     </span>
    </p>
   </div>
   <div class='ocr_carea' id='block_1_83' title="bbox 2233 2313 3871 2398">
    <p class='ocr_par' dir='ltr' id='par_1_83' title="bbox 2233 2313 3871 2398">
     <span class='ocr_line' id='line_1_83' title="bbox 2233 2313 3871 2398; baseline 0.004 -27"><span class='ocrx_word' id='word_1_587' title='bbox 2233 2322 2552 2390; x_wconf 87' lang='grc' dir='ltr'>στιανισμοῦ</span> <span class='ocrx_word' id='word_1_588' title='bbox 2647 2313 2804 2378; x_wconf 71' lang='grc' dir='ltr'>σέϐας</span> <span class='ocrx_word' id='word_1_589' title='bbox 2893 2314 3241 2390; x_wconf 76' lang='grc' dir='ltr'>μεταϐαλεῖν,</span> <span class='ocrx_word' id='word_1_590' title='bbox 3300 2318 3871 2398; x_wconf 72' lang='grc' dir='ltr'>ἆντιφιλοτιμήσομαί</span> 
     </span>
    </p>
   </div>
   <div class='ocr_carea' id='block_1_84' title="bbox 2230 2405 3873 2479">
    <p class='ocr_par' dir='ltr' id='par_1_84' title="bbox 2230 2405 3873 2479">
     <span class='ocr_line' id='line_1_84' title="bbox 2230 2405 3873 2479; baseline 0.004 -20"><span class='ocrx_word' id='word_1_591' title='bbox 2230 2426 2313 2459; x_wconf 89' lang='grc' dir='ltr'>σοι</span> <span class='ocrx_word' id='word_1_592' title='bbox 2370 2406 2522 2477; x_wconf 68' lang='grc' dir='ltr'>κάγὼ</span> <span class='ocrx_word' id='word_1_593' title='bbox 2578 2410 2694 2466; x_wconf 87' lang='grc' dir='ltr'>τοῖς</span> <span class='ocrx_word' id='word_1_594' title='bbox 2752 2405 2921 2474; x_wconf 81' lang='grc' dir='ltr'>ἀξίοις</span> <span class='ocrx_word' id='word_1_595' title='bbox 2976 2408 3205 2479; x_wconf 82' lang='grc' dir='ltr'>ῥήμασι.</span> <span class='ocrx_word' id='word_1_596' title='bbox 3240 2406 3462 2463; x_wconf 81' lang='grc' dir='ltr'>Κελεύει</span> <span class='ocrx_word' id='word_1_597' title='bbox 3517 2408 3697 2463; x_wconf 85' lang='grc' dir='ltr'>τοίνυν</span> <span class='ocrx_word' id='word_1_598' title='bbox 3726 2410 3873 2466; x_wconf 84' lang='grc' dir='ltr'>ἀπο-</span> 
     </span>
    </p>
   </div>
   <div class='ocr_carea' id='block_1_85' title="bbox 2224 2492 3869 2573">
    <p class='ocr_par' dir='ltr' id='par_1_85' title="bbox 2224 2492 3869 2573">
     <span class='ocr_line' id='line_1_85' title="bbox 2224 2492 3869 2573; baseline 0.007 -28"><span class='ocrx_word' id='word_1_599' title='bbox 2224 2495 2551 2566; x_wconf 79' lang='grc' dir='ltr'>γυμνοῦσθαι</span> <span class='ocrx_word' id='word_1_600' title='bbox 2600 2495 2690 2547; x_wconf 89' lang='grc' dir='ltr'>τὸν</span> <span class='ocrx_word' id='word_1_601' title='bbox 2742 2494 2991 2567; x_wconf 86' lang='grc' dir='ltr'>μάρτυρα</span> <span class='ocrx_word' id='word_1_602' title='bbox 3028 2496 3117 2549; x_wconf 75' lang='grc' dir='ltr'>καὶ</span> <span class='ocrx_word' id='word_1_603' title='bbox 3169 2492 3432 2559; x_wconf 77' lang='grc' dir='ltr'>σούϐλαις</span> <span class='ocrx_word' id='word_1_604' title='bbox 3464 2495 3714 2573; x_wconf 83' lang='grc' dir='ltr'>σιδηραῖς</span> <span class='ocrx_word' id='word_1_605' title='bbox 3772 2521 3869 2556; x_wconf 88' lang='grc' dir='ltr'>πε-</span> 
     </span>
    </p>
   </div>
   <div class='ocr_carea' id='block_1_86' title="bbox 2225 2580 3866 2662">
    <p class='ocr_par' dir='ltr' id='par_1_86' title="bbox 2225 2580 3866 2662">
     <span class='ocr_line' id='line_1_86' title="bbox 2225 2580 3866 2662; baseline 0.007 -29"><span class='ocrx_word' id='word_1_606' title='bbox 2225 2580 2669 2654; x_wconf 85' lang='grc' dir='ltr'>πυρακτωμέναις</span> <span class='ocrx_word' id='word_1_607' title='bbox 2730 2581 2824 2641; x_wconf 68' lang='grc' dir='ltr'>τὰς</span> <span class='ocrx_word' id='word_1_608' title='bbox 2899 2580 3137 2661; x_wconf 76' lang='grc' dir='ltr'>πλευράς</span> <span class='ocrx_word' id='word_1_609' title='bbox 3203 2585 3371 2639; x_wconf 81' lang='grc' dir='ltr'>αὐτοῦ</span> <span class='ocrx_word' id='word_1_610' title='bbox 3430 2583 3866 2662; x_wconf 78' lang='grc' dir='ltr'>διαπερονᾶσθαι,</span> 
     </span>
    </p>
   </div>
   <div class='ocr_carea' id='block_1_87' title="bbox 2223 2663 3865 2744">
    <p class='ocr_par' dir='ltr' id='par_1_87' title="bbox 2223 2663 3865 2744">
     <span class='ocr_line' id='line_1_87' title="bbox 2223 2663 3865 2744; baseline 0.007 -24"><span class='ocrx_word' id='word_1_611' title='bbox 2223 2667 2313 2721; x_wconf 84' lang='grc' dir='ltr'>καὶ</span> <span class='ocrx_word' id='word_1_612' title='bbox 2342 2668 2431 2721; x_wconf 86' lang='grc' dir='ltr'>τὸν</span> <span class='ocrx_word' id='word_1_613' title='bbox 2480 2672 2652 2721; x_wconf 84' lang='grc' dir='ltr'>νῶτον</span> <span class='ocrx_word' id='word_1_614' title='bbox 2691 2668 2854 2722; x_wconf 82' lang='grc' dir='ltr'>αὐτοῦ</span> <span class='ocrx_word' id='word_1_615' title='bbox 2911 2663 3194 2744; x_wconf 76' lang='grc' dir='ltr'>τριϐόλοις</span> <span class='ocrx_word' id='word_1_616' title='bbox 3245 2668 3387 2739; x_wconf 77' lang='grc' dir='ltr'>ὀξέσι</span> <span class='ocrx_word' id='word_1_617' title='bbox 3446 2677 3865 2731; x_wconf 81' lang='grc' dir='ltr'>κατακεντᾶσθαι</span> 
     </span>
    </p>
   </div>
   <div class='ocr_carea' id='block_1_88' title="bbox 2223 2753 3864 2838">
    <p class='ocr_par' dir='ltr' id='par_1_88' title="bbox 2223 2753 3864 2838">
     <span class='ocr_line' id='line_1_88' title="bbox 2223 2753 3864 2838; baseline 0.006 -28"><span class='ocrx_word' id='word_1_618' title='bbox 2223 2755 2313 2810; x_wconf 85' lang='grc' dir='ltr'>καὶ</span> <span class='ocrx_word' id='word_1_619' title='bbox 2350 2753 2773 2830; x_wconf 70' lang='grc' dir='ltr'>διαῤῥήγνυσθαι</span> <span class='ocrx_word' id='word_1_620' title='bbox 2815 2757 3113 2832; x_wconf 75' lang='grc' dir='ltr'>συρόμενον</span> <span class='ocrx_word' id='word_1_621' title='bbox 3144 2756 3355 2816; x_wconf 77' lang='grc' dir='ltr'>ὕπτιον.</span> <span class='ocrx_word' id='word_1_622' title='bbox 3390 2761 3616 2819; x_wconf 90' lang='grc' dir='ltr'>Τούτων</span> <span class='ocrx_word' id='word_1_623' title='bbox 3649 2761 3701 2818; x_wconf 73' lang='grc' dir='ltr'>δὲ</span> <span class='ocrx_word' id='word_1_624' title='bbox 3728 2765 3864 2838; x_wconf 79' lang='grc' dir='ltr'>πρὸς</span> 
     </span>
    </p>
   </div>
   <div class='ocr_carea' id='block_1_89' title="bbox 2226 2843 3869 2930">
    <p class='ocr_par' dir='ltr' id='par_1_89' title="bbox 2226 2843 3869 2930">
     <span class='ocr_line' id='line_1_89' title="bbox 2226 2843 3869 2930; baseline 0.006 -31"><span class='ocrx_word' id='word_1_625' title='bbox 2226 2844 2403 2918; x_wconf 87' lang='grc' dir='ltr'>τάχος</span> <span class='ocrx_word' id='word_1_626' title='bbox 2463 2843 2860 2918; x_wconf 64' lang='grc' dir='ltr'>ἐπενεχθέντων</span> <span class='ocrx_word' id='word_1_627' title='bbox 2919 2849 2999 2917; x_wconf 79' lang='grc' dir='ltr'>τῷ</span> <span class='ocrx_word' id='word_1_628' title='bbox 3059 2847 3384 2922; x_wconf 79' lang='grc' dir='ltr'>μάρτυρι,ὴ</span> <span class='ocrx_word' id='word_1_629' title='bbox 3446 2852 3582 2922; x_wconf 77' lang='grc' dir='ltr'>αύτὴ</span> <span class='ocrx_word' id='word_1_630' title='bbox 3612 2853 3869 2930; x_wconf 80' lang='grc' dir='ltr'>καρτερία</span> 
     </span>
    </p>
   </div>
   <div class='ocr_carea' id='block_1_90' title="bbox 2226 2932 3871 3013">
    <p class='ocr_par' dir='ltr' id='par_1_90' title="bbox 2226 2932 3871 3013">
     <span class='ocr_line' id='line_1_90' title="bbox 2226 2932 3871 3013; baseline 0.008 -27"><span class='ocrx_word' id='word_1_631' title='bbox 2226 2934 2292 3001; x_wconf 85' lang='grc' dir='ltr'>ἧν</span> <span class='ocrx_word' id='word_1_632' title='bbox 2326 2932 2491 3005; x_wconf 74' lang='grc' dir='ltr'>αὐτῷ,</span> <span class='ocrx_word' id='word_1_633' title='bbox 2523 2935 2761 3008; x_wconf 88' lang='grc' dir='ltr'>καθάπερ</span> <span class='ocrx_word' id='word_1_634' title='bbox 2795 2932 2861 3002; x_wconf 78' lang='grc' dir='ltr'>δὴ</span> <span class='ocrx_word' id='word_1_635' title='bbox 2918 2935 3007 2989; x_wconf 88' lang='grc' dir='ltr'>καὶ</span> <span class='ocrx_word' id='word_1_636' title='bbox 3054 2937 3117 2990; x_wconf 88' lang='grc' dir='ltr'>τὸ</span> <span class='ocrx_word' id='word_1_637' title='bbox 3161 2937 3444 3013; x_wconf 81' lang='grc' dir='ltr'>πρότερον.</span> <span class='ocrx_word' id='word_1_638' title='bbox 3480 2942 3602 2995; x_wconf 83' lang='grc' dir='ltr'>Ἐπὶ</span> <span class='ocrx_word' id='word_1_639' title='bbox 3631 2941 3871 3008; x_wconf 85' lang='grc' dir='ltr'>πολλαῖς</span> 
     </span>
    </p>
   </div>
   <div class='ocr_carea' id='block_1_91' title="bbox 2230 3019 3868 3106">
    <p class='ocr_par' dir='ltr' id='par_1_91' title="bbox 2230 3019 3868 3106">
     <span class='ocr_line' id='line_1_91' title="bbox 2230 3019 3868 3106; baseline 0.006 -29"><span class='ocrx_word' id='word_1_640' title='bbox 2230 3020 2318 3077; x_wconf 79' lang='grc' dir='ltr'>οὖν</span> <span class='ocrx_word' id='word_1_641' title='bbox 2350 3027 2470 3084; x_wconf 90' lang='grc' dir='ltr'>ταῖς</span> <span class='ocrx_word' id='word_1_642' title='bbox 2501 3019 2669 3096; x_wconf 83' lang='grc' dir='ltr'>ὥραις</span> <span class='ocrx_word' id='word_1_643' title='bbox 2716 3028 2834 3085; x_wconf 87' lang='grc' dir='ltr'>ταῖς</span> <span class='ocrx_word' id='word_1_644' title='bbox 2893 3023 3144 3098; x_wconf 83' lang='grc' dir='ltr'>βασάνοις</span> <span class='ocrx_word' id='word_1_645' title='bbox 3206 3025 3425 3089; x_wconf 87' lang='grc' dir='ltr'>ταύταις</span> <span class='ocrx_word' id='word_1_646' title='bbox 3482 3028 3868 3106; x_wconf 82' lang='grc' dir='ltr'>ἐγκαρτεροῦνο</span> 
     </span>
    </p>
   </div>
   <div class='ocr_carea' id='block_1_92' title="bbox 2226 3110 3873 3196">
    <p class='ocr_par' dir='ltr' id='par_1_92' title="bbox 2226 3110 3873 3196">
     <span class='ocr_line' id='line_1_92' title="bbox 2226 3110 3873 3196; baseline 0.007 -31"><span class='ocrx_word' id='word_1_647' title='bbox 2226 3132 2320 3174; x_wconf 90' lang='grc' dir='ltr'>τος</span> <span class='ocrx_word' id='word_1_648' title='bbox 2349 3116 2445 3165; x_wconf 90' lang='grc' dir='ltr'>τοῦ</span> <span class='ocrx_word' id='word_1_649' title='bbox 2479 3112 2772 3186; x_wconf 84' lang='grc' dir='ltr'>μάρτυρος,</span> <span class='ocrx_word' id='word_1_650' title='bbox 2805 3111 2894 3167; x_wconf 83' lang='grc' dir='ltr'>καὶ</span> <span class='ocrx_word' id='word_1_651' title='bbox 2948 3110 3091 3185; x_wconf 74' lang='grc' dir='ltr'>μηδὲ</span> <span class='ocrx_word' id='word_1_652' title='bbox 3151 3115 3277 3187; x_wconf 90' lang='grc' dir='ltr'>μίαν</span> <span class='ocrx_word' id='word_1_653' title='bbox 3337 3119 3520 3191; x_wconf 70' lang='grc' dir='ltr'>φωνην</span> <span class='ocrx_word' id='word_1_654' title='bbox 3568 3119 3603 3188; x_wconf 70' lang='grc' dir='ltr'><strong>ἢ</strong></span> <span class='ocrx_word' id='word_1_655' title='bbox 3656 3141 3873 3196; x_wconf 82' lang='grc' dir='ltr'>στεναγ-</span> 
     </span>
    </p>
   </div>
   <div class='ocr_carea' id='block_1_93' title="bbox 2232 3198 3869 3283">
    <p class='ocr_par' dir='ltr' id='par_1_93' title="bbox 2232 3198 3869 3283">
     <span class='ocr_line' id='line_1_93' title="bbox 2232 3198 3869 3283; baseline 0.007 -29"><span class='ocrx_word' id='word_1_656' title='bbox 2232 3198 2331 3273; x_wconf 86' lang='grc' dir='ltr'>μὸν</span> <span class='ocrx_word' id='word_1_657' title='bbox 2427 3199 2695 3275; x_wconf 76' lang='grc' dir='ltr'>ἀφιέντος,</span> <span class='ocrx_word' id='word_1_658' title='bbox 2763 3203 3013 3279; x_wconf 76' lang='grc' dir='ltr'>κατηφὴς</span> <span class='ocrx_word' id='word_1_659' title='bbox 3102 3202 3307 3267; x_wconf 81' lang='grc' dir='ltr'>ἐκεῖνος</span> <span class='ocrx_word' id='word_1_660' title='bbox 3386 3206 3476 3261; x_wconf 79' lang='grc' dir='ltr'>καὶ</span> <span class='ocrx_word' id='word_1_661' title='bbox 3546 3211 3869 3283; x_wconf 84' lang='grc' dir='ltr'>σκυθρωπὸς</span> 
     </span>
    </p>
   </div>
   <div class='ocr_carea' id='block_1_94' title="bbox 2229 3287 3871 3365">
    <p class='ocr_par' dir='ltr' id='par_1_94' title="bbox 2229 3287 3871 3365">
     <span class='ocr_line' id='line_1_94' title="bbox 2229 3287 3871 3365; baseline 0.007 -23"><span class='ocrx_word' id='word_1_662' title='bbox 2229 3287 2407 3361; x_wconf 84' lang='grc' dir='ltr'>ὥσπερ</span> <span class='ocrx_word' id='word_1_663' title='bbox 2450 3291 2787 3362; x_wconf 82' lang='grc' dir='ltr'>ἡττώμενος,</span> <span class='ocrx_word' id='word_1_664' title='bbox 2822 3288 3074 3362; x_wconf 79' lang='grc' dir='ltr'>ἐξηνέστη</span> <span class='ocrx_word' id='word_1_665' title='bbox 3107 3297 3201 3347; x_wconf 88' lang='grc' dir='ltr'>τοῦ</span> <span class='ocrx_word' id='word_1_666' title='bbox 3230 3294 3497 3365; x_wconf 76' lang='grc' dir='ltr'>βήματος,</span> <span class='ocrx_word' id='word_1_667' title='bbox 3533 3296 3623 3350; x_wconf 85' lang='grc' dir='ltr'>καὶ</span> <span class='ocrx_word' id='word_1_668' title='bbox 3653 3298 3871 3354; x_wconf 87' lang='grc' dir='ltr'>κελεύει</span> 
     </span>
    </p>
   </div>
   <div class='ocr_carea' id='block_1_95' title="bbox 2226 3376 3868 3455">
    <p class='ocr_par' dir='ltr' id='par_1_95' title="bbox 2226 3376 3868 3455">
     <span class='ocr_line' id='line_1_95' title="bbox 2226 3376 3868 3455; baseline 0.007 -24"><span class='ocrx_word' id='word_1_669' title='bbox 2226 3378 2320 3431; x_wconf 87' lang='grc' dir='ltr'>τὸν</span> <span class='ocrx_word' id='word_1_670' title='bbox 2364 3378 2610 3450; x_wconf 80' lang='grc' dir='ltr'>μάρτυρα</span> <span class='ocrx_word' id='word_1_671' title='bbox 2645 3376 2931 3433; x_wconf 84' lang='grc' dir='ltr'>πάλινέπί</span> <span class='ocrx_word' id='word_1_672' title='bbox 2979 3382 3078 3450; x_wconf 75' lang='grc' dir='ltr'>τήν</span> <span class='ocrx_word' id='word_1_673' title='bbox 3126 3380 3336 3453; x_wconf 67' lang='grc' dir='ltr'>εἱρκτὴν</span> <span class='ocrx_word' id='word_1_674' title='bbox 3397 3382 3740 3455; x_wconf 75' lang='grc' dir='ltr'>ἀπαχθῆναι,</span> <span class='ocrx_word' id='word_1_675' title='bbox 3773 3387 3868 3442; x_wconf 80' lang='grc' dir='ltr'>καὶ</span> 
     </span>
    </p>
   </div>
   <div class='ocr_carea' id='block_1_96' title="bbox 2232 3464 3869 3545">
    <p class='ocr_par' dir='ltr' id='par_1_96' title="bbox 2232 3464 3869 3545">
     <span class='ocr_line' id='line_1_96' title="bbox 2232 3464 3869 3545; baseline 0.006 -26"><span class='ocrx_word' id='word_1_676' title='bbox 2232 3467 2371 3538; x_wconf 81' lang='grc' dir='ltr'>μήτε</span> <span class='ocrx_word' id='word_1_677' title='bbox 2427 3464 2586 3539; x_wconf 80' lang='grc' dir='ltr'>ἄρτον</span> <span class='ocrx_word' id='word_1_678' title='bbox 2646 3470 2786 3538; x_wconf 68' lang='grc' dir='ltr'>μήτε</span> <span class='ocrx_word' id='word_1_679' title='bbox 2842 3464 2988 3543; x_wconf 79' lang='grc' dir='ltr'>ὕδωρ</span> <span class='ocrx_word' id='word_1_680' title='bbox 3048 3470 3193 3540; x_wconf 83' lang='grc' dir='ltr'>αὐτῷ</span> <span class='ocrx_word' id='word_1_681' title='bbox 3246 3477 3673 3545; x_wconf 81' lang='grc' dir='ltr'>παρασχεθῆναι,</span> <span class='ocrx_word' id='word_1_682' title='bbox 3724 3473 3869 3545; x_wconf 79' lang='grc' dir='ltr'>μηδ’</span> 
     </span>
    </p>
   </div>
   <div class='ocr_carea' id='block_1_97' title="bbox 2230 3553 3861 3633">
    <p class='ocr_par' dir='ltr' id='par_1_97' title="bbox 2230 3553 3861 3633">
     <span class='ocr_line' id='line_1_97' title="bbox 2230 3553 3861 3633; baseline 0.006 -25"><span class='ocrx_word' id='word_1_683' title='bbox 2230 3554 2327 3609; x_wconf 81' lang='grc' dir='ltr'>ὅσα</span> <span class='ocrx_word' id='word_1_684' title='bbox 2365 3556 2500 3628; x_wconf 86' lang='grc' dir='ltr'>πρὸς</span> <span class='ocrx_word' id='word_1_685' title='bbox 2546 3555 2608 3609; x_wconf 89' lang='grc' dir='ltr'>τὸ</span> <span class='ocrx_word' id='word_1_686' title='bbox 2648 3559 2742 3629; x_wconf 78' lang='grc' dir='ltr'>ζῇν</span> <span class='ocrx_word' id='word_1_687' title='bbox 2796 3553 3301 3630; x_wconf 77' lang='grc' dir='ltr'>μεταλαμϐάνουσιν</span> <span class='ocrx_word' id='word_1_688' title='bbox 3350 3555 3636 3633; x_wconf 73' lang='grc' dir='ltr'>ἅνθρωποι.</span> <span class='ocrx_word' id='word_1_689' title='bbox 3675 3562 3861 3626; x_wconf 78' lang='grc' dir='ltr'>Αὐτὸς</span> 
     </span>
    </p>
   </div>
   <div class='ocr_carea' id='block_1_98' title="bbox 2230 3642 3867 3723">
    <p class='ocr_par' dir='ltr' id='par_1_98' title="bbox 2230 3642 3867 3723">
     <span class='ocr_line' id='line_1_98' title="bbox 2230 3642 3867 3723; baseline 0.007 -25"><span class='ocrx_word' id='word_1_690' title='bbox 2230 3642 2287 3698; x_wconf 73' lang='grc' dir='ltr'>δὲ</span> <span class='ocrx_word' id='word_1_691' title='bbox 2341 3642 2427 3697; x_wconf 79' lang='grc' dir='ltr'>ἐπὶ</span> <span class='ocrx_word' id='word_1_692' title='bbox 2482 3645 2583 3714; x_wconf 79' lang='grc' dir='ltr'>τήν</span> <span class='ocrx_word' id='word_1_693' title='bbox 2642 3648 2850 3723; x_wconf 66' lang='grc' dir='ltr'>Δάφνην</span> <span class='ocrx_word' id='word_1_694' title='bbox 2906 3645 3191 3721; x_wconf 80' lang='grc' dir='ltr'>ἐξώρμησε</span> <span class='ocrx_word' id='word_1_695' title='bbox 3245 3650 3342 3714; x_wconf 80' lang='grc' dir='ltr'>τῆς</span> <span class='ocrx_word' id='word_1_696' title='bbox 3399 3649 3737 3723; x_wconf 78' lang='grc' dir='ltr'>’Λντιοχεὶας</span> <span class='ocrx_word' id='word_1_697' title='bbox 3795 3654 3867 3708; x_wconf 83' lang='grc' dir='ltr'>τὸ</span> 
     </span>
    </p>
   </div>
   <div class='ocr_carea' id='block_1_99' title="bbox 2227 3731 2603 3806">
    <p class='ocr_par' dir='ltr' id='par_1_99' title="bbox 2227 3731 2603 3806">
     <span class='ocr_line' id='line_1_99' title="bbox 2227 3731 2603 3806; baseline 0.011 -20"><span class='ocrx_word' id='word_1_698' title='bbox 2227 3731 2603 3806; x_wconf 85' lang='grc' dir='ltr'>χαριέστατον.</span> 
     </span>
    </p>
   </div>
   <div class='ocr_carea' id='block_1_100' title="bbox 2298 3820 3867 3905">
    <p class='ocr_par' dir='ltr' id='par_1_100' title="bbox 2298 3820 3867 3905">
     <span class='ocr_line' id='line_1_100' title="bbox 2298 3820 3867 3905; baseline 0.006 -30"><span class='ocrx_word' id='word_1_699' title='bbox 2298 3825 2420 3877; x_wconf 90' lang='grc' dir='ltr'>ΛΒ’.</span> <span class='ocrx_word' id='word_1_700' title='bbox 2459 3823 2586 3896; x_wconf 83' lang='grc' dir='ltr'>Περὶ</span> <span class='ocrx_word' id='word_1_701' title='bbox 2619 3820 2676 3877; x_wconf 74' lang='grc' dir='ltr'>δὲ</span> <span class='ocrx_word' id='word_1_702' title='bbox 2710 3822 2876 3897; x_wconf 70' lang='grc' dir='ltr'>μερας</span> <span class='ocrx_word' id='word_1_703' title='bbox 2932 3826 3125 3887; x_wconf 83' lang='grc' dir='ltr'>νύκτας</span> <span class='ocrx_word' id='word_1_704' title='bbox 3173 3825 3262 3881; x_wconf 81' lang='grc' dir='ltr'>ἐπὶ</span> <span class='ocrx_word' id='word_1_705' title='bbox 3317 3834 3416 3897; x_wconf 83' lang='grc' dir='ltr'>τῆς</span> <span class='ocrx_word' id='word_1_706' title='bbox 3474 3826 3725 3905; x_wconf 72' lang='grc' dir='ltr'>φυλακῆς</span> <span class='ocrx_word' id='word_1_707' title='bbox 3780 3830 3867 3885; x_wconf 81' lang='grc' dir='ltr'>εύ-</span> 
     </span>
    </p>
   </div>
   <div class='ocr_carea' id='block_1_101' title="bbox 2226 3909 3867 3993">
    <p class='ocr_par' dir='ltr' id='par_1_101' title="bbox 2226 3909 3867 3993">
     <span class='ocr_line' id='line_1_101' title="bbox 2226 3909 3867 3993; baseline 0.008 -33"><span class='ocrx_word' id='word_1_708' title='bbox 2226 3909 2450 3981; x_wconf 77' lang='grc' dir='ltr'>χομὲνῳ</span> <span class='ocrx_word' id='word_1_709' title='bbox 2488 3911 2565 3980; x_wconf 85' lang='grc' dir='ltr'>τῷ</span> <span class='ocrx_word' id='word_1_710' title='bbox 2610 3911 2861 3986; x_wconf 76' lang='grc' dir='ltr'>μάρτυρι,</span> <span class='ocrx_word' id='word_1_711' title='bbox 2913 3914 2941 3967; x_wconf 81' lang='grc' dir='ltr'><strong>ὁ</strong></span> <span class='ocrx_word' id='word_1_712' title='bbox 2992 3915 3233 3988; x_wconf 82' lang='grc' dir='ltr'>Χριστὸς</span> <span class='ocrx_word' id='word_1_713' title='bbox 3282 3915 3635 3992; x_wconf 75' lang='grc' dir='ltr'>ἐπιφαίνεται,</span> <span class='ocrx_word' id='word_1_714' title='bbox 3670 3918 3867 3993; x_wconf 81' lang='grc' dir='ltr'>θάρσος</span> 
     </span>
    </p>
   </div>
   <div class='ocr_carea' id='block_1_102' title="bbox 2223 3995 3868 4080">
    <p class='ocr_par' dir='ltr' id='par_1_102' title="bbox 2223 3995 3868 4080">
     <span class='ocr_line' id='line_1_102' title="bbox 2223 3995 3868 4080; baseline 0.008 -31"><span class='ocrx_word' id='word_1_715' title='bbox 2223 4016 2281 4049; x_wconf 89' lang='grc' dir='ltr'>τε</span> <span class='ocrx_word' id='word_1_716' title='bbox 2320 3995 2545 4060; x_wconf 72' lang='grc' dir='ltr'>ἐντιθεὶς</span> <span class='ocrx_word' id='word_1_717' title='bbox 2592 3999 2681 4053; x_wconf 88' lang='grc' dir='ltr'>καὶ</span> <span class='ocrx_word' id='word_1_718' title='bbox 2736 4006 2965 4056; x_wconf 89' lang='grc' dir='ltr'>συνεῖναι</span> <span class='ocrx_word' id='word_1_719' title='bbox 3035 4003 3184 4075; x_wconf 79' lang='grc' dir='ltr'>αύτῷ</span> <span class='ocrx_word' id='word_1_720' title='bbox 3230 4004 3468 4075; x_wconf 81' lang='grc' dir='ltr'>καθάπαξ</span> <span class='ocrx_word' id='word_1_721' title='bbox 3526 4004 3868 4080; x_wconf 80' lang='grc' dir='ltr'>ἐπαγγελλό-</span> 
     </span>
    </p>
   </div>
   <div class='ocr_carea' id='block_1_103' title="bbox 2229 4088 3860 4168">
    <p class='ocr_par' dir='ltr' id='par_1_103' title="bbox 2229 4088 3860 4168">
     <span class='ocr_line' id='line_1_103' title="bbox 2229 4088 3860 4168; baseline 0.007 -29"><span class='ocrx_word' id='word_1_722' title='bbox 2229 4106 2402 4157; x_wconf 86' lang='grc' dir='ltr'>μενος,</span> <span class='ocrx_word' id='word_1_723' title='bbox 2434 4088 2636 4161; x_wconf 73' lang='grc' dir='ltr'>’Ὠσπερ</span> <span class='ocrx_word' id='word_1_724' title='bbox 2677 4088 2857 4160; x_wconf 78' lang='grc' dir='ltr'>αὐτὸς,</span> <span class='ocrx_word' id='word_1_725' title='bbox 2892 4091 3089 4167; x_wconf 74' lang='grc' dir='ltr'>λέγων,</span> <span class='ocrx_word' id='word_1_726' title='bbox 3122 4091 3491 4168; x_wconf 85' lang='grc' dir='ltr'>ὡμολόγησάς</span> <span class='ocrx_word' id='word_1_727' title='bbox 3523 4115 3589 4167; x_wconf 92' lang='grc' dir='ltr'>με</span> <span class='ocrx_word' id='word_1_728' title='bbox 3626 4092 3860 4152; x_wconf 82' lang='grc' dir='ltr'>ἔνώπιον</span> 
     </span>
    </p>
   </div>
   <div class='ocr_carea' id='block_1_104' title="bbox 2221 4176 3863 4261">
    <p class='ocr_par' dir='ltr' id='par_1_104' title="bbox 2221 4176 3863 4261">
     <span class='ocr_line' id='line_1_104' title="bbox 2221 4176 3863 4261; baseline 0.008 -33"><span class='ocrx_word' id='word_1_729' title='bbox 2221 4180 2328 4229; x_wconf 89' lang='grc' dir='ltr'>τῶν</span> <span class='ocrx_word' id='word_1_730' title='bbox 2370 4176 2665 4251; x_wconf 83' lang='grc' dir='ltr'>ἀνθρώπων</span> <span class='ocrx_word' id='word_1_731' title='bbox 2727 4178 2813 4234; x_wconf 81' lang='grc' dir='ltr'>ἐπὶ</span> <span class='ocrx_word' id='word_1_732' title='bbox 2869 4188 2969 4251; x_wconf 77' lang='grc' dir='ltr'>τῆς</span> <span class='ocrx_word' id='word_1_733' title='bbox 3025 4188 3151 4257; x_wconf 86' lang='grc' dir='ltr'>γῆς,</span> <span class='ocrx_word' id='word_1_734' title='bbox 3212 4182 3550 4261; x_wconf 73' lang='grc' dir='ltr'>ὁμολογήσω</span> <span class='ocrx_word' id='word_1_735' title='bbox 3597 4187 3743 4260; x_wconf 71' lang='grc' dir='ltr'>κᾶγὼ</span> <span class='ocrx_word' id='word_1_736' title='bbox 3802 4189 3863 4242; x_wconf 67' lang='grc' dir='ltr'>σε</span> 
     </span>
    </p>
   </div>
   <div class='ocr_carea' id='block_1_105' title="bbox 2224 4265 3863 4347">
    <p class='ocr_par' dir='ltr' id='par_1_105' title="bbox 2224 4265 3863 4347">
     <span class='ocr_line' id='line_1_105' title="bbox 2224 4265 3863 4347; baseline 0.007 -28"><span class='ocrx_word' id='word_1_737' title='bbox 2224 4265 2449 4319; x_wconf 83' lang='grc' dir='ltr'>ἐνώπιον</span> <span class='ocrx_word' id='word_1_738' title='bbox 2480 4271 2575 4321; x_wconf 83' lang='grc' dir='ltr'>τοῦ</span> <span class='ocrx_word' id='word_1_739' title='bbox 2606 4267 2814 4341; x_wconf 81' lang='grc' dir='ltr'>Ηατρὸς</span> <span class='ocrx_word' id='word_1_740' title='bbox 2848 4290 2949 4340; x_wconf 89' lang='grc' dir='ltr'>μου</span> <span class='ocrx_word' id='word_1_741' title='bbox 2982 4274 3077 4325; x_wconf 84' lang='grc' dir='ltr'>τοῦ</span> <span class='ocrx_word' id='word_1_742' title='bbox 3118 4270 3169 4325; x_wconf 82' lang='grc' dir='ltr'>ἐν</span> <span class='ocrx_word' id='word_1_743' title='bbox 3214 4277 3329 4332; x_wconf 88' lang='grc' dir='ltr'>τοῖς</span> <span class='ocrx_word' id='word_1_744' title='bbox 3374 4272 3644 4347; x_wconf 75' lang='grc' dir='ltr'>οὐρανοῖς.</span> <span class='ocrx_word' id='word_1_745' title='bbox 3676 4276 3863 4331; x_wconf 87' lang='grc' dir='ltr'>Ταῦτα</span> 
     </span>
    </p>
   </div>
   <div class='ocr_carea' id='block_1_106' title="bbox 2222 4354 3861 4439">
    <p class='ocr_par' dir='ltr' id='par_1_106' title="bbox 2222 4354 3861 4439">
     <span class='ocr_line' id='line_1_106' title="bbox 2222 4354 3861 4439; baseline 0.007 -33"><span class='ocrx_word' id='word_1_746' title='bbox 2222 4354 2249 4407; x_wconf 83' lang='grc' dir='ltr'>ὁ</span> <span class='ocrx_word' id='word_1_747' title='bbox 2312 4354 2513 4428; x_wconf 82' lang='grc' dir='ltr'>μάρτυς</span> <span class='ocrx_word' id='word_1_748' title='bbox 2545 4355 2780 4419; x_wconf 83' lang='grc' dir='ltr'>ἀκούσας</span> <span class='ocrx_word' id='word_1_749' title='bbox 2827 4357 2973 4431; x_wconf 80' lang='grc' dir='ltr'>παρᾶ</span> <span class='ocrx_word' id='word_1_750' title='bbox 3020 4359 3244 4434; x_wconf 82' lang='grc' dir='ltr'>Κυρίου,</span> <span class='ocrx_word' id='word_1_751' title='bbox 3278 4359 3563 4434; x_wconf 79' lang='grc' dir='ltr'>ἐθάρσησε,</span> <span class='ocrx_word' id='word_1_752' title='bbox 3594 4363 3681 4417; x_wconf 87' lang='grc' dir='ltr'>καὶ</span> <span class='ocrx_word' id='word_1_753' title='bbox 3730 4365 3861 4439; x_wconf 85' lang='grc' dir='ltr'>παρ’</span> 
     </span>
    </p>
   </div>
   <div class='ocr_carea' id='block_1_107' title="bbox 2221 4439 3860 4527">
    <p class='ocr_par' dir='ltr' id='par_1_107' title="bbox 2221 4439 3860 4527">
     <span class='ocr_line' id='line_1_107' title="bbox 2221 4439 3860 4527; baseline 0.008 -32"><span class='ocrx_word' id='word_1_754' title='bbox 2221 4439 2359 4511; x_wconf 83' lang='grc' dir='ltr'>ὅλην</span> <span class='ocrx_word' id='word_1_755' title='bbox 2390 4442 2552 4498; x_wconf 90' lang='grc' dir='ltr'>νύκτα</span> <span class='ocrx_word' id='word_1_756' title='bbox 2584 4442 2892 4520; x_wconf 82' lang='grc' dir='ltr'>δοξολογῶν</span> <span class='ocrx_word' id='word_1_757' title='bbox 2923 4448 3013 4516; x_wconf 71' lang='grc' dir='ltr'>ἦν,</span> <span class='ocrx_word' id='word_1_758' title='bbox 3045 4450 3135 4502; x_wconf 76' lang='grc' dir='ltr'>καὶ</span> <span class='ocrx_word' id='word_1_759' title='bbox 3167 4450 3399 4527; x_wconf 86' lang='grc' dir='ltr'>χάριτας</span> <span class='ocrx_word' id='word_1_760' title='bbox 3431 4448 3723 4525; x_wconf 87' lang='grc' dir='ltr'>ὁμολογῶν</span> <span class='ocrx_word' id='word_1_761' title='bbox 3779 4458 3860 4526; x_wconf 80' lang='grc' dir='ltr'>τῷ</span> 
     </span>
    </p>
   </div>
   <div class='ocr_carea' id='block_1_108' title="bbox 2141 4530 3854 4615">
    <p class='ocr_par' dir='ltr' id='par_1_108' title="bbox 2141 4530 3854 4615">
     <span class='ocr_line' id='line_1_108' title="bbox 2141 4530 3854 4615; baseline 0.008 -32"><span class='ocrx_word' id='word_1_762' title='bbox 2141 4530 2198 4595; x_wconf 90' lang='lat' dir='ltr'>D</span> <span class='ocrx_word' id='word_1_763' title='bbox 2225 4535 2358 4603; x_wconf 76' lang='grc' dir='ltr'>Θεῷ.</span> <span class='ocrx_word' id='word_1_764' title='bbox 2402 4532 2610 4603; x_wconf 87' lang='grc' dir='ltr'>Ἀνείθη</span> <span class='ocrx_word' id='word_1_765' title='bbox 2644 4534 2748 4607; x_wconf 71' lang='grc' dir='ltr'>γὰρ</span> <span class='ocrx_word' id='word_1_766' title='bbox 2796 4534 2853 4587; x_wconf 84' lang='grc' dir='ltr'>ἐκ</span> <span class='ocrx_word' id='word_1_767' title='bbox 2890 4540 2998 4589; x_wconf 86' lang='grc' dir='ltr'>τῶν</span> <span class='ocrx_word' id='word_1_768' title='bbox 3038 4536 3269 4612; x_wconf 82' lang='grc' dir='ltr'>πληγῶν</span> <span class='ocrx_word' id='word_1_769' title='bbox 3316 4540 3409 4593; x_wconf 79' lang='grc' dir='ltr'>καὶ</span> <span class='ocrx_word' id='word_1_770' title='bbox 3459 4544 3566 4594; x_wconf 88' lang='grc' dir='ltr'>τῶν</span> <span class='ocrx_word' id='word_1_771' title='bbox 3614 4545 3854 4615; x_wconf 80' lang='grc' dir='ltr'>τραυμά-</span> 
     </span>
    </p>
   </div>
   <div class='ocr_carea' id='block_1_109' title="bbox 2215 4621 3845 4704">
    <p class='ocr_par' dir='ltr' id='par_1_109' title="bbox 2215 4621 3845 4704">
     <span class='ocr_line' id='line_1_109' title="bbox 2215 4621 3845 4704; baseline 0.006 -31"><span class='ocrx_word' id='word_1_772' title='bbox 2215 4640 2320 4674; x_wconf 86' lang='grc' dir='ltr'>των</span> <span class='ocrx_word' id='word_1_773' title='bbox 2386 4621 2553 4675; x_wconf 85' lang='grc' dir='ltr'>αύτοῦ</span> <span class='ocrx_word' id='word_1_774' title='bbox 2610 4630 2975 4695; x_wconf 80' lang='grc' dir='ltr'>παραχρῆμα,</span> <span class='ocrx_word' id='word_1_775' title='bbox 3019 4624 3155 4680; x_wconf 82' lang='grc' dir='ltr'>ὥστε</span> <span class='ocrx_word' id='word_1_776' title='bbox 3190 4624 3333 4697; x_wconf 81' lang='grc' dir='ltr'>μηδὲ</span> <span class='ocrx_word' id='word_1_777' title='bbox 3384 4626 3667 4700; x_wconf 86' lang='grc' dir='ltr'>μώλωπος</span> <span class='ocrx_word' id='word_1_778' title='bbox 3700 4628 3845 4704; x_wconf 74' lang='grc' dir='ltr'>ἴχνος</span> 
     </span>
    </p>
   </div>
   <div class='ocr_carea' id='block_1_110' title="bbox 2215 4707 3847 4792">
    <p class='ocr_par' dir='ltr' id='par_1_110' title="bbox 2215 4707 3847 4792">
     <span class='ocr_line' id='line_1_110' title="bbox 2215 4707 3847 4792; baseline 0.006 -30"><span class='ocrx_word' id='word_1_779' title='bbox 2215 4707 2266 4762; x_wconf 85' lang='grc' dir='ltr'>ἐν</span> <span class='ocrx_word' id='word_1_780' title='bbox 2325 4714 2402 4780; x_wconf 82' lang='grc' dir='ltr'>τῷ</span> <span class='ocrx_word' id='word_1_781' title='bbox 2460 4708 2595 4784; x_wconf 82' lang='grc' dir='ltr'>ἁγίῳ</span> <span class='ocrx_word' id='word_1_782' title='bbox 2652 4709 2815 4765; x_wconf 75' lang='grc' dir='ltr'>αὐτοῦ</span> <span class='ocrx_word' id='word_1_783' title='bbox 2878 4710 3273 4770; x_wconf 82' lang='grc' dir='ltr'>ἐντετυπῶσθαι</span> <span class='ocrx_word' id='word_1_784' title='bbox 3332 4718 3570 4791; x_wconf 85' lang='grc' dir='ltr'>σώματι.</span> <span class='ocrx_word' id='word_1_785' title='bbox 3603 4720 3847 4792; x_wconf 83' lang='grc' dir='ltr'>Ἦμερῶν</span> 
     </span>
    </p>
   </div>
   <div class='ocr_carea' id='block_1_111' title="bbox 2218 4793 3854 4877">
    <p class='ocr_par' dir='ltr' id='par_1_111' title="bbox 2218 4793 3854 4877">
     <span class='ocr_line' id='line_1_111' title="bbox 2218 4793 3854 4877; baseline 0.007 -28"><span class='ocrx_word' id='word_1_786' title='bbox 2218 4793 2274 4850; x_wconf 66' lang='grc' dir='ltr'>δὲ</span> <span class='ocrx_word' id='word_1_787' title='bbox 2356 4793 2734 4852; x_wconf 83' lang='grc' dir='ltr'>πεντεκαίδεκα</span> <span class='ocrx_word' id='word_1_788' title='bbox 2824 4796 3240 4873; x_wconf 70' lang='grc' dir='ltr'>διαγενομένων,</span> <span class='ocrx_word' id='word_1_789' title='bbox 3291 4801 3475 4865; x_wconf 77' lang='grc' dir='ltr'>ἄσιτος</span> <span class='ocrx_word' id='word_1_790' title='bbox 3563 4803 3739 4877; x_wconf 77' lang='grc' dir='ltr'>ἔμεινε</span> <span class='ocrx_word' id='word_1_791' title='bbox 3790 4807 3854 4860; x_wconf 76' lang='grc' dir='ltr'>τὸ</span> 
     </span>
    </p>
   </div>
   <div class='ocr_carea' id='block_1_112' title="bbox 2214 4884 3857 4969">
    <p class='ocr_par' dir='ltr' id='par_1_112' title="bbox 2214 4884 3857 4969">
     <span class='ocr_line' id='line_1_112' title="bbox 2214 4884 3857 4969; baseline 0.005 -30"><span class='ocrx_word' id='word_1_792' title='bbox 2214 4884 2459 4958; x_wconf 82' lang='grc' dir='ltr'>παράπαν</span> <span class='ocrx_word' id='word_1_793' title='bbox 2509 4887 2563 4939; x_wconf 77' lang='lat' dir='ltr'>’e‘v</span> <span class='ocrx_word' id='word_1_794' title='bbox 2623 4889 2691 4960; x_wconf 82' lang='grc' dir='ltr'>τῇ</span> <span class='ocrx_word' id='word_1_795' title='bbox 2742 4888 2950 4962; x_wconf 82' lang='grc' dir='ltr'>εἱρκτῇ,</span> <span class='ocrx_word' id='word_1_796' title='bbox 2984 4890 3232 4966; x_wconf 70' lang='grc' dir='ltr'>ἀγγέλων</span> <span class='ocrx_word' id='word_1_797' title='bbox 3272 4889 3443 4966; x_wconf 76' lang='grc' dir='ltr'>ἄρτῳ,</span> <span class='ocrx_word' id='word_1_798' title='bbox 3476 4892 3573 4947; x_wconf 78' lang='grc' dir='ltr'>εἷ’σ”</span> <span class='ocrx_word' id='word_1_799' title='bbox 3605 4892 3696 4948; x_wconf 82' lang='grc' dir='ltr'>οῦν</span> <span class='ocrx_word' id='word_1_800' title='bbox 3748 4895 3857 4969; x_wconf 85' lang='grc' dir='ltr'>χά-</span> 
     </span>
    </p>
   </div>
   <div class='ocr_carea' id='block_1_113' title="bbox 2215 4975 3856 5054">
    <p class='ocr_par' dir='ltr' id='par_1_113' title="bbox 2215 4975 3856 5054">
     <span class='ocr_line' id='line_1_113' title="bbox 2215 4975 3856 5054; baseline 0.006 -27"><span class='ocrx_word' id='word_1_801' title='bbox 2215 4992 2323 5046; x_wconf 90' lang='grc' dir='ltr'>ριτι</span> <span class='ocrx_word' id='word_1_802' title='bbox 2361 4977 2456 5026; x_wconf 87' lang='grc' dir='ltr'>τοῦ</span> <span class='ocrx_word' id='word_1_803' title='bbox 2500 4975 2703 5048; x_wconf 85' lang='grc' dir='ltr'>ἄγαθοῦ</span> <span class='ocrx_word' id='word_1_804' title='bbox 2743 4977 3072 5054; x_wconf 75' lang='grc' dir='ltr'>τρεφόμενος</span> <span class='ocrx_word' id='word_1_805' title='bbox 3132 4980 3462 5053; x_wconf 79' lang='grc' dir='ltr'>Πνεύματος.</span> <span class='ocrx_word' id='word_1_806' title='bbox 3491 4983 3551 5038; x_wconf 73' lang='grc' dir='ltr'><strong>Ὀ</strong></span> <span class='ocrx_word' id='word_1_807' title='bbox 3601 4978 3657 5035; x_wconf 74' lang='grc' dir='ltr'>δὲ</span> <span class='ocrx_word' id='word_1_808' title='bbox 3718 4983 3856 5037; x_wconf 82' lang='grc' dir='ltr'>Ἰου-</span> 
     </span>
    </p>
   </div>
   <div class='ocr_carea' id='block_1_114' title="bbox 2216 5058 3855 5147">
    <p class='ocr_par' dir='ltr' id='par_1_114' title="bbox 2216 5058 3855 5147">
     <span class='ocr_line' id='line_1_114' title="bbox 2216 5058 3855 5147; baseline 0.005 -34"><span class='ocrx_word' id='word_1_809' title='bbox 2216 5058 2415 5132; x_wconf 86' lang='grc' dir='ltr'>λιανὸς,</span> <span class='ocrx_word' id='word_1_810' title='bbox 2448 5061 2535 5116; x_wconf 77' lang='grc' dir='ltr'>ἐπὶ</span> <span class='ocrx_word' id='word_1_811' title='bbox 2591 5065 2689 5132; x_wconf 72' lang='grc' dir='ltr'>τὴν</span> <span class='ocrx_word' id='word_1_812' title='bbox 2749 5066 2962 5139; x_wconf 73' lang='grc' dir='ltr'>Δάφνην</span> <span class='ocrx_word' id='word_1_813' title='bbox 3016 5070 3324 5141; x_wconf 85' lang='grc' dir='ltr'>γενόμενος,</span> <span class='ocrx_word' id='word_1_814' title='bbox 3386 5069 3567 5143; x_wconf 80' lang='grc' dir='ltr'>ὥσπερ</span> <span class='ocrx_word' id='word_1_815' title='bbox 3618 5064 3855 5147; x_wconf 68' lang='grc' dir='ltr'>ἔφημεν,</span> 
     </span>
    </p>
   </div>
   <div class='ocr_carea' id='block_1_115' title="bbox 2213 5149 3854 5230">
    <p class='ocr_par' dir='ltr' id='par_1_115' title="bbox 2213 5149 3854 5230">
     <span class='ocr_line' id='line_1_115' title="bbox 2213 5149 3854 5230; baseline 0.007 -28"><span class='ocrx_word' id='word_1_816' title='bbox 2213 5149 2398 5213; x_wconf 84' lang='grc' dir='ltr'>θυσίας</span> <span class='ocrx_word' id='word_1_817' title='bbox 2425 5151 2491 5217; x_wconf 83' lang='grc' dir='ltr'>ἧν</span> <span class='ocrx_word' id='word_1_818' title='bbox 2552 5151 2971 5227; x_wconf 79' lang='grc' dir='ltr'>ἐτοιμαζόμενος</span> <span class='ocrx_word' id='word_1_819' title='bbox 3008 5161 3085 5227; x_wconf 79' lang='grc' dir='ltr'>τῷ</span> <span class='ocrx_word' id='word_1_820' title='bbox 3130 5156 3470 5225; x_wconf 74' lang='grc' dir='ltr'>Ἀπόλλωνι,</span> <span class='ocrx_word' id='word_1_821' title='bbox 3501 5156 3719 5220; x_wconf 71' lang='grc' dir='ltr'>εὔελπις</span> <span class='ocrx_word' id='word_1_822' title='bbox 3750 5157 3854 5230; x_wconf 86' lang='grc' dir='ltr'>ὦν,</span> 
     </span>
    </p>
   </div>
   <div class='ocr_carea' id='block_1_116' title="bbox 2209 5238 3857 5319">
    <p class='ocr_par' dir='ltr' id='par_1_116' title="bbox 2209 5238 3857 5319">
     <span class='ocr_line' id='line_1_116' title="bbox 2209 5238 3857 5319; baseline 0.007 -29"><span class='ocrx_word' id='word_1_823' title='bbox 2209 5238 2295 5291; x_wconf 79' lang='grc' dir='ltr'>καὶ</span> <span class='ocrx_word' id='word_1_824' title='bbox 2329 5238 2454 5298; x_wconf 79' lang='grc' dir='ltr'>τοὺς</span> <span class='ocrx_word' id='word_1_825' title='bbox 2491 5239 2579 5293; x_wconf 86' lang='grc' dir='ltr'>ὑπ’</span> <span class='ocrx_word' id='word_1_826' title='bbox 2612 5241 2775 5295; x_wconf 85' lang='grc' dir='ltr'>αὐτοῦ</span> <span class='ocrx_word' id='word_1_827' title='bbox 2826 5245 3115 5317; x_wconf 78' lang='grc' dir='ltr'>χρησμοὺς</span> <span class='ocrx_word' id='word_1_828' title='bbox 3161 5248 3301 5319; x_wconf 85' lang='grc' dir='ltr'>ταχὺ</span> <span class='ocrx_word' id='word_1_829' title='bbox 3335 5243 3599 5314; x_wconf 74' lang='grc' dir='ltr'>δέξασθαι.</span> <span class='ocrx_word' id='word_1_830' title='bbox 3622 5249 3685 5303; x_wconf 76' lang='grc' dir='ltr'><strong>Ἠ</strong></span> <span class='ocrx_word' id='word_1_831' title='bbox 3744 5248 3857 5302; x_wconf 69' lang='lat' dir='ltr'>Ai-</span> 
     </span>
    </p>
   </div>
   <div class='ocr_carea' id='block_1_117' title="bbox 2211 5325 3859 5408">
    <p class='ocr_par' dir='ltr' id='par_1_117' title="bbox 2211 5325 3859 5408">
     <span class='ocr_line' id='line_1_117' title="bbox 2211 5325 3859 5408; baseline 0.009 -30"><span class='ocrx_word' id='word_1_832' title='bbox 2211 5347 2314 5399; x_wconf 74' lang='grc' dir='ltr'>φνη</span> <span class='ocrx_word' id='word_1_833' title='bbox 2386 5325 2442 5380; x_wconf 74' lang='grc' dir='ltr'>δὲ</span> <span class='ocrx_word' id='word_1_834' title='bbox 2500 5332 2819 5402; x_wconf 80' lang='grc' dir='ltr'>προάστειὸν</span> <span class='ocrx_word' id='word_1_835' title='bbox 2875 5330 2987 5386; x_wconf 83' lang='grc' dir='ltr'>ἐστι</span> <span class='ocrx_word' id='word_1_836' title='bbox 3044 5336 3143 5399; x_wconf 71' lang='grc' dir='ltr'>τῆς</span> <span class='ocrx_word' id='word_1_837' title='bbox 3200 5335 3557 5408; x_wconf 77' lang='grc' dir='ltr'>Ἀντιοχείας,</span> <span class='ocrx_word' id='word_1_838' title='bbox 3602 5334 3690 5389; x_wconf 82' lang='grc' dir='ltr'>ἐπὶ</span> <span class='ocrx_word' id='word_1_839' title='bbox 3742 5342 3859 5393; x_wconf 87' lang='grc' dir='ltr'>τῶν</span> 
     </span>
    </p>
   </div>
   <div class='ocr_carea' id='block_1_118' title="bbox 2210 5414 3858 5496">
    <p class='ocr_par' dir='ltr' id='par_1_118' title="bbox 2210 5414 3858 5496">
     <span class='ocr_line' id='line_1_118' title="bbox 2210 5414 3858 5496; baseline 0.007 -28"><span class='ocrx_word' id='word_1_840' title='bbox 2210 5414 2567 5492; x_wconf 67' lang='grc' dir='ltr'>ὑψηλοτέρων</span> <span class='ocrx_word' id='word_1_841' title='bbox 2613 5420 2780 5489; x_wconf 73' lang='grc' dir='ltr'>αὐτῆς</span> <span class='ocrx_word' id='word_1_842' title='bbox 2856 5421 3075 5496; x_wconf 85' lang='grc' dir='ltr'>χωρίων</span> <span class='ocrx_word' id='word_1_843' title='bbox 3138 5424 3409 5495; x_wconf 80' lang='grc' dir='ltr'>κείμενον,</span> <span class='ocrx_word' id='word_1_844' title='bbox 3472 5423 3657 5479; x_wconf 74' lang='grc' dir='ltr'>ἄλσεσι</span> <span class='ocrx_word' id='word_1_845' title='bbox 3709 5448 3858 5481; x_wconf 78' lang='grc' dir='ltr'>παν-</span> 
     </span>
    </p>
   </div>
   <div class='ocr_carea' id='block_1_119' title="bbox 2204 5503 3855 5581">
    <p class='ocr_par' dir='ltr' id='par_1_119' title="bbox 2204 5503 3855 5581">
     <span class='ocr_line' id='line_1_119' title="bbox 2204 5503 3855 5581; baseline 0.009 -25"><span class='ocrx_word' id='word_1_846' title='bbox 2204 5503 2375 5565; x_wconf 89' lang='grc' dir='ltr'>τοίοις</span> <span class='ocrx_word' id='word_1_847' title='bbox 2409 5508 2744 5581; x_wconf 74' lang='grc' dir='ltr'>συνηρεφές·</span> <span class='ocrx_word' id='word_1_848' title='bbox 2798 5507 2920 5573; x_wconf 77' lang='grc' dir='ltr'>ἔνθα</span> <span class='ocrx_word' id='word_1_849' title='bbox 2966 5514 3072 5565; x_wconf 90' lang='grc' dir='ltr'>τῶν</span> <span class='ocrx_word' id='word_1_850' title='bbox 3130 5531 3189 5566; x_wconf 91' lang='grc' dir='ltr'>τε</span> <span class='ocrx_word' id='word_1_851' title='bbox 3245 5510 3429 5567; x_wconf 81' lang='grc' dir='ltr'>ἄλλων</span> <span class='ocrx_word' id='word_1_852' title='bbox 3482 5515 3695 5568; x_wconf 71' lang='grc' dir='ltr'>πάντων</span> <span class='ocrx_word' id='word_1_853' title='bbox 3729 5512 3855 5571; x_wconf 72' lang='grc' dir='ltr'>δεν-</span> 
     </span>
    </p>
   </div>
   <div class='ocr_carea' id='block_1_120' title="bbox 2206 5588 3852 5683">
    <p class='ocr_par' dir='ltr' id='par_1_120' title="bbox 2206 5588 3852 5683">
     <span class='ocr_line' id='line_1_120' title="bbox 2206 5588 3852 5683; baseline 0.01 -38"><span class='ocrx_word' id='word_1_854' title='bbox 2206 5588 2370 5666; x_wconf 82' lang='grc' dir='ltr'>δρων,</span> <span class='ocrx_word' id='word_1_855' title='bbox 2400 5597 2491 5647; x_wconf 81' lang='grc' dir='ltr'>καὶ</span> <span class='ocrx_word' id='word_1_856' title='bbox 2525 5592 2591 5666; x_wconf 79' lang='grc' dir='ltr'>δὴ</span> <span class='ocrx_word' id='word_1_857' title='bbox 2642 5595 2732 5652; x_wconf 86' lang='grc' dir='ltr'>καὶ</span> <span class='ocrx_word' id='word_1_858' title='bbox 2779 5598 3122 5674; x_wconf 82' lang='grc' dir='ltr'>κυπαρίττων</span> <span class='ocrx_word' id='word_1_859' title='bbox 3169 5599 3361 5675; x_wconf 80' lang='grc' dir='ltr'>ἐξοχόν</span> <span class='ocrx_word' id='word_1_860' title='bbox 3417 5623 3471 5657; x_wconf 83' lang='grc' dir='ltr'>τι</span> <span class='ocrx_word' id='word_1_861' title='bbox 3515 5604 3852 5683; x_wconf 71' lang='grc' dir='ltr'>πεφύτευται</span> 
     </span>
    </p>
   </div>
  </div>
