  <div class='ocr_page' id='page_1' title='image "/cluster/home/n/w/nwhite01/storage/ocr_20150623/115/mdp.39015028574336/616.png"; bbox 0 0 4128 6274; ppageno 0'>
   <div class='ocr_carea' id='block_1_1' title="bbox 307 367 460 428">
    <p class='ocr_par' dir='ltr' id='par_1_1' title="bbox 307 367 460 428">
     <span class='ocr_line' id='line_1_1' title="bbox 307 367 460 428; baseline 0.007 -1"><span class='ocrx_word' id='word_1_1' title='bbox 307 367 460 428; x_wconf 78' lang='grc'>1197</span> 
     </span>
    </p>
   </div>
   <div class='ocr_carea' id='block_1_2' title="bbox 1513 370 2500 434">
    <p class='ocr_par' dir='ltr' id='par_1_2' title="bbox 1513 370 2500 434">
     <span class='ocr_line' id='line_1_2' title="bbox 1513 370 2500 434; baseline 0.004 -4"><span class='ocrx_word' id='word_1_2' title='bbox 1513 370 1984 433; x_wconf 76' lang='lat' dir='ltr'>MARTYRIUM</span> <span class='ocrx_word' id='word_1_3' title='bbox 2029 376 2092 433; x_wconf 91' lang='lat' dir='ltr'><strong>S.</strong></span> <span class='ocrx_word' id='word_1_4' title='bbox 2145 378 2185 434; x_wconf 87' lang='lat' dir='ltr'><strong>A</strong></span> <span class='ocrx_word' id='word_1_5' title='bbox 2201 375 2500 434; x_wconf 74' lang='lat' dir='ltr'>BTEMII.</span> 
     </span>
    </p>
   </div>
   <div class='ocr_carea' id='block_1_3' title="bbox 3546 387 3700 446">
    <p class='ocr_par' dir='ltr' id='par_1_3' title="bbox 3546 387 3700 446">
     <span class='ocr_line' id='line_1_3' title="bbox 3546 387 3700 446; baseline -0.013 0"><span class='ocrx_word' id='word_1_6' title='bbox 3546 387 3700 446; x_wconf 79' lang='grc'>1198</span> 
     </span>
    </p>
   </div>
   <div class='ocr_carea' id='block_1_4' title="bbox 305 520 1943 612">
    <p class='ocr_par' dir='ltr' id='par_1_4' title="bbox 305 520 1943 602">
     <span class='ocr_line' id='line_1_4' title="bbox 305 520 1943 602; baseline 0.003 -24"><span class='ocrx_word' id='word_1_7' title='bbox 305 531 501 599; x_wconf 86' lang='grc' dir='ltr'>χρῆμα</span> <span class='ocrx_word' id='word_1_8' title='bbox 557 524 694 599; x_wconf 87' lang='grc' dir='ltr'>πρὸς</span> <span class='ocrx_word' id='word_1_9' title='bbox 731 544 790 578; x_wconf 85' lang='grc' dir='ltr'>τε</span> <span class='ocrx_word' id='word_1_10' title='bbox 837 520 1043 585; x_wconf 86' lang='grc' dir='ltr'>κάλλος</span> <span class='ocrx_word' id='word_1_11' title='bbox 1100 522 1192 578; x_wconf 81' lang='grc' dir='ltr'>καὶ</span> <span class='ocrx_word' id='word_1_12' title='bbox 1251 521 1413 598; x_wconf 81' lang='grc' dir='ltr'>ὕψος,</span> <span class='ocrx_word' id='word_1_13' title='bbox 1469 525 1558 580; x_wconf 82' lang='grc' dir='ltr'>καὶ</span> <span class='ocrx_word' id='word_1_14' title='bbox 1621 526 1847 602; x_wconf 83' lang='grc' dir='ltr'>μέγεθος</span> <span class='ocrx_word' id='word_1_15' title='bbox 1889 527 1943 582; x_wconf 78' lang='grc' dir='ltr'>οὐ</span> 
     </span>
    </p>
   </div>
   <div class='ocr_carea' id='block_1_5' title="bbox 2057 520 3700 612">
    <p class='ocr_par' dir='ltr' id='par_1_5' title="bbox 2062 531 3700 612">
     <span class='ocr_line' id='line_1_5' title="bbox 2062 531 3700 612; baseline 0.009 -27"><span class='ocrx_word' id='word_1_16' title='bbox 2062 547 2192 586; x_wconf 89' lang='lat' dir='ltr'><strong>vero</strong></span> <span class='ocrx_word' id='word_1_17' title='bbox 2225 531 2282 585; x_wconf 94' lang='lat' dir='ltr'><strong>in</strong></span> <span class='ocrx_word' id='word_1_18' title='bbox 2316 548 2547 588; x_wconf 90' lang='lat' dir='ltr'><strong>omnem</strong></span> <span class='ocrx_word' id='word_1_19' title='bbox 2583 539 2806 604; x_wconf 88' lang='lat' dir='ltr'><strong>partem</strong></span> <span class='ocrx_word' id='word_1_20' title='bbox 2853 537 3070 593; x_wconf 81' lang='lat' dir='ltr'><strong>fluenta</strong></span> <span class='ocrx_word' id='word_1_21' title='bbox 3100 555 3380 610; x_wconf 89' lang='lat' dir='ltr'><strong>aquarum</strong></span> <span class='ocrx_word' id='word_1_22' title='bbox 3432 545 3700 612; x_wconf 90' lang='lat' dir='ltr'><strong>poculen-</strong></span> 
     </span>
    </p>
   </div>
   <div class='ocr_carea' id='block_1_6' title="bbox 307 611 1946 690">
    <p class='ocr_par' dir='ltr' id='par_1_6' title="bbox 307 611 1946 690">
     <span class='ocr_line' id='line_1_6' title="bbox 307 611 1946 690; baseline 0.004 -24"><span class='ocrx_word' id='word_1_23' title='bbox 307 613 571 686; x_wconf 86' lang='grc' dir='ltr'>μιμητὸν.</span> <span class='ocrx_word' id='word_1_24' title='bbox 613 613 844 685; x_wconf 77' lang='grc' dir='ltr'>Νάματά</span> <span class='ocrx_word' id='word_1_25' title='bbox 886 633 943 667; x_wconf 91' lang='grc' dir='ltr'>τε</span> <span class='ocrx_word' id='word_1_26' title='bbox 1001 614 1103 686; x_wconf 77' lang='grc' dir='ltr'>γὰρ</span> <span class='ocrx_word' id='word_1_27' title='bbox 1146 621 1396 688; x_wconf 86' lang='grc' dir='ltr'>πανταχῆ</span> <span class='ocrx_word' id='word_1_28' title='bbox 1459 611 1658 679; x_wconf 86' lang='grc' dir='ltr'>διαθέει</span> <span class='ocrx_word' id='word_1_29' title='bbox 1697 618 1946 690; x_wconf 76' lang='grc' dir='ltr'>ποτίμων</span> 
     </span>
    </p>
   </div>
   <div class='ocr_carea' id='block_1_7' title="bbox 307 699 1950 781">
    <p class='ocr_par' dir='ltr' id='par_1_7' title="bbox 307 699 1950 781">
     <span class='ocr_line' id='line_1_7' title="bbox 307 699 1950 781; baseline 0.002 -25"><span class='ocrx_word' id='word_1_30' title='bbox 307 699 537 771; x_wconf 83' lang='grc' dir='ltr'>ὑδάτων,</span> <span class='ocrx_word' id='word_1_31' title='bbox 569 701 836 777; x_wconf 83' lang='grc' dir='ltr'>μεγίστων</span> <span class='ocrx_word' id='word_1_32' title='bbox 886 700 1067 756; x_wconf 80' lang='grc' dir='ltr'>αὐτόθι</span> <span class='ocrx_word' id='word_1_33' title='bbox 1125 706 1316 777; x_wconf 89' lang='grc' dir='ltr'>πηγῶν</span> <span class='ocrx_word' id='word_1_34' title='bbox 1356 699 1754 776; x_wconf 71' lang='grc' dir='ltr'>ἀναδιδομένων</span> <span class='ocrx_word' id='word_1_35' title='bbox 1791 724 1802 736; x_wconf 93' lang='grc'><strong>·</strong></span> <span class='ocrx_word' id='word_1_36' title='bbox 1861 706 1950 781; x_wconf 69' lang='grc' dir='ltr'>ἀφ’</span> 
     </span>
    </p>
   </div>
   <div class='ocr_carea' id='block_1_8' title="bbox 302 786 1944 866">
    <p class='ocr_par' dir='ltr' id='par_1_8' title="bbox 302 786 1944 866">
     <span class='ocr_line' id='line_1_8' title="bbox 302 786 1944 866; baseline 0.002 -22"><span class='ocrx_word' id='word_1_37' title='bbox 302 792 375 844; x_wconf 83' lang='grc' dir='ltr'>ὧν</span> <span class='ocrx_word' id='word_1_38' title='bbox 431 792 520 846; x_wconf 76' lang='grc' dir='ltr'>καὶ</span> <span class='ocrx_word' id='word_1_39' title='bbox 579 793 613 860; x_wconf 81' lang='grc' dir='ltr'><strong>ἡ</strong></span> <span class='ocrx_word' id='word_1_40' title='bbox 664 789 828 853; x_wconf 87' lang='grc' dir='ltr'>πόλις</span> <span class='ocrx_word' id='word_1_41' title='bbox 885 788 936 844; x_wconf 89' lang='grc' dir='ltr'>ἐν</span> <span class='ocrx_word' id='word_1_42' title='bbox 999 786 1210 865; x_wconf 79' lang='grc' dir='ltr'>ὀλίγαις</span> <span class='ocrx_word' id='word_1_43' title='bbox 1263 787 1328 858; x_wconf 77' lang='grc' dir='ltr'>δὴ</span> <span class='ocrx_word' id='word_1_44' title='bbox 1363 789 1576 846; x_wconf 88' lang='grc' dir='ltr'>πόλεων</span> <span class='ocrx_word' id='word_1_45' title='bbox 1610 789 1944 866; x_wconf 80' lang='grc' dir='ltr'>εὐυδροτατη</span> 
     </span>
    </p>
   </div>
   <div class='ocr_carea' id='block_1_9' title="bbox 300 877 1950 957">
    <p class='ocr_par' dir='ltr' id='par_1_9' title="bbox 300 877 1950 957">
     <span class='ocr_line' id='line_1_9' title="bbox 300 877 1950 957; baseline 0 -20"><span class='ocrx_word' id='word_1_46' title='bbox 300 882 586 955; x_wconf 80' lang='grc' dir='ltr'>τυγγάνειν</span> <span class='ocrx_word' id='word_1_47' title='bbox 643 879 812 948; x_wconf 86' lang='grc' dir='ltr'>δοκεῖ,</span> <span class='ocrx_word' id='word_1_48' title='bbox 856 880 945 934; x_wconf 82' lang='grc' dir='ltr'>καὶ</span> <span class='ocrx_word' id='word_1_49' title='bbox 1009 881 1117 954; x_wconf 74' lang='grc' dir='ltr'>μὴν</span> <span class='ocrx_word' id='word_1_50' title='bbox 1184 877 1504 953; x_wconf 75' lang='grc' dir='ltr'>οἰκοδομαῖς</span> <span class='ocrx_word' id='word_1_51' title='bbox 1551 879 1832 957; x_wconf 80' lang='grc' dir='ltr'>λαμπραῖς</span> <span class='ocrx_word' id='word_1_52' title='bbox 1859 904 1950 937; x_wconf 89' lang='grc' dir='ltr'>κα-</span> 
     </span>
    </p>
   </div>
   <div class='ocr_carea' id='block_1_10' title="bbox 300 967 1942 1045">
    <p class='ocr_par' dir='ltr' id='par_1_10' title="bbox 300 967 1942 1045">
     <span class='ocr_line' id='line_1_10' title="bbox 300 967 1942 1045; baseline 0.001 -19"><span class='ocrx_word' id='word_1_53' title='bbox 300 969 574 1026; x_wconf 82' lang='grc' dir='ltr'>ταλύσεων</span> <span class='ocrx_word' id='word_1_54' title='bbox 601 970 692 1025; x_wconf 85' lang='grc' dir='ltr'>καὶ</span> <span class='ocrx_word' id='word_1_55' title='bbox 735 969 1001 1045; x_wconf 80' lang='grc' dir='ltr'>λουτρῶν,</span> <span class='ocrx_word' id='word_1_56' title='bbox 1053 968 1144 1023; x_wconf 85' lang='grc' dir='ltr'>καὶ</span> <span class='ocrx_word' id='word_1_57' title='bbox 1194 973 1300 1024; x_wconf 89' lang='grc' dir='ltr'>τῶν</span> <span class='ocrx_word' id='word_1_58' title='bbox 1347 967 1534 1026; x_wconf 76' lang='grc' dir='ltr'>ἄλλων</span> <span class='ocrx_word' id='word_1_59' title='bbox 1599 973 1942 1028; x_wconf 70' lang='grc' dir='ltr'>κατασκευῶν</span> 
     </span>
    </p>
   </div>
   <div class='ocr_carea' id='block_1_11' title="bbox 299 1056 1945 1134">
    <p class='ocr_par' dir='ltr' id='par_1_11' title="bbox 299 1056 1945 1134">
     <span class='ocr_line' id='line_1_11' title="bbox 299 1056 1945 1134; baseline 0 -20"><span class='ocrx_word' id='word_1_60' title='bbox 299 1057 376 1122; x_wconf 70' lang='grc' dir='ltr'>εἷ¹ς</span> <span class='ocrx_word' id='word_1_61' title='bbox 405 1080 462 1114; x_wconf 90' lang='grc' dir='ltr'>τε</span> <span class='ocrx_word' id='word_1_62' title='bbox 503 1059 690 1134; x_wconf 72' lang='grc' dir='ltr'>χρείαν</span> <span class='ocrx_word' id='word_1_63' title='bbox 744 1058 834 1113; x_wconf 85' lang='grc' dir='ltr'>καὶ</span> <span class='ocrx_word' id='word_1_64' title='bbox 883 1059 1089 1131; x_wconf 82' lang='grc' dir='ltr'>κόσμον</span> <span class='ocrx_word' id='word_1_65' title='bbox 1146 1057 1202 1112; x_wconf 76' lang='grc' dir='ltr'>εὖ</span> <span class='ocrx_word' id='word_1_66' title='bbox 1265 1056 1412 1131; x_wconf 89' lang='grc' dir='ltr'>μάλα</span> <span class='ocrx_word' id='word_1_67' title='bbox 1460 1059 1779 1122; x_wconf 80' lang='grc' dir='ltr'>πολυτελῶς</span> <span class='ocrx_word' id='word_1_68' title='bbox 1821 1060 1945 1131; x_wconf 76' lang='grc' dir='ltr'>ἐξή-</span> 
     </span>
    </p>
   </div>
   <div class='ocr_carea' id='block_1_12' title="bbox 297 1143 1941 1222">
    <p class='ocr_par' dir='ltr' id='par_1_12' title="bbox 297 1143 1941 1222">
     <span class='ocr_line' id='line_1_12' title="bbox 297 1143 1941 1222; baseline 0 -20"><span class='ocrx_word' id='word_1_69' title='bbox 297 1168 492 1218; x_wconf 88' lang='grc' dir='ltr'>σκηται</span> <span class='ocrx_word' id='word_1_70' title='bbox 519 1149 582 1201; x_wconf 86' lang='grc' dir='ltr'>τὸ</span> <span class='ocrx_word' id='word_1_71' title='bbox 613 1146 838 1222; x_wconf 72' lang='grc' dir='ltr'>χωρίον.</span> <span class='ocrx_word' id='word_1_72' title='bbox 866 1147 1126 1210; x_wconf 80' lang='grc' dir='ltr'>Ἐνταῦθα</span> <span class='ocrx_word' id='word_1_73' title='bbox 1149 1144 1237 1200; x_wconf 80' lang='grc' dir='ltr'>καὶ</span> <span class='ocrx_word' id='word_1_74' title='bbox 1282 1144 1468 1200; x_wconf 82' lang='grc' dir='ltr'>ἄλλων</span> <span class='ocrx_word' id='word_1_75' title='bbox 1523 1147 1618 1218; x_wconf 75' lang='grc' dir='ltr'>μὲν</span> <span class='ocrx_word' id='word_1_76' title='bbox 1667 1143 1941 1219; x_wconf 85' lang='grc' dir='ltr'>δαιμόνων</span> 
     </span>
    </p>
   </div>
   <div class='ocr_carea' id='block_1_13' title="bbox 297 1231 1945 1309">
    <p class='ocr_par' dir='ltr' id='par_1_13' title="bbox 297 1231 1945 1309">
     <span class='ocr_line' id='line_1_13' title="bbox 297 1231 1945 1309; baseline 0.001 -20"><span class='ocrx_word' id='word_1_77' title='bbox 297 1236 417 1290; x_wconf 89' lang='grc' dir='ltr'>ναοί</span> <span class='ocrx_word' id='word_1_78' title='bbox 469 1255 529 1291; x_wconf 87' lang='grc' dir='ltr'>τε</span> <span class='ocrx_word' id='word_1_79' title='bbox 586 1236 675 1290; x_wconf 81' lang='grc' dir='ltr'>καὶ</span> <span class='ocrx_word' id='word_1_80' title='bbox 734 1233 1024 1309; x_wconf 78' lang='grc' dir='ltr'>ἀγάλματα</span> <span class='ocrx_word' id='word_1_81' title='bbox 1078 1236 1167 1305; x_wconf 70' lang='grc' dir='ltr'>ἦν,</span> <span class='ocrx_word' id='word_1_82' title='bbox 1214 1231 1572 1309; x_wconf 73' lang='grc' dir='ltr'>διαφερόντως</span> <span class='ocrx_word' id='word_1_83' title='bbox 1629 1255 1688 1309; x_wconf 84' lang='grc' dir='ltr'>γε</span> <span class='ocrx_word' id='word_1_84' title='bbox 1737 1238 1843 1308; x_wconf 72' lang='grc' dir='ltr'>μὴν</span> <span class='ocrx_word' id='word_1_85' title='bbox 1883 1237 1945 1291; x_wconf 88' lang='grc' dir='ltr'>τὸ</span> 
     </span>
    </p>
   </div>
   <div class='ocr_carea' id='block_1_14' title="bbox 295 1322 1942 1399">
    <p class='ocr_par' dir='ltr' id='par_1_14' title="bbox 295 1322 1942 1399">
     <span class='ocr_line' id='line_1_14' title="bbox 295 1322 1942 1399; baseline 0.001 -19"><span class='ocrx_word' id='word_1_86' title='bbox 295 1329 394 1380; x_wconf 79' lang='grc' dir='ltr'>τοῦ</span> <span class='ocrx_word' id='word_1_87' title='bbox 447 1322 808 1387; x_wconf 82' lang='grc' dir='ltr'>Ἀπόλλωνος</span> <span class='ocrx_word' id='word_1_88' title='bbox 887 1325 1126 1399; x_wconf 74' lang='grc' dir='ltr'>ἀρχῆθεν</span> <span class='ocrx_word' id='word_1_89' title='bbox 1193 1323 1410 1398; x_wconf 83' lang='grc' dir='ltr'>ὑπῆρχε</span> <span class='ocrx_word' id='word_1_90' title='bbox 1490 1324 1942 1399; x_wconf 82' lang='grc' dir='ltr'>θεραπευόμενον.</span> 
     </span>
    </p>
   </div>
   <div class='ocr_carea' id='block_1_15' title="bbox 297 1412 1943 1490">
    <p class='ocr_par' dir='ltr' id='par_1_15' title="bbox 297 1412 1943 1490">
     <span class='ocr_line' id='line_1_15' title="bbox 297 1412 1943 1490; baseline 0 -22"><span class='ocrx_word' id='word_1_91' title='bbox 297 1412 502 1477; x_wconf 79' lang='grc' dir='ltr'>Αὖτόθι</span> <span class='ocrx_word' id='word_1_92' title='bbox 552 1414 656 1490; x_wconf 78' lang='grc' dir='ltr'>γὰρ</span> <span class='ocrx_word' id='word_1_93' title='bbox 709 1414 800 1468; x_wconf 85' lang='grc' dir='ltr'>καὶ</span> <span class='ocrx_word' id='word_1_94' title='bbox 854 1413 917 1468; x_wconf 90' lang='grc' dir='ltr'>τὸ</span> <span class='ocrx_word' id='word_1_95' title='bbox 966 1412 1092 1487; x_wconf 82' lang='grc' dir='ltr'>περί</span> <span class='ocrx_word' id='word_1_96' title='bbox 1148 1413 1249 1480; x_wconf 84' lang='grc' dir='ltr'>τήν</span> <span class='ocrx_word' id='word_1_97' title='bbox 1302 1412 1515 1490; x_wconf 70' lang='grc' dir='ltr'>Δάφνην</span> <span class='ocrx_word' id='word_1_98' title='bbox 1548 1413 1646 1480; x_wconf 77' lang='grc' dir='ltr'>τήν</span> <span class='ocrx_word' id='word_1_99' title='bbox 1679 1415 1943 1487; x_wconf 87' lang='grc' dir='ltr'>παρθένον</span> 
     </span>
    </p>
   </div>
   <div class='ocr_carea' id='block_1_16' title="bbox 298 1496 1938 1574">
    <p class='ocr_par' dir='ltr' id='par_1_16' title="bbox 298 1496 1938 1574">
     <span class='ocr_line' id='line_1_16' title="bbox 298 1496 1938 1574; baseline 0 -18"><span class='ocrx_word' id='word_1_100' title='bbox 298 1497 571 1574; x_wconf 77' lang='grc' dir='ltr'>συμϐῆναι</span> <span class='ocrx_word' id='word_1_101' title='bbox 613 1501 787 1565; x_wconf 80' lang='grc' dir='ltr'>πάθος</span> <span class='ocrx_word' id='word_1_102' title='bbox 845 1502 873 1556; x_wconf 88' lang='grc' dir='ltr'>ὁ</span> <span class='ocrx_word' id='word_1_103' title='bbox 929 1499 1258 1571; x_wconf 77' lang='grc' dir='ltr'>Ἐλληνικὸς</span> <span class='ocrx_word' id='word_1_104' title='bbox 1312 1496 1510 1555; x_wconf 78' lang='grc' dir='ltr'>ἔπλασε</span> <span class='ocrx_word' id='word_1_105' title='bbox 1551 1503 1740 1572; x_wconf 79' lang='grc' dir='ltr'>μῦθος·</span> <span class='ocrx_word' id='word_1_106' title='bbox 1768 1504 1834 1570; x_wconf 73' lang='grc' dir='ltr'>ἧς</span> <span class='ocrx_word' id='word_1_107' title='bbox 1871 1499 1938 1571; x_wconf 84' lang='grc' dir='ltr'>δὴ</span> 
     </span>
    </p>
   </div>
   <div class='ocr_carea' id='block_1_17' title="bbox 296 1588 1807 1669">
    <p class='ocr_par' dir='ltr' id='par_1_17' title="bbox 296 1588 1807 1669">
     <span class='ocr_line' id='line_1_17' title="bbox 296 1588 1807 1669; baseline 0 -23"><span class='ocrx_word' id='word_1_108' title='bbox 296 1592 384 1646; x_wconf 78' lang='grc' dir='ltr'>καὶ</span> <span class='ocrx_word' id='word_1_109' title='bbox 419 1590 655 1664; x_wconf 76' lang='grc' dir='ltr'>μάλιστα</span> <span class='ocrx_word' id='word_1_110' title='bbox 676 1591 853 1669; x_wconf 75' lang='grc' dir='ltr'>φέρειν</span> <span class='ocrx_word' id='word_1_111' title='bbox 885 1588 1037 1645; x_wconf 88' lang='grc' dir='ltr'>δοκεῖ</span> <span class='ocrx_word' id='word_1_112' title='bbox 1069 1591 1170 1658; x_wconf 82' lang='grc' dir='ltr'>τήν</span> <span class='ocrx_word' id='word_1_113' title='bbox 1204 1589 1514 1660; x_wconf 83' lang='grc' dir='ltr'>ἐπωνυμίαν</span> <span class='ocrx_word' id='word_1_114' title='bbox 1547 1590 1574 1643; x_wconf 89' lang='grc' dir='ltr'>ὁ</span> <span class='ocrx_word' id='word_1_115' title='bbox 1617 1590 1807 1650; x_wconf 80' lang='grc' dir='ltr'>τόπος.</span> 
     </span>
    </p>
   </div>
   <div class='ocr_carea' id='block_1_18' title="bbox 367 1675 1942 1754">
    <p class='ocr_par' dir='ltr' id='par_1_18' title="bbox 367 1675 1942 1754">
     <span class='ocr_line' id='line_1_18' title="bbox 367 1675 1942 1754; baseline -0.003 -18"><span class='ocrx_word' id='word_1_116' title='bbox 367 1681 488 1738; x_wconf 76' lang='lat' dir='ltr'><strong>Al&#39;.</strong></span> <span class='ocrx_word' id='word_1_117' title='bbox 537 1679 612 1735; x_wconf 90' lang='grc' dir='ltr'>Τὸ</span> <span class='ocrx_word' id='word_1_118' title='bbox 671 1676 728 1734; x_wconf 78' lang='grc' dir='ltr'>δὲ</span> <span class='ocrx_word' id='word_1_119' title='bbox 773 1675 1000 1754; x_wconf 74' lang='grc' dir='ltr'>ἄγαλμα</span> <span class='ocrx_word' id='word_1_120' title='bbox 1063 1681 1160 1733; x_wconf 75' lang='grc' dir='ltr'>τοῦ</span> <span class='ocrx_word' id='word_1_121' title='bbox 1229 1675 1609 1744; x_wconf 85' lang='grc' dir='ltr'>Ἀπόλλωνος,</span> <span class='ocrx_word' id='word_1_122' title='bbox 1638 1675 1849 1732; x_wconf 87' lang='grc' dir='ltr'>τοιόνδε</span> <span class='ocrx_word' id='word_1_123' title='bbox 1891 1699 1942 1733; x_wconf 91' lang='grc' dir='ltr'>τι</span> 
     </span>
    </p>
   </div>
   <div class='ocr_carea' id='block_1_19' title="bbox 292 1765 1942 1840">
    <p class='ocr_par' dir='ltr' id='par_1_19' title="bbox 292 1765 1942 1840">
     <span class='ocr_line' id='line_1_19' title="bbox 292 1765 1942 1840; baseline -0.001 -16"><span class='ocrx_word' id='word_1_124' title='bbox 292 1770 393 1839; x_wconf 77' lang='grc' dir='ltr'>τὴν</span> <span class='ocrx_word' id='word_1_125' title='bbox 442 1769 777 1837; x_wconf 76' lang='grc' dir='ltr'>κατασκευὴν</span> <span class='ocrx_word' id='word_1_126' title='bbox 836 1771 921 1838; x_wconf 75' lang='grc' dir='ltr'>ἦν’</span> <span class='ocrx_word' id='word_1_127' title='bbox 991 1766 1042 1837; x_wconf 78' lang='grc' dir='ltr'>ἐξ</span> <span class='ocrx_word' id='word_1_128' title='bbox 1082 1765 1332 1840; x_wconf 83' lang='grc' dir='ltr'>ἀμπέλου</span> <span class='ocrx_word' id='word_1_129' title='bbox 1395 1767 1490 1840; x_wconf 79' lang='grc' dir='ltr'>μὶν</span> <span class='ocrx_word' id='word_1_130' title='bbox 1547 1766 1698 1822; x_wconf 84' lang='grc' dir='ltr'>αὐτῶ</span> <span class='ocrx_word' id='word_1_131' title='bbox 1748 1787 1942 1822; x_wconf 87' lang='grc' dir='ltr'>συνεπ-</span> 
     </span>
    </p>
   </div>
   <div class='ocr_carea' id='block_1_20' title="bbox 2060 621 3695 688">
    <p class='ocr_par' dir='ltr' id='par_1_20' title="bbox 2060 621 3695 688">
     <span class='ocr_line' id='line_1_20' title="bbox 2060 621 3695 688; baseline 0.009 -15"><span class='ocrx_word' id='word_1_132' title='bbox 2060 625 2276 685; x_wconf 87' lang='lat' dir='ltr'><strong>tarum,</strong></span> <span class='ocrx_word' id='word_1_133' title='bbox 2337 621 2792 679; x_wconf 89' lang='lat' dir='ltr'><strong>scaturientibus</strong></span> <span class='ocrx_word' id='word_1_134' title='bbox 2851 625 2985 680; x_wconf 91' lang='lat' dir='ltr'><strong>inde</strong></span> <span class='ocrx_word' id='word_1_135' title='bbox 3043 629 3316 683; x_wconf 84' lang='lat' dir='ltr'>maximis</span> <span class='ocrx_word' id='word_1_136' title='bbox 3387 630 3695 688; x_wconf 84' lang='lat' dir='ltr'><strong>fontibus:</strong></span> 
     </span>
    </p>
   </div>
   <div class='ocr_carea' id='block_1_21' title="bbox 2059 710 3698 788">
    <p class='ocr_par' dir='ltr' id='par_1_21' title="bbox 2059 710 3698 788">
     <span class='ocr_line' id='line_1_21' title="bbox 2059 710 3698 788; baseline 0.007 -25"><span class='ocrx_word' id='word_1_137' title='bbox 2059 726 2174 779; x_wconf 91' lang='lat' dir='ltr'>quo</span> <span class='ocrx_word' id='word_1_138' title='bbox 2227 710 2309 778; x_wconf 84' lang='lat' dir='ltr'><strong>fit,</strong></span> <span class='ocrx_word' id='word_1_139' title='bbox 2341 715 2402 763; x_wconf 92' lang='lat' dir='ltr'>ut</span> <span class='ocrx_word' id='word_1_140' title='bbox 2473 711 2675 768; x_wconf 77' lang='lat' dir='ltr'>civitas</span> <span class='ocrx_word' id='word_1_141' title='bbox 2725 714 2874 768; x_wconf 87' lang='lat' dir='ltr'><strong>inter</strong></span> <span class='ocrx_word' id='word_1_142' title='bbox 2931 721 3164 771; x_wconf 67' lang='lat' dir='ltr'><strong>caeteras</strong></span> <span class='ocrx_word' id='word_1_143' title='bbox 3235 734 3386 788; x_wconf 92' lang='lat' dir='ltr'><strong>aqua</strong></span> <span class='ocrx_word' id='word_1_144' title='bbox 3441 721 3698 776; x_wconf 78' lang='lat' dir='ltr'>abundet</span> 
     </span>
    </p>
   </div>
   <div class='ocr_carea' id='block_1_22' title="bbox 2060 798 3694 874">
    <p class='ocr_par' dir='ltr' id='par_1_22' title="bbox 2060 798 3694 874">
     <span class='ocr_line' id='line_1_22' title="bbox 2060 798 3694 874; baseline 0.007 -23"><span class='ocrx_word' id='word_1_145' title='bbox 2060 798 2328 853; x_wconf 83' lang='lat' dir='ltr'>maxime.</span> <span class='ocrx_word' id='word_1_146' title='bbox 2383 800 2681 857; x_wconf 70' lang='lat' dir='ltr'><strong>Praeclaris</strong></span> <span class='ocrx_word' id='word_1_147' title='bbox 2724 818 2956 874; x_wconf 90' lang='lat' dir='ltr'><strong>quoque</strong></span> <span class='ocrx_word' id='word_1_148' title='bbox 3003 807 3498 862; x_wconf 82' lang='lat' dir='ltr'><strong>exstructionibus</strong></span> <span class='ocrx_word' id='word_1_149' title='bbox 3531 808 3694 863; x_wconf 89' lang='lat' dir='ltr'><strong>habi-</strong></span> 
     </span>
    </p>
   </div>
   <div class='ocr_carea' id='block_1_23' title="bbox 2056 886 3692 957">
    <p class='ocr_par' dir='ltr' id='par_1_23' title="bbox 2056 886 3692 957">
     <span class='ocr_line' id='line_1_23' title="bbox 2056 886 3692 957; baseline 0.008 -17"><span class='ocrx_word' id='word_1_150' title='bbox 2056 886 2400 952; x_wconf 87' lang='lat' dir='ltr'><strong>taculorum,</strong></span> <span class='ocrx_word' id='word_1_151' title='bbox 2434 894 2491 942; x_wconf 92' lang='lat' dir='ltr'>et</span> <span class='ocrx_word' id='word_1_152' title='bbox 2538 891 2913 957; x_wconf 86' lang='lat' dir='ltr'><strong>lavacrorum,</strong></span> <span class='ocrx_word' id='word_1_153' title='bbox 2947 897 3004 948; x_wconf 87' lang='lat' dir='ltr'>et</span> <span class='ocrx_word' id='word_1_154' title='bbox 3041 894 3288 950; x_wconf 87' lang='lat' dir='ltr'><strong>aliorum</strong></span> <span class='ocrx_word' id='word_1_155' title='bbox 3321 897 3692 954; x_wconf 74' lang='lat' dir='ltr'><strong>tediﬁciorum</strong></span> 
     </span>
    </p>
   </div>
   <div class='ocr_carea' id='block_1_24' title="bbox 2061 974 3694 1049">
    <p class='ocr_par' dir='ltr' id='par_1_24' title="bbox 2061 974 3694 1049">
     <span class='ocr_line' id='line_1_24' title="bbox 2061 974 3694 1049; baseline 0.008 -21"><span class='ocrx_word' id='word_1_156' title='bbox 2061 974 2224 1030; x_wconf 91' lang='lat' dir='ltr'><strong>locus</strong></span> <span class='ocrx_word' id='word_1_157' title='bbox 2265 981 2355 1030; x_wconf 90' lang='lat' dir='ltr'>est</span> <span class='ocrx_word' id='word_1_158' title='bbox 2387 977 2696 1049; x_wconf 82' lang='lat' dir='ltr'><strong>magniﬁce</strong></span> <span class='ocrx_word' id='word_1_159' title='bbox 2747 979 3070 1036; x_wconf 88' lang='lat' dir='ltr'><strong>instructus</strong></span> <span class='ocrx_word' id='word_1_160' title='bbox 3102 987 3160 1037; x_wconf 91' lang='lat' dir='ltr'>et</span> <span class='ocrx_word' id='word_1_161' title='bbox 3203 987 3462 1039; x_wconf 84' lang='lat' dir='ltr'><strong>ornatus.</strong></span> <span class='ocrx_word' id='word_1_162' title='bbox 3505 985 3608 1040; x_wconf 89' lang='lat' dir='ltr'><strong>Hic</strong></span> <span class='ocrx_word' id='word_1_163' title='bbox 3638 992 3694 1042; x_wconf 91' lang='lat' dir='ltr'><strong>et</strong></span> 
     </span>
    </p>
   </div>
   <div class='ocr_carea' id='block_1_25' title="bbox 2055 1060 3692 1145">
    <p class='ocr_par' dir='ltr' id='par_1_25' title="bbox 2055 1060 3692 1145">
     <span class='ocr_line' id='line_1_25' title="bbox 2055 1060 3692 1145; baseline 0.007 -29"><span class='ocrx_word' id='word_1_164' title='bbox 2055 1060 2299 1117; x_wconf 88' lang='lat' dir='ltr'><strong>aliorum</strong></span> <span class='ocrx_word' id='word_1_165' title='bbox 2325 1063 2559 1134; x_wconf 88' lang='lat' dir='ltr'>quidem</span> <span class='ocrx_word' id='word_1_166' title='bbox 2593 1065 2920 1122; x_wconf 65' lang='lat' dir='ltr'><strong>daemonum</strong></span> <span class='ocrx_word' id='word_1_167' title='bbox 2957 1070 3170 1138; x_wconf 88' lang='lat' dir='ltr'><strong>templa</strong></span> <span class='ocrx_word' id='word_1_168' title='bbox 3200 1075 3364 1126; x_wconf 90' lang='lat' dir='ltr'><strong>erant</strong></span> <span class='ocrx_word' id='word_1_169' title='bbox 3396 1077 3452 1126; x_wconf 93' lang='lat' dir='ltr'>et</span> <span class='ocrx_word' id='word_1_170' title='bbox 3481 1071 3692 1145; x_wconf 87' lang='lat' dir='ltr'><strong>imagi-</strong></span> 
     </span>
    </p>
   </div>
   <div class='ocr_carea' id='block_1_26' title="bbox 2057 1152 3690 1228">
    <p class='ocr_par' dir='ltr' id='par_1_26' title="bbox 2057 1152 3690 1228">
     <span class='ocr_line' id='line_1_26' title="bbox 2057 1152 3690 1228; baseline 0.007 -23"><span class='ocrx_word' id='word_1_171' title='bbox 2057 1167 2176 1217; x_wconf 87' lang='lat' dir='ltr'><strong>nes,</strong></span> <span class='ocrx_word' id='word_1_172' title='bbox 2213 1152 2498 1224; x_wconf 70' lang='lat' dir='ltr'><strong>praecipue</strong></span> <span class='ocrx_word' id='word_1_173' title='bbox 2548 1164 2740 1209; x_wconf 87' lang='lat' dir='ltr'><strong>autem</strong></span> <span class='ocrx_word' id='word_1_174' title='bbox 2790 1156 3074 1226; x_wconf 79' lang='lat' dir='ltr'>templum</span> <span class='ocrx_word' id='word_1_175' title='bbox 3125 1157 3409 1228; x_wconf 85' lang='lat' dir='ltr'>Apollinis</span> <span class='ocrx_word' id='word_1_176' title='bbox 3459 1159 3690 1216; x_wconf 86' lang='lat' dir='ltr'><strong>coleba—</strong></span> 
     </span>
    </p>
   </div>
   <div class='ocr_carea' id='block_1_27' title="bbox 2054 1240 3692 1318">
    <p class='ocr_par' dir='ltr' id='par_1_27' title="bbox 2054 1240 3692 1318">
     <span class='ocr_line' id='line_1_27' title="bbox 2054 1240 3692 1318; baseline 0.005 -24"><span class='ocrx_word' id='word_1_177' title='bbox 2054 1245 2148 1294; x_wconf 89' lang='lat' dir='ltr'>tur</span> <span class='ocrx_word' id='word_1_178' title='bbox 2179 1240 2249 1294; x_wconf 92' lang='lat' dir='ltr'>ab</span> <span class='ocrx_word' id='word_1_179' title='bbox 2281 1241 2464 1295; x_wconf 88' lang='lat' dir='ltr'><strong>initio.</strong></span> <span class='ocrx_word' id='word_1_180' title='bbox 2500 1241 2602 1296; x_wconf 88' lang='lat' dir='ltr'><strong>Hic</strong></span> <span class='ocrx_word' id='word_1_181' title='bbox 2633 1242 2788 1297; x_wconf 92' lang='lat' dir='ltr'><strong>enim</strong></span> <span class='ocrx_word' id='word_1_182' title='bbox 2814 1243 2894 1310; x_wconf 89' lang='lat' dir='ltr'>id,</span> <span class='ocrx_word' id='word_1_183' title='bbox 2926 1247 3079 1314; x_wconf 90' lang='lat' dir='ltr'><strong>quod</strong></span> <span class='ocrx_word' id='word_1_184' title='bbox 3105 1245 3175 1300; x_wconf 89' lang='lat' dir='ltr'><strong>de</strong></span> <span class='ocrx_word' id='word_1_185' title='bbox 3204 1245 3445 1315; x_wconf 84' lang='lat' dir='ltr'>Daphne</span> <span class='ocrx_word' id='word_1_186' title='bbox 3468 1247 3692 1318; x_wconf 83' lang='lat' dir='ltr'>virgine</span> 
     </span>
    </p>
   </div>
   <div class='ocr_carea' id='block_1_28' title="bbox 2055 1329 3692 1406">
    <p class='ocr_par' dir='ltr' id='par_1_28' title="bbox 2055 1329 3692 1406">
     <span class='ocr_line' id='line_1_28' title="bbox 2055 1329 3692 1406; baseline 0.007 -25"><span class='ocrx_word' id='word_1_187' title='bbox 2055 1332 2347 1394; x_wconf 82' lang='lat' dir='ltr'>narratur,</span> <span class='ocrx_word' id='word_1_188' title='bbox 2382 1329 2654 1386; x_wconf 87' lang='lat' dir='ltr'><strong>accidisse</strong></span> <span class='ocrx_word' id='word_1_189' title='bbox 2684 1331 2889 1387; x_wconf 66' lang='lat' dir='ltr'><strong>Graecae</strong></span> <span class='ocrx_word' id='word_1_190' title='bbox 2925 1333 3216 1388; x_wconf 79' lang='lat' dir='ltr'><strong>ﬁnxerunt</strong></span> <span class='ocrx_word' id='word_1_191' title='bbox 3246 1335 3451 1390; x_wconf 82' lang='lat' dir='ltr'><strong>fabulae</strong></span> <span class='ocrx_word' id='word_1_192' title='bbox 3481 1353 3494 1392; x_wconf 87' lang='lat'><strong>:</strong></span> <span class='ocrx_word' id='word_1_193' title='bbox 3529 1336 3692 1406; x_wconf 87' lang='lat' dir='ltr'><strong>cujus</strong></span> 
     </span>
    </p>
   </div>
   <div class='ocr_carea' id='block_1_29' title="bbox 2054 1415 3518 1489">
    <p class='ocr_par' dir='ltr' id='par_1_29' title="bbox 2054 1415 3518 1489">
     <span class='ocr_line' id='line_1_29' title="bbox 2054 1415 3518 1489; baseline 0.006 -18"><span class='ocrx_word' id='word_1_194' title='bbox 2054 1415 2227 1472; x_wconf 90' lang='lat' dir='ltr'><strong>etiam</strong></span> <span class='ocrx_word' id='word_1_195' title='bbox 2259 1434 2580 1489; x_wconf 86' lang='lat' dir='ltr'>cognomen</span> <span class='ocrx_word' id='word_1_196' title='bbox 2617 1421 2868 1476; x_wconf 83' lang='lat' dir='ltr'>maxime</span> <span class='ocrx_word' id='word_1_197' title='bbox 2898 1421 3126 1478; x_wconf 89' lang='lat' dir='ltr'><strong>videtur</strong></span> <span class='ocrx_word' id='word_1_198' title='bbox 3157 1424 3304 1480; x_wconf 84' lang='lat' dir='ltr'><strong>ferre</strong></span> <span class='ocrx_word' id='word_1_199' title='bbox 3334 1423 3518 1480; x_wconf 90' lang='lat' dir='ltr'><strong>locus.</strong></span> 
     </span>
    </p>
   </div>
   <div class='ocr_carea' id='block_1_30' title="bbox 2124 1683 3692 1768">
    <p class='ocr_par' dir='ltr' id='par_1_30' title="bbox 2124 1683 3692 1768">
     <span class='ocr_line' id='line_1_30' title="bbox 2124 1683 3692 1768; baseline 0.004 -29"><span class='ocrx_word' id='word_1_200' title='bbox 2124 1683 2366 1768; x_wconf 78' lang='lat' dir='ltr'>XXXIII.</span> <span class='ocrx_word' id='word_1_201' title='bbox 2384 1684 2580 1757; x_wconf 84' lang='lat' dir='ltr'>Imago</span> <span class='ocrx_word' id='word_1_202' title='bbox 2594 1690 2774 1742; x_wconf 78' lang='lat' dir='ltr'><strong>autem</strong></span> <span class='ocrx_word' id='word_1_203' title='bbox 2796 1686 3070 1757; x_wconf 83' lang='lat' dir='ltr'>Apollinis</span> <span class='ocrx_word' id='word_1_204' title='bbox 3087 1695 3201 1743; x_wconf 90' lang='lat' dir='ltr'><strong>erat</strong></span> <span class='ocrx_word' id='word_1_205' title='bbox 3220 1687 3329 1744; x_wconf 88' lang='lat' dir='ltr'>hoc</span> <span class='ocrx_word' id='word_1_206' title='bbox 3351 1690 3521 1745; x_wconf 89' lang='lat' dir='ltr'><strong>modo</strong></span> <span class='ocrx_word' id='word_1_207' title='bbox 3554 1706 3692 1746; x_wconf 94' lang='lat' dir='ltr'><strong>con-</strong></span> 
     </span>
    </p>
   </div>
   <div class='ocr_carea' id='block_1_31' title="bbox 2054 1775 3692 1847">
    <p class='ocr_par' dir='ltr' id='par_1_31' title="bbox 2054 1775 3692 1847">
     <span class='ocr_line' id='line_1_31' title="bbox 2054 1775 3692 1847; baseline 0.003 -19"><span class='ocrx_word' id='word_1_208' title='bbox 2054 1777 2308 1828; x_wconf 81' lang='lat' dir='ltr'><strong>structa:</strong></span> <span class='ocrx_word' id='word_1_209' title='bbox 2343 1775 2405 1828; x_wconf 91' lang='lat' dir='ltr'><strong>Ei</strong></span> <span class='ocrx_word' id='word_1_210' title='bbox 2438 1790 2506 1829; x_wconf 82' lang='lat' dir='ltr'><strong>ex</strong></span> <span class='ocrx_word' id='word_1_211' title='bbox 2533 1775 2647 1830; x_wconf 86' lang='lat' dir='ltr'>vite</span> <span class='ocrx_word' id='word_1_212' title='bbox 2676 1781 2796 1830; x_wconf 89' lang='lat' dir='ltr'><strong>erat</strong></span> <span class='ocrx_word' id='word_1_213' title='bbox 2826 1791 3033 1847; x_wconf 89' lang='lat' dir='ltr'><strong>corpus</strong></span> <span class='ocrx_word' id='word_1_214' title='bbox 3065 1777 3473 1846; x_wconf 87' lang='lat' dir='ltr'><strong>compositum,</strong></span> <span class='ocrx_word' id='word_1_215' title='bbox 3505 1779 3692 1833; x_wconf 86' lang='lat' dir='ltr'><strong>admi-</strong></span> 
     </span>
    </p>
   </div>
   <div class='ocr_carea' id='block_1_32' title="bbox 295 1855 1943 1956">
    <p class='ocr_par' dir='ltr' id='par_1_32' title="bbox 295 1855 1942 1936">
     <span class='ocr_line' id='line_1_32' title="bbox 295 1855 1942 1936; baseline -0.002 -22"><span class='ocrx_word' id='word_1_216' title='bbox 295 1861 488 1936; x_wconf 80' lang='grc' dir='ltr'>επήγει</span> <span class='ocrx_word' id='word_1_217' title='bbox 545 1857 605 1912; x_wconf 78' lang='grc' dir='ltr'>τὸ</span> <span class='ocrx_word' id='word_1_218' title='bbox 663 1861 845 1931; x_wconf 88' lang='grc' dir='ltr'>σῶμα,</span> <span class='ocrx_word' id='word_1_219' title='bbox 903 1855 1174 1930; x_wconf 74' lang='grc' dir='ltr'>θαυμασία</span> <span class='ocrx_word' id='word_1_220' title='bbox 1213 1857 1321 1911; x_wconf 76' lang='grc' dir='ltr'>τινὶ</span> <span class='ocrx_word' id='word_1_221' title='bbox 1380 1857 1572 1932; x_wconf 76' lang='grc' dir='ltr'>τέχνῃ,</span> <span class='ocrx_word' id='word_1_222' title='bbox 1631 1857 1770 1930; x_wconf 88' lang='grc' dir='ltr'>πρὸς</span> <span class='ocrx_word' id='word_1_223' title='bbox 1818 1862 1942 1928; x_wconf 80' lang='grc' dir='ltr'>μιᾶς</span> 
     </span>
    </p>
   </div>
   <div class='ocr_carea' id='block_1_33' title="bbox 2057 1855 3694 1956">
    <p class='ocr_par' dir='ltr' id='par_1_33' title="bbox 2057 1861 3694 1937">
     <span class='ocr_line' id='line_1_33' title="bbox 2057 1861 3694 1937; baseline 0.004 -20"><span class='ocrx_word' id='word_1_224' title='bbox 2057 1861 2221 1917; x_wconf 87' lang='lat' dir='ltr'><strong>rabili</strong></span> <span class='ocrx_word' id='word_1_225' title='bbox 2249 1863 2497 1934; x_wconf 87' lang='lat' dir='ltr'><strong>quadam</strong></span> <span class='ocrx_word' id='word_1_226' title='bbox 2531 1868 2654 1918; x_wconf 89' lang='lat' dir='ltr'><strong>arte</strong></span> <span class='ocrx_word' id='word_1_227' title='bbox 2686 1864 2765 1919; x_wconf 89' lang='lat' dir='ltr'>ita</span> <span class='ocrx_word' id='word_1_228' title='bbox 2795 1870 3180 1935; x_wconf 85' lang='lat' dir='ltr'><strong>compactum,</strong></span> <span class='ocrx_word' id='word_1_229' title='bbox 3207 1869 3401 1937; x_wconf 69' lang='lat' dir='ltr'><strong>utprzs</strong></span> <span class='ocrx_word' id='word_1_230' title='bbox 3434 1883 3495 1922; x_wconf 92' lang='lat' dir='ltr'><strong>se</strong></span> <span class='ocrx_word' id='word_1_231' title='bbox 3521 1868 3694 1923; x_wconf 86' lang='lat' dir='ltr'><strong>ferret</strong></span> 
     </span>
    </p>
   </div>
   <div class='ocr_carea' id='block_1_34' title="bbox 296 1943 1940 2027">
    <p class='ocr_par' dir='ltr' id='par_1_34' title="bbox 296 1943 1940 2027">
     <span class='ocr_line' id='line_1_34' title="bbox 296 1943 1940 2027; baseline -0.002 -25"><span class='ocrx_word' id='word_1_232' title='bbox 296 1947 566 2027; x_wconf 74' lang='grc' dir='ltr'>συμφυΐας</span> <span class='ocrx_word' id='word_1_233' title='bbox 624 1944 764 2001; x_wconf 67' lang='grc' dir='ltr'>ἰδίαν</span> <span class='ocrx_word' id='word_1_234' title='bbox 824 1947 1208 2020; x_wconf 78' lang='grc' dir='ltr'>συναρμοσθέν,</span> <span class='ocrx_word' id='word_1_235' title='bbox 1243 1950 1431 2020; x_wconf 86' lang='grc' dir='ltr'>χρυσῷ</span> <span class='ocrx_word' id='word_1_236' title='bbox 1489 1943 1545 2000; x_wconf 76' lang='grc' dir='ltr'>δὲ</span> <span class='ocrx_word' id='word_1_237' title='bbox 1583 1950 1686 2008; x_wconf 81' lang='grc' dir='ltr'>πᾶς</span> <span class='ocrx_word' id='word_1_238' title='bbox 1715 1947 1755 2018; x_wconf 55' lang='grc' dir='ltr'><strong>ξὸ</strong></span> <span class='ocrx_word' id='word_1_239' title='bbox 1795 1967 1940 2022; x_wconf 87' lang='grc' dir='ltr'>περι-</span> 
     </span>
    </p>
   </div>
   <div class='ocr_carea' id='block_1_35' title="bbox 293 2036 1938 2114">
    <p class='ocr_par' dir='ltr' id='par_1_35' title="bbox 293 2036 1938 2114">
     <span class='ocr_line' id='line_1_35' title="bbox 293 2036 1938 2114; baseline -0.001 -21"><span class='ocrx_word' id='word_1_240' title='bbox 293 2039 542 2112; x_wconf 85' lang='grc' dir='ltr'>κείμενος</span> <span class='ocrx_word' id='word_1_241' title='bbox 599 2036 807 2099; x_wconf 85' lang='grc' dir='ltr'>πέπλος</span> <span class='ocrx_word' id='word_1_242' title='bbox 857 2036 1302 2114; x_wconf 70' lang='grc' dir='ltr'>ἀμφιεννύμενος,</span> <span class='ocrx_word' id='word_1_243' title='bbox 1344 2041 1460 2099; x_wconf 88' lang='grc' dir='ltr'>τοῖς</span> <span class='ocrx_word' id='word_1_244' title='bbox 1515 2056 1938 2112; x_wconf 83' lang='grc' dir='ltr'>παραγεγυμνω-</span> 
     </span>
    </p>
   </div>
   <div class='ocr_carea' id='block_1_36' title="bbox 297 2123 1938 2201">
    <p class='ocr_par' dir='ltr' id='par_1_36' title="bbox 297 2123 1938 2201">
     <span class='ocr_line' id='line_1_36' title="bbox 297 2123 1938 2201; baseline -0.003 -18"><span class='ocrx_word' id='word_1_245' title='bbox 297 2128 502 2201; x_wconf 83' lang='grc' dir='ltr'>μένοις,</span> <span class='ocrx_word' id='word_1_246' title='bbox 555 2125 644 2182; x_wconf 83' lang='grc' dir='ltr'>καὶ</span> <span class='ocrx_word' id='word_1_247' title='bbox 693 2126 958 2201; x_wconf 74' lang='grc' dir='ltr'>ἀχρύσοις</span> <span class='ocrx_word' id='word_1_248' title='bbox 1013 2129 1109 2179; x_wconf 79' lang='grc' dir='ltr'>τοῦ</span> <span class='ocrx_word' id='word_1_249' title='bbox 1165 2125 1419 2197; x_wconf 88' lang='grc' dir='ltr'>σώματος</span> <span class='ocrx_word' id='word_1_250' title='bbox 1471 2123 1547 2185; x_wconf 80' lang='grc' dir='ltr'>εἷς</span> <span class='ocrx_word' id='word_1_251' title='bbox 1590 2123 1858 2200; x_wconf 79' lang='grc' dir='ltr'>ἄφραστὸν</span> <span class='ocrx_word' id='word_1_252' title='bbox 1885 2146 1938 2180; x_wconf 92' lang='grc' dir='ltr'>τι</span> 
     </span>
    </p>
   </div>
   <div class='ocr_carea' id='block_1_37' title="bbox 295 2210 1936 2296">
    <p class='ocr_par' dir='ltr' id='par_1_37' title="bbox 295 2210 1936 2296">
     <span class='ocr_line' id='line_1_37' title="bbox 295 2210 1936 2296; baseline -0.004 -24"><span class='ocrx_word' id='word_1_253' title='bbox 295 2215 631 2296; x_wconf 72' lang='grc' dir='ltr'>συνειραίνετο</span> <span class='ocrx_word' id='word_1_254' title='bbox 685 2214 917 2277; x_wconf 88' lang='grc' dir='ltr'>κάλλος.</span> <span class='ocrx_word' id='word_1_255' title='bbox 967 2214 1193 2270; x_wconf 88' lang='grc' dir='ltr'>Ἐστῶτι</span> <span class='ocrx_word' id='word_1_256' title='bbox 1263 2210 1319 2267; x_wconf 73' lang='grc' dir='ltr'>δὲ</span> <span class='ocrx_word' id='word_1_257' title='bbox 1381 2216 1512 2286; x_wconf 86' lang='grc' dir='ltr'>μετὰ</span> <span class='ocrx_word' id='word_1_258' title='bbox 1574 2218 1764 2287; x_wconf 87' lang='grc' dir='ltr'>χεῖρας</span> <span class='ocrx_word' id='word_1_259' title='bbox 1803 2216 1868 2282; x_wconf 72' lang='grc' dir='ltr'>ἦν</span> <span class='ocrx_word' id='word_1_260' title='bbox 1901 2215 1936 2282; x_wconf 83' lang='grc' dir='ltr'>ἠ</span> 
     </span>
    </p>
   </div>
   <div class='ocr_carea' id='block_1_38' title="bbox 294 2301 1940 2381">
    <p class='ocr_par' dir='ltr' id='par_1_38' title="bbox 294 2301 1940 2381">
     <span class='ocr_line' id='line_1_38' title="bbox 294 2301 1940 2381; baseline -0.003 -20"><span class='ocrx_word' id='word_1_261' title='bbox 294 2308 511 2381; x_wconf 81' lang='grc' dir='ltr'>κιθάρα,</span> <span class='ocrx_word' id='word_1_262' title='bbox 547 2305 986 2380; x_wconf 81' lang='grc' dir='ltr'>μουσηγετοῦντά</span> <span class='ocrx_word' id='word_1_263' title='bbox 1023 2323 1144 2358; x_wconf 90' lang='grc' dir='ltr'>τινα</span> <span class='ocrx_word' id='word_1_264' title='bbox 1191 2301 1606 2376; x_wconf 83' lang='grc' dir='ltr'>ἐκμιμουμένῳ,</span> <span class='ocrx_word' id='word_1_265' title='bbox 1640 2301 1703 2356; x_wconf 81' lang='grc' dir='ltr'>αἶ’</span> <span class='ocrx_word' id='word_1_266' title='bbox 1733 2323 1791 2357; x_wconf 82' lang='grc' dir='ltr'>τε</span> <span class='ocrx_word' id='word_1_267' title='bbox 1843 2303 1940 2357; x_wconf 89' lang='grc' dir='ltr'>κό-</span> 
     </span>
    </p>
   </div>
   <div class='ocr_carea' id='block_1_39' title="bbox 297 2390 1938 2472">
    <p class='ocr_par' dir='ltr' id='par_1_39' title="bbox 297 2390 1938 2472">
     <span class='ocr_line' id='line_1_39' title="bbox 297 2390 1938 2472; baseline -0.004 -22"><span class='ocrx_word' id='word_1_268' title='bbox 297 2417 390 2468; x_wconf 85' lang='grc' dir='ltr'>μαι</span> <span class='ocrx_word' id='word_1_269' title='bbox 421 2395 638 2463; x_wconf 81' lang='grc' dir='ltr'>καὶτῆς</span> <span class='ocrx_word' id='word_1_270' title='bbox 680 2396 892 2472; x_wconf 73' lang='grc' dir='ltr'>Δάφνης</span> <span class='ocrx_word' id='word_1_271' title='bbox 951 2394 980 2446; x_wconf 79' lang='grc' dir='ltr'><strong>ὁ</strong></span> <span class='ocrx_word' id='word_1_272' title='bbox 1032 2392 1310 2467; x_wconf 82' lang='grc' dir='ltr'>στέφανος,</span> <span class='ocrx_word' id='word_1_273' title='bbox 1339 2391 1431 2446; x_wconf 86' lang='grc' dir='ltr'>τὸν</span> <span class='ocrx_word' id='word_1_274' title='bbox 1492 2390 1696 2465; x_wconf 86' lang='grc' dir='ltr'>χρυσὸν</span> <span class='ocrx_word' id='word_1_275' title='bbox 1739 2390 1938 2463; x_wconf 76' lang='grc' dir='ltr'>ἀναμὶξ</span> 
     </span>
    </p>
   </div>
   <div class='ocr_carea' id='block_1_40' title="bbox 292 2477 1940 2554">
    <p class='ocr_par' dir='ltr' id='par_1_40' title="bbox 292 2477 1940 2554">
     <span class='ocr_line' id='line_1_40' title="bbox 292 2477 1940 2554; baseline -0.004 -16"><span class='ocrx_word' id='word_1_276' title='bbox 292 2485 581 2554; x_wconf 78' lang='grc' dir='ltr'>ἐπήνθουν,</span> <span class='ocrx_word' id='word_1_277' title='bbox 610 2482 684 2544; x_wconf 84' lang='grc' dir='ltr'>ὡς</span> <span class='ocrx_word' id='word_1_278' title='bbox 716 2479 920 2554; x_wconf 85' lang='grc' dir='ltr'>ἔμελλε</span> <span class='ocrx_word' id='word_1_279' title='bbox 971 2481 1132 2554; x_wconf 86' lang='grc' dir='ltr'>χάρις</span> <span class='ocrx_word' id='word_1_280' title='bbox 1191 2479 1570 2553; x_wconf 80' lang='grc' dir='ltr'>ἐξαστράπτειν</span> <span class='ocrx_word' id='word_1_281' title='bbox 1609 2477 1798 2546; x_wconf 84' lang='grc' dir='ltr'>πολλή</span> <span class='ocrx_word' id='word_1_282' title='bbox 1822 2484 1940 2542; x_wconf 90' lang='grc' dir='ltr'>τοῖς</span> 
     </span>
    </p>
   </div>
   <div class='ocr_carea' id='block_1_41' title="bbox 291 2565 1933 2646">
    <p class='ocr_par' dir='ltr' id='par_1_41' title="bbox 291 2565 1933 2646">
     <span class='ocr_line' id='line_1_41' title="bbox 291 2565 1933 2646; baseline -0.004 -18"><span class='ocrx_word' id='word_1_283' title='bbox 291 2573 608 2646; x_wconf 83' lang='grc' dir='ltr'>θεωμένοις.</span> <span class='ocrx_word' id='word_1_284' title='bbox 666 2569 934 2626; x_wconf 81' lang='grc' dir='ltr'>Ὑάκινθοὶ</span> <span class='ocrx_word' id='word_1_285' title='bbox 962 2589 1021 2624; x_wconf 87' lang='grc' dir='ltr'>τε</span> <span class='ocrx_word' id='word_1_286' title='bbox 1073 2567 1220 2640; x_wconf 86' lang='grc' dir='ltr'>αὐτῷ</span> <span class='ocrx_word' id='word_1_287' title='bbox 1251 2565 1347 2622; x_wconf 75' lang='grc' dir='ltr'>δύο</span> <span class='ocrx_word' id='word_1_288' title='bbox 1379 2565 1533 2622; x_wconf 91' lang='grc' dir='ltr'>λίθοε</span> <span class='ocrx_word' id='word_1_289' title='bbox 1585 2566 1819 2643; x_wconf 85' lang='grc' dir='ltr'>μεγάλοι</span> <span class='ocrx_word' id='word_1_290' title='bbox 1842 2567 1933 2622; x_wconf 87' lang='grc' dir='ltr'>τὸν</span> 
     </span>
    </p>
   </div>
   <div class='ocr_carea' id='block_1_42' title="bbox 289 2656 1935 2738">
    <p class='ocr_par' dir='ltr' id='par_1_42' title="bbox 289 2656 1935 2738">
     <span class='ocr_line' id='line_1_42' title="bbox 289 2656 1935 2738; baseline -0.004 -21"><span class='ocrx_word' id='word_1_291' title='bbox 289 2667 397 2718; x_wconf 85' lang='grc' dir='ltr'>τῶν</span> <span class='ocrx_word' id='word_1_292' title='bbox 459 2659 760 2738; x_wconf 79' lang='grc' dir='ltr'>ὀφθαλμῶν</span> <span class='ocrx_word' id='word_1_293' title='bbox 818 2656 1148 2729; x_wconf 79' lang='grc' dir='ltr'>ἐξεπλήρουν</span> <span class='ocrx_word' id='word_1_294' title='bbox 1200 2658 1369 2713; x_wconf 79' lang='grc' dir='ltr'>τύπον</span> <span class='ocrx_word' id='word_1_295' title='bbox 1401 2677 1536 2712; x_wconf 91' lang='grc' dir='ltr'>κατα</span> <span class='ocrx_word' id='word_1_296' title='bbox 1586 2657 1810 2729; x_wconf 76' lang='grc' dir='ltr'>μνήμην</span> <span class='ocrx_word' id='word_1_297' title='bbox 1838 2659 1935 2710; x_wconf 80' lang='grc' dir='ltr'>τοῦ</span> 
     </span>
    </p>
   </div>
   <div class='ocr_carea' id='block_1_43' title="bbox 295 2745 1932 2824">
    <p class='ocr_par' dir='ltr' id='par_1_43' title="bbox 295 2745 1932 2824">
     <span class='ocr_line' id='line_1_43' title="bbox 295 2745 1932 2824; baseline -0.006 -16"><span class='ocrx_word' id='word_1_298' title='bbox 295 2748 628 2824; x_wconf 79' lang='grc' dir='ltr'>Ἀμυκλαίου</span> <span class='ocrx_word' id='word_1_299' title='bbox 673 2747 869 2811; x_wconf 87' lang='grc' dir='ltr'>παιδὸς</span> <span class='ocrx_word' id='word_1_300' title='bbox 911 2749 1204 2804; x_wconf 81' lang='grc' dir='ltr'>Ὑακίνθου.</span> <span class='ocrx_word' id='word_1_301' title='bbox 1256 2748 1358 2802; x_wconf 87' lang='grc' dir='ltr'>Καὶ</span> <span class='ocrx_word' id='word_1_302' title='bbox 1407 2746 1491 2800; x_wconf 79' lang='grc' dir='ltr'>ἄεὶ</span> <span class='ocrx_word' id='word_1_303' title='bbox 1531 2746 1592 2800; x_wconf 84' lang='grc' dir='ltr'>τὸ</span> <span class='ocrx_word' id='word_1_304' title='bbox 1623 2749 1729 2800; x_wconf 91' lang='grc' dir='ltr'>τῶν</span> <span class='ocrx_word' id='word_1_305' title='bbox 1763 2745 1932 2808; x_wconf 87' lang='grc' dir='ltr'>λίθων</span> 
     </span>
    </p>
   </div>
   <div class='ocr_carea' id='block_1_44' title="bbox 291 2832 1934 2911">
    <p class='ocr_par' dir='ltr' id='par_1_44' title="bbox 291 2832 1934 2911">
     <span class='ocr_line' id='line_1_44' title="bbox 291 2832 1934 2911; baseline -0.005 -17"><span class='ocrx_word' id='word_1_306' title='bbox 291 2837 500 2902; x_wconf 85' lang='grc' dir='ltr'>κάλλος</span> <span class='ocrx_word' id='word_1_307' title='bbox 552 2838 642 2892; x_wconf 89' lang='grc' dir='ltr'>καὶ</span> <span class='ocrx_word' id='word_1_308' title='bbox 703 2838 923 2911; x_wconf 84' lang='grc' dir='ltr'>μέγεθος</span> <span class='ocrx_word' id='word_1_309' title='bbox 979 2836 1071 2890; x_wconf 87' lang='grc' dir='ltr'>τὸν</span> <span class='ocrx_word' id='word_1_310' title='bbox 1152 2836 1400 2907; x_wconf 89' lang='grc' dir='ltr'>μέγιστον</span> <span class='ocrx_word' id='word_1_311' title='bbox 1463 2832 1781 2906; x_wconf 84' lang='grc' dir='ltr'>προσετέλει</span> <span class='ocrx_word' id='word_1_312' title='bbox 1854 2837 1934 2904; x_wconf 77' lang='grc' dir='ltr'>τῷ</span> 
     </span>
    </p>
   </div>
   <div class='ocr_carea' id='block_1_45' title="bbox 291 2919 1934 3002">
    <p class='ocr_par' dir='ltr' id='par_1_45' title="bbox 291 2919 1934 3002">
     <span class='ocr_line' id='line_1_45' title="bbox 291 2919 1934 3002; baseline -0.006 -20"><span class='ocrx_word' id='word_1_313' title='bbox 291 2928 568 3002; x_wconf 83' lang='grc' dir='ltr'>ἀγάλματι</span> <span class='ocrx_word' id='word_1_314' title='bbox 623 2925 848 2998; x_wconf 86' lang='grc' dir='ltr'>κόσμον,</span> <span class='ocrx_word' id='word_1_315' title='bbox 884 2921 958 2977; x_wconf 73' lang='grc' dir='ltr'>’ἶν’</span> <span class='ocrx_word' id='word_1_316' title='bbox 1015 2922 1099 2977; x_wconf 71' lang='grc' dir='ltr'>ὅτι</span> <span class='ocrx_word' id='word_1_317' title='bbox 1147 2921 1428 2982; x_wconf 78' lang='grc' dir='ltr'>πλείστοις</span> <span class='ocrx_word' id='word_1_318' title='bbox 1480 2921 1779 2975; x_wconf 80' lang='grc' dir='ltr'>ἀπατᾶσθαι</span> <span class='ocrx_word' id='word_1_319' title='bbox 1811 2919 1934 2992; x_wconf 83' lang='grc' dir='ltr'>περὶ</span> 
     </span>
    </p>
   </div>
   <div class='ocr_carea' id='block_1_46' title="bbox 293 3004 1931 3088">
    <p class='ocr_par' dir='ltr' id='par_1_46' title="bbox 293 3004 1931 3088">
     <span class='ocr_line' id='line_1_46' title="bbox 293 3004 1931 3088; baseline -0.006 -16"><span class='ocrx_word' id='word_1_320' title='bbox 293 3017 456 3072; x_wconf 75' lang='grc' dir='ltr'>αὐτοῦ</span> <span class='ocrx_word' id='word_1_321' title='bbox 513 3009 787 3088; x_wconf 72' lang='grc' dir='ltr'>συμϐαίνῃ</span> <span class='ocrx_word' id='word_1_322' title='bbox 847 3016 926 3084; x_wconf 79' lang='grc' dir='ltr'>τῷ</span> <span class='ocrx_word' id='word_1_323' title='bbox 963 3009 1288 3086; x_wconf 81' lang='grc' dir='ltr'>περικαλλεῖ</span> <span class='ocrx_word' id='word_1_324' title='bbox 1342 3016 1443 3079; x_wconf 86' lang='grc' dir='ltr'>τῆς</span> <span class='ocrx_word' id='word_1_325' title='bbox 1488 3004 1931 3085; x_wconf 78' lang='grc' dir='ltr'>προφαινομένης</span> 
     </span>
    </p>
   </div>
   <div class='ocr_carea' id='block_1_47' title="bbox 297 3095 1932 3183">
    <p class='ocr_par' dir='ltr' id='par_1_47' title="bbox 297 3095 1932 3183">
     <span class='ocr_line' id='line_1_47' title="bbox 297 3095 1932 3183; baseline -0.007 -22"><span class='ocrx_word' id='word_1_326' title='bbox 297 3112 543 3183; x_wconf 73' lang='grc' dir='ltr'>μορφῆς,</span> <span class='ocrx_word' id='word_1_327' title='bbox 601 3103 678 3165; x_wconf 83' lang='grc' dir='ltr'>εἰς</span> <span class='ocrx_word' id='word_1_328' title='bbox 751 3103 814 3156; x_wconf 89' lang='grc' dir='ltr'>τὸ</span> <span class='ocrx_word' id='word_1_329' title='bbox 870 3103 1196 3176; x_wconf 76' lang='grc' dir='ltr'>προσκυνεῖν</span> <span class='ocrx_word' id='word_1_330' title='bbox 1270 3099 1418 3171; x_wconf 82' lang='grc' dir='ltr'>αὖτῷ</span> <span class='ocrx_word' id='word_1_331' title='bbox 1483 3095 1932 3169; x_wconf 82' lang='grc' dir='ltr'>δελεαζομένοις·</span> 
     </span>
    </p>
   </div>
   <div class='ocr_carea' id='block_1_48' title="bbox 293 3183 1934 3269">
    <p class='ocr_par' dir='ltr' id='par_1_48' title="bbox 293 3183 1934 3269">
     <span class='ocr_line' id='line_1_48' title="bbox 293 3183 1934 3269; baseline -0.006 -19"><span class='ocrx_word' id='word_1_332' title='bbox 293 3193 426 3269; x_wconf 78' lang='grc' dir='ltr'>ὅπερ</span> <span class='ocrx_word' id='word_1_333' title='bbox 459 3191 551 3249; x_wconf 76' lang='grc' dir='ltr'>οὖν</span> <span class='ocrx_word' id='word_1_334' title='bbox 578 3190 668 3247; x_wconf 75' lang='grc' dir='ltr'>καὶ</span> <span class='ocrx_word' id='word_1_335' title='bbox 701 3189 857 3251; x_wconf 77' lang='grc' dir='ltr'>αὐτὸς</span> <span class='ocrx_word' id='word_1_336' title='bbox 898 3187 1195 3250; x_wconf 83' lang='grc' dir='ltr'>Ἰουλιανὸς</span> <span class='ocrx_word' id='word_1_337' title='bbox 1225 3187 1506 3250; x_wconf 87' lang='grc' dir='ltr'>πεπονθὼς</span> <span class='ocrx_word' id='word_1_338' title='bbox 1558 3188 1646 3256; x_wconf 77' lang='grc' dir='ltr'>ἦν.</span> <span class='ocrx_word' id='word_1_339' title='bbox 1698 3183 1934 3242; x_wconf 87' lang='grc' dir='ltr'>Ηλείονα</span> 
     </span>
    </p>
   </div>
   <div class='ocr_carea' id='block_1_49' title="bbox 2049 1952 3692 2021">
    <p class='ocr_par' dir='ltr' id='par_1_49' title="bbox 2049 1952 3692 2021">
     <span class='ocr_line' id='line_1_49' title="bbox 2049 1952 3692 2021; baseline 0.002 -15"><span class='ocrx_word' id='word_1_340' title='bbox 2049 1952 2297 2021; x_wconf 88' lang='lat' dir='ltr'>speciem</span> <span class='ocrx_word' id='word_1_341' title='bbox 2351 1952 2527 2008; x_wconf 89' lang='lat' dir='ltr'><strong>unius</strong></span> <span class='ocrx_word' id='word_1_342' title='bbox 2577 1952 2990 2009; x_wconf 76' lang='lat' dir='ltr'><strong>coalescentiae.</strong></span> <span class='ocrx_word' id='word_1_343' title='bbox 3039 1955 3190 2010; x_wconf 89' lang='lat' dir='ltr'><strong>Auro</strong></span> <span class='ocrx_word' id='word_1_344' title='bbox 3251 1959 3447 2010; x_wconf 87' lang='lat' dir='ltr'><strong>autem</strong></span> <span class='ocrx_word' id='word_1_345' title='bbox 3510 1955 3692 2010; x_wconf 89' lang='lat' dir='ltr'><strong>illitus</strong></span> 
     </span>
    </p>
   </div>
   <div class='ocr_carea' id='block_1_50' title="bbox 2053 2041 3692 2112">
    <p class='ocr_par' dir='ltr' id='par_1_50' title="bbox 2053 2041 3692 2112">
     <span class='ocr_line' id='line_1_50' title="bbox 2053 2041 3692 2112; baseline 0.002 -18"><span class='ocrx_word' id='word_1_346' title='bbox 2053 2043 2230 2108; x_wconf 84' lang='lat' dir='ltr'><strong>totus,</strong></span> <span class='ocrx_word' id='word_1_347' title='bbox 2265 2041 2363 2112; x_wconf 90' lang='lat' dir='ltr'>qui</span> <span class='ocrx_word' id='word_1_348' title='bbox 2397 2041 2746 2096; x_wconf 79' lang='lat' dir='ltr'>induebatur</span> <span class='ocrx_word' id='word_1_349' title='bbox 2776 2043 3042 2109; x_wconf 78' lang='lat' dir='ltr'>amictus,</span> <span class='ocrx_word' id='word_1_350' title='bbox 3072 2042 3325 2110; x_wconf 79' lang='lat' dir='ltr'><strong>nudatis,</strong></span> <span class='ocrx_word' id='word_1_351' title='bbox 3358 2047 3414 2098; x_wconf 91' lang='lat' dir='ltr'>et</span> <span class='ocrx_word' id='word_1_352' title='bbox 3445 2060 3558 2099; x_wconf 91' lang='lat' dir='ltr'><strong>non</strong></span> <span class='ocrx_word' id='word_1_353' title='bbox 3590 2061 3692 2098; x_wconf 85' lang='lat' dir='ltr'>au-</span> 
     </span>
    </p>
   </div>
   <div class='ocr_carea' id='block_1_51' title="bbox 2053 2129 3695 2203">
    <p class='ocr_par' dir='ltr' id='par_1_51' title="bbox 2053 2129 3695 2203">
     <span class='ocr_line' id='line_1_51' title="bbox 2053 2129 3695 2203; baseline 0.004 -21"><span class='ocrx_word' id='word_1_354' title='bbox 2053 2129 2193 2183; x_wconf 82' lang='lat' dir='ltr'><strong>ratis</strong></span> <span class='ocrx_word' id='word_1_355' title='bbox 2223 2131 2481 2200; x_wconf 91' lang='lat' dir='ltr'><strong>corporis</strong></span> <span class='ocrx_word' id='word_1_356' title='bbox 2513 2130 2796 2200; x_wconf 87' lang='lat' dir='ltr'><strong>partibus,</strong></span> <span class='ocrx_word' id='word_1_357' title='bbox 2833 2131 3172 2186; x_wconf 88' lang='lat' dir='ltr'><strong>ostendebat</strong></span> <span class='ocrx_word' id='word_1_358' title='bbox 3201 2132 3535 2202; x_wconf 88' lang='lat' dir='ltr'><strong>quamdam,</strong></span> <span class='ocrx_word' id='word_1_359' title='bbox 3568 2149 3695 2203; x_wconf 64' lang='lat' dir='ltr'><strong>quae</strong></span> 
     </span>
    </p>
   </div>
   <div class='ocr_carea' id='block_1_52' title="bbox 2048 2217 3695 2288">
    <p class='ocr_par' dir='ltr' id='par_1_52' title="bbox 2048 2217 3695 2288">
     <span class='ocr_line' id='line_1_52' title="bbox 2048 2217 3695 2288; baseline 0.002 -15"><span class='ocrx_word' id='word_1_360' title='bbox 2048 2217 2160 2273; x_wconf 94' lang='lat' dir='ltr'><strong>dici</strong></span> <span class='ocrx_word' id='word_1_361' title='bbox 2195 2233 2308 2270; x_wconf 93' lang='lat' dir='ltr'><strong>non</strong></span> <span class='ocrx_word' id='word_1_362' title='bbox 2349 2222 2556 2287; x_wconf 89' lang='lat' dir='ltr'><strong>potest,</strong></span> <span class='ocrx_word' id='word_1_363' title='bbox 2607 2218 3121 2288; x_wconf 83' lang='lat' dir='ltr'><strong>pulchritudinem.</strong></span> <span class='ocrx_word' id='word_1_364' title='bbox 3155 2221 3341 2275; x_wconf 91' lang='lat' dir='ltr'><strong>Stanti</strong></span> <span class='ocrx_word' id='word_1_365' title='bbox 3391 2237 3525 2276; x_wconf 91' lang='lat' dir='ltr'><strong>vero</strong></span> <span class='ocrx_word' id='word_1_366' title='bbox 3573 2229 3695 2277; x_wconf 88' lang='lat' dir='ltr'><strong>erat</strong></span> 
     </span>
    </p>
   </div>
   <div class='ocr_carea' id='block_1_53' title="bbox 2049 2305 3690 2380">
    <p class='ocr_par' dir='ltr' id='par_1_53' title="bbox 2049 2305 3690 2380">
     <span class='ocr_line' id='line_1_53' title="bbox 2049 2305 3690 2380; baseline 0.001 -19"><span class='ocrx_word' id='word_1_367' title='bbox 2049 2307 2108 2361; x_wconf 92' lang='lat' dir='ltr'><strong>in</strong></span> <span class='ocrx_word' id='word_1_368' title='bbox 2164 2305 2435 2360; x_wconf 91' lang='lat' dir='ltr'><strong>manibus</strong></span> <span class='ocrx_word' id='word_1_369' title='bbox 2493 2305 2742 2375; x_wconf 88' lang='lat' dir='ltr'><strong>cithara,</strong></span> <span class='ocrx_word' id='word_1_370' title='bbox 2783 2312 2840 2362; x_wconf 91' lang='lat' dir='ltr'>et</span> <span class='ocrx_word' id='word_1_371' title='bbox 2893 2323 3020 2362; x_wconf 89' lang='lat' dir='ltr'>eam</span> <span class='ocrx_word' id='word_1_372' title='bbox 3075 2307 3380 2363; x_wconf 84' lang='lat' dir='ltr'><strong>videbatur</strong></span> <span class='ocrx_word' id='word_1_373' title='bbox 3436 2310 3690 2380; x_wconf 88' lang='lat' dir='ltr'><strong>pulsare.</strong></span> 
     </span>
    </p>
   </div>
   <div class='ocr_carea' id='block_1_54' title="bbox 2048 2395 3692 2468">
    <p class='ocr_par' dir='ltr' id='par_1_54' title="bbox 2048 2395 3692 2468">
     <span class='ocr_line' id='line_1_54' title="bbox 2048 2395 3692 2468; baseline 0.002 -19"><span class='ocrx_word' id='word_1_374' title='bbox 2048 2398 2236 2450; x_wconf 64' lang='lat' dir='ltr'><strong>Coma:</strong></span> <span class='ocrx_word' id='word_1_375' title='bbox 2267 2398 2464 2449; x_wconf 88' lang='lat' dir='ltr'><strong>autem</strong></span> <span class='ocrx_word' id='word_1_376' title='bbox 2515 2399 2572 2448; x_wconf 86' lang='lat' dir='ltr'>ct</span> <span class='ocrx_word' id='word_1_377' title='bbox 2607 2395 2758 2450; x_wconf 89' lang='lat' dir='ltr'><strong>lauri</strong></span> <span class='ocrx_word' id='word_1_378' title='bbox 2797 2412 3009 2451; x_wconf 85' lang='lat' dir='ltr'><strong>corona</strong></span> <span class='ocrx_word' id='word_1_379' title='bbox 3055 2413 3196 2452; x_wconf 89' lang='lat' dir='ltr'><strong>auro</strong></span> <span class='ocrx_word' id='word_1_380' title='bbox 3246 2395 3533 2452; x_wconf 86' lang='lat' dir='ltr'><strong>florebant</strong></span> <span class='ocrx_word' id='word_1_381' title='bbox 3564 2413 3692 2468; x_wconf 81' lang='lat' dir='ltr'><strong>per-</strong></span> 
     </span>
    </p>
   </div>
   <div class='ocr_carea' id='block_1_55' title="bbox 2047 2484 3689 2556">
    <p class='ocr_par' dir='ltr' id='par_1_55' title="bbox 2047 2484 3689 2556">
     <span class='ocr_line' id='line_1_55' title="bbox 2047 2484 3689 2556; baseline 0.002 -18"><span class='ocrx_word' id='word_1_382' title='bbox 2047 2484 2240 2548; x_wconf 87' lang='lat' dir='ltr'><strong>misto,</strong></span> <span class='ocrx_word' id='word_1_383' title='bbox 2278 2490 2338 2537; x_wconf 90' lang='lat' dir='ltr'>ut</span> <span class='ocrx_word' id='word_1_384' title='bbox 2385 2499 2595 2554; x_wconf 89' lang='lat' dir='ltr'><strong>magna</strong></span> <span class='ocrx_word' id='word_1_385' title='bbox 2642 2484 2944 2555; x_wconf 72' lang='lat' dir='ltr'><strong>effulgeret</strong></span> <span class='ocrx_word' id='word_1_386' title='bbox 2989 2487 3175 2556; x_wconf 88' lang='lat' dir='ltr'><strong>gratia</strong></span> <span class='ocrx_word' id='word_1_387' title='bbox 3250 2486 3689 2556; x_wconf 85' lang='lat' dir='ltr'><strong>spectatoribus.</strong></span> 
     </span>
    </p>
   </div>
   <div class='ocr_carea' id='block_1_56' title="bbox 2046 2569 3689 2644">
    <p class='ocr_par' dir='ltr' id='par_1_56' title="bbox 2046 2569 3689 2644">
     <span class='ocr_line' id='line_1_56' title="bbox 2046 2569 3689 2644; baseline 0.002 -19"><span class='ocrx_word' id='word_1_388' title='bbox 2046 2569 2285 2640; x_wconf 89' lang='lat' dir='ltr'><strong>Duoque</strong></span> <span class='ocrx_word' id='word_1_389' title='bbox 2316 2570 2514 2642; x_wconf 84' lang='lat' dir='ltr'><strong>magni</strong></span> <span class='ocrx_word' id='word_1_390' title='bbox 2539 2571 2834 2642; x_wconf 80' lang='lat' dir='ltr'><strong>hyacinthi</strong></span> <span class='ocrx_word' id='word_1_391' title='bbox 2867 2571 3188 2642; x_wconf 89' lang='lat' dir='ltr'><strong>implebant</strong></span> <span class='ocrx_word' id='word_1_392' title='bbox 3205 2573 3254 2626; x_wconf 90' lang='lat' dir='ltr'><strong>ei</strong></span> <span class='ocrx_word' id='word_1_393' title='bbox 3289 2572 3535 2644; x_wconf 89' lang='lat' dir='ltr'><strong>ﬁguram</strong></span> <span class='ocrx_word' id='word_1_394' title='bbox 3550 2588 3689 2628; x_wconf 88' lang='lat' dir='ltr'><strong>ocu-</strong></span> 
     </span>
    </p>
   </div>
   <div class='ocr_carea' id='block_1_57' title="bbox 2046 2657 3686 2731">
    <p class='ocr_par' dir='ltr' id='par_1_57' title="bbox 2046 2657 3686 2731">
     <span class='ocr_line' id='line_1_57' title="bbox 2046 2657 3686 2731; baseline 0.003 -18"><span class='ocrx_word' id='word_1_395' title='bbox 2046 2657 2258 2726; x_wconf 89' lang='lat' dir='ltr'><strong>lorum,</strong></span> <span class='ocrx_word' id='word_1_396' title='bbox 2291 2658 2352 2713; x_wconf 92' lang='lat' dir='ltr'><strong>in</strong></span> <span class='ocrx_word' id='word_1_397' title='bbox 2402 2658 2747 2715; x_wconf 88' lang='lat' dir='ltr'><strong>memoriam</strong></span> <span class='ocrx_word' id='word_1_398' title='bbox 2799 2659 3110 2731; x_wconf 82' lang='lat' dir='ltr'><strong>Hyacinthi</strong></span> <span class='ocrx_word' id='word_1_399' title='bbox 3168 2660 3330 2731; x_wconf 87' lang='lat' dir='ltr'><strong>pueri</strong></span> <span class='ocrx_word' id='word_1_400' title='bbox 3387 2660 3686 2730; x_wconf 68' lang='lat' dir='ltr'><strong>Amyclei.</strong></span> 
     </span>
    </p>
   </div>
   <div class='ocr_carea' id='block_1_58' title="bbox 2043 2749 3686 2822">
    <p class='ocr_par' dir='ltr' id='par_1_58' title="bbox 2043 2749 3686 2822">
     <span class='ocr_line' id='line_1_58' title="bbox 2043 2749 3686 2822; baseline 0.001 -19"><span class='ocrx_word' id='word_1_401' title='bbox 2043 2750 2114 2804; x_wconf 91' lang='lat' dir='ltr'><strong>Et</strong></span> <span class='ocrx_word' id='word_1_402' title='bbox 2167 2765 2530 2820; x_wconf 89' lang='lat' dir='ltr'><strong>gemmarum</strong></span> <span class='ocrx_word' id='word_1_403' title='bbox 2582 2749 2954 2821; x_wconf 83' lang='lat' dir='ltr'><strong>pulchritudo</strong></span> <span class='ocrx_word' id='word_1_404' title='bbox 2984 2755 3040 2806; x_wconf 88' lang='lat' dir='ltr'>ct</span> <span class='ocrx_word' id='word_1_405' title='bbox 3071 2750 3412 2822; x_wconf 85' lang='lat' dir='ltr'><strong>magnitudo</strong></span> <span class='ocrx_word' id='word_1_406' title='bbox 3444 2749 3686 2821; x_wconf 87' lang='lat' dir='ltr'><strong>imagini</strong></span> 
     </span>
    </p>
   </div>
   <div class='ocr_carea' id='block_1_59' title="bbox 2043 2837 3686 2910">
    <p class='ocr_par' dir='ltr' id='par_1_59' title="bbox 2043 2837 3686 2910">
     <span class='ocr_line' id='line_1_59' title="bbox 2043 2837 3686 2910; baseline 0.001 -17"><span class='ocrx_word' id='word_1_407' title='bbox 2043 2838 2363 2893; x_wconf 84' lang='lat' dir='ltr'><strong>maximum</strong></span> <span class='ocrx_word' id='word_1_408' title='bbox 2392 2837 2668 2893; x_wconf 85' lang='lat' dir='ltr'><strong>aﬂ&#39;erebat</strong></span> <span class='ocrx_word' id='word_1_409' title='bbox 2696 2843 2990 2906; x_wconf 91' lang='lat' dir='ltr'><strong>ornatum,</strong></span> <span class='ocrx_word' id='word_1_410' title='bbox 3025 2840 3166 2894; x_wconf 87' lang='lat' dir='ltr'><strong>adeo</strong></span> <span class='ocrx_word' id='word_1_411' title='bbox 3199 2843 3262 2894; x_wconf 92' lang='lat' dir='ltr'>ut</span> <span class='ocrx_word' id='word_1_412' title='bbox 3292 2855 3467 2910; x_wconf 90' lang='lat' dir='ltr'><strong>quam</strong></span> <span class='ocrx_word' id='word_1_413' title='bbox 3505 2838 3686 2910; x_wconf 87' lang='lat' dir='ltr'><strong>pluri-</strong></span> 
     </span>
    </p>
   </div>
   <div class='ocr_carea' id='block_1_60' title="bbox 2044 2925 3678 2998">
    <p class='ocr_par' dir='ltr' id='par_1_60' title="bbox 2044 2925 3678 2998">
     <span class='ocr_line' id='line_1_60' title="bbox 2044 2925 3678 2998; baseline 0.002 -19"><span class='ocrx_word' id='word_1_414' title='bbox 2044 2925 2156 2980; x_wconf 90' lang='lat' dir='ltr'>mis</span> <span class='ocrx_word' id='word_1_415' title='bbox 2189 2925 2246 2979; x_wconf 92' lang='lat' dir='ltr'><strong>in</strong></span> <span class='ocrx_word' id='word_1_416' title='bbox 2277 2941 2343 2980; x_wconf 91' lang='lat' dir='ltr'><strong>eo</strong></span> <span class='ocrx_word' id='word_1_417' title='bbox 2375 2925 2565 2996; x_wconf 89' lang='lat' dir='ltr'><strong>decipi</strong></span> <span class='ocrx_word' id='word_1_418' title='bbox 2604 2925 2983 2997; x_wconf 86' lang='lat' dir='ltr'><strong>contingeret,</strong></span> <span class='ocrx_word' id='word_1_419' title='bbox 3014 2930 3078 2982; x_wconf 90' lang='lat' dir='ltr'>ut</span> <span class='ocrx_word' id='word_1_420' title='bbox 3107 2927 3208 2997; x_wconf 92' lang='lat' dir='ltr'>qui</span> <span class='ocrx_word' id='word_1_421' title='bbox 3241 2935 3468 2998; x_wconf 86' lang='lat' dir='ltr'><strong>propter</strong></span> <span class='ocrx_word' id='word_1_422' title='bbox 3500 2944 3678 2998; x_wconf 84' lang='lat' dir='ltr'><strong>appa-</strong></span> 
     </span>
    </p>
   </div>
   <div class='ocr_carea' id='block_1_61' title="bbox 2044 3011 3678 3084">
    <p class='ocr_par' dir='ltr' id='par_1_61' title="bbox 2044 3011 3678 3084">
     <span class='ocr_line' id='line_1_61' title="bbox 2044 3011 3678 3084; baseline 0.001 -16"><span class='ocrx_word' id='word_1_423' title='bbox 2044 3011 2224 3068; x_wconf 89' lang='lat' dir='ltr'><strong>rentis</strong></span> <span class='ocrx_word' id='word_1_424' title='bbox 2281 3013 2478 3069; x_wconf 64' lang='lat' dir='ltr'><strong>formai</strong></span> <span class='ocrx_word' id='word_1_425' title='bbox 2555 3013 3068 3084; x_wconf 89' lang='lat' dir='ltr'><strong>pulchritudinem,</strong></span> <span class='ocrx_word' id='word_1_426' title='bbox 3127 3015 3529 3071; x_wconf 86' lang='lat' dir='ltr'><strong>inescarentur</strong></span> <span class='ocrx_word' id='word_1_427' title='bbox 3605 3015 3678 3070; x_wconf 90' lang='lat' dir='ltr'>ad</span> 
     </span>
    </p>
   </div>
   <div class='ocr_carea' id='block_1_62' title="bbox 2043 3102 3679 3176">
    <p class='ocr_par' dir='ltr' id='par_1_62' title="bbox 2043 3102 3679 3176">
     <span class='ocr_line' id='line_1_62' title="bbox 2043 3102 3679 3176; baseline 0.002 -20"><span class='ocrx_word' id='word_1_428' title='bbox 2043 3117 2176 3156; x_wconf 92' lang='lat' dir='ltr'><strong>eum</strong></span> <span class='ocrx_word' id='word_1_429' title='bbox 2231 3102 2612 3157; x_wconf 88' lang='lat' dir='ltr'><strong>adorandum.</strong></span> <span class='ocrx_word' id='word_1_430' title='bbox 2648 3105 2809 3168; x_wconf 87' lang='lat' dir='ltr'><strong>Quod</strong></span> <span class='ocrx_word' id='word_1_431' title='bbox 2868 3103 3106 3174; x_wconf 89' lang='lat' dir='ltr'><strong>quidem</strong></span> <span class='ocrx_word' id='word_1_432' title='bbox 3160 3104 3271 3175; x_wconf 81' lang='lat' dir='ltr'><strong>ipsi</strong></span> <span class='ocrx_word' id='word_1_433' title='bbox 3320 3120 3553 3176; x_wconf 88' lang='lat' dir='ltr'><strong>quoque</strong></span> <span class='ocrx_word' id='word_1_434' title='bbox 3580 3103 3679 3159; x_wconf 84' lang='lat' dir='ltr'><strong>Ju-</strong></span> 
     </span>
    </p>
   </div>
   <div class='ocr_carea' id='block_1_63' title="bbox 2045 3192 3684 3263">
    <p class='ocr_par' dir='ltr' id='par_1_63' title="bbox 2045 3192 3684 3263">
     <span class='ocr_line' id='line_1_63' title="bbox 2045 3192 3684 3263; baseline 0.001 -16"><span class='ocrx_word' id='word_1_435' title='bbox 2045 3192 2199 3248; x_wconf 92' lang='lat' dir='ltr'><strong>liano</strong></span> <span class='ocrx_word' id='word_1_436' title='bbox 2263 3201 2550 3247; x_wconf 83' lang='lat' dir='ltr'><strong>evenerat.</strong></span> <span class='ocrx_word' id='word_1_437' title='bbox 2605 3193 2880 3263; x_wconf 89' lang='lat' dir='ltr'><strong>Majorem</strong></span> <span class='ocrx_word' id='word_1_438' title='bbox 2946 3199 3100 3249; x_wconf 88' lang='lat' dir='ltr'><strong>certe</strong></span> <span class='ocrx_word' id='word_1_439' title='bbox 3149 3195 3199 3249; x_wconf 92' lang='lat' dir='ltr'>ei</span> <span class='ocrx_word' id='word_1_440' title='bbox 3249 3194 3470 3250; x_wconf 89' lang='lat' dir='ltr'><strong>cultum</strong></span> <span class='ocrx_word' id='word_1_441' title='bbox 3528 3193 3684 3249; x_wconf 81' lang='lat' dir='ltr'><strong>exhi-</strong></span> 
     </span>
    </p>
   </div>
   <div class='ocr_carea' id='block_1_64' title="bbox 291 3253 1943 3361">
    <p class='ocr_par' dir='ltr' id='par_1_64' title="bbox 291 3253 1934 3361">
     <span class='ocr_line' id='line_1_64' title="bbox 291 3253 1934 3361; baseline -0.006 -23"><span class='ocrx_word' id='word_1_442' title='bbox 291 3253 422 3361; x_wconf 74' lang='grc' dir='ltr'>γοῦν</span> <span class='ocrx_word' id='word_1_443' title='bbox 480 3283 516 3352; x_wconf 71' lang='grc' dir='ltr'><strong>ἢ</strong></span> <span class='ocrx_word' id='word_1_444' title='bbox 567 3282 808 3355; x_wconf 82' lang='grc' dir='ltr'>σύμπασι</span> <span class='ocrx_word' id='word_1_445' title='bbox 843 3283 960 3341; x_wconf 91' lang='grc' dir='ltr'>τοῖς</span> <span class='ocrx_word' id='word_1_446' title='bbox 1017 3275 1212 3340; x_wconf 80' lang='grc' dir='ltr'>ἄλλοις</span> <span class='ocrx_word' id='word_1_447' title='bbox 1255 3273 1536 3353; x_wconf 77' lang='grc' dir='ltr'>ἀγάλμασι</span> <span class='ocrx_word' id='word_1_448' title='bbox 1565 3281 1808 3350; x_wconf 81' lang='grc' dir='ltr'>προσῆγε</span> <span class='ocrx_word' id='word_1_449' title='bbox 1836 3275 1934 3342; x_wconf 85' lang='grc' dir='ltr'>τήν</span> 
     </span>
    </p>
   </div>
   <div class='ocr_carea' id='block_1_65' title="bbox 2057 3253 3684 3361">
    <p class='ocr_par' dir='ltr' id='par_1_65' title="bbox 2057 3281 3684 3354">
     <span class='ocr_line' id='line_1_65' title="bbox 2057 3281 3684 3354; baseline 0.001 -17"><span class='ocrx_word' id='word_1_450' title='bbox 2057 3281 2239 3349; x_wconf 70' lang='lat' dir='ltr'><strong>nebat,</strong></span> <span class='ocrx_word' id='word_1_451' title='bbox 2274 3298 2451 3352; x_wconf 88' lang='lat' dir='ltr'><strong>quam</strong></span> <span class='ocrx_word' id='word_1_452' title='bbox 2485 3282 2757 3338; x_wconf 88' lang='lat' dir='ltr'><strong>omnibus</strong></span> <span class='ocrx_word' id='word_1_453' title='bbox 2789 3281 2919 3336; x_wconf 89' lang='lat' dir='ltr'><strong>aliis</strong></span> <span class='ocrx_word' id='word_1_454' title='bbox 2943 3281 3406 3352; x_wconf 84' lang='lat' dir='ltr'><strong>imaginibus,ex</strong></span> <span class='ocrx_word' id='word_1_455' title='bbox 3435 3281 3684 3354; x_wconf 87' lang='lat' dir='ltr'><strong>singulis</strong></span> 
     </span>
    </p>
   </div>
   <div class='ocr_carea' id='block_1_66' title="bbox 294 3361 1938 3447">
    <p class='ocr_par' dir='ltr' id='par_1_66' title="bbox 294 3361 1938 3447">
     <span class='ocr_line' id='line_1_66' title="bbox 294 3361 1938 3447; baseline -0.004 -22"><span class='ocrx_word' id='word_1_456' title='bbox 294 3371 604 3447; x_wconf 89' lang='grc' dir='ltr'>θνραπείαν,</span> <span class='ocrx_word' id='word_1_457' title='bbox 657 3361 964 3444; x_wconf 79' lang='grc' dir='ltr'>χιλιόμϐας</span> <span class='ocrx_word' id='word_1_458' title='bbox 1017 3364 1150 3427; x_wconf 77' lang='grc' dir='ltr'>ὅλας</span> <span class='ocrx_word' id='word_1_459' title='bbox 1197 3365 1246 3438; x_wconf 80' lang='grc' dir='ltr'>ἐξ</span> <span class='ocrx_word' id='word_1_460' title='bbox 1298 3364 1523 3420; x_wconf 68' lang='grc' dir='ltr'>ἑκάστου</span> <span class='ocrx_word' id='word_1_461' title='bbox 1565 3363 1751 3440; x_wconf 82' lang='grc' dir='ltr'>γένους</span> <span class='ocrx_word' id='word_1_462' title='bbox 1791 3362 1938 3434; x_wconf 80' lang='grc' dir='ltr'>αὖτῷ</span> 
     </span>
    </p>
   </div>
   <div class='ocr_carea' id='block_1_67' title="bbox 297 3448 1522 3531">
    <p class='ocr_par' dir='ltr' id='par_1_67' title="bbox 297 3448 1522 3531">
     <span class='ocr_line' id='line_1_67' title="bbox 297 3448 1522 3531; baseline -0.002 -18"><span class='ocrx_word' id='word_1_463' title='bbox 297 3457 586 3531; x_wconf 84' lang='grc' dir='ltr'>θυόμενος,</span> <span class='ocrx_word' id='word_1_464' title='bbox 618 3459 708 3511; x_wconf 83' lang='grc' dir='ltr'>καὶ</span> <span class='ocrx_word' id='word_1_465' title='bbox 739 3448 1153 3526; x_wconf 75' lang='grc' dir='ltr'>ἀντιλαμϐάνων</span> <span class='ocrx_word' id='word_1_466' title='bbox 1188 3454 1522 3527; x_wconf 72' lang='grc' dir='ltr'>χρηστήρια.</span> 
     </span>
    </p>
   </div>
   <div class='ocr_carea' id='block_1_68' title="bbox 365 3539 1944 3618">
    <p class='ocr_par' dir='ltr' id='par_1_68' title="bbox 365 3539 1944 3618">
     <span class='ocr_line' id='line_1_68' title="bbox 365 3539 1944 3618; baseline -0.006 -16"><span class='ocrx_word' id='word_1_467' title='bbox 365 3549 488 3604; x_wconf 85' lang='grc' dir='ltr'>ΛΔ’.</span> <span class='ocrx_word' id='word_1_468' title='bbox 547 3545 699 3602; x_wconf 79' lang='grc' dir='ltr'>Ἐπεὶ</span> <span class='ocrx_word' id='word_1_469' title='bbox 750 3542 807 3599; x_wconf 78' lang='grc' dir='ltr'>δὲ</span> <span class='ocrx_word' id='word_1_470' title='bbox 864 3544 1013 3615; x_wconf 86' lang='grc' dir='ltr'>αὐτῷ</span> <span class='ocrx_word' id='word_1_471' title='bbox 1068 3541 1239 3596; x_wconf 87' lang='grc' dir='ltr'>πάντα</span> <span class='ocrx_word' id='word_1_472' title='bbox 1284 3541 1352 3595; x_wconf 77' lang='grc' dir='ltr'>τὰ</span> <span class='ocrx_word' id='word_1_473' title='bbox 1404 3539 1700 3618; x_wconf 84' lang='grc' dir='ltr'>ἀγάλματα</span> <span class='ocrx_word' id='word_1_474' title='bbox 1755 3542 1944 3614; x_wconf 88' lang='grc' dir='ltr'>βαθεῖα</span> 
     </span>
    </p>
   </div>
   <div class='ocr_carea' id='block_1_69' title="bbox 297 3628 1946 3710">
    <p class='ocr_par' dir='ltr' id='par_1_69' title="bbox 297 3628 1946 3710">
     <span class='ocr_line' id='line_1_69' title="bbox 297 3628 1946 3710; baseline -0.005 -19"><span class='ocrx_word' id='word_1_475' title='bbox 297 3638 475 3704; x_wconf 81' lang='grc' dir='ltr'>οιωπὴ</span> <span class='ocrx_word' id='word_1_476' title='bbox 534 3638 809 3710; x_wconf 79' lang='grc' dir='ltr'>κατεῖχεν,</span> <span class='ocrx_word' id='word_1_477' title='bbox 842 3631 1084 3699; x_wconf 80' lang='grc' dir='ltr'>ἐνταῦθα,</span> <span class='ocrx_word' id='word_1_478' title='bbox 1131 3630 1359 3702; x_wconf 86' lang='grc' dir='ltr'>νομίσας</span> <span class='ocrx_word' id='word_1_479' title='bbox 1415 3628 1482 3683; x_wconf 80' lang='grc' dir='ltr'>τὰ</span> <span class='ocrx_word' id='word_1_480' title='bbox 1537 3630 1641 3684; x_wconf 74' lang='grc' dir='ltr'>ἀπὸ</span> <span class='ocrx_word' id='word_1_481' title='bbox 1684 3635 1782 3697; x_wconf 83' lang='grc' dir='ltr'>τῆς</span> <span class='ocrx_word' id='word_1_482' title='bbox 1814 3649 1946 3704; x_wconf 86' lang='grc' dir='ltr'>γοη-</span> 
     </span>
    </p>
   </div>
   <div class='ocr_carea' id='block_1_70' title="bbox 295 3715 1942 3794">
    <p class='ocr_par' dir='ltr' id='par_1_70' title="bbox 295 3715 1942 3794">
     <span class='ocr_line' id='line_1_70' title="bbox 295 3715 1942 3794; baseline -0.006 -14"><span class='ocrx_word' id='word_1_483' title='bbox 295 3725 440 3785; x_wconf 87' lang='grc' dir='ltr'>τείας</span> <span class='ocrx_word' id='word_1_484' title='bbox 498 3720 694 3789; x_wconf 79' lang='grc' dir='ltr'>ἐνδεῖν,</span> <span class='ocrx_word' id='word_1_485' title='bbox 753 3722 817 3790; x_wconf 77' lang='grc' dir='ltr'>ἢν</span> <span class='ocrx_word' id='word_1_486' title='bbox 909 3717 1218 3794; x_wconf 80' lang='grc' dir='ltr'>ἱερουργίαν</span> <span class='ocrx_word' id='word_1_487' title='bbox 1309 3715 1566 3772; x_wconf 79' lang='grc' dir='ltr'>καλοῦσιν</span> <span class='ocrx_word' id='word_1_488' title='bbox 1648 3715 1942 3787; x_wconf 83' lang='grc' dir='ltr'>Ἕλληνες,</span> 
     </span>
    </p>
   </div>
   <div class='ocr_carea' id='block_1_71' title="bbox 299 3802 1941 3881">
    <p class='ocr_par' dir='ltr' id='par_1_71' title="bbox 299 3802 1941 3881">
     <span class='ocr_line' id='line_1_71' title="bbox 299 3802 1941 3881; baseline -0.005 -14"><span class='ocrx_word' id='word_1_489' title='bbox 299 3806 560 3869; x_wconf 75' lang='grc' dir='ltr'>Εὖσέῦιον</span> <span class='ocrx_word' id='word_1_490' title='bbox 622 3829 742 3864; x_wconf 90' lang='grc' dir='ltr'>τινα</span> <span class='ocrx_word' id='word_1_491' title='bbox 807 3805 1052 3881; x_wconf 84' lang='grc' dir='ltr'>μέγιστον</span> <span class='ocrx_word' id='word_1_492' title='bbox 1128 3803 1218 3860; x_wconf 76' lang='grc' dir='ltr'>ἐπὶ</span> <span class='ocrx_word' id='word_1_493' title='bbox 1285 3809 1363 3878; x_wconf 81' lang='grc' dir='ltr'>τῷ</span> <span class='ocrx_word' id='word_1_494' title='bbox 1448 3810 1616 3860; x_wconf 81' lang='grc' dir='ltr'>ταῦτα</span> <span class='ocrx_word' id='word_1_495' title='bbox 1689 3802 1941 3869; x_wconf 78' lang='grc' dir='ltr'>δύνασθαι</span> 
     </span>
    </p>
   </div>
   <div class='ocr_carea' id='block_1_72' title="bbox 299 3893 1942 3972">
    <p class='ocr_par' dir='ltr' id='par_1_72' title="bbox 299 3893 1942 3972">
     <span class='ocr_line' id='line_1_72' title="bbox 299 3893 1942 3972; baseline -0.004 -17"><span class='ocrx_word' id='word_1_496' title='bbox 299 3901 634 3972; x_wconf 83' lang='grc' dir='ltr'>κεκτημένον</span> <span class='ocrx_word' id='word_1_497' title='bbox 699 3896 774 3952; x_wconf 71' lang='grc' dir='ltr'>ἐν.</span> <span class='ocrx_word' id='word_1_498' title='bbox 847 3894 1087 3964; x_wconf 81' lang='grc' dir='ltr'>Ἕλλησι</span> <span class='ocrx_word' id='word_1_499' title='bbox 1173 3893 1354 3964; x_wconf 83' lang='grc' dir='ltr'>κλέος,</span> <span class='ocrx_word' id='word_1_500' title='bbox 1429 3896 1942 3969; x_wconf 80' lang='grc' dir='ltr'>μεταπεμψάμενος,</span> 
     </span>
    </p>
   </div>
   <div class='ocr_carea' id='block_1_73' title="bbox 301 3983 1946 4061">
    <p class='ocr_par' dir='ltr' id='par_1_73' title="bbox 301 3983 1946 4061">
     <span class='ocr_line' id='line_1_73' title="bbox 301 3983 1946 4061; baseline -0.002 -18"><span class='ocrx_word' id='word_1_501' title='bbox 301 3989 482 4059; x_wconf 70' lang='grc' dir='ltr'>τούτῳ</span> <span class='ocrx_word' id='word_1_502' title='bbox 534 3986 908 4061; x_wconf 85' lang='grc' dir='ltr'>προσέταττεν,</span> <span class='ocrx_word' id='word_1_503' title='bbox 956 3983 1216 4040; x_wconf 85' lang='grc' dir='ltr'>ἐπίπνοον</span> <span class='ocrx_word' id='word_1_504' title='bbox 1274 3984 1358 4038; x_wconf 84' lang='grc' dir='ltr'>’ὁτι</span> <span class='ocrx_word' id='word_1_505' title='bbox 1414 3983 1650 4056; x_wconf 86' lang='grc' dir='ltr'>μάλιστα</span> <span class='ocrx_word' id='word_1_506' title='bbox 1676 3983 1739 4038; x_wconf 85' lang='grc' dir='ltr'>τὸ</span> <span class='ocrx_word' id='word_1_507' title='bbox 1770 3983 1946 4059; x_wconf 81' lang='grc' dir='ltr'>ἄγαλ-</span> 
     </span>
    </p>
   </div>
   <div class='ocr_carea' id='block_1_74' title="bbox 308 4070 1944 4152">
    <p class='ocr_par' dir='ltr' id='par_1_74' title="bbox 308 4070 1944 4152">
     <span class='ocr_line' id='line_1_74' title="bbox 308 4070 1944 4152; baseline -0.003 -21"><span class='ocrx_word' id='word_1_508' title='bbox 308 4097 401 4152; x_wconf 91' lang='grc' dir='ltr'>μα,</span> <span class='ocrx_word' id='word_1_509' title='bbox 442 4077 532 4131; x_wconf 82' lang='grc' dir='ltr'>καὶ</span> <span class='ocrx_word' id='word_1_510' title='bbox 586 4074 802 4151; x_wconf 84' lang='grc' dir='ltr'>ἐνεργὸν</span> <span class='ocrx_word' id='word_1_511' title='bbox 844 4072 1182 4151; x_wconf 80' lang='grc' dir='ltr'>ἀποφαίνειν,</span> <span class='ocrx_word' id='word_1_512' title='bbox 1240 4070 1472 4146; x_wconf 87' lang='grc' dir='ltr'>μηδενὸς</span> <span class='ocrx_word' id='word_1_513' title='bbox 1530 4074 1604 4126; x_wconf 81' lang='grc' dir='ltr'>ὧν</span> <span class='ocrx_word' id='word_1_514' title='bbox 1651 4072 1725 4134; x_wconf 79' lang='grc' dir='ltr'>εἷς</span> <span class='ocrx_word' id='word_1_515' title='bbox 1781 4073 1944 4128; x_wconf 73' lang='grc' dir='ltr'>τούτο</span> 
     </span>
    </p>
   </div>
   <div class='ocr_carea' id='block_1_75' title="bbox 305 4157 1943 4240">
    <p class='ocr_par' dir='ltr' id='par_1_75' title="bbox 305 4157 1943 4240">
     <span class='ocr_line' id='line_1_75' title="bbox 305 4157 1943 4240; baseline -0.005 -19"><span class='ocrx_word' id='word_1_516' title='bbox 305 4163 560 4240; x_wconf 85' lang='grc' dir='ltr'>προσδεῖν</span> <span class='ocrx_word' id='word_1_517' title='bbox 607 4165 754 4237; x_wconf 82' lang='grc' dir='ltr'>αὐτῷ</span> <span class='ocrx_word' id='word_1_518' title='bbox 810 4164 1030 4236; x_wconf 82' lang='grc' dir='ltr'>νομίζοι</span> <span class='ocrx_word' id='word_1_519' title='bbox 1079 4159 1420 4240; x_wconf 71' lang='grc' dir='ltr'>φειδόμενον.</span> <span class='ocrx_word' id='word_1_520' title='bbox 1469 4165 1560 4232; x_wconf 83' lang='grc' dir='ltr'>Τῷ</span> <span class='ocrx_word' id='word_1_521' title='bbox 1614 4158 1691 4229; x_wconf 70' lang='grc' dir='ltr'>δέ,</span> <span class='ocrx_word' id='word_1_522' title='bbox 1757 4157 1943 4228; x_wconf 86' lang='grc' dir='ltr'>ἐπειδή</span> 
     </span>
    </p>
   </div>
   <div class='ocr_carea' id='block_1_76' title="bbox 305 4245 1946 4323">
    <p class='ocr_par' dir='ltr' id='par_1_76' title="bbox 305 4245 1946 4323">
     <span class='ocr_line' id='line_1_76' title="bbox 305 4245 1946 4323; baseline -0.005 -12"><span class='ocrx_word' id='word_1_523' title='bbox 305 4257 476 4319; x_wconf 87' lang='grc' dir='ltr'>πάσας</span> <span class='ocrx_word' id='word_1_524' title='bbox 533 4255 722 4311; x_wconf 73' lang='grc' dir='ltr'>ἑαυτοῦ</span> <span class='ocrx_word' id='word_1_525' title='bbox 791 4253 1104 4322; x_wconf 86' lang='grc' dir='ltr'>κεκινηκότι</span> <span class='ocrx_word' id='word_1_526' title='bbox 1162 4251 1257 4311; x_wconf 81' lang='grc' dir='ltr'>τὰς</span> <span class='ocrx_word' id='word_1_527' title='bbox 1319 4248 1571 4323; x_wconf 81' lang='grc' dir='ltr'>μηχανὰς</span> <span class='ocrx_word' id='word_1_528' title='bbox 1633 4249 1722 4303; x_wconf 85' lang='grc' dir='ltr'>καὶ</span> <span class='ocrx_word' id='word_1_529' title='bbox 1779 4245 1946 4320; x_wconf 75' lang='grc' dir='ltr'>μηδὲν</span> 
     </span>
    </p>
   </div>
   <div class='ocr_carea' id='block_1_77' title="bbox 308 4335 1949 4410">
    <p class='ocr_par' dir='ltr' id='par_1_77' title="bbox 308 4335 1949 4410">
     <span class='ocr_line' id='line_1_77' title="bbox 308 4335 1949 4410; baseline -0.006 -11"><span class='ocrx_word' id='word_1_530' title='bbox 308 4343 337 4398; x_wconf 75' lang='grc' dir='ltr'>ὅ</span> <span class='ocrx_word' id='word_1_531' title='bbox 374 4365 426 4398; x_wconf 87' lang='grc' dir='ltr'>τι</span> <span class='ocrx_word' id='word_1_532' title='bbox 471 4342 636 4397; x_wconf 86' lang='grc' dir='ltr'>πλέον</span> <span class='ocrx_word' id='word_1_533' title='bbox 683 4341 743 4396; x_wconf 79' lang='grc' dir='ltr'>ἃν</span> <span class='ocrx_word' id='word_1_534' title='bbox 801 4340 1100 4410; x_wconf 79' lang='grc' dir='ltr'>ἐννοήσειεν</span> <span class='ocrx_word' id='word_1_535' title='bbox 1155 4335 1569 4408; x_wconf 82' lang='grc' dir='ltr'>ὑπολιπομένῳ,</span> <span class='ocrx_word' id='word_1_536' title='bbox 1619 4336 1712 4390; x_wconf 88' lang='grc' dir='ltr'>τὸν</span> <span class='ocrx_word' id='word_1_537' title='bbox 1753 4336 1949 4409; x_wconf 83' lang='grc' dir='ltr'>ὁμοιον</span> 
     </span>
    </p>
   </div>
   <div class='ocr_carea' id='block_1_78' title="bbox 309 4421 1951 4503">
    <p class='ocr_par' dir='ltr' id='par_1_78' title="bbox 309 4421 1951 4503">
     <span class='ocr_line' id='line_1_78' title="bbox 309 4421 1951 4503; baseline -0.004 -17"><span class='ocrx_word' id='word_1_538' title='bbox 309 4430 666 4502; x_wconf 80' lang='grc' dir='ltr'>ἐσεσιωπήκει</span> <span class='ocrx_word' id='word_1_539' title='bbox 714 4430 805 4484; x_wconf 85' lang='grc' dir='ltr'>καὶ</span> <span class='ocrx_word' id='word_1_540' title='bbox 861 4428 999 4482; x_wconf 84' lang='grc' dir='ltr'>κατὰ</span> <span class='ocrx_word' id='word_1_541' title='bbox 1044 4427 1203 4503; x_wconf 75' lang='grc' dir='ltr'>φύσιν</span> <span class='ocrx_word' id='word_1_542' title='bbox 1251 4425 1474 4497; x_wconf 85' lang='grc' dir='ltr'>τρόπον,</span> <span class='ocrx_word' id='word_1_543' title='bbox 1507 4421 1658 4479; x_wconf 77' lang='grc' dir='ltr'>οὐδέν</span> <span class='ocrx_word' id='word_1_544' title='bbox 1704 4447 1757 4480; x_wconf 91' lang='grc' dir='ltr'>τι</span> <span class='ocrx_word' id='word_1_545' title='bbox 1813 4423 1951 4497; x_wconf 78' lang='grc' dir='ltr'>μᾶλ-</span> 
     </span>
    </p>
   </div>
   <div class='ocr_carea' id='block_1_79' title="bbox 311 4510 1947 4594">
    <p class='ocr_par' dir='ltr' id='par_1_79' title="bbox 311 4510 1947 4594">
     <span class='ocr_line' id='line_1_79' title="bbox 311 4510 1947 4594; baseline -0.005 -18"><span class='ocrx_word' id='word_1_546' title='bbox 311 4523 404 4577; x_wconf 91' lang='grc' dir='ltr'>λον</span> <span class='ocrx_word' id='word_1_547' title='bbox 439 4522 474 4590; x_wconf 76' lang='grc' dir='ltr'>ἢ</span> <span class='ocrx_word' id='word_1_548' title='bbox 531 4519 621 4574; x_wconf 82' lang='grc' dir='ltr'>καὶ</span> <span class='ocrx_word' id='word_1_549' title='bbox 681 4518 912 4592; x_wconf 87' lang='grc' dir='ltr'>πρόσθεν</span> <span class='ocrx_word' id='word_1_550' title='bbox 964 4513 1356 4594; x_wconf 55' lang='grc' dir='ltr'>σθεγγόμενος,</span> <span class='ocrx_word' id='word_1_551' title='bbox 1389 4513 1613 4576; x_wconf 76' lang='grc' dir='ltr'>ἐνταῦθα</span> <span class='ocrx_word' id='word_1_552' title='bbox 1664 4510 1770 4584; x_wconf 75' lang='grc' dir='ltr'>ἤδη</span> <span class='ocrx_word' id='word_1_553' title='bbox 1812 4514 1947 4589; x_wconf 87' lang='grc' dir='ltr'>πρὸς</span> 
     </span>
    </p>
   </div>
   <div class='ocr_carea' id='block_1_80' title="bbox 2048 3369 3688 3444">
    <p class='ocr_par' dir='ltr' id='par_1_80' title="bbox 2048 3369 3688 3444">
     <span class='ocr_line' id='line_1_80' title="bbox 2048 3369 3688 3444; baseline -0.001 -17"><span class='ocrx_word' id='word_1_554' title='bbox 2048 3370 2362 3444; x_wconf 89' lang='lat' dir='ltr'><strong>generibus</strong></span> <span class='ocrx_word' id='word_1_555' title='bbox 2409 3369 2461 3426; x_wconf 88' lang='lat' dir='ltr'>ei</span> <span class='ocrx_word' id='word_1_556' title='bbox 2528 3369 2711 3425; x_wconf 89' lang='lat' dir='ltr'><strong>millia</strong></span> <span class='ocrx_word' id='word_1_557' title='bbox 2769 3370 3125 3442; x_wconf 78' lang='lat' dir='ltr'><strong>sacriﬁcans,</strong></span> <span class='ocrx_word' id='word_1_558' title='bbox 3158 3375 3214 3426; x_wconf 92' lang='lat' dir='ltr'>et</span> <span class='ocrx_word' id='word_1_559' title='bbox 3252 3372 3325 3426; x_wconf 86' lang='lat' dir='ltr'>ab</span> <span class='ocrx_word' id='word_1_560' title='bbox 3373 3387 3440 3427; x_wconf 89' lang='lat' dir='ltr'><strong>eo</strong></span> <span class='ocrx_word' id='word_1_561' title='bbox 3487 3386 3688 3442; x_wconf 81' lang='lat' dir='ltr'><strong>exspe-</strong></span> 
     </span>
    </p>
   </div>
   <div class='ocr_carea' id='block_1_81' title="bbox 2049 3462 2551 3529">
    <p class='ocr_par' dir='ltr' id='par_1_81' title="bbox 2049 3462 2551 3529">
     <span class='ocr_line' id='line_1_81' title="bbox 2049 3462 2551 3529; baseline -0.006 -14"><span class='ocrx_word' id='word_1_562' title='bbox 2049 3462 2217 3515; x_wconf 85' lang='lat' dir='ltr'><strong>etans</strong></span> <span class='ocrx_word' id='word_1_563' title='bbox 2249 3474 2551 3529; x_wconf 89' lang='lat' dir='ltr'><strong>responsa.</strong></span> 
     </span>
    </p>
   </div>
   <div class='ocr_carea' id='block_1_82' title="bbox 2119 3546 3684 3619">
    <p class='ocr_par' dir='ltr' id='par_1_82' title="bbox 2119 3546 3684 3619">
     <span class='ocr_line' id='line_1_82' title="bbox 2119 3546 3684 3619; baseline 0.001 -17"><span class='ocrx_word' id='word_1_564' title='bbox 2119 3546 2364 3603; x_wconf 81' lang='lat' dir='ltr'><strong>XXXIV.</strong></span> <span class='ocrx_word' id='word_1_565' title='bbox 2399 3548 2537 3601; x_wconf 90' lang='lat' dir='ltr'>Cum</span> <span class='ocrx_word' id='word_1_566' title='bbox 2568 3551 2761 3602; x_wconf 91' lang='lat' dir='ltr'><strong>autem</strong></span> <span class='ocrx_word' id='word_1_567' title='bbox 2789 3563 2989 3602; x_wconf 88' lang='lat' dir='ltr'><strong>omnes</strong></span> <span class='ocrx_word' id='word_1_568' title='bbox 3015 3546 3302 3619; x_wconf 88' lang='lat' dir='ltr'><strong>imagines</strong></span> <span class='ocrx_word' id='word_1_569' title='bbox 3334 3547 3684 3618; x_wconf 81' lang='lat' dir='ltr'><strong>profundum</strong></span> 
     </span>
    </p>
   </div>
   <div class='ocr_carea' id='block_1_83' title="bbox 2049 3635 3684 3707">
    <p class='ocr_par' dir='ltr' id='par_1_83' title="bbox 2049 3635 3684 3707">
     <span class='ocr_line' id='line_1_83' title="bbox 2049 3635 3684 3707; baseline 0.001 -16"><span class='ocrx_word' id='word_1_570' title='bbox 2049 3639 2270 3692; x_wconf 84' lang='lat' dir='ltr'><strong>teneret</strong></span> <span class='ocrx_word' id='word_1_571' title='bbox 2300 3635 2617 3700; x_wconf 89' lang='lat' dir='ltr'><strong>silentium,</strong></span> <span class='ocrx_word' id='word_1_572' title='bbox 2651 3635 2992 3692; x_wconf 83' lang='lat' dir='ltr'><strong>existimans</strong></span> <span class='ocrx_word' id='word_1_573' title='bbox 3021 3653 3168 3707; x_wconf 88' lang='lat' dir='ltr'><strong>opus</strong></span> <span class='ocrx_word' id='word_1_574' title='bbox 3200 3651 3325 3691; x_wconf 86' lang='lat' dir='ltr'><strong>esse</strong></span> <span class='ocrx_word' id='word_1_575' title='bbox 3355 3635 3684 3707; x_wconf 65' lang='lat' dir='ltr'><strong>prestigiis,</strong></span> 
     </span>
    </p>
   </div>
   <div class='ocr_carea' id='block_1_84' title="bbox 2051 3723 3688 3796">
    <p class='ocr_par' dir='ltr' id='par_1_84' title="bbox 2051 3723 3688 3796">
     <span class='ocr_line' id='line_1_84' title="bbox 2051 3723 3688 3796; baseline -0.001 -16"><span class='ocrx_word' id='word_1_576' title='bbox 2051 3741 2196 3796; x_wconf 90' lang='lat' dir='ltr'><strong>quas</strong></span> <span class='ocrx_word' id='word_1_577' title='bbox 2209 3724 2382 3780; x_wconf 68' lang='lat' dir='ltr'><strong>Graeci</strong></span> <span class='ocrx_word' id='word_1_578' title='bbox 2404 3732 2609 3780; x_wconf 90' lang='lat' dir='ltr'><strong>vocant</strong></span> <span class='ocrx_word' id='word_1_579' title='bbox 2633 3723 2982 3795; x_wconf 84' lang='lat' dir='ltr'><strong>hierurgiam</strong></span> <span class='ocrx_word' id='word_1_580' title='bbox 2993 3767 3007 3793; x_wconf 92' lang='lat'>,</span> <span class='ocrx_word' id='word_1_581' title='bbox 3024 3724 3298 3780; x_wconf 89' lang='lat' dir='ltr'><strong>accersito</strong></span> <span class='ocrx_word' id='word_1_582' title='bbox 3312 3725 3558 3795; x_wconf 88' lang='lat' dir='ltr'><strong>quodam</strong></span> <span class='ocrx_word' id='word_1_583' title='bbox 3583 3725 3688 3779; x_wconf 85' lang='lat' dir='ltr'>Eu-</span> 
     </span>
    </p>
   </div>
   <div class='ocr_carea' id='block_1_85' title="bbox 2053 3811 3686 3884">
    <p class='ocr_par' dir='ltr' id='par_1_85' title="bbox 2053 3811 3686 3884">
     <span class='ocr_line' id='line_1_85' title="bbox 2053 3811 3686 3884; baseline -0.001 -16"><span class='ocrx_word' id='word_1_584' title='bbox 2053 3813 2236 3882; x_wconf 89' lang='lat' dir='ltr'><strong>sebio,</strong></span> <span class='ocrx_word' id='word_1_585' title='bbox 2253 3828 2424 3884; x_wconf 88' lang='lat' dir='ltr'><strong>quem</strong></span> <span class='ocrx_word' id='word_1_586' title='bbox 2446 3813 2504 3867; x_wconf 91' lang='lat' dir='ltr'><strong>in</strong></span> <span class='ocrx_word' id='word_1_587' title='bbox 2525 3812 2798 3884; x_wconf 85' lang='lat' dir='ltr'><strong>gentibus</strong></span> <span class='ocrx_word' id='word_1_588' title='bbox 2820 3811 2975 3868; x_wconf 88' lang='lat' dir='ltr'><strong>fama</strong></span> <span class='ocrx_word' id='word_1_589' title='bbox 2995 3820 3117 3868; x_wconf 88' lang='lat' dir='ltr'><strong>erat</strong></span> <span class='ocrx_word' id='word_1_590' title='bbox 3137 3811 3247 3868; x_wconf 88' lang='lat' dir='ltr'>hac</span> <span class='ocrx_word' id='word_1_591' title='bbox 3271 3813 3332 3868; x_wconf 94' lang='lat' dir='ltr'><strong>in</strong></span> <span class='ocrx_word' id='word_1_592' title='bbox 3353 3827 3414 3867; x_wconf 92' lang='lat' dir='ltr'>re</span> <span class='ocrx_word' id='word_1_593' title='bbox 3437 3812 3686 3868; x_wconf 88' lang='lat' dir='ltr'><strong>multum</strong></span> 
     </span>
    </p>
   </div>
   <div class='ocr_carea' id='block_1_86' title="bbox 2052 3901 3691 3974">
    <p class='ocr_par' dir='ltr' id='par_1_86' title="bbox 2052 3901 3691 3974">
     <span class='ocr_line' id='line_1_86' title="bbox 2052 3901 3691 3974; baseline -0.002 -16"><span class='ocrx_word' id='word_1_594' title='bbox 2052 3918 2245 3974; x_wconf 88' lang='lat' dir='ltr'><strong>posse,</strong></span> <span class='ocrx_word' id='word_1_595' title='bbox 2277 3902 2330 3957; x_wconf 91' lang='lat' dir='ltr'>ei</span> <span class='ocrx_word' id='word_1_596' title='bbox 2351 3901 2528 3970; x_wconf 87' lang='lat' dir='ltr'><strong>jussit</strong></span> <span class='ocrx_word' id='word_1_597' title='bbox 2561 3909 2618 3955; x_wconf 92' lang='lat' dir='ltr'>ut</span> <span class='ocrx_word' id='word_1_598' title='bbox 2651 3917 2829 3972; x_wconf 88' lang='lat' dir='ltr'><strong>quam</strong></span> <span class='ocrx_word' id='word_1_599' title='bbox 2863 3902 3112 3956; x_wconf 81' lang='lat' dir='ltr'><strong>maxime</strong></span> <span class='ocrx_word' id='word_1_600' title='bbox 3142 3901 3460 3972; x_wconf 87' lang='lat' dir='ltr'><strong>spirantem</strong></span> <span class='ocrx_word' id='word_1_601' title='bbox 3483 3909 3536 3957; x_wconf 90' lang='lat' dir='ltr'><strong>et</strong></span> <span class='ocrx_word' id='word_1_602' title='bbox 3566 3901 3691 3956; x_wconf 84' lang='lat' dir='ltr'>el‘ﬁ-</span> 
     </span>
    </p>
   </div>
   <div class='ocr_carea' id='block_1_87' title="bbox 2051 3988 3687 4060">
    <p class='ocr_par' dir='ltr' id='par_1_87' title="bbox 2051 3988 3687 4060">
     <span class='ocr_line' id='line_1_87' title="bbox 2051 3988 3687 4060; baseline -0.002 -14"><span class='ocrx_word' id='word_1_603' title='bbox 2051 4006 2246 4046; x_wconf 88' lang='lat' dir='ltr'><strong>cacem</strong></span> <span class='ocrx_word' id='word_1_604' title='bbox 2318 3989 2582 4044; x_wconf 86' lang='lat' dir='ltr'><strong>redderet</strong></span> <span class='ocrx_word' id='word_1_605' title='bbox 2649 3988 2984 4060; x_wconf 88' lang='lat' dir='ltr'><strong>imaginem,</strong></span> <span class='ocrx_word' id='word_1_606' title='bbox 3039 3988 3180 4043; x_wconf 89' lang='lat' dir='ltr'><strong>nulli</strong></span> <span class='ocrx_word' id='word_1_607' title='bbox 3243 3991 3324 4044; x_wconf 91' lang='lat' dir='ltr'>rei</span> <span class='ocrx_word' id='word_1_608' title='bbox 3380 3988 3687 4059; x_wconf 88' lang='lat' dir='ltr'><strong>parcendo,</strong></span> 
     </span>
    </p>
   </div>
   <div class='ocr_carea' id='block_1_88' title="bbox 2053 4076 3689 4149">
    <p class='ocr_par' dir='ltr' id='par_1_88' title="bbox 2053 4076 3689 4149">
     <span class='ocr_line' id='line_1_88' title="bbox 2053 4076 3689 4149; baseline -0.003 -15"><span class='ocrx_word' id='word_1_609' title='bbox 2053 4095 2163 4149; x_wconf 90' lang='lat' dir='ltr'>qua</span> <span class='ocrx_word' id='word_1_610' title='bbox 2193 4080 2262 4133; x_wconf 90' lang='lat' dir='ltr'>ad</span> <span class='ocrx_word' id='word_1_611' title='bbox 2294 4078 2403 4132; x_wconf 88' lang='lat' dir='ltr'>hoc</span> <span class='ocrx_word' id='word_1_612' title='bbox 2450 4093 2596 4147; x_wconf 82' lang='lat' dir='ltr'><strong>Opus</strong></span> <span class='ocrx_word' id='word_1_613' title='bbox 2642 4092 2770 4132; x_wconf 91' lang='lat' dir='ltr'><strong>esse</strong></span> <span class='ocrx_word' id='word_1_614' title='bbox 2800 4083 3076 4132; x_wconf 89' lang='lat' dir='ltr'><strong>censeret.</strong></span> <span class='ocrx_word' id='word_1_615' title='bbox 3111 4077 3253 4130; x_wconf 89' lang='lat' dir='ltr'><strong>Cum</strong></span> <span class='ocrx_word' id='word_1_616' title='bbox 3306 4083 3498 4131; x_wconf 89' lang='lat' dir='ltr'><strong>autem</strong></span> <span class='ocrx_word' id='word_1_617' title='bbox 3544 4076 3689 4131; x_wconf 80' lang='lat' dir='ltr'><strong>nihil</strong></span> 
     </span>
    </p>
   </div>
   <div class='ocr_carea' id='block_1_89' title="bbox 2055 4164 3689 4236">
    <p class='ocr_par' dir='ltr' id='par_1_89' title="bbox 2055 4164 3689 4236">
     <span class='ocr_line' id='line_1_89' title="bbox 2055 4164 3689 4236; baseline 0.001 -17"><span class='ocrx_word' id='word_1_618' title='bbox 2055 4183 2167 4221; x_wconf 93' lang='lat' dir='ltr'><strong>non</strong></span> <span class='ocrx_word' id='word_1_619' title='bbox 2199 4172 2348 4220; x_wconf 89' lang='lat' dir='ltr'><strong>esset</strong></span> <span class='ocrx_word' id='word_1_620' title='bbox 2379 4165 2766 4226; x_wconf 87' lang='lat' dir='ltr'><strong>machinatus,</strong></span> <span class='ocrx_word' id='word_1_621' title='bbox 2791 4169 2848 4218; x_wconf 90' lang='lat' dir='ltr'>et</span> <span class='ocrx_word' id='word_1_622' title='bbox 2878 4164 3021 4218; x_wconf 91' lang='lat' dir='ltr'><strong>nihil</strong></span> <span class='ocrx_word' id='word_1_623' title='bbox 3054 4165 3513 4234; x_wconf 63' lang='lat' dir='ltr'><strong>praetermisisset</strong></span> <span class='ocrx_word' id='word_1_624' title='bbox 3533 4165 3689 4236; x_wconf 89' lang='lat' dir='ltr'><strong>quod</strong></span> 
     </span>
    </p>
   </div>
   <div class='ocr_carea' id='block_1_90' title="bbox 2055 4251 3690 4319">
    <p class='ocr_par' dir='ltr' id='par_1_90' title="bbox 2055 4251 3690 4319">
     <span class='ocr_line' id='line_1_90' title="bbox 2055 4251 3690 4319; baseline -0.001 -9"><span class='ocrx_word' id='word_1_625' title='bbox 2055 4253 2168 4310; x_wconf 87' lang='lat' dir='ltr'><strong>sibi</strong></span> <span class='ocrx_word' id='word_1_626' title='bbox 2218 4254 2276 4308; x_wconf 92' lang='lat' dir='ltr'><strong>in</strong></span> <span class='ocrx_word' id='word_1_627' title='bbox 2310 4255 2561 4306; x_wconf 87' lang='lat' dir='ltr'><strong>mentem</strong></span> <span class='ocrx_word' id='word_1_628' title='bbox 2603 4251 2876 4319; x_wconf 83' lang='lat' dir='ltr'><strong>venisset,</strong></span> <span class='ocrx_word' id='word_1_629' title='bbox 2911 4251 3008 4307; x_wconf 90' lang='lat' dir='ltr'><strong>ille</strong></span> <span class='ocrx_word' id='word_1_630' title='bbox 3047 4257 3243 4309; x_wconf 90' lang='lat' dir='ltr'><strong>tamen</strong></span> <span class='ocrx_word' id='word_1_631' title='bbox 3272 4254 3475 4308; x_wconf 88' lang='lat' dir='ltr'><strong>eodem</strong></span> <span class='ocrx_word' id='word_1_632' title='bbox 3517 4253 3690 4308; x_wconf 91' lang='lat' dir='ltr'><strong>modo</strong></span> 
     </span>
    </p>
   </div>
   <div class='ocr_carea' id='block_1_91' title="bbox 2054 4339 3689 4413">
    <p class='ocr_par' dir='ltr' id='par_1_91' title="bbox 2054 4339 3689 4413">
     <span class='ocr_line' id='line_1_91' title="bbox 2054 4339 3689 4413; baseline -0.001 -15"><span class='ocrx_word' id='word_1_633' title='bbox 2054 4341 2356 4409; x_wconf 87' lang='lat' dir='ltr'><strong>tacuisset,</strong></span> <span class='ocrx_word' id='word_1_634' title='bbox 2389 4355 2578 4410; x_wconf 91' lang='lat' dir='ltr'><strong>neque</strong></span> <span class='ocrx_word' id='word_1_635' title='bbox 2607 4339 2794 4411; x_wconf 84' lang='lat' dir='ltr'><strong>magis</strong></span> <span class='ocrx_word' id='word_1_636' title='bbox 2815 4357 2992 4411; x_wconf 90' lang='lat' dir='ltr'><strong>quam</strong></span> <span class='ocrx_word' id='word_1_637' title='bbox 3017 4347 3185 4396; x_wconf 90' lang='lat' dir='ltr'><strong>antea</strong></span> <span class='ocrx_word' id='word_1_638' title='bbox 3215 4341 3572 4413; x_wconf 89' lang='lat' dir='ltr'><strong>loqueretur,</strong></span> <span class='ocrx_word' id='word_1_639' title='bbox 3594 4341 3689 4397; x_wconf 92' lang='lat' dir='ltr'>hic</span> 
     </span>
    </p>
   </div>
   <div class='ocr_carea' id='block_1_92' title="bbox 2046 4427 3690 4502">
    <p class='ocr_par' dir='ltr' id='par_1_92' title="bbox 2046 4427 3690 4502">
     <span class='ocr_line' id='line_1_92' title="bbox 2046 4427 3690 4502; baseline -0.001 -16"><span class='ocrx_word' id='word_1_640' title='bbox 2046 4432 2174 4502; x_wconf 90' lang='lat' dir='ltr'>jam</span> <span class='ocrx_word' id='word_1_641' title='bbox 2223 4433 2458 4500; x_wconf 87' lang='lat' dir='ltr'><strong>rogatus</strong></span> <span class='ocrx_word' id='word_1_642' title='bbox 2487 4445 2522 4484; x_wconf 88' lang='lat' dir='ltr'>a</span> <span class='ocrx_word' id='word_1_643' title='bbox 2548 4427 2804 4498; x_wconf 88' lang='lat' dir='ltr'><strong>Juliano,</strong></span> <span class='ocrx_word' id='word_1_644' title='bbox 2837 4445 2940 4484; x_wconf 91' lang='lat' dir='ltr'>cur</span> <span class='ocrx_word' id='word_1_645' title='bbox 2971 4430 3223 4486; x_wconf 86' lang='lat' dir='ltr'><strong>maxime</strong></span> <span class='ocrx_word' id='word_1_646' title='bbox 3251 4434 3486 4498; x_wconf 87' lang='lat' dir='ltr'><strong>taceret,</strong></span> <span class='ocrx_word' id='word_1_647' title='bbox 3519 4430 3690 4500; x_wconf 89' lang='lat' dir='ltr'><strong>idque</strong></span> 
     </span>
    </p>
   </div>
   <div class='ocr_carea' id='block_1_93' title="bbox 2057 4517 3688 4589">
    <p class='ocr_par' dir='ltr' id='par_1_93' title="bbox 2057 4517 3688 4589">
     <span class='ocr_line' id='line_1_93' title="bbox 2057 4517 3688 4589; baseline -0.002 -14"><span class='ocrx_word' id='word_1_648' title='bbox 2057 4535 2190 4575; x_wconf 87' lang='lat' dir='ltr'>cum</span> <span class='ocrx_word' id='word_1_649' title='bbox 2225 4517 2374 4573; x_wconf 85' lang='lat' dir='ltr'><strong>facta</strong></span> <span class='ocrx_word' id='word_1_650' title='bbox 2403 4522 2598 4574; x_wconf 90' lang='lat' dir='ltr'><strong>essent</strong></span> <span class='ocrx_word' id='word_1_651' title='bbox 2626 4517 2844 4584; x_wconf 89' lang='lat' dir='ltr'><strong>omnia,</strong></span> <span class='ocrx_word' id='word_1_652' title='bbox 2878 4535 3000 4589; x_wconf 64' lang='lat' dir='ltr'><strong>qua:</strong></span> <span class='ocrx_word' id='word_1_653' title='bbox 3033 4519 3102 4574; x_wconf 83' lang='lat' dir='ltr'>de</span> <span class='ocrx_word' id='word_1_654' title='bbox 3141 4535 3298 4575; x_wconf 91' lang='lat' dir='ltr'><strong>more</strong></span> <span class='ocrx_word' id='word_1_655' title='bbox 3327 4520 3491 4587; x_wconf 86' lang='lat' dir='ltr'><strong>ﬂunt,</strong></span> <span class='ocrx_word' id='word_1_656' title='bbox 3524 4519 3688 4585; x_wconf 84' lang='lat' dir='ltr'><strong>dixit,</strong></span> 
     </span>
    </p>
   </div>
   <div class='ocr_carea' id='block_1_94' title="bbox 307 4601 1943 4685">
    <p class='ocr_par' dir='ltr' id='par_1_94' title="bbox 307 4601 1943 4680">
     <span class='ocr_line' id='line_1_94' title="bbox 307 4601 1943 4680; baseline -0.004 -16"><span class='ocrx_word' id='word_1_657' title='bbox 307 4614 408 4664; x_wconf 76' lang='grc' dir='ltr'>τοῦ</span> <span class='ocrx_word' id='word_1_658' title='bbox 469 4606 770 4663; x_wconf 78' lang='grc' dir='ltr'>Ἰουλιανοῦ</span> <span class='ocrx_word' id='word_1_659' title='bbox 844 4605 1223 4680; x_wconf 85' lang='grc' dir='ltr'>ἐρωτώμενος,</span> <span class='ocrx_word' id='word_1_660' title='bbox 1281 4604 1370 4658; x_wconf 77' lang='grc' dir='ltr'>καὶ</span> <span class='ocrx_word' id='word_1_661' title='bbox 1445 4602 1635 4658; x_wconf 89' lang='grc' dir='ltr'>καθότι</span> <span class='ocrx_word' id='word_1_662' title='bbox 1711 4601 1943 4676; x_wconf 85' lang='grc' dir='ltr'>μάλιστα</span> 
     </span>
    </p>
   </div>
   <div class='ocr_carea' id='block_1_95' title="bbox 2057 4601 3692 4685">
    <p class='ocr_par' dir='ltr' id='par_1_95' title="bbox 2059 4606 3692 4680">
     <span class='ocr_line' id='line_1_95' title="bbox 2059 4606 3692 4680; baseline -0.002 -14"><span class='ocrx_word' id='word_1_663' title='bbox 2059 4608 2324 4680; x_wconf 78' lang='lat' dir='ltr'><strong>Babylam</strong></span> <span class='ocrx_word' id='word_1_664' title='bbox 2355 4623 2482 4663; x_wconf 89' lang='lat' dir='ltr'><strong>esse</strong></span> <span class='ocrx_word' id='word_1_665' title='bbox 2513 4606 2864 4679; x_wconf 69' lang='lat' dir='ltr'><strong>praecipuam</strong></span> <span class='ocrx_word' id='word_1_666' title='bbox 2897 4625 3130 4664; x_wconf 88' lang='lat' dir='ltr'><strong>causam</strong></span> <span class='ocrx_word' id='word_1_667' title='bbox 3172 4609 3387 4665; x_wconf 89' lang='lat' dir='ltr'><strong>silentii</strong></span> <span class='ocrx_word' id='word_1_668' title='bbox 3437 4618 3547 4664; x_wconf 90' lang='lat' dir='ltr'>tam</span> <span class='ocrx_word' id='word_1_669' title='bbox 3584 4608 3692 4663; x_wconf 85' lang='lat' dir='ltr'>hu-</span> 
     </span>
    </p>
   </div>
   <div class='ocr_carea' id='block_1_96' title="bbox 313 4689 1948 4765">
    <p class='ocr_par' dir='ltr' id='par_1_96' title="bbox 313 4689 1948 4765">
     <span class='ocr_line' id='line_1_96' title="bbox 313 4689 1948 4765; baseline -0.004 -13"><span class='ocrx_word' id='word_1_670' title='bbox 313 4701 558 4765; x_wconf 89' lang='grc' dir='ltr'>σιωπῶν,</span> <span class='ocrx_word' id='word_1_671' title='bbox 606 4695 697 4750; x_wconf 85' lang='grc' dir='ltr'>καὶ</span> <span class='ocrx_word' id='word_1_672' title='bbox 744 4698 911 4750; x_wconf 75' lang='grc' dir='ltr'>ταῦτα</span> <span class='ocrx_word' id='word_1_673' title='bbox 975 4693 1190 4749; x_wconf 83' lang='grc' dir='ltr'>πάντων</span> <span class='ocrx_word' id='word_1_674' title='bbox 1246 4691 1605 4748; x_wconf 86' lang='grc' dir='ltr'>τελεσθέντων</span> <span class='ocrx_word' id='word_1_675' title='bbox 1661 4689 1746 4746; x_wconf 85' lang='grc' dir='ltr'>ἐπ’</span> <span class='ocrx_word' id='word_1_676' title='bbox 1801 4691 1948 4762; x_wconf 87' lang='grc' dir='ltr'>αὐτῷ</span> 
     </span>
    </p>
   </div>
   <div class='ocr_carea' id='block_1_97' title="bbox 309 4777 1958 4861">
    <p class='ocr_par' dir='ltr' id='par_1_97' title="bbox 309 4777 1958 4861">
     <span class='ocr_line' id='line_1_97' title="bbox 309 4777 1958 4861; baseline -0.006 -17"><span class='ocrx_word' id='word_1_677' title='bbox 309 4792 418 4844; x_wconf 87' lang='grc' dir='ltr'>τῶν</span> <span class='ocrx_word' id='word_1_678' title='bbox 458 4784 858 4860; x_wconf 86' lang='grc' dir='ltr'>νομιζομένων,</span> <span class='ocrx_word' id='word_1_679' title='bbox 890 4783 980 4840; x_wconf 86' lang='grc' dir='ltr'>τὸν</span> <span class='ocrx_word' id='word_1_680' title='bbox 1014 4778 1268 4841; x_wconf 78' lang='grc' dir='ltr'>Βαϐύλαν</span> <span class='ocrx_word' id='word_1_681' title='bbox 1309 4777 1410 4861; x_wconf 76' lang='grc' dir='ltr'>ἔφη</span> <span class='ocrx_word' id='word_1_682' title='bbox 1457 4789 1558 4852; x_wconf 74' lang='grc' dir='ltr'>τῆς</span> <span class='ocrx_word' id='word_1_683' title='bbox 1590 4787 1802 4851; x_wconf 75' lang='grc' dir='ltr'>σιωπῆς</span> <span class='ocrx_word' id='word_1_684' title='bbox 1831 4785 1958 4834; x_wconf 80' lang='grc' dir='ltr'>τοῦ·</span> 
     </span>
    </p>
   </div>
   <div class='ocr_carea' id='block_1_98' title="bbox 311 4870 1956 4948">
    <p class='ocr_par' dir='ltr' id='par_1_98' title="bbox 311 4870 1956 4948">
     <span class='ocr_line' id='line_1_98' title="bbox 311 4870 1956 4948; baseline -0.005 -16"><span class='ocrx_word' id='word_1_685' title='bbox 311 4899 408 4933; x_wconf 88' lang='grc' dir='ltr'>του</span> <span class='ocrx_word' id='word_1_686' title='bbox 438 4897 497 4932; x_wconf 89' lang='grc' dir='ltr'>τε</span> <span class='ocrx_word' id='word_1_687' title='bbox 524 4876 613 4931; x_wconf 87' lang='grc' dir='ltr'>καὶ</span> <span class='ocrx_word' id='word_1_688' title='bbox 645 4881 752 4930; x_wconf 92' lang='grc' dir='ltr'>τῶν</span> <span class='ocrx_word' id='word_1_689' title='bbox 780 4873 992 4929; x_wconf 79' lang='grc' dir='ltr'>λοιπῶν</span> <span class='ocrx_word' id='word_1_690' title='bbox 1039 4871 1366 4948; x_wconf 86' lang='grc' dir='ltr'>ἀγαλμάτων</span> <span class='ocrx_word' id='word_1_691' title='bbox 1434 4872 1754 4927; x_wconf 82' lang='grc' dir='ltr'>αἰτιώτατον</span> <span class='ocrx_word' id='word_1_692' title='bbox 1797 4870 1956 4940; x_wconf 82' lang='grc' dir='ltr'>εἶναι,</span> 
     </span>
    </p>
   </div>
   <div class='ocr_carea' id='block_1_99' title="bbox 315 4959 1956 5042">
    <p class='ocr_par' dir='ltr' id='par_1_99' title="bbox 315 4959 1956 5042">
     <span class='ocr_line' id='line_1_99' title="bbox 315 4959 1956 5042; baseline -0.007 -19"><span class='ocrx_word' id='word_1_693' title='bbox 315 4969 485 5023; x_wconf 81' lang='grc' dir='ltr'>αὐτοῦ</span> <span class='ocrx_word' id='word_1_694' title='bbox 523 4963 578 5020; x_wconf 92' lang='grc' dir='ltr'>ἐν</span> <span class='ocrx_word' id='word_1_695' title='bbox 602 4968 672 5038; x_wconf 79' lang='grc' dir='ltr'>τῇ</span> <span class='ocrx_word' id='word_1_696' title='bbox 704 4962 882 5042; x_wconf 75' lang='grc' dir='ltr'>Δάφνῃ</span> <span class='ocrx_word' id='word_1_697' title='bbox 936 4963 1206 5036; x_wconf 86' lang='grc' dir='ltr'>κειμένου,</span> <span class='ocrx_word' id='word_1_698' title='bbox 1240 4961 1316 5026; x_wconf 81' lang='grc' dir='ltr'>ὡς</span> <span class='ocrx_word' id='word_1_699' title='bbox 1341 4965 1449 5016; x_wconf 89' lang='grc' dir='ltr'>τῶν</span> <span class='ocrx_word' id='word_1_700' title='bbox 1479 4961 1613 5015; x_wconf 91' lang='grc' dir='ltr'>θεῶν</span> <span class='ocrx_word' id='word_1_701' title='bbox 1643 4961 1732 5014; x_wconf 82' lang='grc' dir='ltr'>τὸν</span> <span class='ocrx_word' id='word_1_702' title='bbox 1764 4959 1956 5033; x_wconf 85' lang='grc' dir='ltr'>νεκρὸν</span> 
     </span>
    </p>
   </div>
   <div class='ocr_carea' id='block_1_100' title="bbox 315 5043 1958 5126">
    <p class='ocr_par' dir='ltr' id='par_1_100' title="bbox 315 5043 1958 5126">
     <span class='ocr_line' id='line_1_100' title="bbox 315 5043 1958 5126; baseline -0.006 -14"><span class='ocrx_word' id='word_1_703' title='bbox 315 5057 478 5112; x_wconf 75' lang='grc' dir='ltr'>αὐτοῦ</span> <span class='ocrx_word' id='word_1_704' title='bbox 528 5050 992 5126; x_wconf 76' lang='grc' dir='ltr'>ϐδελυττομένων,</span> <span class='ocrx_word' id='word_1_705' title='bbox 1023 5051 1112 5106; x_wconf 86' lang='grc' dir='ltr'>καὶ</span> <span class='ocrx_word' id='word_1_706' title='bbox 1177 5048 1265 5106; x_wconf 79' lang='grc' dir='ltr'>διὰ</span> <span class='ocrx_word' id='word_1_707' title='bbox 1291 5054 1450 5106; x_wconf 80' lang='grc' dir='ltr'>τοῦτο</span> <span class='ocrx_word' id='word_1_708' title='bbox 1481 5055 1596 5111; x_wconf 89' lang='grc' dir='ltr'>τοῖς</span> <span class='ocrx_word' id='word_1_709' title='bbox 1641 5043 1779 5104; x_wconf 83' lang='grc' dir='ltr'>ἔθεσι</span> <span class='ocrx_word' id='word_1_710' title='bbox 1813 5052 1958 5124; x_wconf 75' lang='grc' dir='ltr'>σφῶν</span> 
     </span>
    </p>
   </div>
   <div class='ocr_carea' id='block_1_101' title="bbox 318 5132 1955 5222">
    <p class='ocr_par' dir='ltr' id='par_1_101' title="bbox 318 5132 1955 5222">
     <span class='ocr_line' id='line_1_101' title="bbox 318 5132 1955 5222; baseline -0.006 -22"><span class='ocrx_word' id='word_1_711' title='bbox 318 5145 597 5222; x_wconf 71' lang='grc' dir='ltr'>ἐπιφοιτᾷν</span> <span class='ocrx_word' id='word_1_712' title='bbox 655 5141 754 5197; x_wconf 84' lang='grc' dir='ltr'>οὐκ</span> <span class='ocrx_word' id='word_1_713' title='bbox 809 5138 1176 5215; x_wconf 87' lang='grc' dir='ltr'>ἀνεχομένων.</span> <span class='ocrx_word' id='word_1_714' title='bbox 1237 5138 1310 5193; x_wconf 80' lang='grc' dir='ltr'>Οὐ</span> <span class='ocrx_word' id='word_1_715' title='bbox 1367 5140 1470 5213; x_wconf 78' lang='grc' dir='ltr'>γὰρ</span> <span class='ocrx_word' id='word_1_716' title='bbox 1530 5132 1801 5207; x_wconf 70' lang='grc' dir='ltr'>ἠϐούλετο</span> <span class='ocrx_word' id='word_1_717' title='bbox 1856 5137 1955 5205; x_wconf 77' lang='grc' dir='ltr'>τὴν</span> 
     </span>
    </p>
   </div>
   <div class='ocr_carea' id='block_1_102' title="bbox 315 5226 1960 5303">
    <p class='ocr_par' dir='ltr' id='par_1_102' title="bbox 315 5226 1960 5303">
     <span class='ocr_line' id='line_1_102' title="bbox 315 5226 1960 5303; baseline -0.005 -15"><span class='ocrx_word' id='word_1_718' title='bbox 315 5232 689 5303; x_wconf 83' lang='grc' dir='ltr'>ἀληθεστατην</span> <span class='ocrx_word' id='word_1_719' title='bbox 743 5229 916 5286; x_wconf 87' lang='grc' dir='ltr'>αἰτίαν</span> <span class='ocrx_word' id='word_1_720' title='bbox 965 5228 1157 5299; x_wconf 79' lang='grc' dir='ltr'>εἰπεῖν,</span> <span class='ocrx_word' id='word_1_721' title='bbox 1207 5229 1235 5282; x_wconf 85' lang='grc' dir='ltr'>ὁ</span> <span class='ocrx_word' id='word_1_722' title='bbox 1299 5227 1602 5283; x_wconf 83' lang='grc' dir='ltr'>παντάπασί</span> <span class='ocrx_word' id='word_1_723' title='bbox 1663 5246 1725 5302; x_wconf 87' lang='grc' dir='ltr'>γε</span> <span class='ocrx_word' id='word_1_724' title='bbox 1790 5226 1960 5295; x_wconf 81' lang='grc' dir='ltr'>αὐτῆς</span> 
     </span>
    </p>
   </div>
   <div class='ocr_carea' id='block_1_103' title="bbox 315 5315 1954 5398">
    <p class='ocr_par' dir='ltr' id='par_1_103' title="bbox 315 5315 1954 5398">
     <span class='ocr_line' id='line_1_103' title="bbox 315 5315 1954 5398; baseline -0.004 -19"><span class='ocrx_word' id='word_1_725' title='bbox 315 5323 706 5394; x_wconf 87' lang='grc' dir='ltr'>ἀνεπαίσθητος</span> <span class='ocrx_word' id='word_1_726' title='bbox 749 5320 1017 5398; x_wconf 89' lang='grc' dir='ltr'>γεγονὼς,</span> <span class='ocrx_word' id='word_1_727' title='bbox 1062 5317 1146 5374; x_wconf 79' lang='grc' dir='ltr'>ὅτι</span> <span class='ocrx_word' id='word_1_728' title='bbox 1196 5315 1263 5388; x_wconf 82' lang='grc' dir='ltr'>δὴ</span> <span class='ocrx_word' id='word_1_729' title='bbox 1311 5319 1570 5394; x_wconf 87' lang='grc' dir='ltr'>κρείττων</span> <span class='ocrx_word' id='word_1_730' title='bbox 1619 5316 1847 5390; x_wconf 80' lang='grc' dir='ltr'>δύναμις</span> <span class='ocrx_word' id='word_1_731' title='bbox 1887 5317 1954 5386; x_wconf 79' lang='grc' dir='ltr'>ἦν</span> 
     </span>
    </p>
   </div>
   <div class='ocr_carea' id='block_1_104' title="bbox 2052 4696 3693 4770">
    <p class='ocr_par' dir='ltr' id='par_1_104' title="bbox 2052 4696 3693 4770">
     <span class='ocr_line' id='line_1_104' title="bbox 2052 4696 3693 4770; baseline -0.001 -16"><span class='ocrx_word' id='word_1_732' title='bbox 2052 4699 2178 4770; x_wconf 87' lang='lat' dir='ltr'><strong>jus,</strong></span> <span class='ocrx_word' id='word_1_733' title='bbox 2209 4712 2382 4768; x_wconf 88' lang='lat' dir='ltr'><strong>quam</strong></span> <span class='ocrx_word' id='word_1_734' title='bbox 2415 4696 2774 4767; x_wconf 88' lang='lat' dir='ltr'><strong>reliquarum</strong></span> <span class='ocrx_word' id='word_1_735' title='bbox 2807 4696 3150 4766; x_wconf 80' lang='lat' dir='ltr'><strong>imaginum,</strong></span> <span class='ocrx_word' id='word_1_736' title='bbox 3175 4713 3308 4752; x_wconf 90' lang='lat' dir='ltr'>cum</span> <span class='ocrx_word' id='word_1_737' title='bbox 3341 4697 3388 4752; x_wconf 91' lang='lat' dir='ltr'>is</span> <span class='ocrx_word' id='word_1_738' title='bbox 3419 4697 3568 4752; x_wconf 82' lang='lat' dir='ltr'><strong>situs</strong></span> <span class='ocrx_word' id='word_1_739' title='bbox 3599 4713 3693 4752; x_wconf 85' lang='lat' dir='ltr'>es-</span> 
     </span>
    </p>
   </div>
   <div class='ocr_carea' id='block_1_105' title="bbox 2061 4784 3696 4856">
    <p class='ocr_par' dir='ltr' id='par_1_105' title="bbox 2061 4784 3696 4856">
     <span class='ocr_line' id='line_1_105' title="bbox 2061 4784 3696 4856; baseline -0.001 -14"><span class='ocrx_word' id='word_1_740' title='bbox 2061 4790 2150 4843; x_wconf 89' lang='lat' dir='ltr'>set</span> <span class='ocrx_word' id='word_1_741' title='bbox 2171 4785 2230 4840; x_wconf 91' lang='lat' dir='ltr'>in</span> <span class='ocrx_word' id='word_1_742' title='bbox 2256 4785 2489 4856; x_wconf 89' lang='lat' dir='ltr'><strong>Daphne</strong></span> <span class='ocrx_word' id='word_1_743' title='bbox 2516 4789 2716 4856; x_wconf 90' lang='lat' dir='ltr'><strong>utpote</strong></span> <span class='ocrx_word' id='word_1_744' title='bbox 2738 4787 2890 4856; x_wconf 89' lang='lat' dir='ltr'><strong>quod</strong></span> <span class='ocrx_word' id='word_1_745' title='bbox 2916 4785 2996 4839; x_wconf 91' lang='lat' dir='ltr'><strong>dii</strong></span> <span class='ocrx_word' id='word_1_746' title='bbox 3026 4787 3150 4856; x_wconf 85' lang='lat' dir='ltr'><strong>ejus</strong></span> <span class='ocrx_word' id='word_1_747' title='bbox 3167 4784 3696 4840; x_wconf 81' lang='lat' dir='ltr'><strong>cadaverabhcrre-</strong></span> 
     </span>
    </p>
   </div>
   <div class='ocr_carea' id='block_1_106' title="bbox 2061 4873 3697 4943">
    <p class='ocr_par' dir='ltr' id='par_1_106' title="bbox 2061 4873 3697 4943">
     <span class='ocr_line' id='line_1_106' title="bbox 2061 4873 3697 4943; baseline -0.002 -11"><span class='ocrx_word' id='word_1_748' title='bbox 2061 4878 2210 4943; x_wconf 86' lang='lat' dir='ltr'><strong>rent,</strong></span> <span class='ocrx_word' id='word_1_749' title='bbox 2242 4879 2298 4930; x_wconf 93' lang='lat' dir='ltr'>et</span> <span class='ocrx_word' id='word_1_750' title='bbox 2327 4874 2454 4930; x_wconf 91' lang='lat' dir='ltr'><strong>ideo</strong></span> <span class='ocrx_word' id='word_1_751' title='bbox 2487 4891 2646 4930; x_wconf 91' lang='lat' dir='ltr'><strong>more</strong></span> <span class='ocrx_word' id='word_1_752' title='bbox 2676 4889 2783 4929; x_wconf 89' lang='lat' dir='ltr'>suo</span> <span class='ocrx_word' id='word_1_753' title='bbox 2812 4873 3008 4930; x_wconf 85' lang='lat' dir='ltr'><strong>venire</strong></span> <span class='ocrx_word' id='word_1_754' title='bbox 3041 4890 3153 4930; x_wconf 95' lang='lat' dir='ltr'><strong>non</strong></span> <span class='ocrx_word' id='word_1_755' title='bbox 3186 4874 3560 4930; x_wconf 89' lang='lat' dir='ltr'><strong>sustinerent.</strong></span> <span class='ocrx_word' id='word_1_756' title='bbox 3583 4873 3697 4929; x_wconf 90' lang='lat' dir='ltr'><strong>No-</strong></span> 
     </span>
    </p>
   </div>
   <div class='ocr_carea' id='block_1_107' title="bbox 2063 4962 3697 5034">
    <p class='ocr_par' dir='ltr' id='par_1_107' title="bbox 2063 4962 3697 5034">
     <span class='ocr_line' id='line_1_107' title="bbox 2063 4962 3697 5034; baseline 0 -16"><span class='ocrx_word' id='word_1_757' title='bbox 2063 4964 2222 5020; x_wconf 89' lang='lat' dir='ltr'><strong>lebat</strong></span> <span class='ocrx_word' id='word_1_758' title='bbox 2236 4964 2391 5019; x_wconf 90' lang='lat' dir='ltr'><strong>enim</strong></span> <span class='ocrx_word' id='word_1_759' title='bbox 2407 4963 2458 5018; x_wconf 93' lang='lat' dir='ltr'>ei</span> <span class='ocrx_word' id='word_1_760' title='bbox 2472 4979 2705 5020; x_wconf 88' lang='lat' dir='ltr'><strong>causam</strong></span> <span class='ocrx_word' id='word_1_761' title='bbox 2727 4963 2943 5019; x_wconf 89' lang='lat' dir='ltr'><strong>diceret</strong></span> <span class='ocrx_word' id='word_1_762' title='bbox 2969 4963 3348 5033; x_wconf 85' lang='lat' dir='ltr'><strong>verissimam,</strong></span> <span class='ocrx_word' id='word_1_763' title='bbox 3367 4963 3520 5034; x_wconf 89' lang='lat' dir='ltr'><strong>quod</strong></span> <span class='ocrx_word' id='word_1_764' title='bbox 3540 4962 3697 5018; x_wconf 87' lang='lat' dir='ltr'><strong>scili-</strong></span> 
     </span>
    </p>
   </div>
   <div class='ocr_carea' id='block_1_108' title="bbox 2064 5050 3701 5124">
    <p class='ocr_par' dir='ltr' id='par_1_108' title="bbox 2064 5050 3701 5124">
     <span class='ocr_line' id='line_1_108' title="bbox 2064 5050 3701 5124; baseline -0.001 -15"><span class='ocrx_word' id='word_1_765' title='bbox 2064 5057 2153 5110; x_wconf 90' lang='lat' dir='ltr'>cet</span> <span class='ocrx_word' id='word_1_766' title='bbox 2172 5057 2297 5109; x_wconf 90' lang='lat' dir='ltr'><strong>erat</strong></span> <span class='ocrx_word' id='word_1_767' title='bbox 2325 5057 2521 5124; x_wconf 88' lang='lat' dir='ltr'><strong>aperte</strong></span> <span class='ocrx_word' id='word_1_768' title='bbox 2551 5053 2738 5123; x_wconf 88' lang='lat' dir='ltr'><strong>major</strong></span> <span class='ocrx_word' id='word_1_769' title='bbox 2759 5051 2962 5118; x_wconf 81' lang='lat' dir='ltr'><strong>virtus,</strong></span> <span class='ocrx_word' id='word_1_770' title='bbox 2986 5067 3112 5122; x_wconf 66' lang='lat' dir='ltr'><strong>quis</strong></span> <span class='ocrx_word' id='word_1_771' title='bbox 3135 5050 3469 5123; x_wconf 85' lang='lat' dir='ltr'><strong>alligaverat</strong></span> <span class='ocrx_word' id='word_1_772' title='bbox 3494 5051 3701 5108; x_wconf 65' lang='lat' dir='ltr'><strong>daemo-</strong></span> 
     </span>
    </p>
   </div>
   <div class='ocr_carea' id='block_1_109' title="bbox 2066 5139 3702 5213">
    <p class='ocr_par' dir='ltr' id='par_1_109' title="bbox 2066 5139 3702 5213">
     <span class='ocr_line' id='line_1_109' title="bbox 2066 5139 3702 5213; baseline -0.002 -15"><span class='ocrx_word' id='word_1_773' title='bbox 2066 5159 2206 5198; x_wconf 90' lang='lat' dir='ltr'><strong>num</strong></span> <span class='ocrx_word' id='word_1_774' title='bbox 2238 5141 2640 5213; x_wconf 88' lang='lat' dir='ltr'><strong>operationes:</strong></span> <span class='ocrx_word' id='word_1_775' title='bbox 2674 5139 2924 5195; x_wconf 86' lang='lat' dir='ltr'><strong>maxime</strong></span> <span class='ocrx_word' id='word_1_776' title='bbox 2946 5155 3074 5194; x_wconf 89' lang='lat' dir='ltr'>cum</span> <span class='ocrx_word' id='word_1_777' title='bbox 3099 5140 3345 5203; x_wconf 68' lang='lat' dir='ltr'><strong>daemon,</strong></span> <span class='ocrx_word' id='word_1_778' title='bbox 3379 5139 3475 5210; x_wconf 90' lang='lat' dir='ltr'>qui</span> <span class='ocrx_word' id='word_1_779' title='bbox 3501 5142 3702 5209; x_wconf 84' lang='lat' dir='ltr'><strong>agebat</strong></span> 
     </span>
    </p>
   </div>
   <div class='ocr_carea' id='block_1_110' title="bbox 2063 5227 3702 5302">
    <p class='ocr_par' dir='ltr' id='par_1_110' title="bbox 2063 5227 3702 5302">
     <span class='ocr_line' id='line_1_110' title="bbox 2063 5227 3702 5302; baseline -0.002 -16"><span class='ocrx_word' id='word_1_780' title='bbox 2063 5230 2412 5302; x_wconf 81' lang='lat' dir='ltr'><strong>Apollinem,</strong></span> <span class='ocrx_word' id='word_1_781' title='bbox 2443 5228 2493 5285; x_wconf 89' lang='lat' dir='ltr'>ei</span> <span class='ocrx_word' id='word_1_782' title='bbox 2538 5232 2737 5300; x_wconf 88' lang='lat' dir='ltr'><strong>aperte</strong></span> <span class='ocrx_word' id='word_1_783' title='bbox 2795 5227 3212 5298; x_wconf 88' lang='lat' dir='ltr'><strong>respondisset,</strong></span> <span class='ocrx_word' id='word_1_784' title='bbox 3248 5234 3310 5284; x_wconf 89' lang='lat' dir='ltr'>ut</span> <span class='ocrx_word' id='word_1_785' title='bbox 3341 5227 3578 5288; x_wconf 90' lang='lat' dir='ltr'><strong>dicitur,</strong></span> <span class='ocrx_word' id='word_1_786' title='bbox 3639 5243 3702 5284; x_wconf 90' lang='lat' dir='ltr'><strong>se</strong></span> 
     </span>
    </p>
   </div>
   <div class='ocr_carea' id='block_1_111' title="bbox 2066 5317 3160 5390">
    <p class='ocr_par' dir='ltr' id='par_1_111' title="bbox 2066 5317 3160 5390">
     <span class='ocr_line' id='line_1_111' title="bbox 2066 5317 3160 5390; baseline -0.003 -15"><span class='ocrx_word' id='word_1_787' title='bbox 2066 5336 2181 5375; x_wconf 93' lang='lat' dir='ltr'><strong>non</strong></span> <span class='ocrx_word' id='word_1_788' title='bbox 2209 5336 2379 5390; x_wconf 89' lang='lat' dir='ltr'><strong>posse</strong></span> <span class='ocrx_word' id='word_1_789' title='bbox 2409 5317 2568 5388; x_wconf 91' lang='lat' dir='ltr'><strong>loqui</strong></span> <span class='ocrx_word' id='word_1_790' title='bbox 2602 5321 2832 5388; x_wconf 87' lang='lat' dir='ltr'><strong>propter</strong></span> <span class='ocrx_word' id='word_1_791' title='bbox 2862 5317 3160 5389; x_wconf 81' lang='lat' dir='ltr'><strong>Babylam.</strong></span> 
     </span>
    </p>
   </div>
   <div class='ocr_carea' id='block_1_112' title="bbox 315 5401 3704 5491">
    <p class='ocr_par' dir='ltr' id='par_1_112' title="bbox 315 5401 3704 5491">
     <span class='ocr_line' id='line_1_112' title="bbox 315 5401 3704 5491; baseline -0.005 -16"><span class='ocrx_word' id='word_1_792' title='bbox 315 5417 522 5491; x_wconf 75' lang='grc' dir='ltr'>σαφῶς,</span> <span class='ocrx_word' id='word_1_793' title='bbox 552 5414 588 5482; x_wconf 79' lang='grc' dir='ltr'>ἡ</span> <span class='ocrx_word' id='word_1_794' title='bbox 644 5410 739 5473; x_wconf 69' lang='grc' dir='ltr'>τὰς</span> <span class='ocrx_word' id='word_1_795' title='bbox 803 5414 908 5464; x_wconf 74' lang='grc' dir='ltr'>τῶν</span> <span class='ocrx_word' id='word_1_796' title='bbox 967 5407 1240 5482; x_wconf 75' lang='grc' dir='ltr'>δαιμόνων</span> <span class='ocrx_word' id='word_1_797' title='bbox 1296 5406 1564 5483; x_wconf 74' lang='grc' dir='ltr'>ἐνεργείας</span> <span class='ocrx_word' id='word_1_798' title='bbox 1617 5403 1987 5479; x_wconf 77' lang='grc' dir='ltr'>πεδησαμένη,</span> <span class='ocrx_word' id='word_1_799' title='bbox 2017 5405 2202 5469; x_wconf 79' lang='grc' dir='ltr'>ἄλλως</span> <span class='ocrx_word' id='word_1_800' title='bbox 2241 5427 2299 5461; x_wconf 91' lang='grc' dir='ltr'>τε</span> <span class='ocrx_word' id='word_1_801' title='bbox 2345 5405 2435 5460; x_wconf 81' lang='grc' dir='ltr'>καὶ</span> <span class='ocrx_word' id='word_1_802' title='bbox 2483 5425 2578 5460; x_wconf 89' lang='grc' dir='ltr'>του</span> <span class='ocrx_word' id='word_1_803' title='bbox 2629 5401 2883 5478; x_wconf 90' lang='grc' dir='ltr'>δαίμονος</span> <span class='ocrx_word' id='word_1_804' title='bbox 2930 5405 3076 5477; x_wconf 80' lang='grc' dir='ltr'>αὐτῷ</span> <span class='ocrx_word' id='word_1_805' title='bbox 3110 5410 3206 5460; x_wconf 78' lang='grc' dir='ltr'>τοῦ</span> <span class='ocrx_word' id='word_1_806' title='bbox 3251 5407 3340 5461; x_wconf 88' lang='grc' dir='ltr'>τὸν</span> <span class='ocrx_word' id='word_1_807' title='bbox 3376 5403 3704 5462; x_wconf 88' lang='grc' dir='ltr'>Ἀπόλλωνα</span> 
     </span>
    </p>
   </div>
   <div class='ocr_carea' id='block_1_113' title="bbox 317 5491 3063 5578">
    <p class='ocr_par' dir='ltr' id='par_1_113' title="bbox 317 5491 3063 5578">
     <span class='ocr_line' id='line_1_113' title="bbox 317 5491 3063 5578; baseline -0.002 -19"><span class='ocrx_word' id='word_1_808' title='bbox 317 5501 747 5578; x_wconf 83' lang='grc' dir='ltr'>ὑποκριναμένου</span> <span class='ocrx_word' id='word_1_809' title='bbox 777 5505 958 5574; x_wconf 75' lang='grc' dir='ltr'>σαφῶς</span> <span class='ocrx_word' id='word_1_810' title='bbox 989 5496 1311 5576; x_wconf 75' lang='grc' dir='ltr'>διαῤῥήδην,</span> <span class='ocrx_word' id='word_1_811' title='bbox 1347 5499 1423 5560; x_wconf 81' lang='grc' dir='ltr'>ὡς</span> <span class='ocrx_word' id='word_1_812' title='bbox 1454 5498 1692 5572; x_wconf 84' lang='grc' dir='ltr'>λέγεται,</span> <span class='ocrx_word' id='word_1_813' title='bbox 1727 5495 2028 5571; x_wconf 76' lang='grc' dir='ltr'>εἰρηκότος,</span> <span class='ocrx_word' id='word_1_814' title='bbox 2065 5499 2140 5570; x_wconf 84' lang='grc' dir='ltr'>μή</span> <span class='ocrx_word' id='word_1_815' title='bbox 2175 5495 2428 5559; x_wconf 71' lang='grc' dir='ltr'>δόνασθαι</span> <span class='ocrx_word' id='word_1_816' title='bbox 2452 5493 2641 5550; x_wconf 85' lang='grc' dir='ltr'>λαλεῖν</span> <span class='ocrx_word' id='word_1_817' title='bbox 2674 5493 2764 5550; x_wconf 79' lang='grc' dir='ltr'>διὰ</span> <span class='ocrx_word' id='word_1_818' title='bbox 2796 5491 3063 5553; x_wconf 74' lang='grc' dir='ltr'>Βαϐύλαν.</span> 
     </span>
    </p>
   </div>
   <div class='ocr_carea' id='block_1_114' title="bbox 383 5586 1955 5670">
    <p class='ocr_par' dir='ltr' id='par_1_114' title="bbox 383 5586 1955 5670">
     <span class='ocr_line' id='line_1_114' title="bbox 383 5586 1955 5670; baseline -0.006 -18"><span class='ocrx_word' id='word_1_819' title='bbox 383 5596 510 5652; x_wconf 77' lang='lat' dir='ltr'>AE&#39;.</span> <span class='ocrx_word' id='word_1_820' title='bbox 542 5595 604 5652; x_wconf 87' lang='grc' dir='ltr'>Ὁ</span> <span class='ocrx_word' id='word_1_821' title='bbox 643 5594 745 5670; x_wconf 81' lang='grc' dir='ltr'>γὰρ</span> <span class='ocrx_word' id='word_1_822' title='bbox 797 5590 862 5662; x_wconf 83' lang='grc' dir='ltr'>δὴ</span> <span class='ocrx_word' id='word_1_823' title='bbox 919 5586 1160 5667; x_wconf 74' lang='grc' dir='ltr'>βαϐύλας</span> <span class='ocrx_word' id='word_1_824' title='bbox 1209 5587 1366 5652; x_wconf 79' lang='grc' dir='ltr'>οὗτος</span> <span class='ocrx_word' id='word_1_825' title='bbox 1413 5588 1623 5664; x_wconf 87' lang='grc' dir='ltr'>λέγεται</span> <span class='ocrx_word' id='word_1_826' title='bbox 1657 5587 1955 5651; x_wconf 88' lang='grc' dir='ltr'>ἐπίσκοπος</span> 
     </span>
    </p>
   </div>
   <div class='ocr_carea' id='block_1_115' title="bbox 318 5671 1958 5761">
    <p class='ocr_par' dir='ltr' id='par_1_115' title="bbox 318 5671 1958 5761">
     <span class='ocr_line' id='line_1_115' title="bbox 318 5671 1958 5761; baseline -0.004 -23"><span class='ocrx_word' id='word_1_827' title='bbox 318 5683 413 5757; x_wconf 77' lang='grc' dir='ltr'>μὶν</span> <span class='ocrx_word' id='word_1_828' title='bbox 449 5681 689 5761; x_wconf 79' lang='grc' dir='ltr'>γενέσθαι</span> <span class='ocrx_word' id='word_1_829' title='bbox 737 5687 837 5751; x_wconf 80' lang='grc' dir='ltr'>τῆς</span> <span class='ocrx_word' id='word_1_830' title='bbox 878 5677 1239 5754; x_wconf 84' lang='grc' dir='ltr'>Ἀντιοχείας,</span> <span class='ocrx_word' id='word_1_831' title='bbox 1271 5680 1628 5753; x_wconf 83' lang='grc' dir='ltr'>Νουμεριανῷ</span> <span class='ocrx_word' id='word_1_832' title='bbox 1659 5671 1715 5730; x_wconf 76' lang='grc' dir='ltr'>δὲ</span> <span class='ocrx_word' id='word_1_833' title='bbox 1743 5679 1822 5748; x_wconf 75' lang='grc' dir='ltr'>τῷ</span> <span class='ocrx_word' id='word_1_834' title='bbox 1864 5678 1958 5752; x_wconf 87' lang='grc' dir='ltr'>βα-</span> 
     </span>
    </p>
   </div>
   <div class='ocr_carea' id='block_1_116' title="bbox 2135 5586 3707 5662">
    <p class='ocr_par' dir='ltr' id='par_1_116' title="bbox 2135 5586 3707 5662">
     <span class='ocr_line' id='line_1_116' title="bbox 2135 5586 3707 5662; baseline -0.003 -18"><span class='ocrx_word' id='word_1_835' title='bbox 2135 5590 2355 5645; x_wconf 80' lang='lat' dir='ltr'>XXXV.</span> <span class='ocrx_word' id='word_1_836' title='bbox 2374 5589 2475 5644; x_wconf 87' lang='lat' dir='ltr'><strong>Hic</strong></span> <span class='ocrx_word' id='word_1_837' title='bbox 2490 5589 2643 5644; x_wconf 89' lang='lat' dir='ltr'><strong>enim</strong></span> <span class='ocrx_word' id='word_1_838' title='bbox 2661 5589 2904 5661; x_wconf 77' lang='lat' dir='ltr'><strong>Babylas</strong></span> <span class='ocrx_word' id='word_1_839' title='bbox 2919 5590 3129 5644; x_wconf 88' lang='lat' dir='ltr'><strong>dicitur</strong></span> <span class='ocrx_word' id='word_1_840' title='bbox 3147 5591 3381 5662; x_wconf 89' lang='lat' dir='ltr'><strong>quidem</strong></span> <span class='ocrx_word' id='word_1_841' title='bbox 3401 5586 3707 5656; x_wconf 81' lang='lat' dir='ltr'><strong>luisseepi-</strong></span> 
     </span>
    </p>
   </div>
   <div class='ocr_carea' id='block_1_117' title="bbox 2066 5678 3705 5752">
    <p class='ocr_par' dir='ltr' id='par_1_117' title="bbox 2066 5678 3705 5752">
     <span class='ocr_line' id='line_1_117' title="bbox 2066 5678 3705 5752; baseline -0.005 -16"><span class='ocrx_word' id='word_1_842' title='bbox 2066 5678 3054 5752; x_wconf 72' lang='lat' dir='ltr'><strong>scopusAntiocbire,Numerianum</strong></span> <span class='ocrx_word' id='word_1_843' title='bbox 3069 5683 3262 5735; x_wconf 88' lang='lat' dir='ltr'><strong>autem</strong></span> <span class='ocrx_word' id='word_1_844' title='bbox 3282 5679 3705 5746; x_wconf 80' lang='lat' dir='ltr'><strong>imperatorem,</strong></span> 
     </span>
    </p>
   </div>
  </div>
