4128 6274
402 374 557 433 1199

1744 358 2015 419 MENSIS
2065 359 2443 418 OCTOBER.

3663 352 3836 416 l200

398 531 682 588 volentem
714 528 937 599 ingredi
983 526 1042 582 in
1093 522 1397 582 ecclesiam
1456 519 1941 585 Christianorum,
1973 516 2031 572 in

2150 513 2293 568 σιλεῖ
2324 512 2580 568 εἰσελθεῖν
2617 509 2945 584 βουλομένῳ
2994 509 3069 572 εἷς
3128 514 3227 581 τήν
3286 516 3393 567 τῶν
3450 516 3831 587 Χριστιανῶν

402 621 660 691 quodam
694 618 839 673 festo
863 625 1022 673 stans
1054 630 1156 686 pro
1185 613 1432 679 foribus,
1456 607 1826 682 prohibuisse
1846 606 2042 678 ingre-

405 710 484 768 di,
520 708 726 764 dieens
757 723 815 761 se
864 721 965 775 pro
1017 703 1241 758 viribus
1272 717 1388 757 non
1443 700 1854 769 despectorum
1912 710 2040 751 esse

399 799 604 869 lupum
640 810 869 867 gregem
899 794 1290 849 invadentem.
1316 791 1414 845 Ille
1445 792 1639 844 autem
1671 786 1742 841 ab
1775 786 2037 851 ingressu

400 892 541 941 tunc
575 885 809 956 quidem
844 884 956 939 fuit
994 882 1274 951 dejeetus,
1309 879 1428 934 sive
1460 877 1612 949 quod
1647 874 2041 946 suspicaretur

400 975 659 1030 futuram
744 973 944 1044 populi
1026 971 1392 1035 seditionem,
1443 968 1561 1023 sive
1627 966 1746 1036 ipse
1810 977 2041 1035 quoque

402 1063 563 1118 aliud
619 1062 928 1119 consilium
987 1060 1255 1131 cepisset.
1298 1056 1612 1127 [Egerrime
1656 1060 1848 1109 autem
1904 1050 2042 1106 tulit

403 1152 789 1208 constantiam
836 1149 1112 1221 episc0pi.
1145 1150 1459 1218 Postquam
1510 1160 1644 1198 vero
1693 1142 1816 1213 ipse
1853 1140 2039 1195 dices-

404 1242 481 1296 sit
509 1240 568 1295 in
624 1238 1070 1309 regiam,jussit
1117 1253 1246 1292 eum
1298 1249 1530 1289 causam
1564 1247 1729 1286 suam
1765 1230 2041 1284 defensu-

404 1344 558 1395 rum,
591 1344 782 1382 coram
809 1343 869 1382 se
901 1325 1026 1381 sisti
1059 1342 1158 1395 pro
1189 1322 1488 1378 tribunali.
1513 1321 1653 1374 Cum
1686 1318 1811 1389 ipse
1848 1325 2039 1372 autem

405 1422 560 1471 esset
593 1417 929 1487 productus,
963 1415 1219 1485 primum
1253 1411 1490 1481 quidem
1536 1409 1831 1464 accusavit
1863 1406 2039 1461 auda-

406 1506 578 1571 ciam,
613 1504 770 1574 quod
819 1519 947 1559 eum
1006 1519 1184 1557 ausus
1241 1508 1391 1555 esset
1450 1497 1797 1569 prohibere:
1834 1494 2042 1549 deinde

400 1593 578 1663 jussit
610 1609 741 1647 eum
773 1593 1100 1647 sacriﬁcare
1135 1589 1515 1654 daemonibus,
1549 1587 1599 1640 si
1643 1585 1896 1655 effugere
1923 1582 2040 1638 vel-

406 1682 479 1737 let
512 1697 707 1751 pmnas
738 1680 1184 1736 criminationis.
1210 1680 1334 1749 Ipse
1358 1680 1546 1731 autem
1582 1672 1878 1745 respondit
1907 1670 2040 1742 qui-

407 1772 537 1825 dem
570 1772 640 1825 ad
685 1769 1169 1833 criminationem,
1201 1767 1400 1837 rejecit
1455 1772 1641 1819 autem
1691 1760 2040 1817 exhortatio-

2149 602 2464 674 ἐκκλησίαν,
2496 601 2629 657 κατά
2669 598 2733 671 δή
2767 621 2887 655 τινα
2936 600 3128 675 ἐορτήν
3161 602 3288 663 στάς
3329 603 3436 677 πρὸ
3467 607 3577 657 τῶν
3630 606 3833 677 θυρῶν

2150 691 2475 747 διεκώλυσεν
2519 689 2775 754 εἰσελθεῖν
2832 692 3050 764 φάσκων
3106 690 3181 751 εἷς
3232 688 3459 766 δύναμιν
3513 694 3590 767 μὴ
3619 693 3832 766 περιό-

2149 784 2335 855 ψεσθαι
2384 780 2553 835 λύκον
2617 781 2695 851 τῷ
2743 779 2983 853 ποιμνίῳ
3050 779 3521 855 έπεισερχόμενον.
3582 783 3696 837 Τὸν
3765 780 3833 837 δὲ

2153 870 2451 945 παραυτίκα
2529 871 2622 941 μὲν
2701 870 3142 943 ἂποκρουσθῆναι
3227 877 3329 939 τῆς
3396 869 3634 941 εἰσόδου,
3704 870 3831 927 εἴτε

2150 958 2215 1028 δὴ
2253 961 2431 1014 στάσιν
2465 958 2585 1013 τινὰ
2614 958 2749 1032 πρὸς
2789 961 2886 1011 τοῦ
2944 958 3124 1031 ὄχλου
3174 956 3379 1013 ἔσεσθαι
3422 958 3828 1034 ὑπιεδόμενον,

2150 1048 2257 1104 εἷ’τε
2304 1046 2368 1115 δὴ
2421 1047 2511 1101 καὶ
2567 1044 2751 1107 ἄλλως
2792 1047 2946 1115 αὑτῷ
3001 1044 3289 1121 βουλευθέν
3320 1047 3367 1102 ἐν
3400 1047 3638 1122 χαλεπῷ
3676 1050 3828 1121 μέν-

2147 1138 2359 1203 τοιτὴν
2391 1134 2627 1190 ἔνστασιν
2678 1138 2774 1190 τοῦ
2831 1134 3130 1190 ἐπισκόπου
3190 1138 3582 1209 ποιησάμενον.
3648 1140 3827 1196 Ἐπεὶ

2152 1223 2210 1279 δέ
2253 1225 2325 1286 ὡς
2380 1224 2567 1279 ἑαυτὸν
2607 1222 2692 1277 ἐπὶ
2739 1223 2805 1277 τὰ
2856 1224 3106 1298 βασιλεια
3162 1223 3483 1300 ἀπηλλάγη,
3516 1230 3827 1302 παραστή-

2151 1325 2340 1378 σασθαι
2374 1313 2533 1367 αὐτὸν
2574 1311 2661 1367 ἐπὶ
2707 1316 2803 1367 τοῦ
2848 1314 3097 1387 βήματος
3144 1313 3633 1390 ἀπολογησόμενον
3687 1315 3825 1372 ἐκέ-

2152 1403 2294 1459 λευε.
2328 1402 2427 1457 Καὶ
2468 1399 2534 1471 δὴ
2568 1401 2939 1476 παραστάντος
2970 1402 3159 1473 αὐτοὺ,
3192 1407 3380 1477 πρῶτα
3413 1405 3506 1478 μὲν
3540 1408 3642 1475 την
3670 1407 3823 1461 τόλ-

2155 1515 2256 1566 μαν
2300 1500 2399 1563 τῆς
2456 1491 2748 1556 κωλύσεως
2800 1492 3061 1561 ἐνεκάλει,
3114 1488 3298 1549 ἔπειτα
3353 1496 3537 1567 μέντοι
3584 1494 3820 1552 κελεύει

2150 1583 2309 1637 αὐτὸν
2340 1588 2456 1643 τοῖς
2508 1581 2728 1655 δαίμοσι
2780 1584 2946 1651 θύειν,
2981 1584 3027 1637 εἰ
3080 1583 3339 1657 βούλοιτό
3371 1606 3431 1659 γε
3468 1588 3566 1654 τὴν
3600 1584 3690 1641 ἐπὶ
3724 1592 3821 1659 τῷ

2148 1672 2453 1747 ἐγκλήματι
2494 1670 2648 1741 δίκην
2699 1670 2998 1749 διαφυγεῖν.
3029 1674 3133 1729 Τὸν
3191 1671 3248 1727 δέ
3293 1675 3429 1747 πρὸς
3456 1676 3555 1744 τήν
3586 1670 3813 1751 ἔγκλη-

2150 1763 2232 1815 σίν
2278 1782 2336 1815 τε
2388 1759 2838 1835 ἀπολογήσασθαι
2900 1763 2990 1816 καὶ
3033 1764 3132 1832 τήν
3182 1762 3485 1836 πρόκλησιν
3533 1761 3813 1837 διακρού-

407 1876 538 1916 nem
570 1875 582 1914 :
610 1860 765 1914 illam
801 1859 1059 1931 quidem,
1092 1858 1316 1924 dicens,
1348 1873 1429 1923 se,
1464 1870 1595 1909 cum
1629 1856 1785 1908 esset
1816 1854 2037 1923 pastor,

2150 1852 2354 1921 σασθαι,
2385 1852 2484 1920 τήν
2545 1851 2663 1924 μὲν,
2713 1853 2955 1929 φήσαντα
3003 1853 3223 1924 ποιμένι
3275 1852 3390 1907 ὄντι
3439 1852 3584 1924 αὐτῷ
3622 1854 3816 1908 πάντα

408 1952 671 2020 Oportere
722 1948 811 2002 vel
844 1948 1039 2001 omnia
1084 1947 1330 2000 libenter
1361 1943 1479 2013 pati
1512 1959 1613 2013 pro
1644 1955 1854 2013 grege:
1890 1940 2040 1994 hanc

405 2044 620 2106 autem,
653 2054 715 2092 se
772 2054 885 2092 non
940 2036 1353 2101 admissurum,
1386 2038 1451 2088 ut
1508 2050 1541 2088 a
1585 2049 1712 2087 vero
1757 2032 1870 2086 Deo
1902 2030 2041 2086 defi-

406 2128 562 2182 ciens
620 2125 968 2198 sacrificaret
1027 2124 1121 2191 iis,
1156 2127 1258 2194 qui
1306 2122 1447 2177 falso
1502 2121 1583 2175 dii
1639 2121 1928 2188 dicuntur,
1987 2122 2045 2174 et

409 2220 548 2271 sunt
576 2214 884 2286 perniciosi
916 2214 1227 2268 demones.
1267 2211 1485 2266 Deinde
1512 2208 1609 2264 ille
1641 2208 1872 2279 quidem
1906 2223 2039 2264 cum

406 2304 622 2360 videret
647 2319 781 2359 eum
814 2319 925 2358 non
960 2317 1177 2373 parere,
1206 2300 1385 2370 jussit
1417 2302 1497 2367 ut,
1531 2314 1662 2354 cum
1696 2313 1831 2352 eum
1873 2296 2043 2368 ligas-

406 2400 534 2448 sent
561 2391 779 2447 catenis
810 2396 867 2447 et
919 2390 1316 2460 compedibus,
1349 2389 1419 2443 ad
1469 2392 1711 2442 mortem
1745 2386 2041 2451 ducerent,

409 2486 587 2553 caput
615 2480 990 2553 amputaturi.
1024 2482 1094 2535 At
1124 2480 1172 2534 is
1197 2494 1327 2535 cum
1361 2479 1671 2534 duceretur
1701 2477 2039 2547 moriturus,

409 2586 718 2626 assumens
749 2569 959 2625 cecinit
989 2568 1109 2623 haec
1141 2568 1292 2622 dicta
1324 2566 1537 2622 Psalmi
1573 2583 1586 2622 :
1626 2587 1654 2616 ‹‹
1684 2567 2040 2633 Convertere,

407 2661 604 2717 anima
634 2676 784 2726 mea,
815 2659 875 2713 in
918 2657 1179 2729 requiem
1226 2662 1405 2725 tuam,
1438 2657 1714 2728 quoniam
1764 2655 2042 2711 Dominus

406 2748 691 2804 benefeeit
720 2746 822 2802 tibi
852 2745 896 2801 7.
931 2768 959 2797 ››
995 2746 1171 2801 Porro
1223 2748 1413 2800 autem
1456 2745 1661 2800 dicunt
1717 2743 1891 2799 etiam
1924 2751 2041 2814 tres

405 2852 614 2909 pueros
654 2851 861 2907 genere
917 2835 1139 2902 fratres,
1172 2834 1269 2904 qui
1318 2834 1391 2888 ab
1439 2833 1682 2888 infantia
1714 2832 1784 2887 ab
1816 2848 1881 2887 eo
1926 2849 2040 2887 nu-

406 2928 532 2984 triti
582 2929 832 2998 fuerant,
866 2930 937 2984 ab
996 2930 1345 2999 imperatore
1406 2927 1585 2982 fuisse
1645 2931 1927 2998 arreptos,
1988 2928 2044 2981 et

405 3034 532 3072 cum
593 3033 699 3073 nec
746 3017 830 3071 illi
888 3018 1123 3088 quidem
1184 3015 1497 3072 voluissent
1540 3016 1885 3084 sacrificare,
1933 3017 2041 3073 etsi

404 3106 488 3161 eis
518 3106 824 3161 efferretur
852 3105 1042 3160 omnis
1076 3103 1405 3172 necessitas,
1438 3104 1629 3175 ipsum
1662 3120 1886 3175 quoque
1910 3105 2041 3176 jus-

404 3193 553 3250 sisse
600 3195 1034 3266 imperatorem,
1067 3194 1151 3248 eis
1198 3193 1369 3248 adimi
1429 3194 1638 3264 capita.
1673 3195 1849 3264 Quos,
1882 3201 2039 3266 post—

404 3300 580 3354 quam
634 3287 917 3339 venerunt
965 3284 1023 3338 in
1097 3282 1286 3338 locum
1358 3283 1736 3354 propositum,
1797 3283 2040 3355 Babylas

404 3376 537 3427 ante
568 3386 629 3427 se
660 3377 922 3428 statuens
945 3372 1166 3443 priores
1194 3372 1357 3426 duxit
1387 3373 1457 3426 ad
1489 3371 1771 3441 gladium,
1806 3388 1876 3426 ne
1907 3372 2038 3441 quis

402 3476 603 3516 eorum
635 3461 842 3515 timore
873 3461 1134 3527 affectus,
1160 3464 1403 3515 mortem
1438 3464 1748 3515 recusaret.
1782 3460 2040 3530 Cumque

403 3564 603 3604 eorum
651 3551 840 3620 capita
891 3548 1134 3603 fuissent
1180 3554 1497 3619 amputata,
1531 3554 1839 3620 postquam
1890 3549 2041 3604 hanc

403 3635 648 3691 dixisset
664 3652 857 3691 vocem
881 3651 892 3689 :
917 3639 1104 3690 «Ecce
1120 3652 1224 3706 ego
1255 3640 1311 3690 et
1342 3637 1522 3705 pueri,
1558 3654 1707 3706 quos
1723 3636 1865 3691 mihi
1888 3637 2043 3691 dedit

403 3724 558 3778 Deus
578 3724 631 3777 δε
661 3746 681 3771 ι
705 3723 828 3791 ipse
851 3738 1081 3792 quoque
1112 3724 1316 3777 deinde
1340 3739 1509 3776 suum
1530 3724 1782 3791 porrexit
1803 3724 2039 3794 collum,

412 3816 475 3867 ut
529 3828 665 3866 ense
696 3813 1223 3877 consummaretur,
1257 3824 1388 3863 cum
1436 3811 1603 3879 prius
1636 3811 1920 3879 jussisset
1947 3812 2038 3881 iis,

410 3899 509 3969 qui
567 3916 777 3969 corpus
826 3900 953 3969 ejus
985 3902 1151 3953 erant
1188 3897 1503 3962 eollecturi,
1527 3902 1760 3953 catenas
1792 3904 1848 3953 et
1886 3916 2041 3953 eom-

406 3988 580 4058 pedes
610 4003 739 4042 eum
772 4004 837 4041 eo
882 3986 1122 4056 sepelire
1153 4004 1171 4041 :
1206 3984 1275 4040 Ut
1324 3985 1460 4050 sint,
1495 3984 1703 4055 inquit,
1737 3986 1855 4041 haec
1893 4003 2041 4056 quo-

404 4090 518 4144 que
551 4074 695 4130 mihi
722 4075 935 4145 jacenti
959 4078 1316 4130 ornamento.
1341 4078 1519 4145 Atque
1536 4089 1666 4128 cum
1691 4076 1773 4130 eis
1805 4076 2041 4146 quidem

403 4170 555 4221 certe
587 4166 776 4221 adhuc
794 4168 973 4236 jacet,
1000 4170 1062 4220 ut
1082 4166 1263 4221 aiunt.

473 4254 709 4309 XXXVI.
730 4260 1085 4311 Huncautem
1111 4256 1383 4327 Babylam
1412 4272 1540 4310 cum
1568 4257 1637 4312 ab
1669 4257 1916 4312 Eusebio
1939 4275 2041 4311 au-

403 4343 886 4400 diissetJulianus
901 4362 1025 4401 esse
1050 4346 1465 4415 impedimento
1490 4346 1721 4410 statuis,
1738 4346 2045 4416 quominus

402 4434 805 4502 respondeant,
835 4436 1008 4501 jussit
1034 4435 1225 4486 statim
1254 4436 1381 4501 ejus
1411 4450 1640 4501 capsam
1676 4434 1991 4502 (astantem
2013 4451 2041 4489 e

399 4521 592 4591 lapide
636 4521 910 4590 maxime)
942 4539 974 4575 a
1023 4520 1612 4589 Daphnetransferre.
1646 4523 1847 4577 Statim
1906 4539 2039 4593 ergo

2071 3238 2120 3305 C

2150 1942 2444 2012 προσήκειν
2499 1940 2673 2012 ἑαυτῷ
2729 1940 2861 2014 ὑπερ
2917 1944 3014 1996 τοῦ
3084 1940 3341 2015 ποιμνίου
3400 1943 3809 2015 προθυμεῖσθαι

2149 2034 2361 2097 παθεῖν,
2392 2029 2491 2096 τὴν
2522 2026 2601 2100 δὲ,
2647 2031 2722 2102 μή
2777 2026 2836 2083 ἂν
2882 2028 3099 2085 ἑλέσθαι
3137 2035 3234 2085 τοῦ
3283 2029 3436 2093 ὄντος
3489 2032 3809 2086 ἀποστάντα

2151 2122 2306 2187 Θεοῦ,
2373 2115 2751 2191 ψευδωνύμως
2825 2120 2914 2173 καὶ
2992 2118 3246 2192 ὀλετῆρσι
3321 2117 3543 2194 δαίμοσι
3630 2120 3802 2185 θύειν.

2150 2207 2282 2264 Εἶτα
2314 2208 2341 2261 6
2391 2208 2483 2281 μέν
2517 2208 2590 2270 ὡς
2622 2209 2764 2284 έώρα
2821 2210 2896 2281 μὴ
2955 2211 3298 2282 πειθόμενον,
3331 2210 3650 2283 προσέταξεν
3699 2211 3802 2266 αὖ·

2148 2298 2239 2351 τὸν
2299 2296 2520 2351 ἁλύσεσι
2559 2298 2649 2351 καὶ
2699 2296 2887 2359 πέδαις
2946 2296 3361 2372 ἐνδησαμένους,
3411 2302 3512 2369 τὴν
3569 2300 3654 2355 ἐπί
3711 2313 3804 2365 θα-

2150 2386 2294 2458 νάτῳ
2337 2386 2505 2460 ἄγειν,
2552 2388 2650 2456 τὴν
2695 2385 2935 2463 κεφαλὴν
2979 2388 3393 2464 ἀφαιρήσοντας,
3424 2390 3485 2447 Ὁ
3519 2387 3575 2445 δὶ
3607 2388 3795 2461 ἐπειδὴ

2150 2475 2318 2551 ἤγετο
2349 2477 2753 2548 τεθνηξόμενος,
2784 2477 2982 2538 ταύτας
3024 2474 3338 2549 ἀναλαϐὼν,
3369 2477 3468 2552 ᾖδε
3516 2484 3615 2534 τοῦ
3654 2480 3798 2553 ψαλ-

2154 2569 2259 2637 μοῦ
2316 2565 2412 2628 τὰς
2467 2566 2669 2638 ῥήσεις
2705 2589 2731 2616 (ι
2765 2566 3128 2639 Επίστρεψον,
3181 2569 3334 2642 ψυχή
3371 2590 3499 2641 μου,
3562 2570 3640 2631 εἱς
3693 2572 3793 2638 τήν

2161 2652 2456 2707 ἀνάπαυσίν
2499 2674 2616 2722 σου,
2650 2652 2733 2709 ὄτι
2766 2653 2964 2728 Κύριος
3000 2653 3325 2731 εὐηργέτησέ
3358 2678 3434 2714 σε.
3466 2679 3493 2711 ι
3551 2659 3687 2713 Φασῖ
3737 2657 3795 2713 δὲ

2149 2744 2237 2799 καὶ
2274 2748 2411 2818 τρεῖς
2452 2740 2645 2803 παῖδας
2679 2739 2945 2820 ἀδελφους
2984 2744 3046 2797 τὸ
3095 2747 3251 2820 γένος
3279 2744 3488 2818 κομιδῆ
3522 2745 3673 2809 νέους
3709 2747 3796 2802 ὑπ’

2151 2833 2298 2904 αὖτῷ
2346 2830 2810 2908 ἀνατρεφομένους
2867 2832 3241 2908 ἀναρπαγῆναι
3313 2856 3372 2890 τε
3439 2835 3633 2899 αὐτοὺς
3695 2839 3799 2892 ὑπὸ

2150 2912 2245 2978 τοῦ
2279 2920 2570 2997 βασιλέως,
2610 2922 2701 2976 καὶ
2740 2922 2814 2984 ὡς
2864 2919 2989 2977 οὐδὲ
3039 2923 3192 2977 αὐτοὶ
3245 2923 3387 2987 θύειν
3432 2923 3651 2995 ἤθελον,
3679 2928 3801 2981 καὶ·

2148 3034 2234 3069 τοι
2272 3011 2530 3073 παντοίας
2578 3011 2821 3087 ἀνάγκης
2861 3011 3044 3075 αὐτοῖς
3095 3013 3527 3088 προσαγομένης.
3559 3017 3651 3071 καὶ
3696 3019 3797 3072 αὖ-

2148 3102 2276 3165 τοὺς
2324 3100 2575 3156 κελεῦσαι
2616 3102 2707 3156 τὸν
2772 3102 3000 3175 βασιλέα
3045 3105 3153 3157 τῶν
3202 3101 3452 3181 κεφαλῶν
3518 3106 3793 3180 ἀφαιρεῖν.

2151 3192 2279 3261 Οὕς,
2312 3187 2500 3258 ἐπειδὴ
2545 3193 2679 3258 ἧκον
2722 3189 2798 3251 εἰς
2845 3191 2909 3244 τὸ
2954 3191 3308 3265 προκείμενον
3345 3193 3576 3268 χωρίον,
3610 3196 3638 3249 ὁ
3684 3201 3793 3251 Βα-

2152 3277 2324 3336 ϐύλας
2381 3279 2573 3333 ἑαυτοῦ
2645 3280 3095 3352 προστησάμενος
3148 3283 3451 3356 πηοτέρους
3541 3292 3795 3359 προσῆγε

2146 3371 2226 3438 τῷ
2276 3366 2436 3442 ξίφει,
2475 3370 2571 3421 τοῦ
2624 3368 2699 3437 μή
2743 3388 2866 3423 τινα
2913 3370 3170 3442 τρέσαντα
3207 3371 3382 3425 αὐτῶν
3416 3369 3667 3427 ἀναδῦναι
3697 3375 3794 3427 τὸν

2148 3457 2398 3513 θάνατον.
2458 3456 2560 3512 Καὶ
2607 3456 3063 3531 ἀπο-τεμνομένων
3120 3459 3320 3530 ταύτην
3382 3461 3607 3516 ἀνειπὼν
3688 3465 3790 3532 τὴν

2150 3548 2351 3624 φωνὴν,
2373 3570 2399 3601 ιι
2430 3544 2568 3605 Ἰδοὺ
2595 3546 2703 3622 ἐγὼ
2735 3550 2820 3603 καὶ
2856 3550 2921 3604 τὰ
2943 3547 3133 3604 παιδία
3153 3549 3284 3622 ἄμοι
3309 3547 3505 3607 ἔδωκεν
3532 3553 3558 3606 ὀ
3589 3554 3785 3623 Θεός,››

2149 3636 2239 3691 καὶ
2290 3635 2450 3697 αὐτὸς
2504 3635 2788 3708 μετέπειτα
2842 3633 3124 3709 προῦτεινε
3178 3639 3269 3692 τὸν
3319 3638 3525 3694 οἰκεῖον
3585 3641 3793 3719 αὐχένα

2148 3728 2227 3795 τῷ
2284 3722 2419 3801 ξίφει
2466 3726 2840 3795 τελειωθῆναι,
2896 3724 3297 3798 ἐντειλάμενος,
3354 3733 3471 3790 τοῖς
3516 3729 3578 3783 τὸ
3628 3734 3793 3801 σῶμα

2150 3811 2318 3866 αἶ)τοῦ
2373 3811 2809 3887 ἀναλεξομένοις,
2864 3815 2959 3876 τὰς
3017 3813 3236 3877 ἁλύσεις
3300 3818 3387 3871 καὶ
3464 3818 3559 3879 τὰς
3621 3817 3790 3880 πέδας

2152 3901 2300 3970 αὐτῷ
2358 3903 2640 3974 συνθάψαι,
2698 3900 2839 3976 ’ίν’ᾗ
2880 3923 2973 3975 μοι
3030 3906 3219 3976 ταῦτα,
3254 3906 3406 3982 φησί,
3438 3906 3525 3960 καὶ
3551 3909 3791 3981 κειμένῳ

2149 3989 2376 4060 κόσμος.
2408 3988 2510 4045 Καὶ
2568 3987 2633 4058 δὴ
2699 3993 2816 4062 μετ’
2880 3990 3057 4047 αὐτῶν
3116 3990 3193 4048 ἔτι
3225 3994 3480 4069 τυγχάνει
3512 3996 3786 4068 κείμενος,

2150 4074 2223 4139 ὥς
2256 4097 2402 4134 eam.

2225 4263 2336 4327 Λς’.
2393 4267 2597 4319 Τοῦτον
2653 4262 2744 4319 τὸν
2804 4259 3052 4320 Βαϐύλαν
3129 4268 3158 4321 ὁ
3216 4262 3501 4328 Ἰουλιανὸς
3582 4264 3779 4337 ἐπειδὴ

2151 4353 2286 4425 πρὸς
2332 4355 2428 4405 τοῦ
2470 4348 2729 4407 Εὖσεϐίου
2778 4348 2976 4420 ἤκουσε
3017 4352 3251 4425 κώλυμα
3295 4358 3409 4415 τοῖς
3464 4353 3780 4429 ἀγάλμασιν

2151 4440 2285 4493 εἶναι
2326 4444 2419 4493 τοῦ
2480 4441 2555 4511 μὴ
2616 4446 2777 4513 χρᾷν,
2838 4440 3027 4495 αὐτίκα
3084 4444 3402 4514 προσέτάξεν
3460 4442 3591 4516 αὐτῇ
3614 4446 3787 4518 θηκῃ,

2150 4525 2309 4581 λίθου
2342 4526 2386 4581 δ’
2413 4525 2521 4583 ἔστι
2556 4529 2799 4601 μεγάλου
2829 4532 3198 4602 πεποιημένη,
3234 4534 3485 4609 μετάγειν
3534 4533 3641 4587 ἀπὸ
3686 4537 3785 4601 τῆς

400 4609 649 4663 civitatis
681 4609 909 4679 profusa
942 4606 1275 4676 multitudo,
1297 4612 1360 4661 ut
1381 4624 1505 4677 quae
1528 4626 1739 4679 magna
1761 4613 1829 4665 de
1858 4628 2036 4666 causa

2150 4616 2381 4692 Δάφνης.
2416 4618 2588 4677 Εὐθὺς
2620 4617 2710 4671 οὖν
2742 4619 2768 4671 6
2796 4626 2896 4688 τῆς
2928 4620 3144 4682 πόλεως
3193 4600 3395 4695 ὄχλος,
3424 4623 3779 4700 προχυθέντες

399 4697 714 4764 accederet,
746 4698 1017 4753 trahebat
1067 4712 1324 4767 capsam.
1376 4695 1479 4750 Illa
1512 4705 1729 4764 autem,
1755 4704 2036 4770 tanquam

397 4802 510 4841 non
543 4784 732 4856 magis
763 4785 1089 4840 traheretur
1120 4786 1191 4839 ab
1245 4784 1605 4853 hominibus,
1637 4803 1811 4857 quam
1862 4806 1895 4843 a
1936 4806 2035 4859 po-

396 4875 663 4943 tentiore,
691 4890 817 4945 qua;
868 4891 997 4929 eam
1031 4875 1313 4940 movebat,
1345 4873 1576 4940 virtute,
1610 4876 1870 4932 celeriter
1909 4894 2035 4932 mo-

393 4964 637 5018 vebatur
668 4980 919 5034 sequens
960 4980 1159 5019 eorum
1211 4963 1306 5033 qui
1365 4964 1656 5021 ducebant
1688 4965 1865 5020 animi
1915 4967 2035 5022 ala-

396 5051 677 5105 critatem.
712 5054 854 5107 Cum
888 5069 1015 5108 eam
1050 5060 1241 5107 autem
1274 5052 1398 5123 ipso
1432 5053 1523 5107 die
1566 5052 1841 5109 tulissent
1883 5056 2036 5124 plus.

395 5154 573 5206 quam
631 5139 1056 5212 quinquaginta
1104 5141 1310 5208 stadia,
1351 5146 1672 5212 posuerunt
1715 5142 1772 5196 in
1824 5159 2035 5199 cmme-

394 5224 559 5293 terio,
595 5226 747 5293 quod
800 5228 1032 5282 dicitur.
1066 5230 1162 5284 Est
1195 5234 1389 5284 autem
1438 5235 1571 5285 ante
1618 5229 1908 5286 civitatem
1940 5233 2036 5288 do-

395 5327 551 5377 mus,
580 5326 703 5378 quae
752 5317 1007 5386 suscepit
1056 5334 1299 5387 corpora
1347 5318 1719 5388 antiquorum
1750 5318 2031 5390 virorum,

396 5403 450 5450 et
480 5412 722 5464 quorum
756 5400 991 5457 fuerunt
1027 5406 1289 5460 nonnulli
1332 5411 1619 5477 martyres
1651 5413 1885 5479 propter
1914 5411 2034 5483 pie-

395 5487 597 5537 tatem.
656 5482 843 5550 Atque
903 5493 1042 5546 tunc
1101 5493 1332 5561 quidem
1361 5511 1594 5566 capsam
1638 5500 1942 5566 portarunt
1974 5501 2031 5556 in

394 5583 528 5621 eum
559 5565 745 5619 locum
774 5570 1069 5632 :Julianus
1103 5584 1296 5634 autem
1333 5565 1563 5649 parabat
1598 5565 2028 5643 multitudinem

464 5686 487 5719 ⁷
518 5685 731 5741 Psalm.
757 5706 895 5761 cxxv,
928 5695 980 5752 7.
1010 5699 1031 5733 ⁸
1053 5701 1163 5757 Isa.
1200 5716 1321 5768 vni,
1359 5705 1443 5757 18.

2148 4706 2224 4767 ὡς
2279 4704 2365 4760 ἐπὶ
2428 4704 2633 4779 μεγαλῃ
2691 4706 2833 4777 αῖτίᾳ
2900 4704 3342 4783 περιϐαλόμενοι,
3413 4711 3601 4765 εἷλκον
3688 4712 3778 4779 τήν

2144 4796 2339 4864 θήκην.
2373 4795 2436 4849 Ἠ
2469 4792 2525 4848 δέ
2555 4796 2627 4855 ὡς
2658 4796 2767 4869 οὐχ
2799 4796 2900 4850 ὑπὸ
2922 4797 3220 4872 ἀνθρώπων
3251 4790 3783 4873 ἑλκομένημάλλον,

2144 4883 2177 4951 ἢ
2235 4881 2538 4957 κρείττονος
2596 4882 2762 4953 αὐτὴν
2821 4885 3076 4955 κινούσης
3119 4885 3417 4960 δυνάμεως,
3467 4884 3659 4966 ἔφθανε
3689 4890 3787 4958 τὴν

2142 4975 2247 5025 τῶν
2318 4970 2553 5046 ἀγόντων
2666 4973 2970 5047 προθυμίαν
3051 4974 3382 5052 ἐφεπομένη,
3468 4978 3781 5052 αὐθημερόν

2144 5060 2206 5133 γέ
2262 5081 2347 5113 τοι
2399 5059 2563 5129 αὐτὴν
2622 5059 2869 5124 σταδίους
2916 5062 3084 5119 πλέον
3181 5068 3514 5136 πεντήκοντα
3544 5067 3785 5140 κομισά-

2148 5169 2322 5220 μενοι,
2355 5147 2406 5202 έν
2450 5154 2528 5220 τῷ
2557 5151 2877 5223 καλουμένῳ
2906 5154 3258 5229 κοιμητηρίῳ
3307 5156 3589 5211 κατέθεσαν
3622 5175 3635 5188 ’
3670 5152 3783 5212 ἔστι

2145 5237 2200 5291 δέ
2230 5238 2334 5311 πρὸ
2382 5244 2480 5307 τῆς
2511 5239 2724 5300 πόλεως
2768 5241 2917 5302 οἶκος
2963 5242 3231 5315 σωμάτων
3264 5242 3514 5299 παλαιῶν
3543 5243 3782 5319 ἀνδρῶν,

2142 5325 2230 5379 καὶ
2288 5324 2437 5379 ἐνίων
2497 5348 2555 5402 γε
2623 5328 2702 5382 ἐπ’
2771 5324 3014 5402 εὐσεϐείᾳ
3077 5332 3532 5409 μαρτυρουμένων
3590 5332 3784 5389 πολλά

2143 5412 2473 5487 δεδεγμένος.
2527 5416 2659 5472 Τότε
2709 5419 2802 5490 μὲν
2855 5420 2947 5474 οὗν
2996 5419 3216 5476 ἐνταῦθα
3268 5423 3365 5490 τήν
3439 5424 3611 5493 θήκην
3671 5422 3787 5478 εἶσ-

2140 5500 2413 5575 εκόμισαν,
2484 5504 2511 5557 6
2557 5502 2612 5558 δέ
2680 5504 2978 5570 Ἰουλιανὸς
3050 5511 3474 5585 παρεσκευάζετο
3560 5511 3783 5576 πλῆθος

2141 5588 2349 5661 ἱερείων
2392 5609 2450 5643 τε
2505 5590 2593 5644 καὶ
2642 5591 3021 5667 ἀναθημάτων,
3055 5597 3130 5660 ὡς
3160 5601 3229 5671 τῇ
3263 5598 3512 5671 ὑστεραίᾳ
3541 5598 3634 5652 σὺν
3674 5600 3783 5655 αὖ·
