4128 6274
303 303 448 368 1201

1496 307 1961 373 MARTYRIUM
2010 311 2074 372 S.
2121 309 2474 370 AltTEMII.

3543 302 3695 362 1202

294 477 409 534 τοῖς
467 470 543 531 εἷς
587 471 686 540 τὴν
731 471 939 552 Δάφνην
997 465 1429 544 ἀναϐησόμενος,
1480 474 1567 528 καὶ
1625 473 1717 528 νῦν
1765 495 1825 550 γε
1874 473 1940 544 δὴ

2071 475 2420 532 riotimarum
2443 475 2500 529 et
2529 471 2929 538 donariorum,
2964 472 3029 525 ut
3075 469 3172 538 qui
3213 471 3370 523 esset
3419 465 3698 538 postridie

297 563 512 624 πάντως
554 560 816 632 ἐλπίζων,
864 560 914 617 εἷ’
966 563 1040 634 μή
1092 567 1200 617 τῶν
1253 561 1464 632 ἄλλων,
1497 563 1621 620 ἀλλ’
1672 564 1835 620 αὐτοῦ
1888 585 1950 640 γε

297 656 395 706 τοῦ
428 650 786 712 ’Λπόλλωνος
815 651 1090 720 τεύξεσθαι
1122 653 1651 726 ἂποκριθησομένου.
1677 654 1798 710 Ἑπὶ
1828 653 1950 708 τού·

299 760 378 811 τῳ
427 739 530 814 γὰρ
580 739 726 810 αύτῷ
770 743 913 793 πᾶσα
944 742 978 809 ἡ
1029 747 1128 809 τῆς
1175 751 1484 814 πρυθυμιας
1534 740 1689 804 ἐλπῖς
1744 744 1830 812 ἦν,
1864 744 1950 797 καὶ

305 831 389 884 δτι
421 849 526 884 που
575 828 721 900 αύτῴ
775 851 828 884 τι
861 827 1073 902 μᾶλλον
1107 830 1141 900 ἢ
1171 829 1336 905 ἑτέρῳ
1363 830 1425 884 τὸ
1455 835 1704 886 τοιοῦτον
1739 832 1949 906 χωρίον

305 915 554 994 διαφέρον
585 919 650 988 ἦν
684 917 817 973 κατᾶ
865 919 962 988 τὴν
1010 920 1269 991 μαντικὴν
1323 920 1547 994 τέχνην,
1579 920 1671 974 καί
1712 922 1792 974 ὅτι
1849 940 1950 994 περ

307 1008 458 1078 αύτῷ
519 1005 670 1079 μόνῳ
729 1008 902 1061 ἀνεῖτο
933 1009 968 1076 ἠ
1002 1008 1210 1086 Δάφνη.
1243 1008 1305 1064 Ὁ
1352 1005 1411 1062 δὲ
1466 1006 1722 1071 Εὐσέϐιος
1768 1011 1858 1064 καὶ
1899 1009 1948 1064 οἱ

306 1094 708 1170 προλεγόμενοι
756 1097 921 1168 ἱερεῖς
963 1097 1052 1150 καὶ
1120 1101 1226 1150 τῶν
1278 1099 1560 1170 νεωκόρων
1605 1098 1667 1152 τὸ
1714 1097 1948 1167 πλῆθος,

308 1182 748 1263 προσδεχόμενοι
797 1185 890 1239 τὸν
945 1184 1194 1260 βασιλέα,
1229 1185 1279 1241 έν
1337 1187 1504 1261 ἀγῶνι
1564 1186 1787 1262 μεγάλῳ
1829 1190 1953 1242 καθ-

311 1274 528 1328 ίσταντο
560 1275 650 1327 καὶ
683 1271 1051 1348 διηγρύπνουν
1090 1275 1215 1348 περὶ
1245 1273 1308 1330 τὸ
1340 1272 1584 1351 ἄγαλμα,
1616 1277 1786 1331 πάντα
1815 1297 1952 1350 πρασ

307 1363 928 1437 γματευόμενοι,ὅπως,
971 1359 1185 1417 ἐπειδὰν
1241 1363 1522 1438 ἀφίκηται,
1572 1363 1733 1441 τύχοι
1789 1364 1952 1420 αύτοῦ

309 1450 702 1530 φθεγξαμένου,
754 1452 829 1514 ὡς
887 1451 1066 1522 ἄλλης
1125 1474 1188 1529 γε
1245 1452 1420 1509 αὐτῶν
1494 1451 1574 1508 ἓτι
1631 1455 1952 1532 προφάσεως

355 1543 367 1562 3
385 1538 428 1560 ας
543 1545 569 1556 α’
748 1541 761 1560 9
962 1543 974 1558 ς
1051 1541 1064 1562 (

311 1561 438 1596 ουοε
475 1562 602 1615 μιας
629 1542 707 1602 εἷς
736 1536 1013 1609 αναϐολην
1045 1541 1512 1616 υπολειπομένης.

381 1631 478 1688 AZ'
533 1627 746 1686 Ἐπειδ“
799 1628 844 1685 δ’
942 1629 1021 1650 ”⁶
1144 1635 1171 1646 ”
1392 1637 1418 1648 ⁸
1615 1631 1626 1652 ¹
1780 1639 1804 1648 “
1898 1635 1912 1654 '

487 1675 498 1688 .
720 1651 754 1699 η
831 1653 855 1686 ε
885 1651 1075 1708 πορρω
1105 1651 1212 1686 των
1255 1653 1458 1688 νυκτων
1490 1634 1575 1704 ἦν,
1609 1653 1667 1688 εκ
1711 1653 1807 1688 του
1859 1654 1949 1688 ου-

313 1725 473 1796 ρανοῦ
525 1724 631 1796 πῦρ
688 1719 901 1794 ἀθρόως
953 1720 1271 1798 κατενεχθὶν
1352 1720 1612 1797 ἐνέσκηψε
1679 1727 1758 1794 τῷ
1824 1728 1950 1796 νεῷ,

307 1809 397 1906 καὶ
483 1809 596 1881 ἅμα
665 1809 1008 1884 πανταχόθεν
1086 1808 1251 1864 αὐτοῦ
1317 1807 1645 1885 δραξάμενον
1710 1809 2042 1906 ἐπίμπραΒ

1903 1898 1926 1917 ἢ

309 1898 457 1970 αὗτῷ
485 1898 765 1973 ἀγάλματι
830 1899 921 1952 καὶ
986 1897 1171 1961 αὐτοῖς
1239 1899 1569 1972 ἀναθήμασι.
1625 1901 1848 1956 Πάντων
1899 1898 1955 1956 δὲ

309 1989 451 2062 ὁμοῦ
518 1986 1032 2064 καταφλεγομένων,
1089 1989 1181 2043 καὶ
1247 1993 1343 2044 τοῦ
1417 1991 1586 2062 πυρὸς
1660 1989 1748 2045 ἐπὶ
1823 1992 1957 2064 μέγα

311 2075 711 2153 ἐξαιρουμένου,
748 2077 849 2152 βοὴ
897 2077 990 2150 μὶν
1039 2078 1231 2133 αὐτίκα
1263 2077 1480 2153 μεγάλη
1526 2082 1650 2154 περὶ
1691 2082 1784 2137 τὸν
1821 2081 1953 2136 νεὼν

310 2169 375 2235 ἦν
409 2166 498 2221 καὶ
537 2161 769 2240 θορυϐος
820 2162 993 2222 οὐδενὶ
1039 2165 1257 2228 ἐοικώς.
1299 2167 1403 2224 Καὶ
1455 2166 1520 2238 δὴ
1553 2169 1781 2225 πολλῶν
1824 2171 1955 2225 ἐπα-

314 2259 474 2327 μῦναι
504 2253 974 2330 προθυμουμένων
1018 2253 1196 2312 οὐδεὶς
1227 2255 1293 2325 ἦν
1337 2258 1366 2311 ὁ
1412 2258 1552 2332 πρὸς
1599 2259 1661 2312 τὸ
1708 2263 1814 2332 πῦρ
1863 2259 1955 2313 ἀν-

307 2349 520 2422 τισχεῖν
553 2341 943 2416 δυνησόμενος,
976 2342 1104 2398 ἄλλ’
1136 2346 1188 2400 o't
1224 2347 1318 2418 μὲν
1345 2344 1431 2400 ἐπὶ
1462 2349 1561 2416 τὴν
1601 2346 1764 2402 πόλιν
1786 2341 1955 2416 ἔθεον,

307 2437 386 2505 τῷ
431 2432 662 2508 ἄρχοντι
718 2439 818 2502 τῆς
890 2433 1027 2506 ἑῴας
1095 2432 1378 2505 Ἰουλιανῷ
1439 2436 1766 2508 μηνύσοντες
1810 2437 1836 2490 ὁ
1899 2433 1955 2490 δὲ

309 2520 503 2584 λοιπὸς
563 2518 736 2596 ὄχλος
797 2521 899 2576 ὑπὸ
958 2519 1273 2592 ἐκπλήξεως
1325 2520 1567 2594 ἵσταντο,
1621 2524 1800 2579 θεαταὶ
1857 2530 1954 2579 τοῦ

308 2607 618 2684 παραδόξου
668 2615 769 2679 τῆς
824 2605 1243 2681 καταλαϐούσης
1284 2611 1481 2674 αὐτοὺς
1539 2617 1821 2689 συμφορᾶς
1867 2633 1952 2688 γι-

309 2700 552 2772 νόμενοι.
585 2698 661 2755 Τὸ
694 2696 751 2753 δὲ
780 2703 887 2773 πῦρ
921 2695 1135 2762 οὐδενὸς
1167 2700 1235 2769 ἦν
1267 2704 1370 2754 τῶν
1404 2698 1591 2757 ἄλλων
1626 2701 1953 2773 ἀπτόμενον,

308 2786 576 2858 τοσαύτης
606 2808 665 2864 γε
693 2789 782 2843 καὶ
813 2789 984 2850 οὕτως
1044 2787 1392 2866 ἀμφιλοφοῦς
1439 2789 1574 2860 ὕλης
1625 2789 1734 2844 ἐκεῖ
1784 2811 1956 2866 πεφυ-

310 2876 487 2946 κυίας,
523 2877 552 2930 δ
599 2897 652 2930 τι
709 2877 784 2947 μὴ
853 2877 1161 2947 μονώτατον
1222 2873 1477 2948 ἐμπεσὸν,
1514 2877 1814 2952 κατέφλεγε
1861 2849 1952 2930 σὺν

310 2971 427 3028 τοῖς
479 2963 656 3019 ἐνοῦσι
703 2964 795 3018 τὸν
841 2965 976 3018 νεών
1007 2982 1021 2996 ’
1056 2964 1132 3024 ὡς
1175 2962 1366 3034 τὸμὲν
1427 2960 1647 3038 ἄγαλμα
1703 2965 1792 3019 καὶ
1851 2971 1953 3018 πᾶν

313 3053 342 3110 ὅ
371 3075 424 3109 τι
462 3052 514 3108 ἐν
551 3053 882 3126 ἀναθήμασιν
923 3052 1013 3121 ἦν,
1047 3052 1288 3122 καθάπαξ
1338 3051 1713 3126 ἀφανισθῆναι,
1750 3052 1957 3128 βραχέα

314 3141 371 3198 δὲ
403 3143 689 3219 λειφθῆναι
719 3146 827 3198 τῶν
871 3139 1140 3213 οἷκοδομη
1155 3139 1360 3214 μάτων,
1390 3144 1458 3215 τῇ
1516 3139 1693 3216 Δάφνῃ
1756 3147 1958 3215 σημεῖα

309 3236 406 3288 τοῦ
454 3233 676 3301 πάθους,
727 3227 760 3284 ἀ
806 3232 894 3285 καὶ
936 3235 1028 3285 νῦν
1071 3227 1149 3284 ἷέτι
1206 3227 1442 3285 δείκνυσι
1513 3229 1836 3304 σαφέστερον
1895 3232 1956 3286 τὸ

312 3320 507 3397 δεῖγμα
568 3325 664 3377 τοῦ
720 3322 983 3393 θεηθάτου
1050 3320 1242 3397 πυρός.
1293 3323 1351 3379 Ὀ
1411 3319 1467 3377 δὲ
1525 3321 1819 3385 Ἰουλιανὸς
1892 3322 1960 3378 τὰ

311 3406 587 3485 συμϐάντα
636 3411 890 3481 ἀκούσας,
945 3413 1110 3487 ὀργῆς
1155 3432 1212 3466 τε
1267 3411 1581 3486 πίμπλαται
1650 3413 1739 3466 καὶ
1790 3411 1958 3468 δεινὸν

310 3501 711 3575 ποιησάμενος,
755 3499 799 3555 εἰ
841 3501 1155 3573 Χριστιανοὶ
1198 3505 1314 3562 τοῖς
1373 3496 1778 3573 συμϐεϐηκόσιν
1837 3501 1960 3556 ἐπι-

311 3591 570 3654 τωθάσειν
599 3590 750 3660 αὐτῷ
818 3585 1097 3660 μέλλοιεν,
1125 3588 1320 3642 αὐτίκα
1358 3591 1680 3664 προστάττει
1728 3596 1826 3659 τῆς
1876 3611 1962 3662 με·

313 3679 490 3757 γάλης
550 3676 744 3739 αὖτοὺς
792 3675 1009 3745 ἐξωθεῖν
1063 3674 1375 3746 ἐκκλησίας,
1425 3682 1514 3731 καὶ
1581 3677 1781 3748 ταύτην
1865 3679 1959 3750 μὲν

315 3763 520 3825 ἄϐατον
552 3766 741 3829 αὐτοῖς
787 3763 1070 3826 παντελῶς
1115 3764 1456 3838 ἀποφαίνειν,
1484 3766 1558 3828 ὡς
1608 3767 1690 3821 ὅτι
1721 3764 1960 3844 ἀσφαλέ-

316 3876 481 3912 στατα
529 3853 695 3924 αὐτὴν
745 3849 1264 3927 ἀποκλεισαμένους,
1286 3855 1353 3908 τὰ
1402 3852 1459 3910 δὲ
1498 3853 1763 3928 κειμήλια
1793 3856 1962 3911 πάντα

318 3945 637 4018 δημοσιοῦν.
671 3940 868 3999 Δίδωσι
902 3939 960 3998 δὲ
989 3943 1079 3998 καὶ
1135 3948 1248 4006 τοῖς
1277 3942 1546 4015 Ἕλλησιν
1595 3942 1775 4000 ἄδειαν
1824 3944 1962 4001 ὥστε

318 4033 538 4090 εἰσιέναι
590 4031 785 4094 αὐτοὺς
839 4031 916 4094 εἷς
962 4031 1056 4094 τὰς
1103 4035 1210 4087 τῶν
1271 4036 1605 4108 Χριστιανῶν
1669 4033 1958 4106 ἐκκλησίας

317 4125 408 4180 καὶ
446 4127 620 4177 ποιεῖν
660 4121 760 4176 ὅσα
797 4121 886 4177 καὶ
921 4120 1232 4196 βούλοιντο.

389 4215 518 4271 ΛΗ’.
559 4210 779 4269 Τούτων
811 4207 903 4266 οὖν
950 4212 1097 4285 παρὰ
1143 4213 1238 4266 τοῦ
1285 4211 1545 4285 τυράννου
1600 4214 1688 4266 καὶ
1738 4209 1962 4273 ἅσεϐοὔς

318 4301 737 4365 κελευσθέντων,
787 4301 839 4354 τί
889 4321 996 4354 των
1061 4300 1330 4374 μεγίστων
1389 4305 1569 4354 κακῶν
1629 4298 1728 4354 οὒκ
1783 4301 1962 4355 ἐπετε-

321 4393 488 4463 λέσθη
515 4411 531 4462 ;
561 4390 631 4449 Τί
682 4389 738 4446 δὲ
773 4393 881 4444 τῶν
914 4388 1307 4464 ἂπηχεστάτων
1350 4388 1450 4443 υύκ
1498 4389 1728 4464 ἐλέχθη,
1749 4389 1961 4447 πάντων

321 4481 502 4559 ἂφὲτῳ
547 4477 772 4554 γλώσσῃ
819 4476 1136 4533 λαλούντων
1167 4477 1233 4532 τά
1280 4476 1488 4553 ἅρῥητα
1535 4480 1670 4534 κατᾶ
1705 4487 1804 4548 τῆς
1857 4481 1964 4535 τῶν

2060 579 2190 620 cum
2221 563 2304 618 eis
2353 561 2656 633 Daphnem
2706 574 3081 626 ascensurus,
3115 564 3249 611 tunc
3281 555 3515 626 quidem
3546 561 3698 612 certe

2059 668 2302 724 sperans
2334 649 2592 716 omnino,
2627 648 2676 704 si
2711 665 2827 703 non
2855 646 3024 711 alios,
3057 649 3117 700 at
3140 645 3336 715 ipsum
3369 641 3701 713 Apollinem

2061 755 2498 812 responsurum.
2533 742 2609 792 Eo
2653 737 2808 793 enim
2860 734 3156 806 spectabat
3186 748 3316 803 spes
3365 731 3620 802 prompti
3648 734 3705 784 et

2062 830 2270 887 alacris
2316 828 2476 883 illius
2527 826 2726 896 animi,
2758 827 2911 896 quod
2967 824 3131 878 locus
3177 821 3230 877 ei
3283 820 3494 891 magis,
3528 834 3704 890 quam

2062 920 2182 990 alii,
2212 918 2514 973 videbatur
2535 919 2811 988 praestare
2837 912 3077 968 scientia
3098 907 3396 965 divinandi
3422 922 3434 961 :
3460 911 3518 962 et
3549 907 3704 977 quod

2061 1011 2113 1064 ei
2144 1007 2254 1064 soli
2285 1015 2621 1062 consecrata
2650 1007 2774 1058 erat
2809 1001 3069 1072 Daphne.
3101 997 3387 1054 Eusebius
3408 1002 3621 1062 autem,
3649 999 3706 1051 et

2062 1097 2161 1170 qui
2193 1098 2356 1170 prius
2386 1094 2526 1150 dicti
2576 1097 2713 1149 sunt
2741 1092 3087 1159 sacerdotes,
3119 1093 3175 1143 et
3214 1086 3532 1142 multitudo
3565 1085 3704 1140 aedi-

2062 1194 2318 1250 tuorum,
2348 1183 2514 1238 valde
2564 1181 2907 1237 laborabant
2944 1181 3000 1232 et
3027 1176 3347 1248 vigilabant
3377 1175 3531 1230 circa
3559 1173 3706 1227 ima-

2062 1273 2274 1344 ginem,
2308 1273 2712 1341 exspectantes
2743 1269 3151 1339 imperatorem
3177 1280 3191 1319 :
3225 1271 3281 1318 et
3311 1263 3508 1318 omnia
3529 1276 3707 1332 agen-

2064 1366 2172 1430 tes,
2207 1365 2291 1428 ut,
2323 1377 2455 1416 cum
2489 1358 2732 1426 venerit,
2766 1372 2900 1412 eum
2942 1354 3148 1410 habeat
3182 1353 3534 1422 loquentem,
3568 1363 3704 1404 cum

2065 1449 2224 1506 nulla
2253 1447 2544 1505 excusatio
2576 1449 2728 1502 esset
2759 1445 2839 1500 eis
2867 1442 3069 1499 relicta
3098 1442 3169 1496 ad
3201 1439 3560 1495 dilationem.

2133 1629 2407 1687 XXXVII.
2428 1629 2570 1683 Cum
2593 1643 2726 1683 vero
2751 1625 2998 1695 noxjam
3019 1621 3272 1678 multum
3296 1617 3704 1692 processisset,

2065 1721 2219 1794 ignis
2249 1721 2484 1791 repente
2516 1734 2546 1772 e
2576 1716 2719 1772 cmlo
2751 1713 3042 1770 demissus
3065 1713 3125 1767 in
3145 1707 3431 1780 templum
3457 1706 3703 1762 cecidit:

2066 1817 2120 1866 et
2149 1824 2284 1865 cum
2302 1808 2498 1880 ipsum
2521 1805 2680 1861 omni
2710 1820 2778 1860 ex
2802 1807 2966 1874 parte
2990 1796 3490 1872 apprehendisset,
3514 1795 3704 1865 ipsam

2065 1897 2286 1956 exussit
2346 1895 2662 1966 imaginem
2730 1907 2863 1947 cum
2912 1889 3052 1960 ipsis
3121 1885 3395 1942 donariis.
3445 1884 3706 1953 Cumque

2065 1986 2263 2043 omnia
2291 1981 2464 2040 simul
2511 1980 2952 2051 conﬂagrarent,
2985 1979 3042 2032 et
3088 1974 3240 2046 ignis
3268 1971 3435 2027 valde
3466 1968 3708 2025 extolle-

2065 2082 2244 2141 retur,
2276 2070 2542 2144 protinus
2572 2067 2810 2139 quidem
2842 2065 2953 2120 fuit
2982 2064 3040 2118 in
3071 2060 3286 2132 templo
3318 2074 3526 2127 magna
3557 2056 3704 2111 voci-

2065 2161 2289 2228 feratio,
2323 2165 2379 2216 et
2407 2157 2555 2214 nulli
2585 2156 2796 2212 similis
2835 2152 3144 2209 tumultus.
3177 2151 3340 2205 Tunc
3371 2145 3534 2202 multi
3564 2144 3704 2216 qui-

2067 2257 2199 2310 dem
2248 2251 2430 2323 parati
2489 2252 2652 2305 erant
2685 2262 2853 2319 opem
2899 2245 3064 2313 ferre,
3096 2240 3294 2296 nullus
3335 2241 3530 2293 autem
3559 2239 3702 2303 erat,

2065 2343 2166 2415 qui
2201 2344 2398 2414 posset
2418 2337 2540 2411 igni
2567 2335 2850 2392 resistere.
2878 2333 2986 2388 Sed
3009 2331 3106 2387 alii
3137 2330 3370 2400 quidem
3394 2326 3705 2382 currebant

2065 2433 2136 2488 ad
2166 2430 2482 2496 civitatem,
2514 2427 2572 2482 id
2604 2420 2990 2496 signiﬁcaturi
3017 2419 3248 2477 Juliano
3276 2434 3289 2473 :
3329 2415 3543 2485 reliqua
3572 2429 3705 2470 vero

2066 2519 2371 2576 multitudo
2427 2516 2618 2572 stabat
2647 2512 3072 2583 obstupefacta,
3114 2505 3517 2577 contemplans
3548 2501 3704 2558 cala-

2066 2610 2352 2676 mitatem,
2396 2622 2522 2677 qua:
2559 2604 2715 2673 ipsos
2760 2601 3072 2655 invaserat.
3116 2597 3272 2667 Ignis
3313 2597 3508 2649 autem
3556 2588 3704 2646 nihil

2065 2698 2223 2755 aliud
2255 2694 2551 2766 tangebat,
2601 2704 2731 2747 cum
2760 2692 2924 2744 tanta
2954 2691 3010 2741 et
3028 2690 3144 2741 tam
3178 2682 3413 2754 cepiosa
3446 2680 3564 2736 illic
3612 2695 3704 2734 es-

2068 2792 2157 2844 set
2187 2785 2449 2852 materia,
2482 2781 2595 2837 nisi
2618 2780 2771 2852 quod
2805 2777 2990 2834 solum
3015 2791 3148 2830 cum
3181 2773 3422 2842 iis,qua:
3451 2770 3702 2836 inerant,

2070 2875 2353 2946 templum
2384 2870 2766 2928 comburebat
2799 2883 2812 2922 :
2855 2867 2994 2922 adeo
3036 2868 3100 2918 ut
3130 2862 3323 2931 imago
3363 2858 3621 2930 quidem,
3648 2858 3706 2911 et

2070 2945 2425 3036 quaecunque
2453 2958 2573 3015 illic
2611 2959 2776 3012 crant
2805 2953 3050 3010 donaria
3085 2949 3297 3006 fuerint
3333 2947 3568 3002 omnino
3600 2945 3707 3000 de—

2071 3033 2230 3109 leta:
2267 3066 2444 3123 pauca
2472 3053 2665 3105 autem
2715 3043 2959 3102 aediﬁcia
3004 3040 3242 3112 Daphne
3294 3033 3704 3103 remanserint,

2071 3142 2236 3213 signa
2265 3141 2394 3210 ejus
2432 3138 2583 3209 quod
2634 3133 2923 3191 acciderat
2956 3147 2968 3186 :
3004 3147 3129 3202 quae
3163 3126 3333 3184 etiam
3375 3141 3532 3180 nunc
3561 3138 3705 3194 quo-

2070 3211 2181 3303 que
2211 3227 2470 3301 apertius
2498 3223 2760 3280 indicant
2784 3223 2997 3292 ignem,
3027 3217 3122 3288 qui
3152 3216 3370 3272 missus
3401 3213 3586 3268 fuerat
3618 3211 3706 3266 di-

2067 3321 2307 3378 vinitus.
2338 3314 2615 3372 Julianus
2637 3315 2832 3366 autem
2852 3325 2982 3364 cum
3009 3305 3326 3362 audivisset
3347 3317 3434 3372 ea,
3466 3316 3589 3371 quae
3616 3315 3707 3355 ec-

2065 3411 2343 3474 ciderant,
2395 3405 2484 3460 ira
2531 3401 2780 3473 repletur
2828 3401 2884 3454 et
2913 3410 3084 3468 grave
3114 3392 3448 3459 arbitratus,
3490 3388 3541 3445 si
3576 3404 3707 3457 pro-

2066 3503 2194 3571 pter
2238 3514 2307 3552 ea
2363 3510 2488 3566 quea
2548 3488 2878 3546 acciderant
2943 3481 3257 3540 Christiani
3320 3484 3515 3534 essent
3571 3491 3707 3531 eum

2066 3564 2442 3648 ludificaturi,
2480 3580 2651 3652 jubet
2686 3577 2886 3632 statim
2918 3589 3017 3630 eos
3049 3586 3078 3627 e
3110 3584 3320 3639 magna
3375 3564 3580 3636 expelli
3610 3581 3706 3620 ec-

2068 3674 2259 3742 clesia,
2294 3676 2351 3729 et
2380 3667 2685 3742 provideri,
2719 3681 2790 3721 ne
2831 3663 2946 3718 illis
2997 3661 3067 3716 ad
3108 3660 3298 3730 ipsam
3342 3653 3578 3710 omnino
3609 3669 3708 3723 pa-

2069 3769 2186 3823 teat
2215 3763 2434 3831 aditus,
2463 3776 2531 3817 ac
2574 3759 2809 3814 demum
2843 3770 2969 3826 ques
3009 3751 3088 3806 ibi
3117 3752 3282 3804 erant
3316 3745 3567 3818 pretiosa
3595 3759 3705 3814 pu-

2067 3853 2294 3912 blicari.
2329 3854 2436 3908 Dat
2483 3853 2681 3906 autem
2716 3845 2986 3918 gentibus
3016 3841 3381 3913 potestatem,
3414 3838 3479 3890 ut
3508 3832 3704 3905 ingre-

2068 3947 2304 4002 diantur
2344 3942 2402 3998 in
2433 3938 2708 3998 ecclesias
2735 3932 3218 3999 Christianorum,
3253 3930 3308 3983 et
3338 3924 3546 3981 faciant
3577 3937 3702 3994 quae

2065 4035 2265 4093 velint.

2138 4207 2443 4268 XXXVIII.
2475 4206 2620 4259 Cum
2648 4216 2778 4271 ergo
2808 4199 3020 4270 impius
3050 4195 3172 4250 haec
3196 4190 3475 4264 jussisset
3503 4191 3705 4260 tyran-

2069 4316 2205 4367 nus,
2238 4297 2388 4368 quod
2422 4310 2536 4350 non
2569 4290 2880 4348 maximum
2912 4285 3133 4341 malum
3167 4282 3386 4337 factum
3417 4277 3542 4334 est?
3563 4274 3710 4342 Quid

2070 4408 2186 4447 non
2217 4391 2408 4445 autem
2441 4380 2940 4441 absurdissimum
2963 4379 3021 4432 et
3051 4369 3458 4444 turpissimum
3487 4368 3711 4422 dictum

2071 4484 2178 4549 est,
2212 4475 2486 4535 omnibus
2517 4473 2720 4542 lingua
2745 4469 3024 4524 effrenata
3054 4461 3304 4519 nefanda
3339 4455 3713 4528 loquentibus

323 4571 668 4646 Χριστιανῶν
725 4567 985 4638 πίστεως,
1039 4564 1129 4620 καὶ
1199 4545 1668 4646 βλασέρημούντων
1739 4545 1814 4629 εἰς
1869 4568 1958 4624 τὸν

2074 4545 2353 4629 adversus
2378 4565 2553 4619 fidem
2579 4558 3063 4623 Christianorum,
3080 4545 3714 4618 nefandaloquentibue

326 4658 525 4734 Κύριον
581 4658 673 4712 καὶ
731 4658 857 4712 Θεὸν
916 4658 1076 4731 ἡμῶν
1127 4657 1336 4729 Ἰησοῦν
1383 4659 1613 4733 Χριστὸν
1663 4656 1715 4714 ἐν
1769 4659 1965 4724 πάσαις

327 4753 448 4811 ταῖς
486 4745 728 4803 πόλεσιν.
762 4747 848 4803 Ἐν
902 4746 996 4820 μὶν
1047 4744 1150 4822 γὰρ
1200 4741 1444 4820 Σεϐαστῇ
1493 4747 1849 4823 ἐπικληθείσῃ
1898 4748 1965 4802 τά

330 4839 462 4894 ὀστᾶ
509 4840 606 4892 τοῦ
665 4837 952 4914 προφήτου
994 4833 1305 4892 Ἐλισσαίου
1353 4835 1442 4891 καὶ
1506 4841 1603 4892 τοῦ
1661 4841 1965 4893 Βαπτιστοῦ

330 4927 586 4986 Ἰωάννου
643 4924 703 4980 ἑκ
753 4927 862 4979 τῶν
921 4927 1102 4996 θηκῶν
1171 4923 1543 5000 ἐξαγαγόντες,
1593 4927 1682 4981 καὶ
1746 4924 1965 5004 ἀλόγων

329 5014 654 5090 ἀκαθάρτοις
719 5011 927 5076 ὀστέοις
1005 5013 1394 5087 προσμίξαντες
1475 5016 1825 5084 κατέκαυσαν,
1875 5019 1966 5072 καὶ

329 5109 430 5176 τὴν
459 5106 610 5161 κόνιν
647 5103 722 5164 εἷς
751 5105 842 5158 τὸν
875 5101 1004 5176 ἀέρα
1032 5102 1332 5177 ἐλίκμησαν
1368 5123 1382 5136 ·
1413 5104 1507 5158 τὸν
1539 5101 1596 5159 δὲ
1632 5109 1728 5160 τοῦ
1776 5112 1968 5175 Σωτῆ-

333 5216 425 5272 ρος
450 5191 759 5269 ἄνδριάντα,
793 5192 845 5247 ἐν
871 5189 1099 5247 Πανεάδι
1137 5194 1206 5266 τῇ
1234 5190 1394 5247 πόλει
1432 5193 1568 5262 πρὸς
1622 5200 1724 5264 τῆς
1769 5193 1971 5269 αἱμοβ-

333 5282 572 5361 ῥοούσης
630 5282 884 5358 γυναικὸς
954 5279 1444 5336 κατασκευασθέντα
1515 5281 1970 5358 μεγαλοπρεπῶς,

333 5377 394 5444 ἦν
452 5374 480 5428 ὁ
536 5372 767 5448 Χριστὸς
827 5371 1034 5442 ἰάσατο,
1072 5372 1161 5425 καὶ
1241 5367 1550 5445 ἱδρυνθέντα
1606 5369 1656 5425 ἐν
1714 5373 1972 5446 ἐπισήμῳ

333 5463 485 5535 τόπῳ
511 5467 612 5531 τῆς
642 5458 882 5530 πόλεως,
915 5461 973 5515 ’ὀν
1006 5459 1138 5531 μετά
1165 5461 1364 5534 χρόνον
1413 5459 1716 5536 γνωσθέντα
1755 5460 1814 5516 ἐκ
1870 5468 1971 5532 τῆς

334 5550 557 5607 αὐτόθεν
588 5546 864 5626 φυομένης
897 5549 1126 5624 βοτάνης
1163 5551 1259 5603 τοῦ
1299 5547 1592 5621 θαύματος,
1626 5549 1677 5603 οἱ
1716 5552 1974 5626 Χριστια-

336 5639 425 5696 νοὶ
457 5637 717 5715 ἀράμενοι
747 5635 798 5694 ἐν
827 5643 906 5712 τῷ
933 5643 1030 5707 τῆς
1059 5634 1352 5707 ἐκκλησίας
1402 5635 1693 5710 διακονικῷ
1725 5634 1974 5709 ἔστησαν,

2073 4667 2131 4718 et
2172 4651 2717 4729 blasphemantibus
2763 4646 3073 4703 Dominum
3123 4649 3177 4696 et
3213 4640 3394 4695 Deum
3445 4637 3713 4690 nostrum

2071 4755 2270 4807 Jesum
2308 4723 2616 4801 'Christum
2661 4738 2720 4793 in
2751 4735 3025 4793 omnibus
3057 4725 3433 4787 civitatibus?
3480 4725 3621 4778 Nam
3653 4723 3714 4775 in

2074 4841 2302 4897 civitate
2360 4834 2616 4907 quidem,
2679 4844 2803 4901 quae
2871 4825 3006 4881 olim
3062 4820 3378 4876 vocabatur
3429 4811 3714 4880 Samaria,

2074 4934 2272 5003 postea
2301 4899 2435 4981 vero
2467 4927 2524 4980 et
2570 4899 2808 4977 condita
2837 4914 3026 4969 fuerat
3056 4910 3126 4966 ab
3157 4905 3398 5003 Herode,
3429 4906 3486 5003 et
3515 4899 3718 4999 appel-

2073 4988 2191 5076 lata
2211 5019 2334 5074 erat
2357 5015 2623 5078 Sebaste,
2653 5022 2786 5064 ossa
2826 5001 3115 5076 pr0phetse
3160 4992 3331 5050 Elisei
3362 4994 3418 5047 et
3447 4988 3716 5060 Baptista

2077 5106 2316 5164 Joannis
2347 5105 2436 5176 (ut
2470 5094 2778 5173 putabant)
2809 5109 2840 5148 e
2887 5087 3091 5147 loculis
3132 5082 3462 5176 educentes,
3493 5081 3552 5134 et
3579 5090 3716 5132 cum

2079 5171 2398 5251 immundis
2432 5171 2736 5246 brutorum
2777 5182 3010 5238 ossibus
3050 5171 3516 5235 commiscentes,
3548 5179 3716 5222 exus-

2081 5288 2299 5350 serunt,
2336 5287 2388 5337 et
2419 5279 2672 5335 cinerem
2701 5273 2760 5326 in
2784 5284 2972 5325 aerem
3005 5263 3332 5321 cribrarunt
3382 5274 3449 5314 ac
3478 5252 3718 5311 ventila-

2081 5377 2219 5431 runt
2259 5390 2270 5427 :
2321 5365 2633 5427 Salvatoris
2673 5366 2861 5418 autem
2902 5359 3179 5419 statuam,
3212 5367 3331 5422 quae
3365 5348 3424 5401 in
3454 5341 3719 5400 Paneade

2083 5463 2313 5521 civitate
2345 5475 2378 5514 ο
2399 5456 2660 5518 muliere,
2686 5467 2812 5522 quae
2835 5443 3116 5520 proﬂuvio
3147 5436 3453 5511 sanguinis
3485 5434 3720 5488 labora-

2085 5553 2204 5620 bat,
2236 5553 2292 5606 et
2321 5566 2354 5604 a
2384 5545 2612 5601 Christo
2643 5544 2846 5597 curata
2876 5537 3082 5601 fuerat,
3117 5526 3416 5600 magniﬁce
3457 5522 3721 5579 constru-

2086 5617 2257 5697 ctavet
2281 5638 2341 5694 in
2377 5633 2592 5705 insigni
2622 5627 2872 5687 civitatis
2903 5625 3025 5682 loco
3058 5621 3242 5694 posita
3272 5617 3458 5672 fuerat
3489 5626 3504 5664 :
3537 5622 3710 5678 quam
