4128 6274
423 325 576 385 1203

1758 324 2037 386 MENSIS
2079 325 2459 387 OCTOBER.

3669 313 3878 375 1204

421 498 554 566 post
582 497 813 566 tempus
844 493 1132 566 cognitam
1155 511 1222 550 ex
1271 492 1546 549 miraculo
1567 491 1778 561 herbae,
1805 508 1928 563 quae
1950 490 2067 547 illic

2197 494 2365 546 εοῦτον
2425 489 2477 542 υἱ
2534 484 2807 556 Ἕλληνες
2842 484 3294 550 κατασπάσαντες,
3351 483 3459 536 τῶν
3514 475 3706 535 ποδῶν
3785 500 3870 534 τε

429 582 793 649 nascebatur,
827 582 1145 637 Christiani
1187 588 1550 653 acceperunt,
1581 588 1634 637 et
1663 583 1982 650 posuerunt
2011 580 2069 633 in

431 670 727 726 diaconico
761 685 774 724 :
802 685 926 724 eam
959 676 1160 742 gentes
1192 670 1584 740 detraxerunt,
1609 675 1666 724 et
1695 669 1934 724 funibus
1956 667 2073 724 alli-

427 759 580 829 gatis
611 758 857 829 pedibus
888 763 1188 814 traxerunt
1217 775 1318 830 per
1347 759 1558 825 forum,
1583 758 1765 814 donec
1791 757 2070 829 paulatim

435 847 675 913 interiit,
734 847 933 903 relicto
989 846 1108 903 solo
1150 848 1355 918 capite,
1406 852 1464 902 et
1511 852 1675 918 rapto
1715 864 1747 902 a
1796 847 2070 918 quodam,

434 936 574 990 dum
609 940 811 1007 gentes
854 936 1368 1005 tumultuarentur,
1402 935 1729 990 dicentibus
1778 935 1851 989 iis
1898 935 2071 990 verba

433 1023 779 1094 blasphema
809 1029 864 1080 et
901 1025 1291 1080 abominanda
1338 1025 1395 1078 in
1446 1024 1758 1080 Dominum
1809 1029 2070 1080 nostrum

434 1114 629 1169 Jesum
654 1113 971 1183 Christum,
999 1131 1122 1184 quae
1145 1129 1314 1170 nemo
1346 1130 1604 1185 unquam
1628 1114 1799 1169 homo
1829 1113 2070 1169 audivit.

501 1203 742 1258 XXXIX.
783 1203 1238 1259 Sceleratissimo
1271 1209 1462 1259 autem
1520 1209 1765 1275 tyranno
1815 1203 2075 1258 audienti

433 1302 596 1352 erant
626 1296 747 1351 haec
790 1295 1026 1363 deliciae,
1061 1300 1118 1350 et
1167 1296 1217 1350 ei
1249 1312 1520 1367 magnam
1564 1295 1879 1351 afi'erebant
1907 1295 2074 1352 volu-

435 1388 676 1456 ptatem.
719 1385 881 1441 Unde
911 1385 1086 1441 etiam
1120 1385 1397 1456 posthaec
1437 1386 1622 1456 jussit
1651 1385 1888 1440 excitari
1928 1388 2076 1440 tem-

439 1475 604 1548 plum
648 1475 1006 1544 Judmorum,
1066 1475 1220 1546 quod
1262 1484 1381 1530 erat
1428 1473 1891 1545 Hierosolymis:
1943 1477 2001 1528 et
2046 1489 2076 1528 e

440 1565 670 1620 civitate
710 1563 966 1634 expulsis
993 1563 1358 1631 Christianis,
1390 1564 1610 1620 Judaeis
1643 1563 1878 1634 reliquit
1910 1563 2075 1617 habi-

438 1653 694 1708 tandam.
746 1653 1131 1715 Quamobrem
1163 1654 1469 1721 quemdam
1513 1669 1743 1724 quoque
1782 1652 2072 1723 Alypium,

445 1741 603 1798 falsae
659 1740 924 1813 religioni
991 1743 1177 1796 virum
1239 1741 1688 1808 deditissimum,
1740 1747 1795 1797 et
1847 1741 2077 1797 comitis

442 1831 723 1901 dignitate
763 1833 1158 1898 honestatum,
1193 1847 1258 1886 eo
1309 1832 1504 1896 mittit,
1533 1831 1742 1902 jubens
1774 1836 1837 1885 ut
1868 1846 2078 1901 magno

445 1919 637 1974 studio
654 1917 928 1989 templum
946 1935 1145 1973 rursus
1166 1917 1495 1987 aedificaret,
1518 1920 1664 1989 quod
1693 1918 2080 1989 Vespasianus

444 2013 498 2062 el
527 2007 654 2076 ejus
689 2005 840 2061 filius
871 2007 1034 2062 Titus
1064 2007 1241 2062 simul
1273 2024 1404 2063 cum
1425 2009 1653 2063 civitate
1671 2009 2082 2063 destruxerunt

443 2099 500 2152 et
529 2099 891 2151 exusserunt.
940 2096 1249 2167 Oportebat
1298 2097 1453 2152 enim
1476 2098 1547 2152 ad
1582 2097 1844 2153 affectum
1874 2098 2081 2154 deduci

441 2184 681 2239 verbum
714 2184 948 2253 Christi,
981 2184 1077 2256 qui
1100 2189 1188 2240 est
1216 2185 1347 2256 ipsa
1377 2186 1606 2254 veritas,
1639 2202 1883 2257 nempe:
1911 2187 2081 2242 «Non

444 2272 861 2344 manebitlapis
882 2289 1058 2344 super
1082 2273 1359 2345 lapidem,
1376 2275 1478 2345 qui
1504 2291 1616 2330 non
1635 2275 1968 2331 destruatur
1987 2276 2027 2330 θ.
2055 2295 2079 2325 υ

446 2363 607 2426 Quod
625 2361 857 2432 quidem
884 2365 1125 2418 studens
1140 2361 1350 2418 falsum
1367 2364 1668 2420 ostendere
1684 2363 1932 2420 stolidus
1956 2365 2082 2432 iste,

448 2450 834 2506 contendebat
889 2451 1170 2522 templum
1231 2467 1434 2507 rursus
1487 2453 1793 2523 aediﬁcare,
1853 2453 2084 2509 etiamsi

445 2539 664 2595 frustra
694 2537 1015 2606 laborabat,
1049 2556 1112 2594 ea
1134 2540 1498 2611 aggrediens,
1531 2557 1658 2611 quae
1688 2542 1812 2597 ﬁeri
1845 2559 1958 2596 non
1991 2559 2083 2614 po-

447 2630 660 2682 terant.
693 2627 836 2680 Nam
869 2642 1001 2682 cum
1036 2643 1247 2698 magno
1278 2629 1466 2682 studio
1498 2630 1952 2698 concurrissent,
1986 2629 2084 2701 qui

456 2716 636 2770 Deum
669 2715 1021 2784 occiderant,
1042 2715 1249 2784 Judaei,
1268 2721 1318 2772 et
1344 2732 1552 2788 magna
1575 2733 1748 2773 manu
1772 2722 1829 2773 et
1850 2734 2086 2774 summa

450 2803 628 2860 animi
660 2803 957 2860 alacritate
987 2821 1130 2876 opus
1178 2806 1650 2877 aggrederentur,
1682 2811 1740 2862 et
1794 2807 2086 2878 jaciendis

452 2894 847 2948 fundamentis
880 2894 1097 2950 fossam
1131 2895 1390 2950 foderent
1440 2895 1728 2966 argenteis
1760 2899 1848 2966 (ut
1886 2897 2089 2952 dicunt

451 2981 739 3052 nonnulli)
763 2982 1059 3054 ligonibus
1081 2988 1137 3039 et
1160 2983 1373 3051 hamis,
1406 2989 1715 3056 essentque
1732 2987 1941 3056 jacturi
1965 2987 2088 3043 fun-

454 3071 748 3138 damenta,
781 3070 1287 3126 vehementissima
1331 3071 1556 3127 irruens
1599 3078 1767 3129 nocte
1814 3074 2088 3145 procella,

456 3159 610 3229 quod
640 3159 999 3214 exinanitum
1059 3159 1294 3232 quidem
1331 3161 1532 3230 fuerat,
1569 3178 1771 3219 rursus
1808 3164 2084 3236 aggessit.

456 3249 598 3302 Cum
629 3246 857 3320 fulgura
882 3252 1078 3304 autem
1110 3257 1162 3304 et
1195 3249 1453 3305 tonitrua
1483 3251 1848 3309 continenter
1877 3253 2088 3309 demit-
2124 3237 2173 3304 C

456 3340 737 3405 terentur,
773 3341 828 3392 et
848 3339 971 3394 dies
987 3338 1112 3409 jam
1135 3339 1649 3412 appropinquaret,
1674 3340 1776 3396 fuit
1798 3345 2090 3398 terraemo-

453 3428 549 3481 tus
562 3426 702 3483 adeo
722 3425 950 3498 ingens,
977 3431 1039 3482 ut
1060 3427 1230 3483 multi
1249 3428 1529 3500 perierint
1553 3447 1566 3485 :
1591 3437 1645 3485 et
1665 3429 1818 3501 ignis
1839 3430 2090 3487 emissus

453 3528 523 3569 ex
578 3513 672 3582 iis,
704 3530 831 3585 quae
882 3516 1273 3585 jaciebantur,
1326 3518 1741 3586 fundamentis,
1773 3519 2093 3576 combussit

453 3617 679 3672 omnes,
712 3603 812 3674 qui
845 3609 983 3659 sunt
1029 3605 1148 3661 illic
1194 3606 1432 3664 inventi.
1463 3609 1653 3679 Atque
1681 3607 1802 3664 haac
1853 3610 2089 3681 quidem

457 3689 541 3748 sic
571 3693 935 3761 gerebantur.

528 3779 637 3835 XL.
670 3779 942 3836 Julianus
1002 3786 1195 3836 autem
1238 3798 1369 3837 cum
1415 3783 1656 3839 sedisset
1684 3800 1785 3856 pro
1818 3787 2092 3844 tribunali

457 3869 517 3924 in
547 3868 672 3924 loco
713 3885 885 3940 quem
914 3874 1118 3926 vocant
1149 3871 1478 3938 Basilicam,
1511 3877 1568 3928 et
1598 3879 1861 3930 curasset
1891 3877 2091 3933 sisten-

457 3958 597 4012 dum
651 3962 1010 4030 martyrem:
1061 3959 1310 4016 Audiisli
1360 3961 1616 4032 omnino,
1671 3962 1883 4035 inquit,
1933 3981 1966 4020 o
2031 3969 2092 4021 tu

458 4062 689 4118 quoque
719 4046 806 4101 vir
845 4047 1094 4105 maxime
1124 4049 1319 4121 impie,
1354 4051 1424 4106 ab
1467 4050 1556 4120 iis,
1591 4051 1689 4122 qui
1721 4069 1809 4124 ea,
1841 4069 1968 4124 qua:
2004 4058 2090 4120 tu,

456 4135 672 4190 audent
695 4139 948 4208 aggredi,
974 4155 1238 4210 quaenam
1263 4140 1387 4195 ausi
1410 4141 1528 4196 sint
1545 4141 1804 4199 infelices
1827 4145 2092 4200 adversus

453 4222 804 4293 Apollinem,
838 4225 937 4298 qui
976 4231 1061 4282 est
1104 4227 1162 4282 in
1213 4227 1472 4300 Daphne,
1513 4235 1570 4288 et
1603 4233 2093 4303 quemadmodum

455 4325 589 4365 eum
624 4323 968 4371 exusserunt
1000 4333 1132 4371 cum
1166 4317 1308 4389 ipsis
1337 4320 1516 4376 sacris
1557 4324 1612 4376 et
1643 4319 1918 4392 donariis,
1953 4324 2093 4379 adeo

455 4405 520 4454 ut
566 4417 705 4472 opus
758 4404 1185 4471 admirandum,
1243 4412 1298 4461 et
1355 4410 1607 4464 maxime
1677 4414 2091 4482 venerandum,

454 4489 626 4544 fuerit
659 4491 730 4545 ab
767 4492 896 4562 igne
918 4500 1348 4561 consumptum.
1373 4497 1482 4551 Sed
1510 4514 1623 4552 non
1647 4501 1983 4569 gaudebunt
2004 4502 2095 4557 his

2182 578 2435 653 σχοίνους
2493 576 2798 650 ἐξάψαντες,
2851 567 3037 647 ἔσοραν
3107 571 3196 625 ἐπὶ
3255 572 3355 634 τῆς
3431 569 3655 643 ἀγορᾶς,
3726 565 3868 629 ἕως

2182 668 2243 725 οὗ
2274 669 2408 724 κατά
2441 668 2634 742 μικρὸν
2677 664 3122 740 ἀποθραυόμενος
3167 660 3465 738 ἠφανίσθη,
3501 660 3676 733 μόνης
3731 665 3864 727 τῆς

2179 757 2422 835 κεφαλῆς
2476 754 2930 834 καταλειφθείσης
2984 751 3072 806 καὶ
3131 750 3460 825 ἁρπαγείσης
3512 748 3614 803 ὑπό
3671 769 3859 809 τινος

2183 847 2234 903 ἐν
2263 853 2342 920 τῷ
2393 841 2736 922 θορυϐεῖσθαι
2767 842 2894 904 τοὺς
2934 841 3234 910 ”Ελληνας,
3275 837 3590 893 λαλούντων
3643 835 3851 892 αὐτῶν

2189 937 2490 1014 βλάσφημα
2545 935 2633 990 καὶ
2701 931 3056 1009 ἀπηχέστατα
3093 930 3316 1002 ῥήματα
3345 928 3422 982 εἷς
3480 928 3570 982 τὸν
3618 927 3849 1001 Κύριον

2183 1029 2342 1098 ἡμῶν
2386 1027 2596 1095 Ἰησοῦν
2637 1021 2894 1095 Χριστὸν,
2927 1018 2960 1072 ’ἀ
3011 1019 3085 1092 μή
3135 1039 3218 1080 τις
3267 1017 3564 1092 ἀνθρώπων
3623 1014 3849 1085 ἤκουσε

2181 1120 2423 1174 πώποτε.

2254 1207 2376 1263 ΛΘ’.
2424 1207 2519 1276 Τῷ
2574 1201 2756 1276 μέντοι
2806 1199 3258 1274 παρανομωτάτῳ
3297 1195 3541 1272 τυράννῳ
3570 1195 3843 1252 ἀκούοντι

2181 1300 2348 1351 ταῦτα
2369 1293 2546 1368 τρυφή
2573 1293 2658 1362 ἦν,
2693 1291 2781 1344 καὶ
2811 1287 3031 1358 πολλὴν
3082 1287 3228 1358 αὐτῴ
3266 1285 3493 1341 ἐνεποίει
3548 1287 3647 1354 τὴν
3687 1283 3842 1355 ἡδο-

2181 1387 2300 1455 νήν.
2357 1384 2516 1446 ’Ὀθεν
2577 1380 2663 1434 ἐπὶ
2719 1379 2934 1440 τούτοις
2998 1377 3089 1431 καὶ
3156 1374 3251 1432 τὸν
3309 1374 3361 1430 ἐν
3420 1372 3844 1450 Ἰεροσολύμοις

2183 1478 2290 1530 τῶν
2351 1469 2627 1528 Ἰουδαίων
2697 1469 2822 1523 ναὸν
2902 1465 3142 1522 ἐκέλευεν
3235 1467 3476 1534 ἆνιστᾷν,
3532 1465 3621 1517 καὶ
3699 1463 3842 1526 τοὺς

2185 1561 2549 1638 Χριστιανοὺς
2604 1567 2702 1629 τῆς
2770 1557 2986 1620 πόλεως
3045 1552 3316 1626 ἐκϐαλὼν,
3348 1556 3474 1616 τοὺς
3532 1551 3841 1615 Ἰουδαίους

2185 1655 2376 1722 ἀνῆκεν
2426 1651 2613 1706 οἰκεῖν.
2667 1651 2784 1726 Ἐφ’
2831 1649 2876 1721 ᾧ
2926 1645 2992 1716 δὴ
3048 1647 3138 1702 καὶ
3191 1644 3455 1703 ’Δλῦπιόν
3486 1665 3628 1712 τινα,
3660 1642 3838 1719 ἄνδρα

2187 1739 2764 1814 δεισιδαιμονέστατον,
2840 1739 3058 1810 κόμητα
3138 1737 3398 1809 τιμήσας,
3477 1732 3832 1800 ἀποστέλλει,

2114 1867 2164 1931 Β
2190 1830 2567 1902 ἐντειλάμενος
2627 1824 2838 1899 σπουδῇ
2882 1823 3071 1899 πολλῇ
3119 1823 3209 1878 τόν
3268 1824 3394 1878 ναὸν
3453 1820 3837 1894 ἀκοικοδομή-

2239 1920 2249 1931 .
2432 1920 2453 1931 ..
2558 1916 2616 1931 -.
2895 1915 2908 1930 .
3076 1913 3092 1931 ς
3151 1913 3214 1931 ..υ
3382 1913 3397 1931 ,
3526 1911 3540 1931 Ι
3748 1913 3794 1931 μ

2190 1920 2490 1984 σάσθαι,’ὀν
2551 1915 2946 1976 Οὐεσπασιανὸς
3001 1913 3092 1969 καὶ
3151 1913 3311 1974 Τίτος
3369 1913 3402 1968 ό
3447 1911 3646 1968 τούτου
3711 1913 3836 1973 υἱὸς

2188 2009 2277 2064 καὶ
2328 2006 2486 2063 αὐτὸν
2535 2009 2646 2078 ἅμα
2692 2009 2760 2078 τῇ
2811 2005 2970 2059 πόλει
3031 2001 3288 2058 καθεῖλον
3345 2001 3433 2056 καὶ
3492 2001 3834 2074 ἐνεπύρισαν.

2189 2094 2340 2154 Ἔδει
2385 2099 2486 2172 γὰρ
2539 2093 2614 2156 εἷς
2661 2095 2829 2168 πέρας
2878 2090 3052 2146 ἐλθεῖν
3108 2091 3171 2146 τὸ
3225 2097 3326 2160 τῆς
3372 2089 3629 2160 ἀληθείας
3677 2089 3838 2164 ῥῆμα

2193 2187 2453 2260 Χριστοῦ,
2519 2184 2603 2254 τὸ,
2639 2206 2664 2236 α
2707 2183 2779 2236 Οὐ
2853 2182 2928 2255 μή
2995 2181 3152 2254 μείνῃ
3196 2178 3346 2239 λίθος
3399 2179 3485 2234 ἐπὶ
3545 2177 3714 2246 λίθον,
3773 2179 3834 2239 ’ὀς

2194 2273 2255 2330 οὒ
2291 2277 2367 2347 μή
2401 2273 2752 2347 καταλυθῇ.»
2771 2275 2942 2345 ’Ὀπερ
2974 2272 3002 2325 ὁ
3032 2271 3263 2340 ἀνόητος
3294 2270 3448 2331 οὗτος
3479 2265 3670 2341 ψευδὲς
3700 2267 3841 2322 ἀπο-

2197 2362 2365 2434 δεῖξαι
2415 2361 2754 2440 φιλονεικῶν,
2800 2363 2892 2416 τὸν
2941 2360 3065 2414 ναὸν
3129 2356 3378 2414 ἔσπευδεν
3429 2354 3836 2430 ἀνοικοδομεῖν,

2197 2455 2245 2507 εἲ
2297 2451 2386 2506 καὶ
2445 2451 2520 2515 εῗς
2591 2451 2767 2523 μάτην
2839 2444 3085 2522 ἔκαμνεν,
3165 2449 3450 2518 ἀνηνύτοις
3515 2447 3835 2521 ἐπιχειοῶν.

2196 2537 2626 2613 Συνδραμόντων
2682 2537 2781 2612 γάρ
2842 2535 3053 2611 σπουδῇ
3129 2534 3316 2610 πολλῇ
3372 2541 3478 2591 τῶν
3537 2535 3836 2590 θεοκτόνων

2197 2625 2609 2696 Ἰουδαίων,καὶ
2666 2631 2763 2681 τοῦ
2821 2622 2983 2702 ἔργου
3032 2626 3179 2701 χειρὶ
3237 2629 3306 2699 τῇ
3362 2625 3508 2700 πάσῃ
3575 2625 3664 2679 καὶ
3708 2644 3838 2697 προ-

2195 2717 2361 2791 θυμίᾳ
2390 2711 2970 2790 ἀντιλαμϐανομένων,
2999 2718 3100 2785 τήν
3140 2736 3200 2770 τε
3249 2715 3448 2794 τάφρον
3499 2720 3606 2770 τῶν
3673 2716 3830 2782 θεμεο

2195 2805 2331 2861 λίων
2383 2804 2776 2880 ἐξορυττόντων
2817 2805 3094 2880 ἀργυραῖς,
3127 2802 3201 2867 ὥς
3254 2825 3396 2866 τινες
3447 2805 3624 2881 φασὶν,
3668 2805 3830 2876 ἄμαις

2196 2895 2284 2950 καὶ
2336 2895 2586 2969 σκάφαις,
2636 2895 2724 2948 καὶ
2775 2894 2904 2956 τοὺς
2955 2893 3246 2967 θεμελίους
3309 2893 3624 2967 μελλόντων
3676 2914 3837 2948 κατα-

2199 2979 2479 3050 ϐαλέσθαι,
2541 2980 2880 3060 σφοδροτάτη
2941 2984 3187 3057 καταιγὶς
3264 2979 3586 3052 ἐπελθοῦσα,
3627 2981 3690 3036 τὸ
3736 3003 3835 3036 κε-

2197 3074 2363 3137 νωθὲν
2437 3072 2530 3146 μὲν
2591 3073 2917 3146 ἀντεχώννυ,
2967 3071 3254 3145 ἀστραπῶν
3329 3069 3386 3125 δὲ
3443 3072 3532 3126 καὶ
3595 3072 3838 3146 βροντῶν

2201 3166 2446 3240 συνεχῶς
2500 3160 3021 3234 καταπεμπομένων,
3071 3161 3290 3233 σεισμὸς
3349 3159 3666 3234 ἐγγιζοῦσης
3715 3160 3838 3215 λοι-

2201 3251 2296 3305 κὸν
2339 3250 2548 3324 ἡμέρας
2605 3249 2836 3326 ἐγένετό,
2880 3249 2954 3313 ὥς
3000 3270 3058 3304 τε
3104 3248 3352 3310 πολλοὺς
3408 3249 3495 3303 καὶ
3545 3250 3834 3323 ὑπαίθρους

2203 3341 2462 3412 μένοντας
2501 3339 2825 3412 ἐναποψύξαι
2884 3337 2972 3393 καὶ
3029 3342 3137 3414 πῦρ
3188 3337 3247 3393 ἐκ
3301 3342 3406 3393 τῶν
3459 3339 3837 3414 ὀρυσσομένων

2201 3427 2466 3501 θεμελίων
2525 3426 2824 3502 ἐξενεχθὲν,
2874 3429 3071 3490 πάντας
3127 3426 3252 3488 τοὺς
3306 3426 3616 3501 εὑρεθέντας
3675 3428 3838 3483 ἐκεῖσε

2197 3515 2538 3595 κατέφλεξεν.
2574 3517 2901 3589 Ἐπράττετο
2935 3517 3030 3589 μὲν
3061 3515 3152 3570 οὖν
3180 3513 3346 3572 ταῦτα
3377 3513 3530 3590 τῇδε.

2272 3787 2440 3844 M'.'O
2490 3783 2546 3840 δὲ
2591 3786 2906 3852 Ἰουλιανὸς,
2954 3788 3048 3838 τοῦ
3103 3787 3351 3857 βήματος
3408 3787 3736 3860 προκαθίσας
3792 3785 3842 3841 ἐν

2199 3876 2352 3947 τόπῳ
2400 3876 2459 3930 ’ὀν
2512 3876 2808 3942 Βασιλικῆν
2871 3873 2989 3937 ἔθος
3047 3873 3252 3942 καλεῖν,
3324 3876 3412 3928 τὸν
3487 3875 3730 3950 μάρτυρά
3785 3896 3841 3930 τε

2201 3964 2699 4037 παραστησάμενος.
2773 3963 2995 4024 Μάντιος
3046 3960 3306 4031 ἤκουσας,
3352 3960 3477 4042 ἔφη,
3522 3965 3610 4018 καὶ
3662 3964 3838 4029 αὐτὸς,

2203 4047 2537 4119 ἀσεϐέστατε,
2580 4055 2684 4106 τῶν
2740 4053 2874 4106 κατᾶ
2940 4052 2996 4105 σε
3043 4052 3375 4123 τολμώντων
3419 4057 3576 4106 πᾶσιν
3633 4053 3840 4126 ἐπιχει-

2206 4147 2332 4217 ρεῖν,
2366 4142 2496 4216 ὅπερ
2547 4141 2599 4193 οἱ
2655 4138 3045 4213 κακοδαίμονες
3085 4140 3391 4214 ἐτόλμησαν
3440 4142 3571 4194 κατὰ
3627 4145 3722 4194 τοῦ
3779 4141 3832 4195 ἐν

2201 4234 2270 4304 τῇ
2317 4230 2495 4305 Δάφνῃ
2544 4233 2671 4284 ναοῦ
2709 4233 2809 4283 τοῦ
2858 4236 3106 4303 σωτῆρος
3143 4228 3510 4296 Ἀπόλλωιος,
3545 4230 3632 4282 καὶ
3677 4231 3827 4292 ὅπως

2203 4318 2495 4394 ἐνέπρησαν
2560 4322 2752 4372 τοῦτον
2810 4316 2990 4378 αὐτοῖς
3057 4319 3225 4390 ἱεροῖς
3290 4316 3376 4371 καὶ
3459 4317 3821 4388 ἀναθήμασιν,

2205 4411 2276 4471 ὡς
2327 4408 2414 4462 καὶ
2466 4408 2528 4462 τὸ
2578 4407 2880 4479 θαυμαστὸν
2912 4404 3070 4481 ἔργον
3099 4407 3187 4461 καὶ
3245 4407 3510 4479 πάντιμον
3543 4403 3837 4480 δαπάνημα

2200 4497 2437 4571 γενέσθαι
2499 4496 2689 4571 πυρός.
2734 4493 2891 4553 Ἀλλ’
2948 4498 3012 4552 οὐ
3081 4498 3413 4572 χαιρήσουσι
3459 4495 3673 4559 τούτοις
3728 4497 3837 4554 ἐπι-

455 4583 653 4635 nostra
685 4579 1010 4636 irridentes.
1044 4581 1156 4651 Ego
1189 4581 1343 4638 enim
1388 4601 1488 4655 pro
1537 4602 1602 4641 eo
1636 4588 1856 4658 exigam
1893 4607 2083 4660 poenas

2201 4585 2563 4660 χλευάζοντες
2619 4586 2686 4638 τά
2732 4585 2992 4660 ἡμέτερα.
3035 4586 3177 4660 Ἐγὼ
3226 4584 3329 4660 γάρ
3390 4587 3678 4657 ἀπαιτήσω
3741 4590 3834 4656 τήν

453 4667 784 4739 septuagies
798 4668 1030 4740 septies,
1062 4671 1349 4741 quomodo
1373 4672 1576 4727 dicunt
1605 4680 1798 4732 vestra
1826 4678 2090 4750 Eloquia.

453 4759 664 4830 Martyr
694 4761 888 4814 autem
922 4775 934 4814 :
979 4759 1202 4827 Audivi,
1235 4760 1446 4832 inquit,
1481 4765 1632 4834 quod
1677 4764 1763 4820 ira
1811 4768 2091 4824 divinitus

453 4845 737 4914 immissa,
772 4851 828 4902 et
857 4847 1005 4916 ignis
1031 4863 1062 4904 e
1091 4847 1232 4904 caelo
1267 4850 1504 4920 missus,
1539 4853 1712 4908 deum
1746 4857 1914 4911 tuum
1947 4857 2093 4913 occi-

455 4934 626 5000 derit,
659 4943 713 4989 et
743 4940 927 4993 totum
943 4937 1066 5006 ejus
1092 4937 1365 5008 templum
1395 4943 1844 5014 consumpserit.
1870 4945 1930 5000 Si
1957 4961 2091 5018 ergo

452 5027 575 5078 erat
616 5023 775 5088 deus,
808 5042 910 5080 cur
942 5041 1053 5080 non
1089 5043 1149 5082 se
1166 5029 1407 5084 servavit
1436 5046 1504 5085 ex
1527 5030 1654 5099 igne
1677 5033 1706 5087 ?
1731 5033 2090 5106 Faadifragus

453 5116 646 5165 autem
678 5111 983 5169 Julianus:
1019 5115 1265 5186 Videris,
1293 5133 1324 5172 ο
1358 5119 1606 5177 maxime
1639 5122 1838 5194 impie,
1861 5127 1921 5178 tu
1944 5141 2090 5196 quo-

451 5213 562 5266 que
599 5199 736 5252 forte
768 5199 858 5255 his
914 5203 1213 5272 insultare,
1250 5210 1305 5262 et
1362 5206 1607 5266 libenter
1663 5211 1922 5280 irridere,
1958 5215 2090 5267 tan-

449 5299 622 5353 quam
657 5285 753 5353 qui
785 5289 1092 5346 vindictam
1131 5293 1385 5365 aliquam
1428 5298 1509 5354 sis
1541 5317 1572 5355 a
1603 5301 1717 5356 Deo
1748 5304 1845 5356 tuo
1882 5316 2089 5356 conse-

447 5377 635 5468 eutus.
671 5371 889 5468 Μαι-ιδιιῖ
914 5385 1109 5468 autem
1147 5400 1159 5437 :
1198 5383 1338 5439 Mihi
1370 5389 1627 5460 omnino,
1680 5391 1891 5461 inquit,
1934 5391 2092 5445 venit

446 5461 504 5510 in
556 5461 807 5513 mentem
847 5464 1051 5533 ridere,
1105 5471 1160 5524 et
1209 5472 1497 5530 exsultare
1553 5481 1786 5549 propter
1829 5477 2085 5550 lapsumi

514 5611 536 5644 ν
567 5608 742 5663 Marc.
771 5625 892 5678 xm,
925 5616 976 5666 2.

2203 4676 2333 4749 ὑπὲρ
2406 4675 2599 4730 τούτου
2657 4677 2856 4744 ποινήν
2933 4671 3400 4748 ἑϐδομηκοντάκις
3469 4675 3624 4746 ἑπτά,
3667 4679 3826 4741 καθώς

2201 4785 2332 4842 φησι
2361 4765 2426 4818 τὰ
2464 4765 2694 4837 ὑμέτερα
2725 4761 2908 4839 λόγια.
2944 4763 3042 4818 Καὶ
3073 4765 3101 4817 ὁ
3127 4765 3351 4837 μάρτυς,
3385 4769 3653 4834 ⁹Ήκουσα,
3687 4764 3826 4844 φησὶ,

2201 4855 2274 4915 ὡς
2307 4851 2575 4923 θεήλατος
2609 4854 2747 4926 ὀργὴ
2779 4852 2867 4907 καὶ
2926 4857 3036 4926 πῦρ
3080 4853 3371 4926 οὐρανόθεν
3430 4855 3826 4928 καταπεμφθὲν,

2199 4943 2462 5020 κατέφαγε
2517 4943 2608 4996 τὸν
2667 4941 2784 4996 θεόν
2838 4963 2954 5012 σου,
2987 4942 3072 4996 καὶ
3130 4942 3294 4997 αὐτοῦ
3331 4944 3421 4996 τὸν
3451 4943 3577 4996 ναὸν
3629 4941 3831 4997 ἀνάλω-

2201 5052 2284 5085 σεν
2320 5032 2525 5085 ἅπαντα
2559 5052 2570 5065 ·
2618 5030 2665 5085 εί
2713 5031 2802 5085 οὖν
2849 5030 2989 5101 θεὸς,
3014 5033 3102 5100 ἦν,
3143 5031 3194 5084 τί
3258 5033 3332 5104 μή
3377 5031 3566 5086 ἑαυτὸν
3635 5031 3694 5086 ἐκ
3742 5037 3831 5087 τοῦ

2199 5119 2368 5194 πυρὸς
2398 5119 2655 5195 ἐρρύσατο
2683 5145 2696 5189 ;
2723 5121 2822 5175 Καὶ
2867 5121 2894 5173 ὁ
2945 5114 3284 5194 παραϐάτης,
3324 5121 3482 5195 Τάχα
3533 5121 3625 5175 καὶ
3676 5121 3829 5183 αὐτὸς

2199 5204 2380 5270 ἔοικάς
2458 5231 2570 5281 μοι,
2613 5209 2956 5278 ἀνοσιώτατε,
3017 5208 3417 5284 ἐπικερτομεῖν,
3469 5215 3585 5271 τοῖς
3645 5207 3699 5264 δὲ
3744 5210 3830 5265 καὶ

2198 5296 2374 5367 ἡδέως
2416 5297 2738 5373 καταγελᾷν,
2789 5299 2879 5352 ἅτε
2927 5295 2992 5368 δή
3048 5319 3196 5361 τινος
3247 5295 3485 5360 ἐκδικίας
3542 5300 3686 5373 παρᾶ
3738 5305 3830 5354 τοῦ

2198 5391 2330 5442 Θεοῦ
2359 5407 2453 5441 σου
2484 5390 2686 5462 τυχών.
2732 5386 2835 5441 Καὶ
2867 5387 2895 5440 ὁ
2939 5389 3140 5460 μάρτυς
3175 5407 3188 5422 ·
3223 5387 3382 5459 Ἐμοὶ
3413 5389 3643 5442 πάντοτε
3671 5387 3832 5462 γελᾷν

2201 5475 2292 5548 μὲν
2327 5474 2496 5531 ἔπεισι
2554 5476 2640 5532 καὶ
2709 5480 3007 5549 κομπάζειν
3039 5474 3126 5531 ἐπὶ
3191 5479 3261 5549 τῇ
3317 5477 3523 5531 πτώσει
3565 5481 3673 5532 τῶν
3729 5482 3832 5534 σῶν
