4128 6274
392 255 547 320 1205

1597 263 2067 328 MARTYRIUM
2114 268 2180 328 S.
2226 271 2582 332 ARTEMII.

3625 277 3781 340 1206

384 419 546 490 θεῶν,
578 414 959 494 ἀφρονέστατε,
1003 416 1354 493 σεμνύνεσθαι
1405 417 1462 476 δὲ
1516 420 1607 477 καὶ
1671 423 1880 499 χαίρειν
1943 422 2014 500 ἐφ⁴

2136 432 2368 485 tuorum
2415 430 2677 500 deorum,
2712 447 2744 487 ο
2775 431 3121 489 stultissime
3154 449 3168 489 :
3201 433 3436 505 gloriari
3483 439 3677 492 autem
3723 439 3780 493 et

390 507 470 569 οἷς
501 507 530 561 ’ὁ
572 505 702 569 Θεός
756 528 859 580 μου
899 509 1017 572 καθ’
1050 508 1279 580 ἑκάστην
1328 517 1784 588 θαυματουργεῖν,
1818 511 2031 584 ἐκδίκη-

387 617 467 650 σιν
502 593 558 650 δέ
595 600 700 651 τῶν
755 598 900 670 παρά
949 601 1046 651 σοῦ
1099 619 1192 671 μοι
1233 596 1583 673 ἐπαγομένων
1624 599 1734 655 ἐκεῖ
1785 599 2028 675 δέξομαι,

384 685 585 743 ὁπόταν
638 686 699 740 τὸ
749 689 854 760 πῦρ
903 683 1073 740 ἐκεῖνό
1107 706 1164 740 σε
1204 683 1511 762 καταλάϐῃ,
1545 688 1633 743 καὶ
1691 692 1725 759 ἡ
1785 688 2028 744 διαιωνί-

388 779 550 842 ζουσα
578 773 827 835 κόλασις.
853 775 1137 830 Κάνταῦθα
1167 772 1224 829 δὲ
1263 774 1324 829 οὐ
1356 775 1500 831 πολὺ
1530 777 1592 831 τὸ
1629 777 1814 851 μέσον,
1846 780 1935 833 καὶ
1966 781 2028 834 τὸ

384 886 414 913 ‹‹
457 861 823 934 Μνημόσυνόν
858 882 954 916 σου
984 861 1270 917 ἀπολεῖται
1295 864 1410 936 μετ’
1429 861 1599 940 ἤχου.
1621 889 1648 917 ››
1675 866 1772 920 Καὶ
1804 867 1831 920 6
1864 886 2029 940 παρα-

383 944 556 1017 ϐάτης
583 967 595 980 ⁸
626 948 687 1005 Εἰ
723 947 816 1003 οὖν
866 947 955 1003 ἐπὶ
997 949 1213 1011 τούτοις
1259 950 1502 1026 ἀγάλλῃ,
1553 955 1868 1026 προσθήκην
1923 952 2026 1026 ἐγὼ

381 1058 470 1092 σοι
501 1040 654 1109 θήσω
684 1045 786 1108 τῆς
823 1036 1052 1109 ἡδονῆς.
1087 1039 1263 1096 Ἀλλά
1294 1038 1550 1118 φείδομαί
1583 1063 1677 1096 σου
1727 1040 1795 1096 δι’
1829 1043 2027 1098 οἰκείαν

378 1126 757 1202 χρηστότητα,
773 1127 862 1182 καὶ
899 1127 1173 1202 βούλομαί
1199 1149 1257 1184 σε
1269 1136 1370 1198 τῆς
1393 1130 1602 1192 οἰκείας
1624 1130 1806 1193 ἀνοίας
1824 1133 2026 1186 παυσά-

383 1237 564 1290 μενον,
597 1217 832 1294 σώφρονι
875 1221 1128 1293 Λογισμῷ
1159 1219 1491 1292 χρήσασθαι,
1521 1219 1610 1273 καὶ
1658 1219 2028 1294 προσελθόντα

379 1311 538 1370 θῦσαι
591 1311 709 1368 τοῖς
760 1306 1044 1368 ἀθανάτοις
1096 1309 1260 1370 θεοῖς.
1303 1308 1406 1365 Καὶ
1463 1307 1731 1380 ἀξιώματι
1779 1309 1881 1386 γὰρ
1933 1331 2026 1382 με·

375 1394 548 1470 γίστῳ
593 1394 909 1468 τετίμησαι,
947 1395 1037 1450 καὶ
1084 1395 1322 1458 πλοῦτος
1354 1397 1538 1459 ἱκανὸς
1569 1395 1768 1462 ἄνωθέν
1811 1419 1897 1453 σοι
1935 1399 2024 1453 καὶ

377 1485 439 1540 ix
484 1485 771 1561 προγόνων
823 1488 1234 1559 συνήθροισται,
1272 1487 1362 1542 καὶ
1413 1485 1648 1550 πολλοῖς
1696 1509 1752 1543 σε
1796 1488 2023 1544 πλεονε-

373 1576 648 1648 κτήμασιν
677 1574 874 1649 ἀρετῆς
906 1574 1212 1649 ἐκόσμησαν
1246 1577 1298 1630 οἱ
1329 1575 1462 1645 θεοῖ,
1494 1575 1589 1630 κᾶν
1633 1576 1793 1640 αὐτὸς
1835 1575 2022 1656 ὤφθης

374 1661 503 1736 περὶ
547 1664 676 1726 τοὺς
724 1663 1160 1739 εὖηργετηκότας
1205 1665 1523 1742 ἆχάριστος.
1559 1664 1661 1722 Καὶ
1704 1667 1732 1720 6
1767 1667 1972 1739 μάρτυς
2007 1687 2018 1699 ·

2134 515 2316 572 Ιωιαιιὶ
2349 525 2580 590 propter
2612 519 2922 590 miracula,
2956 537 3082 592 quae
3113 522 3266 579 Deus
3297 540 3461 580 meus
3487 525 3623 581 facit
3644 541 3782 597 quo-

2135 604 2292 660 tidie.
2343 605 2634 662 Ultionem
2686 623 2818 664 vero
2850 624 3073 678 eorum,
3108 626 3235 681 quas
3266 628 3300 666 a
3332 617 3388 668 te
3411 611 3555 668 mihi
3586 613 3779 670 inten-

2133 695 2355 760 tantur,
2387 693 2508 750 illic
2538 696 2841 766 accipiam,
2874 699 3101 768 quando
3128 703 3183 753 te
3213 699 3367 770 ignis
3390 699 3487 756 ille
3517 716 3780 773 compre-

2135 781 2402 838 henderit
2431 787 2488 839 et
2527 787 2804 839 internum
2847 785 3223 858 supplicium.
3257 788 3432 843 Porro
3465 794 3655 844 autem
3686 789 3777 846 hic

2133 885 2385 941 quoque,
2423 888 2537 927 non
2572 872 2755 928 multo
2786 873 3091 943 interjecto
3120 879 3401 945 tempore,
3437 897 3464 924 «
3498 878 3778 932 Memoria

2131 961 2233 1014 tua
2245 959 2597 1029 peribitcum
2615 961 2808 1017 sonitu
2823 961 2888 1015 ¹⁰.
2907 984 2934 1010 ››
2951 962 3773 1034 Fmdifragusverolulianus:

2131 1046 2276 1103 Cum
2308 1047 2534 1103 videam
2567 1053 2623 1104 te
2655 1049 2959 1120 suppliciis
2984 1049 3277 1118 delectari,
3308 1067 3412 1123 ego
3445 1053 3551 1108 tibi
3583 1068 3771 1108 acces-

2131 1135 2356 1192 sionem
2395 1137 2628 1192 at‘i‘eram
2675 1137 3004 1208 voluptatis.
3038 1139 3145 1194 Sed
3197 1139 3302 1194 tibi
3336 1156 3508 1210 parco
3540 1145 3775 1212 propter

2132 1240 2320 1280 meam
2356 1225 2798 1296 benignitatem,
2829 1230 2886 1281 et
2915 1227 3042 1283 volo
3073 1231 3146 1295 te,
3181 1227 3424 1282 dimissa
3447 1227 3773 1299 ignorantia

2129 1314 2374 1384 sapienti
2435 1313 2520 1368 uti
2587 1313 3052 1380 ratiocinatione,
3111 1317 3478 1371 accedentem
3547 1317 3769 1371 sacrifi-

2129 1418 2260 1458 care
2291 1401 2403 1458 diis
2435 1401 2890 1458 immortalibus.
2923 1404 3070 1458 Nam
3119 1408 3175 1458 et
3207 1404 3458 1459 maxima
3488 1404 3767 1475 dignitate

2127 1508 2189 1548 es
2215 1495 2474 1558 ornatus,
2510 1496 2566 1546 et
2594 1491 2734 1546 satis
2760 1507 2983 1563 magna:
3015 1492 3226 1547 divitiae
3251 1510 3281 1546 a
3299 1492 3413 1547 tuis
3445 1493 3767 1563 majoribus

2127 1577 2236 1634 tibi
2266 1583 2406 1634 sunt
2435 1583 2816 1649 congregatae,
2849 1583 2905 1634 et
2937 1578 3138 1634 multis
3187 1580 3417 1634 virtutis
3449 1579 3682 1634 dotibus
3713 1584 3768 1634 te

2126 1667 2208 1723 dii
2239 1667 2641 1733 honestarunt,
2673 1667 2900 1723 etiamsi
2931 1672 3276 1737 conspectus
3305 1669 3384 1723 sis
3413 1669 3676 1740 ingratus
3707 1669 3766 1723 in

375 1751 447 1808 Τί
514 1752 698 1828 μαίνῃ,
759 1755 1210 1828 παρανομώτατε,
1261 1753 1350 1810 καὶ
1414 1753 1633 1833 ἀσχολῇ
1697 1753 1782 1810 ἐπὶ
1840 1753 2014 1810 τοῖσδε

2128 1771 2246 1825 eos,
2297 1755 2399 1827 qui
2444 1759 2500 1811 te
2541 1755 2861 1812 ati‘ecerunt
2915 1755 3216 1812 beneficio.
3251 1757 3466 1828 Martyr
3521 1764 3712 1812 autem
3749 1772 3763 1811 :

372 1846 493 1903 τοῖς
523 1842 832 1914 ἀνονήτοις,
864 1842 1022 1905 ἐάσας
1073 1865 1131 1898 τε
1178 1844 1274 1907 τὰς
1335 1839 1667 1920 βαρϐαρικὰς
1717 1843 2017 1899 ἐπαναστά-

376 1951 512 2000 σεις,
544 1932 635 1986 καὶ
692 1933 785 1986 τὸν
843 1932 1106 2006 Περσικὸν
1175 1927 1587 2006 ἀναϐαλόμενος
1643 1932 1910 2006 πόλεμον,
1951 1931 2020 1987 δι’

375 2021 436 2076 ὃν
486 2021 586 2090 τήν
642 2020 974 2093 οἰκουμένην
1037 2025 1211 2076 πᾶσαν
1276 2019 1591 2089 έσάλευσας,
1642 2023 1716 2084 εἰς
1775 2023 1872 2093 ἐμὲ
1927 2023 2018 2076 τὸν

371 2112 471 2164 τοῦ
519 2113 654 2165 Θεοῦ
687 2106 885 2165 δοῦλον
919 2111 1020 2180 τὴν
1080 2108 1218 2181 δλην
1270 2107 1415 2184 ἄγεις
1475 2108 1732 2185 σχολήνς
1777 2113 1875 2169 "Ov
1928 2110 2018 2166 οῦν

374 2197 568 2273 βούλει
606 2200 726 2264 καθ’
756 2202 921 2273 ἡμῶν
962 2201 1184 2264 θάνατον
1225 2198 1528 2278 ἀποφαίνου
1557 2219 1570 2232 ·
1604 2197 1714 2274 ἐγὼ
1752 2201 1855 2274 γὰρ
1897 2198 2020 2256 οὔτε

369 2293 488 2350 τοῖς
534 2291 678 2349 θεοῖς
728 2309 824 2344 σου
875 2288 1145 2364 λατρεύω,
1178 2287 1302 2345 οὔτε
1346 2294 1463 2352 τοῖς
1493 2290 1873 2366 προστάγμασι
1901 2295 2017 2352 τοῖς

371 2382 489 2440 σοῖς
527 2377 808 2452 πείθομαι.

442 2467 582 2523 MA’.
649 2470 833 2522 Ταῦτα
885 2468 914 2521 ὁ
971 2462 1292 2541 παραϐάτης
1353 2465 1609 2537 ἄκούσας,
1667 2468 1756 2522 καὶ
1842 2471 2016 2540 θυμοῦ

366 2551 637 2624 πλησθεὶς
739 2556 841 2624 τὴν
925 2553 1172 2632 καρδίαν,
1264 2555 1543 2630 λατόμους
1635 2554 2016 2628 μετακαλεῖται

367 2642 458 2697 καὶ
488 2641 792 2715 λιθοξόους,
831 2645 943 2712 καὶ,
984 2647 1194 2718 Ὁρᾶτε,
1231 2641 1357 2720 ἔφη,
1405 2641 1571 2714 τήνδε
1626 2645 1724 2712 τήν
1779 2645 2013 2717 πέτραν;

369 2727 544 2799 δείξας
574 2729 854 2803 ἀπότομόν
883 2753 1004 2786 τινα
1052 2734 1336 2787 κατέναντι
1381 2735 1478 2786 τοῦ
1511 2731 1734 2805 θεάτρου
1768 2750 1781 2764 ⁸
1814 2734 2012 2801 ταύτην

373 2817 509 2892 διχῆ
557 2817 851 2885 διελόντες,
882 2821 972 2874 καὶ
1027 2820 1247 2893 θάτερον
1297 2819 1462 2892 μέρος
1531 2820 1607 2878 εἰς
1661 2823 1758 2891 γῆν
1825 2821 2014 2874 ὕπτιον

371 2908 608 2980 θέμενοι,
668 2905 869 2970 ἄνωθέν
920 2928 977 2962 τε
1024 2908 1182 2962 αὐτὸν
1242 2906 1684 2984 ὑφαπλώσαντες,
1717 2912 1793 2978 τῷ
1849 2908 2016 2980 ἑτέρῳ

377 2994 524 3072 μέρει
560 2997 676 3068 μεθ’
707 2997 885 3071 ὁρμῆς
929 2995 1332 3071 συγκαλύψατε,
1359 2993 1433 3048 ἵν’
1465 2994 1624 3056 οὗτος
1666 2997 1829 3068 μέσος
1876 2997 2016 3049 ἀπο-

373 3083 621 3163 ληφθεὶς,
653 3086 851 3160 σάρκας
902 3105 961 3140 τε
1017 3085 1106 3140 καὶ
1165 3085 1298 3140 ὁστᾶ
1328 3082 1671 3159 διαφθαρείη,
1703 3084 1791 3139 καὶ
1840 3079 2015 3158 ἕργοιν

367 3173 550 3236 αὐτοῖς
604 3177 769 3248 μάθοι
811 3173 918 3228 τίνι
966 3195 1024 3229 τε
1067 3172 1398 3240 ἀνθίσταται,
1431 3172 1520 3227 καὶ
1577 3179 1675 3242 τῆς
1733 3177 1829 3228 τοῦ
1881 3178 2013 3229 Θεοῦ

367 3262 531 3317 αὐτοῦ
583 3263 839 3338 βοηθείας
876 3262 1314 3338 παραπολαύσοι.
1349 3264 1465 3318 Τοῦ
1512 3260 1669 3336 ἔργου
1723 3261 1779 3318 δὲ
1819 3266 2010 3319 θᾶττον

367 3355 464 3406 τοῦ
495 3350 662 3427 λόγου
709 3351 1130 3426 περαιωθέντας,
1162 3354 1252 3408 καὶ
1301 3356 1398 3408 τοῦ
1445 3352 1602 3428 ἁγίου
1645 3357 1752 3407 τῶν
1798 3357 2010 3428 πετρῶν

373 3444 533 3516 μέσον
593 3442 1024 3520 ἀποληφθέντος,
1084 3443 1318 3515 τοσαύτη
1395 3467 1476 3508 τις
1535 3444 1602 3514 ἦν
1662 3446 1696 3512 ἡ
1754 3438 2014 3511 πιέζουσα

368 3536 559 3586 τοῦτον
593 3531 702 3605 βία,
734 3529 874 3586 ὥστε
923 3536 1028 3586 τῶν
1060 3531 1234 3586 ὀστῶν
1294 3532 1460 3588 αὐτοῦ
1498 3530 2013 3606 καταθραυομένων,

369 3621 516 3695 ἦχόν
580 3642 702 3675 τινα
763 3622 854 3675 καὶ
916 3621 1109 3695 κρότον
1167 3628 1282 3685 τοῖς
1355 3621 1593 3684 πολλοῖς
1649 3620 2010 3692 ἐξακούεσθαι,

371 3709 460 3764 καὶ
507 3710 608 3782 γάρ
653 3708 822 3764 πάντα
866 3711 934 3764 τά
977 3710 1124 3771 ἐντὸς
1171 3709 1338 3765 αὑτοῦ
1379 3709 1664 3785 διεῤῥάγη,
1695 3712 1729 3778 ἡ
1777 3709 2014 3784 ἁρμονία

371 3817 429 3851 τε
468 3801 612 3852 πᾶσα
663 3802 773 3850 τῶν
829 3797 1000 3852 ὀστῶν
1051 3795 1421 3874 συντέτριπτο,
1470 3801 1524 3854 αἱ
1580 3799 1738 3871 κόραι
1788 3819 1847 3854 τε
1900 3801 2011 3852 τῶν

375 3884 673 3964 ὀφθαλμῶν
727 3892 826 3955 τῆς
887 3883 1029 3950 ἰδίας
1087 3885 1534 3959 έλπεπηδήκεσαν
1593 3885 1772 3963 ἕδρας.
1833 3885 2012 3942 Ἀλλὰ

371 3973 459 4028 καὶ
492 3973 664 4036 οὕτως
716 3972 858 4050 ἔχων
918 3975 1178 4054 ἀναγκης,
1209 3980 1312 4051 τῇς
1378 3978 1514 4053 πρὸς
1557 3978 1684 4033 Θεὸν
1735 3973 1882 4046 ὠδῆς
1914 3976 2012 4031 οὐκ

371 4062 814 4138 ἠμέλει,Ἕψαλε
835 4065 961 4140 γὰρ.
978 4067 1063 4122 Ἐν
1095 4065 1282 4140 πέτρᾳ,
1301 4063 1492 4140 λέγων,
1519 4066 1735 4142 ὕψωσάς
1762 4063 2008 4140 με,ὠδη-

371 4153 541 4229 γησάς
577 4173 661 4226 με,
679 4153 762 4208 ὅτι
803 4151 1094 4226 ἐγεννήθης
1127 4154 1284 4217 ἐλπίς
1318 4177 1422 4226 μου
1451 4156 1658 4228 πύργος
1684 4154 1874 4231 ἰσχύος
1907 4153 2011 4207 ἀπὸ

369 4243 665 4318 προσώπου
705 4240 927 4317 ἐχθροῦ.
959 4246 1231 4313 ’Έστησας
1287 4241 1375 4298 ἐπι
1423 4245 1620 4317 πέτραν
1677 4243 1804 4304 τοὺς
1842 4238 2013 4304 πόδας

372 4352 476 4404 μου
505 4331 597 4386 καὶ
630 4332 952 4393 κατεύθυνας
982 4333 1046 4385 τὰ
1099 4326 1413 4404 διαδήματα
1447 4351 1570 4404 μου.
1596 4333 1746 4404 Δέξαι
1777 4328 1889 4398 οῦν,
1912 4334 2012 4384 παῖ

370 4423 499 4474 Θεοῦ
534 4419 842 4494 μονογενὲς,
881 4419 944 4473 τὸ
1011 4419 1223 4492 πνεῦμά
1269 4440 1394 4492 μου,
1426 4419 1516 4474 καὶ
1577 4421 1650 4493 μὴ
1695 4417 2011 4493 συγκλείσῃς

2128 1844 2274 1911 Quid
2305 1843 2553 1912 insanis,
2588 1843 2797 1914 inquit,
2830 1859 2862 1898 ο
2911 1843 3304 1914 iniquissime,
3331 1849 3388 1899 et
3433 1844 3765 1900 immoraris

2124 1934 2184 1990 in
2215 1933 2330 2002 his,
2353 1949 2479 2004 qua
2502 1931 2647 1989 nihil
2686 1931 3040 2001 proﬁciunt?
3058 1931 3298 1987 mittens
3319 1937 3513 1987 autem
3534 1935 3766 2004 aggredi

2123 2023 2432 2090 Barbaros,
2482 2028 2538 2077 et
2604 2019 2820 2076 bellum
2860 2019 3134 2076 differens
3189 2021 3501 2088 Persicum,
3536 2025 3768 2092 propter

2123 2114 2279 2186 quod
2327 2113 2658 2170 universum
2708 2113 2908 2168 orbem
2951 2115 3119 2167 terrae
3161 2111 3548 2178 commovisti,
3581 2111 3642 2166 in
3674 2128 3768 2168 me

2125 2202 2223 2258 Dei
2253 2217 2485 2258 servum
2538 2205 2727 2256 totum
2777 2200 3070 2256 consumis
3115 2200 3319 2255 otium.
3353 2199 3766 2271 Quemcunque

2122 2305 2260 2362 ergo
2292 2289 2378 2346 vis
2408 2293 2654 2345 mortem
2687 2288 2747 2344 in
2774 2303 2880 2344 nos
2903 2289 3234 2358 pronuntia.
3258 2289 3374 2360 Ego
3395 2288 3552 2344 enim
3579 2304 3766 2360 neque

2123 2379 2262 2436 deos
2291 2382 2424 2435 tuos
2454 2377 2665 2444 colam,
2697 2392 2884 2448 neque
2915 2376 3232 2446 tuisjussis
3263 2377 3496 2446 parebo.

2198 2469 2336 2524 XLI.
2371 2468 2500 2524 Haec
2550 2483 2680 2522 cum
2714 2466 2996 2522 audiisset
3036 2465 3326 2530 Julianus,
3360 2469 3416 2520 et
3464 2469 3618 2521 esset
3647 2464 3766 2520 ani-

2120 2574 2253 2614 mus
2283 2558 2412 2628 ejus
2431 2557 2518 2612 ira
2538 2555 2814 2626 repletus,
2839 2554 3390 2624 accersitlapicidas,
3413 2559 3498 2610 et:
3522 2554 3762 2622 Videtis,

2119 2646 2339 2717 inquit,
2368 2645 2520 2700 hanc
2552 2643 2812 2716 petram?
2839 2644 3178 2712 (ostendens
3208 2643 3516 2714 quamdam
3551 2659 3763 2714 praeru-

2121 2740 2279 2806 ptam
2313 2750 2382 2789 ex
2411 2734 2650 2789 adverso
2671 2731 2922 2802 theatri).
2961 2731 3092 2786 Eam
3126 2731 3184 2785 in
3218 2732 3363 2786 duas
3395 2735 3586 2801 partes
3617 2731 3762 2786 divi-

2121 2822 2239 2877 dite
2271 2838 2286 2876 :
2319 2826 2375 2876 et
2421 2837 2554 2876 cum
2587 2819 2827 2876 alteram
2876 2828 3094 2890 partem
3125 2819 3400 2890 supinam
3432 2819 3490 2873 in
3535 2823 3756 2874 terram

2121 2909 2466 2979 dejeceritis,
2495 2915 2553 2964 et
2591 2925 2718 2965 eam
2772 2912 3020 2979 desuper
3067 2907 3220 2963 hunc
3270 2908 3600 2964 maleﬁcum
3658 2925 3760 2965 ex-

2120 2997 2443 3066 tenderitis,
2478 2996 2659 3054 altera
2706 3001 2866 3068 parte
2897 3012 3024 3052 cum
3073 2996 3292 3066 impetu
3325 2997 3520 3068 ipsum
3551 3013 3762 3068 coope-

2126 3087 2254 3154 rite,
2287 3090 2351 3142 ut
2378 3087 2425 3141 is
2466 3087 2696 3142 medius
2726 3087 3078 3156 interceptus
3108 3084 3280 3140 simul
3313 3085 3524 3141 habeat
3555 3101 3757 3142 carnes

2125 3179 2181 3231 et
2209 3191 2339 3230 ossa
2368 3179 2660 3244 corrupta,
2693 3179 2750 3229 et
2777 3175 2947 3230 factis
2997 3173 3143 3244 ipsis
3186 3175 3375 3229 discat
3405 3174 3634 3229 cuinam
3667 3190 3759 3230 re-

2120 3263 2314 3333 sistat,
2347 3267 2405 3319 et
2434 3279 2505 3317 an
2537 3262 2640 3318 Dei
2673 3261 2760 3317 sui
2786 3263 3007 3318 fruatur
3023 3261 3257 3316 auxilio.
3285 3263 3359 3317 Eo
3382 3266 3575 3317 autem
3610 3263 3758 3319 facto

2119 3354 2273 3410 dicto
2304 3353 2497 3422 citius,
2529 3356 2585 3408 et
2641 3354 2844 3408 sancto
2889 3351 2950 3405 in
2984 3349 3189 3406 mediis
3233 3351 3409 3422 petris
3439 3351 3757 3423 intercepto

2119 3447 2282 3499 tanta
2339 3446 2462 3498 erat
2515 3441 2601 3497 vis
2659 3457 2786 3512 qua:
2842 3455 2973 3496 eum
3004 3439 3300 3510 premebat
3331 3441 3413 3504 ut,
3447 3440 3757 3510 cumiejus

2120 3549 2252 3588 ossa
2307 3531 2829 3602 confringerentur,
2863 3527 3098 3600 quidam
3144 3543 3321 3583 sonus
3376 3531 3434 3582 et
3482 3527 3676 3600 fragor
3724 3545 3757 3584 a

2119 3620 2318 3678 multis
2377 3619 2762 3674 exaudiretur.
2802 3617 3076 3687 Disrupta
3131 3616 3284 3671 enim
3345 3623 3482 3672 sunt
3537 3617 3753 3687 omnia,

2119 3727 2250 3783 quae
2280 3712 2447 3768 erant
2466 3708 2618 3763 intra
2636 3708 2850 3778 ipsum,
2869 3711 2926 3762 et
2946 3706 3204 3762 contritae
3225 3714 3357 3762 sunt
3376 3720 3575 3761 omnes
3597 3721 3757 3761 com-

2119 3817 2298 3874 pages
2355 3801 2482 3872 ejus
2540 3799 2876 3869 ossium,et
2929 3797 3080 3853 oculi
3137 3801 3570 3854 excesserunte
3619 3797 3755 3852 sede

2119 3891 2371 3963 prepria.
2421 3889 2530 3945 Sed
2563 3887 2828 3960 quamvis
2857 3893 3006 3943 esset
3046 3887 3118 3942 ad
3151 3886 3301 3942 hanc
3331 3887 3621 3941 adductus
3652 3901 3756 3941 ne-

2118 3980 2468 4046 cessitatem,
2503 3993 2619 4033 non
2658 3975 2912 4048 neglexit
2949 3979 3142 4030 tamen
3188 3977 3257 4031 ad
3305 3975 3489 4032 Deum
3522 3989 3749 4030 canere.

2117 4069 2406 4126 Psallebat
2434 4067 2609 4134 enim,
2643 4086 2672 4115 ‹‹
2704 4069 2767 4120 In
2800 4068 2982 4135 petra,
3014 4063 3236 4129 dicens,
3267 4063 3535 4118 exaltasti
3566 4079 3676 4129 me,
3696 4065 3755 4118 et

2119 4156 2412 4212 deduxisti
2445 4170 2554 4221 me,
2587 4153 2864 4222 quoniam
2913 4153 3095 4207 factus
3125 4168 3184 4206 es
3215 4167 3347 4221 spes
3394 4166 3538 4218 mea,
3571 4151 3751 4207 turris

2117 4244 2353 4300 virtutis
2371 4259 2404 4298 a
2423 4241 2565 4296 facie
2587 4239 2830 4294 inimici.
2852 4239 3120 4295 Statuisti
3143 4255 3321 4309 supra
3336 4243 3558 4310 petram
3577 4241 3750 4311 pedes

2120 4348 2302 4401 meos,
2333 4338 2389 4387 et
2417 4327 2679 4385 direxisti
2712 4343 2950 4399 gressus
3006 4343 3162 4382 meos
3194 4330 3260 4382 ¹¹.
3295 4349 3322 4377 ››
3356 4327 3564 4396 Accipe
3590 4343 3748 4399 ergo,

2117 4421 2222 4476 Fili
2252 4419 2353 4476 Dei
2387 4416 2708 4489 unigenite,
2730 4414 2994 4488 spiritum
3030 4431 3244 4484 meum,
3269 4419 3416 4471 etne
3437 4414 3753 4472 concludas

373 4528 438 4582 με
492 4506 568 4568 εἰς
622 4512 812 4582 χεῖρας
870 4505 1106 4582 ἐχθρῶν.
1166 4509 1356 4571 Οὕτως
1414 4506 1508 4564 οῦν
1569 4507 1622 4564 ἐν
1684 4509 1831 4581 μέσῳ
1896 4512 2004 4564 τῶν

2123 4527 2208 4567 me
2237 4509 2295 4564 in
2330 4523 2538 4564 manus
2577 4505 2969 4561 inimicorum.
3002 4504 3098 4560 Sic
3127 4520 3261 4576 ergo
3294 4521 3427 4560 cum
3471 4505 3529 4558 in
3561 4504 3752 4560 medio

367 4601 580 4666 πετρῶν
637 4597 846 4668 ἡμέραν
907 4595 1044 4668 ὅλην
1099 4597 1189 4652 καὶ
1236 4599 1404 4654 νύκτα
1448 4602 1545 4654 τοῦ
1579 4598 1849 4673 μάρτυρος
1879 4595 2005 4654 δῖα-

371 4682 670 4756 μείναντος,
701 4681 976 4738 ἐκέλευσεν
1027 4685 1055 4738 ὁ
1103 4685 1419 4761 παράνομος
1468 4683 1854 4760 διαζευχθῆναι
1908 4687 2004 4749 τὰς

366 4773 584 4848 πέτρας,
613 4771 797 4828 τέλεον
831 4770 1144 4850 διεφθάρθαι
1201 4778 1392 4830 τοῦτον
1447 4775 1534 4830 καὶ
1589 4773 1719 4848 μηδ’
1759 4773 1842 4829 ὅτι
1907 4774 1998 4828 οὗν

367 4863 514 4934 αύτῷ
578 4861 887 4935 πνεύματος
977 4863 1139 4936 μέρος
1217 4861 1638 4942 καταλελεῖφθαι
1697 4863 1820 4918 ὅσον
1895 4863 2000 4917 ἀπὸ

366 4953 459 5007 τοῦ
487 4947 704 5005 πολλοῦ
760 4947 965 5004 ἐκείνου
1025 4949 1225 5025 βάρους
1266 4952 1536 5024 οἰόμενος.
1570 4953 1631 5008 Ὀ
1682 4949 1738 5006 δέ
1767 4956 1874 5006 τῶν
1904 4973 2002 5006 πε-

365 5041 502 5114 τρῶν
559 5035 930 5113 διαιρεθεισῶν
991 5037 1134 5112 ἐξῄει
1205 5037 1441 5112 βαδίζων
1509 5040 1598 5094 καὶ
1664 5047 1779 5103 τοῖς
1841 5038 2001 5102 ἰδίοις

365 5127 490 5182 ποσὶ
547 5127 859 5202 χρώμενος,
912 5127 1091 5199 θαῦμα
1171 5126 1338 5190 ὄντως
1411 5127 1580 5202 ὁρῶσι
1645 5130 1832 5202 μόνοις
1900 5131 2002 5185 οὐκ

365 5216 780 5287 ἀπιστούμενον.
831 5219 1157 5290 ’Ἄνθρωπος
1212 5217 1442 5290 γυμνὸς,
1499 5217 1628 5281 τοὸς
1681 5216 1999 5296 ὀφθαλμοὺς

364 5301 503 5382 ἔχων
561 5304 1181 5378 ὲκκεκομμένους,ὁστ“ά
1235 5302 1293 5360 δὲ
1359 5308 1808 5380 συντετριμμένα,
1857 5307 1998 5381 μέλη

367 5393 420 5452 δὲ
473 5396 564 5452 καὶ
604 5395 804 5470 σάρκας
862 5397 931 5468 τῇ
960 5398 1066 5449 τῶν
1095 5399 1308 5468 πετρῶν
1339 5396 1623 5470 συμπεύξει
1685 5397 1758 5460 ὡς
1802 5396 1862 5452 ἄν
1918 5418 2000 5461 τις

432 5578 477 5616 ιθ
505 5575 656 5635 Psal.
687 5592 766 5647 ιι,
793 5577 848 5632 7.
893 5575 935 5614 ¹¹
965 5573 1117 5634 Psal.
1152 5591 1239 5645 ιι,
1270 5575 1325 5646 3,
1356 5575 1389 5630 4
1420 5591 1435 5643 ;
1469 5591 1658 5646 xxxxx,
1690 5575 1742 5632 3.

2112 4604 2406 4671 petrarum
2440 4600 2626 4652 totum
2657 4595 2811 4650 diem
2834 4597 2889 4649 et
2920 4603 3144 4650 noctem
3173 4593 3481 4648 mansisset
3511 4600 3748 4660 martyr,

2107 4688 2279 4760 jussit
2308 4684 2622 4742 sceleratus
2650 4683 2916 4739 Julianus
2942 4683 3196 4752 disjungi
3227 4685 3622 4752 petras,‘eum
3657 4696 3752 4751 pe-

2113 4777 2271 4832 nitus
2304 4774 2614 4841 interiisse,
2646 4777 2702 4827 et
2745 4770 2967 4826 nullam
3017 4771 3259 4840 spiritus
3291 4777 3509 4839 partem
3541 4783 3668 4824 esse
3699 4767 3751 4823 ei

2113 4866 2376 4922 relictam
2409 4881 2522 4934 prae
2555 4861 2651 4918 illo
2683 4859 2863 4915 nimio
2893 4875 3066 4914 onere
3087 4859 3398 4914 arbitrans.
3433 4857 3533 4912 Ille
3551 4861 3748 4913 autem

2112 4962 2338 5010 amotus
2388 4969 2422 5006 a
2469 4949 2669 5022 petris,
2718 4963 2992 5019 egressus
3032 4951 3143 5012 est,
3172 4946 3470 5012 incedens,
3520 4949 3578 5000 et
3624 4946 3748 5002 suis

2113 5047 2280 5098 utens
2304 5040 2567 5114 pedibus,
2594 5053 2792 5094 revera
2806 5035 3149 5091 miraculum
3183 5034 3432 5088 maxime
3448 5033 3748 5090 admiran-

2113 5131 2273 5188 dum.
2305 5131 2485 5186 Homo
2517 5127 2728 5194 nudus,
2760 5125 3090 5196 cuiegressi
3114 5123 3348 5196 quidem
3369 5128 3535 5180 erant
3563 5123 3742 5191 oculi,

2113 5239 2247 5278 ossa
2267 5219 2534 5285 contrita,
2568 5216 2831 5272 membra
2852 5221 2910 5270 et
2939 5230 3139 5270 carnes
3172 5221 3466 5285 petrarum
3498 5213 3748 5282 compli-

2111 5311 2335 5367 catione
2392 5322 2740 5376 compressa,
2790 5304 2916 5375 ejus
2972 5306 3165 5358 autem
3225 5300 3502 5356 intestina
3553 5300 3748 5357 omnia

2111 5399 2323 5456 misere
2344 5397 2712 5454 efﬂuxerant:
2745 5393 2868 5466 is(o
2902 5408 3112 5449 novum
3143 5395 3200 5448 et
3229 5391 3484 5447 alienum
3516 5392 3750 5461 specta-
