4128 6274
377 231 404 288 1
415 229 530 290 207

1713 224 1763 282 Μ
1776 221 1990 281 ENSIS
2036 216 2417 280 OCTOBEB.

3662 203 3896 266 1208

374 388 596 462 culum)
627 388 983 454 ambulabat,
1017 391 1076 442 et
1102 385 1444 454 disserebat,
1465 386 1521 439 et
1537 381 1887 454 loquebatur
1904 380 2005 436 ad-

2137 373 2261 430 ιῖποι
2294 373 2645 445 άληλεσμένα
2682 369 2829 426 κάτω
2869 390 2926 425 τε
2976 365 3071 431 τὰς
3117 362 3314 443 ἔγκατα
3361 365 3548 421 πάντα
3606 361 3886 424 δεινῶς

374 494 580 535 versus
611 484 944 548 tyrannum.
979 475 1142 531 Unde
1172 474 1224 530 is
1264 488 1498 545 quoque
1544 477 1774 542 stupore
1801 470 2013 526 afﬁcie-

374 570 569 638 batur,
594 569 774 638 utqui
803 572 1117 639 martyrem
1138 570 1413 636 tanquam
1437 569 1761 620 monstrum
1783 561 2016 634 aliquod

380 661 640 713 cerneret
671 673 685 712 :
721 660 777 712 et
814 657 1044 711 dicebat
1085 655 1157 710 iis
1197 656 1298 728 qui
1330 654 1573 710 aderant
1604 669 1618 708 :
1646 653 1851 708 Videte
1897 666 2017 706 rem

379 745 550 817 plane
579 760 786 800 novam
835 749 892 800 et
941 743 1174 816 plenam
1205 743 1474 816 prodigii.
1507 742 1631 797 Non
1663 745 1753 797 est
1783 741 1893 796 iste
1922 754 2019 794 ve-

382 833 606 889 neﬁcus
627 838 684 888 et
715 832 1095 904 praestigiator
1124 833 1150 886 ‘I
1181 833 1286 888 Per
1313 831 1670 887 immortales
1692 834 1748 886 et
1775 828 2022 885 invictos

385 923 549 989 deos,
581 938 694 976 non
729 923 1030 993 putabam,
1063 938 1094 976 ο
1123 920 1249 988 viri,
1281 920 1438 976 hunc
1467 918 1887 976 exsecrandum
1927 917 2024 971 ad-

385 1011 502 1066 huc
559 1011 767 1067 vivere.
811 1010 864 1066 Is
913 1017 1106 1066 autem
1163 1014 1219 1065 et
1273 1009 1583 1077 intestinis,
1642 1012 1698 1064 et
1752 1009 2023 1063 universa

387 1115 662 1171 campage
684 1099 736 1155 ei
765 1099 1072 1170 dissoluta,
1095 1103 1148 1154 et
1171 1099 1407 1166 incedit,
1427 1103 1484 1154 et
1501 1099 1779 1170 loquitur.
1811 1097 1922 1152 Sed
1943 1094 2019 1150 dii

386 1208 519 1248 eum
569 1194 934 1247 reservarunt
963 1189 1034 1244 ad
1055 1189 1394 1261 imultorum
1428 1188 1803 1259 insipientum
1833 1201 2021 1242 corre-

388 1281 664 1348 ctionem,
696 1283 760 1334 ut
789 1286 940 1334 esset
972 1277 1303 1333 terriculum
1337 1278 1430 1346 iis,
1465 1277 1563 1348 qui
1596 1293 1797 1333 eorum
1830 1291 2024 1348 super-

389 1371 745 1426 mundanam
779 1385 894 1424 non
928 1368 1172 1424 adorant
1199 1367 1543 1439 potentiam.

460 1632 629 1686 XLII.
664 1631 758 1689 Sic
789 1631 954 1699 dixit,
985 1635 1042 1686 et
1075 1631 1309 1703 martyri
1345 1647 1357 1686 :
1386 1634 1549 1697 Ecce,
1585 1631 1778 1700 miser,
1811 1631 2019 1701 inquit,

2123 463 2548 542 κατερῥυηκότα.
2584 461 2762 531 οὗτος,
2796 457 2839 514 ὢ
2891 459 3040 529 ξένου
3083 457 3397 530 θαύματοςί
3455 455 3879 527 περιεπάτει

2123 558 2213 615 καὶ
2256 555 2547 629 διελέγετο,
2579 552 2668 606 καὶ
2708 551 2844 624 πρὸς
2889 548 2982 602 τὸν
3025 547 3278 621 τύραννον
3328 543 3806 620 άντεφθὲγγετο
3854 563 3874 574 ο

2130 646 2419 722 ὲξίπληττε
2457 645 2558 721 γὰρ
2598 642 2686 698 καὶ
2720 640 2876 696 αὐτὸν
2920 637 3039 693 οἶόν
3098 658 3149 693 τι
3204 633 3363 712 τὲρας
3419 636 3870 713 φαινόμενος,

2127 741 2218 793 καὶ
2249 738 2384 812 πρὸς
2405 733 2530 796 τοῦς
2564 732 2856 806 παρόντας.
2888 732 3097 804 Ὁρᾶτε,
3129 722 3301 802 ἔλεγε,
3335 729 3566 800 πρᾶγμα
3605 723 3864 776 καινὸν

2130 828 2296 889 ὄντως
2327 826 2416 881 καὶ
2455 824 2731 898 τερατείας
2775 817 2986 892 μεστόν.
3019 817 3140 892 Ἆρ’
3171 814 3230 870 οὐ
3279 814 3569 889 φαρμακὸς
3639 813 3862 871 οὗτος

2129 918 2217 972 καὶ
2248 917 2406 990 γόης.
2439 915 2520 982 Νὴ
2569 911 2695 972 τοῦς
2755 906 3048 968 ἀθανάτους
3093 905 3183 960 καὶ
3227 905 3534 974 ἆηττήνους
3603 902 3853 972 οεοὺς,

2132 1007 2231 1061 οὐκ
2263 989 2460 1077 ᾤμην,
2518 1002 2562 1055 ὦ
2611 1000 2822 1076 ἄνδρες,
2880 997 3094 1052 τουτονὶ
3167 993 3260 1049 τὸν
3320 991 3698 1065 παλαμναῖον
3775 989 3850 1044 ἐν

2129 1101 2247 1157 τοῖς
2308 1099 2440 1164 ζῶσι
2492 1092 2776 1168 τετάχθαι,
2827 1087 2981 1149 οὗτος
3043 1083 3120 1154 δὲ,
3167 1084 3256 1139 ταὶ
3319 1086 3428 1137 τῶν
3478 1081 3850 1136 ἐντοσθίων

2130 1186 2220 1240 καὶ
2275 1191 2374 1254 τῆς
2435 1182 2694 1258 ἁρμονίας
2755 1179 2968 1247 ἁπάσης
3041 1173 3390 1242 διαλυθείσης
3464 1170 3652 1243 αὐτῷ,
3716 1171 3843 1225 καί

2139 1272 2345 1349 βαδίζει
2397 1274 2487 1327 καὶ
2547 1270 2856 1348 φθέγγεται.
2911 1263 3071 1322 Ἀλλ’
3121 1264 3174 1318 οἱ
3231 1262 3342 1327 θεοὶ
3399 1264 3592 1349 τοῦτον
3672 1260 3842 1349 ἐτίκ-

2139 1346 2445 1438 μιεύσαντο,
2496 1346 2572 1422 εἷς
2641 1346 2871 1412 πολλῶν
2945 1352 3192 1431 ἅφρόνων
3249 1348 3664 1427 σωφρονισμὸν,
3734 1346 3837 1400 ’ἔν’

2133 1437 2635 1528 ᾖμορμολύκειον,
2666 1451 2783 1510 τοῖς
2836 1445 2900 1500 τὸ
2955 1443 3151 1518 κράτος
3205 1437 3377 1494 αὒτῶν
3428 1439 3504 1512 μὴ
3537 1457 3833 1511 προσκυ-

2133 1546 2285 1596 νοῦσι
2313 1541 2376 1595 τὸ
2410 1538 2793 1613 ὑπερκόσμιον.

2204 1631 2336 1688 ΜΒ’.
2371 1629 2527 1687 Οὕτω
2558 1649 2616 1682 τε
2650 1620 2774 1701 ἔφη,
2825 1623 2916 1679 καὶ
2961 1623 3099 1698 πρὸς
3143 1621 3234 1675 τὸν
3288 1620 3532 1693 μάρτυρα
3567 1635 3578 1646 ·
3618 1613 3819 1684 Ἰδοὺ,

391 1724 450 1776 et
485 1721 669 1776 oculis
713 1737 772 1775 es
814 1723 1089 1792 privatus,
1125 1724 1182 1773 et
1213 1722 1352 1774 sunt
1382 1718 1489 1774 tibi
1537 1719 1796 1774 membra
1827 1720 2023 1774 omnia

2137 1719 2468 1794 ταλαίπωρε,
2519 1717 2685 1792 λέγει,
2757 1713 2848 1769 καὶ
2933 1709 3234 1790 ὀφθαλμῶν
3301 1706 3594 1812 ἐσῖερήθης
3660 1706 3808 1814 ’καὶ

393 1809 622 1864 inutilia
651 1813 707 1863 et
763 1809 1001 1879 perdita.
1043 1808 1308 1870 Quanam
1365 1822 1500 1878 ergo
1531 1825 1663 1878 spes
1693 1813 1781 1863 est
1836 1807 2026 1864 adhuc

395 1897 502 1952 tibi
519 1897 741 1968 reliqua
762 1898 789 1950 ?
811 1898 871 1952 In
895 1913 1065 1966 quem
1084 1898 1331 1968 sperasti
1354 1897 1644 1953 inaniter?
1661 1897 1768 1954 Sed
1791 1897 2026 1954 deorum

395 1985 658 2041 invocata
707 1986 1083 2056 benignitate,
1129 1986 1200 2040 ad
1267 2002 1365 2042 eos
1422 1987 1646 2042 accede.
1707 1987 1868 2043 Fient
1922 1986 2028 2040 tibi

398 2075 644 2130 fortasse
700 2074 955 2144 propitii,
989 2079 1045 2129 et
1101 2091 1214 2130 non
1276 2076 1498 2131 tradent
1527 2080 1581 2131 te
1612 2075 1701 2144 iis,
1735 2091 1857 2144 quae
1891 2078 2030 2130 sunt

396 2165 549 2235 apud
580 2163 812 2232 inferos,
842 2163 1166 2234 suppliciis.
1199 2166 1410 2236 Martyr
1439 2170 1636 2221 autem
1667 2165 1876 2221 Christi
1899 2181 2029 2220 cum

396 2252 683 2308 audiisset
711 2253 1090 2324 supplicium,
1123 2253 1459 2322 subrisit,et
1481 2254 1624 2310 dixit
1645 2258 1917 2327 tyranno:
1945 2255 2031 2309 Dii

396 2342 485 2398 tui
515 2358 610 2397 me
635 2342 869 2397 tradent
885 2342 1231 2412 suppliciis?
1253 2347 1575 2414 etquonam
1593 2345 1880 2411 modoilli,
1898 2361 2032 2400 cum

395 2447 534 2486 suas
557 2446 755 2501 poenas
782 2446 896 2484 non
918 2430 1241 2501 effugerint,
1259 2431 1397 2486 ﬁent
1419 2433 1666 2488 aliorum
1685 2433 1983 2503 punitores
2005 2434 2032 2488 ?

394 2519 516 2574 Illis
575 2525 808 2588 paratus
839 2522 924 2574 est
975 2519 1130 2590 ignis
1178 2524 1470 2575 aeternus:
1511 2520 1628 2576 illis
1669 2526 1946 2587 tartarus,
1979 2529 2032 2577 et

395 2607 606 2663 stridor
636 2606 920 2661 dentium.
953 2610 1095 2661 Cum
1129 2607 1344 2678 quibus
1372 2607 1495 2678 ipse
1525 2623 1753 2680 quoque
1783 2609 2028 2665 traderis

393 2697 516 2769 igni
545 2697 935 2765 immateriali,
968 2697 1028 2752 in
1061 2701 1338 2752 aeternum
1361 2698 1726 2769 puniendus:
1753 2703 2029 2772 quoniam

399 2784 610 2842 Filium
641 2786 735 2840 Dei
769 2785 1142 2856 conculcasti,
1170 2787 1482 2858 pretiosum
1503 2790 1631 2858 ejus
1661 2790 2028 2860 sanguinem,

397 2889 570 2944 quem
603 2890 706 2945 pro
737 2875 902 2930 nobis
934 2875 1157 2941 effudit,
1181 2891 1551 2932 communem
1583 2878 1952 2934 existimans:
1978 2883 2034 2935 et

396 2962 678 3032 Spiritum
710 2964 904 3035 gratias
937 2963 1178 3019 effecisti
1218 2966 1590 3034 contumelia,
1622 2965 1683 3021 in
1726 2982 1839 3038 quo
1870 2967 2033 3024 fuisti

396 3053 794 3108 sanctiﬁcatus
816 3052 880 3106 1³.
903 3052 1039 3107 Mihi
1063 3056 1254 3108 autem
1288 3071 1389 3124 pro
1416 3071 1590 3125 parvo
1622 3056 1730 3112 hoc
1757 3056 1954 3114 labore
1976 3063 2032 3114 et

393 3140 555 3197 brevi
603 3142 858 3197 cruciatu
909 3142 1209 3197 dabuntur
1245 3143 1426 3199 multa
1455 3144 1607 3200 dona
1636 3148 1693 3202 et
1719 3145 2027 3218 splendida

395 3235 448 3282 et
501 3244 722 3283 coronae
778 3228 1051 3284 victorias.
1095 3229 1205 3284 Sed
1239 3229 1382 3302 quid
1429 3229 1548 3287 haec
1600 3233 1670 3287 ad
1715 3241 1786 3299 te,
1821 3235 1921 3304 qui
1978 3243 2031 3292 te

395 3315 633 3372 omnino
663 3316 956 3372 tradidisti
989 3318 1349 3376 daemonibus
1377 3322 1406 3375 ?
1429 3319 1667 3377 Discede
1697 3338 1832 3393 ergo
1854 3339 1886 3377 a
1916 3339 2024 3391 me,

395 3405 647 3466 discede.
695 3410 961 3476 operator
1008 3407 1358 3478 iniquitatis,
1393 3410 1669 3481 quoniam
1732 3411 1892 3468 nulla
1943 3418 2029 3468 est

394 3494 510 3549 luci
539 3495 785 3550 societas
816 3510 949 3549 cum
981 3496 1236 3553 tenebris
1267 3497 1333 3565 ‘3,
1366 3503 1422 3553 et
1452 3515 1854 3573 quamcunque
1885 3503 2027 3559 velis

393 3584 479 3637 fer
510 3583 569 3636 in
598 3599 703 3637 nos
727 3583 1094 3640 sententiam.
1123 3586 1254 3641 Jam
1276 3587 1430 3643 enim
1455 3593 1511 3643 et
1540 3590 1748 3658 verbis,
1782 3595 1838 3646 et
1861 3593 2027 3648 factis

394 3688 456 3726 es
510 3671 720 3727 certior
777 3674 981 3740 factus,
1017 3690 1108 3729 me
1167 3683 1273 3729 tuae
1305 3677 1586 3733 voluntati
1629 3680 1868 3736 minime
1899 3697 2027 3738 esse

393 3775 716 3818 cessurum.

458 4024 652 4078 XLIII.
687 4028 815 4080 Herc
859 4041 992 4082 cum
1035 4028 1321 4084 audiisset
1347 4030 1703 4104 tfoedifragus
1731 4034 2022 4105 Julianus,

390 4115 608 4167 etesset
624 4114 861 4170 omnino
877 4115 934 4169 in
951 4132 1238 4173 summam
1255 4119 1544 4177 adductus
1559 4123 2020 4182 dubitationem:

388 4202 704 4269 Artemius,
739 4204 898 4273 dixit,
936 4206 1031 4276 qui
1065 4207 1304 4264 deorum
1322 4211 1630 4282 abnegavit
1660 4215 2022 4288 religionem,

392 4291 667 4365 Romanis
716 4301 902 4348 autem
956 4304 1006 4350 et
1040 4298 1252 4354 nostris
1286 4300 1515 4356 relictis
1547 4305 1886 4375 rationibus,
1923 4325 2022 4378 pro

389 4383 648 4434 Romano
680 4384 736 4434 et
764 4381 956 4436 Graeco
992 4384 1198 4438 maluit
1247 4387 1358 4441 dici
1407 4389 1798 4462 Christianus,
1832 4400 1887 4450 et
1919 4414 2019 4467 pro

2063 3105 2110 3172 C

2140 1808 2322 1884 μελῶν
2400 1809 2649 1862 ἁπάντων
2718 1802 2954 1878 ἀχρείως
3026 1799 3168 1856 οὕτω
3229 1797 3314 1853 καὶ
3373 1794 3806 1870 διεφθαρμένιυς

2137 1900 2306 1976 ἔχεις.
2338 1900 2473 1956 Ποία
2514 1897 2602 1954 οῦν
2657 1895 2736 1953 ἔτι
2794 1892 3145 1951 ὑπολείπεταί
3195 1911 3282 1945 σοι
3313 1887 3511 1956 ὲλπίςς
3547 1888 3697 1960 Πρὸς
3732 1887 3802 1940 ’ὸν

2139 1990 2392 2059 διακενῆς
2439 1987 2705 2054 ἕλπισας;
2757 1983 2932 2042 Ἀλλὰ
2981 1984 3080 2050 τὴν
3155 1978 3426 2053 εὐμένειαν
3484 1981 3595 2032 τῶν
3649 1978 3798 2030 θεῶν

2140 2079 2620 2152 ἐπικαλεσάμενος,
2677 2073 2944 2151 πρόσελθε
2999 2070 3215 2130 τυύτοις
3249 2086 3264 2102 ’
3317 2067 3448 2130 ἴσως
3491 2064 3644 2120 ’ίΛεοί
3704 2085 3797 2120 σοι

2138 2172 2476 2245 γενήσονται,
2507 2168 2598 2222 καὶ
2646 2163 2776 2241 οὐχὶ
2816 2168 2934 2225 ταῖς
2992 2161 3044 2216 ἐν
3105 2155 3237 2230 ᾅδου
3266 2153 3659 2233 παραδώσουσι
3703 2175 3796 2208 τις

2145 2243 2398 2334 μωρίαις,
2432 2260 2492 2316 Ὀ
2525 2256 2582 2312 δὲ
2610 2261 2706 2310 τοῦ
2736 2256 2977 2327 Χριστοῦ
3023 2251 3249 2324 μάρτυς,
3292 2247 3564 2320 τιμωρίαν
3615 2243 3794 2334 ἀκούτ

2143 2369 2256 2418 σας,
2309 2345 2600 2420 ἐμειδίασε,
2635 2343 2724 2399 καί
2765 2364 2896 2421 φησι
2946 2340 3081 2416 πρὸς
3122 2339 3213 2393 τὸν
3251 2338 3533 2412 τύραννᾶν,
3575 2335 3642 2392 Οἱ
3704 2331 3795 2388 σοὶ

2142 2441 2255 2500 θεοί
2349 2457 2415 2503 με
2497 2439 2614 2496 ταῖς
2680 2432 2932 2488 κολάσεσι
3009 2425 3430 2504 παραδώσουσις
3501 2425 3598 2480 Καὶ
3670 2427 3793 2484 πῶς

2140 2525 2353 2592 ἐκεῖνοι,
2395 2523 2489 2585 τὰς
2523 2521 2661 2584 ἰδίας
2701 2519 3020 2600 ἐκφυγόντες
3077 2517 3354 2588 κολάσεις,
3395 2513 3589 2588 ἑτέρων
3650 2511 3792 2585 μᾶλ-

2141 2613 2237 2668 λον
2291 2608 2498 2668 ἔσονται
2545 2610 2844 2680 κολασταί;
2879 2609 3140 2672 Ἐκείνοις
3178 2608 3508 2680 ἡτοίμασται
3560 2603 3624 2658 τὸ
3682 2606 3786 2674 πῦρ

2137 2703 2200 2757 τὸ
2227 2701 2465 2759 αἶ’ώνιον.
2499 2700 2754 2763 Ἐκείνοις
2788 2701 2815 2754 ὁ
2863 2702 3151 2774 τάρταρος,
3181 2698 3270 2751 καὶ
3300 2697 3328 2750 ὁ
3390 2698 3496 2750 τῶν
3547 2690 3784 2746 ὀδόντων

2145 2791 2390 2866 βρυγμὸς
2425 2809 2438 2823 ⁶
2478 2791 2592 2862 μεθ’
2624 2791 2697 2844 ὢν
2741 2791 2831 2844 καὶ
2887 2789 3050 2851 αὐτὸς
3082 2787 3211 2858 πυρὶ
3244 2785 3395 2857 άΰλῳ
3425 2780 3781 2857 παραδοθῆσῃ

2142 2879 2376 2942 αἲωνίως
2406 2878 2906 2952 κολάσθησόμενος,
2940 2879 3021 2932 δτι
3067 2878 3156 2932 τὸν
3190 2876 3314 2930 Υἰὸν
3360 2873 3457 2930 τοῦ
3490 2876 3623 2928 Θεοῦ
3651 2891 3784 2925 κατ-

2142 2971 2436 3040 επάτησας,
2468 2970 2530 3023 τὸ
2579 2972 2717 3042 αἷμα
2771 2969 2965 3023 τούτου
3004 2967 3068 3021 τὸ
3116 2965 3325 3038 τίμιον,
3365 2965 3394 3019 ’ὀ
3437 2964 3569 3038 ὑπὲρ
3622 2963 3782 3034 ἡμῶν

2141 3057 2338 3133 ἐξέχεε,
2399 3056 2578 3113 κοινὸν
2655 3058 3022 3133 ἡγησάμενος,
3067 3055 3157 3110 καὶ
3230 3049 3511 3128 ἐνυϐρίσας
3569 3051 3643 3113 είς
3716 3051 3780 3106 τὸ

2144 3154 2361 3222 Πνεῦμα
2407 3157 2506 3219 τῆς
2561 3146 2790 3226 χάριτος
2822 3145 2872 3202 ἐν
2927 3148 2973 3218 ᾧ
3025 3145 3322 3221 ἡγεάσθης.
3364 3143 3524 3215 Ἐμοὶ
3558 3139 3615 3196 δὲ
3647 3141 3777 3212 ὑπὲρ

2138 3242 2235 3292 τοῦ
2315 3241 2512 3314 μικροῦ
2584 3239 2780 3292 τούτου
2823 3236 3094 3308 καμάτου,
3149 3233 3240 3288 καὶ
3292 3240 3392 3301 τῆς
3463 3230 3512 3286 ἐν
3585 3231 3779 3305 βραχεῖ

2137 3327 2430 3401 τιμωρίας,
2494 3325 2700 3381 πολλαὶ
2778 3325 2865 3378 καὶ
2942 3323 3230 3401 φιλότιμοι
3292 3319 3614 3392 δοθήσονται
3670 3316 3772 3373 δω-

2139 3416 2252 3489 ρεαὶ
2312 3415 2402 3470 καὶ
2463 3416 2713 3492 στέφανοι
2764 3411 3298 3488 νικητήριοι,²Αλλᾶ
3344 3412 3398 3466 τί
3446 3414 3615 3466 ταῦτα
3642 3409 3773 3482 πρὸς

2139 3507 2194 3560 σὲ
2223 3507 2314 3560 τὸν
2372 3503 2505 3579 ἅπαξ
2535 3511 2652 3567 τοῖς
2694 3502 2944 3576 δαίμοσιν
3001 3503 3184 3558 ἑαυτὸν
3238 3499 3577 3577 παραδόντα;
3609 3500 3769 3560 Ἀπό-

2137 3598 2295 3666 στηΟι
2355 3599 2645 3670 τοιγαροῦν
2705 3596 2793 3648 ἀπ’
2861 3592 3023 3667 ἐμοῦ,
3081 3590 3372 3662 ἀπόστηθι,
3431 3591 3624 3666 ἐργάτα
3671 3597 3767 3658 τῆς

2137 3684 2388 3757 ἅνομίας,
2449 3684 2562 3739 ἐπεὶ
2641 3681 2883 3756 μηδεμία
2941 3681 3198 3737 κοινωνία
3247 3682 3388 3755 φωτὶ
3449 3681 3583 3754 πρὸς
3639 3681 3767 3734 σκό-

2133 3793 2248 3840 τος,
2279 3795 2370 3828 και
2522 3773 2708 3847 βούλει
2758 3772 2878 3825 καθ’
2908 3773 3070 3842 ἡμῶν
3113 3768 3364 3845 ἐπένεγκε
3410 3772 3508 3839 τήν
3568 3769 3766 3847 5:369:-

2136 3882 2215 3914 σιν
2248 3881 2262 3895 ·
2296 3860 2403 3932 ἤδη
2454 3862 2555 3936 γὸρ
2587 3859 3085 3936 πεπληροφνῖρησαι
3121 3860 3208 3914 καὶ
3271 3857 3465 3934 λόγοις
3501 3859 3585 3913 καὶ
3640 3859 3765 3932 πρά-

2133 3969 2354 4023 γμασιν,
2395 3948 2477 4004 ὅτι
2527 3955 2641 4009 τοῖς
2697 3954 2813 4009 σοῖς
2870 3947 3174 4020 θελήμασιν
3207 3946 3368 4008 αὐτὸς
3409 3949 3515 4021 οὐχ
3547 3946 3757 4003 ὑπείκω,

2207 4040 2336 4094 Ml".
2371 4038 2592 4095 Τούτων
2645 4037 2873 4098 ἀκούσας
2932 4043 2960 4091 ό
3000 4032 3316 4112 παραϐάτης
3351 4037 3438 4091 καὶ
3468 4041 3581 4098 τοῖς
3609 4035 3752 4098 ὅλοις

2134 4127 2451 4202 ἀπορηθεὶς,
2483 4125 2788 4201 ’Λρτὲμιος,
2835 4128 3002 4199 εἶπεν,
3046 4127 3073 4181 ὁ
3123 4128 3223 4196 τήν
3263 4130 3364 4180 τῶν
3414 4129 3544 4188 θεῶν
3591 4125 3748 4196 θρησ-

2131 4222 2277 4277 κείαν
2332 4221 2658 4295 ἐξαρνηθεῖς,
2708 4219 2833 4281 τοὺς
2884 4218 3228 4291 Ῥωμαϊκοῦς
3285 4215 3338 4272 δὲ
3394 4215 3487 4270 καὶ
3553 4211 3735 4287 ἡμετέ-

2133 4331 2258 4383 ρους
2289 4313 2491 4386 Λόγους
2523 4310 2838 4376 ἀπολιπὼν,
2872 4309 3188 4382 Χριστιανός
3242 4328 3301 4362 τε
3345 4303 3616 4360 καλεῖσθαι
3644 4303 3751 4357 ἀντὶ

2136 4401 2412 4473 Ῥωμαίου
2478 4401 2568 4456 καὶ
2649 4398 2926 4464 Ἕλληνος
3011 4396 3407 4472 προελόμενος,
3481 4395 3569 4449 καὶ
3644 4393 3751 4448 ἀντὶ

389 4469 540 4563 duce
567 4473 622 4522 et
650 4469 939 4537 augustali
972 4471 1240 4527 Galilaeus
1275 4476 1454 4545 magis
1487 4480 1682 4536 studet
1712 4486 2020 4557 nominari,

2137 4469 2333 4553 Δουκὸς
2382 4490 2470 4544 καὶ
2507 4488 2935 4563 Αύγουσταλίου,
2971 4469 3264 4548 Γαλιλαῖος
3320 4483 3534 4558 μᾶλλον
3578 4485 3750 4558 ὀνομά-

389 4557 580 4628 gladio
601 4560 1013 4614 exsecrandum
1032 4559 1242 4615 habeat
1258 4569 1432 4633 caput
1455 4573 1844 4636 amputatum.
1869 4577 2024 4632 lianc

389 4663 522 4703 cum
581 4648 931 4704 sententiam
989 4651 1302 4722 accepisset
1358 4665 1571 4728 martyr
1611 4659 1844 4729 Christi,
1889 4668 2024 4722 exiit

388 4734 556 4791 laetus
588 4753 618 4792 e
650 4737 944 4807 tribunali,
976 4747 1028 4794 et
1057 4739 1325 4797 alacriter
1355 4759 1604 4816 sequens
1635 4765 1755 4817 eos,
1783 4755 1880 4824 qui
1912 4757 2019 4811 ab-

389 4825 696 4880 ducebant.
729 4826 1045 4898 Postquam
1080 4834 1269 4886 autem
1301 4835 1556 4904 pervenit
1586 4839 1658 4894 ad
1703 4840 1918 4911 locum,
1951 4846 2018 4900 ab

386 4911 478 4977 iis,
513 4914 612 4983 qui
643 4930 778 4968 eum
812 4917 1082 4973 volebant
1123 4919 1474 4993 interimere,
1507 4927 1642 4997 petit
1676 4928 1840 4986 breve
1870 4938 2017 4990 tem-

387 5016 496 5069 pus
520 5003 588 5054 ad
622 5005 927 5059 orandum.
954 5007 1094 5062 Cum
1123 5025 1253 5079 ergo
1287 5014 1688 5088 accepisset,et
1709 5021 1780 5074 ad
1807 5023 2016 5079 cmlum

384 5090 752 5183 aspexisset:
807 5095 976 5163 Deus,
1011 5097 1222 5169 inquit,
1270 5117 1376 5172 ago
1427 5103 1530 5158 tibi
1580 5109 1815 5177 gratias,
1867 5117 2015 5183 quod

384 5194 474 5264 me
506 5178 884 5236 corroborasti
919 5185 1223 5257 indignum
1258 5193 1420 5246 tuum
1447 5193 1755 5264 famulum,
1789 5204 1851 5254 ut
1881 5178 2018 5258 con-

381 5263 670 5319 culcarem
722 5267 987 5326 stimulos
1021 5275 1258 5348 diaboli,
1291 5284 1347 5335 et
1393 5263 1749 5342 contererem
1780 5290 1906 5359 ejus
1937 5291 2015 5346 la-

378 5365 580 5420 queos,
617 5365 759 5417 quos
813 5361 1034 5424 paravit
1090 5364 1334 5433 pedibus
1367 5371 1550 5427 meis:
1593 5376 1928 5450 pudoreque
1961 5389 2014 5437 et

445 5527 490 5560 ιε
521 5520 692 5585 Hebr,
726 5537 781 5588 κ,
804 5527 888 5577 ‘39.
929 5531 969 5564 '3
999 5531 1044 5586 II
1072 5538 1194 5588 Cor.
1228 5553 1302 5606 v1,
1335 5543 1417 5597 14.

2137 4585 2312 4648 ζεσθαι
2381 4576 2869 4656 φιλοτιμούμενος,
2909 4579 3008 4646 τὴν
3060 4576 3254 4650 μιαρὰν
3313 4573 3477 4630 αὒτοῦ
3527 4573 3741 4653 κεφαλὴν

2132 4668 2469 4724 ἐκκοπτὲσθω
2528 4671 2607 4738 τῷ
2667 4665 2826 4740 ξίφει.
2880 4665 3089 4736 Ταύτην
3122 4663 3212 4719 οῦν
3269 4665 3370 4732 τὴν
3428 4662 3736 4740 ἀπόφασινὸ

2127 4763 2223 4814 τοῦ
2253 4760 2485 4832 Χριστοῦ
2534 4757 2738 4830 μάρτυς
2771 4753 3055 4828 δεξάμενος
3114 4751 3304 4824 ἐξῆλθε
3359 4757 3458 4807 τοῦ
3515 4754 3742 4827 βήματος

2131 4848 2360 4921 χαίρων,
2392 4845 2481 4900 καὶ
2513 4843 2812 4921 προθύμως
2867 4849 2984 4907 τοῖς
3039 4842 3332 4917 ἀπάγουσιν
3385 4841 3700 4918 ἐφεπόμενος
3727 4858 3739 4873 ⁸

2129 4937 2202 4997 ὡς
2261 4934 2316 4989 δὲ
2346 4935 2435 4988 καὶ
2481 4934 2572 4988 τὸν
2604 4934 2770 4988 τόπον
2805 4930 3125 5009 κατείληφε,
3161 4933 3320 5006 χάριν
3362 4929 3589 4984 αἰτεῖται
3616 4931 3743 5003 παρὰ

2124 5029 2229 5078 τῶν
2318 5026 2551 5094 ἀναιρεῖν
2643 5021 3034 5096 βουλομένων,
3110 5021 3369 5096 βραχεῖαν
3454 5028 3742 5095 προσευχῆς

2126 5112 2291 5186 ὥραν.
2346 5108 2538 5168 Λαϐὼν
2590 5111 2767 5166 τοίνυν
2822 5111 2911 5165 καὶ
2969 5109 3103 5184 πρὸς
3156 5110 3384 5182 οὐρανὸν
3433 5106 3648 5174 ἀπιδὼν,
3688 5111 3740 5166 '0

2125 5203 2273 5273 Θεὸς,
2325 5205 2494 5270 εἶπεν,
2547 5201 2852 5275 εὐχαριστῶ
2912 5220 3018 5266 σοι,
3061 5199 3143 5253 ὅτι
3203 5198 3486 5273 ἐνίσχυσάς
3554 5219 3614 5272 με
3660 5201 3739 5253 τὸν

2123 5291 2334 5360 ἀνάξιον
2366 5288 2564 5344 δοῦλόν
2596 5310 2692 5343 σου
2722 5294 3095 5355 καταπατῆσαι
3152 5287 3220 5340 τά
3273 5287 3467 5359 κὲντρα
3522 5291 3612 5340 τοῦ
3641 5284 3739 5342 δια-

2124 5376 2319 5449 ϐόλου,
2371 5379 2461 5432 καὶ
2517 5378 2612 5438 τὰς
2669 5377 2832 5432 αὐτοῦ
2887 5372 3122 5453 παγίδας
3170 5375 3475 5450 συντρίψαι,
3508 5375 3572 5440 ἃς
3604 5377 3735 5446 ἡτοί-
