4128 6274
286 271 322 330 1
337 271 466 332 209

1518 281 1620 340 MA
1635 283 1988 347 RTYIUUM
2036 283 2098 345 S.
2140 285 2497 346 Alt'I‘EMII.

3551 284 3706 346 1210

285 449 446 504 μασε
503 434 620 490 τοῖς
677 429 804 484 ποσὶ
867 451 992 504 μου,
1025 432 1284 509 αἰσχῦναί
1313 457 1369 492 τε
1399 440 1486 493 καὶ
1528 442 1820 516 πληρῶσαι
1847 444 1932 497 ἂτι

2068 444 2386 515 ignominia
2435 443 2695 500 effeceris
2743 444 2868 514 ejus
2916 443 3162 506 vultum,
3197 444 3292 515 qui
3341 447 3398 500 te
3446 445 3704 518 reliquit,

283 519 433 593 μίας
495 519 558 574 τὸ
622 519 913 593 πρόσωπον
951 526 1048 576 σοῦ
1105 545 1163 578 σε
1193 526 1256 580 τὸ
1301 528 1397 580 τοῦ
1429 528 1638 603 κόσμου
1671 535 1787 594 φῶς
1817 532 1956 588 ἀπο-

279 608 588 678 λιπόντος,
621 611 709 663 καὶ
763 609 936 664 ὀπίσω
983 618 1080 666 τοῦ
1110 613 1482 686 πλανήσαντος
1515 619 1676 674 αὐτὸν
1721 622 1956 676 ἀκολου-

277 697 589 768 θήσαντος,
641 691 925 752 διαϐόλουθ
974 701 1284 776 εὐχαρῖστῶ
1353 727 1458 778 σοι,
1517 709 1798 785 μονογενὲς
1868 712 1954 765 Υἱὲ

278 790 394 872 τοῦ
430 787 692 859 ΙΙατέρος,
753 788 838 842 ὅτι
893 788 1134 859 ἠξίωσας
1193 814 1260 865 με
1296 799 1393 849 τοῦ
1427 793 1684 872 βραϐείου
1713 804 1811 867 τῆς
1842 800 1952 853 ἅνω

280 871 556 944 κλήσεως
613 876 703 929 καὶ
760 881 856 930 τοῦ
917 884 1092 955 χοροῦ
1147 885 1255 936 τῶν
1326 883 1491 958 ἁγίων
1541 907 1657 958 σου,
1689 887 1778 941 καὶ
1839 887 1953 942 ἐτει-

284 961 536 1025 λείωσάς
570 985 636 1037 με
675 964 725 1019 ἐν
764 967 834 1036 τῇ
889 966 1164 1044 ὁμολογίᾳ
1217 991 1328 1028 σου.
1369 975 1464 1029 Καὶ
1523 979 1614 1030 νῦν
1665 974 1955 1034 έπικαλοῦ.

288 1053 402 1125 μαί
437 1073 515 1124 σε,
555 1055 818 1123 Δέσποτα,
859 1052 1011 1112 ἕπιδε
1050 1057 1132 1112 ἐπ’
1163 1061 1261 1132 ἐμὲ
1315 1063 1403 1116 καὶ
1462 1063 1548 1118 ἐπὶ
1602 1067 1701 1135 τήν
1763 1067 1950 1121 ταπεί-

282 1143 467 1196 νωσίν
502 1163 628 1214 μου,
674 1145 761 1197 καὶ
823 1143 914 1205 δὸς
963 1146 1251 1223 ἀναψυχὴν
1291 1151 1361 1225 τῇ
1420 1150 1769 1228 κληρονομίᾳ
1826 1178 1944 1224 σου,

281 1230 380 1285 ὅτι
414 1231 674 1301 ἠσθένησε
729 1233 820 1286 καὶ
878 1234 939 1288 οὐ
989 1241 1317 1311 κατηρτήσω
1369 1238 1558 1312 αὐτήνο
1593 1241 1710 1298 ἰδοὺ
1752 1248 1852 1322 γὰρ
1896 1248 1946 1300 οἱ

282 1319 492 1409 ξχθροί
522 1341 620 1409 σου
667 1318 885 1409 ἤχησαν
917 1325 1004 1379 καὶ
1062 1326 1112 1379 οἱ
1149 1329 1428 1400 μισοῦντές
1485 1351 1542 1384 σε
1590 1333 1724 1406 ἦραν
1766 1318 1949 1409 ’κεφα-

281 1407 401 1477 λήν
431 1410 518 1464 καὶ
563 1405 953 1468 ἐϐουλεύσαντο
984 1416 1120 1470 κατὰ
1150 1422 1258 1471 τῶν
1299 1419 1470 1494 ἁγίων
1503 1405 1639 1489 σου,
1672 1405 1943 1497 λέγοντες·

280 1502 464 1553 Δαῦτε
492 1501 582 1554 καὶ
634 1500 1089 1578 έξολοθρεύσομεν
1139 1507 1358 1576 αὐτοὺς,
1390 1511 1481 1564 καὶ
1530 1511 1591 1565 οὐ
1627 1514 1701 1586 μὴ
1731 1521 1940 1584 μνησθῆ

276 1589 351 1642 τὸ
401 1584 578 1662 ὄνομα
628 1590 726 1645 τοῦ
766 1597 1004 1667 Χριστοῦ
1052 1589 1150 1652 ἔτι.
1183 1601 1356 1652 Ταῦτα
1403 1584 1674 1672 κομπάζει
1707 1601 1946 1657 Ἰουλια-

280 1675 410 1744 νὸς,
466 1681 634 1734 ταῦτα
693 1679 1010 1757 βλασφήμῳ
1054 1684 1274 1756 γλώττᾳ
1333 1688 1453 1761 βοᾷ,
1512 1693 1679 1745 ταῦτα
1729 1690 1946 1747 ἀπειλεῖ

2066 535 2269 590 mundi
2317 535 2531 600 lucem,
2563 539 2619 588 et
2647 549 2781 588 eum
2815 536 3050 588 secutus
3081 537 3184 600 est,
3215 531 3314 604 qui
3362 532 3560 604 ipsum
3611 552 3704 592 se-

2065 623 2251 689 duxit,
2285 623 2602 678 diabolum.
2634 623 2755 692 Ago
2803 621 2908 676 tibi
2955 623 3191 690 gratias,
3249 621 3547 692 unigenite
3600 623 3704 678 Fili

2070 713 2278 784 Patris,
2301 714 2456 785 quod
2491 729 2583 767 me
2615 711 2894 782 dignatus
2919 712 2997 765 sis
3021 711 3213 765 bravio
3245 727 3510 781 supernae
3535 728 3704 768 voca-

2062 802 2260 872 tionis,
2285 807 2342 858 et
2372 802 2549 859 choro
2580 805 2912 857 sanctorum
2945 807 3197 867 tuorum,
3230 804 3287 854 ct
3317 816 3405 855 me
3436 817 3704 858 consum-

2064 891 2314 948 maveris
2363 893 2421 947 in
2472 899 2571 947 tua
2627 889 3005 946 confessione.
3065 889 3130 944 Et
3187 904 3342 944 nunc
3373 889 3576 946 invoco
3624 894 3700 961 te,

2063 981 2324 1050 Domine,
2368 979 2559 1052 aspice
2606 995 2778 1050 super
2835 993 2928 1034 me
2975 981 3030 1033 et
3078 994 3250 1048 super
3309 977 3696 1036 humilitatem

2061 1086 2269 1138 meam,
2302 1077 2356 1125 et
2386 1070 2459 1125 da
2489 1067 2853 1140 refrigerium
2882 1066 3202 1122 basreditati
3255 1074 3384 1131 tuae,
3416 1067 3695 1137 quoniam

2059 1164 2147 1216 est
2176 1157 2491 1224 imbecilla,
2523 1163 2582 1213 et
2610 1173 2726 1213 non
2763 1154 3050 1228 perfecisti
3100 1171 3249 1210 eam.
3286 1176 3314 1206 «
3346 1155 3490 1211 Ecce
3537 1157 3694 1211 enim

2057 1247 2282 1302 inimici
2340 1247 2427 1301 tui
2480 1251 2884 1314 resonuerunt,
2933 1252 2987 1298 et
3030 1244 3128 1312 qui
3185 1248 3241 1299 te
3299 1244 3426 1300 odio
3484 1244 3702 1300 habent

2058 1336 2427 1397 sustulerunt
2476 1340 2667 1406 caput,
2708 1338 2764 1388 et
2811 1333 3124 1390 consilium
3175 1336 3455 1404 ceperunt
3503 1338 3702 1390 contra

2057 1430 2292 1482 sanctos
2324 1431 2478 1492 tuos,
2513 1425 2772 1480 dicentes
2797 1440 2810 1478 :
2834 1423 3061 1488 Venite,
3086 1423 3542 1478 exterminemus
3575 1439 3698 1490 eos,

2055 1519 2112 1570 et
2153 1531 2268 1571 non
2313 1515 2414 1570 ﬁat
2460 1514 2676 1570 mentio
2725 1512 2982 1568 nominis
3028 1511 3234 1568 Christi
3284 1511 3538 1582 amplius
3566 1511 3628 1563 1⁸.
3664 1534 3696 1562 ››

2055 1605 2382 1675 Haecjactat
2401 1602 2707 1659 Julianus:
2733 1602 2854 1658 haec
2877 1600 3217 1672 blasphema
3238 1599 3440 1670 lingua
3469 1599 3654 1655 etfutit
3682 1615 3697 1656 :

2053 1693 2173 1748 haec
2204 1693 2455 1748 minatur
2507 1691 2718 1762 pepulo
2748 1695 2870 1756 tuo,
2905 1689 3168 1755 Domine,
3203 1704 3305 1759 pro
3354 1703 3468 1758 quo
3516 1691 3686 1743 tuum

279 1768 370 1873 τῖὲ
405 1764 523 1837 λαῷ
578 1787 696 1837 σου,
729 1770 992 1840 Δέσποτα,
1027 1772 1157 1848 ὑπὲρ
1199 1772 1262 1828 οῦ
1291 1774 1504 1851 ἐξέχεας
1531 1779 1594 1833 τὸ
1633 1778 1724 1833 σὸν
1783 1781 1933 1854 αἷμα.

284 1853 329 1873 Ἰ
412 1855 423 1871 \
544 1856 557 1873 \
699 1857 713 1873 ἱ
787 1859 812 1873 Λ
1035 1863 1046 1873 ι
1126 1862 1136 1873 ο
1512 1868 1522 1873 -

2052 1782 2396 1853 sanguinem
2455 1779 2733 1836 eﬁ‘udisti.
2777 1780 2916 1836 Ecce
2960 1780 3114 1834 enim
3161 1777 3366 1833 altaria
3407 1781 3509 1831 tua
3554 1783 3699 1832 sunt

284 1851 438 1910 Ἰδοὺ
497 1856 599 1931 γὰρ
656 1857 722 1912 τὰ
787 1859 1143 1935 θυσιαστήριά
1216 1885 1316 1918 σου
1401 1868 1788 1938 κατέσκαπται,
1846 1851 1942 1924 ⁷τὸ

285 1940 544 2032 ἂγίασμά
619 1967 714 2001 σου
771 1947 1171 2024 ἐμπέπρησται,
1240 1953 1329 2007 καὶ
1388 1956 1422 2024 ἠ
1495 1957 1782 2032 εὐπρέπεια
1847 1963 1944 2014 τοῦ

287 2029 454 2087 οἷ’κου
494 2055 592 2088 σου
647 2036 1004 2111 περιῄρηται,
1063 2041 1152 2094 καὶ
1219 2043 1281 2097 τὸ
1339 2045 1476 2116 αἷμα
1531 2029 1632 2114 τῆς
1675 2045 1940 2119 διαθήκης

286 2139 393 2174 σου
435 2119 785 2190 ἐξουδένωται
845 2122 933 2180 διὰ
978 2129 1074 2189 τὰς
1105 2129 1372 2202 ἁμαρτίας
1429 2135 1614 2206 ἡμῶν.
1649 2135 1823 2191 Ἀλλὰ
1856 2137 1940 2208 σὺ,

294 2210 617 2284 μακρόθυμε
667 2215 855 2289 Κύριε,
912 2222 1110 2284 στῆσον
1158 2220 1258 2286 τὴν
1328 2222 1448 2285 καθ’
1506 2225 1664 2295 ἡμῶν
1740 2227 1942 2299 ἀγανά-

288 2318 510 2389 κτησιν,
541 2302 632 2355 καὶ
663 2302 850 2366 ἒλέους
879 2303 934 2359 ἐν
966 2305 1106 2383 ὀργῇ
1156 2310 1449 2379 μνήσθησι,
1497 2313 1588 2367 καὶ
1635 2313 1726 2368 τὸν
1768 2315 1940 2389 θυμόν

288 2409 389 2442 σου
432 2383 640 2460 σϐέσον,
667 2392 722 2446 ὅν
753 2389 810 2446 ὅν
843 2395 1007 2465 ἡμεῖς
1036 2393 1388 2470 ἐξεκαύσαμεν
1413 2398 1464 2454 ἐν
1488 2406 1566 2472 τῷ
1589 2383 1936 2479 παροργίξειν

285 2497 346 2531 σε
375 2479 469 2532 τόν
499 2478 900 2554 φιλάνθρωπον.
935 2488 1171 2557 Θραῦσον
1219 2484 1674 2562 εἰδωλολατρείας
1735 2478 1937 2567 ὑπερή-

283 2585 454 2642 φανον
487 2566 752 2642 κεφαλήν,
783 2573 882 2640 τήν
919 2575 1011 2625 νῦν
1060 2573 1225 2628 πάλιν
1283 2576 1630 2651 κινουμένην,
1663 2582 1754 2634 καὶ
1802 2566 1939 2637 κατὰ

276 2659 389 2709 τῶν
426 2659 530 2710 σῶν
594 2654 806 2712 δούλων
867 2657 1257 2735 ἐπαιρομένην.
1319 2666 1420 2728 Δὸς
1479 2665 1828 2744 ἐδαφισθῆναι
1871 2671 1940 2726 τὰ

280 2745 498 2818 πονηρὰ
555 2744 755 2815 ταύτης
808 2750 997 2820 νήπια,
1031 2751 1136 2806 ὑπὸ
1192 2753 1290 2820 τήν
1347 2753 1560 2831 ἀῤῥαγῆ
1609 2759 1804 2832 πέτραν
1835 2767 1935 2829 τῆς

283 2839 384 2900 σῆς
437 2831 736 2908 ὁμολογίας
771 2837 862 2890 καὶ
909 2837 1168 2908 πίστεως,
1195 2838 1288 2894 ’ίνα
1325 2841 1376 2895 έν
1426 2844 1584 2897 παντὶ
1633 2845 1786 2916 τόπῳ
1835 2853 1935 2915 τῆς

285 2922 600 2988 δεσποτείας
660 2948 777 2998 σου,
817 2928 1027 3003 καθαρὰ
1089 2931 1178 2985 καὶ
1240 2931 1548 3006 ἀμώμητος
1591 2937 1934 3010 προσάγηταί

284 3033 373 3068 σοι
423 3013 600 3085 θυσία,
640 3015 731 3070 καὶ
774 3013 1066 3086 δοξάζηταί
1120 3040 1216 3073 σου
1268 3021 1332 3074 τὸ
1405 3022 1664 3098 πανάγιον
1739 3025 1930 3099 ὄνομά,

280 3106 378 3156 τοῦ
414 3104 640 3176 Πατρός,
681 3105 770 3159 καὶ
825 3110 922 3160 τοῦ
979 3107 1126 3177 Υὶοῦ,
1158 3109 1247 3163 καὶ
1277 3113 1371 3164 τοῦ
1404 3110 1561 3187 ἁγίου
1600 3113 1932 3188 Πνεύματος,

281 3191 369 3246 νῦν
397 3193 486 3247 καὶ
519 3192 593 3255 εἴς
620 3199 745 3257 τοῦς
777 3194 994 3258 αἰῶνας.

351 3371 488 3427 MA’.
524 3372 625 3428 Καὶ
681 3371 866 3435 κλίνας
921 3376 989 3430 τὰ
1051 3377 1254 3450 γόνατα
1307 3380 1510 3454 τρίτον,
1566 3382 1924 3459 καὶπροσκυ-

280 3461 446 3528 νήσας
476 3461 611 3516 κατά
640 3462 930 3533 ἀνατολὰς,
960 3466 1054 3519 Θεὲ
1095 3465 1154 3520 ἐκ
1201 3471 1356 3535 Θεοῦ,
1401 3469 1569 3525 πάλιν
1629 3474 1760 3543 εἶπε,
1797 3475 1927 3548 μόνε

279 3547 336 3604 ἐκ
368 3551 554 3622 μόνου,
592 3552 812 3626 βασιλεῦ
853 3551 912 3608 ἔκ
963 3553 1250 3628 βασιλέως,
1285 3556 1312 3609 ὁ
1347 3554 1400 3611 ἒν
1451 3559 1700 3633 οὐρανοῖς
1732 3560 1805 3617 ὢν
1837 3567 1926 3619 καὶ

279 3641 636 3711 καθεζόμενος
696 3640 754 3694 ἐκ
813 3639 996 3714 δεξιῶν
1057 3647 1153 3697 τοῦ
1222 3665 1278 3699 σε
1353 3650 1707 3721 γεννήσαντος
1792 3657 1925 3706 Θεοῦ

281 3728 366 3781 καὶ
417 3727 645 3802 Ηατρὸς,
715 3731 742 3784 ὁ
799 3728 885 3784 ἐπὶ
945 3738 1049 3806 γῆς
1106 3731 1593 3809 πολιτευσάμενος,
1653 3736 1740 3793 διὰ
1823 3743 1922 3811 τὴν

284 3817 523 3872 ἁπάντων
589 3820 750 3890 ἡμῶν
805 3819 1096 3894 σωτηρίαν,
1156 3823 1184 3877 ὁ
1262 3825 1518 3903 στέφανος
1596 3833 1702 3882 τῶν
1791 3830 1923 3907 ὑπὲρ

282 3906 373 3960 σοῦ
421 3901 655 3970 εὐσεϐῶς
704 3906 1036 3979 ἀθλούντων,
1085 3901 1381 3967 ἐπάκουσόν
1428 3935 1532 3987 μου
1587 3922 1683 3972 τοῦ
1734 3901 1922 3976 ταπειτ·

279 4001 369 4052 νοῦ
407 4000 492 4052 καὶ
529 3998 740 4070 ἂναξίου
775 3997 974 4055 δούλου
1029 4023 1124 4056 σου
1178 4005 1440 4080 σήμερον,
1474 4007 1562 4061 καὶ
1621 4011 1736 4082 μετ’
1768 4010 1923 4086 εἰρή-

281 4085 574 4159 νηςζέδέξαι
644 4110 748 4162 μου
805 4092 903 4160 τήν
968 4094 1152 4168 ψυχὴν
1220 4096 1311 4150 καὶ
1363 4093 1668 4153 ἀνάπαυσον
1753 4085 1919 4169 αὐτὴν

286 4179 412 4251 μετὰ
449 4183 558 4233 τῶν
606 4178 773 4256 ἁγίων
841 4186 948 4236 τῶν
1015 4182 1106 4237 ἀπ’
1165 4185 1362 4245 αἰῶνός
1416 4206 1500 4239 σοι
1533 4187 1920 4262 εὐαρεστησάν-

280 4273 400 4322 τῶν.
435 4268 540 4323 Καὶ
608 4271 759 4341 φωνὴ
809 4269 957 4342 αὐτῷ
1011 4270 1061 4341 ἐξ
1121 4272 1356 4346 οὐρανοῦ
1406 4271 1615 4348 ἐγένετο
1666 4275 1918 4352 λέγουσα·

281 4363 506 4413 ’Ἤκουσε
554 4360 756 4433 Κύριος
825 4364 934 4414 τῶν
1022 4361 1203 4437 εὐχῶν
1291 4382 1408 4431 σου,
1495 4364 1766 4438 Ἀρτέμιε,
1831 4352 1921 4422 καὶ

280 4447 374 4515 τήν
417 4448 578 4524 χάριν
633 4453 743 4502 τῶν
780 4448 1030 4520 ’ἰαμάτων
1073 4469 1156 4503 σοι
1198 4448 1511 4525 ἐχαρίσατο.
1547 4453 1751 4509 Σπεῦδε
1806 4458 1918 4512 τοί-

1965 3174 2015 3242 C

2051 1869 2315 1925 effossa:
2371 1868 2768 1924 sanctuarium
2835 1874 2996 1922 tuum
3054 1870 3144 1921 est
3210 1864 3512 1919 incensum
3561 1879 3576 1920 :
3635 1868 3697 1919 et

2053 1957 2284 2014 ablatus
2315 1962 2403 2013 est
2432 1958 2604 2012 decor
2623 1957 2832 2011 domus
2862 1961 3002 2010 tuas:
3028 1958 3085 2010 et
3103 1953 3338 2022 sanguis
3365 1953 3698 2008 testamenti

2051 2045 2134 2101 tui
2165 2062 2268 2117 pro
2301 2045 2485 2101 nihilo
2515 2049 2602 2100 est
2644 2043 2874 2099 habitus
2923 2051 3150 2113 pr0pter
3197 2045 3430 2112 peccata
3473 2046 3693 2096 nostra.

2052 2135 2164 2190 Sed
2197 2140 2281 2204 tu,
2307 2135 2531 2207 patiens
2563 2133 2832 2198 Domine,
2852 2133 2990 2187 siste
3023 2140 3180 2185 tuam
3203 2131 3263 2184 in
3295 2145 3398 2184 nos
3428 2129 3694 2200 indigna-

2051 2225 2291 2293 tionem,
2334 2227 2392 2278 et
2431 2224 2491 2278 in
2545 2222 2629 2278 ira
2681 2227 2973 2278 memento
3022 2217 3448 2284 misericordiae,
3495 2220 3552 2273 et
3589 2235 3691 2273 ex-

2049 2312 2274 2382 stingue
2307 2313 2553 2369 furorem
2584 2316 2775 2380 tuum,
2799 2327 2968 2382 quem
2999 2325 3102 2364 nos
3134 2306 3526 2371 accendimus,
3547 2307 3688 2361 dum

2050 2403 2105 2454 te
2135 2399 2454 2470 benignum
2487 2404 2542 2454 et
2574 2399 2916 2454 clementem
2941 2397 3009 2451 ad
3042 2396 3186 2449 iram
3223 2408 3686 2464 provocaremus.

2051 2488 2360 2560 Confringe
2391 2488 2706 2558 superbum
2735 2488 2907 2556 caput
2939 2482 3301 2549 idololatrias,
3335 2482 3491 2550 quod
3533 2496 3689 2536 nunc

2049 2593 2256 2632 rursus
2287 2581 2552 2632 movetur
2580 2587 2634 2631 et
2664 2573 2961 2630 extollitur
3007 2572 3282 2627 adversus
3310 2584 3503 2624 servos
3536 2573 3692 2627 tuos.

2049 2665 2150 2732 lla,
2185 2668 2247 2720 ut
2291 2663 2449 2719 humi
2502 2662 2823 2717 allidantur
2870 2658 3009 2714 mali
3048 2658 3174 2728 ejus
3222 2657 3473 2711 infantes
3505 2655 3577 2711 ab
3607 2655 3693 2710 in-

2045 2754 2225 2809 fracta
2272 2757 2435 2823 petra
2483 2759 2589 2806 tua:
2637 2747 3018 2805 confessionis
3047 2751 3104 2801 et
3133 2745 3299 2801 ﬁdei:
3334 2750 3398 2800 ut
3427 2744 3486 2799 in
3526 2743 3688 2799 omni

2041 2843 2167 2897 loco
2199 2842 2284 2895 tui
2317 2842 2666 2904 dominatus,
2709 2853 2918 2910 purum
2967 2839 3025 2890 et
3062 2834 3207 2887 nulli
3253 2832 3688 2904 reprehensioni

2045 2929 2359 2984 obnoxium
2415 2930 2693 2984 offeratur
2758 2923 3165 2981 sacrificium:
3226 2930 3280 2978 ct
3334 2921 3686 2992 gloriﬁcetur

2042 3021 2212 3073 tuum
2242 3015 2671 3074 sanctissimum
2705 3030 2932 3081 nomen,
2965 3011 3167 3079 Patris,
3201 3015 3256 3066 et
3287 3010 3436 3080 Filii,
3467 3014 3524 3066 et
3555 3009 3685 3081 Spi-

2044 3106 2190 3162 ritus
2219 3106 2424 3173 sancti,
2459 3122 2614 3161 nunc
2645 3113 2698 3162 et
2730 3105 2790 3161 in
2823 3102 3054 3160 saecula.

2107 3389 2295 3446 XLIV.
2327 3389 2559 3444 Etcum
2607 3389 2694 3442 ter
2742 3400 2930 3458 genua
2978 3382 3259 3450 flexisset,
3283 3385 3339 3438 et
3381 3381 3680 3438 adorasset

2039 3481 2110 3535 ad
2161 3479 2465 3544 orientem,
2501 3477 2649 3532 Deus
2677 3492 2744 3531 ex
2783 3480 2920 3542 Deo,
2951 3488 3150 3528 rursus
3199 3471 3366 3541 dixit,
3399 3469 3560 3526 solus
3607 3487 3678 3526 ex

2037 3567 2181 3636 solo,
2215 3568 2333 3622 Rex
2384 3583 2453 3622 ex
2501 3567 2673 3636 Rege,
2707 3564 2807 3636 qui
2852 3580 2913 3618 es
2960 3563 3019 3617 in
3068 3560 3250 3627 cmlis,
3285 3564 3340 3616 et
3390 3561 3554 3616 sedes
3603 3561 3673 3615 ad

2036 3659 2333 3712 dexteram
2383 3654 2592 3719 Patris,
2625 3654 2723 3725 qui
2755 3656 2812 3708 te
2839 3651 3056 3723 genuit,
3086 3650 3304 3722 quique
3335 3649 3393 3703 in
3424 3654 3579 3704 terra
3607 3664 3670 3704 es

2034 3751 2296 3801 versatus
2318 3753 2550 3817 propter
2579 3743 2843 3798 omnium
2868 3744 3134 3796 nostrum
3167 3737 3434 3807 salutem,
3458 3753 3671 3793 corona

2033 3853 2235 3894 eorum
2295 3835 2393 3907 qui
2449 3851 2553 3906 pro
2591 3837 2649 3888 te
2688 3833 2780 3904 pie
2828 3831 3140 3898 decertant,
3173 3828 3310 3884 audi
3361 3842 3453 3882 me
3501 3825 3672 3883 hodie

2033 3924 2310 3982 humilem
2341 3929 2400 3981 et
2432 3923 2738 3993 indignum
2786 3925 2955 3976 tuum
3012 3917 3312 3981 famulum,
3345 3921 3404 3972 et
3432 3916 3488 3970 in
3530 3930 3670 3986 pace

2032 4015 2262 4085 suscipe
2294 4014 2548 4070 animam
2581 4026 2804 4066 meam:
2837 4014 2892 4065 et
2923 4009 3012 4063 fac
3050 4023 3175 4063 eam
3207 4007 3500 4077 quiescere
3533 4019 3669 4059 cum

2031 4103 2251 4158 sanctis
2280 4102 2420 4170 tuis,
2452 4101 2553 4171 qui
2583 4100 2687 4155 tibi
2717 4098 3062 4170 placuerunt
3091 4113 3124 4150 a
3153 4093 3382 4150 saeculo.
3413 4093 3536 4147 Vox
3564 4108 3672 4147 au-

2032 4193 2146 4244 tem
2179 4206 2209 4243 e
2239 4187 2381 4244 ccelo
2412 4187 2653 4254 exstitit,
2677 4186 2913 4240 dicens:
2947 4183 3179 4238 Audivit
3211 4181 3486 4236 Dominus
3536 4184 3668 4235 tuas

2032 4293 2252 4350 preces,
2287 4293 2318 4331 ο
2351 4275 2591 4342 Artemi,
2625 4282 2675 4329 et
2711 4273 2815 4328 tibi
2847 4272 3082 4327 donavit
3122 4271 3368 4341 gratiam
3410 4270 3669 4324 curatio—

2030 4383 2193 4423 num.
2223 4367 2454 4420 Festina
2491 4380 2621 4434 ergo
2671 4375 3078 4418 consummare
3129 4375 3362 4413 cursum
3394 4365 3580 4426 tuum,
3613 4362 3671 4412 et

2032 4455 2290 4528 accipere
2333 4453 2593 4510 bravium
2638 4455 2902 4523 paratum
2949 4449 3169 4504 sanctis
3227 4446 3519 4513 omnibus,
3566 4446 3667 4516 qui

282 4556 366 4590 νυν
427 4535 716 4591 τελειῶσαι
769 4537 861 4592 τὸν
931 4534 1136 4611 δρόμον
1202 4560 1319 4608 σου,
1379 4541 1467 4596 καὶ
1526 4541 1824 4600 ἀπολαϐεῖν
1853 4547 1914 4602 τὸ

2045 4545 2357 4601 lilexerunt
2414 4543 2722 4598 adventum
2781 4537 3010 4594 Christi.
3061 4537 3221 4593 Hanc
3274 4551 3473 4592 vocem
3531 4550 3664 4590 cum

289 4624 527 4699 βραοεῖον
563 4625 625 4679 τὸ
674 4624 1082 4700 ἡτοιμασμένον
1129 4633 1245 4690 τοῖς
1296 4627 1473 4704 ἁγίοις
1515 4631 1603 4686 καὶ
1643 4637 1773 4687 πᾶσι
1803 4639 1920 4697 τοῖς

285 4713 582 4786 ἠγαπηκόσι
637 4715 736 4782 τήν
796 4712 1104 4792 ἐπιφάνειαν
1162 4720 1259 4771 τοῦ
1322 4722 1588 4792 Χριστοῦ.
1645 4721 1920 4791 Ταύτηςό

291 4803 541 4877 μακάριος
573 4804 670 4872 τῆς
719 4810 901 4881 φωνῆς
946 4805 1200 4874 ἀκούσας,
1241 4807 1330 4861 καὶ
1369 4806 1750 4885 πληροφορίαν
1809 4810 1920 4866 ὥσ-

285 4909 375 4963 περ
439 4887 750 4963 δεξάμενος,
808 4888 980 4961 δῆλος
1030 4894 1095 4961 ἦν
1155 4891 1356 4964 ἡδονῆς
1391 4895 1655 4966 πλησθεὶς
1685 4901 1782 4967 τήν
1815 4903 1919 4974 ψυ-

288 4979 382 5054 χὴν
432 4981 521 5034 καὶ
568 4977 678 5051 ἤδη
747 4981 845 5049 τὴν
907 4982 1114 5060 τρυφὴν
1170 4982 1448 5058 καὶδόξαν
1497 4989 1562 5056 ἧς
1622 4986 1914 5044 ἀπολαύειν

285 5065 494 5141 ἔμελλε,
535 5069 957 5147 φανταζόμενος.
990 5073 1152 5135 Ὅθεν
1203 5073 1292 5128 καὶ
1335 5073 1561 5149 ἅσμενον
1592 5078 1683 5132 τὸν
1716 5079 1919 5152 αὐχένα

282 5155 570 5230 προτείνας,
604 5155 820 5237 δέχεται
842 5161 943 5229 τὴν
974 5157 1214 5235 πληγὴν,
1249 5161 1432 5219 εἳκάδα
1479 5166 1601 5220 τότε
1649 5172 1746 5222 τοῦ
1794 5169 1914 5225 Ὀκ-

281 5242 500 5322 τωϐρίου
561 5250 734 5320 μηνὸς
783 5246 1030 5323 ἄγοντος,
1063 5253 1153 5305 καὶ
1212 5252 1370 5316 αὐτὸς
1408 5256 1501 5327 μὲν
1539 5257 1614 5318 εἲς
1655 5257 1913 5331 οὐρανοὺς

285 5335 454 5408 ἄνεισι,
513 5340 592 5409 τῷ
667 5337 946 5412 προσώπῳ
1026 5341 1263 5415 Χριστοῦ
1349 5342 1912 5420 ἐμφανισθησόμενος,

352 5595 389 5630 ¹⁶
414 5595 563 5652 Psal.
597 5612 802 5666 Lxxxu,
832 5597 887 5667 3,
919 5597 970 5654 4.

2031 4634 2314 4692 audiisset
2345 4633 2544 4688 beatus
2572 4629 2884 4695 Artemius,
2917 4631 2973 4683 et
2998 4625 3427 4698 quodammodo
3459 4624 3667 4680 certior

2029 4727 2184 4781 esset
2233 4723 2442 4791 factus,
2473 4724 2665 4792 aperte
2713 4717 3057 4774 ostendebat
3104 4731 3165 4771 se
3213 4729 3337 4770 esse
3380 4712 3663 4784 repletum

2028 4814 2261 4887 gaudio,
2309 4815 2366 4868 et
2405 4811 2530 4882 jam
2569 4809 2791 4865 visione
2837 4804 3270 4877 apprehendere
3318 4801 3556 4858 delicias
3608 4805 3668 4857 et

2026 4901 2294 4973 gloriam,
2326 4916 2442 4972 qua
2469 4901 2594 4954 erat
2625 4895 2921 4952 fruiturus.
2957 4892 3117 4948 Unde
3146 4891 3320 4947 etiam
3361 4907 3494 4946 cum
3546 4888 3666 4946 col-

2027 4991 2146 5046 lum
2196 4989 2444 5046 libenter
2489 4985 2855 5060 porrexisset,
2903 4983 3084 5038 ictum
3132 4977 3341 5050 accipit
3389 4979 3662 5034 vicesimo

2027 5081 2246 5136 mensis
2276 5078 2563 5135 Octobris.
2587 5077 2656 5132 Et
2675 5075 2798 5147 ipse
2827 5073 3064 5146 quidem
3097 5069 3359 5126 ascendit
3382 5068 3438 5123 in
3460 5066 3660 5137 caelos,

2025 5169 2394 5242 appar-iturus
2450 5171 2582 5223 ante
2631 5162 2847 5220 Christi
2891 5161 3120 5226 faciem,
3170 5175 3273 5231 pro
3322 5174 3435 5229 quo
3482 5157 3658 5213 etiam

2025 5264 2268 5315 mortem
2318 5255 2572 5326 suscepit
2615 5253 2896 5309 alacriter.
2925 5254 3142 5322 Corpus
3174 5251 3369 5303 autem
3400 5250 3457 5302 et
3485 5249 3662 5316 caput

2022 5349 2083 5406 in
2128 5354 2283 5406 terra
2330 5347 2584 5418 reliquit,
2635 5360 2913 5415 magnum
2958 5339 3301 5396 Christianis
3358 5335 3659 5401 solatium,
