4128 6274
495 246 647 305 1211
1833 241 2117 303 MENSIS
2160 239 2544 303 OCTOBER.
3870 230 4051 289 i215

489 401 669 457 animi
699 403 1210 474 medicamentum,
1232 405 1582 461 insidiarum
1607 401 1869 457 omnium
1888 405 1946 456 et
1966 401 2119 456 dam-

2430 398 2479 451 )ῦ
2533 396 2623 451 καὶ
2651 397 2839 468 ιθανεῖν
2897 389 3198 467 προθύμως
3246 385 3453 461 εἷ’Λετο,
3511 386 3625 442 καί
3709 385 3807 441 τὸ
3855 389 4060 457 σῶμε

489 505 694 546 norum
729 493 1073 549 remedium.

2427 492 2433 538 ἱ
2480 486 2580 554 τὴν
2632 481 2874 562 κεφαλὴν
2923 482 2997 544 εἷς
3038 487 3142 558 γῆν
3199 478 3558 546 καταλείπει,
3623 476 3835 551 μέγα
3901 477 4057 545 Χρε-

2240 578 2476 636 στιανοῖς
2543 573 2909 646 παραμύθιον,
2966 568 3111 639 ’ίαμα
3187 571 3396 643 ψυχῆς,
3455 568 3624 640 ἳαμα
3695 566 4049 637 σώματος

2238 663 2416 729 πάσης
2450 654 2749 729 ἐπιϐουλῆς
2776 656 2865 713 καί
2901 651 3115 733 βλάϐης
3146 654 3526 729 ἀλεξιτήριον.

556 755 718 809 XLV.
752 756 909 821 Quod
954 755 1188 826 quidem
1238 772 1367 810 cum
1401 755 1735 812 sustulisset
1764 754 1993 821 mulier,
2028 770 2135 809 no-

2400 752 2440 807 I'.
2505 751 2676 825 ’Ὁπερ
2738 746 3102 824 φιλόχριστος
3181 742 3481 815 ἀνελομέεη
3586 743 3824 815 γυνὴ,
3924 743 4030 796 Ἀ-

487 844 645 899 mine
673 844 889 911 Arista,
923 860 1048 915 quae
1082 850 1202 900 erat
1252 846 1583 901 diaconissa
1623 843 1883 900 Ecclesiae
1934 844 2117 898 Antio.

2393 868 2397 909 ι
2454 836 2716 911 τοῦνομα,
2774 834 3024 897 διάκονος
3088 832 3220 888 οῦσα
3275 840 3376 902 τῆς
3453 831 3506 886 ἐν
3604 833 4023 905 Ἀντιοχείᾳ

487 933 705 1001 οὶιοηω,
738 934 912 1003 idque
961 939 1247 1002 curasset,
1281 939 1336 988 et
1365 936 1423 989 in
1455 951 1689 1004 capsum
1734 934 2106 1005 imposuisset

2384 928 2591 1000 λησίας,
2651 927 2966 999 ἐπιμελείας
3022 946 3082 980 τε
3136 923 3428 992 ἀξιώσασα,
3488 921 3589 975 καὶ
3673 923 3877 992 θήκῃ
3918 922 4014 974 ἑν-

489 1022 559 1076 ad
592 1020 993 1076 felicissimam
1026 1022 1374 1077 transmittit
1403 1023 1986 1094 Constantinopolim,
2018 1027 2119 1077 stu-

2376 1039 2391 1070 ι
2447 1019 2580 1092 πρὸς
2658 1018 2757 1084 τήν
2845 1012 3243 1085 πανευδαίμονα
3320 1008 4006 1067 Κωνσναντινούπολιν

494 1110 656 1165 dium
690 1110 921 1180 quidem
958 1127 1198 1181 ponens,
1223 1116 1373 1166 uteo
1406 1113 1649 1182 dignum
1683 1112 1963 1182 templum
1997 1113 2124 1166 aedi-

2371 1103 2617 1177 ιπέμπει,
2678 1101 2918 1170 σπουδὴν
2970 1104 3066 1175 μὲν
3122 1098 3425 1173 ποιουμένη
3474 1103 3571 1153 τοῦ
3650 1098 3776 1153 καὶ
3861 1099 4001 1151 ναὸν

494 1198 714 1267 ﬁcaret,
765 1199 1128 1255 ferventioris
1177 1199 1235 1254 in
1287 1216 1419 1255 eum
1480 1200 1776 1255 charitatis
1832 1199 2124 1254 indicium.

2366 1200 2391 1267 Ρ
2438 1194 2587 1264 ἄξιον
2632 1189 3087 1263 ἀνοικοδομῆσαι,
3139 1188 3465 1263 θερμοτέρας
3521 1186 3826 1247 πίστεως
3880 1195 3996 1254 τῆς

497 1287 642 1341 Cum
696 1291 887 1341 autem
936 1304 1051 1342 non
1098 1287 1401 1357 potuisset,
1435 1287 1592 1359 quod
1620 1288 1863 1353 volebat,
1897 1290 1967 1342 ad
2001 1288 2127 1343 effe-

2358 1306 2381 1346 ς
2412 1282 2568 1337 αὐτὸν
2619 1283 2920 1357 γνώρισμα.
2960 1281 3035 1351 μὴ
3081 1276 3371 1346 δυνηθεῖσα
3405 1273 3461 1330 δὲ
3487 1280 3569 1346 τῷ
3641 1273 3987 1345 θελήματι

495 1380 652 1430 ctum
697 1376 1009 1443 deducere,
1046 1392 1112 1431 eo
1163 1377 1380 1431 factum
1429 1382 1537 1442 est,
1573 1381 1633 1431 ut
1678 1377 1737 1431 in
1791 1377 2125 1432 hodiernum

2356 1384 2410 1433 ας
2476 1369 2789 1444 ἐπαγαγεῖν,
2867 1367 3034 1441 ταύτῃ
3109 1387 3200 1421 τοι
3285 1365 3374 1418 καὶ
3470 1362 3782 1435 διέμεινεν
3902 1363 3986 1423 εἷς

490 1477 673 1535 usque
702 1463 857 1518 diem
891 1464 951 1519 in
982 1463 1205 1534 templo
1236 1465 1618 1519 Precursoris
1651 1465 1780 1535 ejus
1810 1480 1985 1520 sacrae
2020 1481 2115 1520 ma

2355 1481 2403 1514 >ο
2457 1458 2536 1531 τῷ
2600 1463 2697 1513 τοῦ
2747 1453 3076 1531 Προδρόμου
3133 1458 3245 1525 ναῷ
3289 1453 3358 1507 τα
3404 1453 3525 1525 ἰερᾶ
3553 1451 3817 1506 τούτων
3860 1451 3985 1507 λεί-

488 1557 693 1606 nerent
722 1552 1002 1622 reliquiae,
1031 1569 1159 1623 quae
1181 1558 1601 1608 conservantur
1624 1553 1779 1609 sicut
1801 1552 2118 1607 thesaurus,

2340 1570 2406 1619 να,
2486 1548 2754 1621 θησαυρὸς
2839 1541 3021 1618 ὥσπερ
3114 1539 3384 1603 ἀδάπανος
3470 1542 3970 1613 συντηρούμενα,

492 1641 591 1711 qui
622 1657 739 1696 non
771 1643 1159 1710 consumitur,
1191 1643 1262 1697 ad
1309 1642 1551 1714 gloriam
1604 1642 1819 1698 Christi
1867 1642 1986 1697 veri
2036 1643 2122 1697 Dei

2354 1635 2509 1707 δόξαν
2550 1638 2785 1711 Χριστοῦ
2816 1638 2914 1688 τοῦ
2945 1632 3211 1703 ἀληθινοῦ
3244 1634 3365 1694 θεοῦ
3395 1628 3580 1702 ἡμῶν,
3615 1630 3673 1701 ᾧ
3730 1630 3966 1702 πρέπει

489 1729 711 1784 nostri:
747 1745 919 1800 quem
968 1730 1130 1785 decet
1180 1733 1384 1795 honor,
1437 1731 1713 1802 potentia,
1766 1731 2042 1801 majestas
2082 1747 2112 1787 e

2326 1728 2409 1795 ιὴ,
2469 1727 2689 1800 κράτος,
2743 1723 3083 1798 μεγαλοσύνη
3170 1742 3226 1774 τε
3310 1719 3400 1774 καὶ
3455 1717 3956 1794 μεγαλοπρέπεια

484 1816 932 1886 magniﬁcentia,
964 1833 1117 1873 nunc
1143 1823 1196 1874 et
1241 1835 1489 1889 semper,
1523 1823 1580 1874 et
1612 1819 1671 1874 in
1704 1820 1918 1876 secula
1946 1835 2114 1875 secu-

2324 1838 2335 1869 ν
2408 1816 2498 1870 καὶ
2572 1814 2653 1869 ἀεὶ
2731 1814 2821 1869 καὶ
2897 1812 2974 1873 εἰς
3047 1809 3174 1872 τοῦς
3249 1808 3447 1870 αἰῶνας
3521 1812 3636 1862 τῶν
3706 1807 3954 1862 αῖώνων

484 1902 698 1960 lorum.
732 1908 941 1962 Amen.

801 1922 941 1962 nen.
2245 1906 2431 1977 Αμήν.

1431 2291 1766 2388 ΒΙΟΣ
1884 2290 2130 2386 ΚΑΙ
2252 2284 2996 2385 ΙΙΟΛΙΤΕΙΑ

1614 2482 1746 2538 ΤΟΥ
1784 2482 1871 2537 EN
1912 2481 2144 2536 ΛΓΙΟΙΣ
2186 2478 2514 2534 ΠΑΤΕΡΟΣ
2556 2477 2759 2533 ΗΜΩΝ

486 2639 1393 2772 ΑΒΕΡΚΙΟΥ
1522 2640 2565 2770 ΕΠΙΣΚΟΠΟΥ
2699 2634 3895 2766 ΙΕΡΑΠΟΛΕΩΣ.

1483 3005 1731 3095 VITA
1793 3007 1937 3092 ET
1997 3003 2902 3092 CONVERSATION

1759 3185 2011 3241 SANCTI
2054 3185 2308 3241 PATRIS
2348 3184 2611 3241 NOSTRI

766 3356 1404 3488 ABEBCII
1519 3354 2271 3489 EPISCOPI
2385 3351 3592 3487 HIEBAPOLEOS.

1099 3602 1323 3673 (Latine
1353 3619 1447 3674 ap.
1482 3603 1716 3661 Surium
1748 3604 1981 3662 Octobr.
2007 3603 2100 3661 die
2128 3604 2235 3674 22;
2268 3602 2460 3659 Grmce
2490 3618 2559 3659 ex
2588 3601 2713 3657 cod.
2748 3617 2857 3656 ms.
2892 3600 3053 3656 Paris
3086 3599 3271 3672 1484.)

540 3922 583 3979 Ι.
617 3924 810 3979 Marco
832 3923 1122 3980 Antonino
1153 3926 1211 3980 et
1246 3922 1413 3980 Lucio
1446 3923 1589 3979 Vero
1612 3924 1936 3980 Romanum
1961 3926 2109 3979 obti-
2140 3929 2170 3996 (

2292 3925 2373 3981 A‘.
2437 3924 2662 3997 Μάρκου
2719 3924 3049 3981 Ἀντωνίνου
3106 3924 3223 3979 καὶη
3256 3925 3485 3980 Λευκίου
3540 3927 3856 3999 Βήρου,τὴν

476 4012 747 4069 nantibus
796 4010 1129 4083 imperium,
1163 4014 1414 4083 pervasit
1456 4014 1749 4069 decretum
1788 4014 1845 4069 in
1880 4014 2106 4068 univer-

2221 4012 2590 4087 αὐτοκράτορα
2663 4013 2961 4086 Ῥωμαίοις
3037 4011 3333 4070 διεπόντων
3399 4015 3597 4089 ἀρχήν,
3679 4011 3851 4091 δόγμα

475 4118 597 4157 sam
632 4107 865 4168 terram,
899 4118 1028 4172 qua
1059 4103 1296 4174 parebat
1343 4102 1640 4170 Romanis,
1666 4104 1883 4176 jubens
1919 4103 2105 4160 offerri

2221 4102 2309 4159 ἐπὶ
2365 4108 2536 4158 πᾶσαν
2613 4102 2799 4180 ἐφοίτα
2854 4105 2953 4173 τήν
3012 4112 3113 4179 γῆν
3199 4105 3300 4174 ὅση
3378 4105 3497 4160 τότε
3575 4104 3851 4174 Ῥωμαίοις

476 4189 706 4261 publica
759 4190 1045 4246 sacrificia
1082 4200 1136 4246 et
1175 4192 1456 4249 libamina
1493 4192 1624 4262 diis,
1669 4195 1768 4266 qui
1815 4194 2106 4248 dicuntur.

2225 4194 2485 4264 ὑπήκουε,
2547 4191 2875 4267 δημοτελεῖς
2928 4193 3152 4249 κελεῦον
3199 4200 3316 4256 τοῖς
3365 4192 3660 4267 λεγομένοις
3706 4193 3844 4256 θεοῖς

474 4278 616 4333 Cum
667 4276 774 4334 hoc
821 4296 958 4350 ergo
1007 4282 1305 4337 decretum
1366 4292 1500 4338 tunc
1545 4286 1791 4339 missum
1836 4289 1990 4340 esset
2039 4288 2104 4341 ad

2221 4281 2450 4343 σπονδάς
2481 4303 2540 4337 τε
2569 4282 2655 4337 καὶ
2717 4284 2899 4346 θυσίας
2953 4282 3238 4342 ἐπιτελεῖν.
3274 4286 3385 4341 Τοῦ
3414 4280 3541 4357 γοῦν
3603 4279 3838 4337 τοιούτου

469 4369 742 4424 Publium
790 4387 973 4439 parvas
1024 4372 1281 4444 Phrygia:
1314 4374 1643 4444 praesidem,
1678 4375 1887 4431 licebat
1918 4377 2099 4433 videre

2221 4370 2489 4445 δόγματος
2554 4371 2644 4426 καὶ
2703 4371 2847 4443 σύτῷ
2910 4371 3135 4444 Ποπλίῳ
3188 4379 3290 4443 τῆς
3349 4376 3546 4446 μικρᾶς
3619 4370 3834 4445 Φρυγίας

469 4473 693 4522 omnes,
726 4456 1025 4527 quierant
1073 4460 1183 4513 sub
1233 4460 1448 4516 ditione
1498 4461 1916 4535 Romanorum,
1960 4466 2099 4520 cele-

2216 4460 2596 4534 ἡγεμονεύοντι
2654 4461 2777 4515 τότε
2860 4462 3353 4539 καταπεμφθέντος,
3408 4461 3475 4530 ἧν
3553 4461 3669 4534 ὁρᾷν
3744 4462 3829 4529 τὴν

468 4547 636 4601 brare
695 4545 844 4600 festa
889 4550 948 4600 et
1005 4546 1307 4613 sacriﬁcia,
1356 4555 1408 4602 et
1466 4548 1774 4620 diligenter
1827 4552 2098 4609 inservire

2217 4549 2319 4604 ὑπὸ
2372 4550 2673 4622 Ῥωμαίους
2726 4554 2895 4604 πᾶσαν
2955 4552 3143 4626 ἑορτάς
3190 4573 3250 4607 τε
3280 4552 3511 4628 ἄγοντας
3543 4551 3629 4606 καὶ
3656 4550 3821 4621 θυσίας,

460 4634 659 4706 jussui
690 4633 1079 4690 Romanorum
1108 4651 1121 4687 :
1153 4638 1501 4705 senatusque
1550 4636 2013 4709 Hierapolitanus
2053 4660 2090 4699 e‘

2215 4638 2304 4694 καὶ
2364 4636 2571 4707 σπουδῇ
2645 4643 2723 4710 τῷ
2804 4645 2912 4695 τῶν
2990 4640 3399 4715 αὐτοκρατόρων
3488 4641 3814 4717 προστάγματι

464 4722 716 4793 p0pulus
765 4737 1131 4793 nequaquam
1185 4723 1425 4778 aberant
1454 4742 1487 4778 a
1517 4741 1681 4781 sacro
1720 4726 1819 4783 illo
1850 4730 2094 4794 publico.

2218 4725 2687 4801 διακονουμένους·
2746 4729 2779 4797 ἤ
2831 4750 2889 4784 τε
2931 4727 3111 4804 βουλὴ
3143 4735 3251 4785 τῶν
3292 4731 3674 4804 Ἰεραπολιτῶν
3699 4730 3818 4786 καὶὸ

468 4812 567 4865 [lic
605 4818 800 4866 autem
846 4810 991 4881 ipse,
1025 4813 1193 4881 cujus
1242 4817 1332 4868 est
1373 4830 1624 4885 praesens
1673 4828 2098 4888 argumentum,

2216 4814 2417 4889 δῆμος,
2452 4813 2575 4871 οὐδὲ
2606 4817 2754 4871 οὗτοι
2784 4820 2882 4886 τῆς
2912 4826 3103 4889 κοινῆς
3152 4818 3359 4891 ἐκείνης
3414 4819 3820 4893 ἀπελιμπᾶνοντο

463 4899 758 4968 Abercius,
785 4900 877 4954 cui
909 4904 1031 4956 erat
1061 4903 1400 4957 commissus
1431 4904 1804 4975 episcopatus
1836 4906 2093 4981 Hierapo-

2213 4904 2457 4974 τελετῆς,
2491 4905 2662 4969 Αὐτὸς
2692 4904 2750 4960 δὲ
2789 4906 2969 4977 οῦτος,
3004 4909 3033 4962 ὁ
3064 4908 3149 4963 νῦν
3182 4909 3433 4972 ὑπόθεσις
3491 4911 3623 4982 ἡμῖν
3679 4910 3820 4983 ὑπάρ-

463 4987 803 5055 litanorum,
844 5005 975 5044 cum
1024 4989 1261 5045 vidisset
1310 4991 1462 5047 cives
1511 4993 1847 5050 candidatos
1896 4996 2093 5055 infesta

2212 5013 2329 5069 χων
2385 4994 2688 5068 Ἀβέρκιος,
2747 4998 2847 5066 τήν
2907 4995 3288 5069 Ἰεραπολιτῶν
3350 4996 3644 5069 ἑπισκοπήν
3692 4998 3815 5072 ίγκε-

465 5073 567 5128 illa
594 5074 739 5130 festa
769 5093 1036 5147 peragere
1066 5079 1136 5134 ad
1169 5095 1282 5134 sua:
1314 5080 1522 5136 animae
1554 5082 1892 5139 interitum:
1926 5094 1979 5142 et
2008 5104 2095 5142 ve-

2213 5087 2576 5159 χειρισμὲνος,
2636 5083 3127 5160 λευχειμονοῦντας
3181 5109 3238 5142 τε
3292 5088 3420 5152 τοὺς
3474 5086 3815 5155 πολίτας,καί

466 5179 591 5217 rum
622 5164 856 5255 quidem
904 5166 1082 5220 Deum
1135 5170 1491 5238 contemptui
1524 5169 1745 5240 haberi,
1778 5175 1955 5230 surda
2002 5193 2096 5231 au-

2210 5173 2303 5235 τάς
2335 5173 2618 5247 ἀνεόρτους
2669 5174 2868 5229 ὲκείνας
2927 5175 3114 5249 ἑορτὰς
3169 5174 3257 5232 ἐπὶ
3310 5181 3662 5255 καταστροφῇ,
3691 5180 3811 5250 φεῦί

467 5254 587 5304 tem
616 5250 840 5307 adorari
867 5254 1216 5311 simulacra:
1250 5257 1457 5313 falsam
1502 5259 1866 5329 phantasiam
1899 5268 1987 5333 (ut
2016 5266 2097 5320 di-

469 5351 592 5363 nam
629 5351 755 5363 nn—
795 5340 980 5363 .I:--£__
1019 5343 1304 5363 IIAL-_,,,\
1348 5351 1389 5363 ,A
1587 5347 1599 5360 ο
1734 5350 1771 5363 ιο
1821 5351 1832 5362 ι

2178 5265 2313 5358 ’τῆς
2360 5263 2563 5317 ἑαυτῶν
2614 5267 2798 5337 ψυχῆς
2841 5262 3226 5327 ἐπιτελοῦντας
3275 5263 3429 5335 ἰδὼν,
3477 5267 3566 5320 καὶ
3611 5269 3689 5321 τὸν
3731 5268 3808 5339 μὲν

466 5351 594 5391 cam
628 5351 760 5431 cum
792 5340 984 5395 divino
1019 5343 1307 5416 Habacuc)
1338 5351 1394 5401 et
1424 5347 1634 5403 erroris
1665 5350 1972 5421 caliginem
2006 5370 2096 5409 su-

2182 5340 2390 5421 ’ἀληθῆ
2426 5354 2553 5408 Θεὸν
2610 5355 2987 5428 ἀθετουμενον,
3046 5353 3250 5411 εἷ’δωλα
3314 5355 3371 5412 δὲ
3426 5357 3583 5431 κωφά
3616 5378 3812 5431 προσκυ-

467 5421 795 5517 permultos
826 5425 1075 5517 infundi,
1107 5446 1224 5485 rem
1260 5434 1569 5491 arbitratus
1597 5453 1830 5508 gravem
1861 5449 1915 5496 et
1935 5440 2097 5499 valde

2204 5442 2458 5512 νοόμενα,
2517 5440 2685 5515 ψευδῆ
2748 5442 3037 5516 φαντασίαν
3091 5444 3219 5499 εἶναι
3270 5445 3377 5517 (ἱνα
3433 5447 3497 5500 τὸ
3552 5449 3638 5500 τοῦ
3687 5447 3808 5503 θείου

465 5508 799 5579 absurdam,
834 5518 887 5565 et
919 5515 1189 5585 tanquam
1220 5520 1415 5578 animo
1446 5526 1743 5582 sauciatus
1769 5545 1869 5598 pro
1900 5530 2089 5585 fratri-

2202 5508 2481 5601 Ἀμϐἀκου
2522 5508 2889 5609 ᾲθέγξιομαι),
2919 5532 3007 5587 καὶ
3036 5531 3247 5603 πλάνης
3276 5508 3454 5609 ἀχλὺν
3487 5533 3575 5591 ἐπὶ
3601 5534 3806 5604 πολλοὺς
