4128 6274
19 411 129 451 ιρῷξκ,
153 419 175 434 .,

19 473 73 533 ἷθὶν
99 481 138 550 αξξ
161 515 172 546 ε

20 584 160 670 suae:
236 590 480 670 ἀτεχνῶς
519 593 646 654 τοὺς
705 589 1025 655 διώκοντας.
1057 595 1239 650 Ταῦτα
1293 591 1418 670 ἔφη,
1463 592 1554 647 καὶ
1612 595 1726 667 ἅμα
1787 581 1886 650 σὺν

20 676 62 753 t1;
95 685 156 722 2:3:
236 679 422 743 αὐτοῖς
453 679 705 754 ἐξελθὼν,
739 679 918 737 ἄπεισι
976 681 1112 736 κατὰ
1172 682 1342 754 μέσην
1389 682 1489 750 τὴν
1547 681 1712 738 πόλιν
1742 684 1886 760 παρᾶ

232 770 335 838 τὴν
368 769 588 845 ἀγοράν.
621 771 788 827 Ἔνθα
857 767 923 839 δὴ
955 770 1046 824 καὶ
1104 770 1179 831 εἰς
1237 770 1408 826 τόπον
1467 770 1526 832 ὃς
1568 770 1711 826 οὕτω
1759 775 1886 846 παρ’

1607 351 1790 412 νιΤΑ
1833 349 1896 412 S.
1943 351 2273 413 ABERCII.

3478 355 3634 414 1218

235 506 411 560 κτέον.
471 503 623 561 Ἐπεὶ
696 501 785 558 καὶ
868 507 1029 559 τοῦτο
1110 501 1275 577 μόνον
1337 505 1600 580 Χριστοῦ,
1670 505 1887 583 φεύγειν

2004 527 2104 566 nos
2161 509 2460 565 invadunt.
2505 511 2648 566 Nam
2701 509 2805 567 hoc
2862 526 3093 582 quoque
3142 511 3315 583 plane
3337 512 3504 584 jubet
3544 513 3636 570 lex

237 860 426 921 αὐτοῖς
460 859 807 935 Φραγέλλιον
845 856 1092 914 ἐκαλεῖτο
1145 859 1388 930 καθίσας,
1427 860 1489 914 τὸ
1540 862 1802 936 κηρυγμα
1828 883 1886 918 τε

19 952 152 1027 “fin:
235 951 336 1012 τῆς
371 946 632 1019 ἀληθείας
689 945 934 1004 ἐδίδασκε
996 949 1122 1010 τοὺς
1161 948 1446 1023 παρόντας,
1492 948 1582 1004 καὶ
1641 957 1741 1019 τῆς
1789 955 1886 1006 τοῦ

20 1027 150 1086 nihil,
239 1042 376 1092 Θεοῦ
435 1039 685 1114 γνώσεως
715 1037 892 1108 ἠξίου,
927 1038 1002 1100 ὡς
1049 1037 1288 1102 ἐκείνους
1334 1039 1609 1109 ἀξιοῦσθαι
1660 1037 1884 1096 δυνῃτὸν

39 1122 146 1192 lg}:
237 1129 330 1196 ἦν,
364 1127 452 1181 καί
510 1124 618 1182 δεῖν
652 1124 806 1202 ἔλεγε
871 1127 960 1182 τὸν
1009 1131 1088 1199 τῷ
1119 1127 1246 1199 θείῳ
1289 1127 1626 1201 βαπτίσματι
1655 1130 1890 1184 τελειω-

243 1217 421 1283 θέντα,
453 1215 542 1270 καὶ
574 1215 890 1290 Χριστιανὸν
926 1213 1222 1284 ἀξιωθέντα
1286 1214 1394 1285 ἤδη
1454 1223 1548 1270 καῖ
1603 1217 1742 1272 ε’ίναι
1798 1219 1888 1272 καὶ

239 1302 622 1377 ὀνομάζεσθαι,
669 1307 774 1359 τῶν
856 1304 948 1376 μὲν
1011 1304 1290 1378 παρόντων
1359 1302 1534 1373 ἡδέων
1613 1326 1888 1383 καταφρο-

239 1399 374 1463 νεῖν,
402 1392 652 1468 ἐπίκαιρα
699 1395 824 1469 γᾶρ,
881 1393 1159 1469 ὀρέγεσθαι
1227 1393 1284 1450 δὲ
1329 1396 1500 1466 μόνης
1540 1403 1640 1465 τῆς
1689 1396 1890 1461 ἀθανά-

239 1502 338 1537 του
381 1487 552 1551 ζωῆς,
580 1481 730 1538 Ἐπεὶ
779 1484 866 1537 καὶ
937 1481 1076 1555 μόνη
1137 1484 1211 1545 ὡς
1277 1482 1502 1552 ἀληθῶς
1541 1484 1677 1554 αὕτη
1751 1487 1887 1556 ζωὴ,

240 1572 306 1640 ἢν
338 1575 454 1632 τοῖς
509 1570 787 1644 ἀγαπῶσιν
816 1570 976 1626 αὐτὸν
1016 1571 1314 1645 ἡτοίμασεν
1357 1573 1385 1628 ὁ
1433 1574 1585 1635 Θεός.
1621 1575 1707 1631 Ἐν
1777 1575 1888 1646 ὅσῳ

242 1659 334 1714 οῦν
410 1663 579 1715 ταῦτα
653 1659 797 1716 οὕτω
860 1661 996 1734 πρὸς
1067 1660 1259 1723 αὐτοὺς
1315 1658 1608 1737 διελέγετο,
1657 1664 1720 1718 τὸ
1772 1665 1886 1718 κατ’

242 1747 408 1804 αύσοῦ
456 1749 753 1826 φερόμενον
791 1748 1010 1819 πλῆθος
1056 1750 1120 1805 τὸ
1168 1754 1393 1826 πρᾶγμα
1453 1751 1738 1824 μαθόντες,
1798 1751 1884 1806 καὶ

241 1839 326 1892 ὅτι
383 1835 483 1894 οὒκ
547 1840 826 1912 ἠγάπησεν
888 1837 1032 1895 οἷ’κοι
1062 1840 1184 1914 περὶ
1240 1841 1340 1909 τὴς
1383 1839 1585 1902 οἰκείας
1644 1839 1886 1915 διεξιέναι
1919 1869 1972 1934 Β

237 1927 491 1994 πίττεως,
535 1925 680 1983 ἀλλὰ
736 1927 826 1983 καὶ
884 1925 1124 2000 δημοσίᾳ
1184 1929 1444 2002 κηρύσσει
1505 1929 1596 1984 καὶ
1666 1929 1884 2005 παρῥη-

241 2014 479 2085 σιάζεται
553 2017 654 2085 τήν
743 2011 1032 2087 εὐσέϐειαν,
1093 2017 1169 2078 εἷς
1242 2015 1472 2072 πλείονα
1531 2020 1630 2088 τήν
1697 2021 1888 2091 μανίαν

242 2104 658 2179 παροξυνθέντες
725 2105 816 2160 καὶ
900 2107 1212 2180 θερμοτέρῳ
1287 2110 1530 2176 ζέσαντες
1598 2107 1890 2180 πνεύματι,

243 2194 343 2248 ούκ
397 2188 473 2248 ἔτι
531 2193 782 2258 καθεκτοὶ
851 2188 1067 2268 ἔμενον,
1106 2192 1230 2250 οὐδὲ
1293 2201 1411 2258 τοῖς
1458 2195 1762 2272 βελτίστοις
1793 2204 1893 2266 τῆς

241 2281 462 2346 πόλεως
511 2283 719 2356 ὑπεῖξαι
779 2283 888 2338 οἷοί
945 2306 1004 2340 τε
1042 2285 1201 2354 ἦσαν,
1233 2283 1379 2339 ἀλλὰ
1424 2286 1515 2340 σὺν
1543 2281 1765 2361 θορύϐῳ
1801 2286 1890 2341 καὶ

239 2376 450 2449 κραυγῇ
534 2373 650 2428 κατ’
699 2373 866 2428 αὐτοῦ
933 2373 1136 2446 ὥρμων
1199 2373 1434 2447 μονονοὺ
1500 2379 1618 2436 τοῖς
1677 2373 1892 2429 ὀδοῦσιν

243 2463 402 2518 αὐτόν
432 2484 490 2518 τε
519 2462 608 2517 καὶ
646 2461 777 2526 τοὺς
811 2464 907 2518 σὺν
942 2464 1095 2536 αύτῷ
1127 2462 1482 2537 διασπαράξαι
1539 2463 1890 2538 βουλόμενοι.

312 2553 379 2615 ς’.
415 2549 638 2621 Ἐπειδὴ
695 2549 752 2607 δὲ
809 2553 885 2614 ὡς
942 2551 1101 2608 αὐτόν
1175 2573 1234 2607 τε
1289 2551 1398 2624 ἤδη
1477 2553 1750 2628 ἐγένοντο,
1800 2553 1891 2608 καὶ

245 2642 372 2695 ὅσον
433 2640 585 2696 οῧπω
659 2641 755 2703 τὰς
824 2646 1014 2716 χεῖρας
1083 2637 1367 2696 ἐπιϐαλεῖν
1426 2642 1574 2714 αὐτῷ
1629 2640 1890 2716 ἔμελλον,

245 2727 372 2785 ἰδοὺ
429 2734 573 2803 τρεῖς
629 2729 916 2798 νεανίσκοι,
962 2735 1219 2804 πονηρῶν
1281 2729 1453 2785 πάλαι
1495 2727 1771 2802 δαιμόνων
1814 2731 1890 2794 εἲς

245 2818 342 2877 τὰς
405 2815 588 2890 ψυχας
645 2818 824 2872 αὐτῶν
875 2816 1278 2887 ἐνακηψάντων,
1351 2815 1412 2871 ἐκ
1473 2821 1568 2870 τοῦ
1625 2815 1893 2892 αἰφνιδίου

247 2904 714 2980 περιρῥηξᾶμενοι
773 2905 866 2960 τὰ)
933 2903 1160 2976 ἐσθῆτας
1237 2904 1478 2968 ἐκθέουσι
1533 2903 1634 2960 τοῦ
1693 2902 1893 2980 ὄχλου,

244 2997 346 3058 τὰς
391 2993 592 3056 οἰκείας
652 2993 826 3048 αὐτῶν
885 2998 1074 3068 χεῖρας
1137 2991 1418 3056 ὃάκνοντές
1485 3014 1542 3048 τε
1592 2993 1681 3047 καὶ
1737 3015 1895 3068 στρε-

246 3082 531 3154 ϐλοῦντες,
562 3085 688 3146 τοὺς
731 3081 1051 3159 ὀφθαλμοὺς
1105 3081 1534 3160 διαστρέφοντες,
1585 3083 1754 3162 ἂιρρὸν
1797 3087 1894 3138 τοῦ

250 3175 525 3247 στόματος
583 3173 970 3244 ιίιποπτύοντες⁸
1023 3173 1238 3245 ἄσημόν
1275 3193 1393 3227 τινα
1437 3172 1528 3227 καὶ
1589 3170 1892 3228 ἀλλόκοτον

249 3265 441 3343 φωνήν
472 3263 741 3338 ἀφιέντες,
773 3263 826 3316 οἳ
867 3262 957 3317 καὶ
1007 3259 1448 3336 προσδραμόντες
1492 3266 1571 3334 τῷ
1603 3257 1893 3336 Ἀϐερκίῳ,

246 3353 552 3428 Ὁρκοῦμέν
587 3372 644 3407 σε
676 3350 810 3406 κατά
836 3349 934 3406 τοῦ
984 3349 1246 3421 ἀληθινοῦ
1292 3352 1382 3404 καὶ
1436 3351 1605 3420 μόνου
1646 3349 1802 3422 Θεοῦ,
1834 3351 1893 3405 ὃν

245 3441 308 3498 σὺ
351 3440 658 3517 κηρύττεις,
693 3440 930 3516 ἰσχυρῶς
973 3433 1168 3508 ἐϐόων,
1213 3440 1289 3510 μή
1333 3440 1438 3514 πρὸ
1482 3443 1673 3513 καιροῦ
1729 3441 1892 3512 βασα-

247 3532 395 3588 νίσαι
444 3533 613 3603 ἡμᾶς.
649 3531 824 3586 Τοῦτο
881 3533 959 3600 τῷ
1008 3529 1101 3600 μὲν
1155 3526 1502 3598 πλήσει,τὴν
1535 3528 1734 3601 ἄλογον
1766 3526 1896 3582 ἑκεί-

250 3641 350 3690 νην
400 3617 624 3693 ἐπέσχεν
685 3617 863 3692 ὀρμήν
898 3635 911 3648 ⁶
951 3622 1068 3677 τοῖς
1103 3617 1396 3676 νεανίσκόις
1454 3613 1509 3669 δέ
1549 3616 1714 3690 πέρας
1767 3615 1894 3690 ἐγέ-

249 3728 368 3762 νετο
419 3711 515 3762 τοῦ
589 3710 780 3777 κακοῦ,
841 3703 1054 3779 μᾶλλον
1124 3703 1201 3772 δὲ,
1270 3704 1314 3758 εἰ
1373 3702 1455 3758 δεῖ
1537 3704 1892 3780 ἀληθέστερον

262 3797 456 3866 εἰπεῖν,
530 3794 838 3872 ἆμφοτέρος
905 3789 1098 3864 ἔσσησε
1150 3795 1249 3863 τὴν
1329 3793 1541 3867 μανίαν,
1609 3799 1724 3856 τοῖς
1795 3796 1889 3867 μὲν

249 3887 352 3955 τὴν
413 3884 472 3938 ἐκ
511 3887 620 3938 τῶν
670 3881 961 3956 δαιμόνων,
1013 3887 1092 3956 τῷ
1138 3879 1338 3952 πλήθει
1399 3880 1454 3938 δὲ
1499 3882 1598 3951 τὴν
1641 3881 1691 3952 ἐξ
1732 3883 1894 3938 ἀπαι-

261 3973 450 4030 δεύτου
481 3973 688 4050 φύσεως
718 3973 854 4028 κατὰ
901 3977 998 4029 τοῦ
1038 3975 1196 4049 ἁγίου
1244 3975 1624 4048 κεκινημένην.
1655 3977 1895 4031 Ἵσταντο

258 4064 350 4119 οὖν
418 4059 608 4126 πᾶντες
657 4063 836 4124 ἀτενὲς
889 4061 1047 4118 αὐτὸν
1114 4062 1428 4139 βλέποντες,
1467 4063 1598 4137 μόνῃ
1661 4069 1730 4137 τῇ
1803 4086 1896 4119 κο-

259 4154 519 4225 σμιότητι
584 4157 682 4207 τοῦ
722 4149 910 4224 ἀνδρὸς
957 4151 1046 4206 καὶ
1100 4155 1168 4224 τῇ
1225 4157 1332 4206 τῶν
1361 4154 1508 4220 ἠθῶν
1554 4151 1898 4224 γαληνότητι

255 4240 353 4302 τὰς
411 4239 582 4314 ὁρμὰς
639 4238 974 4310 πεδηθέντες,
1007 4241 1095 4293 καὶ
1143 4239 1205 4294 τὸ
1259 4237 1466 4310 μέλλον
1527 4238 1602 4300 εἷς
1647 4238 1676 4292 ὅ
1715 4261 1768 4294 τι
1807 4240 1900 4294 οὗν

258 4325 394 4400 ἐκεῇ
448 4327 939 4403 περιμένοντες-Ὀ
992 4328 1174 4398 μέντοι
1234 4331 1376 4390 θεῖος
1406 4321 1691 4400 Ἀϐερκιος
1747 4326 1899 4382 οὐδὲν

263 4414 565 4489 μελλήσας,
601 4415 677 4477 εἷς
715 4416 886 4489 εὐχὴν
913 4416 1096 4469 ἑαυτὸν
1129 4414 1483 4488 τρεψάμενος,
1515 4417 1578 4471 Ὀ
1607 4421 1701 4470 τοῦ
1747 4417 1901 4492 ἁγίου

263 4501 454 4566 παιδός
506 4525 601 4560 σου
659 4505 837 4573 Ἰησοῦ
896 4504 1106 4574 Πατὴρ,
1164 4503 1327 4571 εἶπεν,
1390 4505 1438 4573 ὁ,
1488 4502 1586 4558 κᾶν
1649 4507 1900 4579 μυριάκις

1991 597 2232 665 Christi,
2277 599 2474 670 fugere
2533 597 2806 654 videlicet
2846 615 2966 666 eos,
3016 600 3117 671 qui
3181 604 3632 672 persequuntur,

1994 689 2122 744 Haec
2152 687 2317 755 dixit,
2350 691 2407 742 et
2438 687 2613 743 simul
2645 704 2774 742 cum
2807 688 2890 743 eis
2920 704 3212 758 egressus,
3249 706 3350 761 per
3383 691 3632 747 mediam

1993 775 2282 832 civitatem
2324 776 2474 830 vadit
2504 777 2562 830 in
2604 777 2814 832 forum.
2851 775 2956 831 Ubi
2988 776 3162 832 etiam
3209 793 3342 832 cum
3387 778 3636 834 sedisset

1993 867 2052 923 in
2085 867 2231 935 loco,
2261 869 2358 938 qui
2391 866 2544 938 apud
2575 882 2674 923 eos
2707 866 3016 921 vocabatur
3048 866 3422 938 Fragellium,
3456 869 3634 924 doce-

1992 955 2091 1011 bat
2120 971 2219 1012 eos
2251 955 2348 1027 qui
2399 955 2664 1022 aderant,
2709 955 3059 1026 praeconium
3109 955 3389 1024 veritatis,
3421 960 3478 1010 et
3535 973 3633 1013 eos

1993 1044 2346 1116 dignabatur
2384 1043 2484 1099 Dei
2518 1044 2867 1113 cognitione,
2903 1050 3069 1114 prout
3101 1043 3182 1098 illi
3216 1048 3481 1114 poterant
3508 1060 3636 1100 esse

1996 1133 2196 1205 digni;
2239 1137 2296 1188 et
2345 1132 2571 1187 dicebat
2609 1135 2874 1203 oportere
2917 1147 3070 1199 eum,
3119 1131 3216 1200 qui
3267 1136 3392 1186 erat
3439 1132 3634 1186 divino

1996 1221 2290 1290 baptismo
2346 1219 2636 1287 initiatus,
2680 1224 2735 1274 et
2783 1219 2993 1289 dignus
3038 1219 3292 1287 habitus,
3354 1221 3454 1291 qui
3505 1221 3630 1290 jam

1994 1309 2356 1365 Christianus
2387 1311 2620 1364 etesset
2662 1313 2716 1364 et
2763 1308 3182 1376 nominaretur,
3216 1324 3345 1379 quae
3395 1309 3636 1364 aderant

1996 1398 2542 1470 quidem,jucunda
2576 1397 2904 1468 despicere:
2949 1413 3073 1452 esse
3121 1399 3278 1453 cnim
3329 1397 3524 1453 brevia
3581 1402 3638 1453 et

1993 1488 2209 1543 caduca
2242 1502 2256 1541 :
2291 1492 2559 1557 expetere
2589 1495 2778 1541 autem
2805 1487 2978 1541 vitam
3015 1485 3192 1541 solam
3226 1485 3630 1541 immortalem.

1995 1575 2139 1631 Nam
2163 1592 2230 1631 ea
2259 1575 2385 1632 sola
2417 1579 2506 1631 est
2533 1591 2665 1631 vere
2703 1575 2822 1629 vita
2872 1592 3042 1647 quam
3095 1577 3236 1629 Deus
3267 1577 3490 1646 paravit
3538 1575 3632 1640 iis,

1993 1665 2086 1735 qui
2121 1665 2312 1736 ipsum
2341 1663 2614 1736 diligunt.
2650 1663 2881 1720 Interim
2923 1668 3116 1718 autem
3152 1664 3290 1718 dum
3318 1663 3434 1718 ham
3457 1663 3638 1718 disse-

1995 1755 2176 1824 rebat,
2209 1770 2340 1809 cum
2374 1769 2498 1824 quae
2555 1753 2614 1808 in
2649 1769 2779 1810 eum
2841 1752 3134 1808 ferebatur
3188 1752 3246 1806 id
3306 1751 3637 1807 rescivisset

1999 1841 2309 1898 multitudo
2345 1857 2358 1896 :
2406 1850 2458 1897 et
2491 1841 2644 1912 quod
2676 1857 2792 1896 non
2824 1841 2964 1895 satis
3013 1839 3219 1895 habuit
3261 1841 3418 1895 domi
3463 1841 3637 1896 verba

1999 1933 2183 1987 facere
2234 1930 2304 1986 de
2334 1947 2442 1986 sua
2500 1931 2632 1996 ﬁde,
2666 1930 2765 1985 sed
2798 1929 2970 1984 etiam
3004 1928 3233 1999 publice
3265 1928 3558 1999 praedicat,
3581 1931 3639 1984 et

2000 2021 2182 2076 libere
2222 2019 2534 2076 annuntiat
2564 2035 2730 2075 suam
2765 2017 3125 2088 religionem,
3167 2017 3371 2087 majori
3404 2017 3636 2074 insania

2001 2107 2223 2180 perciti,
2274 2110 2332 2164 et
2389 2108 2681 2162 ferventes
2711 2104 2916 2160 acriori
2949 2104 3178 2176 spiritu,
3211 2119 3328 2159 non
3386 2103 3636 2174 amplius

2001 2196 2281 2253 contineri
2323 2199 2606 2267 poterant,
2660 2211 2764 2250 nec
2820 2192 3088 2249 volebant
3137 2191 3518 2264 optimatibus
3548 2208 3638 2249 ce-

2002 2287 2133 2341 dere
2155 2285 2440 2340 civitatis:
2475 2285 2574 2340 sed
2600 2300 2733 2338 cum
2765 2281 3019 2338 tumultu
3053 2285 3110 2336 et
3140 2281 3391 2336 clamore
3421 2280 3479 2335 in
3503 2297 3636 2336 eum

2001 2375 2286 2446 impetum
2329 2373 2638 2442 faciebant,
2694 2371 2912 2442 ipsum,
2946 2375 3004 2426 et
3061 2385 3158 2426 eos
3189 2369 3287 2440 qui
3347 2385 3477 2425 cum
3510 2369 3636 2440 ipso

2001 2468 2190 2532 erant,
2223 2462 2496 2520 dentibus
2537 2461 2958 2532 propemodum
2998 2458 3258 2514 volentes
3289 2458 3635 2529 discerpere.

2070 2551 2163 2606 Vl.
2197 2550 2337 2606 Cum
2369 2554 2564 2605 autem
2590 2550 2714 2619 jam
2748 2547 2818 2602 ad
2851 2546 3046 2618 ipsum
3068 2546 3385 2612 venissent,
3417 2549 3476 2600 et
3505 2561 3639 2601 mox

1999 2644 2200 2697 essent
2233 2656 2443 2696 manus
2481 2639 2542 2694 in
2599 2653 2733 2694 eum
2763 2635 3058 2707 injecturi,
3091 2651 3222 2690 ecce
3275 2642 3387 2690 tres
3444 2635 3636 2690 adole-

2001 2733 2250 2799 scentes,
2282 2745 2415 2784 cum
2444 2727 2685 2799 maligni
2703 2727 2995 2781 daemones
3020 2741 3118 2780 eos
3141 2724 3313 2794 longo
3335 2727 3468 2778 ante
3489 2727 3636 2779 tem-

2003 2833 2140 2888 pore
2169 2817 2540 2883 invasissent,
2591 2821 2828 2886 repente
2859 2814 3044 2885 ruptis
3076 2812 3335 2867 vestibus
3365 2827 3395 2867 e
3424 2811 3638 2882 populo

2002 2908 2338 2970 excurrunt,
2370 2919 2506 2960 suas
2551 2919 2760 2958 manus
2816 2902 3150 2957 mordentes
3180 2905 3237 2956 et
3277 2905 3638 2972 torquentes,

2002 2993 2200 3050 oculos
2229 2994 2606 3059 invertentes,
2637 3007 2875 3064 spumas
2915 2991 2974 3047 in
3015 3005 3114 3046 ore
3144 2994 3400 3060 agentes,
3425 2994 3482 3043 et
3502 3005 3641 3044 con-

2003 3085 2191 3138 fusam
2217 3082 2528 3152 quamdam
2548 3080 2916 3152 alienamque
2934 3094 3131 3135 vocem
3151 3078 3506 3133 emittentes.
3533 3077 3640 3142 Qui

2005 3188 2136 3228 cum
2177 3169 2557 3227 accurrissent
2583 3170 2652 3224 ad
2684 3168 2986 3223 Abercium
3025 3184 3038 3221 :
3072 3167 3424 3237 Adjuramus
3455 3169 3511 3220 te
3542 3181 3644 3234 per

2009 3276 2207 3316 verum
2239 3263 2296 3315 et
2343 3257 2531 3314 solum
2562 3257 2768 3323 Deum,
2801 3272 2974 3326 quem
3024 3260 3086 3308 tu
3142 3255 3446 3326 praedicas,
3477 3254 3644 3309 vehe-

2005 3354 2227 3407 menter
2255 3347 2608 3414 clamabant,
2662 3362 2735 3401 ne
2768 3361 2872 3400 nos
2906 3351 3170 3413 torqueas
3219 3346 3355 3398 ante
3385 3347 3640 3412 tempus.

2005 3439 2121 3493 Hoc
2144 3435 2536 3492 multitudinis
2567 3433 2801 3505 quidem
2844 3432 3007 3486 illum
3042 3447 3074 3485 a
3121 3430 3349 3485 ratione
3381 3429 3640 3486 alienum

2004 3526 2265 3582 cohibuit
2294 3525 2579 3596 impetum
2613 3540 2628 3579 :
2681 3519 3145 3577 adolescentibus
3186 3522 3384 3576 autem
3417 3517 3642 3574 sedavit

2006 3612 2256 3669 malum:
2280 3615 2380 3667 aut
2401 3611 2618 3683 potius,
2642 3610 2690 3665 si
2711 3609 2904 3664 verius
2927 3609 3005 3664 sit
3027 3608 3353 3676 dicendum,
3378 3605 3639 3675 utrisque

2003 3703 2278 3772 repressit
2332 3699 2644 3764 insaniam,
2674 3697 3142 3754 adolescentibus
3194 3694 3428 3766 quidem
3472 3694 3637 3749 insa-

2006 3791 2185 3857 niam,
2201 3805 2322 3861 quaa
2338 3787 2810 3861 proﬁciscebatur
2830 3803 2863 3841 a
2882 3784 3265 3840 daemonibus:
3284 3781 3644 3838 multitudini

2003 3885 2195 3937 autem
2229 3895 2379 3946 eam,
2413 3894 2540 3950 quas
2564 3891 2632 3932 ex
2665 3875 2954 3932 inerudita
2985 3879 3041 3929 et
3081 3873 3210 3929 rudi
3255 3876 3456 3927 natura
3485 3887 3644 3927 com-

2008 3974 2162 4024 mota
2197 3971 2320 4024 erat
2355 3967 2637 4022 adversus
2682 3967 2964 4019 sanctum.
2998 3962 3240 4016 Stabant
3269 3974 3402 4029 ergo
3441 3974 3647 4014 omnes

2005 4074 2133 4112 eum
2152 4056 2281 4111 ﬁxis
2296 4057 2588 4110 intuentes
2609 4052 2816 4122 oculis,
2833 4050 3083 4106 maxima
3101 4050 3230 4118 ejus
3247 4048 3645 4102 moderatione

2007 4151 2062 4200 et
2095 4158 2321 4198 morum
2365 4138 2785 4209 tranquillitate
2825 4154 3026 4192 eorum
3058 4137 3278 4206 impetu
3332 4135 3646 4201 refrenato,

2008 4237 2182 4302 atque
2211 4227 2643 4299 exspectabant,
2675 4225 2940 4296 quisnam
2975 4226 3203 4278 futurus
3239 4226 3391 4278 esset
3431 4223 3644 4277 exitus.

2007 4320 2248 4375 Divinus
2301 4319 2494 4372 autem
2545 4314 2826 4370 Abercius
2858 4312 3005 4367 nihil
3036 4315 3364 4377 cunctatus,
3400 4326 3533 4365 cum
3585 4325 3649 4364 se

2009 4406 2378 4464 convertisset
2434 4403 2506 4459 ad
2537 4403 2906 4457 orationem:
2965 4400 3163 4456 Sancti
3210 4399 3295 4454 tui
3329 4398 3456 4455 Filii
3503 4397 3647 4454 Jesu

2011 4501 2198 4562 Pater,
2221 4493 2386 4560 dixit,
2409 4492 2505 4562 qui
2535 4489 2767 4547 etiamsi
2803 4489 3014 4545 millies
3046 4487 3495 4560 peccaverimus,
3522 4485 3650 4556 ipse

260 4593 612 4668 ἁμαρτωμεν,
670 4591 831 4656 αὐτὸς
888 4595 954 4648 τὰ
1005 4593 1140 4667 πρὸς
1201 4592 1473 4667 σωτηρίαν
1547 4594 1895 4668 οἰκονομῶν·

2013 4605 2079 4642 ea
2099 4587 2422 4656 dispensus,
2450 4596 2575 4653 quas
2608 4579 2897 4651 pertinent
2926 4579 2997 4634 ad
3026 4578 3298 4645 salutem,
3340 4593 3478 4649 rogo
3511 4579 3568 4631 te
3595 4577 3653 4629 et

262 4679 453 4754 δέομαι
511 4682 598 4737 καὶ
650 4680 876 4737 ἱκετεύω
949 4703 1004 4736 σε
1073 4681 1233 4736 λύσαι
1291 4687 1408 4742 τοῖς
1458 4682 1756 4744 νεανίσκοις
1802 4686 1903 4754 τὴν

262 4768 324 4824 ἐκ
350 4776 460 4826 τῶν
490 4768 766 4842 δαιμόνων
794 4769 1050 4844 ἐπήρειαν
1086 4789 1099 4804 ·
1153 4768 1242 4825 ’ίνα
1270 4771 1361 4826 καὶ
1399 4769 1550 4827 αὐτοὶ
1609 4774 1671 4828 τὸ
1715 4773 1906 4828 λοιπὸν

262 4861 398 4916 κατᾶ
426 4860 487 4915 τὸ
535 4860 626 4915 σὸν
677 4880 778 4914 ωσι
818 4859 1035 4933 θέλημα
1081 4860 1464 4934 πορευόμενοι,
1511 4861 1602 4915 καὶ
1658 4861 1904 4926 πολλοὺς

264 4945 473 5012 ἄλλους
527 4953 606 5020 τῷ
671 4949 795 5024 περὶ
863 4948 1058 5012 αὐτοὺς
1111 4947 1347 5021 θαύματι
1400 4951 1759 5024 προστεθῆναί
1821 4973 1904 5008 σοι

263 5037 741 5111 παρασκευάσωσιν
783 5053 798 5068 ⁸
855 5035 994 5092 ὥστε
1049 5037 1246 5098 πάντας
1331 5041 1532 5112 γνῶναι
1591 5039 1672 5092 ὅτι
1731 5041 1792 5093 σὺ
1856 5042 1908 5095 Εἴ

265 5127 399 5188 Οεὸς
451 5125 617 5199 μόνος
669 5125 758 5180 καὶ
808 5124 912 5180 οὐκ
959 5125 1099 5180 ἐστιν
1144 5121 1328 5198 ἕτερος
1377 5125 1524 5194 πλὴν
1583 5131 1701 5182 σοῦ.
1728 5129 1908 5184 Ταῦτα

267 5217 558 5288 εὐξάμενος
613 5218 692 5285 τῷ
749 5218 883 5286 Θεῷ,
923 5214 1013 5270 καὶ
1070 5213 1148 5276 εἰς
1201 5212 1330 5275 τοὺς
1386 5213 1697 5276 νεανίσκους
1757 5213 1906 5285 ἰδὼν,

266 5305 500 5376 πλήττει
537 5304 742 5358 τούτων
783 5308 852 5378 τῇ
897 5303 1030 5377 μετᾶ
1065 5308 1259 5377 χεῖρας
1291 5298 1475 5378 ῥάϐδῳ
1519 5303 1614 5365 τὰς
1645 5303 1904 5381 κεφαλὰς,

268 5394 360 5450 Ἐν
410 5391 637 5465 ὀνόματι
677 5389 774 5446 τοῦ
824 5390 958 5465 ἐμοῦ
1007 5394 1267 5466 Χριστοῦ,
1319 5389 1506 5462 εἰπὼν,
1556 5389 1792 5464 ἐξέλθετε
1847 5393 1906 5451 ἐκ

266 5488 374 5538 τῶν
433 5480 724 5535 νεανίσκων
810 5479 1041 5548 τούτων,
1111 5476 1368 5551 δαιμόνια
1449 5481 1686 5554 πονηρά,
1742 5480 1902 5556 μηδὲν

268 5569 460 5634 αὐτοὺς
517 5569 894 5642 λυμῃνάμενα.
944 5568 1040 5624 Καὶ
1096 5568 1166 5625 τὰ
1225 5569 1318 5642 μὲν
1380 5564 1601 5638 δόξαντὰ
1645 5591 1764 5626 τινα
1807 5594 1906 5646 με·

269 5659 463 5734 γίστην
511 5657 720 5734 ἀφεῖναι
769 5658 972 5737 φωνὴν,
1023 5657 1179 5721 εὐθὺς
1224 5653 1640 5727 ἀπηλλάττοντο
1674 5675 1688 5692 ⁶
1738 5658 1789 5716 οἱ
1847 5659 1905 5718 δὲ

2015 4677 2274 4742 obsecro,
2307 4674 2372 4727 ut
2399 4669 2730 4724 damonum
2771 4667 3050 4724 insultum
3085 4666 3276 4723 solvas
3305 4665 3650 4721 adolescen-

2018 4763 2193 4829 tibus,
2227 4766 2290 4816 ut
2342 4757 2456 4830 ipsi
2491 4771 2721 4828 quoque
2758 4756 2830 4811 de
2888 4759 3094 4810 caetero
3135 4753 3458 4819 ambulent,
3492 4757 3648 4806 tuam

2015 4855 2325 4925 sequentes
2353 4847 2728 4913 voluntatem,
2761 4847 2818 4900 et
2845 4843 3098 4899 efﬁciant
3128 4860 3216 4911 eo,
3249 4841 3403 4912 quod
3422 4840 3480 4894 in
3507 4837 3652 4910 ipsis

2015 4944 2130 5010 ﬂet,
2157 4937 2456 5007 miraculo,
2489 4940 2555 4992 ut
2586 4932 2754 4990 multi
2779 4933 2876 4989 alii
2906 4932 3011 4987 tibi
3034 4934 3453 5002 adjungantur,
3473 4931 3652 4999 atque

2015 5047 2217 5088 omnes
2239 5027 2611 5100 cognoscant,
2636 5027 2693 5079 te
2713 5021 2897 5078 solum
2922 5037 3049 5076 esse
3070 5021 3278 5088 Deum,
3304 5023 3362 5074 et
3382 5033 3498 5074 non
3521 5032 3651 5072 esse

2015 5121 2196 5177 alium
2229 5121 2435 5190 praeter
2462 5117 2538 5169 te.
2571 5113 2700 5167 Haec
2730 5127 2864 5166 cum
2894 5111 3072 5166 Deum
3095 5113 3251 5164 esset
3281 5113 3568 5179 precatus,
3595 5108 3654 5162 et

2014 5208 2340 5282 aspexisset
2401 5201 2809 5270 adolescentes,
2875 5199 3125 5270 percutit
3195 5211 3393 5252 eorum
3455 5194 3651 5266 capita

2014 5302 2197 5372 virga,
2228 5309 2405 5368 quam
2436 5289 2685 5346 habebat
2715 5288 2774 5344 in
2815 5288 3086 5344 manibus
3120 5305 3133 5344 :
3173 5290 3240 5342 In
3269 5283 3504 5341 nomine
3534 5282 3654 5339 mei

2015 5390 2250 5459 Christi,
2283 5387 2506 5450 dicens,
2544 5380 2692 5438 exite
2730 5397 2799 5437 ex
2841 5379 2930 5437 his
2976 5377 3467 5446 adolescentibus,
3500 5373 3658 5432 mala

2017 5476 2322 5544 daemonia,
2353 5488 2452 5528 eos
2481 5468 2628 5526 nihil
2651 5469 3020 5527 offendentis.
3054 5469 3122 5525 Et
3150 5467 3251 5524 illa
3281 5464 3512 5538 quidem
3531 5462 3658 5519 visa

2013 5585 2214 5629 vocem
2247 5563 2414 5622 edere
2437 5559 2772 5630 maximam,
2796 5558 3062 5630 protinus
3093 5557 3364 5614 abierunt
3391 5569 3405 5609 :
3429 5551 3471 5608 ii
3492 5564 3648 5620 vero,

2015 5657 2257 5735 depulsa
2267 5670 2355 5726 ea,
2373 5666 2496 5725 qua
2513 5655 2651 5708 tunc
2662 5651 2899 5723 propter
2919 5648 3199 5709 daemonas
3213 5661 3312 5703 eos
3328 5639 3655 5704 obsidebat,
