4128 6274
477 392 632 454 1219

1813 376 1974 435 ΜΕΝ
1986 373 2097 435 SIS
2144 374 2521 437 OCTOBER.

3710 383 3869 443 1220

476 554 745 625 caligine,
769 565 900 605 cum
934 561 1137 620 parum
1165 542 1547 614 aspexissent,
1565 544 1621 594 et
1641 535 1817 592 veluti
1832 535 2099 606 respiras-

2216 533 2315 601 τήν
2372 533 2706 608 κατέχουσαν
2761 533 2954 597 αὐτοὺς
3017 537 3151 599 τέως
3211 535 3314 591 ὑπὸ
3365 534 3639 610 δαιμόνων
3681 538 3865 617 ἀχλὺν

475 623 626 708 sent,
685 640 843 694 illius
887 639 1123 691 sanctos
1183 634 1354 703 pedes
1385 627 1743 695 osculantur,
1775 633 1829 680 et
1886 623 2107 678 nullam

478 731 716 788 edentes
774 740 995 791 vocem,
1026 738 1124 777 eos
1174 720 1273 774 diu
1329 724 1546 784 tenent,
1595 717 1736 771 adeo
1794 717 1858 769 ut
1909 727 2109 768 omnes

479 817 1016 879 existimarenteos
1074 826 1195 865 esse
1238 811 1519 863 mortuos.
1555 807 1684 875 lpse
1720 807 1914 858 autem
1972 818 2107 857 cum

477 904 961 979 apprehendisset
993 899 1221 955 illorum
1254 900 1571 962 dexteram,
1597 893 1728 947 facit
1751 908 1846 947 eos
1870 906 2108 961 surgere

474 1012 630 1052 sanae
682 990 916 1048 mentis.
950 990 1019 1044 Et
1078 987 1162 1042 illi
1222 985 1480 1056 quidem,
1514 981 1772 1053 quaesitis
1828 980 2106 1047 vestibus,

478 1101 612 1141 cum
646 1099 743 1140 eas
773 1079 1123 1143 induissent,
1157 1076 1545 1132 cernebantur
1583 1072 1851 1140 deinceps
1894 1068 2105 1135 vestiti,

473 1175 529 1227 et
558 1186 709 1226 same
742 1165 976 1228 mentis,
1012 1168 1069 1219 et
1100 1165 1171 1217 ab
1205 1161 1448 1216 Abereio
1480 1157 1719 1213 minime
1750 1155 2105 1211 recedentes.

542 1442 659 1496 VII.
692 1444 836 1497 Cum
888 1439 1006 1492 haec
1046 1439 1241 1490 autem
1273 1432 1514 1489 vidisset
1545 1430 1730 1495 turba,
1762 1442 1966 1482 omnes
1996 1426 2108 1482 vel-

471 1533 557 1587 uti
610 1546 726 1584 una
785 1531 975 1582 mente
1032 1532 1085 1579 et
1142 1538 1254 1578 uno
1304 1536 1441 1576 ore:
1484 1519 1569 1574 Tu
1619 1534 1677 1572 es
1725 1516 1886 1572 solus
1934 1531 2105 1570 verus

472 1620 647 1680 Deus.
680 1616 779 1688 qui
814 1631 914 1686 per
942 1619 1103 1668 tuum
1148 1608 1481 1682 praedicaris
1531 1606 1861 1674 Abercium,
1896 1619 2103 1674 magna

466 1723 603 1761 voce
635 1705 917 1761 dixerunt.
953 1702 1014 1755 Ei
1058 1702 1138 1755 rei
1188 1700 1296 1753 fert
1350 1694 1747 1752 testimonium
1807 1692 2103 1763 repentina

466 1794 571 1849 illa
618 1791 996 1849 commutatio
1066 1786 1484 1851 multitudinis,
1533 1801 1659 1854 quae
1721 1798 1906 1852 usque
1962 1782 2103 1835 adeo

2214 620 2683 696 ἀποϐεϐληκότες,
2743 622 3130 700 διαϐλέψαντές
3198 648 3255 681 τε
3336 630 3533 702 μικρὸν
3596 632 3687 684 καὶ
3749 634 3865 687 οἷον

2214 715 2611 790 ἀνενεγκόντες,
2674 723 2791 780 τοῖς
2849 717 3028 793 ἁγίοις
3120 719 3325 773 ἐκείνου
3405 720 3561 775 ποσὶν
3638 722 3862 785 ἑαυτοὺς

2216 802 2447 872 διδοῦσι,
2499 808 2585 860 καὶ
2638 804 2842 883 ἄφωνοι
2881 807 3088 861 τούτων
3138 806 3227 861 ἐπὶ
3268 806 3411 862 πολὺ
3444 806 3687 881 ἔχονται,
3721 809 3864 868 ὥστε

2213 894 2298 947 καὶ
2372 900 2546 957 θανεῖν
2604 896 2798 956 αὐτοὺς
2853 897 3167 969 νομίζεσθαι
3234 898 3377 970 παρὰ
3422 898 3656 954 πάντων.
3693 899 3863 965 Αὐτὸς

2215 981 2423 1054 μέντοι,
2488 978 2797 1056 λαϐόμενος
2867 983 3123 1058 ἑκατέρου
3179 992 3277 1054 τῆς
3346 983 3541 1055 δεξιᾶς,
3591 988 3861 1064 νήφοντας

2211 1071 2405 1133 αὐτοὺς
2445 1070 2771 1142 διανίστησι.
2807 1074 2907 1129 Καὶ
2940 1074 2995 1127 oi
3030 1074 3124 1146 μὲν
3157 1072 3384 1143 ἐσθῆτας
3424 1075 3858 1146 ἐπιζητήσαντες

2211 1160 2301 1213 καὶ
2356 1159 2552 1221 ταύτας
2584 1158 2840 1229 ἐνδύντες,
2869 1162 3247 1235 εἷματισμένοι
3297 1164 3358 1217 τὸ
3405 1163 3598 1219 λοιπὸν
3638 1166 3859 1241 ἑωρῶν-

2212 1269 2273 1302 το
2325 1250 2415 1302 καὶ
2474 1256 2900 1325 σωφρονοῦντες,
2932 1250 3022 1306 καὶ
3055 1248 3340 1326 Ἀϐερκίου
3392 1252 3521 1325 μηδ’
3553 1254 3705 1320 ὅπως
3762 1256 3854 1312 οὖν

2212 1338 2585 1415 ἀφιστάμενοι.

2283 1428 2353 1483 Ζ’.
2394 1429 2455 1485 Ὀ
2515 1425 2571 1483 δὲ
2627 1424 2823 1504 ὄχλος,
2873 1435 3042 1487 ταῦτα
3098 1430 3323 1502 ἰδόντες,
3366 1432 3545 1508 ὥςπερ
3606 1435 3710 1490 ὑπὸ
3758 1440 3858 1509 μ.ιᾷ

2210 1515 2402 1579 πάντες
2451 1518 2644 1592 γνώμῃ
2696 1518 2785 1573 καὶ
2833 1518 3069 1594 γλώττῃ,
3105 1521 3180 1575 Σὺ
3228 1522 3274 1576 εἶ
3315 1523 3342 1576 6
3395 1523 3560 1595 μόνος
3592 1522 3858 1594 ἀληθινός

2211 1604 2338 1665 Θεὸς
2392 1606 2420 1659 ὁ
2465 1602 2554 1659 διὰ
2596 1611 2691 1661 τοῦ
2736 1612 2829 1662 σοῦ
2895 1612 3300 1682 κηρυττόμενος
3360 1607 3666 1687 Ἀϐερκίου,
3717 1613 3859 1687 μέγα

2211 1692 2544 1769 ἐφθέγξαντο.
2609 1698 2886 1770 Μαρτυρεῖ
2944 1703 3024 1770 τῷ
3110 1700 3395 1773 πράγματι
3444 1702 3535 1756 κκὶ
3593 1704 3627 1772 ἡ
3689 1703 3859 1777 ἀθρόα

2206 1786 2303 1836 τοῦ
2368 1782 2613 1852 πλήθους
2680 1784 2885 1839 ἐκείνου
2950 1782 3265 1859 μεταϐολὴ,
3327 1789 3469 1844 οὕτω
3518 1792 3635 1845 κατ’
3691 1790 3858 1864 ἄκρας

465 1884 577 1938 fuit
625 1884 791 1953 capta
837 1878 1132 1945 miraculo,
1166 1880 1231 1931 ut
1282 1874 1480 1929 nullus
1529 1871 1800 1936 defuerit,
1833 1870 1929 1941 qui
1984 1886 2097 1925 non

2211 1869 2449 1923 ἀλύντων
2506 1875 2584 1941 τῷ
2642 1872 2896 1945 θαύματι,
2922 1874 2997 1935 ὡς
3033 1872 3237 1946 μηδένα
3269 1876 3484 1932 τούτων
3518 1877 3859 1955 ἀπολειφθῆ-

466 1972 699 2027 haberet
724 1968 1116 2041 agnitionem:
1152 1965 1269 2019 imo
1318 1978 1521 2019 omnes
1573 1962 1642 2015 ad
1677 1960 1933 2015 divinum
1965 1960 2104 2029 bap-

466 2060 708 2114 tismum
755 2055 1133 2119 accurrerint,
1191 2070 1259 2108 ex
1311 2054 1531 2123 paratis
1572 2048 1815 2105 Abercio
1875 2047 2105 2103 insidiis

468 2151 577 2205 hoc
608 2146 944 2219 praeclarum
976 2142 1209 2197 interim
1246 2140 1790 2207 consecuti,nempe
1822 2154 1989 2193 suam
2022 2153 2107 2191 sa-

466 2240 673 2294 lutem.
710 2237 992 2292 Caeterum
1034 2232 1304 2288 dicebant
1335 2248 1465 2287 esse
1522 2230 1765 2301 aliquid,
1803 2229 1956 2300 quod
2009 2243 2106 2282 eos

469 2327 713 2382 maxime
761 2321 1146 2380 conturbabat
1180 2339 1193 2377 :
1228 2337 1287 2376 se
1346 2321 1503 2376 enim
1583 2320 1990 2389 pertimescere
2038 2333 2107 2372 ne

467 2423 703 2487 propter
715 2428 986 2482 magnum
1001 2412 1268 2476 dedecus,
1285 2408 1723 2479 quomultitudo
1737 2414 2103 2479 peccatorum

471 2504 728 2575 perfudit
781 2502 1057 2567 animam,
1117 2500 1195 2553 sic
1272 2502 1676 2565 permanerent
1741 2510 2104 2566 nequaquam

470 2598 584 2647 Deo
640 2590 880 2659 accepti.
939 2588 1293 2642 Accedentes
1351 2587 1545 2654 itaque
1602 2583 1914 2637 dicebant:
1958 2587 2103 2635 Doce

474 2696 596 2749 nos,
633 2678 805 2733 homo
838 2676 954 2741 Dei,
987 2673 1168 2737 ansit
1196 2689 1301 2727 nos
1331 2678 1485 2726 Deus
1517 2670 1803 2741 patienter
1833 2670 2103 2736 aspectu-

479 2783 599 2836 rus,
631 2783 702 2821 an
743 2764 913 2820 nobis
946 2762 1094 2818 mala
1129 2759 1460 2816 redditurus
1493 2761 1727 2829 propter
1751 2772 1819 2812 ea
1847 2758 2100 2826 peccata,

473 2872 597 2927 quae
620 2855 865 2911 fecimus
901 2852 961 2906 in
993 2848 1345 2923 ignorantia,
1377 2848 1530 2917 quod
1571 2846 1743 2901 etiam
1773 2845 2102 2913 horremus,

472 2949 710 3017 propter
739 2941 893 3013 quod
922 2940 1205 3006 dolemus,
1238 2937 1390 3008 quod
1424 2937 1698 2992 timemus
1738 2950 1803 2990 ac
1836 2933 2105 2988 formida-

472 3050 628 3088 mus.
681 3031 781 3087 llle
830 3033 1024 3085 autem
1074 3027 1313 3098 propius
1361 3026 1663 3092 accedens,
1695 3039 1871 3093 quam
1920 3022 2107 3092 potuit

474 3120 724 3178 maxima
753 3123 810 3174 et
839 3117 1163 3173 clarissima
1190 3130 1367 3171 voce:
1398 3112 1542 3180 Viri,
1574 3112 1787 3182 inquit,
1818 3110 1915 3180 qui
1947 3126 2104 3167 nunc

2215 1978 2300 2010 ναι
2332 1965 2431 2027 τῆς
2473 1958 2815 2032 ἐπιγνώσεως
2847 1980 2859 1993 ·
2899 1960 3044 2017 διλλᾶ
3084 1969 3166 2035 τῷ
3222 1966 3349 2037 θείῳ
3406 1967 3610 2029 πάντας
3663 1969 3859 2042 βαπτί-

2216 2068 2381 2118 σματι
2438 2046 2827 2124 προσδραμεῖν,
2870 2050 3038 2107 καλὸν
3085 2054 3356 2128 πάρεργον
3410 2063 3511 2124 τῆς
3569 2053 3856 2131 Ἀϐερκίου

2215 2132 2515 2206 ἐπιϐουλῆς
2584 2140 2684 2206 τὴν
2779 2140 2981 2195 ἑαυτῶν
3070 2145 3346 2217 σωτηρίαν
3429 2149 3853 2219 ποιησαμένους.

2218 2223 2372 2294 Πλήν
2405 2226 2536 2281 εἶναί
2564 2249 2614 2281 τι
2661 2229 2724 2282 τὸ
2767 2228 3001 2300 μάλιστα
3051 2227 3314 2306 θορυϐοῦν
3365 2232 3559 2296 αὐτοὺς
3614 2233 3803 2309 ἔλεγον
3837 2254 3851 2267 ⁸

2218 2312 2515 2370 δεδοικέναι
2552 2317 2652 2391 γὰρ
2684 2318 2772 2371 καὶ
2828 2319 3063 2393 τρέμειν,
3102 2324 3177 2392 μή
3220 2342 3353 2377 ποτε
3420 2321 3508 2377 διὰ
3551 2326 3654 2393 τήν
3710 2323 3857 2379 πολ-

2218 2403 2320 2471 λὴν
2353 2403 2637 2477 αἰσχύνην,
2674 2406 2733 2472 ἣν
2764 2409 2826 2459 τὸ
2864 2412 2970 2459 τῶν
3003 2407 3283 2481 ἁμαρτιῶν
3326 2409 3542 2479 πλῆθος
3598 2420 3697 2482 τῆς
3746 2416 3857 2487 ψυ.

2215 2497 2325 2566 χῆς
2366 2493 2539 2544 αὐτῶν
2611 2492 3009 2560 κατεσκέδασεν,
3061 2494 3419 2569 ἀπρόσδεκτοι
3488 2500 3634 2556 οὕτω
3707 2503 3858 2578 παρὰ

2213 2582 2327 2646 Θεῴ
2378 2575 2746 2648 διαμείνωσιν.
2783 2579 3004 2651 Ἀμέλει
3063 2584 3153 2636 καὶ
3212 2585 3542 2658 προσιόντες.
3602 2575 3858 2659 Δείδαξόν

2210 2666 2379 2735 ἡμᾶς,
2423 2662 2632 2739 ἔλεγον,
2667 2665 2789 2740 ἄνερ
2832 2672 2928 2721 τοῦ
2978 2674 3135 2740 Θεοῦ,
3176 2671 3220 2726 εἰ
3274 2672 3578 2745 ἀνεξίκακον
3634 2678 3770 2749 ἡμῖν
3827 2681 3858 2733 6

2212 2753 2338 2813 Θεὸς
2398 2749 2701 2827 ἐπιϐλέψει,
2725 2756 2758 2824 ἢ
2793 2754 3084 2818 ἀποδιδους
3115 2754 3261 2815 ἔσται
3311 2761 3389 2837 ἐφ’
3422 2764 3508 2825 οἷς
3574 2763 3651 2825 εἷς
3692 2764 3862 2822 αὐτὸν

2214 2841 2265 2896 ἐν
2313 2842 2496 2916 ἆγντίᾳ
2567 2842 3163 2919 πεπλημμελήκαμεν⁹
3223 2851 3253 2904 ’ὁ
3328 2850 3418 2905 καί
3497 2855 3859 2927 φριττόμενος

2216 2930 2347 3003 ὑπὲρ
2398 2931 2458 2985 οὗ
2504 2927 2817 3007 φοϐούμεθα
2871 2936 2960 2989 καὶ
3013 2933 3351 3011 δεδοίκαμεν.
3399 2942 3459 2998 Ὁ
3526 2939 3604 3011 δὲ,
3655 2943 3847 3017 προσέ-

2216 3020 2331 3106 χὼν
2377 3018 2588 3093 μεγάλῃ
2624 3021 2696 3082 ὡς
2728 3018 2947 3077 δυνατὸν
2979 3025 3067 3078 καὶ
3100 3023 3331 3102 λαμπρᾷ
3374 3033 3444 3101 τῇ
3503 3034 3658 3106 φωνῇ
3686 3051 3698 3064 '
3731 3037 3846 3087 "Av-

2215 3104 2334 3182 δρες
2374 3108 2426 3162 οἱ
2482 3113 2573 3163 νῦν
2620 3111 3018 3180 πιστεύσαντες,
3078 3108 3204 3185 ἔφη,
3265 3116 3317 3171 εἶ’
3372 3119 3453 3190 μὴ
3516 3104 3849 3192 ἡέπιμείνητα

475 3208 825 3276 credidistis,
858 3207 909 3263 si
959 3222 1073 3261 non
1123 3202 1498 3276 perseveretis
1550 3202 1608 3255 in
1669 3200 1959 3257 veteribus
2011 3214 2099 3255 ve-

2211 3202 2324 3259 τοῖς
2355 3197 2609 3259 παλαιοῖς
2668 3201 2819 3271 ὑμῶν
2869 3199 3053 3279 ἔργοις
3116 3204 3207 3259 καὶ
3254 3207 3376 3268 ταῖς
3425 3214 3711 3282 πατρικαῖς
3742 3229 3851 3263 πα-

468 3299 604 3355 stris
633 3296 927 3367 Operibus,
962 3298 1017 3349 et
1048 3292 1305 3365 paternis
1336 3290 1772 3356 traditionibus,
1807 3290 1904 3344 sed
1942 3305 2097 3344 rece-

466 3388 616 3443 datis
665 3386 737 3441 ab
789 3383 950 3440 omni
989 3382 1147 3452 vitio,
1184 3380 1421 3448 invidia,
1462 3382 1721 3449 inquam,
1772 3378 1924 3443 odio,
1985 3378 2098 3431 im-

468 3474 774 3541 munditia,
806 3477 863 3528 et
904 3473 1054 3539 aliis,
1088 3487 1208 3540 quae
1258 3469 1415 3540 prius
1446 3467 1681 3534 fecistis,
1722 3481 1857 3521 cum
1892 3467 2098 3521 essetis

464 3565 525 3619 in
557 3562 906 3634 ignorantia,
936 3560 1064 3630 ipse
1104 3559 1209 3614 erit
1258 3558 1425 3612 vobis
1470 3555 1777 3627 propitius,
1810 3555 1871 3609 in
1925 3570 2097 3625 quem

465 3668 619 3707 nunc
650 3651 876 3705 sincere
916 3647 1285 3703 credidistis:
1321 3647 1420 3716 qui
1478 3646 1654 3701 etiam
1718 3660 1817 3699 eos
1860 3660 2096 3711 vocans,

465 3740 565 3810 qui
606 3743 745 3794 sunt
792 3737 1083 3807 aggravati
1129 3735 1379 3804 peccatis
1415 3750 1427 3786 :
1462 3756 1490 3782 «
1525 3735 1746 3798 Venite,
1779 3733 1989 3802 inquit,
2026 3733 2096 3787 ad

462 3844 557 3885 me
603 3842 826 3892 omnes,
859 3824 959 3894 qui
997 3821 1295 3886 laboratis,
1328 3826 1385 3875 et
1433 3821 1654 3875 onerati
1685 3821 1843 3888 estis,
1878 3829 1931 3875 et
1992 3837 2097 3890 ego

463 3915 719 3971 reficiam
761 3929 859 3969 vos
892 3911 911 3944 ί
945 3933 973 3961 υ
1006 3910 1297 3964 Habemus
1346 3907 1611 3977 exempla
1643 3907 2097 3963 innumerabilia

464 4002 593 4071 ejus
623 3996 1024 4069 benignitatis.
1048 3994 1436 4062 Quamobrem
1465 3994 1523 4046 in
1556 3993 1751 4062 ipsum
1775 3991 2091 4059 credentes,

461 4106 564 4144 vos
596 4103 793 4143 omnes
824 4086 876 4141 ei
918 4089 1142 4141 vestras
1182 4082 1444 4138 dedicate
1475 4082 1720 4147 animas,
1754 4084 1809 4136 et
1848 4098 1949 4150 spe
1977 4097 2095 4137 non

466 4175 911 4234 frustrabimini.
943 4174 1050 4230 Sed
1100 4188 1325 4244 graves,
1358 4172 1648 4238 dicebant,
1682 4171 1883 4242 plagas
1930 4187 2096 4227 acce-

464 4269 682 4339 pimus,
715 4271 862 4321 totos
896 4263 1163 4334 nosipsos
1184 4267 1354 4318 antea
1383 4261 1659 4316 dedentes
1684 4260 1948 4316 obscenis
1974 4277 2095 4316 cor-

464 4354 622 4425 poris
650 4350 1063 4423 voluptatibus,
1097 4353 1151 4404 et
1184 4349 1438 4404 maxima
1485 4364 1553 4401 ex
1584 4353 1747 4418 parte
1777 4349 2094 4404 servientes

464 4441 722 4512 corporis
741 4439 1157 4507 voluptatibus,
1178 4442 1234 4491 et
1258 4437 1508 4491 maxima
1524 4452 1588 4490 ex
1608 4441 1765 4504 parte
1778 4438 2093 4493 servientes

464 4528 717 4599 corporis
749 4525 1070 4590 desideriis,
1103 4532 1157 4578 et
1186 4525 1377 4578 adhuc
1408 4524 1623 4579 malam
1654 4524 1933 4581 habemus
1962 4543 2090 4583 con-

2213 3283 2511 3358 ραδόσεσιν,
2572 3286 2717 3342 ἀλλᾶ
2774 3288 2951 3359 πάσης
3015 3291 3287 3362 ἀποστῆτε
3341 3296 3552 3365 κακίας,
3619 3297 3848 3371 φθόνους

2207 3375 2372 3449 φημὶ,
2424 3375 2513 3428 καὶ
2575 3376 2789 3448 μίσους,
2843 3376 3162 3453 ἐκαθαρσίας
3209 3382 3298 3437 καὶ
3362 3389 3467 3439 τῶν
3518 3383 3703 3440 ἄλλων
3750 3382 3850 3441 ὅσα

2206 3464 2468 3537 πρότερον
2527 3464 2577 3518 ἐν
2644 3465 2839 3540 ἀγνοίᾳ
2914 3463 3063 3524 ὄντες
3123 3470 3433 3544 ἐπράττετε,
3487 3472 3652 3535 ἵλεως
3720 3475 3849 3548 ὑμῖν

2209 3552 2370 3614 αὐτὸς
2421 3548 2590 3625 ἔσται,
2621 3554 2698 3617 εἷς
2747 3556 2804 3609 ’ὸν
2860 3557 3092 3629 γνησίως
3148 3565 3234 3615 νῦν
3295 3562 3682 3619 πεπιστεύκατε
3714 3583 3726 3597 ·
3785 3565 3847 3628 ὃς

2209 3641 2299 3695 καὶ
2330 3640 2815 3718 προσκαλούμενος
2870 3647 2997 3709 τοὺς
3055 3650 3344 3723 ἁμαρτίαις
3388 3647 3797 3726 βεϐαρημένους
3831 3672 3846 3685 ·

2210 3735 2369 3785 Δεῦτε
2415 3735 2629 3801 πάντες,
2662 3734 2847 3812 φησὶν,
2882 3736 2932 3788 oi
2979 3742 3279 3803 κοπιῶντες
3330 3741 3420 3795 καὶ
3477 3743 3850 3819 πεφορτισμέ-

2204 3841 2307 3887 νοι,
2356 3822 2508 3895 καγὼ
2557 3821 2841 3876 ἐναπαύσω
2892 3824 3052 3895 ὑμᾶς.
3088 3828 3331 3901 Ἔχομεν
3395 3829 3559 3904 μυρία
3586 3833 3685 3899 τῆς
3740 3831 3847 3885 αὐ-

2205 3911 2300 3962 τοῦ
2382 3911 2759 3981 χρηστότητος
2837 3911 3224 3987 ὑποδείγματα,
3287 3919 3482 3991 Διόπερ
3548 3918 3623 3980 εἰς
3680 3919 3845 3974 αὐτὸν

2202 3997 2594 4064 πιστεύσαντες,
2628 3998 2775 4070 αὐτῷ
2832 4001 2921 4054 καὶ
2980 4003 3073 4064 τὰς
3107 4004 3287 4078 ψυχὰς
3318 4006 3571 4061 ἁνάθεσθε
3627 4006 3844 4078 πάντες,

2201 4085 2291 4138 καὶ
2348 4089 2456 4139 τῶν
2514 4084 2753 4141 ἐλπίδων
2807 4088 2912 4164 οὐχ
2970 4092 3332 4165 ἁμαρτήσετε.
3365 4092 3545 4150 Ἀλλᾶ
3600 4095 3844 4169 πληγὰς,

2204 4174 2379 4243 εἶπον,
2419 4169 2690 4248 ἐλάϐομεν
2723 4176 2993 4251 χαλεπὰς,
3040 4178 3205 4243 ὅλους
3267 4183 3487 4245 ἑαυτοὺς
3525 4184 3660 4259 πρὸς
3713 4185 3840 4240 ἀτό-

2202 4283 2339 4323 πους
2384 4260 2484 4317 τοῦ
2544 4263 2667 4337 βίου
2708 4263 2906 4335 ἡδονάς
2943 4270 3113 4323 πάντα
3159 4271 3249 4324 τὸν
3292 4269 3591 4345 ἔμπροσθεν
3644 4276 3841 4348 χρόνον

2201 4352 2430 4418 ἀνέντες,
2486 4353 2575 4407 καὶ
2641 4352 2826 4410 πολλᾶ
2874 4362 2994 4419 ταῖς
3063 4362 3158 4413 τοῦ
3215 4361 3473 4432 σώματος
3532 4362 3843 4435 ἐπιθυμίαις

2202 4437 2601 4508 δουλεύσαντες,
2656 4443 2744 4498 καὶ
2800 4446 2901 4513 τήν
2966 4448 3207 4521 πονηρὰν
3264 4445 3341 4503 ἔτι
3410 4453 3691 4520 συνήθειαν
3744 4473 3843 4507 τυ-

2205 4533 2465 4619 ρανοῦσαν
2524 4528 2577 4584 ἐν
2636 4532 2845 4593 ἑαυτοῖς
2904 4529 3147 4609 ἔχοντες.
3200 4535 3377 4593 Ἀλλὰ
3427 4536 3677 4613 δράμετε,
3735 4564 3845 4619 φη-

465 4593 855 4681 suetudinem,
889 4612 1253 4684 tyrannidem
1286 4611 1344 4665 in
1378 4612 1544 4666 nobis
1575 4619 1957 4669 exercentem.
1992 4615 2092 4671 Ille

2211 4593 2212 4600 ι
2935 4593 2972 4609 In
3115 4593 3126 4600 '
3461 4593 3469 4613 I
3532 4593 3542 4613 Ι
3581 4593 3592 4595 ἡ
3614 4593 3622 4594 7
3640 4593 3649 4594 ί
3664 4593 3677 4609 ⁷
3784 4593 3809 4613 1

2211 4617 2309 4688 τὶν,
2342 4620 2416 4681 ὡς
2446 4620 2616 4694 τάχος
2657 4620 2743 4675 ἐπὶ
2787 4624 2879 4677 τὸν
2925 4623 3125 4696 ἰατρὸν,
3157 4625 3246 4680 καὶ
3303 4630 3572 4701 νηστείαν,
3624 4593 3839 4699 πόνόυς,

464 4715 657 4762 autem
692 4720 706 4759 :
741 4701 1061 4766 Accurrite,
1092 4699 1304 4770 inquit,
1330 4700 1766 4771 quamprimum
1798 4704 1869 4758 ad
1904 4705 2091 4760 medi-

465 4811 620 4863 cum,
651 4796 708 4848 et
744 4790 1058 4861 jejunium,
1090 4786 1335 4854 labores,
1368 4802 1586 4857 preces,
1622 4787 1928 4861 lacrymas,
1965 4809 2090 4863 pec-

464 4886 723 4939 catorum
777 4877 1225 4945 confessionem,
1275 4881 1331 4931 et
1380 4875 1605 4932 illarum
1652 4877 1934 4949 ipsarum,
1966 4897 2093 4950 quae

462 4988 563 5027 vos
592 4977 819 5038 vexant,
851 4966 1294 5039 cogitationum,
1323 4971 1379 5021 et
1407 4966 1477 5021 ad
1511 4967 1725 5022 malum
1762 4968 2091 5027 faciendum

461 5058 807 5130 impellunt:
841 5057 991 5127 quod
1050 5054 1222 5111 etiam
1268 5071 1367 5123 per
1413 5054 1677 5110 divinum
1728 5055 1872 5112 Osee
1919 5058 2092 5131 longo

463 5152 597 5204 ante
626 5152 887 5216 tempore
918 5145 1067 5201 Deus
1100 5149 1298 5215 utpote
1338 5160 1451 5198 non
1500 5143 1571 5199 ab
1603 5143 1685 5200 eis
1728 5146 1958 5213 factum,
1990 5164 2095 5205 ex—

462 5237 697 5308 probrat
742 5234 960 5290 Judaeis
991 5250 1004 5287 :
1040 5236 1172 5300 Cur,
1204 5234 1401 5288 dicens
1434 5232 1681 5289 siluistis
1710 5234 2093 5307 impietatem,

462 5329 520 5379 et
566 5325 695 5395 ejus
742 5324 999 5378 fructum
1050 5321 1714 5379 vindemiastis’?Haac
1779 5325 2096 5385 utilissima

461 5409 884 5467 medicamenta
932 5410 1047 5481 ipsi
1096 5409 1260 5465 vobis
1319 5410 1641 5480 imponite:
1670 5416 1725 5466 et
1768 5429 1870 5468 nec
1900 5414 2095 5471 vulne-

459 5514 587 5554 rum
621 5497 855 5568 quidem
888 5498 1050 5553 vobis
1079 5499 1401 5555 remanebit
1428 5501 1757 5571 vestigium.

528 5585 676 5640 VIII.
727 5588 871 5640 Cum
914 5601 1012 5641 eos
1052 5585 1133 5641 sic
1174 5586 1406 5644 divinus
1457 5587 1850 5660 alloqueretur
1905 5594 2095 5650 Aber—

528 5715 545 5747 ¹
571 5712 772 5769 Matth.
803 5732 863 5788 ιι,
893 5717 983 5773 28.
1016 5715 1036 5749 ²
1067 5712 1209 5769 Osee
1237 5732 1294 5785 x,
1328 5714 1413 5771 13.

2201 4710 2537 4783 προσευχὰς,
2579 4707 2803 4784 δάκρυα,
2851 4711 2915 4766 τὸ
2985 4716 3086 4782 τήν
3142 4715 3413 4790 ἁμαρτίαν
3482 4715 3840 4795 ἐξαγορεύειν,

2199 4796 2288 4851 καὶ
2347 4797 2542 4859 αὐτοὺς
2603 4797 2837 4862 ἐκείνους
2894 4801 3021 4863 τοὺς
3082 4801 3451 4878 ἐνοχλοῦντας
3512 4807 3641 4880 ὑμῖν
3693 4807 3842 4883 λνγι-

2202 4883 2371 4958 σμοὺς
2418 4886 2508 4940 καὶ
2574 4888 2709 4962 πρὸς
2765 4890 2866 4958 τήν
2923 4894 3019 4944 τοῦ
3118 4897 3287 4947 κακοῦ
3344 4895 3533 4969 πρᾶξιν
3572 4895 3847 4959 ὠθοῦντας

2200 4974 2229 5027 ’ὀ
2258 4974 2347 5028 καὶ
2398 4972 2485 5028 διὰ
2518 4977 2677 5045 Ὠσηὲ
2712 4982 2808 5031 τοῦ
2858 4978 3007 5033 θείου
3065 4979 3301 5044 πολλοῖς
3351 4985 3613 5059 πρότερον
3656 4987 3684 5041 6
3715 4988 3847 5049 Θεὸς

2202 5062 2423 5139 χρόνοις
2452 5061 2698 5134 ὀνειδίζει
2726 5064 2852 5127 τοὺς
2886 5065 3205 5139 Ἰουδαίους,
3228 5073 3345 5128 Ἰνα
3372 5093 3447 5141 τι,
3488 5072 3681 5147 λέγων,
3704 5095 3844 5147 παρ-

2202 5153 2541 5221 εσιωπήσατε
2591 5149 2865 5224 ἀσέϐειαν,
2915 5158 3001 5211 καὶ
3052 5160 3143 5213 τὸν
3199 5161 3403 5235 καρπὸν
3457 5162 3624 5232 αὐτῆς
3679 5161 3843 5237 ἐτρυ-

2201 5241 2452 5309 γήσατες
2511 5246 2688 5297 Ταῦτα
2746 5241 2811 5313 δὴ
2871 5248 2938 5300 τὰ
2993 5246 3373 5319 ἀνοσιμώτατα
3431 5253 3691 5329 φάρμακα
3740 5254 3843 5308 αὐ-

2200 5330 2285 5383 τοὶ
2350 5329 2563 5392 ἑαυτοῖς
2615 5328 2840 5402 ἐπίθετε,
2872 5333 2961 5388 καὶ
3011 5333 3135 5390 οὐδὲ
3167 5335 3328 5415 ἴχνος
3357 5328 3485 5411 ὑμῖν
3524 5345 3632 5395 τῶν
3678 5362 3845 5415 τραυ-

2207 5418 2392 5491 μάτων
2422 5418 2897 5499 ὑπολειφθήσεται.

2272 5600 2352 5655 Η’.
2403 5598 2561 5657 Οὕτω
2618 5605 2712 5657 τοῦ
2764 5600 2907 5667 θείου
2959 5604 3094 5680 πρὸς
3158 5606 3351 5672 αὐτοὺς
3408 5603 3700 5685 Ἀϐερκίου
3758 5610 3845 5668 δι-
