4128 6274
243 355 396 416 1221

1606 340 1785 402 Vl'l‘A
1831 335 1893 398 S.
1942 335 2281 398 ABERCII.

3486 342 3516 401 1
3527 342 3640 400 222

237 516 492 586 ἐξιόντος,
562 514 598 582 ἡ
658 509 820 580 ἐνάτη
887 513 987 578 τῆς
1043 503 1254 580 ἡμέρας
1306 502 1424 579 ὣρα
1469 501 1603 576 πρὸς
1651 499 1714 555 τὸ
1735 496 1892 586 τέλος

2019 496 2152 565 aius,
2177 513 2331 553 nona
2369 497 2512 554 hora
2540 497 2652 553 diei
2699 497 2859 555 ﬁnita
2904 499 2956 554 ei
2995 515 3228 572 quoque
3261 502 3430 558 aﬁ‘ert
3461 502 3636 558 finem

238 585 350 675 ἤδη
409 599 700 678 γενομένη,
747 597 906 659 τέλος
963 595 1110 667 αὐτῷ
1166 592 1256 648 καὶ
1313 596 1392 664 τῷ
1438 594 1547 646 τῶν
1581 588 1756 664 λόγων
1800 585 1894 640 ἐπ-

241 693 384 768 άγει,
415 691 505 747 καὶ
545 687 787 744 διέλυσεν
835 685 886 740 ἐν
919 685 1135 745 τούτοις
1179 684 1279 752 τὴν
1318 678 1570 754 ὁμιλίαν,
1616 684 1717 747 τῆς
1770 697 1897 731 συν-

247 763 413 852 ήὸους
461 779 622 836 αὐτὸν
670 780 991 852 προσευχῆς
1034 771 1324 842 έλκούσης,
1357 770 1432 831 είς
1462 766 1685 841 ὁμιλίαν
1718 763 1897 834 ἄλλην

245 875 342 926 τοῦ
396 871 758 941 ποθουμένου.
818 865 880 922 Ὀ
923 864 1016 938 μέν
1068 859 1160 918 οὖν
1210 859 1402 928 ἀνέστη
1452 857 1541 913 καὶ
1597 855 1692 917 τὰς
1732 853 1893 941 *ἱερὰς

247 959 451 1022 ἐκείνας
509 962 702 1036 χεῖρας
753 958 870 1016 τοῖς
933 957 1115 1012 κακῶς
1174 945 1392 1024 ἔχουσιν
1448 941 1672 1011 ἕπιθεῖς,
1713 939 1896 998 ἔσϐεσέ

247 1071 304 1106 τε
353 1049 537 1112 αὐτοῖς
565 1047 659 1108 τὰς
710 1041 902 1104 ὁδ·5νας
935 1043 1026 1096 καὶ
1068 1041 1203 1115 πρὸς
1253 1037 1461 1094 τελείαν
1508 1033 1706 1108 ὑγίειαν
1736 1031 1897 1087 ἐπαν-

249 1140 467 1214 ήγαγεν.
537 1136 670 1194 Εἶτα
724 1138 886 1188 πᾶσιν
943 1129 1304 1204 ἐπευξάμενός
1368 1149 1427 1182 τε
1494 1126 1584 1179 καὶ
1660 1121 1892 1198 εὐλογή-

249 1249 366 1295 σας,
410 1225 556 1282 ἀλλά
607 1226 714 1297 μήν
769 1223 859 1277 καὶ
897 1225 994 1276 τοῦ
1047 1219 1098 1275 ἐν
1147 1218 1334 1293 Κυρίῳ
1381 1214 1695 1294 φιλήματος
1738 1231 1896 1285 μετα-

247 1315 395 1385 δοὺς,
425 1315 515 1370 καὶ
568 1314 683 1369 οἷόν
729 1332 860 1368 τιπα
914 1305 1184 1388 σφραγὶδα
1233 1310 1396 1362 τοῦτο
1440 1303 1624 1364 αὐτοῖς
1665 1301 1891 1368 ἐπιθεὶς,

247 1405 384 1461 ὥστε
439 1401 624 1466 καλῶς
702 1402 1056 1481 φυλαχθῆναι
1115 1396 1263 1473 παρᾶ
1325 1394 1541 1455 τούτοις
1597 1392 1665 1481 sit
1749 1390 1896 1463 είρη-

251 1497 401 1568 μένα,
434 1490 618 1549 οἷ’καδὶ
648 1477 740 1547 σὺν
771 1495 889 1552 τοῖς
938 1485 1195 1563 ἀδελφοῖς
1245 1485 1447 1559 ἐχώρει
1479 1501 1493 1515 ·
1525 1481 1589 1536 τὸ
1647 1477 1703 1535 δὲ
1745 1477 1892 1542 πλῆ-

249 1595 341 1648 θος
420 1580 849 1652 ἐπηκολούθουν,
905 1578 996 1632 καὶ
1091 1576 1447 1651 βαπτισθῆναι
1531 1570 1618 1625 ὑπ’
1688 1567 1891 1624 ἐκείνου

248 1669 482 1728 ἐδέοντο.
525 1671 586 1727 Ὁ
631 1667 688 1724 δέ
734 1664 1061 1741 ἀποδέχεται
1109 1665 1202 1737 μὲν
1253 1663 1314 1717 τὸ
1362 1659 1663 1736 πρόθυμον,
1710 1656 1890 1729 ὥσπερ

251 1760 414 1827 εἰκὸς,
447 1758 646 1831 πολλῷ
668 1756 897 1812 πλείονα
942 1755 1031 1810 καὶ
1085 1752 1245 1816 αὐτὸς
1300 1747 1447 1829 ἔχων
1487 1747 1538 1803 ἒν
1581 1746 1764 1816 τούτῳ
1791 1745 1892 1811 τήν

2009 586 2288 642 dicendi:
2331 591 2389 640 et
2444 586 2504 641 in
2566 586 2659 642 his
2715 586 2882 642 solvit
2937 604 3285 656 sermonem,
3347 591 3642 647 consuetis

2005 675 2271 746 precibus
2298 691 2431 731 eum
2465 675 2834 732 trahentibus
2865 677 2935 732 ad
2967 676 3135 732 alium
3159 678 3498 748 jsermonem
3534 681 3636 737 ha-

2004 764 2259 820 bendum
2306 780 2434 820 cum
2469 780 2557 832 eo,
2587 780 2752 836 quem
2784 765 3166 823 desiderabat.
3210 767 3308 822 Ille
3339 784 3473 838 ergo
3505 786 3638 825 sur-

2005 853 2186 918 rexit;
2217 857 2432 908 etcum
2481 868 2682 908 sacras
2736 868 2945 908 manus
2985 854 3363 926 imposuisset
3408 857 3502 924 iis,
3539 860 3636 930 qui

2006 940 2153 997 male
2183 957 2245 996 se
2292 941 2602 1008 habebant,
2635 947 2687 997 et
2736 957 2936 998 eorum
2986 943 3255 998 exstinxit
3301 945 3547 1016 dolores,
3579 954 3636 1003 et

2004 1031 2076 1086 ad
2108 1029 2419 1102 perfectam
2452 1031 2678 1085 reduxit
2709 1031 3040 1086 sanitatem.
3079 1032 3290 1088 Deinde
3322 1050 3451 1090 cum
3487 1035 3633 1092 bene

2002 1125 2270 1193 precatus
2325 1125 2478 1176 esset
2529 1121 2824 1186 omnibus,
2902 1126 2960 1176 et
3026 1122 3436 1195 benedixisset,
3493 1126 3632 1196 quin

2002 1210 2176 1264 etiam
2235 1208 2434 1264 osculo
2490 1209 2548 1262 in
2603 1210 2846 1264 Domino
2904 1210 3299 1282 impertiisset,
3361 1217 3418 1268 et
3458 1215 3634 1270 veluti

2003 1297 2293 1369 quoddam
2317 1296 2681 1366 signaculum
2705 1297 2788 1352 eis
2811 1297 3207 1366 imposuisset,
3243 1305 3307 1355 ut
3336 1318 3462 1371 qua:
3485 1302 3638 1359 dicta

2001 1390 2158 1452 sunt,
2192 1390 2345 1441 recte
2374 1386 2445 1440 ab
2477 1386 2561 1440 eis
2591 1387 3039 1457 custodirentur,
3069 1387 3311 1444 domum
3353 1389 3473 1445 ibat
3501 1407 3634 1447 cum

2003 1475 2330 1530 fratribus:
2371 1473 2683 1529 multitudo
2732 1479 2924 1529 autem
2983 1491 3111 1531 eum
3164 1478 3529 1547 sequebatur,
3576 1484 3634 1536 et

2001 1565 2256 1636 rogabat,
2291 1568 2354 1618 ut
2400 1565 2472 1618 ab
2512 1563 2610 1618 illo
2644 1563 3055 1635 baptizaretur.
3090 1565 3189 1621 llle
3234 1571 3431 1622 autem
3472 1568 3632 1622 acci-

2001 1653 2085 1725 pit
2113 1653 2374 1725 quidem,
2415 1656 2478 1708 ut
2521 1669 2625 1725 par
2653 1657 2794 1720 erat,
2829 1658 3161 1725 promptum
3212 1671 3410 1710 eorum
3452 1656 3628 1712 animi

2000 1743 2280 1810 studium,
2313 1741 2438 1813 ipse
2487 1757 2715 1814 quoque
2761 1741 2822 1796 in
2866 1757 2932 1798 eo
2965 1742 3186 1798 habens
3235 1743 3405 1814 longe
3454 1747 3633 1815 majo-

251 1849 579 1926 προθυμίαν⁹
622 1829 750 1901 ἐπεὶ
810 1842 866 1900 δέ
926 1845 1002 1916 μὴ
1065 1841 1154 1896 καὶ
1199 1842 1267 1896 τὰ
1319 1846 1418 1909 τῆς
1477 1837 1621 1912 ὥρας
1666 1829 1890 1930 «ζυμϐαί-

2019 1848 2146 1897 rem,
2174 1846 2346 1902 quam
2374 1831 2410 1886 ii
2435 1830 2745 1899 habebant,
2760 1830 2940 1884 animi
2964 1829 3351 1888 alacritatem:
3376 1834 3477 1888 sed
3500 1850 3642 1905 quo-

252 1919 552 2005 νονταήῆν,
611 1934 688 1997 είς
743 1933 841 2001 τὴν
893 1929 1077 2004 αὔριον
1142 1929 1204 1984 τὸ
1255 1928 1534 2003 βάπτισμα
1582 1919 1895 1978 ἀνεϐάλετο.

252 2026 319 2083 Οἱ
363 2026 456 2099 μὲν
489 2024 578 2078 οὗν
633 2019 839 2078 πολλοὶ
895 2018 1101 2074 τούτων
1150 2021 1230 2088 τῷ
1267 2013 1451 2089 θερμῷ
1481 2010 1640 2087 ἔρωτι
1670 2015 1768 2066 τοῦ
1802 2011 1899 2086 βα-

251 2114 573 2184 πτίσματος,
609 2109 733 2166 οὒδὲ
761 2112 859 2179 τήν
902 2105 1086 2163 οἶκαδε
1111 2106 1456 2182 ὑποστροφὴν
1491 2099 1899 2174 ὕπομείναντες,

261 2203 426 2260 αὐτοῦ
455 2223 561 2257 που
620 2201 766 2274 παρὰ
817 2199 879 2254 τὸ
929 2196 1203 2270 δωμάτιον
1248 2193 1641 2266 ἐκοιμήθησαν.
1675 2187 1900 2257 Ἐπειδὴ

253 2291 314 2347 δὲ
354 2291 421 2362 ἦν
457 2293 521 2346 ἐκ
580 2290 757 2363 μέσων
795 2289 1031 2354 νυκτῶν,
1064 2286 1091 2340 ὁ
1129 2287 1390 2339 τοσοῦτον
1451 2279 1505 2335 ἐν
1544 2280 1733 2354 χάριτι
1761 2276 1903 2349 λάμ-

255 2385 358 2456 ψας
408 2374 709 2451 ’Δϐέρκιος,
766 2374 1196 2450 προσευξάμενος
1270 2375 1350 2443 τῷ
1416 2373 1530 2441 Θεῷ
1599 2365 1757 2437 ἔξεισι
1803 2373 1904 2434 τῆς

255 2455 453 2537 οἰκίας,
506 2468 597 2522 καὶ
650 2467 742 2522 τὸν
799 2463 976 2542 ὅχλον
1031 2459 1396 2536 περιεπῶτάς
1450 2478 1509 2513 τε
1559 2456 1648 2512 καὶ
1709 2455 1911 2528 ὑπομέ-

265 2578 452 2619 νοντας
505 2557 850 2629 θεασάμενος,
906 2553 972 2607 τὰ
1039 2553 1261 2624 δμματα
1317 2549 1394 2610 είς
1450 2545 1708 2621 οὐρανοὺς
1780 2542 1907 2596 ἀνα-

261 2646 434 2723 σχὼν,
486 2645 816 2720 Εὖχαριοτῶ
862 2662 971 2710 σοι,
1024 2641 1264 2695 Δέσποτα
1313 2637 1400 2692 καὶ
1455 2635 1572 2703 Θεὲ,
1621 2634 1792 2700 εἶπεν,
1825 2630 1908 2686 δτι

263 2758 331 2809 με
359 2737 450 2791 τὸν
511 2733 752 2806 ποιμένα
797 2736 903 2786 τῶν
953 2734 1058 2785 σῶν
1106 2728 1343 2801 λογικῶν
1394 2721 1682 2800 προϐάτων
1735 2720 1910 2791 ἠλέη-

262 2849 380 2896 σας,
427 2826 516 2882 καὶ
572 2825 662 2880 τὸν
708 2824 1085 2898 ἀγρυπνοῦντα
1141 2820 1256 2874 καθ’
1305 2819 1464 2888 ἡμῶν
1509 2814 1691 2881 λύκον,
1737 2830 1912 2884 κεχη-

257 2918 387 2972 νότα
439 2917 612 2988 μάτην
684 2897 985 2979 ἀπέδειξας,
1035 2907 1126 2962 καὶ
1179 2906 1277 2974 τὴν
1336 2902 1748 2958 διασπασθεῖσαν
1809 2897 1915 2952 ἀπὸ

258 3013 360 3076 τῆς
424 2986 686 3074 ἀληθείας
744 3003 842 3056 τοῦ
889 2996 1156 3070 ποιμνίου
1208 2998 1400 3067 μοῖραν
1447 2988 1774 3057 ἀνεκαλέσω,
1825 2986 1914 3040 καὶ

126 3121 128 3123 ’
199 3101 366 3164 ίτῆς
416 3091 505 3148 διὰ
550 3095 647 3147 τοῦ
705 3087 1074 3164 βαπτίσματος
1132 3083 1406 3144 υἱοθεσίας
1463 3077 1573 3149 ἤδη
1631 3077 1915 3164 κατηξίου.

257 3163 436 3239 Ταῦτα
488 3185 570 3254 τῷ
623 3163 732 3235 τῶν
797 3177 945 3233 ὅλων
1002 3179 1119 3248 Θεῷ
1185 3169 1517 3245 διαλεχθεὶς,
1593 3163 1914 3228 ἀκολουθεῖν

265 3271 414 3342 αὐτῷ
455 3269 594 3345 πρὸς
648 3268 748 3336 τὴν
809 3261 1104 3335 ἐκκλησίαν
1159 3261 1223 3317 τὸ
1273 3257 1488 3329 πλῆθος
1527 3254 1911 3345 προτρέπεται.

270 3339 579 3426 Ἐπειδὴ-δὲ
605 3353 860 3433 ἀφίκοντο
907 3347 1040 3422 ἤδη,
1080 3349 1175 3409 τάς
1217 3348 1484 3433 συνήθεις⁸
1517 3343 1700 3402 αὐτοῖς
1749 3339 1916 3414 εὐχὰς

273 3447 528 3515 ἐπειπὼν,
586 3444 791 3499 τελειοῖ
843 3445 924 3513 τῷ
1002 3436 1334 3511 βαπτίσματι
1398 3430 1596 3508 ἄνδρας
1657 3448 1916 3484 πεντακοο

274 3536 424 3598 σίους
482 3536 574 3591 τὸν
624 3531 875 3606 ἀριθμὸν,
906 3525 1112 3583 πολλοὶ
1167 3522 1257 3579 οὗν
1316 3522 1459 3597 παρά
1513 3520 1604 3575 τὸν
1650 3515 1818 3591 ἄνδρα
1855 3515 1918 3569 τὸ

274 3626 366 3681 ἀπ’
423 3623 628 3679 ἐκείνου
686 3617 988 3695 συνέρρεον,
1031 3613 1093 3669 οὗ
1130 3619 1230 3681 τῆς
1280 3609 1527 3686 μεγάλης
1579 3607 1737 3695 μόνον
1781 3610 1922 3695 Φρυ-

274 3717 396 3792 γίας
445 3710 667 3778 καὶτῆς
724 3692 1043 3782 περιχώρου
1099 3703 1301 3770 πάσης,
1331 3698 1477 3754 ἄλλα
1520 3695 1610 3750 καὶ
1661 3694 1777 3748 ὅσοι
1819 3692 1919 3792 την

276 3779 461 3861 ³Ἀσίαν
517 3800 717 3873 ᾤκουν,
758 3779 962 3852 δσοίιίτε
1015 3796 1086 3866 τῇ
1117 3787 1314 3859 Λυδίᾳ,
1343 3787 1432 3842 καὶ
1463 3784 1582 3840 ὅσοι
1755 3779 1924 3873 Καρίᾳ

273 3897 394 3957 ταῖς
441 3869 724 3964 ἐπαρχίαις
783 3883 1113 3955 ἐπεδήμουν.
1163 3878 1263 3934 Καὶ
1324 3878 1426 3954 γὰρ
1470 3873 1558 3930 διὰ
1595 3872 1779 3964 πάσης.
1829 3869 1925 3964 πό-

277 3981 418 4043 λεως
467 3958 794 4055 περὶ-ἀὐτοῦ
835 3972 998 4049 λόγος
1038 3969 1258 4046 ἐχώρει,
1292 3966 1353 4022 οὐ
1407 3964 1557 4026 κενὸς
1591 3960 1663 4018 ὢν
1696 3960 1785 4016 καὶ
1822 3958 1924 4031 μά-

275 4091 428 4133 ταιος
458 4069 547 4124 καὶ
583 4064 672 4122 διὰ
699 4068 861 4119 τοῦτο
899 4060 988 4116 καὶ
1020 4056 1309 4128 σϐεσθῆναι
1349 4057 1412 4112 τὸ
1465 4056 1635 4128 τάχος
1693 4049 1925 4122 δυνάμε-

274 4180 384 4226 νος,
425 4155 571 4213 ἀλλὰ
617 4152 835 4221 πολλὴν
894 4149 1037 4226 ἔχων
1094 4151 1194 4216 τήν
1246 4145 1436 4220 ῥώμην
1474 4142 1579 4196 ἂπὸ
1635 4146 1732 4206 τῆς
1791 4136 1928 4226 ἀλη-

257 4251 442 4312 θείας.
498 4244 794 4320 Συνάῥρεον
849 4240 1032 4296 τοίνυν
1083 4238 1206 4310 παρ’
1265 4233 1447 4299 αὐτὸν,
1516 4230 1569 4283 οἱ
1629 4229 1722 4299 μὲν
1789 4225 1929 4278 ὥστε

290 4339 355 4392 τὰ
402 4313 651 4409 σωτήρια
675 4313 1040 4404 διδαχθῆναι,
1073 4326 1124 4380 οἱ
1175 4322 1232 4378 δέ
1278 4322 1369 4376 καὶ
1414 4323 1520 4373 τῶν
1563 4313 1929 4409 ἐνοχλούντων

284 4399 671 4498 ἀπαλλαγῄῆναι
739 4399 898 4480 ὅσους
957 4410 1172 4484 δηλαδή
1228 4410 1388 4498 νόσος
1439 4405 1626 4498 ἐπιε-ζέ
1670 4399 1930 4498 τις,ἤτι

280 4515 370 4571 καὶ
428 4491 569 4568 ἄλλο
625 4513 848 4582 κατεῖχε
894 4503 1060 4560 κακόν
1108 4501 1206 4558 Ἦν
1271 4497 1374 4573 γὶρ
1436 4491 1642 4565 διδάξαι
1698 4493 1792 4547 τὸν
1830 4496 1929 4582 τῆς

2006 1923 2159 1979 niam
2194 1937 2308 1976 non
2329 1925 2452 1976 erat
2479 1925 2711 1991 tempus
2743 1921 3106 1989 conveniens,
3141 1923 3492 1993 baptismum
3526 1923 3637 1979 dif-

2005 2012 2116 2067 fert
2144 2010 2205 2067 in
2235 2010 2384 2066 diem
2444 2017 2803 2083 sequentem.
2865 2013 3043 2080 Atque
3083 2010 3249 2066 multi
3304 2012 3537 2082 quidem
3570 2028 3639 2068 ex

2005 2099 2078 2154 iis
2107 2102 2341 2170 propter
2389 2113 2666 2169 magnum
2697 2097 2972 2168 baptismi
3005 2097 3380 2166 desiderium,
3404 2115 3533 2154 cum
3565 2116 3638 2156 ne

2008 2186 2251 2240 domum
2302 2185 2541 2256 quidem
2592 2185 2777 2240 redire
2822 2186 3259 2256 sustinuissent,
3291 2187 3658 2243 dormierunt

2016 2272 2137 2328 illic
2182 2289 2361 2344 prope
2405 2273 2840 2329 domunculam.
2889 2277 3032 2329 Cum
3079 2279 3271 2330 autem
3327 2280 3482 2330 esset
3525 2291 3652 2331 me-

2018 2361 2181 2416 dium
2244 2359 2453 2428 noctis,
2492 2361 2676 2432 gratia
2733 2361 3110 2433 resplendens
3158 2362 3455 2431 Abercius,
3515 2380 3651 2418 cum

2021 2452 2202 2506 Deum
2234 2453 2504 2521 precatus
2536 2450 2758 2518 fuisset,
2790 2467 2821 2505 e
2861 2450 3030 2506 domo
3059 2451 3349 2522 egreditur
3383 2468 3397 2507 :
3432 2457 3488 2507 et
3517 2469 3651 2508 cum

2021 2539 2558 2594 circumsistentem
2589 2537 2832 2593 vidisset
2870 2539 3125 2605 turbam,
3159 2543 3215 2595 et
3244 2540 3658 2611 sustinentem,

2019 2627 2266 2682 sublatis
2299 2627 2356 2681 in
2389 2624 2566 2682 ecelos
2588 2625 2810 2682 oculis:
2845 2632 2960 2697 Ago
3002 2626 3108 2682 tibi
3147 2627 3382 2698 gratias,
3413 2629 3658 2685 Domine

2017 2716 2192 2783 Deus,
2227 2714 2438 2786 inquit,
2496 2713 2650 2785 quod
2701 2713 2983 2770 misertus
3040 2714 3122 2770 sis
3171 2716 3307 2784 mei,
3366 2717 3468 2787 qui
3518 2733 3653 2772 sum

2020 2808 2220 2876 pastor
2247 2811 2480 2857 tuarum
2511 2801 2702 2857 ovium
2734 2801 2980 2858 rationis
3018 2808 3354 2874 compotem
3389 2820 3403 2858 :
3445 2809 3524 2874 et,
3556 2805 3654 2876 qui

2021 2892 2080 2946 in
2115 2907 2219 2946 nos
2250 2888 2542 2960 vigilabat,
2573 2888 2778 2959 lupum
2816 2890 3032 2945 frustra
3077 2890 3336 2947 hiantem
3386 2894 3656 2948 reddide-

2022 2978 2121 3045 ris,
2150 2982 2207 3033 et
2235 2993 2269 3032 a
2295 2975 2535 3032 veritate
2565 2976 2856 3032 divulsam
2889 2976 3039 3035 hanc
3071 2980 3266 3051 gregis
3315 2984 3529 3050 partem
3563 2997 3658 3038 re-

2020 3067 2268 3132 vocaris,
2325 3069 2382 3120 et
2411 3065 2536 3135 jam
2568 3064 2820 3121 filiorum
2879 3067 3189 3139 adeptione
3246 3067 3499 3140 digneris
3560 3086 3661 3140 per

1976 3213 1993 3234 η
2028 3154 2400 3224 baptismum.
2452 3154 2580 3208 Haec
2610 3170 2744 3209 cum
2786 3155 3024 3211 dixisset
3073 3155 3186 3212 Deo
3231 3157 3657 3227 universorum,

2020 3245 2189 3317 jubet
2218 3241 2657 3298 multitudinem
2681 3259 2812 3299 eum
2852 3243 3018 3315 sequi
3056 3247 3125 3300 ad
3163 3245 3490 3302 ecclesiam.
3523 3251 3664 3304 Cum

2024 3339 2216 3390 autem
2248 3333 2373 3404 jam
2417 3331 2733 3400 venissent,
2791 3333 3085 3388 consuetis
3147 3334 3317 3390 dictis
3364 3336 3656 3406 precibus,

2024 3424 2315 3495 baptismo
2339 3421 2531 3479 initiat
2551 3423 2703 3478 viros
2729 3437 2974 3478 numero
3005 3424 3374 3496 quingentos.
3412 3426 3492 3480 Ex
3524 3425 3660 3483 hinc

2026 3516 2217 3569 autem
2249 3511 2417 3567 multi
2449 3511 2522 3567 ad
2570 3510 2735 3566 illum
2779 3511 3169 3581 confluebant,
3202 3529 3318 3569 non
3368 3515 3559 3570 solum
3592 3531 3664 3571 ex

2027 3616 2241 3672 magna
2282 3600 2555 3672 Phrygia,
2587 3605 2644 3656 et
2691 3601 2960 3657 universa
2992 3601 3242 3658 ﬁnitima
3272 3603 3526 3674 regione,
3561 3605 3663 3660 sed

2027 3690 2201 3747 etiam
2226 3688 2326 3760 qui
2351 3689 2545 3744 Asiam
2570 3687 2928 3754 habitabant,
2953 3694 3007 3745 et
3028 3691 3126 3761 qui
3151 3692 3440 3763 degebant
3462 3693 3520 3747 in
3543 3708 3669 3762 pro-

2027 3778 2229 3834 vinciis
2252 3778 2432 3850 Lydia
2455 3781 2514 3833 et
2532 3776 2719 3834 Caria.
2744 3778 2969 3833 Etenim
2992 3794 3093 3848 per
3121 3779 3446 3836 universam
3471 3781 3670 3838 civita-

2027 3872 2145 3923 tem
2177 3867 2248 3923 de
2276 3867 2404 3938 ipso
2429 3867 2702 3923 manabat
2725 3883 2935 3936 sermo,
2969 3867 3066 3938 qui
3100 3885 3212 3924 non
3249 3873 3372 3925 erat
3399 3885 3587 3925 vanus
3610 3873 3670 3927 et

2027 3956 2220 4012 inanis
2263 3959 2320 4011 et
2370 3955 2495 4012 ideo
2526 3957 2638 4012 cito
2688 3959 2912 4026 poterat
2959 3956 3272 4028 exstingui,
3305 3958 3402 4013 sed
3447 3958 3548 4029 qui
3595 3975 3666 4014 ex

2027 4045 2269 4101 veritate
2303 4060 2535 4114 magnas
2567 4044 2813 4100 habebat
2862 4044 3032 4098 vires.
3065 4045 3148 4098 Ad
3191 4060 3324 4099 eum
3357 4061 3489 4116 ergo
3519 4062 3666 4102 con-

2031 4133 2307 4195 ﬂuebant,
2349 4131 2446 4185 alii
2494 4131 2724 4199 quidem
2783 4135 2850 4186 ut
2902 4131 3194 4187 discerent
3222 4148 3348 4202 quae
3379 4138 3543 4188 erant
3571 4151 3664 4190 sa-

2031 4219 2264 4285 lutaria,
2298 4216 2398 4273 alii
2444 4222 2641 4272 autem
2675 4222 2737 4272 ut
2764 4217 3148 4274 liberarentur
3178 4221 3249 4274 ab
3280 4220 3372 4289 iis,
3417 4238 3543 4292 quae
3581 4222 3666 4279 eis

2035 4306 2352 4363 efferebant
2411 4303 2736 4360 molestiam
2790 4320 2804 4361 :
2865 4322 3013 4378 quos
3071 4307 3297 4364 scilicet
3364 4311 3668 4381 premebat

2035 4395 2294 4460 morbus,
2336 4397 2435 4449 aut
2477 4393 2654 4448 etiam
2689 4393 2922 4465 aliquod
2955 4395 3109 4450 aliud
3142 4397 3372 4453 tenebat
3422 4397 3667 4455 malum.

2036 4486 2170 4540 Erat
2196 4483 2351 4539 enim
2381 4481 2717 4554 aptissimus
2766 4483 2836 4538 ad
2868 4484 3195 4540 docendum
3237 4486 3476 4543 verbum
3518 4488 3667 4544 veri-

280 4601 541 4672 ἀληθείας
593 4596 762 4672 λόγον
783 4571 1156 4667 ηδεξιώτατος,
1213 4571 1304 4642 γαί
1363 4583 1745 4672 οἰκειώσασθαι
1772 4579 1911 4672 iob:

2036 4573 2194 4642 tatis,
2229 4576 2286 4628 et
2323 4571 2737 4645 paratissimus
2796 4571 3112 4630 familiares
3142 4573 3370 4632 Christo
3427 4577 3666 4632 reddere

280 4660 610 4767 προσιόντας
659 4660 749 4741 διὰ
789 4660 1017 4760 Χριστὸν
1065 4677 1440 4751 ἑτοιμότατος,
1478 4673 1568 4728 καὶ
1618 4660 1904 4740 ἀπαλλάξα

2036 4679 2156 4733 eos,
2189 4660 2285 4732 qui
2309 4661 2675 4718 accedebant.

279 4784 458 4837 κακῶν
492 4776 770 4848 ἂξύτατος.

353 4869 428 4925 Θ’,
486 4847 680 4940 Ολῖγαι
752 4865 881 4938 γοῦν
963 4857 1242 4932 παρῆλθον
1324 4854 1550 4928 ἡμέραι,
1635 4847 1728 4940 καί
1799 4847 1927 4940 τοὺς

282 4934 676 5032 πρεσϐυτέρους
732 4934 819 5006 καὶ
871 4946 1180 5032 διακόνους,
1243 4943 1381 5032 πρὸς
1436 4940 1493 4996 δὲ
1546 4940 1637 5032 καί
1673 4934 1925 5032 τὴν-λοι-

283 5026 391 5117 πην
445 5026 789 5119 ἀδελφότητα
843 5030 1198 5109 παραλαϐὼν,
1255 5031 1492 5106 πρόεισι,
1549 5028 1638 5084 καὶ
1705 5026 1925 5086 καθίσας

284 5113 359 5197 εὶς
411 5113 807 5207 ὅνπερ-εἰώθει
857 5127 1048 5195 τόπον,
1105 5120 1286 5207 ὥσπερ
1343 5114 1404 5207 ἔκ
1481 5138 1628 5207 τινος
1697 5113 1925 5185 ἡδίστης

283 5227 470 5296 πηγῆς
525 5205 594 5274 τὰ
633 5214 941 5294 γλυκύτατα
989 5218 1089 5281 τῆς
1133 5205 1483 5267 διδασκαλίας
1522 5205 1716 5296 ’ῥεῖθρα
1744 5207 1923 5276 προῖει

284 5290 390 5367 τοίί-
437 5290 732 5382 στόματος.
789 5307 878 5361 Ἐν
921 5301 1099 5372 τούτῳ
1145 5296 1201 5353 δέ
1248 5290 1530 5373 προσῆλθέ
1556 5315 1641 5355 τις
1673 5291 1774 5347 ὑπὸ
1805 5311 1924 5366 χει-

287 5379 549 5478 ραγωγῷ⁷
588 5395 723 5471 γυνή
792 5396 898 5448 τῶν
979 5389 1272 5478 ἐπιφαν-ων,
1349 5383 1720 5456 ἐκκεκομμένη
1800 5379 1926 5478 τοὺς

285 5470 626 5563 δφθαλμοὺς,
705 5481 880 5555 ὄνομα
937 5473 1254 5553 Φρύγελλα,
1339 5474 1706 5563 Εὐξεινᾼιανοῦ.
1743 5470 1922 5563 μήνηρ

285 5554 636 5635 Πίιπλίῶνοςέ
694 5573 750 5626 Ὀ
783 5554 838 5624 δέ
892 5569 956 5636 ἦν
1009 5569 1115 5619 τῶν
1164 5563 1308 5636 παρᾶ
1360 5565 1440 5633 τῷ
1479 5554 1839 5632 αὑτοκράτορί
1866 5576 1925 5611 τε

282 5663 372 5719 καὶ
402 5666 471 5737 τῇ
533 5658 695 5717 πόλει
746 5657 912 5731 πάσῃ,
965 5653 1060 5713 τὰς
1117 5649 1336 5724 πρώτας
1394 5646 1636 5726 ἐχόντων
1688 5643 1853 5717 τιμὰς
1894 5641 1924 5696 ό

2105 4839 2205 4895 ΙΧ.
2264 4838 2438 4894 Pauci
2506 4838 2632 4894 dies
2680 4838 3095 4910 praeterierunt,
3163 4856 3294 4898 eum
3350 4842 3667 4913 assumptis

2037 4927 2388 5001 presbyteris
2441 4933 2496 4982 et
2547 4925 2828 4996 diaconis,
2872 4931 2929 4980 et
2970 4927 3196 4999 reliqua
3233 4933 3509 4998 praeterea
3557 4931 3671 4986 fra-

2035 5016 2328 5084 ternitate,
2363 5013 2623 5087 procedit
2655 5029 2669 5070 :
2719 5018 2777 5071 et
2813 5014 3024 5071 sedens
3055 5016 3114 5071 in
3162 5032 3228 5072 eo
3260 5015 3408 5086 loco,
3441 5018 3500 5074 in
3551 5034 3666 5090 quo

2034 5107 2433 5170 consueverat,
2465 5110 2744 5173 tanquam
2775 5117 2842 5158 ex
2874 5102 3069 5174 aliquo
3104 5104 3258 5160 fonte
3291 5105 3667 5175 suavissimo,

2033 5212 2102 5252 ex
2131 5213 2229 5252 ore
2255 5195 2556 5268 profundit
2593 5193 2868 5248 doctrinae
2909 5194 3125 5250 fluenta
3161 5195 3530 5253 suavissima.
3561 5197 3668 5252 In-

2032 5288 2190 5341 terea
2220 5288 2413 5341 autem
2447 5281 2694 5339 accessit
2721 5281 2976 5338 adducta
3004 5282 3250 5339 illustris
3281 5286 3548 5357 quaedam
3571 5285 3663 5342 fe-

2035 5374 2214 5442 mina,
2267 5371 2451 5429 oculis
2517 5370 2738 5437 orbata,
2789 5371 3025 5428 nomine
3089 5371 3414 5446 Phrygella,
3481 5378 3669 5432 mater

2031 5461 2350 5518 Euxeniani
2401 5459 2717 5532 Peplionis.
2752 5459 2804 5515 Is
2830 5476 2966 5516 vero
2998 5460 3235 5533 Poplion
3266 5463 3418 5536 apud
3474 5463 3666 5533 impe-

2032 5556 2276 5607 ratorem
2308 5553 2366 5605 et
2420 5548 2752 5604 universam
2802 5549 3095 5606 civitatem
3152 5552 3408 5624 primum
3465 5550 3666 5606 locum

2032 5642 2090 5696 in
2122 5639 2338 5696 honore
2367 5637 2684 5695 obtinebat.
2717 5638 2974 5696 Adducta
3005 5655 3163 5713 ergo,
3197 5642 3350 5699 sicut
3380 5638 3662 5706 diximus,
