  <div class='ocr_page' id='page_1' title='image "/cluster/home/n/w/nwhite01/storage/ocr_20150623/115/mdp.39015028574336/629.png"; bbox 0 0 4128 6274; ppageno 0'>
   <div class='ocr_carea' id='block_1_1' title="bbox 496 338 650 400">
    <p class='ocr_par' dir='ltr' id='par_1_1' title="bbox 496 338 650 400">
     <span class='ocr_line' id='line_1_1' title="bbox 496 338 650 400; baseline -0.026 0"><span class='ocrx_word' id='word_1_1' title='bbox 496 338 650 400; x_wconf 67' lang='grc'>1223</span> 
     </span>
    </p>
   </div>
   <div class='ocr_carea' id='block_1_2' title="bbox 1833 325 2530 387">
    <p class='ocr_par' dir='ltr' id='par_1_2' title="bbox 1833 325 2530 387">
     <span class='ocr_line' id='line_1_2' title="bbox 1833 325 2530 387; baseline 0.004 -4"><span class='ocrx_word' id='word_1_2' title='bbox 1833 326 1882 383; x_wconf 86' lang='grc' dir='ltr'>Μ</span> <span class='ocrx_word' id='word_1_3' title='bbox 1896 325 2104 386; x_wconf 85' lang='lat' dir='ltr'>ENSlS</span> <span class='ocrx_word' id='word_1_4' title='bbox 2145 327 2394 387; x_wconf 85' lang='lat' dir='ltr'><strong>OCTOB</strong></span> <span class='ocrx_word' id='word_1_5' title='bbox 2407 327 2530 387; x_wconf 84' lang='lat' dir='ltr'>ER.</span> 
     </span>
    </p>
   </div>
   <div class='ocr_carea' id='block_1_3' title="bbox 3733 327 3888 387">
    <p class='ocr_par' dir='ltr' id='par_1_3' title="bbox 3733 327 3888 387">
     <span class='ocr_line' id='line_1_3' title="bbox 3733 327 3888 387; baseline 0.006 -1"><span class='ocrx_word' id='word_1_6' title='bbox 3733 327 3888 387; x_wconf 72' lang='grc'>1224</span> 
     </span>
    </p>
   </div>
   <div class='ocr_carea' id='block_1_4' title="bbox 496 480 2109 566">
    <p class='ocr_par' dir='ltr' id='par_1_4' title="bbox 496 484 2109 566">
     <span class='ocr_line' id='line_1_4' title="bbox 496 484 2109 566; baseline -0.008 -11"><span class='ocrx_word' id='word_1_7' title='bbox 496 497 876 562; x_wconf 85' lang='lat' dir='ltr'>materillius,</span> <span class='ocrx_word' id='word_1_8' title='bbox 907 499 1218 566; x_wconf 79' lang='lat' dir='ltr'>postquam</span> <span class='ocrx_word' id='word_1_9' title='bbox 1250 488 1469 544; x_wconf 79' lang='lat' dir='ltr'>audivit</span> <span class='ocrx_word' id='word_1_10' title='bbox 1497 500 1775 558; x_wconf 87' lang='lat' dir='ltr'>magnum</span> <span class='ocrx_word' id='word_1_11' title='bbox 1821 484 2109 542; x_wconf 70' lang='lat' dir='ltr'>Aberciun</span> 
     </span>
    </p>
   </div>
   <div class='ocr_carea' id='block_1_5' title="bbox 2220 480 3892 566">
    <p class='ocr_par' dir='ltr' id='par_1_5' title="bbox 2239 480 3892 564">
     <span class='ocr_line' id='line_1_5' title="bbox 2239 480 3892 564; baseline -0.001 -18"><span class='ocrx_word' id='word_1_12' title='bbox 2239 487 2522 546; x_wconf 87' lang='grc' dir='ltr'>ΙΙοπλίων.</span> <span class='ocrx_word' id='word_1_13' title='bbox 2573 485 2910 562; x_wconf 83' lang='grc' dir='ltr'>Χειραγωγῷ</span> <span class='ocrx_word' id='word_1_14' title='bbox 2967 484 3287 560; x_wconf 78' lang='grc' dir='ltr'>οὗν,ὥσπερ</span> <span class='ocrx_word' id='word_1_15' title='bbox 3336 480 3564 564; x_wconf 76' lang='grc' dir='ltr'>ἔφημεν,</span> <span class='ocrx_word' id='word_1_16' title='bbox 3597 489 3631 556; x_wconf 77' lang='grc' dir='ltr'>ἡ</span> <span class='ocrx_word' id='word_1_17' title='bbox 3683 487 3892 544; x_wconf 80' lang='grc' dir='ltr'>ἐκείνου</span> 
     </span>
    </p>
   </div>
   <div class='ocr_carea' id='block_1_6' title="bbox 494 575 2130 658">
    <p class='ocr_par' dir='ltr' id='par_1_6' title="bbox 494 575 2130 658">
     <span class='ocr_line' id='line_1_6' title="bbox 494 575 2130 658; baseline -0.009 -13"><span class='ocrx_word' id='word_1_18' title='bbox 494 588 589 644; x_wconf 88' lang='lat' dir='ltr'>hic</span> <span class='ocrx_word' id='word_1_19' title='bbox 611 587 736 658; x_wconf 89' lang='lat' dir='ltr'>jam</span> <span class='ocrx_word' id='word_1_20' title='bbox 770 587 968 642; x_wconf 89' lang='lat' dir='ltr'>sedere</span> <span class='ocrx_word' id='word_1_21' title='bbox 1014 585 1072 638; x_wconf 88' lang='lat' dir='ltr'>et</span> <span class='ocrx_word' id='word_1_22' title='bbox 1102 581 1331 647; x_wconf 89' lang='lat' dir='ltr'>docere,</span> <span class='ocrx_word' id='word_1_23' title='bbox 1372 591 1584 649; x_wconf 88' lang='lat' dir='ltr'>magno</span> <span class='ocrx_word' id='word_1_24' title='bbox 1625 575 1817 632; x_wconf 92' lang='lat' dir='ltr'>studio</span> <span class='ocrx_word' id='word_1_25' title='bbox 1876 576 1945 631; x_wconf 88' lang='lat' dir='ltr'>ad</span> <span class='ocrx_word' id='word_1_26' title='bbox 1997 591 2130 631; x_wconf 90' lang='lat' dir='ltr'>eum</span> 
     </span>
    </p>
   </div>
   <div class='ocr_carea' id='block_1_7' title="bbox 495 664 2132 741">
    <p class='ocr_par' dir='ltr' id='par_1_7' title="bbox 495 664 2132 741">
     <span class='ocr_line' id='line_1_7' title="bbox 495 664 2132 741; baseline -0.01 -7"><span class='ocrx_word' id='word_1_27' title='bbox 495 691 829 741; x_wconf 82' lang='lat' dir='ltr'>accurrens,</span> <span class='ocrx_word' id='word_1_28' title='bbox 863 677 920 728; x_wconf 86' lang='lat' dir='ltr'>et</span> <span class='ocrx_word' id='word_1_29' title='bbox 948 672 1107 727; x_wconf 89' lang='lat' dir='ltr'>illius</span> <span class='ocrx_word' id='word_1_30' title='bbox 1139 671 1314 741; x_wconf 82' lang='lat' dir='ltr'>pedes</span> <span class='ocrx_word' id='word_1_31' title='bbox 1346 666 1723 738; x_wconf 81' lang='lat' dir='ltr'>prehensans,</span> <span class='ocrx_word' id='word_1_32' title='bbox 1758 664 2132 720; x_wconf 86' lang='lat' dir='ltr'>vehementer</span> 
     </span>
    </p>
   </div>
   <div class='ocr_carea' id='block_1_8' title="bbox 491 753 2132 836">
    <p class='ocr_par' dir='ltr' id='par_1_8' title="bbox 491 753 2132 836">
     <span class='ocr_line' id='line_1_8' title="bbox 491 753 2132 836; baseline -0.009 -14"><span class='ocrx_word' id='word_1_33' title='bbox 491 782 626 822; x_wconf 90' lang='lat' dir='ltr'>eum</span> <span class='ocrx_word' id='word_1_34' title='bbox 660 763 1027 836; x_wconf 82' lang='lat' dir='ltr'>precabatur.</span> <span class='ocrx_word' id='word_1_35' title='bbox 1052 763 1144 815; x_wconf 89' lang='lat' dir='ltr'>et:</span> <span class='ocrx_word' id='word_1_36' title='bbox 1171 759 1460 824; x_wconf 82' lang='lat' dir='ltr'>Miserere,</span> <span class='ocrx_word' id='word_1_37' title='bbox 1493 755 1738 819; x_wconf 90' lang='lat' dir='ltr'>dicebat,</span> <span class='ocrx_word' id='word_1_38' title='bbox 1773 754 1915 808; x_wconf 91' lang='lat' dir='ltr'>mihi</span> <span class='ocrx_word' id='word_1_39' title='bbox 1949 753 2132 809; x_wconf 90' lang='lat' dir='ltr'>homi-</span> 
     </span>
    </p>
   </div>
   <div class='ocr_carea' id='block_1_9' title="bbox 491 842 2130 915">
    <p class='ocr_par' dir='ltr' id='par_1_9' title="bbox 491 842 2130 915">
     <span class='ocr_line' id='line_1_9' title="bbox 491 842 2130 915; baseline -0.009 -5"><span class='ocrx_word' id='word_1_40' title='bbox 491 869 626 910; x_wconf 86' lang='lat' dir='ltr'>num</span> <span class='ocrx_word' id='word_1_41' title='bbox 661 852 916 908; x_wconf 85' lang='lat' dir='ltr'>maxime</span> <span class='ocrx_word' id='word_1_42' title='bbox 975 847 1319 913; x_wconf 81' lang='lat' dir='ltr'>venerande,</span> <span class='ocrx_word' id='word_1_43' title='bbox 1352 844 1573 915; x_wconf 90' lang='lat' dir='ltr'>solique</span> <span class='ocrx_word' id='word_1_44' title='bbox 1631 859 1760 899; x_wconf 86' lang='lat' dir='ltr'>vero</span> <span class='ocrx_word' id='word_1_45' title='bbox 1791 848 1905 898; x_wconf 92' lang='lat' dir='ltr'>Deo</span> <span class='ocrx_word' id='word_1_46' title='bbox 1937 842 2130 909; x_wconf 89' lang='lat' dir='ltr'>chare,</span> 
     </span>
    </p>
   </div>
   <div class='ocr_carea' id='block_1_10' title="bbox 487 931 2127 1009">
    <p class='ocr_par' dir='ltr' id='par_1_10' title="bbox 487 931 2127 1009">
     <span class='ocr_line' id='line_1_10' title="bbox 487 931 2127 1009; baseline -0.007 -11"><span class='ocrx_word' id='word_1_47' title='bbox 487 943 768 998; x_wconf 83' lang='lat' dir='ltr'>miserere</span> <span class='ocrx_word' id='word_1_48' title='bbox 795 938 910 995; x_wconf 90' lang='lat' dir='ltr'>mei</span> <span class='ocrx_word' id='word_1_49' title='bbox 945 936 1228 1009; x_wconf 86' lang='lat' dir='ltr'>supplicis</span> <span class='ocrx_word' id='word_1_50' title='bbox 1259 951 1272 988; x_wconf 87' lang='lat'><strong>:</strong></span> <span class='ocrx_word' id='word_1_51' title='bbox 1307 935 1476 990; x_wconf 85' lang='lat' dir='ltr'>redde</span> <span class='ocrx_word' id='word_1_52' title='bbox 1503 931 1645 988; x_wconf 89' lang='lat' dir='ltr'>mihi</span> <span class='ocrx_word' id='word_1_53' title='bbox 1680 948 1878 988; x_wconf 81' lang='lat' dir='ltr'>rursus</span> <span class='ocrx_word' id='word_1_54' title='bbox 1910 931 2127 1000; x_wconf 82' lang='lat' dir='ltr'>oculos,</span> 
     </span>
    </p>
   </div>
   <div class='ocr_carea' id='block_1_11' title="bbox 486 1021 2129 1102">
    <p class='ocr_par' dir='ltr' id='par_1_11' title="bbox 486 1021 2129 1102">
     <span class='ocr_line' id='line_1_11' title="bbox 486 1021 2129 1102; baseline -0.007 -15"><span class='ocrx_word' id='word_1_55' title='bbox 486 1045 761 1102; x_wconf 82' lang='lat' dir='ltr'>magnum</span> <span class='ocrx_word' id='word_1_56' title='bbox 797 1029 891 1084; x_wconf 87' lang='lat' dir='ltr'>Dei</span> <span class='ocrx_word' id='word_1_57' title='bbox 925 1043 1074 1099; x_wconf 87' lang='lat' dir='ltr'>opus</span> <span class='ocrx_word' id='word_1_58' title='bbox 1110 1042 1124 1080; x_wconf 92' lang='lat'>:</span> <span class='ocrx_word' id='word_1_59' title='bbox 1155 1025 1318 1080; x_wconf 79' lang='lat' dir='ltr'>efﬁce</span> <span class='ocrx_word' id='word_1_60' title='bbox 1349 1031 1408 1078; x_wconf 89' lang='lat' dir='ltr'>ut</span> <span class='ocrx_word' id='word_1_61' title='bbox 1433 1023 1760 1092; x_wconf 90' lang='lat' dir='ltr'>jucundum</span> <span class='ocrx_word' id='word_1_62' title='bbox 1796 1021 1973 1076; x_wconf 89' lang='lat' dir='ltr'>solem</span> <span class='ocrx_word' id='word_1_63' title='bbox 2006 1038 2129 1077; x_wconf 86' lang='lat' dir='ltr'>rur-</span> 
     </span>
    </p>
   </div>
   <div class='ocr_carea' id='block_1_12' title="bbox 487 1110 2129 1186">
    <p class='ocr_par' dir='ltr' id='par_1_12' title="bbox 487 1110 2129 1186">
     <span class='ocr_line' id='line_1_12' title="bbox 487 1110 2129 1186; baseline -0.007 -11"><span class='ocrx_word' id='word_1_64' title='bbox 487 1136 592 1176; x_wconf 87' lang='lat' dir='ltr'>sus</span> <span class='ocrx_word' id='word_1_65' title='bbox 622 1120 876 1182; x_wconf 89' lang='lat' dir='ltr'>intuear,</span> <span class='ocrx_word' id='word_1_66' title='bbox 899 1131 1088 1186; x_wconf 89' lang='lat' dir='ltr'>neque</span> <span class='ocrx_word' id='word_1_67' title='bbox 1117 1129 1211 1169; x_wconf 92' lang='lat' dir='ltr'>me</span> <span class='ocrx_word' id='word_1_68' title='bbox 1233 1112 1520 1183; x_wconf 84' lang='lat' dir='ltr'>despicias</span> <span class='ocrx_word' id='word_1_69' title='bbox 1549 1111 1813 1167; x_wconf 73' lang='lat' dir='ltr'>affectam</span> <span class='ocrx_word' id='word_1_70' title='bbox 1858 1114 1980 1166; x_wconf 87' lang='lat' dir='ltr'>tam</span> <span class='ocrx_word' id='word_1_71' title='bbox 2016 1110 2129 1164; x_wconf 92' lang='lat' dir='ltr'>mi-</span> 
     </span>
    </p>
   </div>
   <div class='ocr_carea' id='block_1_13' title="bbox 483 1200 2127 1264">
    <p class='ocr_par' dir='ltr' id='par_1_13' title="bbox 483 1200 2127 1264">
     <span class='ocr_line' id='line_1_13' title="bbox 483 1200 2127 1264; baseline -0.006 0"><span class='ocrx_word' id='word_1_72' title='bbox 483 1207 842 1264; x_wconf 84' lang='lat' dir='ltr'>serabiliter:</span> <span class='ocrx_word' id='word_1_73' title='bbox 861 1205 1160 1261; x_wconf 79' lang='lat' dir='ltr'>consolare</span> <span class='ocrx_word' id='word_1_74' title='bbox 1184 1218 1368 1257; x_wconf 89' lang='lat' dir='ltr'>meam</span> <span class='ocrx_word' id='word_1_75' title='bbox 1393 1200 1783 1256; x_wconf 82' lang='lat' dir='ltr'>calamitatem</span> <span class='ocrx_word' id='word_1_76' title='bbox 1805 1203 2127 1254; x_wconf 87' lang='lat' dir='ltr'>:moveatte</span> 
     </span>
    </p>
   </div>
   <div class='ocr_carea' id='block_1_14' title="bbox 486 1286 2127 1362">
    <p class='ocr_par' dir='ltr' id='par_1_14' title="bbox 486 1286 2127 1362">
     <span class='ocr_line' id='line_1_14' title="bbox 486 1286 2127 1362; baseline -0.006 -11"><span class='ocrx_word' id='word_1_77' title='bbox 486 1295 777 1351; x_wconf 83' lang='lat' dir='ltr'>maximus</span> <span class='ocrx_word' id='word_1_78' title='bbox 792 1309 953 1350; x_wconf 90' lang='lat' dir='ltr'>meus</span> <span class='ocrx_word' id='word_1_79' title='bbox 977 1291 1272 1362; x_wconf 85' lang='lat' dir='ltr'>splendor.</span> <span class='ocrx_word' id='word_1_80' title='bbox 1290 1295 1385 1344; x_wconf 84' lang='lat' dir='ltr'>Est</span> <span class='ocrx_word' id='word_1_81' title='bbox 1407 1289 1550 1343; x_wconf 80' lang='lat' dir='ltr'>mihi</span> <span class='ocrx_word' id='word_1_82' title='bbox 1572 1287 1727 1342; x_wconf 82' lang='lat' dir='ltr'>ﬁlius</span> <span class='ocrx_word' id='word_1_83' title='bbox 1744 1287 2006 1357; x_wconf 87' lang='lat' dir='ltr'>Poplion,</span> <span class='ocrx_word' id='word_1_84' title='bbox 2027 1286 2127 1357; x_wconf 87' lang='lat' dir='ltr'>qui</span> 
     </span>
    </p>
   </div>
   <div class='ocr_carea' id='block_1_15' title="bbox 482 1377 2124 1454">
    <p class='ocr_par' dir='ltr' id='par_1_15' title="bbox 482 1377 2124 1454">
     <span class='ocr_line' id='line_1_15' title="bbox 482 1377 2124 1454; baseline -0.006 -14"><span class='ocrx_word' id='word_1_85' title='bbox 482 1384 730 1440; x_wconf 90' lang='lat' dir='ltr'>multum</span> <span class='ocrx_word' id='word_1_86' title='bbox 765 1386 955 1454; x_wconf 85' lang='lat' dir='ltr'>potest</span> <span class='ocrx_word' id='word_1_87' title='bbox 975 1382 1127 1452; x_wconf 86' lang='lat' dir='ltr'>apud</span> <span class='ocrx_word' id='word_1_88' title='bbox 1151 1380 1557 1448; x_wconf 81' lang='lat' dir='ltr'>imperatorem</span> <span class='ocrx_word' id='word_1_89' title='bbox 1591 1382 1646 1432; x_wconf 93' lang='lat' dir='ltr'>et</span> <span class='ocrx_word' id='word_1_90' title='bbox 1677 1377 1995 1445; x_wconf 89' lang='lat' dir='ltr'>civitatem,</span> <span class='ocrx_word' id='word_1_91' title='bbox 2018 1391 2124 1446; x_wconf 89' lang='lat' dir='ltr'>ego</span> 
     </span>
    </p>
   </div>
   <div class='ocr_carea' id='block_1_16' title="bbox 480 1465 2123 1542">
    <p class='ocr_par' dir='ltr' id='par_1_16' title="bbox 480 1465 2123 1542">
     <span class='ocr_line' id='line_1_16' title="bbox 480 1465 2123 1542; baseline -0.007 -12"><span class='ocrx_word' id='word_1_92' title='bbox 480 1478 675 1530; x_wconf 87' lang='lat' dir='ltr'>autem</span> <span class='ocrx_word' id='word_1_93' title='bbox 690 1472 884 1542; x_wconf 86' lang='lat' dir='ltr'>ipsum</span> <span class='ocrx_word' id='word_1_94' title='bbox 902 1486 1016 1525; x_wconf 88' lang='lat' dir='ltr'>non</span> <span class='ocrx_word' id='word_1_95' title='bbox 1034 1469 1214 1524; x_wconf 86' lang='lat' dir='ltr'>video.</span> <span class='ocrx_word' id='word_1_96' title='bbox 1235 1467 1384 1522; x_wconf 88' lang='lat' dir='ltr'>Sunt</span> <span class='ocrx_word' id='word_1_97' title='bbox 1399 1465 1540 1522; x_wconf 89' lang='lat' dir='ltr'>mihi</span> <span class='ocrx_word' id='word_1_98' title='bbox 1556 1465 1766 1521; x_wconf 64' lang='lat' dir='ltr'>divitias</span> <span class='ocrx_word' id='word_1_99' title='bbox 1792 1467 2052 1536; x_wconf 82' lang='lat' dir='ltr'>ingentes</span> <span class='ocrx_word' id='word_1_100' title='bbox 2067 1468 2123 1520; x_wconf 91' lang='lat' dir='ltr'>et</span> 
     </span>
    </p>
   </div>
   <div class='ocr_carea' id='block_1_17' title="bbox 477 1555 2122 1630">
    <p class='ocr_par' dir='ltr' id='par_1_17' title="bbox 477 1555 2122 1630">
     <span class='ocr_line' id='line_1_17' title="bbox 477 1555 2122 1630; baseline -0.005 -13"><span class='ocrx_word' id='word_1_101' title='bbox 477 1562 668 1628; x_wconf 72' lang='lat' dir='ltr'>variae,</span> <span class='ocrx_word' id='word_1_102' title='bbox 689 1559 916 1626; x_wconf 81' lang='lat' dir='ltr'>famuli,</span> <span class='ocrx_word' id='word_1_103' title='bbox 936 1557 1480 1630; x_wconf 74' lang='lat' dir='ltr'>pecuniae,pra2dia;</span> <span class='ocrx_word' id='word_1_104' title='bbox 1511 1571 1615 1626; x_wconf 85' lang='lat' dir='ltr'>ego</span> <span class='ocrx_word' id='word_1_105' title='bbox 1647 1559 1840 1610; x_wconf 88' lang='lat' dir='ltr'>autem</span> <span class='ocrx_word' id='word_1_106' title='bbox 1865 1555 1935 1608; x_wconf 91' lang='lat' dir='ltr'>ad</span> <span class='ocrx_word' id='word_1_107' title='bbox 1950 1569 2017 1610; x_wconf 86' lang='lat' dir='ltr'>ea</span> <span class='ocrx_word' id='word_1_108' title='bbox 2032 1568 2122 1608; x_wconf 91' lang='lat' dir='ltr'>me</span> 
     </span>
    </p>
   </div>
   <div class='ocr_carea' id='block_1_18' title="bbox 480 1642 2123 1721">
    <p class='ocr_par' dir='ltr' id='par_1_18' title="bbox 480 1642 2123 1721">
     <span class='ocr_line' id='line_1_18' title="bbox 480 1642 2123 1721; baseline -0.006 -16"><span class='ocrx_word' id='word_1_109' title='bbox 480 1650 650 1721; x_wconf 90' lang='lat' dir='ltr'>pejus</span> <span class='ocrx_word' id='word_1_110' title='bbox 665 1649 872 1714; x_wconf 83' lang='lat' dir='ltr'>habeo,</span> <span class='ocrx_word' id='word_1_111' title='bbox 893 1663 1069 1718; x_wconf 91' lang='lat' dir='ltr'>quam</span> <span class='ocrx_word' id='word_1_112' title='bbox 1085 1649 1335 1715; x_wconf 80' lang='lat' dir='ltr'>egentes.</span> <span class='ocrx_word' id='word_1_113' title='bbox 1353 1649 1491 1698; x_wconf 88' lang='lat' dir='ltr'>Nam</span> <span class='ocrx_word' id='word_1_114' title='bbox 1512 1642 1596 1698; x_wconf 89' lang='lat' dir='ltr'>illi</span> <span class='ocrx_word' id='word_1_115' title='bbox 1620 1643 1855 1715; x_wconf 88' lang='lat' dir='ltr'>quidem</span> <span class='ocrx_word' id='word_1_116' title='bbox 1881 1643 2123 1714; x_wconf 87' lang='lat' dir='ltr'>possunt</span> 
     </span>
    </p>
   </div>
   <div class='ocr_carea' id='block_1_19' title="bbox 484 1732 2120 1809">
    <p class='ocr_par' dir='ltr' id='par_1_19' title="bbox 484 1732 2120 1809">
     <span class='ocr_line' id='line_1_19' title="bbox 484 1732 2120 1809; baseline -0.002 -17"><span class='ocrx_word' id='word_1_117' title='bbox 484 1738 600 1793; x_wconf 83' lang='lat' dir='ltr'>frui</span> <span class='ocrx_word' id='word_1_118' title='bbox 622 1741 855 1809; x_wconf 84' lang='lat' dir='ltr'>aspectu</span> <span class='ocrx_word' id='word_1_119' title='bbox 877 1736 1106 1791; x_wconf 89' lang='lat' dir='ltr'>illorum</span> <span class='ocrx_word' id='word_1_120' title='bbox 1125 1750 1438 1807; x_wconf 89' lang='lat' dir='ltr'>paucorum</span> <span class='ocrx_word' id='word_1_121' title='bbox 1455 1749 1580 1804; x_wconf 70' lang='lat' dir='ltr'>qua:</span> <span class='ocrx_word' id='word_1_122' title='bbox 1596 1732 1829 1799; x_wconf 88' lang='lat' dir='ltr'>habent,</span> <span class='ocrx_word' id='word_1_123' title='bbox 1843 1737 1898 1787; x_wconf 90' lang='lat' dir='ltr'>et</span> <span class='ocrx_word' id='word_1_124' title='bbox 1912 1748 1977 1787; x_wconf 88' lang='lat' dir='ltr'>ea</span> <span class='ocrx_word' id='word_1_125' title='bbox 1991 1749 2120 1804; x_wconf 76' lang='lat' dir='ltr'>quae</span> 
     </span>
    </p>
   </div>
   <div class='ocr_carea' id='block_1_20' title="bbox 2239 571 3890 653">
    <p class='ocr_par' dir='ltr' id='par_1_20' title="bbox 2239 571 3890 653">
     <span class='ocr_line' id='line_1_20' title="bbox 2239 571 3890 653; baseline 0.002 -23"><span class='ocrx_word' id='word_1_126' title='bbox 2239 580 2426 652; x_wconf 84' lang='grc' dir='ltr'>μήτηρ</span> <span class='ocrx_word' id='word_1_127' title='bbox 2473 578 2732 652; x_wconf 75' lang='grc' dir='ltr'>χρωμένη</span> <span class='ocrx_word' id='word_1_128' title='bbox 2794 573 2981 644; x_wconf 84' lang='grc' dir='ltr'>ἐπειδή</span> <span class='ocrx_word' id='word_1_129' title='bbox 3037 576 3129 630; x_wconf 88' lang='grc' dir='ltr'>τὸν</span> <span class='ocrx_word' id='word_1_130' title='bbox 3198 577 3367 650; x_wconf 85' lang='grc' dir='ltr'>μέγαν</span> <span class='ocrx_word' id='word_1_131' title='bbox 3438 571 3726 653; x_wconf 76' lang='grc' dir='ltr'>Ἀϐέρχιον</span> <span class='ocrx_word' id='word_1_132' title='bbox 3792 579 3890 634; x_wconf 79' lang='grc' dir='ltr'>αὐ-</span> 
     </span>
    </p>
   </div>
   <div class='ocr_carea' id='block_1_21' title="bbox 2234 663 3888 742">
    <p class='ocr_par' dir='ltr' id='par_1_21' title="bbox 2234 663 3888 742">
     <span class='ocr_line' id='line_1_21' title="bbox 2234 663 3888 742; baseline 0.001 -21"><span class='ocrx_word' id='word_1_133' title='bbox 2234 672 2330 722; x_wconf 89' lang='grc' dir='ltr'>τοῦ</span> <span class='ocrx_word' id='word_1_134' title='bbox 2359 687 2416 720; x_wconf 86' lang='grc' dir='ltr'>τε</span> <span class='ocrx_word' id='word_1_135' title='bbox 2445 665 2554 737; x_wconf 76' lang='grc' dir='ltr'>ἤδη</span> <span class='ocrx_word' id='word_1_136' title='bbox 2606 667 2870 736; x_wconf 82' lang='grc' dir='ltr'>καθῆσθαι</span> <span class='ocrx_word' id='word_1_137' title='bbox 2925 667 3014 720; x_wconf 88' lang='grc' dir='ltr'>καὶ</span> <span class='ocrx_word' id='word_1_138' title='bbox 3068 663 3335 720; x_wconf 73' lang='grc' dir='ltr'>διδάσκειν</span> <span class='ocrx_word' id='word_1_139' title='bbox 3383 664 3631 735; x_wconf 85' lang='grc' dir='ltr'>ἐπύθετο,</span> <span class='ocrx_word' id='word_1_140' title='bbox 3676 665 3888 742; x_wconf 82' lang='grc' dir='ltr'>σπουδῇ</span> 
     </span>
    </p>
   </div>
   <div class='ocr_carea' id='block_1_22' title="bbox 2235 750 3887 830">
    <p class='ocr_par' dir='ltr' id='par_1_22' title="bbox 2235 750 3887 830">
     <span class='ocr_line' id='line_1_22' title="bbox 2235 750 3887 830; baseline 0.002 -21"><span class='ocrx_word' id='word_1_141' title='bbox 2235 757 2386 828; x_wconf 84' lang='grc' dir='ltr'>αὐτῷ</span> <span class='ocrx_word' id='word_1_142' title='bbox 2414 753 2858 830; x_wconf 72' lang='grc' dir='ltr'>προσδραμοῦσα,</span> <span class='ocrx_word' id='word_1_143' title='bbox 2889 754 2979 808; x_wconf 84' lang='grc' dir='ltr'>καὶ</span> <span class='ocrx_word' id='word_1_144' title='bbox 3009 757 3115 808; x_wconf 91' lang='grc' dir='ltr'>τῶν</span> <span class='ocrx_word' id='word_1_145' title='bbox 3177 751 3383 808; x_wconf 83' lang='grc' dir='ltr'>ἐκείνου</span> <span class='ocrx_word' id='word_1_146' title='bbox 3443 750 3726 828; x_wconf 76' lang='grc' dir='ltr'>λαϐομένη</span> <span class='ocrx_word' id='word_1_147' title='bbox 3789 779 3887 812; x_wconf 89' lang='grc' dir='ltr'>πο-</span> 
     </span>
    </p>
   </div>
   <div class='ocr_carea' id='block_1_23' title="bbox 2235 838 3886 919">
    <p class='ocr_par' dir='ltr' id='par_1_23' title="bbox 2235 838 3886 919">
     <span class='ocr_line' id='line_1_23' title="bbox 2235 838 3886 919; baseline 0 -19"><span class='ocrx_word' id='word_1_148' title='bbox 2235 843 2364 912; x_wconf 87' lang='grc' dir='ltr'>δῶν,</span> <span class='ocrx_word' id='word_1_149' title='bbox 2404 844 2589 913; x_wconf 86' lang='grc' dir='ltr'>πολλή</span> <span class='ocrx_word' id='word_1_150' title='bbox 2641 865 2721 906; x_wconf 76' lang='grc' dir='ltr'>τις</span> <span class='ocrx_word' id='word_1_151' title='bbox 2779 845 2846 913; x_wconf 78' lang='grc' dir='ltr'>ἦν</span> <span class='ocrx_word' id='word_1_152' title='bbox 2895 838 3148 916; x_wconf 81' lang='grc' dir='ltr'>δεομένη,</span> <span class='ocrx_word' id='word_1_153' title='bbox 3196 844 3307 912; x_wconf 85' lang='grc' dir='ltr'>καὶ,</span> <span class='ocrx_word' id='word_1_154' title='bbox 3340 843 3648 919; x_wconf 70' lang='grc' dir='ltr'>Οῗκτειρον,</span> <span class='ocrx_word' id='word_1_155' title='bbox 3681 847 3886 918; x_wconf 77' lang='grc' dir='ltr'>ἀνθρώ-</span> 
     </span>
    </p>
   </div>
   <div class='ocr_carea' id='block_1_24' title="bbox 2232 931 3888 1008">
    <p class='ocr_par' dir='ltr' id='par_1_24' title="bbox 2232 931 3888 1008">
     <span class='ocr_line' id='line_1_24' title="bbox 2232 931 3888 1008; baseline 0 -19"><span class='ocrx_word' id='word_1_156' title='bbox 2232 957 2348 989; x_wconf 88' lang='grc' dir='ltr'>πων</span> <span class='ocrx_word' id='word_1_157' title='bbox 2379 934 2502 1007; x_wconf 80' lang='grc' dir='ltr'>ἐμοὶ</span> <span class='ocrx_word' id='word_1_158' title='bbox 2558 935 2877 1006; x_wconf 88' lang='grc' dir='ltr'>τιμιώτατε,</span> <span class='ocrx_word' id='word_1_159' title='bbox 2924 934 3014 987; x_wconf 78' lang='grc' dir='ltr'>καὶ</span> <span class='ocrx_word' id='word_1_160' title='bbox 3071 937 3150 1004; x_wconf 82' lang='grc' dir='ltr'>τῷ</span> <span class='ocrx_word' id='word_1_161' title='bbox 3211 932 3358 1006; x_wconf 83' lang='grc' dir='ltr'>μόνῳ</span> <span class='ocrx_word' id='word_1_162' title='bbox 3407 934 3498 988; x_wconf 85' lang='grc' dir='ltr'>καὶ</span> <span class='ocrx_word' id='word_1_163' title='bbox 3540 931 3740 1005; x_wconf 81' lang='grc' dir='ltr'>ἀληθεῖ</span> <span class='ocrx_word' id='word_1_164' title='bbox 3769 940 3888 1008; x_wconf 88' lang='grc' dir='ltr'>Θεῷ</span> 
     </span>
    </p>
   </div>
   <div class='ocr_carea' id='block_1_25' title="bbox 2233 1017 3883 1100">
    <p class='ocr_par' dir='ltr' id='par_1_25' title="bbox 2233 1017 3883 1100">
     <span class='ocr_line' id='line_1_25' title="bbox 2233 1017 3883 1100; baseline 0 -22"><span class='ocrx_word' id='word_1_165' title='bbox 2233 1021 2380 1100; x_wconf 69' lang='grc' dir='ltr'>φίλε,</span> <span class='ocrx_word' id='word_1_166' title='bbox 2410 1025 2510 1092; x_wconf 76' lang='grc' dir='ltr'>την</span> <span class='ocrx_word' id='word_1_167' title='bbox 2543 1022 2728 1090; x_wconf 75' lang='grc' dir='ltr'>ἷκὲτιν,</span> <span class='ocrx_word' id='word_1_168' title='bbox 2768 1017 2940 1096; x_wconf 77' lang='grc' dir='ltr'>ἔλεγε,</span> <span class='ocrx_word' id='word_1_169' title='bbox 2971 1022 3265 1096; x_wconf 80' lang='grc' dir='ltr'>οἷ’κτειρον·</span> <span class='ocrx_word' id='word_1_170' title='bbox 3327 1021 3532 1085; x_wconf 78' lang='grc' dir='ltr'>ἀπόδος</span> <span class='ocrx_word' id='word_1_171' title='bbox 3567 1044 3660 1095; x_wconf 90' lang='grc' dir='ltr'>μοι</span> <span class='ocrx_word' id='word_1_172' title='bbox 3713 1023 3883 1078; x_wconf 78' lang='grc' dir='ltr'>πάλιν</span> 
     </span>
    </p>
   </div>
   <div class='ocr_carea' id='block_1_26' title="bbox 2231 1110 3886 1190">
    <p class='ocr_par' dir='ltr' id='par_1_26' title="bbox 2231 1110 3886 1190">
     <span class='ocr_line' id='line_1_26' title="bbox 2231 1110 3886 1190; baseline 0 -24"><span class='ocrx_word' id='word_1_173' title='bbox 2231 1111 2358 1173; x_wconf 78' lang='grc' dir='ltr'>τοῦς</span> <span class='ocrx_word' id='word_1_174' title='bbox 2416 1111 2758 1190; x_wconf 74' lang='grc' dir='ltr'>ἀφθαλμοὺς,</span> <span class='ocrx_word' id='word_1_175' title='bbox 2813 1112 2876 1165; x_wconf 89' lang='grc' dir='ltr'>τὸ</span> <span class='ocrx_word' id='word_1_176' title='bbox 2938 1110 3074 1185; x_wconf 91' lang='grc' dir='ltr'>μέγα</span> <span class='ocrx_word' id='word_1_177' title='bbox 3127 1115 3222 1165; x_wconf 90' lang='grc' dir='ltr'>τοῦ</span> <span class='ocrx_word' id='word_1_178' title='bbox 3301 1115 3434 1166; x_wconf 89' lang='grc' dir='ltr'>Θεοῦ</span> <span class='ocrx_word' id='word_1_179' title='bbox 3509 1111 3734 1184; x_wconf 82' lang='grc' dir='ltr'>κτίσμα,</span> <span class='ocrx_word' id='word_1_180' title='bbox 3792 1113 3886 1166; x_wconf 87' lang='grc' dir='ltr'>τὸν</span> 
     </span>
    </p>
   </div>
   <div class='ocr_carea' id='block_1_27' title="bbox 2231 1197 3884 1274">
    <p class='ocr_par' dir='ltr' id='par_1_27' title="bbox 2231 1197 3884 1274">
     <span class='ocr_line' id='line_1_27' title="bbox 2231 1197 3884 1274; baseline 0 -18"><span class='ocrx_word' id='word_1_181' title='bbox 2231 1201 2431 1274; x_wconf 84' lang='grc' dir='ltr'>γλυκὸν</span> <span class='ocrx_word' id='word_1_182' title='bbox 2461 1198 2626 1269; x_wconf 72' lang='grc' dir='ltr'>ἥλιον</span> <span class='ocrx_word' id='word_1_183' title='bbox 2688 1197 2817 1255; x_wconf 84' lang='grc' dir='ltr'>ἰδεῖν</span> <span class='ocrx_word' id='word_1_184' title='bbox 2878 1197 2976 1272; x_wconf 75' lang='grc' dir='ltr'>ἐμὲ</span> <span class='ocrx_word' id='word_1_185' title='bbox 3033 1201 3460 1274; x_wconf 72' lang='grc' dir='ltr'>παρασκεύασον,</span> <span class='ocrx_word' id='word_1_186' title='bbox 3513 1198 3653 1274; x_wconf 71' lang='grc' dir='ltr'>μηδὲ</span> <span class='ocrx_word' id='word_1_187' title='bbox 3709 1199 3884 1264; x_wconf 74' lang='grc' dir='ltr'>οὕτως</span> 
     </span>
    </p>
   </div>
   <div class='ocr_carea' id='block_1_28' title="bbox 2233 1286 3888 1368">
    <p class='ocr_par' dir='ltr' id='par_1_28' title="bbox 2233 1286 3888 1368">
     <span class='ocr_line' id='line_1_28' title="bbox 2233 1286 3888 1368; baseline -0.011 -24"><span class='ocrx_word' id='word_1_188' title='bbox 2233 1287 2465 1368; x_wconf 79' lang='grc' dir='ltr'>ἔχουσαν</span> <span class='ocrx_word' id='word_1_189' title='bbox 2515 1287 2768 1352; x_wconf 77' lang='grc' dir='ltr'>ἐλεεινῶς</span> <span class='ocrx_word' id='word_1_190' title='bbox 2836 1286 3100 1365; x_wconf 78' lang='grc' dir='ltr'>περιίδῃς·</span> <span class='ocrx_word' id='word_1_191' title='bbox 3171 1290 3560 1365; x_wconf 68' lang='grc' dir='ltr'>παραμύθησαί</span> <span class='ocrx_word' id='word_1_192' title='bbox 3623 1311 3719 1362; x_wconf 75' lang='grc' dir='ltr'>μοι</span> <span class='ocrx_word' id='word_1_193' title='bbox 3785 1292 3888 1359; x_wconf 62' lang='grc' dir='ltr'>τὴν</span> 
     </span>
    </p>
   </div>
   <div class='ocr_carea' id='block_1_29' title="bbox 2232 1377 3890 1456">
    <p class='ocr_par' dir='ltr' id='par_1_29' title="bbox 2232 1377 3890 1456">
     <span class='ocr_line' id='line_1_29' title="bbox 2232 1377 3890 1456; baseline 0.001 -23"><span class='ocrx_word' id='word_1_194' title='bbox 2232 1381 2506 1456; x_wconf 71' lang='grc' dir='ltr'>συμφορὰ,</span> <span class='ocrx_word' id='word_1_195' title='bbox 2564 1381 2624 1434; x_wconf 87' lang='grc' dir='ltr'>τὸ</span> <span class='ocrx_word' id='word_1_196' title='bbox 2688 1386 2788 1449; x_wconf 78' lang='grc' dir='ltr'>τῆς</span> <span class='ocrx_word' id='word_1_197' title='bbox 2840 1379 2978 1452; x_wconf 71' lang='grc' dir='ltr'>ἐμῆς</span> <span class='ocrx_word' id='word_1_198' title='bbox 3038 1379 3385 1456; x_wconf 72' lang='grc' dir='ltr'>περιφανείας</span> <span class='ocrx_word' id='word_1_199' title='bbox 3466 1379 3687 1455; x_wconf 77' lang='grc' dir='ltr'>μέγεθος</span> <span class='ocrx_word' id='word_1_200' title='bbox 3765 1377 3890 1434; x_wconf 86' lang='grc' dir='ltr'>δυσ-</span> 
     </span>
    </p>
   </div>
   <div class='ocr_carea' id='block_1_30' title="bbox 2231 1465 3885 1542">
    <p class='ocr_par' dir='ltr' id='par_1_30' title="bbox 2231 1465 3885 1542">
     <span class='ocr_line' id='line_1_30' title="bbox 2231 1465 3885 1542; baseline 0.001 -22"><span class='ocrx_word' id='word_1_201' title='bbox 2231 1468 2507 1537; x_wconf 72' lang='grc' dir='ltr'>ωπηοητι.</span> <span class='ocrx_word' id='word_1_202' title='bbox 2567 1469 2722 1522; x_wconf 83' lang='grc' dir='ltr'>’Ἐστι</span> <span class='ocrx_word' id='word_1_203' title='bbox 2785 1487 2877 1539; x_wconf 90' lang='grc' dir='ltr'>μοι</span> <span class='ocrx_word' id='word_1_204' title='bbox 2961 1465 3220 1522; x_wconf 85' lang='grc' dir='ltr'>ΙΙοπλίων</span> <span class='ocrx_word' id='word_1_205' title='bbox 3283 1468 3423 1533; x_wconf 78' lang='grc' dir='ltr'>υίὸς,</span> <span class='ocrx_word' id='word_1_206' title='bbox 3511 1469 3649 1542; x_wconf 82' lang='grc' dir='ltr'>μέγα</span> <span class='ocrx_word' id='word_1_207' title='bbox 3731 1469 3885 1542; x_wconf 80' lang='grc' dir='ltr'>παρὰ</span> 
     </span>
    </p>
   </div>
   <div class='ocr_carea' id='block_1_31' title="bbox 2233 1552 3890 1633">
    <p class='ocr_par' dir='ltr' id='par_1_31' title="bbox 2233 1552 3890 1633">
     <span class='ocr_line' id='line_1_31' title="bbox 2233 1552 3890 1633; baseline 0.001 -24"><span class='ocrx_word' id='word_1_208' title='bbox 2233 1553 2452 1630; x_wconf 88' lang='grc' dir='ltr'>βασιλεῖ</span> <span class='ocrx_word' id='word_1_209' title='bbox 2479 1553 2570 1608; x_wconf 81' lang='grc' dir='ltr'>καὶ</span> <span class='ocrx_word' id='word_1_210' title='bbox 2627 1559 2694 1628; x_wconf 80' lang='grc' dir='ltr'>τῇ</span> <span class='ocrx_word' id='word_1_211' title='bbox 2753 1553 2914 1610; x_wconf 81' lang='grc' dir='ltr'>πόλει</span> <span class='ocrx_word' id='word_1_212' title='bbox 2973 1552 3290 1627; x_wconf 77' lang='grc' dir='ltr'>δυνάμενος·</span> <span class='ocrx_word' id='word_1_213' title='bbox 3328 1553 3438 1630; x_wconf 85' lang='grc' dir='ltr'>ἐγὼ</span> <span class='ocrx_word' id='word_1_214' title='bbox 3487 1553 3544 1610; x_wconf 76' lang='grc' dir='ltr'>δὲ</span> <span class='ocrx_word' id='word_1_215' title='bbox 3584 1557 3743 1611; x_wconf 87' lang='grc' dir='ltr'>αὐτὸν</span> <span class='ocrx_word' id='word_1_216' title='bbox 3775 1555 3890 1633; x_wconf 83' lang='grc' dir='ltr'>οὐχ</span> 
     </span>
    </p>
   </div>
   <div class='ocr_carea' id='block_1_32' title="bbox 2227 1641 3892 1720">
    <p class='ocr_par' dir='ltr' id='par_1_32' title="bbox 2227 1641 3892 1720">
     <span class='ocr_line' id='line_1_32' title="bbox 2227 1641 3892 1720; baseline 0.002 -24"><span class='ocrx_word' id='word_1_217' title='bbox 2227 1645 2362 1717; x_wconf 91' lang='grc' dir='ltr'>ὁρῶ.</span> <span class='ocrx_word' id='word_1_218' title='bbox 2403 1645 2554 1698; x_wconf 75' lang='grc' dir='ltr'>Ἔστι</span> <span class='ocrx_word' id='word_1_219' title='bbox 2599 1665 2693 1717; x_wconf 91' lang='grc' dir='ltr'>μοι</span> <span class='ocrx_word' id='word_1_220' title='bbox 2758 1645 2998 1706; x_wconf 85' lang='grc' dir='ltr'>πλοῦτος</span> <span class='ocrx_word' id='word_1_221' title='bbox 3056 1641 3422 1713; x_wconf 85' lang='grc' dir='ltr'>παντοδαπὸς,</span> <span class='ocrx_word' id='word_1_222' title='bbox 3473 1645 3696 1716; x_wconf 82' lang='grc' dir='ltr'>οἰκέται,</span> <span class='ocrx_word' id='word_1_223' title='bbox 3744 1649 3892 1720; x_wconf 74' lang='grc' dir='ltr'>χρή-</span> 
     </span>
    </p>
   </div>
   <div class='ocr_carea' id='block_1_33' title="bbox 2232 1730 3887 1808">
    <p class='ocr_par' dir='ltr' id='par_1_33' title="bbox 2232 1730 3887 1808">
     <span class='ocr_line' id='line_1_33' title="bbox 2232 1730 3887 1808; baseline 0 -20"><span class='ocrx_word' id='word_1_224' title='bbox 2232 1753 2393 1804; x_wconf 81' lang='grc' dir='ltr'>ματα,</span> <span class='ocrx_word' id='word_1_225' title='bbox 2448 1739 2637 1802; x_wconf 82' lang='grc' dir='ltr'>κτῆσις</span> <span class='ocrx_word' id='word_1_226' title='bbox 2703 1734 2826 1804; x_wconf 76' lang='grc' dir='ltr'>ὃσηο</span> <span class='ocrx_word' id='word_1_227' title='bbox 2861 1731 2970 1807; x_wconf 83' lang='grc' dir='ltr'>ἐγὼ</span> <span class='ocrx_word' id='word_1_228' title='bbox 3021 1730 3078 1787; x_wconf 78' lang='grc' dir='ltr'>δὲ</span> <span class='ocrx_word' id='word_1_229' title='bbox 3134 1731 3345 1806; x_wconf 80' lang='grc' dir='ltr'>μᾶλλον</span> <span class='ocrx_word' id='word_1_230' title='bbox 3378 1737 3484 1788; x_wconf 88' lang='grc' dir='ltr'>τῶν</span> <span class='ocrx_word' id='word_1_231' title='bbox 3527 1732 3712 1788; x_wconf 80' lang='grc' dir='ltr'>ἐνδεῶν</span> <span class='ocrx_word' id='word_1_232' title='bbox 3741 1735 3887 1808; x_wconf 82' lang='grc' dir='ltr'>πρὸς</span> 
     </span>
    </p>
   </div>
   <div class='ocr_carea' id='block_1_34' title="bbox 487 1798 2109 1899">
    <p class='ocr_par' dir='ltr' id='par_1_34' title="bbox 487 1823 2109 1896">
     <span class='ocr_line' id='line_1_34' title="bbox 487 1823 2109 1896; baseline -0.002 -14"><span class='ocrx_word' id='word_1_233' title='bbox 487 1827 724 1896; x_wconf 85' lang='lat' dir='ltr'>habent,</span> <span class='ocrx_word' id='word_1_234' title='bbox 746 1830 806 1880; x_wconf 90' lang='lat' dir='ltr'>ut</span> <span class='ocrx_word' id='word_1_235' title='bbox 828 1825 1044 1890; x_wconf 88' lang='lat' dir='ltr'>volunt,</span> <span class='ocrx_word' id='word_1_236' title='bbox 1066 1823 1466 1880; x_wconf 87' lang='lat' dir='ltr'>administrare</span> <span class='ocrx_word' id='word_1_237' title='bbox 1485 1839 1497 1876; x_wconf 93' lang='lat'><strong>:</strong></span> <span class='ocrx_word' id='word_1_238' title='bbox 1513 1837 1618 1892; x_wconf 91' lang='lat' dir='ltr'>ego</span> <span class='ocrx_word' id='word_1_239' title='bbox 1635 1837 1765 1877; x_wconf 88' lang='lat' dir='ltr'>vero</span> <span class='ocrx_word' id='word_1_240' title='bbox 1789 1838 1892 1876; x_wconf 90' lang='lat' dir='ltr'>nec</span> <span class='ocrx_word' id='word_1_241' title='bbox 1909 1838 1976 1876; x_wconf 92' lang='lat' dir='ltr'>ea</span> <span class='ocrx_word' id='word_1_242' title='bbox 1999 1839 2109 1893; x_wconf 35' lang='lat' dir='ltr'>pos‘</span> 
     </span>
    </p>
   </div>
   <div class='ocr_carea' id='block_1_35' title="bbox 2220 1798 3884 1899">
    <p class='ocr_par' dir='ltr' id='par_1_35' title="bbox 2228 1817 3884 1899">
     <span class='ocr_line' id='line_1_35' title="bbox 2228 1817 3884 1899; baseline 0.001 -22"><span class='ocrx_word' id='word_1_243' title='bbox 2228 1821 2427 1891; x_wconf 87' lang='grc' dir='ltr'>ταύτην</span> <span class='ocrx_word' id='word_1_244' title='bbox 2461 1817 2577 1899; x_wconf 78' lang='grc' dir='ltr'>ἔχω</span> <span class='ocrx_word' id='word_1_245' title='bbox 2629 1826 2832 1885; x_wconf 88' lang='grc' dir='ltr'>κακῶς.</span> <span class='ocrx_word' id='word_1_246' title='bbox 2865 1828 2988 1884; x_wconf 82' lang='grc' dir='ltr'>Τοῖς</span> <span class='ocrx_word' id='word_1_247' title='bbox 3049 1824 3142 1896; x_wconf 75' lang='grc' dir='ltr'>μὲν</span> <span class='ocrx_word' id='word_1_248' title='bbox 3206 1823 3309 1896; x_wconf 74' lang='grc' dir='ltr'>γὰρ</span> <span class='ocrx_word' id='word_1_249' title='bbox 3353 1821 3441 1877; x_wconf 80' lang='grc' dir='ltr'><strong>καί</strong></span> <span class='ocrx_word' id='word_1_250' title='bbox 3487 1821 3706 1878; x_wconf 80' lang='grc' dir='ltr'>δυνατὸν</span> <span class='ocrx_word' id='word_1_251' title='bbox 3736 1823 3884 1878; x_wconf 63' lang='lat' dir='ltr'>(irro-</span> 
     </span>
    </p>
   </div>
   <div class='ocr_carea' id='block_1_36' title="bbox 484 1912 2118 1985">
    <p class='ocr_par' dir='ltr' id='par_1_36' title="bbox 484 1912 2118 1985">
     <span class='ocr_line' id='line_1_36' title="bbox 484 1912 2118 1985; baseline -0.003 -13"><span class='ocrx_word' id='word_1_252' title='bbox 484 1932 617 1972; x_wconf 86' lang='lat' dir='ltr'>sum</span> <span class='ocrx_word' id='word_1_253' title='bbox 643 1915 855 1980; x_wconf 90' lang='lat' dir='ltr'>videre,</span> <span class='ocrx_word' id='word_1_254' title='bbox 875 1931 1125 1985; x_wconf 91' lang='lat' dir='ltr'>quorum</span> <span class='ocrx_word' id='word_1_255' title='bbox 1149 1914 1352 1968; x_wconf 87' lang='lat' dir='ltr'>credor</span> <span class='ocrx_word' id='word_1_256' title='bbox 1373 1929 1500 1968; x_wconf 89' lang='lat' dir='ltr'>esse</span> <span class='ocrx_word' id='word_1_257' title='bbox 1522 1912 1779 1967; x_wconf 87' lang='lat' dir='ltr'>domina.</span> <span class='ocrx_word' id='word_1_258' title='bbox 1804 1912 1874 1966; x_wconf 90' lang='lat' dir='ltr'>Et</span> <span class='ocrx_word' id='word_1_259' title='bbox 1895 1912 2118 1968; x_wconf 87' lang='lat' dir='ltr'>utinam</span> 
     </span>
    </p>
   </div>
   <div class='ocr_carea' id='block_1_37' title="bbox 479 2000 2120 2074">
    <p class='ocr_par' dir='ltr' id='par_1_37' title="bbox 479 2000 2120 2074">
     <span class='ocr_line' id='line_1_37' title="bbox 479 2000 2120 2074; baseline -0.002 -15"><span class='ocrx_word' id='word_1_260' title='bbox 479 2004 700 2074; x_wconf 86' lang='lat' dir='ltr'>privata</span> <span class='ocrx_word' id='word_1_261' title='bbox 717 2003 810 2058; x_wconf 90' lang='lat' dir='ltr'>his</span> <span class='ocrx_word' id='word_1_262' title='bbox 825 2003 1096 2059; x_wconf 91' lang='lat' dir='ltr'>omnibus</span> <span class='ocrx_word' id='word_1_263' title='bbox 1113 2003 1268 2058; x_wconf 88' lang='lat' dir='ltr'>solos</span> <span class='ocrx_word' id='word_1_264' title='bbox 1287 2001 1554 2057; x_wconf 86' lang='lat' dir='ltr'>haberem</span> <span class='ocrx_word' id='word_1_265' title='bbox 1579 2000 1800 2056; x_wconf 88' lang='lat' dir='ltr'>oculos.</span> <span class='ocrx_word' id='word_1_266' title='bbox 1817 2000 2120 2071; x_wconf 86' lang='lat' dir='ltr'>PrOpterea</span> 
     </span>
    </p>
   </div>
   <div class='ocr_carea' id='block_1_38' title="bbox 475 2091 2116 2164">
    <p class='ocr_par' dir='ltr' id='par_1_38' title="bbox 475 2091 2116 2164">
     <span class='ocr_line' id='line_1_38' title="bbox 475 2091 2116 2164; baseline -0.001 -14"><span class='ocrx_word' id='word_1_267' title='bbox 475 2111 612 2164; x_wconf 82' lang='lat' dir='ltr'>rogo</span> <span class='ocrx_word' id='word_1_268' title='bbox 631 2097 793 2150; x_wconf 89' lang='lat' dir='ltr'>tuam</span> <span class='ocrx_word' id='word_1_269' title='bbox 818 2094 1164 2150; x_wconf 88' lang='lat' dir='ltr'>clementem</span> <span class='ocrx_word' id='word_1_270' title='bbox 1185 2093 1462 2159; x_wconf 90' lang='lat' dir='ltr'>animam,</span> <span class='ocrx_word' id='word_1_271' title='bbox 1478 2092 1667 2159; x_wconf 88' lang='lat' dir='ltr'>valde,</span> <span class='ocrx_word' id='word_1_272' title='bbox 1686 2091 1953 2163; x_wconf 90' lang='lat' dir='ltr'>inquam,</span> <span class='ocrx_word' id='word_1_273' title='bbox 1981 2109 2116 2164; x_wconf 91' lang='lat' dir='ltr'>rogo</span> 
     </span>
    </p>
   </div>
   <div class='ocr_carea' id='block_1_39' title="bbox 474 2182 2119 2255">
    <p class='ocr_par' dir='ltr' id='par_1_39' title="bbox 474 2182 2119 2255">
     <span class='ocr_line' id='line_1_39' title="bbox 474 2182 2119 2255; baseline -0.002 -15"><span class='ocrx_word' id='word_1_274' title='bbox 474 2189 532 2240; x_wconf 91' lang='lat' dir='ltr'>et</span> <span class='ocrx_word' id='word_1_275' title='bbox 561 2183 823 2255; x_wconf 89' lang='lat' dir='ltr'>supplico</span> <span class='ocrx_word' id='word_1_276' title='bbox 865 2183 1093 2250; x_wconf 88' lang='lat' dir='ltr'>misera,</span> <span class='ocrx_word' id='word_1_277' title='bbox 1122 2188 1188 2238; x_wconf 92' lang='lat' dir='ltr'>ut</span> <span class='ocrx_word' id='word_1_278' title='bbox 1217 2200 1375 2240; x_wconf 90' lang='lat' dir='ltr'>meos</span> <span class='ocrx_word' id='word_1_279' title='bbox 1409 2182 1637 2255; x_wconf 87' lang='lat' dir='ltr'>aperias</span> <span class='ocrx_word' id='word_1_280' title='bbox 1667 2184 1892 2250; x_wconf 89' lang='lat' dir='ltr'>oculos,</span> <span class='ocrx_word' id='word_1_281' title='bbox 1923 2185 1980 2237; x_wconf 88' lang='lat' dir='ltr'>et</span> <span class='ocrx_word' id='word_1_282' title='bbox 2017 2186 2119 2237; x_wconf 90' lang='lat' dir='ltr'>tua</span> 
     </span>
    </p>
   </div>
   <div class='ocr_carea' id='block_1_40' title="bbox 473 2271 2112 2346">
    <p class='ocr_par' dir='ltr' id='par_1_40' title="bbox 473 2271 2112 2346">
     <span class='ocr_line' id='line_1_40' title="bbox 473 2271 2112 2346; baseline -0.002 -17"><span class='ocrx_word' id='word_1_283' title='bbox 473 2274 626 2346; x_wconf 89' lang='lat' dir='ltr'>apud</span> <span class='ocrx_word' id='word_1_284' title='bbox 652 2290 849 2329; x_wconf 90' lang='lat' dir='ltr'>verum</span> <span class='ocrx_word' id='word_1_285' title='bbox 872 2273 1054 2329; x_wconf 91' lang='lat' dir='ltr'>Deum</span> <span class='ocrx_word' id='word_1_286' title='bbox 1081 2272 1287 2328; x_wconf 82' lang='lat' dir='ltr'>ﬁducia</span> <span class='ocrx_word' id='word_1_287' title='bbox 1310 2273 1394 2329; x_wconf 92' lang='lat' dir='ltr'>eis</span> <span class='ocrx_word' id='word_1_288' title='bbox 1416 2273 1526 2328; x_wconf 89' lang='lat' dir='ltr'>vim</span> <span class='ocrx_word' id='word_1_289' title='bbox 1551 2272 1784 2328; x_wconf 88' lang='lat' dir='ltr'>videndi</span> <span class='ocrx_word' id='word_1_290' title='bbox 1805 2271 2112 2328; x_wconf 88' lang='lat' dir='ltr'>immittas.</span> 
     </span>
    </p>
   </div>
   <div class='ocr_carea' id='block_1_41' title="bbox 2232 1907 3883 1988">
    <p class='ocr_par' dir='ltr' id='par_1_41' title="bbox 2232 1907 3883 1988">
     <span class='ocr_line' id='line_1_41' title="bbox 2232 1907 3883 1988; baseline 0 -22"><span class='ocrx_word' id='word_1_291' title='bbox 2232 1911 2410 1966; x_wconf 84' lang='grc' dir='ltr'>λαύειν</span> <span class='ocrx_word' id='word_1_292' title='bbox 2442 1918 2544 1980; x_wconf 83' lang='grc' dir='ltr'>τῆς</span> <span class='ocrx_word' id='word_1_293' title='bbox 2575 1911 2696 1975; x_wconf 80' lang='grc' dir='ltr'>θέας</span> <span class='ocrx_word' id='word_1_294' title='bbox 2753 1916 2860 1966; x_wconf 83' lang='grc' dir='ltr'>τῶν</span> <span class='ocrx_word' id='word_1_295' title='bbox 2928 1911 3133 1988; x_wconf 79' lang='grc' dir='ltr'>ὀλίγων</span> <span class='ocrx_word' id='word_1_296' title='bbox 3168 1911 3240 1966; x_wconf 83' lang='grc' dir='ltr'>ὧν</span> <span class='ocrx_word' id='word_1_297' title='bbox 3298 1907 3512 1988; x_wconf 76' lang='grc' dir='ltr'>έχουσι,</span> <span class='ocrx_word' id='word_1_298' title='bbox 3575 1913 3664 1968; x_wconf 85' lang='grc' dir='ltr'>καὶ</span> <span class='ocrx_word' id='word_1_299' title='bbox 3705 1910 3883 1968; x_wconf 84' lang='grc' dir='ltr'>διατί-</span> 
     </span>
    </p>
   </div>
   <div class='ocr_carea' id='block_1_42' title="bbox 2228 1999 3881 2078">
    <p class='ocr_par' dir='ltr' id='par_1_42' title="bbox 2228 1999 3881 2078">
     <span class='ocr_line' id='line_1_42' title="bbox 2228 1999 3881 2078; baseline 0.001 -22"><span class='ocrx_word' id='word_1_300' title='bbox 2228 2004 2404 2056; x_wconf 88' lang='grc' dir='ltr'>Οεσθαι</span> <span class='ocrx_word' id='word_1_301' title='bbox 2458 2001 2524 2056; x_wconf 71' lang='grc' dir='ltr'>τὰ</span> <span class='ocrx_word' id='word_1_302' title='bbox 2573 2003 2717 2070; x_wconf 81' lang='grc' dir='ltr'>ὅντα,</span> <span class='ocrx_word' id='word_1_303' title='bbox 2752 2001 2932 2076; x_wconf 83' lang='grc' dir='ltr'>ὣσπερ</span> <span class='ocrx_word' id='word_1_304' title='bbox 3001 2000 3059 2056; x_wconf 78' lang='grc' dir='ltr'>ἂν</span> <span class='ocrx_word' id='word_1_305' title='bbox 3115 2001 3444 2076; x_wconf 70' lang='grc' dir='ltr'>βούλωνται*</span> <span class='ocrx_word' id='word_1_306' title='bbox 3477 2002 3586 2078; x_wconf 86' lang='grc' dir='ltr'>ἐγὼ</span> <span class='ocrx_word' id='word_1_307' title='bbox 3643 1999 3700 2057; x_wconf 70' lang='grc' dir='ltr'>δὲ</span> <span class='ocrx_word' id='word_1_308' title='bbox 3750 2000 3881 2058; x_wconf 73' lang='grc' dir='ltr'>οὐδὲ</span> 
     </span>
    </p>
   </div>
   <div class='ocr_carea' id='block_1_43' title="bbox 2229 2085 3878 2168">
    <p class='ocr_par' dir='ltr' id='par_1_43' title="bbox 2229 2085 3878 2168">
     <span class='ocr_line' id='line_1_43' title="bbox 2229 2085 3878 2168; baseline 0.002 -25"><span class='ocrx_word' id='word_1_309' title='bbox 2229 2091 2355 2163; x_wconf 78' lang='grc' dir='ltr'>ὁρᾷν</span> <span class='ocrx_word' id='word_1_310' title='bbox 2385 2085 2499 2165; x_wconf 77' lang='grc' dir='ltr'>ἔχω</span> <span class='ocrx_word' id='word_1_311' title='bbox 2552 2096 2738 2163; x_wconf 80' lang='grc' dir='ltr'>ταῦτα,</span> <span class='ocrx_word' id='word_1_312' title='bbox 2779 2093 2853 2145; x_wconf 81' lang='grc' dir='ltr'>ὧν</span> <span class='ocrx_word' id='word_1_313' title='bbox 2916 2093 3048 2145; x_wconf 71' lang='grc' dir='ltr'>εἶναι</span> <span class='ocrx_word' id='word_1_314' title='bbox 3104 2091 3263 2164; x_wconf 73' lang='grc' dir='ltr'>κυρία</span> <span class='ocrx_word' id='word_1_315' title='bbox 3339 2090 3682 2164; x_wconf 82' lang='grc' dir='ltr'>πιστεύομαι⁶</span> <span class='ocrx_word' id='word_1_316' title='bbox 3745 2092 3878 2168; x_wconf 61' lang='grc' dir='ltr'>’ὀφε-</span> 
     </span>
    </p>
   </div>
   <div class='ocr_carea' id='block_1_44' title="bbox 2227 2179 3882 2258">
    <p class='ocr_par' dir='ltr' id='par_1_44' title="bbox 2227 2179 3882 2258">
     <span class='ocr_line' id='line_1_44' title="bbox 2227 2179 3882 2258; baseline 0.001 -26"><span class='ocrx_word' id='word_1_317' title='bbox 2227 2179 2323 2232; x_wconf 84' lang='grc' dir='ltr'>λόν</span> <span class='ocrx_word' id='word_1_318' title='bbox 2368 2200 2429 2252; x_wconf 92' lang='grc' dir='ltr'>γε</span> <span class='ocrx_word' id='word_1_319' title='bbox 2476 2179 2685 2236; x_wconf 88' lang='grc' dir='ltr'>τούτων</span> <span class='ocrx_word' id='word_1_320' title='bbox 2743 2181 2959 2235; x_wconf 78' lang='grc' dir='ltr'>πάντων</span> <span class='ocrx_word' id='word_1_321' title='bbox 3013 2181 3335 2257; x_wconf 73' lang='grc' dir='ltr'>ἀφῃρημένη</span> <span class='ocrx_word' id='word_1_322' title='bbox 3387 2180 3514 2243; x_wconf 78' lang='grc' dir='ltr'>τοὺς</span> <span class='ocrx_word' id='word_1_323' title='bbox 3563 2179 3882 2258; x_wconf 73' lang='grc' dir='ltr'>ὀφθαλμοὺς</span> 
     </span>
    </p>
   </div>
   <div class='ocr_carea' id='block_1_45' title="bbox 2227 2267 3885 2347">
    <p class='ocr_par' dir='ltr' id='par_1_45' title="bbox 2227 2267 3885 2347">
     <span class='ocr_line' id='line_1_45' title="bbox 2227 2267 3885 2347; baseline 0 -25"><span class='ocrx_word' id='word_1_324' title='bbox 2227 2270 2375 2347; x_wconf 71' lang='grc' dir='ltr'>εἶχον</span> <span class='ocrx_word' id='word_1_325' title='bbox 2427 2269 2648 2342; x_wconf 75' lang='grc' dir='ltr'>μόνους.</span> <span class='ocrx_word' id='word_1_326' title='bbox 2707 2269 2803 2324; x_wconf 86' lang='grc' dir='ltr'>Διὰ</span> <span class='ocrx_word' id='word_1_327' title='bbox 2858 2273 3017 2324; x_wconf 82' lang='grc' dir='ltr'>τοῦτο</span> <span class='ocrx_word' id='word_1_328' title='bbox 3050 2267 3238 2341; x_wconf 87' lang='grc' dir='ltr'>δέομαί</span> <span class='ocrx_word' id='word_1_329' title='bbox 3289 2291 3406 2336; x_wconf 86' lang='grc' dir='ltr'>σου,</span> <span class='ocrx_word' id='word_1_330' title='bbox 3442 2277 3541 2339; x_wconf 79' lang='grc' dir='ltr'>τῆς</span> <span class='ocrx_word' id='word_1_331' title='bbox 3574 2270 3885 2345; x_wconf 74' lang='grc' dir='ltr'>φιλανθρώ-</span> 
     </span>
    </p>
   </div>
   <div class='ocr_carea' id='block_1_46' title="bbox 473 2357 3880 2436">
    <p class='ocr_par' dir='ltr' id='par_1_46' title="bbox 473 2357 3880 2436">
     <span class='ocr_line' id='line_1_46' title="bbox 473 2357 3880 2436; baseline -0.001 -18"><span class='ocrx_word' id='word_1_332' title='bbox 473 2381 580 2418; x_wconf 90' lang='grc' dir='ltr'>που</span> <span class='ocrx_word' id='word_1_333' title='bbox 627 2362 811 2436; x_wconf 80' lang='grc' dir='ltr'>ψυχῆς</span> <span class='ocrx_word' id='word_1_334' title='bbox 867 2361 1000 2416; x_wconf 75' lang='grc' dir='ltr'>πάνυ</span> <span class='ocrx_word' id='word_1_335' title='bbox 1062 2359 1280 2435; x_wconf 85' lang='grc' dir='ltr'>δέομαι,</span> <span class='ocrx_word' id='word_1_336' title='bbox 1337 2361 1427 2416; x_wconf 77' lang='grc' dir='ltr'>καὶ</span> <span class='ocrx_word' id='word_1_337' title='bbox 1485 2360 1652 2425; x_wconf 76' lang='grc' dir='ltr'>ἱκέτις</span> <span class='ocrx_word' id='word_1_338' title='bbox 1706 2361 1740 2430; x_wconf 86' lang='grc' dir='ltr'>ἠ</span> <span class='ocrx_word' id='word_1_339' title='bbox 1797 2358 1960 2416; x_wconf 83' lang='grc' dir='ltr'>ἀθλία</span> <span class='ocrx_word' id='word_1_340' title='bbox 2012 2357 2260 2433; x_wconf 88' lang='grc' dir='ltr'>γίνομαι,</span> <span class='ocrx_word' id='word_1_341' title='bbox 2321 2357 2582 2432; x_wconf 78' lang='grc' dir='ltr'>διανοῖξαι</span> <span class='ocrx_word' id='word_1_342' title='bbox 2631 2358 2757 2420; x_wconf 86' lang='grc' dir='ltr'>τοὺς</span> <span class='ocrx_word' id='word_1_343' title='bbox 2826 2358 3147 2436; x_wconf 72' lang='grc' dir='ltr'>ὀφθαλμοὺς</span> <span class='ocrx_word' id='word_1_344' title='bbox 3219 2359 3346 2422; x_wconf 82' lang='grc' dir='ltr'>τοὺς</span> <span class='ocrx_word' id='word_1_345' title='bbox 3405 2359 3586 2422; x_wconf 78' lang='grc' dir='ltr'>ἐνεοῦς</span> <span class='ocrx_word' id='word_1_346' title='bbox 3634 2361 3726 2414; x_wconf 89' lang='grc' dir='ltr'>καὶ</span> <span class='ocrx_word' id='word_1_347' title='bbox 3809 2364 3880 2434; x_wconf 82' lang='grc' dir='ltr'>τῇ</span> 
     </span>
    </p>
   </div>
   <div class='ocr_carea' id='block_1_47' title="bbox 475 2445 2816 2527">
    <p class='ocr_par' dir='ltr' id='par_1_47' title="bbox 475 2445 2816 2527">
     <span class='ocr_line' id='line_1_47' title="bbox 475 2445 2816 2527; baseline 0 -23"><span class='ocrx_word' id='word_1_348' title='bbox 475 2454 544 2524; x_wconf 83' lang='grc' dir='ltr'>σῇ</span> <span class='ocrx_word' id='word_1_349' title='bbox 576 2451 712 2527; x_wconf 86' lang='grc' dir='ltr'>πρὸς</span> <span class='ocrx_word' id='word_1_350' title='bbox 741 2453 834 2506; x_wconf 85' lang='grc' dir='ltr'>τὸν</span> <span class='ocrx_word' id='word_1_351' title='bbox 876 2449 1058 2520; x_wconf 85' lang='grc' dir='ltr'>ἀληθῆ</span> <span class='ocrx_word' id='word_1_352' title='bbox 1093 2452 1220 2505; x_wconf 86' lang='grc' dir='ltr'>Θεὸν</span> <span class='ocrx_word' id='word_1_353' title='bbox 1248 2449 1545 2524; x_wconf 69' lang='grc' dir='ltr'>παρρησίᾳ,</span> <span class='ocrx_word' id='word_1_354' title='bbox 1584 2452 1683 2519; x_wconf 81' lang='grc' dir='ltr'>τὴν</span> <span class='ocrx_word' id='word_1_355' title='bbox 1714 2454 1812 2504; x_wconf 91' lang='grc' dir='ltr'>τοῦ</span> <span class='ocrx_word' id='word_1_356' title='bbox 1842 2447 2065 2523; x_wconf 75' lang='grc' dir='ltr'>βλέπειν</span> <span class='ocrx_word' id='word_1_357' title='bbox 2093 2446 2278 2508; x_wconf 81' lang='grc' dir='ltr'>αὐτοῖς</span> <span class='ocrx_word' id='word_1_358' title='bbox 2311 2445 2537 2518; x_wconf 88' lang='grc' dir='ltr'>δύναμιν</span> <span class='ocrx_word' id='word_1_359' title='bbox 2569 2448 2816 2505; x_wconf 86' lang='grc' dir='ltr'>ἐνθεῖναι.</span> 
     </span>
    </p>
   </div>
   <div class='ocr_carea' id='block_1_48' title="bbox 546 2539 2110 2611">
    <p class='ocr_par' dir='ltr' id='par_1_48' title="bbox 546 2539 2110 2611">
     <span class='ocr_line' id='line_1_48' title="bbox 546 2539 2110 2611; baseline -0.003 -16"><span class='ocrx_word' id='word_1_360' title='bbox 546 2541 612 2597; x_wconf 89' lang='grc' dir='ltr'><strong>Χ.</strong></span> <span class='ocrx_word' id='word_1_361' title='bbox 656 2541 757 2596; x_wconf 90' lang='lat' dir='ltr'>Ille</span> <span class='ocrx_word' id='word_1_362' title='bbox 809 2547 1041 2596; x_wconf 87' lang='lat' dir='ltr'>autem:</span> <span class='ocrx_word' id='word_1_363' title='bbox 1075 2543 1147 2595; x_wconf 86' lang='lat' dir='ltr'>At</span> <span class='ocrx_word' id='word_1_364' title='bbox 1176 2557 1302 2611; x_wconf 86' lang='lat' dir='ltr'>ego,</span> <span class='ocrx_word' id='word_1_365' title='bbox 1361 2541 1566 2610; x_wconf 85' lang='lat' dir='ltr'>inquit,</span> <span class='ocrx_word' id='word_1_366' title='bbox 1599 2557 1631 2594; x_wconf 93' lang='grc' dir='ltr'>ο</span> <span class='ocrx_word' id='word_1_367' title='bbox 1690 2539 1920 2604; x_wconf 86' lang='lat' dir='ltr'>mulier,</span> <span class='ocrx_word' id='word_1_368' title='bbox 1981 2553 2110 2593; x_wconf 90' lang='lat' dir='ltr'>sum</span> 
     </span>
    </p>
   </div>
   <div class='ocr_carea' id='block_1_49' title="bbox 474 2626 2111 2698">
    <p class='ocr_par' dir='ltr' id='par_1_49' title="bbox 474 2626 2111 2698">
     <span class='ocr_line' id='line_1_49' title="bbox 474 2626 2111 2698; baseline -0.003 -14"><span class='ocrx_word' id='word_1_369' title='bbox 474 2633 762 2698; x_wconf 89' lang='lat' dir='ltr'>peccator,</span> <span class='ocrx_word' id='word_1_370' title='bbox 796 2633 850 2684; x_wconf 90' lang='lat' dir='ltr'>et</span> <span class='ocrx_word' id='word_1_371' title='bbox 875 2629 974 2697; x_wconf 89' lang='lat' dir='ltr'>qui</span> <span class='ocrx_word' id='word_1_372' title='bbox 1006 2629 1191 2698; x_wconf 92' lang='lat' dir='ltr'>magis</span> <span class='ocrx_word' id='word_1_373' title='bbox 1221 2643 1358 2698; x_wconf 88' lang='lat' dir='ltr'>egeo</span> <span class='ocrx_word' id='word_1_374' title='bbox 1391 2626 1812 2692; x_wconf 86' lang='lat' dir='ltr'>misericordia,</span> <span class='ocrx_word' id='word_1_375' title='bbox 1865 2630 1921 2680; x_wconf 90' lang='lat' dir='ltr'>et</span> <span class='ocrx_word' id='word_1_376' title='bbox 1967 2640 2111 2695; x_wconf 91' lang='lat' dir='ltr'>pen-</span> 
     </span>
    </p>
   </div>
   <div class='ocr_carea' id='block_1_50' title="bbox 473 2715 2112 2774">
    <p class='ocr_par' dir='ltr' id='par_1_50' title="bbox 473 2715 2112 2774">
     <span class='ocr_line' id='line_1_50' title="bbox 473 2715 2112 2774; baseline -0.002 -2"><span class='ocrx_word' id='word_1_377' title='bbox 473 2718 579 2774; x_wconf 91' lang='lat' dir='ltr'>deo</span> <span class='ocrx_word' id='word_1_378' title='bbox 611 2722 767 2774; x_wconf 87' lang='lat' dir='ltr'>totus</span> <span class='ocrx_word' id='word_1_379' title='bbox 799 2735 831 2774; x_wconf 88' lang='lat' dir='ltr'>a</span> <span class='ocrx_word' id='word_1_380' title='bbox 861 2716 961 2773; x_wconf 87' lang='lat' dir='ltr'>Dei</span> <span class='ocrx_word' id='word_1_381' title='bbox 992 2716 1322 2772; x_wconf 89' lang='lat' dir='ltr'>clementia.</span> <span class='ocrx_word' id='word_1_382' title='bbox 1355 2717 1408 2771; x_wconf 92' lang='lat' dir='ltr'>Si</span> <span class='ocrx_word' id='word_1_383' title='bbox 1451 2720 1645 2772; x_wconf 87' lang='lat' dir='ltr'>autem</span> <span class='ocrx_word' id='word_1_384' title='bbox 1679 2719 1741 2770; x_wconf 92' lang='lat' dir='ltr'>tu</span> <span class='ocrx_word' id='word_1_385' title='bbox 1784 2715 1957 2770; x_wconf 88' lang='lat' dir='ltr'>etiam</span> <span class='ocrx_word' id='word_1_386' title='bbox 1990 2729 2112 2769; x_wconf 87' lang='lat' dir='ltr'>cre-</span> 
     </span>
    </p>
   </div>
   <div class='ocr_carea' id='block_1_51' title="bbox 475 2803 2110 2878">
    <p class='ocr_par' dir='ltr' id='par_1_51' title="bbox 475 2803 2110 2878">
     <span class='ocr_line' id='line_1_51' title="bbox 475 2803 2110 2878; baseline -0.003 -16"><span class='ocrx_word' id='word_1_387' title='bbox 475 2807 565 2862; x_wconf 88' lang='lat' dir='ltr'>dis</span> <span class='ocrx_word' id='word_1_388' title='bbox 597 2807 655 2862; x_wconf 92' lang='lat' dir='ltr'>in</span> <span class='ocrx_word' id='word_1_389' title='bbox 687 2807 890 2873; x_wconf 90' lang='lat' dir='ltr'>Deum,</span> <span class='ocrx_word' id='word_1_390' title='bbox 923 2805 984 2862; x_wconf 91' lang='lat' dir='ltr'>in</span> <span class='ocrx_word' id='word_1_391' title='bbox 1041 2822 1157 2878; x_wconf 90' lang='lat' dir='ltr'>quo</span> <span class='ocrx_word' id='word_1_392' title='bbox 1188 2821 1294 2876; x_wconf 90' lang='lat' dir='ltr'>ego</span> <span class='ocrx_word' id='word_1_393' title='bbox 1343 2804 1593 2871; x_wconf 83' lang='lat' dir='ltr'>confido,</span> <span class='ocrx_word' id='word_1_394' title='bbox 1643 2807 1834 2876; x_wconf 88' lang='lat' dir='ltr'>potest</span> <span class='ocrx_word' id='word_1_395' title='bbox 1871 2803 2110 2859; x_wconf 90' lang='lat' dir='ltr'>omnino</span> 
     </span>
    </p>
   </div>
   <div class='ocr_carea' id='block_1_52' title="bbox 475 2893 2108 2966">
    <p class='ocr_par' dir='ltr' id='par_1_52' title="bbox 475 2893 2108 2966">
     <span class='ocr_line' id='line_1_52' title="bbox 475 2893 2108 2966; baseline -0.001 -16"><span class='ocrx_word' id='word_1_396' title='bbox 475 2895 627 2950; x_wconf 89' lang='lat' dir='ltr'>sicut</span> <span class='ocrx_word' id='word_1_397' title='bbox 655 2895 728 2963; x_wconf 92' lang='lat' dir='ltr'>ei,</span> <span class='ocrx_word' id='word_1_398' title='bbox 758 2895 855 2966; x_wconf 89' lang='lat' dir='ltr'>qui</span> <span class='ocrx_word' id='word_1_399' title='bbox 879 2897 1004 2952; x_wconf 86' lang='lat' dir='ltr'>erat</span> <span class='ocrx_word' id='word_1_400' title='bbox 1032 2910 1218 2952; x_wconf 69' lang='lat' dir='ltr'>caecus</span> <span class='ocrx_word' id='word_1_401' title='bbox 1248 2895 1320 2950; x_wconf 84' lang='lat' dir='ltr'>ab</span> <span class='ocrx_word' id='word_1_402' title='bbox 1351 2898 1498 2960; x_wconf 90' lang='lat' dir='ltr'>ortu,</span> <span class='ocrx_word' id='word_1_403' title='bbox 1532 2893 1633 2949; x_wconf 91' lang='lat' dir='ltr'>tibi</span> <span class='ocrx_word' id='word_1_404' title='bbox 1659 2908 1892 2966; x_wconf 90' lang='lat' dir='ltr'>quoque</span> <span class='ocrx_word' id='word_1_405' title='bbox 1922 2893 2108 2948; x_wconf 82' lang='lat' dir='ltr'>visum</span> 
     </span>
    </p>
   </div>
   <div class='ocr_carea' id='block_1_53' title="bbox 477 2981 2111 3054">
    <p class='ocr_par' dir='ltr' id='par_1_53' title="bbox 477 2981 2111 3054">
     <span class='ocr_line' id='line_1_53' title="bbox 477 2981 2111 3054; baseline -0.002 -15"><span class='ocrx_word' id='word_1_406' title='bbox 477 2985 718 3040; x_wconf 88' lang='lat' dir='ltr'>donare.</span> <span class='ocrx_word' id='word_1_407' title='bbox 743 2983 847 3039; x_wconf 86' lang='lat' dir='ltr'>Illa</span> <span class='ocrx_word' id='word_1_408' title='bbox 883 2999 1014 3041; x_wconf 90' lang='lat' dir='ltr'>vero</span> <span class='ocrx_word' id='word_1_409' title='bbox 1057 2999 1070 3039; x_wconf 91' lang='lat'>:</span> <span class='ocrx_word' id='word_1_410' title='bbox 1105 2984 1308 3052; x_wconf 88' lang='lat' dir='ltr'>Credo,</span> <span class='ocrx_word' id='word_1_411' title='bbox 1343 2982 1553 3054; x_wconf 88' lang='lat' dir='ltr'>inquit,</span> <span class='ocrx_word' id='word_1_412' title='bbox 1585 2982 1644 3038; x_wconf 82' lang='lat' dir='ltr'>in</span> <span class='ocrx_word' id='word_1_413' title='bbox 1674 2998 1877 3038; x_wconf 90' lang='lat' dir='ltr'>verum</span> <span class='ocrx_word' id='word_1_414' title='bbox 1909 2981 2111 3036; x_wconf 85' lang='lat' dir='ltr'>Domi-</span> 
     </span>
    </p>
   </div>
   <div class='ocr_carea' id='block_1_54' title="bbox 476 3071 2112 3144">
    <p class='ocr_par' dir='ltr' id='par_1_54' title="bbox 476 3071 2112 3144">
     <span class='ocr_line' id='line_1_54' title="bbox 476 3071 2112 3144; baseline -0.002 -15"><span class='ocrx_word' id='word_1_415' title='bbox 476 3089 615 3129; x_wconf 90' lang='lat' dir='ltr'>num</span> <span class='ocrx_word' id='word_1_416' title='bbox 649 3073 944 3130; x_wconf 90' lang='lat' dir='ltr'>Christum</span> <span class='ocrx_word' id='word_1_417' title='bbox 978 3087 992 3128; x_wconf 92' lang='lat'><strong>:</strong></span> <span class='ocrx_word' id='word_1_418' title='bbox 1031 3081 1086 3128; x_wconf 90' lang='lat' dir='ltr'>tu</span> <span class='ocrx_word' id='word_1_419' title='bbox 1137 3072 1314 3144; x_wconf 86' lang='lat' dir='ltr'>igitur</span> <span class='ocrx_word' id='word_1_420' title='bbox 1341 3089 1501 3128; x_wconf 87' lang='lat' dir='ltr'>meos</span> <span class='ocrx_word' id='word_1_421' title='bbox 1533 3071 1818 3128; x_wconf 87' lang='lat' dir='ltr'>credentis</span> <span class='ocrx_word' id='word_1_422' title='bbox 1864 3076 2112 3142; x_wconf 89' lang='lat' dir='ltr'>tangens</span> 
     </span>
    </p>
   </div>
   <div class='ocr_carea' id='block_1_55' title="bbox 475 3158 2114 3232">
    <p class='ocr_par' dir='ltr' id='par_1_55' title="bbox 475 3158 2114 3232">
     <span class='ocr_line' id='line_1_55' title="bbox 475 3158 2114 3232; baseline -0.003 -13"><span class='ocrx_word' id='word_1_423' title='bbox 475 3163 691 3229; x_wconf 91' lang='lat' dir='ltr'>oculos,</span> <span class='ocrx_word' id='word_1_424' title='bbox 718 3163 1041 3232; x_wconf 83' lang='lat' dir='ltr'>jucundam</span> <span class='ocrx_word' id='word_1_425' title='bbox 1089 3165 1146 3217; x_wconf 92' lang='lat' dir='ltr'>et</span> <span class='ocrx_word' id='word_1_426' title='bbox 1177 3160 1624 3218; x_wconf 87' lang='lat' dir='ltr'>desiderabilem</span> <span class='ocrx_word' id='word_1_427' title='bbox 1657 3159 1740 3215; x_wconf 89' lang='lat' dir='ltr'>eis</span> <span class='ocrx_word' id='word_1_428' title='bbox 1770 3158 1962 3215; x_wconf 89' lang='lat' dir='ltr'>lucem</span> <span class='ocrx_word' id='word_1_429' title='bbox 1997 3158 2114 3214; x_wconf 87' lang='lat' dir='ltr'>lar-</span> 
     </span>
    </p>
   </div>
   <div class='ocr_carea' id='block_1_56' title="bbox 470 3246 2116 3323">
    <p class='ocr_par' dir='ltr' id='par_1_56' title="bbox 470 3246 2116 3323">
     <span class='ocr_line' id='line_1_56' title="bbox 470 3246 2116 3323; baseline -0.003 -15"><span class='ocrx_word' id='word_1_430' title='bbox 470 3251 612 3323; x_wconf 81' lang='lat' dir='ltr'>gire.</span> <span class='ocrx_word' id='word_1_431' title='bbox 653 3251 784 3307; x_wconf 64' lang='lat' dir='ltr'>Hec</span> <span class='ocrx_word' id='word_1_432' title='bbox 813 3267 929 3308; x_wconf 89' lang='lat' dir='ltr'>non</span> <span class='ocrx_word' id='word_1_433' title='bbox 979 3249 1155 3306; x_wconf 89' lang='lat' dir='ltr'>nudis</span> <span class='ocrx_word' id='word_1_434' title='bbox 1187 3248 1378 3306; x_wconf 83' lang='lat' dir='ltr'>solum</span> <span class='ocrx_word' id='word_1_435' title='bbox 1411 3249 1643 3304; x_wconf 88' lang='lat' dir='ltr'>dicebat</span> <span class='ocrx_word' id='word_1_436' title='bbox 1678 3247 1892 3317; x_wconf 90' lang='lat' dir='ltr'>verbis,</span> <span class='ocrx_word' id='word_1_437' title='bbox 1924 3246 2026 3303; x_wconf 90' lang='lat' dir='ltr'>sed</span> <span class='ocrx_word' id='word_1_438' title='bbox 2057 3250 2116 3303; x_wconf 89' lang='lat' dir='ltr'>et</span> 
     </span>
    </p>
   </div>
   <div class='ocr_carea' id='block_1_57' title="bbox 469 3335 2113 3408">
    <p class='ocr_par' dir='ltr' id='par_1_57' title="bbox 469 3335 2113 3408">
     <span class='ocr_line' id='line_1_57' title="bbox 469 3335 2113 3408; baseline -0.003 -13"><span class='ocrx_word' id='word_1_439' title='bbox 469 3339 731 3396; x_wconf 87' lang='lat' dir='ltr'>moribus</span> <span class='ocrx_word' id='word_1_440' title='bbox 762 3339 1168 3408; x_wconf 83' lang='lat' dir='ltr'>conﬁrmabat,</span> <span class='ocrx_word' id='word_1_441' title='bbox 1193 3344 1250 3395; x_wconf 93' lang='lat' dir='ltr'>et</span> <span class='ocrx_word' id='word_1_442' title='bbox 1283 3338 1543 3394; x_wconf 81' lang='lat' dir='ltr'>fontibus</span> <span class='ocrx_word' id='word_1_443' title='bbox 1575 3341 1974 3408; x_wconf 84' lang='lat' dir='ltr'>Iacrymarum.</span> <span class='ocrx_word' id='word_1_444' title='bbox 2008 3335 2113 3391; x_wconf 86' lang='lat' dir='ltr'>Mi-</span> 
     </span>
    </p>
   </div>
   <div class='ocr_carea' id='block_1_58' title="bbox 472 3423 2113 3499">
    <p class='ocr_par' dir='ltr' id='par_1_58' title="bbox 472 3423 2113 3499">
     <span class='ocr_line' id='line_1_58' title="bbox 472 3423 2113 3499; baseline -0.003 -16"><span class='ocrx_word' id='word_1_445' title='bbox 472 3433 663 3484; x_wconf 87' lang='lat' dir='ltr'>sertus</span> <span class='ocrx_word' id='word_1_446' title='bbox 712 3443 847 3499; x_wconf 87' lang='lat' dir='ltr'>ergo</span> <span class='ocrx_word' id='word_1_447' title='bbox 906 3437 1166 3496; x_wconf 87' lang='lat' dir='ltr'>sanctus,</span> <span class='ocrx_word' id='word_1_448' title='bbox 1219 3432 1277 3483; x_wconf 90' lang='lat' dir='ltr'>et</span> <span class='ocrx_word' id='word_1_449' title='bbox 1320 3428 1386 3482; x_wconf 88' lang='lat' dir='ltr'>ad</span> <span class='ocrx_word' id='word_1_450' title='bbox 1445 3426 1615 3482; x_wconf 78' lang='lat' dir='ltr'>cmlos</span> <span class='ocrx_word' id='word_1_451' title='bbox 1674 3425 1979 3497; x_wconf 78' lang='lat' dir='ltr'>aspiciens,</span> <span class='ocrx_word' id='word_1_452' title='bbox 2012 3423 2113 3495; x_wconf 88' lang='lat' dir='ltr'>qui</span> 
     </span>
    </p>
   </div>
   <div class='ocr_carea' id='block_1_59' title="bbox 471 3511 2112 3586">
    <p class='ocr_par' dir='ltr' id='par_1_59' title="bbox 471 3511 2112 3586">
     <span class='ocr_line' id='line_1_59' title="bbox 471 3511 2112 3586; baseline -0.001 -17"><span class='ocrx_word' id='word_1_453' title='bbox 471 3519 597 3569; x_wconf 86' lang='lat' dir='ltr'>erat</span> <span class='ocrx_word' id='word_1_454' title='bbox 651 3515 810 3571; x_wconf 61' lang='lat' dir='ltr'>caelis</span> <span class='ocrx_word' id='word_1_455' title='bbox 865 3532 995 3572; x_wconf 89' lang='lat' dir='ltr'>vere</span> <span class='ocrx_word' id='word_1_456' title='bbox 1038 3516 1298 3586; x_wconf 82' lang='lat' dir='ltr'>dignus:</span> <span class='ocrx_word' id='word_1_457' title='bbox 1332 3514 1500 3582; x_wconf 89' lang='lat' dir='ltr'>Veni,</span> <span class='ocrx_word' id='word_1_458' title='bbox 1561 3514 1767 3585; x_wconf 87' lang='lat' dir='ltr'>inquit,</span> <span class='ocrx_word' id='word_1_459' title='bbox 1823 3529 1956 3568; x_wconf 88' lang='lat' dir='ltr'>vera</span> <span class='ocrx_word' id='word_1_460' title='bbox 2013 3511 2112 3567; x_wconf 84' lang='lat' dir='ltr'>lux</span> 
     </span>
    </p>
   </div>
   <div class='ocr_carea' id='block_1_60' title="bbox 471 3603 2112 3676">
    <p class='ocr_par' dir='ltr' id='par_1_60' title="bbox 471 3603 2112 3676">
     <span class='ocr_line' id='line_1_60' title="bbox 471 3603 2112 3676; baseline -0.001 -18"><span class='ocrx_word' id='word_1_461' title='bbox 471 3603 612 3658; x_wconf 88' lang='lat' dir='ltr'>Jesu</span> <span class='ocrx_word' id='word_1_462' title='bbox 643 3603 891 3671; x_wconf 88' lang='lat' dir='ltr'>Christe,</span> <span class='ocrx_word' id='word_1_463' title='bbox 922 3609 980 3660; x_wconf 90' lang='lat' dir='ltr'>et</span> <span class='ocrx_word' id='word_1_464' title='bbox 1009 3605 1168 3676; x_wconf 87' lang='lat' dir='ltr'>aperi</span> <span class='ocrx_word' id='word_1_465' title='bbox 1227 3605 1402 3674; x_wconf 88' lang='lat' dir='ltr'>hujus</span> <span class='ocrx_word' id='word_1_466' title='bbox 1432 3603 1653 3660; x_wconf 89' lang='lat' dir='ltr'>oculos.</span> <span class='ocrx_word' id='word_1_467' title='bbox 1704 3603 1918 3658; x_wconf 92' lang='lat' dir='ltr'>Deinde</span> <span class='ocrx_word' id='word_1_468' title='bbox 1969 3617 2112 3658; x_wconf 90' lang='lat' dir='ltr'>con-</span> 
     </span>
    </p>
   </div>
   <div class='ocr_carea' id='block_1_61' title="bbox 469 3692 2105 3764">
    <p class='ocr_par' dir='ltr' id='par_1_61' title="bbox 469 3692 2105 3764">
     <span class='ocr_line' id='line_1_61' title="bbox 469 3692 2105 3764; baseline -0.002 -16"><span class='ocrx_word' id='word_1_469' title='bbox 469 3709 689 3762; x_wconf 90' lang='lat' dir='ltr'>versus,</span> <span class='ocrx_word' id='word_1_470' title='bbox 721 3709 858 3748; x_wconf 88' lang='lat' dir='ltr'>cum</span> <span class='ocrx_word' id='word_1_471' title='bbox 911 3695 1040 3764; x_wconf 89' lang='lat' dir='ltr'>ejus</span> <span class='ocrx_word' id='word_1_472' title='bbox 1082 3694 1356 3764; x_wconf 84' lang='lat' dir='ltr'>tetigisset</span> <span class='ocrx_word' id='word_1_473' title='bbox 1387 3695 1587 3749; x_wconf 89' lang='lat' dir='ltr'>oculos</span> <span class='ocrx_word' id='word_1_474' title='bbox 1622 3710 1634 3748; x_wconf 89' lang='lat'><strong>:</strong></span> <span class='ocrx_word' id='word_1_475' title='bbox 1667 3694 1725 3748; x_wconf 90' lang='lat' dir='ltr'>Si</span> <span class='ocrx_word' id='word_1_476' title='bbox 1756 3707 1907 3760; x_wconf 87' lang='lat' dir='ltr'>vere,</span> <span class='ocrx_word' id='word_1_477' title='bbox 1941 3692 2105 3758; x_wconf 85' lang='lat' dir='ltr'>dixit,</span> 
     </span>
    </p>
   </div>
   <div class='ocr_carea' id='block_1_62' title="bbox 471 3780 2106 3851">
    <p class='ocr_par' dir='ltr' id='par_1_62' title="bbox 471 3780 2106 3851">
     <span class='ocr_line' id='line_1_62' title="bbox 471 3780 2106 3851; baseline -0.001 -15"><span class='ocrx_word' id='word_1_478' title='bbox 471 3781 531 3836; x_wconf 93' lang='lat' dir='ltr'>in</span> <span class='ocrx_word' id='word_1_479' title='bbox 560 3781 854 3836; x_wconf 82' lang='lat' dir='ltr'>Christum</span> <span class='ocrx_word' id='word_1_480' title='bbox 913 3780 1158 3835; x_wconf 91' lang='lat' dir='ltr'>credidit</span> <span class='ocrx_word' id='word_1_481' title='bbox 1189 3781 1512 3851; x_wconf 88' lang='lat' dir='ltr'>Phrygella,</span> <span class='ocrx_word' id='word_1_482' title='bbox 1547 3781 1736 3836; x_wconf 85' lang='lat' dir='ltr'>statim</span> <span class='ocrx_word' id='word_1_483' title='bbox 1768 3781 1957 3836; x_wconf 88' lang='lat' dir='ltr'>visum</span> <span class='ocrx_word' id='word_1_484' title='bbox 2012 3797 2106 3835; x_wconf 86' lang='lat' dir='ltr'>re-</span> 
     </span>
    </p>
   </div>
   <div class='ocr_carea' id='block_1_63' title="bbox 467 3867 2107 3940">
    <p class='ocr_par' dir='ltr' id='par_1_63' title="bbox 467 3867 2107 3940">
     <span class='ocr_line' id='line_1_63' title="bbox 467 3867 2107 3940; baseline -0.001 -15"><span class='ocrx_word' id='word_1_485' title='bbox 467 3870 665 3940; x_wconf 86' lang='lat' dir='ltr'>cipiat.</span> <span class='ocrx_word' id='word_1_486' title='bbox 726 3869 872 3924; x_wconf 91' lang='lat' dir='ltr'>Cum</span> <span class='ocrx_word' id='word_1_487' title='bbox 905 3868 987 3924; x_wconf 89' lang='lat' dir='ltr'>sic</span> <span class='ocrx_word' id='word_1_488' title='bbox 1017 3883 1152 3940; x_wconf 86' lang='lat' dir='ltr'>ergo</span> <span class='ocrx_word' id='word_1_489' title='bbox 1185 3867 1446 3933; x_wconf 81' lang='lat' dir='ltr'>dixisset,</span> <span class='ocrx_word' id='word_1_490' title='bbox 1477 3873 1534 3924; x_wconf 90' lang='lat' dir='ltr'>et</span> <span class='ocrx_word' id='word_1_491' title='bbox 1588 3867 1778 3924; x_wconf 90' lang='lat' dir='ltr'>soluta</span> <span class='ocrx_word' id='word_1_492' title='bbox 1833 3873 1923 3924; x_wconf 89' lang='lat' dir='ltr'>est</span> <span class='ocrx_word' id='word_1_493' title='bbox 1978 3869 2107 3938; x_wconf 90' lang='lat' dir='ltr'>ipsa</span> 
     </span>
    </p>
   </div>
   <div class='ocr_carea' id='block_1_64' title="bbox 465 3956 2102 4030">
    <p class='ocr_par' dir='ltr' id='par_1_64' title="bbox 465 3956 2102 4030">
     <span class='ocr_line' id='line_1_64' title="bbox 465 3956 2102 4030; baseline -0.001 -16"><span class='ocrx_word' id='word_1_494' title='bbox 465 3957 707 4024; x_wconf 84' lang='lat' dir='ltr'>orbitas,</span> <span class='ocrx_word' id='word_1_495' title='bbox 764 3961 824 4014; x_wconf 83' lang='lat' dir='ltr'>et</span> <span class='ocrx_word' id='word_1_496' title='bbox 881 3958 1070 4030; x_wconf 88' lang='lat' dir='ltr'>patuit</span> <span class='ocrx_word' id='word_1_497' title='bbox 1126 3972 1314 4012; x_wconf 85' lang='lat' dir='ltr'>veram</span> <span class='ocrx_word' id='word_1_498' title='bbox 1385 3956 1564 4012; x_wconf 82' lang='lat' dir='ltr'>fuisse</span> <span class='ocrx_word' id='word_1_499' title='bbox 1636 3957 1763 4026; x_wconf 88' lang='lat' dir='ltr'>ejus</span> <span class='ocrx_word' id='word_1_500' title='bbox 1814 3957 1989 4011; x_wconf 80' lang='lat' dir='ltr'>fidem</span> <span class='ocrx_word' id='word_1_501' title='bbox 2043 3957 2102 4012; x_wconf 92' lang='lat' dir='ltr'>in</span> 
     </span>
    </p>
   </div>
   <div class='ocr_carea' id='block_1_65' title="bbox 465 4043 2102 4116">
    <p class='ocr_par' dir='ltr' id='par_1_65' title="bbox 465 4043 2102 4116">
     <span class='ocr_line' id='line_1_65' title="bbox 465 4043 2102 4116; baseline -0.001 -15"><span class='ocrx_word' id='word_1_502' title='bbox 465 4046 779 4102; x_wconf 86' lang='lat' dir='ltr'>Christum.</span> <span class='ocrx_word' id='word_1_503' title='bbox 825 4045 997 4102; x_wconf 87' lang='lat' dir='ltr'>Visus</span> <span class='ocrx_word' id='word_1_504' title='bbox 1029 4044 1182 4102; x_wconf 90' lang='lat' dir='ltr'>enim</span> <span class='ocrx_word' id='word_1_505' title='bbox 1227 4043 1527 4100; x_wconf 88' lang='lat' dir='ltr'>oculorum</span> <span class='ocrx_word' id='word_1_506' title='bbox 1574 4043 1830 4116; x_wconf 84' lang='lat' dir='ltr'>corporis</span> <span class='ocrx_word' id='word_1_507' title='bbox 1879 4044 2102 4116; x_wconf 84' lang='lat' dir='ltr'>signiﬁ-</span> 
     </span>
    </p>
   </div>
   <div class='ocr_carea' id='block_1_66' title="bbox 464 4133 2102 4192">
    <p class='ocr_par' dir='ltr' id='par_1_66' title="bbox 464 4133 2102 4192">
     <span class='ocr_line' id='line_1_66' title="bbox 464 4133 2102 4192; baseline -0.001 0"><span class='ocrx_word' id='word_1_508' title='bbox 464 4135 634 4192; x_wconf 90' lang='lat' dir='ltr'>cabat</span> <span class='ocrx_word' id='word_1_509' title='bbox 662 4135 1025 4192; x_wconf 80' lang='lat' dir='ltr'>illuminatos</span> <span class='ocrx_word' id='word_1_510' title='bbox 1055 4150 1180 4192; x_wconf 90' lang='lat' dir='ltr'>esse</span> <span class='ocrx_word' id='word_1_511' title='bbox 1215 4135 1423 4190; x_wconf 67' lang='lat' dir='ltr'>animm</span> <span class='ocrx_word' id='word_1_512' title='bbox 1454 4133 1676 4191; x_wconf 89' lang='lat' dir='ltr'>oculos.</span> <span class='ocrx_word' id='word_1_513' title='bbox 1705 4135 1878 4191; x_wconf 90' lang='lat' dir='ltr'>Porro</span> <span class='ocrx_word' id='word_1_514' title='bbox 1907 4139 2102 4190; x_wconf 85' lang='lat' dir='ltr'>autem</span> 
     </span>
    </p>
   </div>
   <div class='ocr_carea' id='block_1_67' title="bbox 464 4223 2098 4296">
    <p class='ocr_par' dir='ltr' id='par_1_67' title="bbox 464 4223 2098 4296">
     <span class='ocr_line' id='line_1_67' title="bbox 464 4223 2098 4296; baseline -0.001 -16"><span class='ocrx_word' id='word_1_515' title='bbox 464 4224 698 4295; x_wconf 90' lang='lat' dir='ltr'>cognita</span> <span class='ocrx_word' id='word_1_516' title='bbox 729 4228 817 4281; x_wconf 92' lang='lat' dir='ltr'>est</span> <span class='ocrx_word' id='word_1_517' title='bbox 836 4225 1012 4280; x_wconf 88' lang='lat' dir='ltr'>etiam</span> <span class='ocrx_word' id='word_1_518' title='bbox 1046 4224 1105 4280; x_wconf 92' lang='lat' dir='ltr'>in</span> <span class='ocrx_word' id='word_1_519' title='bbox 1149 4225 1300 4281; x_wconf 88' lang='lat' dir='ltr'>dono</span> <span class='ocrx_word' id='word_1_520' title='bbox 1331 4228 1516 4296; x_wconf 84' lang='lat' dir='ltr'>grata,</span> <span class='ocrx_word' id='word_1_521' title='bbox 1551 4223 1752 4280; x_wconf 88' lang='lat' dir='ltr'>dicens</span> <span class='ocrx_word' id='word_1_522' title='bbox 1785 4239 1798 4278; x_wconf 89' lang='lat'>:</span> <span class='ocrx_word' id='word_1_523' title='bbox 1834 4223 2098 4292; x_wconf 86' lang='lat' dir='ltr'>Domine,</span> 
     </span>
    </p>
   </div>
   <div class='ocr_carea' id='block_1_68' title="bbox 465 4312 2101 4385">
    <p class='ocr_par' dir='ltr' id='par_1_68' title="bbox 465 4312 2101 4385">
     <span class='ocr_line' id='line_1_68' title="bbox 465 4312 2101 4385; baseline 0.001 -19"><span class='ocrx_word' id='word_1_524' title='bbox 465 4327 572 4383; x_wconf 90' lang='lat' dir='ltr'>ago</span> <span class='ocrx_word' id='word_1_525' title='bbox 627 4313 731 4368; x_wconf 87' lang='lat' dir='ltr'>tibi</span> <span class='ocrx_word' id='word_1_526' title='bbox 765 4314 1002 4382; x_wconf 89' lang='lat' dir='ltr'>gratias,</span> <span class='ocrx_word' id='word_1_527' title='bbox 1059 4315 1214 4385; x_wconf 91' lang='lat' dir='ltr'>quod</span> <span class='ocrx_word' id='word_1_528' title='bbox 1248 4313 1394 4368; x_wconf 91' lang='lat' dir='ltr'>mihi</span> <span class='ocrx_word' id='word_1_529' title='bbox 1443 4313 1753 4384; x_wconf 89' lang='lat' dir='ltr'>dupliciter</span> <span class='ocrx_word' id='word_1_530' title='bbox 1783 4314 1971 4368; x_wconf 90' lang='lat' dir='ltr'>lucem</span> <span class='ocrx_word' id='word_1_531' title='bbox 2021 4312 2101 4368; x_wconf 90' lang='lat' dir='ltr'>sis</span> 
     </span>
    </p>
   </div>
   <div class='ocr_carea' id='block_1_69' title="bbox 463 4401 2096 4474">
    <p class='ocr_par' dir='ltr' id='par_1_69' title="bbox 463 4401 2096 4474">
     <span class='ocr_line' id='line_1_69' title="bbox 463 4401 2096 4474; baseline 0.001 -18"><span class='ocrx_word' id='word_1_532' title='bbox 463 4401 724 4472; x_wconf 81' lang='lat' dir='ltr'>largitus.</span> <span class='ocrx_word' id='word_1_533' title='bbox 785 4404 886 4457; x_wconf 87' lang='lat' dir='ltr'>His</span> <span class='ocrx_word' id='word_1_534' title='bbox 942 4403 1094 4457; x_wconf 91' lang='lat' dir='ltr'>enim</span> <span class='ocrx_word' id='word_1_535' title='bbox 1129 4403 1225 4472; x_wconf 92' lang='lat' dir='ltr'>qui</span> <span class='ocrx_word' id='word_1_536' title='bbox 1279 4403 1550 4457; x_wconf 90' lang='lat' dir='ltr'>videntur</span> <span class='ocrx_word' id='word_1_537' title='bbox 1605 4402 1788 4458; x_wconf 91' lang='lat' dir='ltr'>oculis</span> <span class='ocrx_word' id='word_1_538' title='bbox 1819 4403 2096 4474; x_wconf 89' lang='lat' dir='ltr'>corporis,</span> 
     </span>
    </p>
   </div>
   <div class='ocr_carea' id='block_1_70' title="bbox 461 4491 2097 4564">
    <p class='ocr_par' dir='ltr' id='par_1_70' title="bbox 461 4491 2097 4564">
     <span class='ocr_line' id='line_1_70' title="bbox 461 4491 2097 4564; baseline 0.001 -18"><span class='ocrx_word' id='word_1_539' title='bbox 461 4491 652 4546; x_wconf 87' lang='lat' dir='ltr'>cordis</span> <span class='ocrx_word' id='word_1_540' title='bbox 682 4491 882 4546; x_wconf 89' lang='lat' dir='ltr'>oculos</span> <span class='ocrx_word' id='word_1_541' title='bbox 936 4491 1106 4561; x_wconf 87' lang='lat' dir='ltr'>longe</span> <span class='ocrx_word' id='word_1_542' title='bbox 1153 4491 1294 4545; x_wconf 90' lang='lat' dir='ltr'>mihi</span> <span class='ocrx_word' id='word_1_543' title='bbox 1343 4492 1528 4560; x_wconf 86' lang='lat' dir='ltr'>magis</span> <span class='ocrx_word' id='word_1_544' title='bbox 1576 4492 1900 4564; x_wconf 89' lang='lat' dir='ltr'>aperuisti;</span> <span class='ocrx_word' id='word_1_545' title='bbox 1943 4494 2097 4548; x_wconf 88' lang='lat' dir='ltr'>unde</span> 
     </span>
    </p>
   </div>
   <div class='ocr_carea' id='block_1_71' title="bbox 461 4578 2094 4649">
    <p class='ocr_par' dir='ltr' id='par_1_71' title="bbox 461 4578 2094 4649">
     <span class='ocr_line' id='line_1_71' title="bbox 461 4578 2094 4649; baseline 0.001 -13"><span class='ocrx_word' id='word_1_546' title='bbox 461 4579 635 4636; x_wconf 90' lang='lat' dir='ltr'>etiam</span> <span class='ocrx_word' id='word_1_547' title='bbox 685 4578 829 4634; x_wconf 90' lang='lat' dir='ltr'>mihi</span> <span class='ocrx_word' id='word_1_548' title='bbox 887 4579 1156 4634; x_wconf 89' lang='lat' dir='ltr'>convenit</span> <span class='ocrx_word' id='word_1_549' title='bbox 1205 4578 1417 4647; x_wconf 90' lang='lat' dir='ltr'>dicere,</span> <span class='ocrx_word' id='word_1_550' title='bbox 1475 4595 1598 4649; x_wconf 78' lang='lat' dir='ltr'>quae</span> <span class='ocrx_word' id='word_1_551' title='bbox 1663 4584 1802 4635; x_wconf 89' lang='lat' dir='ltr'>tuus</span> <span class='ocrx_word' id='word_1_552' title='bbox 1857 4581 2034 4636; x_wconf 91' lang='lat' dir='ltr'>David</span> <span class='ocrx_word' id='word_1_553' title='bbox 2080 4598 2094 4638; x_wconf 89' lang='lat'><strong>:</strong></span> 
     </span>
    </p>
   </div>
   <div class='ocr_carea' id='block_1_72' title="bbox 458 4666 2098 4740">
    <p class='ocr_par' dir='ltr' id='par_1_72' title="bbox 458 4666 2098 4740">
     <span class='ocr_line' id='line_1_72' title="bbox 458 4666 2098 4740; baseline 0.004 -20"><span class='ocrx_word' id='word_1_554' title='bbox 458 4691 488 4720; x_wconf 84' lang='lat'><strong><em>«</em></strong></span> <span class='ocrx_word' id='word_1_555' title='bbox 520 4667 802 4724; x_wconf 88' lang='lat' dir='ltr'>Liberasti</span> <span class='ocrx_word' id='word_1_556' title='bbox 833 4666 1033 4724; x_wconf 89' lang='lat' dir='ltr'>oculos</span> <span class='ocrx_word' id='word_1_557' title='bbox 1065 4683 1228 4723; x_wconf 90' lang='lat' dir='ltr'>meos</span> <span class='ocrx_word' id='word_1_558' title='bbox 1261 4684 1295 4722; x_wconf 92' lang='lat' dir='ltr'>a</span> <span class='ocrx_word' id='word_1_559' title='bbox 1325 4666 1619 4739; x_wconf 82' lang='lat' dir='ltr'>lacrymis,</span> <span class='ocrx_word' id='word_1_560' title='bbox 1650 4673 1708 4725; x_wconf 90' lang='lat' dir='ltr'>et</span> <span class='ocrx_word' id='word_1_561' title='bbox 1737 4670 1911 4740; x_wconf 90' lang='lat' dir='ltr'>pedes</span> <span class='ocrx_word' id='word_1_562' title='bbox 1940 4687 2098 4727; x_wconf 87' lang='lat' dir='ltr'>meos</span> 
     </span>
    </p>
   </div>
   <div class='ocr_carea' id='block_1_73' title="bbox 461 4755 2094 4830">
    <p class='ocr_par' dir='ltr' id='par_1_73' title="bbox 461 4755 2094 4830">
     <span class='ocr_line' id='line_1_73' title="bbox 461 4755 2094 4830; baseline 0.001 -16"><span class='ocrx_word' id='word_1_563' title='bbox 461 4775 495 4814; x_wconf 86' lang='lat' dir='ltr'>a</span> <span class='ocrx_word' id='word_1_564' title='bbox 523 4757 690 4830; x_wconf 87' lang='lat' dir='ltr'>lapsu</span> <span class='ocrx_word' id='word_1_565' title='bbox 719 4756 764 4813; x_wconf 81' lang='grc'>³.</span> <span class='ocrx_word' id='word_1_566' title='bbox 798 4779 826 4808; x_wconf 91' lang='grc'><strong>››</strong></span> <span class='ocrx_word' id='word_1_567' title='bbox 860 4757 998 4814; x_wconf 84' lang='lat' dir='ltr'>Vere</span> <span class='ocrx_word' id='word_1_568' title='bbox 1029 4757 1182 4812; x_wconf 92' lang='lat' dir='ltr'>enim</span> <span class='ocrx_word' id='word_1_569' title='bbox 1214 4773 1344 4812; x_wconf 91' lang='lat' dir='ltr'>sum</span> <span class='ocrx_word' id='word_1_570' title='bbox 1375 4755 1620 4812; x_wconf 82' lang='lat' dir='ltr'>liberata</span> <span class='ocrx_word' id='word_1_571' title='bbox 1650 4758 1722 4812; x_wconf 89' lang='lat' dir='ltr'>ab</span> <span class='ocrx_word' id='word_1_572' title='bbox 1755 4759 2094 4829; x_wconf 76' lang='lat' dir='ltr'>oﬂ‘ensione,</span> 
     </span>
    </p>
   </div>
   <div class='ocr_carea' id='block_1_74' title="bbox 459 4845 2094 4919">
    <p class='ocr_par' dir='ltr' id='par_1_74' title="bbox 459 4845 2094 4919">
     <span class='ocr_line' id='line_1_74' title="bbox 459 4845 2094 4919; baseline 0.002 -16"><span class='ocrx_word' id='word_1_573' title='bbox 459 4861 646 4918; x_wconf 88' lang='lat' dir='ltr'>neque</span> <span class='ocrx_word' id='word_1_574' title='bbox 676 4861 914 4919; x_wconf 90' lang='lat' dir='ltr'>gressus</span> <span class='ocrx_word' id='word_1_575' title='bbox 945 4845 1152 4901; x_wconf 67' lang='lat' dir='ltr'>anima:</span> <span class='ocrx_word' id='word_1_576' title='bbox 1195 4850 1332 4902; x_wconf 88' lang='lat' dir='ltr'>sunt</span> <span class='ocrx_word' id='word_1_577' title='bbox 1365 4846 1616 4902; x_wconf 91' lang='lat' dir='ltr'>minores</span> <span class='ocrx_word' id='word_1_578' title='bbox 1643 4847 1938 4918; x_wconf 82' lang='lat' dir='ltr'>gressibus</span> <span class='ocrx_word' id='word_1_579' title='bbox 1968 4867 2094 4905; x_wconf 91' lang='lat' dir='ltr'>cor-</span> 
     </span>
    </p>
   </div>
   <div class='ocr_carea' id='block_1_75' title="bbox 457 4934 2093 5007">
    <p class='ocr_par' dir='ltr' id='par_1_75' title="bbox 457 4934 2093 5007">
     <span class='ocr_line' id='line_1_75' title="bbox 457 4934 2093 5007; baseline 0.002 -16"><span class='ocrx_word' id='word_1_580' title='bbox 457 4935 638 5005; x_wconf 91' lang='lat' dir='ltr'>poris.</span> <span class='ocrx_word' id='word_1_581' title='bbox 699 4935 845 4991; x_wconf 87' lang='lat' dir='ltr'>Hinc</span> <span class='ocrx_word' id='word_1_582' title='bbox 871 4934 1196 4992; x_wconf 85' lang='lat' dir='ltr'>vehementi</span> <span class='ocrx_word' id='word_1_583' title='bbox 1240 4939 1409 5007; x_wconf 90' lang='lat' dir='ltr'>capta</span> <span class='ocrx_word' id='word_1_584' title='bbox 1467 4950 1662 4991; x_wconf 89' lang='lat' dir='ltr'>amore</span> <span class='ocrx_word' id='word_1_585' title='bbox 1691 4935 1905 4992; x_wconf 85' lang='lat' dir='ltr'>Christi</span> <span class='ocrx_word' id='word_1_586' title='bbox 1959 4955 2093 4994; x_wconf 89' lang='lat' dir='ltr'>cum</span> 
     </span>
    </p>
   </div>
   <div class='ocr_carea' id='block_1_76' title="bbox 457 5023 2091 5098">
    <p class='ocr_par' dir='ltr' id='par_1_76' title="bbox 457 5023 2091 5098">
     <span class='ocr_line' id='line_1_76' title="bbox 457 5023 2091 5098; baseline 0.003 -20"><span class='ocrx_word' id='word_1_587' title='bbox 457 5027 632 5080; x_wconf 86' lang='lat' dir='ltr'>totam</span> <span class='ocrx_word' id='word_1_588' title='bbox 687 5039 747 5080; x_wconf 87' lang='lat' dir='ltr'>se</span> <span class='ocrx_word' id='word_1_589' title='bbox 795 5023 1138 5080; x_wconf 85' lang='lat' dir='ltr'>contulisset</span> <span class='ocrx_word' id='word_1_590' title='bbox 1172 5025 1242 5080; x_wconf 91' lang='lat' dir='ltr'>ad</span> <span class='ocrx_word' id='word_1_591' title='bbox 1301 5023 1584 5080; x_wconf 83' lang='lat' dir='ltr'>servanda</span> <span class='ocrx_word' id='word_1_592' title='bbox 1639 5025 1768 5096; x_wconf 89' lang='lat' dir='ltr'>ejus</span> <span class='ocrx_word' id='word_1_593' title='bbox 1799 5027 2091 5098; x_wconf 89' lang='lat' dir='ltr'>mandata,</span> 
     </span>
    </p>
   </div>
   <div class='ocr_carea' id='block_1_77' title="bbox 454 5111 2089 5187">
    <p class='ocr_par' dir='ltr' id='par_1_77' title="bbox 454 5111 2089 5187">
     <span class='ocr_line' id='line_1_77' title="bbox 454 5111 2089 5187; baseline 0.002 -20"><span class='ocrx_word' id='word_1_594' title='bbox 454 5111 618 5182; x_wconf 89' lang='lat' dir='ltr'>Ecce,</span> <span class='ocrx_word' id='word_1_595' title='bbox 669 5113 884 5184; x_wconf 85' lang='lat' dir='ltr'>inquit,</span> <span class='ocrx_word' id='word_1_596' title='bbox 934 5113 1122 5183; x_wconf 87' lang='lat' dir='ltr'>Pater,</span> <span class='ocrx_word' id='word_1_597' title='bbox 1154 5113 1222 5169; x_wconf 91' lang='lat' dir='ltr'>ad</span> <span class='ocrx_word' id='word_1_598' title='bbox 1273 5121 1539 5169; x_wconf 81' lang='lat' dir='ltr'>sanctum</span> <span class='ocrx_word' id='word_1_599' title='bbox 1587 5114 1894 5186; x_wconf 88' lang='lat' dir='ltr'>aspiciens,</span> <span class='ocrx_word' id='word_1_600' title='bbox 1943 5132 2089 5187; x_wconf 66' lang='lat' dir='ltr'>pre-</span> 
     </span>
    </p>
   </div>
   <div class='ocr_carea' id='block_1_78' title="bbox 452 5200 2089 5269">
    <p class='ocr_par' dir='ltr' id='par_1_78' title="bbox 452 5200 2089 5269">
     <span class='ocr_line' id='line_1_78' title="bbox 452 5200 2089 5269; baseline 0.005 -16"><span class='ocrx_word' id='word_1_601' title='bbox 452 5200 722 5255; x_wconf 86' lang='lat' dir='ltr'>sentibus</span> <span class='ocrx_word' id='word_1_602' title='bbox 769 5201 863 5256; x_wconf 89' lang='lat' dir='ltr'>his</span> <span class='ocrx_word' id='word_1_603' title='bbox 912 5203 1111 5258; x_wconf 87' lang='lat' dir='ltr'>multis</span> <span class='ocrx_word' id='word_1_604' title='bbox 1163 5202 1427 5269; x_wconf 87' lang='lat' dir='ltr'>testibus,</span> <span class='ocrx_word' id='word_1_605' title='bbox 1471 5202 1781 5259; x_wconf 91' lang='lat' dir='ltr'>dimidium</span> <span class='ocrx_word' id='word_1_606' title='bbox 1831 5219 2089 5262; x_wconf 86' lang='lat' dir='ltr'>mearum</span> 
     </span>
    </p>
   </div>
   <div class='ocr_carea' id='block_1_79' title="bbox 452 5287 2088 5363">
    <p class='ocr_par' dir='ltr' id='par_1_79' title="bbox 452 5287 2088 5363">
     <span class='ocr_line' id='line_1_79' title="bbox 452 5287 2088 5363; baseline 0.007 -23"><span class='ocrx_word' id='word_1_607' title='bbox 452 5287 797 5344; x_wconf 80' lang='lat' dir='ltr'>facultatum</span> <span class='ocrx_word' id='word_1_608' title='bbox 824 5289 926 5345; x_wconf 90' lang='lat' dir='ltr'>tibi</span> <span class='ocrx_word' id='word_1_609' title='bbox 957 5291 1283 5357; x_wconf 89' lang='lat' dir='ltr'>committo,</span> <span class='ocrx_word' id='word_1_610' title='bbox 1316 5298 1376 5346; x_wconf 89' lang='lat' dir='ltr'>ut</span> <span class='ocrx_word' id='word_1_611' title='bbox 1412 5291 1729 5348; x_wconf 89' lang='lat' dir='ltr'>distribuas</span> <span class='ocrx_word' id='word_1_612' title='bbox 1778 5292 2088 5363; x_wconf 88' lang='lat' dir='ltr'>indigenti-</span> 
     </span>
    </p>
   </div>
   <div class='ocr_carea' id='block_1_80' title="bbox 452 5373 2086 5449">
    <p class='ocr_par' dir='ltr' id='par_1_80' title="bbox 452 5373 2086 5449">
     <span class='ocr_line' id='line_1_80' title="bbox 452 5373 2086 5449; baseline 0.007 -21"><span class='ocrx_word' id='word_1_613' title='bbox 452 5373 581 5431; x_wconf 91' lang='lat' dir='ltr'>bus.</span> <span class='ocrx_word' id='word_1_614' title='bbox 617 5376 752 5440; x_wconf 72' lang='lat' dir='ltr'>Quze</span> <span class='ocrx_word' id='word_1_615' title='bbox 783 5393 918 5449; x_wconf 85' lang='lat' dir='ltr'>ergo</span> <span class='ocrx_word' id='word_1_616' title='bbox 947 5379 1413 5437; x_wconf 87' lang='lat' dir='ltr'>circumsistebat</span> <span class='ocrx_word' id='word_1_617' title='bbox 1443 5381 1777 5449; x_wconf 88' lang='lat' dir='ltr'>multitudo,</span> <span class='ocrx_word' id='word_1_618' title='bbox 1801 5383 2086 5440; x_wconf 86' lang='lat' dir='ltr'>admirata</span> 
     </span>
    </p>
   </div>
   <div class='ocr_carea' id='block_1_81' title="bbox 447 5465 2083 5542">
    <p class='ocr_par' dir='ltr' id='par_1_81' title="bbox 447 5465 2083 5542">
     <span class='ocr_line' id='line_1_81' title="bbox 447 5465 2083 5542; baseline 0.009 -26"><span class='ocrx_word' id='word_1_619' title='bbox 447 5475 663 5519; x_wconf 77' lang='lat' dir='ltr'>novum</span> <span class='ocrx_word' id='word_1_620' title='bbox 700 5465 804 5522; x_wconf 92' lang='lat' dir='ltr'>hoc</span> <span class='ocrx_word' id='word_1_621' title='bbox 853 5468 1220 5539; x_wconf 91' lang='lat' dir='ltr'>miraculum,</span> <span class='ocrx_word' id='word_1_622' title='bbox 1254 5470 1378 5541; x_wconf 86' lang='lat' dir='ltr'>ipsa</span> <span class='ocrx_word' id='word_1_623' title='bbox 1423 5487 1653 5542; x_wconf 89' lang='lat' dir='ltr'>quoque</span> <span class='ocrx_word' id='word_1_624' title='bbox 1698 5471 2083 5530; x_wconf 84' lang='lat' dir='ltr'>exclamavit:</span> 
     </span>
    </p>
   </div>
   <div class='ocr_carea' id='block_1_82' title="bbox 517 5629 982 5706">
    <p class='ocr_par' dir='ltr' id='par_1_82' title="bbox 517 5629 982 5706">
     <span class='ocr_line' id='line_1_82' title="bbox 517 5629 982 5706; baseline 0.019 -25"><span class='ocrx_word' id='word_1_625' title='bbox 517 5629 539 5665; x_wconf 77' lang='grc'>³</span> <span class='ocrx_word' id='word_1_626' title='bbox 569 5631 722 5690; x_wconf 80' lang='lat' dir='ltr'>Psal.</span> <span class='ocrx_word' id='word_1_627' title='bbox 757 5652 904 5706; x_wconf 80' lang='lat' dir='ltr'>cxiv,</span> <span class='ocrx_word' id='word_1_628' title='bbox 929 5637 982 5690; x_wconf 87' lang='lat'>8.</span> 
     </span>
    </p>
   </div>
   <div class='ocr_carea' id='block_1_83' title="bbox 2294 2533 3878 2615">
    <p class='ocr_par' dir='ltr' id='par_1_83' title="bbox 2294 2533 3878 2615">
     <span class='ocr_line' id='line_1_83' title="bbox 2294 2533 3878 2615; baseline 0.003 -25"><span class='ocrx_word' id='word_1_629' title='bbox 2294 2536 2348 2592; x_wconf 83' lang='grc' dir='ltr'><strong>Γ.</strong></span> <span class='ocrx_word' id='word_1_630' title='bbox 2400 2537 2460 2592; x_wconf 91' lang='grc' dir='ltr'>Ὁ</span> <span class='ocrx_word' id='word_1_631' title='bbox 2519 2533 2595 2607; x_wconf 77' lang='grc' dir='ltr'>δὲ,</span> <span class='ocrx_word' id='word_1_632' title='bbox 2658 2535 2835 2591; x_wconf 84' lang='grc' dir='ltr'>Ἀλλὰ</span> <span class='ocrx_word' id='word_1_633' title='bbox 2898 2537 3052 2610; x_wconf 87' lang='grc' dir='ltr'>κάγὼ</span> <span class='ocrx_word' id='word_1_634' title='bbox 3111 2537 3460 2610; x_wconf 77' lang='grc' dir='ltr'>ἁμαρτωλὸς,</span> <span class='ocrx_word' id='word_1_635' title='bbox 3519 2533 3647 2612; x_wconf 74' lang='grc' dir='ltr'>ἔφη,</span> <span class='ocrx_word' id='word_1_636' title='bbox 3699 2541 3878 2615; x_wconf 86' lang='grc' dir='ltr'>γύναι,</span> 
     </span>
    </p>
   </div>
   <div class='ocr_carea' id='block_1_84' title="bbox 2217 2622 3880 2706">
    <p class='ocr_par' dir='ltr' id='par_1_84' title="bbox 2217 2622 3880 2706">
     <span class='ocr_line' id='line_1_84' title="bbox 2217 2622 3880 2706; baseline 0.005 -30"><span class='ocrx_word' id='word_1_637' title='bbox 2217 2623 2306 2676; x_wconf 82' lang='grc' dir='ltr'>καὶ</span> <span class='ocrx_word' id='word_1_638' title='bbox 2338 2622 2492 2677; x_wconf 81' lang='grc' dir='ltr'>ἐλέου</span> <span class='ocrx_word' id='word_1_639' title='bbox 2527 2623 2740 2697; x_wconf 80' lang='grc' dir='ltr'>μᾶλλον</span> <span class='ocrx_word' id='word_1_640' title='bbox 2789 2622 3068 2698; x_wconf 82' lang='grc' dir='ltr'>δεόμενος,</span> <span class='ocrx_word' id='word_1_641' title='bbox 3101 2627 3188 2681; x_wconf 85' lang='grc' dir='ltr'>καὶ</span> <span class='ocrx_word' id='word_1_642' title='bbox 3226 2629 3326 2690; x_wconf 66' lang='grc' dir='ltr'>τῆς</span> <span class='ocrx_word' id='word_1_643' title='bbox 3372 2631 3470 2680; x_wconf 86' lang='grc' dir='ltr'>τοῦ</span> <span class='ocrx_word' id='word_1_644' title='bbox 3511 2627 3715 2702; x_wconf 78' lang='grc' dir='ltr'>ὰγαθοῦ</span> <span class='ocrx_word' id='word_1_645' title='bbox 3747 2628 3880 2706; x_wconf 74' lang='grc' dir='ltr'>φιλ-</span> 
     </span>
    </p>
   </div>
   <div class='ocr_carea' id='block_1_85' title="bbox 2218 2713 3878 2793">
    <p class='ocr_par' dir='ltr' id='par_1_85' title="bbox 2218 2713 3878 2793">
     <span class='ocr_line' id='line_1_85' title="bbox 2218 2713 3878 2793; baseline 0.004 -28"><span class='ocrx_word' id='word_1_646' title='bbox 2218 2713 2526 2787; x_wconf 73' lang='grc' dir='ltr'>ανθρωπίας</span> <span class='ocrx_word' id='word_1_647' title='bbox 2585 2713 2816 2786; x_wconf 84' lang='grc' dir='ltr'>ἐμαυτὸν</span> <span class='ocrx_word' id='word_1_648' title='bbox 2873 2713 3204 2789; x_wconf 75' lang='grc' dir='ltr'>ἀναρτήσας.</span> <span class='ocrx_word' id='word_1_649' title='bbox 3263 2718 3328 2772; x_wconf 75' lang='lat' dir='ltr'>Ei</span> <span class='ocrx_word' id='word_1_650' title='bbox 3387 2713 3446 2769; x_wconf 71' lang='grc' dir='ltr'>δὲ</span> <span class='ocrx_word' id='word_1_651' title='bbox 3511 2713 3591 2793; x_wconf 75' lang='grc' dir='ltr'>ἐφ’</span> <span class='ocrx_word' id='word_1_652' title='bbox 3645 2719 3700 2771; x_wconf 77' lang='grc' dir='ltr'>δν</span> <span class='ocrx_word' id='word_1_653' title='bbox 3756 2717 3878 2790; x_wconf 78' lang='grc' dir='ltr'>ἐγὼ</span> 
     </span>
    </p>
   </div>
   <div class='ocr_carea' id='block_1_86' title="bbox 2219 2800 3880 2875">
    <p class='ocr_par' dir='ltr' id='par_1_86' title="bbox 2219 2800 3880 2875">
     <span class='ocr_line' id='line_1_86' title="bbox 2219 2800 3880 2875; baseline 0.003 -20"><span class='ocrx_word' id='word_1_654' title='bbox 2219 2800 2452 2855; x_wconf 78' lang='grc' dir='ltr'>πέποιθα</span> <span class='ocrx_word' id='word_1_655' title='bbox 2481 2803 2570 2856; x_wconf 88' lang='grc' dir='ltr'>καὶ</span> <span class='ocrx_word' id='word_1_656' title='bbox 2617 2804 2680 2856; x_wconf 74' lang='grc' dir='ltr'>σὺ</span> <span class='ocrx_word' id='word_1_657' title='bbox 2728 2803 2998 2864; x_wconf 76' lang='grc' dir='ltr'>πιστεύεις</span> <span class='ocrx_word' id='word_1_658' title='bbox 3050 2803 3202 2871; x_wconf 84' lang='grc' dir='ltr'>Θεὸν,</span> <span class='ocrx_word' id='word_1_659' title='bbox 3247 2801 3473 2859; x_wconf 84' lang='grc' dir='ltr'>δυνασὸν</span> <span class='ocrx_word' id='word_1_660' title='bbox 3513 2803 3652 2875; x_wconf 80' lang='grc' dir='ltr'>αὐτῷ</span> <span class='ocrx_word' id='word_1_661' title='bbox 3691 2804 3880 2861; x_wconf 81' lang='grc' dir='ltr'>πάντα</span> 
     </span>
    </p>
   </div>
   <div class='ocr_carea' id='block_1_87' title="bbox 2223 2887 3870 2972">
    <p class='ocr_par' dir='ltr' id='par_1_87' title="bbox 2223 2887 3870 2972">
     <span class='ocr_line' id='line_1_87' title="bbox 2223 2887 3870 2972; baseline 0.004 -29"><span class='ocrx_word' id='word_1_662' title='bbox 2223 2887 2403 2965; x_wconf 78' lang='grc' dir='ltr'>ὥσπερ</span> <span class='ocrx_word' id='word_1_663' title='bbox 2445 2887 2510 2958; x_wconf 80' lang='grc' dir='ltr'>δὴ</span> <span class='ocrx_word' id='word_1_664' title='bbox 2561 2895 2640 2962; x_wconf 79' lang='grc' dir='ltr'>τῷ</span> <span class='ocrx_word' id='word_1_665' title='bbox 2689 2891 2748 2946; x_wconf 89' lang='grc' dir='ltr'>ἐκ</span> <span class='ocrx_word' id='word_1_666' title='bbox 2795 2899 3021 2966; x_wconf 74' lang='grc' dir='ltr'>γενετῆς</span> <span class='ocrx_word' id='word_1_667' title='bbox 3051 2891 3266 2972; x_wconf 71' lang='grc' dir='ltr'>τυφλῷ,</span> <span class='ocrx_word' id='word_1_668' title='bbox 3299 2893 3389 2947; x_wconf 87' lang='grc' dir='ltr'>καὶ</span> <span class='ocrx_word' id='word_1_669' title='bbox 3423 2894 3505 2948; x_wconf 81' lang='grc' dir='ltr'>σοὶ</span> <span class='ocrx_word' id='word_1_670' title='bbox 3544 2894 3604 2948; x_wconf 88' lang='grc' dir='ltr'>τὸ</span> <span class='ocrx_word' id='word_1_671' title='bbox 3637 2893 3870 2968; x_wconf 83' lang='grc' dir='ltr'>βλέπειν</span> 
     </span>
    </p>
   </div>
   <div class='ocr_carea' id='block_1_88' title="bbox 2223 2978 3871 3058">
    <p class='ocr_par' dir='ltr' id='par_1_88' title="bbox 2223 2978 3871 3058">
     <span class='ocr_line' id='line_1_88' title="bbox 2223 2978 3871 3058; baseline 0.004 -26"><span class='ocrx_word' id='word_1_672' title='bbox 2223 2979 2569 3053; x_wconf 80' lang='grc' dir='ltr'>χαρίσασθαι.</span> <span class='ocrx_word' id='word_1_673' title='bbox 2603 2982 2666 3036; x_wconf 89' lang='grc' dir='ltr'>Ἠ</span> <span class='ocrx_word' id='word_1_674' title='bbox 2727 2978 3100 3053; x_wconf 78' lang='grc' dir='ltr'>δὲ,Ηιστεύω,</span> <span class='ocrx_word' id='word_1_675' title='bbox 3162 2982 3348 3058; x_wconf 54' lang='grc' dir='ltr'>φησὶν,</span> <span class='ocrx_word' id='word_1_676' title='bbox 3401 2982 3476 3046; x_wconf 80' lang='grc' dir='ltr'>εἷς</span> <span class='ocrx_word' id='word_1_677' title='bbox 3531 2983 3622 3038; x_wconf 82' lang='grc' dir='ltr'>τὸν</span> <span class='ocrx_word' id='word_1_678' title='bbox 3681 2981 3871 3055; x_wconf 83' lang='grc' dir='ltr'>ἀληθῆ</span> 
     </span>
    </p>
   </div>
   <div class='ocr_carea' id='block_1_89' title="bbox 2224 3068 3871 3144">
    <p class='ocr_par' dir='ltr' id='par_1_89' title="bbox 2224 3068 3871 3144">
     <span class='ocr_line' id='line_1_89' title="bbox 2224 3068 3871 3144; baseline 0.004 -22"><span class='ocrx_word' id='word_1_679' title='bbox 2224 3068 2496 3138; x_wconf 77' lang='grc' dir='ltr'>Δεσπότην</span> <span class='ocrx_word' id='word_1_680' title='bbox 2585 3070 2840 3143; x_wconf 87' lang='grc' dir='ltr'>Χριστὸν,</span> <span class='ocrx_word' id='word_1_681' title='bbox 2921 3071 3008 3125; x_wconf 82' lang='grc' dir='ltr'>καὶ</span> <span class='ocrx_word' id='word_1_682' title='bbox 3103 3069 3460 3142; x_wconf 73' lang='grc' dir='ltr'>πιστευούσης</span> <span class='ocrx_word' id='word_1_683' title='bbox 3534 3075 3640 3126; x_wconf 88' lang='grc' dir='ltr'>τῶν</span> <span class='ocrx_word' id='word_1_684' title='bbox 3716 3069 3871 3144; x_wconf 79' lang='grc' dir='ltr'>ἐμῶν</span> 
     </span>
    </p>
   </div>
   <div class='ocr_carea' id='block_1_90' title="bbox 2145 3157 3872 3240">
    <p class='ocr_par' dir='ltr' id='par_1_90' title="bbox 2145 3157 3872 3240">
     <span class='ocr_line' id='line_1_90' title="bbox 2145 3157 3872 3240; baseline 0.003 -30"><span class='ocrx_word' id='word_1_685' title='bbox 2145 3157 2501 3240; x_wconf 66' lang='grc' dir='ltr'>Οᾶψάμενος</span> <span class='ocrx_word' id='word_1_686' title='bbox 2559 3157 2860 3236; x_wconf 68' lang='grc' dir='ltr'>ἆφθαλμῶν</span> <span class='ocrx_word' id='word_1_687' title='bbox 2919 3159 2983 3215; x_wconf 83' lang='grc' dir='ltr'>τὸ</span> <span class='ocrx_word' id='word_1_688' title='bbox 3049 3160 3293 3214; x_wconf 83' lang='grc' dir='ltr'>ποθεινὸν</span> <span class='ocrx_word' id='word_1_689' title='bbox 3356 3159 3578 3223; x_wconf 85' lang='grc' dir='ltr'>τούτοις</span> <span class='ocrx_word' id='word_1_690' title='bbox 3641 3161 3872 3237; x_wconf 81' lang='grc' dir='ltr'>χάρισαι</span> 
     </span>
    </p>
   </div>
   <div class='ocr_carea' id='block_1_91' title="bbox 2228 3246 3872 3327">
    <p class='ocr_par' dir='ltr' id='par_1_91' title="bbox 2228 3246 3872 3327">
     <span class='ocr_line' id='line_1_91' title="bbox 2228 3246 3872 3327; baseline 0.002 -27"><span class='ocrx_word' id='word_1_691' title='bbox 2228 3251 2364 3323; x_wconf 73' lang='grc' dir='ltr'>φῶς.</span> <span class='ocrx_word' id='word_1_692' title='bbox 2411 3250 2591 3303; x_wconf 86' lang='grc' dir='ltr'>Ταῦτα</span> <span class='ocrx_word' id='word_1_693' title='bbox 2651 3247 2713 3302; x_wconf 84' lang='grc' dir='ltr'>οὐ</span> <span class='ocrx_word' id='word_1_694' title='bbox 2763 3246 2956 3324; x_wconf 87' lang='grc' dir='ltr'>λόγοις</span> <span class='ocrx_word' id='word_1_695' title='bbox 2999 3247 3160 3321; x_wconf 81' lang='grc' dir='ltr'>μόνον</span> <span class='ocrx_word' id='word_1_696' title='bbox 3211 3249 3404 3327; x_wconf 69' lang='grc' dir='ltr'>ἐφώνει</span> <span class='ocrx_word' id='word_1_697' title='bbox 3459 3246 3672 3323; x_wconf 85' lang='grc' dir='ltr'>ψιλοῖς,</span> <span class='ocrx_word' id='word_1_698' title='bbox 3721 3249 3872 3305; x_wconf 81' lang='grc' dir='ltr'>ἀλλᾶ</span> 
     </span>
    </p>
   </div>
   <div class='ocr_carea' id='block_1_92' title="bbox 2222 3333 3864 3412">
    <p class='ocr_par' dir='ltr' id='par_1_92' title="bbox 2222 3333 3864 3412">
     <span class='ocr_line' id='line_1_92' title="bbox 2222 3333 3864 3412; baseline 0.002 -23"><span class='ocrx_word' id='word_1_699' title='bbox 2222 3336 2310 3390; x_wconf 84' lang='grc' dir='ltr'>καὶ</span> <span class='ocrx_word' id='word_1_700' title='bbox 2376 3339 2457 3407; x_wconf 81' lang='grc' dir='ltr'>τῷ</span> <span class='ocrx_word' id='word_1_701' title='bbox 2521 3333 2643 3402; x_wconf 72' lang='grc' dir='ltr'>ἤθει</span> <span class='ocrx_word' id='word_1_702' title='bbox 2700 3335 2788 3389; x_wconf 81' lang='grc' dir='ltr'>καὶ</span> <span class='ocrx_word' id='word_1_703' title='bbox 2845 3340 2960 3398; x_wconf 90' lang='grc' dir='ltr'>τοῖς</span> <span class='ocrx_word' id='word_1_704' title='bbox 3011 3340 3119 3391; x_wconf 88' lang='grc' dir='ltr'>τῶν</span> <span class='ocrx_word' id='word_1_705' title='bbox 3180 3334 3427 3412; x_wconf 80' lang='grc' dir='ltr'>δακρύων</span> <span class='ocrx_word' id='word_1_706' title='bbox 3485 3342 3687 3412; x_wconf 86' lang='grc' dir='ltr'>πηγαῖς</span> <span class='ocrx_word' id='word_1_707' title='bbox 3747 3337 3864 3392; x_wconf 80' lang='grc' dir='ltr'>ἐπι-</span> 
     </span>
    </p>
   </div>
   <div class='ocr_carea' id='block_1_93' title="bbox 2223 3423 3865 3501">
    <p class='ocr_par' dir='ltr' id='par_1_93' title="bbox 2223 3423 3865 3501">
     <span class='ocr_line' id='line_1_93' title="bbox 2223 3423 3865 3501; baseline 0.002 -25"><span class='ocrx_word' id='word_1_708' title='bbox 2223 3427 2435 3477; x_wconf 88' lang='grc' dir='ltr'>στοῦτο·</span> <span class='ocrx_word' id='word_1_709' title='bbox 2496 3423 2924 3498; x_wconf 75' lang='grc' dir='ltr'>σπλαγχνισθεὶς</span> <span class='ocrx_word' id='word_1_710' title='bbox 2985 3423 3078 3478; x_wconf 82' lang='grc' dir='ltr'>οῦν</span> <span class='ocrx_word' id='word_1_711' title='bbox 3147 3426 3174 3479; x_wconf 86' lang='grc' dir='ltr'>ὁ</span> <span class='ocrx_word' id='word_1_712' title='bbox 3232 3423 3388 3501; x_wconf 80' lang='grc' dir='ltr'>ἄγιος</span> <span class='ocrx_word' id='word_1_713' title='bbox 3437 3426 3525 3480; x_wconf 84' lang='grc' dir='ltr'>καὶ</span> <span class='ocrx_word' id='word_1_714' title='bbox 3586 3424 3662 3486; x_wconf 82' lang='grc' dir='ltr'>εἷς</span> <span class='ocrx_word' id='word_1_715' title='bbox 3693 3425 3865 3500; x_wconf 79' lang='grc' dir='ltr'>οὐρα-</span> 
     </span>
    </p>
   </div>
   <div class='ocr_carea' id='block_1_94' title="bbox 2219 3510 3864 3588">
    <p class='ocr_par' dir='ltr' id='par_1_94' title="bbox 2219 3510 3864 3588">
     <span class='ocr_line' id='line_1_94' title="bbox 2219 3510 3864 3588; baseline 0.004 -23"><span class='ocrx_word' id='word_1_716' title='bbox 2219 3510 2341 3574; x_wconf 79' lang='grc' dir='ltr'>νοὺς</span> <span class='ocrx_word' id='word_1_717' title='bbox 2402 3510 2554 3583; x_wconf 81' lang='grc' dir='ltr'>ἰδὼν,</span> <span class='ocrx_word' id='word_1_718' title='bbox 2613 3514 2641 3568; x_wconf 86' lang='grc' dir='ltr'>ὁ</span> <span class='ocrx_word' id='word_1_719' title='bbox 2697 3516 2804 3567; x_wconf 89' lang='grc' dir='ltr'>τῶν</span> <span class='ocrx_word' id='word_1_720' title='bbox 2863 3514 3106 3588; x_wconf 81' lang='grc' dir='ltr'>οὐρανῶν</span> <span class='ocrx_word' id='word_1_721' title='bbox 3179 3510 3348 3569; x_wconf 78' lang='grc' dir='ltr'>ὄντως</span> <span class='ocrx_word' id='word_1_722' title='bbox 3425 3516 3590 3586; x_wconf 78' lang='grc' dir='ltr'>ἄξιος,</span> <span class='ocrx_word' id='word_1_723' title='bbox 3661 3517 3718 3572; x_wconf 84' lang='grc' dir='ltr'>Ἐ</span> <span class='ocrx_word' id='word_1_724' title='bbox 3778 3517 3864 3587; x_wconf 60' lang='lat' dir='ltr'>et,</span> 
     </span>
    </p>
   </div>
   <div class='ocr_carea' id='block_1_95' title="bbox 2218 3600 3859 3680">
    <p class='ocr_par' dir='ltr' id='par_1_95' title="bbox 2218 3600 3859 3680">
     <span class='ocr_line' id='line_1_95' title="bbox 2218 3600 3859 3680; baseline 0.002 -24"><span class='ocrx_word' id='word_1_725' title='bbox 2218 3601 2282 3656; x_wconf 87' lang='grc' dir='ltr'>τὸ</span> <span class='ocrx_word' id='word_1_726' title='bbox 2331 3600 2610 3672; x_wconf 84' lang='grc' dir='ltr'>ἀληθινὸν,</span> <span class='ocrx_word' id='word_1_727' title='bbox 2644 3601 2767 3678; x_wconf 74' lang='grc' dir='ltr'>ἔφη,</span> <span class='ocrx_word' id='word_1_728' title='bbox 2826 3608 2966 3680; x_wconf 71' lang='grc' dir='ltr'>φῶς,</span> <span class='ocrx_word' id='word_1_729' title='bbox 3023 3603 3204 3674; x_wconf 84' lang='grc' dir='ltr'>Ἰησοῦ</span> <span class='ocrx_word' id='word_1_730' title='bbox 3262 3605 3478 3679; x_wconf 77' lang='grc' dir='ltr'>Χριστέ,</span> <span class='ocrx_word' id='word_1_731' title='bbox 3508 3604 3596 3660; x_wconf 85' lang='grc' dir='ltr'>καὶ</span> <span class='ocrx_word' id='word_1_732' title='bbox 3650 3601 3859 3660; x_wconf 79' lang='grc' dir='ltr'>διάνοι-</span> 
     </span>
    </p>
   </div>
   <div class='ocr_carea' id='block_1_96' title="bbox 2219 3689 3856 3772">
    <p class='ocr_par' dir='ltr' id='par_1_96' title="bbox 2219 3689 3856 3772">
     <span class='ocr_line' id='line_1_96' title="bbox 2219 3689 3856 3772; baseline 0.002 -26"><span class='ocrx_word' id='word_1_733' title='bbox 2219 3693 2306 3763; x_wconf 80' lang='grc' dir='ltr'>ξον</span> <span class='ocrx_word' id='word_1_734' title='bbox 2355 3689 2555 3762; x_wconf 85' lang='grc' dir='ltr'>ταύτης</span> <span class='ocrx_word' id='word_1_735' title='bbox 2613 3692 2739 3754; x_wconf 80' lang='grc' dir='ltr'>τοὺς</span> <span class='ocrx_word' id='word_1_736' title='bbox 2799 3691 3134 3770; x_wconf 69' lang='grc' dir='ltr'>ὀφθαλμοὺς·</span> <span class='ocrx_word' id='word_1_737' title='bbox 3180 3693 3315 3750; x_wconf 77' lang='grc' dir='ltr'>Εἶτα</span> <span class='ocrx_word' id='word_1_738' title='bbox 3368 3691 3711 3772; x_wconf 68' lang='grc' dir='ltr'>ἐπιστραφεὶς</span> <span class='ocrx_word' id='word_1_739' title='bbox 3760 3696 3856 3749; x_wconf 86' lang='grc' dir='ltr'>καί</span> 
     </span>
    </p>
   </div>
   <div class='ocr_carea' id='block_1_97' title="bbox 2217 3779 3852 3853">
    <p class='ocr_par' dir='ltr' id='par_1_97' title="bbox 2217 3779 3852 3853">
     <span class='ocr_line' id='line_1_97' title="bbox 2217 3779 3852 3853; baseline 0.002 -19"><span class='ocrx_word' id='word_1_740' title='bbox 2217 3784 2325 3834; x_wconf 91' lang='grc' dir='ltr'>τῶν</span> <span class='ocrx_word' id='word_1_741' title='bbox 2379 3780 2642 3852; x_wconf 75' lang='grc' dir='ltr'>ὀμμάτων</span> <span class='ocrx_word' id='word_1_742' title='bbox 2698 3779 2864 3845; x_wconf 78' lang='grc' dir='ltr'>αὐτῆς</span> <span class='ocrx_word' id='word_1_743' title='bbox 2921 3780 3236 3853; x_wconf 70' lang='grc' dir='ltr'>ἁψάμενοςο</span> <span class='ocrx_word' id='word_1_744' title='bbox 3271 3782 3336 3838; x_wconf 81' lang='grc' dir='ltr'>Εἰ</span> <span class='ocrx_word' id='word_1_745' title='bbox 3385 3782 3628 3852; x_wconf 82' lang='grc' dir='ltr'>ἀληθῶς,</span> <span class='ocrx_word' id='word_1_746' title='bbox 3680 3783 3852 3847; x_wconf 78' lang='grc' dir='ltr'>εἶπεν,</span> 
     </span>
    </p>
   </div>
   <div class='ocr_carea' id='block_1_98' title="bbox 2217 3866 3853 3947">
    <p class='ocr_par' dir='ltr' id='par_1_98' title="bbox 2217 3866 3853 3947">
     <span class='ocr_line' id='line_1_98' title="bbox 2217 3866 3853 3947; baseline 0.004 -26"><span class='ocrx_word' id='word_1_747' title='bbox 2217 3866 2293 3928; x_wconf 79' lang='grc' dir='ltr'>εἷς</span> <span class='ocrx_word' id='word_1_748' title='bbox 2335 3867 2564 3942; x_wconf 85' lang='grc' dir='ltr'>Χριστὸν</span> <span class='ocrx_word' id='word_1_749' title='bbox 2625 3867 2899 3922; x_wconf 84' lang='grc' dir='ltr'>ἐπίστευσε</span> <span class='ocrx_word' id='word_1_750' title='bbox 2959 3868 3268 3945; x_wconf 82' lang='grc' dir='ltr'>Φρύγελλα,</span> <span class='ocrx_word' id='word_1_751' title='bbox 3327 3878 3669 3947; x_wconf 76' lang='grc' dir='ltr'>παραχρῆμα</span> <span class='ocrx_word' id='word_1_752' title='bbox 3723 3873 3853 3927; x_wconf 81' lang='grc' dir='ltr'>ἀνα-</span> 
     </span>
    </p>
   </div>
   <div class='ocr_carea' id='block_1_99' title="bbox 2215 3950 3850 4034">
    <p class='ocr_par' dir='ltr' id='par_1_99' title="bbox 2215 3950 3850 4034">
     <span class='ocr_line' id='line_1_99' title="bbox 2215 3950 3850 4034; baseline 0.004 -26"><span class='ocrx_word' id='word_1_753' title='bbox 2215 3950 2492 4027; x_wconf 78' lang='grc' dir='ltr'>ϐλεψατω.</span> <span class='ocrx_word' id='word_1_754' title='bbox 2553 3955 2741 4017; x_wconf 78' lang='grc' dir='ltr'>Οὕτως</span> <span class='ocrx_word' id='word_1_755' title='bbox 2799 3955 3132 4028; x_wconf 73' lang='grc' dir='ltr'>εἰπόντος,ἤ</span> <span class='ocrx_word' id='word_1_756' title='bbox 3190 3980 3249 4014; x_wconf 86' lang='grc' dir='ltr'>τε</span> <span class='ocrx_word' id='word_1_757' title='bbox 3303 3961 3552 4034; x_wconf 80' lang='grc' dir='ltr'>πήρωσις</span> <span class='ocrx_word' id='word_1_758' title='bbox 3595 3961 3730 4034; x_wconf 81' lang='grc' dir='ltr'>αὐτῇ</span> <span class='ocrx_word' id='word_1_759' title='bbox 3765 3959 3850 4015; x_wconf 88' lang='grc' dir='ltr'>δι-</span> 
     </span>
    </p>
   </div>
   <div class='ocr_carea' id='block_1_100' title="bbox 2213 4041 3848 4121">
    <p class='ocr_par' dir='ltr' id='par_1_100' title="bbox 2213 4041 3848 4121">
     <span class='ocr_line' id='line_1_100' title="bbox 2213 4041 3848 4121; baseline 0.004 -25"><span class='ocrx_word' id='word_1_760' title='bbox 2213 4041 2420 4112; x_wconf 88' lang='grc' dir='ltr'>ελυετο,</span> <span class='ocrx_word' id='word_1_761' title='bbox 2469 4045 2556 4098; x_wconf 85' lang='grc' dir='ltr'>καὶ</span> <span class='ocrx_word' id='word_1_762' title='bbox 2617 4046 2652 4112; x_wconf 81' lang='grc' dir='ltr'>ἡ</span> <span class='ocrx_word' id='word_1_763' title='bbox 2685 4045 2818 4120; x_wconf 86' lang='grc' dir='ltr'>πρὸς</span> <span class='ocrx_word' id='word_1_764' title='bbox 2878 4047 3115 4121; x_wconf 79' lang='grc' dir='ltr'>Χριστὸν</span> <span class='ocrx_word' id='word_1_765' title='bbox 3170 4049 3352 4111; x_wconf 87' lang='grc' dir='ltr'>πίστις</span> <span class='ocrx_word' id='word_1_766' title='bbox 3407 4047 3622 4119; x_wconf 70' lang='grc' dir='ltr'>ἀληθὴς</span> <span class='ocrx_word' id='word_1_767' title='bbox 3706 4046 3848 4104; x_wconf 86' lang='grc' dir='ltr'>ἐδεί-</span> 
     </span>
    </p>
   </div>
   <div class='ocr_carea' id='block_1_101' title="bbox 2209 4131 3852 4212">
    <p class='ocr_par' dir='ltr' id='par_1_101' title="bbox 2209 4131 3852 4212">
     <span class='ocr_line' id='line_1_101' title="bbox 2209 4131 3852 4212; baseline 0.005 -27"><span class='ocrx_word' id='word_1_768' title='bbox 2209 4152 2390 4187; x_wconf 88' lang='grc' dir='ltr'>κνυτο.</span> <span class='ocrx_word' id='word_1_769' title='bbox 2450 4133 2516 4188; x_wconf 80' lang='grc' dir='ltr'><strong>Ἠ</strong></span> <span class='ocrx_word' id='word_1_770' title='bbox 2553 4131 2656 4208; x_wconf 73' lang='grc' dir='ltr'>γὰρ</span> <span class='ocrx_word' id='word_1_771' title='bbox 2717 4139 2824 4188; x_wconf 87' lang='grc' dir='ltr'>τῶν</span> <span class='ocrx_word' id='word_1_772' title='bbox 2881 4137 3208 4207; x_wconf 76' lang='grc' dir='ltr'>σωματικῶν</span> <span class='ocrx_word' id='word_1_773' title='bbox 3265 4137 3562 4212; x_wconf 75' lang='grc' dir='ltr'>ὀφθαλμῶν</span> <span class='ocrx_word' id='word_1_774' title='bbox 3629 4133 3852 4193; x_wconf 72' lang='grc' dir='ltr'>ἀναϐλα-</span> 
     </span>
    </p>
   </div>
   <div class='ocr_carea' id='block_1_102' title="bbox 2211 4219 3846 4302">
    <p class='ocr_par' dir='ltr' id='par_1_102' title="bbox 2211 4219 3846 4302">
     <span class='ocr_line' id='line_1_102' title="bbox 2211 4219 3846 4302; baseline 0.003 -28"><span class='ocrx_word' id='word_1_775' title='bbox 2211 4223 2324 4294; x_wconf 82' lang='grc' dir='ltr'>ψις,</span> <span class='ocrx_word' id='word_1_776' title='bbox 2378 4227 2477 4290; x_wconf 79' lang='grc' dir='ltr'>τῆς</span> <span class='ocrx_word' id='word_1_777' title='bbox 2528 4223 2711 4296; x_wconf 78' lang='grc' dir='ltr'>ψυχῆς</span> <span class='ocrx_word' id='word_1_778' title='bbox 2770 4219 2970 4293; x_wconf 71' lang='grc' dir='ltr'>ἐδήλου</span> <span class='ocrx_word' id='word_1_779' title='bbox 3045 4224 3376 4302; x_wconf 73' lang='grc' dir='ltr'>πεφωτίσθαι</span> <span class='ocrx_word' id='word_1_780' title='bbox 3460 4227 3584 4287; x_wconf 74' lang='grc' dir='ltr'>τοὺς</span> <span class='ocrx_word' id='word_1_781' title='bbox 3641 4225 3846 4302; x_wconf 72' lang='grc' dir='ltr'>ὀφθαλ-</span> 
     </span>
    </p>
   </div>
   <div class='ocr_carea' id='block_1_103' title="bbox 2215 4309 3851 4389">
    <p class='ocr_par' dir='ltr' id='par_1_103' title="bbox 2215 4309 3851 4389">
     <span class='ocr_line' id='line_1_103' title="bbox 2215 4309 3851 4389; baseline 0.004 -26"><span class='ocrx_word' id='word_1_782' title='bbox 2215 4309 2374 4383; x_wconf 87' lang='grc' dir='ltr'>μούς.</span> <span class='ocrx_word' id='word_1_783' title='bbox 2441 4310 2663 4384; x_wconf 83' lang='grc' dir='ltr'>Ἀμέλει</span> <span class='ocrx_word' id='word_1_784' title='bbox 2731 4312 2820 4366; x_wconf 81' lang='grc' dir='ltr'>καὶ</span> <span class='ocrx_word' id='word_1_785' title='bbox 2904 4312 3199 4389; x_wconf 77' lang='grc' dir='ltr'>εὐγνώμων</span> <span class='ocrx_word' id='word_1_786' title='bbox 3278 4316 3398 4389; x_wconf 85' lang='grc' dir='ltr'>περὶ</span> <span class='ocrx_word' id='word_1_787' title='bbox 3466 4317 3566 4384; x_wconf 72' lang='grc' dir='ltr'>τὴν</span> <span class='ocrx_word' id='word_1_788' title='bbox 3642 4313 3851 4389; x_wconf 78' lang='grc' dir='ltr'>δωρεάν</span> 
     </span>
    </p>
   </div>
   <div class='ocr_carea' id='block_1_104' title="bbox 2209 4397 3852 4479">
    <p class='ocr_par' dir='ltr' id='par_1_104' title="bbox 2209 4397 3852 4479">
     <span class='ocr_line' id='line_1_104' title="bbox 2209 4397 3852 4479; baseline 0.004 -26"><span class='ocrx_word' id='word_1_789' title='bbox 2209 4397 2552 4476; x_wconf 82' lang='grc' dir='ltr'>ἐγνωρίζετο,</span> <span class='ocrx_word' id='word_1_790' title='bbox 2613 4401 2936 4476; x_wconf 78' lang='grc' dir='ltr'>Εὐχαριστῶ</span> <span class='ocrx_word' id='word_1_791' title='bbox 2995 4423 3099 4471; x_wconf 83' lang='grc' dir='ltr'>σοι,</span> <span class='ocrx_word' id='word_1_792' title='bbox 3183 4404 3367 4478; x_wconf 88' lang='grc' dir='ltr'>Κύριε,</span> <span class='ocrx_word' id='word_1_793' title='bbox 3452 4403 3703 4479; x_wconf 81' lang='grc' dir='ltr'>λέγουσα,</span> <span class='ocrx_word' id='word_1_794' title='bbox 3761 4405 3852 4459; x_wconf 81' lang='grc' dir='ltr'>’ὁτι</span> 
     </span>
    </p>
   </div>
   <div class='ocr_carea' id='block_1_105' title="bbox 2215 4486 3850 4568">
    <p class='ocr_par' dir='ltr' id='par_1_105' title="bbox 2215 4486 3850 4568">
     <span class='ocr_line' id='line_1_105' title="bbox 2215 4486 3850 4568; baseline 0.003 -26"><span class='ocrx_word' id='word_1_795' title='bbox 2215 4509 2308 4561; x_wconf 93' lang='grc' dir='ltr'>μοι</span> <span class='ocrx_word' id='word_1_796' title='bbox 2368 4486 2538 4563; x_wconf 82' lang='grc' dir='ltr'>διπλῇ</span> <span class='ocrx_word' id='word_1_797' title='bbox 2591 4491 2652 4544; x_wconf 89' lang='grc' dir='ltr'>τὸ</span> <span class='ocrx_word' id='word_1_798' title='bbox 2711 4495 2824 4563; x_wconf 79' lang='grc' dir='ltr'>φῶς</span> <span class='ocrx_word' id='word_1_799' title='bbox 2883 4489 3143 4566; x_wconf 79' lang='grc' dir='ltr'>ἐχαρίσω·</span> <span class='ocrx_word' id='word_1_800' title='bbox 3201 4497 3307 4547; x_wconf 92' lang='grc' dir='ltr'>τῶν</span> <span class='ocrx_word' id='word_1_801' title='bbox 3373 4492 3476 4567; x_wconf 78' lang='grc' dir='ltr'>γὰρ</span> <span class='ocrx_word' id='word_1_802' title='bbox 3553 4494 3850 4568; x_wconf 88' lang='grc' dir='ltr'>ὁρωμένων</span> 
     </span>
    </p>
   </div>
   <div class='ocr_carea' id='block_1_106' title="bbox 2210 4578 3847 4663">
    <p class='ocr_par' dir='ltr' id='par_1_106' title="bbox 2210 4578 3847 4663">
     <span class='ocr_line' id='line_1_106' title="bbox 2210 4578 3847 4663; baseline 0.003 -31"><span class='ocrx_word' id='word_1_803' title='bbox 2210 4578 2418 4663; x_wconf 53' lang='grc' dir='ltr'>τούτων</span> <span class='ocrx_word' id='word_1_804' title='bbox 2450 4585 2549 4646; x_wconf 80' lang='grc' dir='ltr'>τοῆ</span> <span class='ocrx_word' id='word_1_805' title='bbox 2593 4579 2844 4651; x_wconf 86' lang='grc' dir='ltr'>σώματος</span> <span class='ocrx_word' id='word_1_806' title='bbox 2897 4578 3217 4656; x_wconf 70' lang='grc' dir='ltr'>ὀφθαλμῶν,</span> <span class='ocrx_word' id='word_1_807' title='bbox 3262 4581 3460 4654; x_wconf 88' lang='grc' dir='ltr'>πολλῷ</span> <span class='ocrx_word' id='word_1_808' title='bbox 3509 4581 3675 4637; x_wconf 88' lang='grc' dir='ltr'>πλέον</span> <span class='ocrx_word' id='word_1_809' title='bbox 3715 4583 3847 4655; x_wconf 64' lang='grc' dir='ltr'>ἐμοὶ</span> 
     </span>
    </p>
   </div>
   <div class='ocr_carea' id='block_1_107' title="bbox 2205 4664 3844 4744">
    <p class='ocr_par' dir='ltr' id='par_1_107' title="bbox 2205 4664 3844 4744">
     <span class='ocr_line' id='line_1_107' title="bbox 2205 4664 3844 4744; baseline 0.002 -22"><span class='ocrx_word' id='word_1_810' title='bbox 2205 4665 2332 4729; x_wconf 80' lang='grc' dir='ltr'>τοὺς</span> <span class='ocrx_word' id='word_1_811' title='bbox 2387 4674 2486 4736; x_wconf 82' lang='grc' dir='ltr'>τῆς</span> <span class='ocrx_word' id='word_1_812' title='bbox 2523 4664 2747 4740; x_wconf 83' lang='grc' dir='ltr'>καρδίας</span> <span class='ocrx_word' id='word_1_813' title='bbox 2811 4664 3103 4738; x_wconf 75' lang='grc' dir='ltr'>διήνοιξας.</span> <span class='ocrx_word' id='word_1_814' title='bbox 3146 4672 3303 4734; x_wconf 85' lang='grc' dir='ltr'>Ὅθεν</span> <span class='ocrx_word' id='word_1_815' title='bbox 3349 4691 3442 4744; x_wconf 91' lang='grc' dir='ltr'>μοι</span> <span class='ocrx_word' id='word_1_816' title='bbox 3492 4671 3584 4725; x_wconf 85' lang='grc' dir='ltr'>καὶ</span> <span class='ocrx_word' id='word_1_817' title='bbox 3632 4673 3844 4744; x_wconf 75' lang='grc' dir='ltr'>προσή-</span> 
     </span>
    </p>
   </div>
   <div class='ocr_carea' id='block_1_108' title="bbox 2205 4754 3840 4836">
    <p class='ocr_par' dir='ltr' id='par_1_108' title="bbox 2205 4754 3840 4836">
     <span class='ocr_line' id='line_1_108' title="bbox 2205 4754 3840 4836; baseline 0.002 -26"><span class='ocrx_word' id='word_1_818' title='bbox 2205 4775 2286 4810; x_wconf 89' lang='grc' dir='ltr'>κει</span> <span class='ocrx_word' id='word_1_819' title='bbox 2330 4757 2396 4810; x_wconf 84' lang='grc' dir='ltr'>τὰ</span> <span class='ocrx_word' id='word_1_820' title='bbox 2451 4759 2547 4810; x_wconf 87' lang='grc' dir='ltr'>τοῦ</span> <span class='ocrx_word' id='word_1_821' title='bbox 2605 4754 2769 4810; x_wconf 74' lang='grc' dir='ltr'>Δαυ³ιδ</span> <span class='ocrx_word' id='word_1_822' title='bbox 2801 4760 2902 4811; x_wconf 89' lang='grc' dir='ltr'>τοῦ</span> <span class='ocrx_word' id='word_1_823' title='bbox 2948 4761 3043 4812; x_wconf 86' lang='grc' dir='ltr'>σοῦ</span> <span class='ocrx_word' id='word_1_824' title='bbox 3091 4758 3425 4836; x_wconf 78' lang='grc' dir='ltr'>φθέγγεσθαι·</span> <span class='ocrx_word' id='word_1_825' title='bbox 3469 4759 3840 4835; x_wconf 76' lang='grc' dir='ltr'>ὅτι,Ἐρῥύσω</span> 
     </span>
    </p>
   </div>
   <div class='ocr_carea' id='block_1_109' title="bbox 2203 4841 3839 4920">
    <p class='ocr_par' dir='ltr' id='par_1_109' title="bbox 2203 4841 3839 4920">
     <span class='ocr_line' id='line_1_109' title="bbox 2203 4841 3839 4920; baseline 0.002 -20"><span class='ocrx_word' id='word_1_826' title='bbox 2203 4845 2330 4906; x_wconf 75' lang='grc' dir='ltr'>τοὺς</span> <span class='ocrx_word' id='word_1_827' title='bbox 2362 4841 2679 4920; x_wconf 66' lang='grc' dir='ltr'>ὀφθαλμοὺς</span> <span class='ocrx_word' id='word_1_828' title='bbox 2716 4865 2821 4918; x_wconf 91' lang='grc' dir='ltr'>μου</span> <span class='ocrx_word' id='word_1_829' title='bbox 2871 4845 2978 4901; x_wconf 86' lang='grc' dir='ltr'>ἀπὸ</span> <span class='ocrx_word' id='word_1_830' title='bbox 3035 4843 3303 4917; x_wconf 84' lang='grc' dir='ltr'>δακρύων,</span> <span class='ocrx_word' id='word_1_831' title='bbox 3362 4847 3453 4902; x_wconf 85' lang='grc' dir='ltr'>καὶ</span> <span class='ocrx_word' id='word_1_832' title='bbox 3499 4849 3626 4911; x_wconf 83' lang='grc' dir='ltr'>τοὺς</span> <span class='ocrx_word' id='word_1_833' title='bbox 3666 4847 3839 4912; x_wconf 86' lang='grc' dir='ltr'>ποδας</span> 
     </span>
    </p>
   </div>
   <div class='ocr_carea' id='block_1_110' title="bbox 2207 4930 3842 5013">
    <p class='ocr_par' dir='ltr' id='par_1_110' title="bbox 2207 4930 3842 5013">
     <span class='ocr_line' id='line_1_110' title="bbox 2207 4930 3842 5013; baseline 0.002 -25"><span class='ocrx_word' id='word_1_834' title='bbox 2207 4954 2310 5007; x_wconf 90' lang='grc' dir='ltr'>μου</span> <span class='ocrx_word' id='word_1_835' title='bbox 2367 4933 2472 4986; x_wconf 83' lang='grc' dir='ltr'>ἀπὸ</span> <span class='ocrx_word' id='word_1_836' title='bbox 2532 4930 2950 5007; x_wconf 71' lang='grc' dir='ltr'>ὀλισθήματοςο</span> <span class='ocrx_word' id='word_1_837' title='bbox 3008 4934 3269 5009; x_wconf 77' lang='grc' dir='ltr'>ἐρῥύσθην</span> <span class='ocrx_word' id='word_1_838' title='bbox 3317 4935 3419 5013; x_wconf 76' lang='grc' dir='ltr'>γὰρ</span> <span class='ocrx_word' id='word_1_839' title='bbox 3464 4934 3688 5007; x_wconf 82' lang='grc' dir='ltr'>ἀληθῶς</span> <span class='ocrx_word' id='word_1_840' title='bbox 3742 4941 3842 4993; x_wconf 88' lang='grc' dir='ltr'>τοῦ</span> 
     </span>
    </p>
   </div>
   <div class='ocr_carea' id='block_1_111' title="bbox 2199 5021 3844 5100">
    <p class='ocr_par' dir='ltr' id='par_1_111' title="bbox 2199 5021 3844 5100">
     <span class='ocr_line' id='line_1_111' title="bbox 2199 5021 3844 5100; baseline 0.002 -21"><span class='ocrx_word' id='word_1_841' title='bbox 2199 5023 2559 5097; x_wconf 80' lang='grc' dir='ltr'>προσκόπτειν</span> <span class='ocrx_word' id='word_1_842' title='bbox 2619 5021 2772 5078; x_wconf 75' lang='grc' dir='ltr'>οὐδὲν</span> <span class='ocrx_word' id='word_1_843' title='bbox 2827 5027 2988 5093; x_wconf 68' lang='grc' dir='ltr'>ἧττον</span> <span class='ocrx_word' id='word_1_844' title='bbox 3043 5029 3148 5080; x_wconf 87' lang='grc' dir='ltr'>τῶν</span> <span class='ocrx_word' id='word_1_845' title='bbox 3211 5031 3556 5100; x_wconf 81' lang='grc' dir='ltr'>σωματικῶν,</span> <span class='ocrx_word' id='word_1_846' title='bbox 3615 5028 3703 5082; x_wconf 85' lang='grc' dir='ltr'>καὶ</span> <span class='ocrx_word' id='word_1_847' title='bbox 3773 5030 3844 5083; x_wconf 68' lang='grc' dir='ltr'>τὰ</span> 
     </span>
    </p>
   </div>
   <div class='ocr_carea' id='block_1_112' title="bbox 2197 5108 3842 5189">
    <p class='ocr_par' dir='ltr' id='par_1_112' title="bbox 2197 5108 3842 5189">
     <span class='ocr_line' id='line_1_112' title="bbox 2197 5108 3842 5189; baseline 0.003 -23"><span class='ocrx_word' id='word_1_848' title='bbox 2197 5118 2298 5181; x_wconf 82' lang='grc' dir='ltr'>τῆς</span> <span class='ocrx_word' id='word_1_849' title='bbox 2351 5115 2535 5186; x_wconf 79' lang='grc' dir='ltr'>ψυχῆς</span> <span class='ocrx_word' id='word_1_850' title='bbox 2595 5108 2930 5186; x_wconf 68' lang='grc' dir='ltr'>διαδήματα.</span> <span class='ocrx_word' id='word_1_851' title='bbox 2992 5115 3264 5178; x_wconf 86' lang='grc' dir='ltr'>Ἐντεῦθεν</span> <span class='ocrx_word' id='word_1_852' title='bbox 3320 5114 3410 5170; x_wconf 86' lang='grc' dir='ltr'>καὶ</span> <span class='ocrx_word' id='word_1_853' title='bbox 3496 5120 3684 5189; x_wconf 81' lang='grc' dir='ltr'>θερμῷ</span> <span class='ocrx_word' id='word_1_854' title='bbox 3757 5121 3842 5188; x_wconf 83' lang='grc' dir='ltr'>τῷ</span> 
     </span>
    </p>
   </div>
   <div class='ocr_carea' id='block_1_113' title="bbox 2198 5199 3844 5277">
    <p class='ocr_par' dir='ltr' id='par_1_113' title="bbox 2198 5199 3844 5277">
     <span class='ocr_line' id='line_1_113' title="bbox 2198 5199 3844 5277; baseline 0.004 -23"><span class='ocrx_word' id='word_1_855' title='bbox 2198 5199 2274 5261; x_wconf 79' lang='grc' dir='ltr'>εἰς</span> <span class='ocrx_word' id='word_1_856' title='bbox 2329 5201 2566 5276; x_wconf 80' lang='grc' dir='ltr'>Χριστὸν</span> <span class='ocrx_word' id='word_1_857' title='bbox 2626 5199 2786 5276; x_wconf 79' lang='grc' dir='ltr'>ἔρωτι</span> <span class='ocrx_word' id='word_1_858' title='bbox 2845 5200 3136 5277; x_wconf 74' lang='grc' dir='ltr'>ληφθεῖσα,</span> <span class='ocrx_word' id='word_1_859' title='bbox 3183 5205 3273 5258; x_wconf 81' lang='grc' dir='ltr'>καὶ</span> <span class='ocrx_word' id='word_1_860' title='bbox 3326 5202 3429 5270; x_wconf 73' lang='grc' dir='ltr'>ὅλη</span> <span class='ocrx_word' id='word_1_861' title='bbox 3457 5208 3564 5258; x_wconf 86' lang='grc' dir='ltr'>τῶν</span> <span class='ocrx_word' id='word_1_862' title='bbox 3598 5202 3844 5260; x_wconf 81' lang='grc' dir='ltr'>ἐντολῶν</span> 
     </span>
    </p>
   </div>
   <div class='ocr_carea' id='block_1_114' title="bbox 2196 5289 3846 5370">
    <p class='ocr_par' dir='ltr' id='par_1_114' title="bbox 2196 5289 3846 5370">
     <span class='ocr_line' id='line_1_114' title="bbox 2196 5289 3846 5370; baseline 0.002 -25"><span class='ocrx_word' id='word_1_863' title='bbox 2196 5289 2358 5346; x_wconf 81' lang='grc' dir='ltr'>αὐτοῦ</span> <span class='ocrx_word' id='word_1_864' title='bbox 2421 5292 2709 5365; x_wconf 88' lang='grc' dir='ltr'>γενομένη.</span> <span class='ocrx_word' id='word_1_865' title='bbox 2770 5289 2931 5361; x_wconf 84' lang='grc' dir='ltr'>Ἰδοὺ,</span> <span class='ocrx_word' id='word_1_866' title='bbox 2992 5294 3146 5364; x_wconf 75' lang='grc' dir='ltr'>φησὶ,</span> <span class='ocrx_word' id='word_1_867' title='bbox 3192 5295 3391 5370; x_wconf 79' lang='grc' dir='ltr'>Ηάτερ,</span> <span class='ocrx_word' id='word_1_868' title='bbox 3452 5293 3526 5354; x_wconf 78' lang='grc' dir='ltr'>εἰς</span> <span class='ocrx_word' id='word_1_869' title='bbox 3565 5295 3653 5349; x_wconf 84' lang='grc' dir='ltr'>τὸν</span> <span class='ocrx_word' id='word_1_870' title='bbox 3685 5295 3846 5369; x_wconf 80' lang='grc' dir='ltr'>ἅγιον</span> 
     </span>
    </p>
   </div>
   <div class='ocr_carea' id='block_1_115' title="bbox 2197 5376 3846 5460">
    <p class='ocr_par' dir='ltr' id='par_1_115' title="bbox 2197 5376 3846 5460">
     <span class='ocr_line' id='line_1_115' title="bbox 2197 5376 3846 5460; baseline 0.002 -23"><span class='ocrx_word' id='word_1_871' title='bbox 2197 5376 2569 5456; x_wconf 77' lang='grc' dir='ltr'>ἀποϐλέψασα,</span> <span class='ocrx_word' id='word_1_872' title='bbox 2630 5380 2920 5456; x_wconf 87' lang='grc' dir='ltr'>συντίθημί</span> <span class='ocrx_word' id='word_1_873' title='bbox 2979 5404 3065 5438; x_wconf 93' lang='grc' dir='ltr'>σοι</span> <span class='ocrx_word' id='word_1_874' title='bbox 3113 5385 3216 5439; x_wconf 84' lang='grc' dir='ltr'>ὑπὸ</span> <span class='ocrx_word' id='word_1_875' title='bbox 3290 5383 3530 5446; x_wconf 86' lang='grc' dir='ltr'>πολλοῖς</span> <span class='ocrx_word' id='word_1_876' title='bbox 3605 5386 3846 5460; x_wconf 75' lang='grc' dir='ltr'>μάρτυσι</span> 
     </span>
    </p>
   </div>
   <div class='ocr_carea' id='block_1_116' title="bbox 2191 5469 3854 5545">
    <p class='ocr_par' dir='ltr' id='par_1_116' title="bbox 2191 5469 3854 5545">
     <span class='ocr_line' id='line_1_116' title="bbox 2191 5469 3854 5545; baseline 0.004 -19"><span class='ocrx_word' id='word_1_877' title='bbox 2191 5471 2406 5532; x_wconf 87' lang='grc' dir='ltr'>τούτοις</span> <span class='ocrx_word' id='word_1_878' title='bbox 2452 5471 2516 5526; x_wconf 86' lang='grc' dir='ltr'>τὸ</span> <span class='ocrx_word' id='word_1_879' title='bbox 2558 5471 2730 5545; x_wconf 71' lang='grc' dir='ltr'>ἥμισυ</span> <span class='ocrx_word' id='word_1_880' title='bbox 2777 5477 2874 5541; x_wconf 84' lang='grc' dir='ltr'>τῆς</span> <span class='ocrx_word' id='word_1_881' title='bbox 2920 5471 3103 5535; x_wconf 82' lang='grc' dir='ltr'>οὐσίας</span> <span class='ocrx_word' id='word_1_882' title='bbox 3153 5469 3429 5530; x_wconf 82' lang='grc' dir='ltr'>διαδοῦναι</span> <span class='ocrx_word' id='word_1_883' title='bbox 3493 5478 3610 5536; x_wconf 86' lang='grc' dir='ltr'>τοῖς</span> <span class='ocrx_word' id='word_1_884' title='bbox 3675 5471 3854 5532; x_wconf 77' lang='grc' dir='ltr'>ἐνδεέ-</span> 
     </span>
    </p>
   </div>
  </div>
