4128 6274
265 268 416 330 1225

1653 265 1835 327 VITA
1881 263 1940 324 S.
1987 264 2320 326 ABERCII.

3501 270 3653 328 1226

263 449 370 486 σιν.
424 429 482 481 Ὃ
537 425 716 484 τοίνυν
772 426 1146 501 περιεστηκὼς
1204 423 1380 502 ὅχλος
1437 428 1498 482 τὸ
1567 428 1746 482 καινὸν
1809 429 1905 482 τοῦ

2022 429 2264 501 Magnus
2303 447 2388 500 es,
2435 429 2590 488 Deus
2633 428 3115 506 Christianorum,
3170 452 3306 492 nam
3349 436 3388 492 ii
3421 455 3655 511 quoque

264 516 540 591 θαύματος
599 513 979 592 ἐκπλαγέντες,
1033 515 1208 592 Μέγας
1261 517 1333 584 εἴ,
1386 515 1478 571 καὶ
1528 516 1701 586 οὗτοι,
1735 517 1762 570 ὁ
1800 521 1909 570 τῶν

266 607 598 681 Χριστιανῶν
667 604 822 672 Θεὸς,
893 599 1214 673 ἀνεϐόησαν,
1282 603 1399 658 ἐπεὶ
1476 604 1564 659 καὶ
1653 602 1907 678 μεγάλων

265 696 431 755 ὅντως
472 691 811 748 ἀπολαύουσι
859 696 967 747 τῶν
1014 691 1256 768 χαρίτων
1291 695 1344 747 οἱ
1388 693 1449 746 τὸ
1496 694 1586 747 σὸν
1616 691 1910 747 ἐπικαλού-

265 804 416 856 μενοι
465 778 658 856 ὅνομα.
692 784 778 838 Ἑν
823 781 1002 853 τούτῳ
1037 777 1094 835 δὲ
1146 782 1174 836 ὁ
1207 783 1349 842 θεῖος
1390 777 1698 856 Ἀϐέρκιος.
1746 779 1908 851 Ἰδοὺ,

258 874 433 948 γύναι,
488 871 670 950 φησὶν,
731 870 902 946 ἔγνως
962 870 1110 933 ὅπως
1154 872 1182 925 ὁ
1239 871 1370 944 έμὸς
1425 879 1701 941 Δεσπτοης
1751 868 1909 943 ἄμιί-

262 956 410 1016 ὄεται
469 959 780 1033 φιλοτίμως
845 959 974 1020 τοὺς
1025 956 1345 1029 ἐλπίζοντας
1403 957 1485 1014 ἔπ’
1560 959 1738 1014 αὐτόν·
1800 965 1906 1012 Πο-

261 1052 417 1126 ρεύου
469 1049 760 1124 τοιγαροῦν
812 1047 888 1107 εἷς
935 1046 1181 1122 εἰρήνην,
1233 1048 1398 1121 ἑαυτῇ
1450 1067 1508 1102 τε
1538 1047 1905 1122 προσέχουσα,

257 1138 488 1210 κάκείνῳ
544 1141 924 1212 προσήκουσαν
991 1139 1093 1207 τὴν
1149 1135 1497 1212 εὐχαριστίαν
1554 1134 1906 1206 ἀποδιδοῦσα,

259 1231 442 1286 Ταῦτα
508 1228 536 1281 ὁ
607 1229 700 1300 μὲν
765 1224 968 1300 ἔλεγενο
1035 1228 1070 1295 ἡ
1137 1223 1194 1280 δὲ
1259 1225 1396 1300 πρὸς
1471 1225 1566 1298 μὲν
1633 1226 1694 1281 τὸ
1737 1225 1908 1298 παρὸν

257 1315 535 1375 ἂφίστατο·
597 1316 760 1370 πάλιν
818 1313 876 1370 δὲ
933 1315 1299 1391 ἐπανήρχετο,
1339 1314 1429 1368 καὶ
1491 1314 1627 1369 κατὰ
1665 1312 1807 1368 πολὺ
1849 1314 1910 1367 τὸ

2021 519 2246 588 magnis
2293 536 2424 576 vere
2484 521 2756 576 fruuntur
2799 524 3019 594 gratiis,
3073 525 3174 596 qui
3231 529 3393 581 tuum
3440 544 3652 584 nomen

2019 605 2313 665 invocant.
2354 607 2516 664 Tunc
2585 618 2772 665 autem
2831 611 3060 668 divinus
3118 613 3445 670 Abercius:
3489 617 3651 685 Ecce,

2018 697 2230 768 inquit,
2292 698 2521 769 mulier,
2581 700 2920 771 cognovisti,
2980 718 3158 773 quam
3211 702 3522 759 liberaliter
3587 724 3651 762 ac

2019 786 2290 841 munifice
2347 787 2631 842 Dominus
2691 803 2856 843 meus
2906 805 3002 845 eos
3067 796 3495 858 remuneratur,
3554 795 3652 864 qui

2017 879 2254 946 sperant
2283 875 2342 931 in
2375 875 2589 947 ipsum.
2622 878 2778 933 Vade
2810 894 2946 951 ergo
2978 879 3038 933 in
3061 895 3221 949 pace,
3255 880 3359 934 tibi
3390 880 3652 938 animum

2017 963 2322 1030 adhibens,
2363 968 2418 1019 et
2462 964 2548 1019 illi
2580 981 2755 1036 agens
2794 981 2911 1032 eas,
2945 983 3086 1038 quas
3120 985 3224 1039 par
3252 972 3360 1033 est,
3413 969 3649 1040 gratias.

2017 1053 2145 1108 Haec
2175 1053 2272 1109 ille
2325 1069 2456 1108 cum
2492 1054 2750 1121 dixisset,
2803 1055 3109 1128 Phrygella
3147 1057 3388 1112 recessit
3413 1059 3650 1128 quidem

2015 1142 2074 1196 in
2107 1143 2417 1212 praesentia
2452 1160 2464 1198 :
2515 1160 2719 1198 rursus
2767 1149 2964 1199 autem
3006 1146 3203 1215 rediit,
3243 1149 3299 1200 et
3329 1161 3459 1201 eum
3491 1145 3654 1202 valde

2017 1227 2204 1286 colere
2225 1231 2625 1300 perseveravit.
2651 1232 2837 1304 Atque
2870 1249 3070 1288 rursus
3093 1233 3326 1302 quidem
3345 1249 3653 1305 aggressus

2017 1322 2106 1373 est
2139 1318 2419 1374 Abercius
2450 1324 2785 1375 consuetam
2818 1321 3163 1377 doctrinam.

260 1400 420 1466 σέϐας
475 1404 639 1458 αὐτοῦ
710 1402 914 1478 εἴχετο,
972 1403 1064 1458 καὶ
1123 1401 1379 1476 οὒδαμῶς
1442 1403 1505 1456 τὸ
1558 1402 1692 1475 μετά
1739 1407 1907 1457 ταῦτα
1964 1401 2227 1475 διίστατο,
2282 1402 2483 1474 ἥπτετο
2547 1408 2639 1480 μὲν
2714 1406 2826 1462 οὖν’
2875 1403 3158 1483 ’Δϐέρκιος
3205 1411 3356 1474 αὖθις
3401 1418 3500 1480 τῆς
3559 1433 3653 1466 συ-

257 1496 456 1565 νήθους
490 1492 863 1556 διδασκαλίας.

329 1588 431 1642 ΙΑ’.
493 1588 601 1639 Τοῦ
660 1581 716 1638 δὲ
779 1585 914 1639 κατὰ
967 1585 1068 1653 τήν
1130 1581 1456 1658 Φρόγελλαν
1506 1584 1782 1656 θαύματος
1831 1583 1906 1644 εἰς

257 1672 444 1729 πολλά
509 1678 610 1742 τῆς
675 1678 776 1748 γῆς
853 1675 990 1748 μέρη
1072 1669 1439 1742 διαδοθέντος,
1508 1671 1906 1746 προσέρχονται

254 1763 404 1834 αὖτῷ
461 1756 814 1836 πρεσϐύτιδες
869 1765 1036 1836 τρεῖς,
1068 1761 1165 1823 τὰς
1198 1761 1351 1833 ὄψεις
1408 1759 1500 1814 καὶ
1540 1761 1695 1814 αὗται
1725 1780 1906 1829 πεπη-

2088 1586 2176 1641 XI.
2227 1587 2369 1643 Cum
2420 1595 2610 1644 autem
2661 1591 2813 1662 quod
2844 1591 2902 1647 in
2949 1591 3257 1665 Pbrygella
3299 1594 3508 1649 factum
3543 1595 3652 1648 fuit

2019 1674 2389 1743 miraculum,
2448 1677 2506 1733 in
2561 1677 2776 1735 multas
2822 1684 2984 1735 terrae
3029 1686 3224 1752 partes
3279 1681 3649 1752 pervasisset,

2016 1767 2299 1820 accedunt
2354 1768 2424 1821 ad
2475 1784 2607 1823 eum
2641 1773 2756 1823 tres
2788 1769 3015 1836 vetulae,
3047 1787 3172 1841 quae
3232 1770 3366 1841 ipsae
3421 1787 3649 1841 quoque

256 1833 514 1925 ρωμέναιλ
575 1833 930 1922 Πιστεύομεν,
997 1849 1275 1923 λέγουσαι,
1336 1869 1428 1903 και
1483 1851 1646 1921 ἡμεῖς
1707 1847 1780 1910 εἷς
1811 1847 1902 1902 τὸν

2022 1859 2177 1909 erant
2215 1854 2427 1911 orbatis
2485 1856 2692 1923 oculis,
2726 1833 3022 1916 dicentes:
3063 1833 3185 1913 l‘los
3241 1833 3418 1914 etiam
3436 1833 3647 1915 prodi-

258 1941 360 1995 ὑπὸ
393 1943 490 1994 σοῦ
545 1937 945 2011 κηρυττόμενον
985 1939 1218 2008 Ἰησοῦν·
1263 1940 1487 2014 φανήτω
1545 1941 1835 2012 τοιγαροῦν
1867 1939 1902 2006 ἡ

256 2027 638 2103 εὐσπλαγχνία
679 2025 840 2082 τοῦδε
889 2028 979 2081 καὶ
1019 2027 1097 2103 ἐφ’
1129 2029 1299 2100 ἡμᾶς,
1341 2027 1430 2080 καὶ
1463 2023 1655 2099 δεῖξον,
1697 2028 1742 2079 ὦ
1773 2037 1903 2089 θαυ-

269 2119 450 2191 μάσιε,
490 2117 762 2189 καὶὴμῖν,
796 2115 974 2188 ὥσπερ
1017 2117 1118 2190 ἄρα
1166 2116 1256 2170 καὶ
1289 2114 1610 2192 Φρυγέλλῃ,
1649 2116 1711 2169 τὸ
1769 2119 1902 2191 φῶς

262 2208 320 2263 Ὀ
352 2204 428 2275 δὲ,
462 2205 526 2262 El
576 2206 611 2272 ἡ
678 2204 857 2266 πίστις
911 2205 1063 2277 ὑμῶν
1122 2205 1258 2279 πρὸς
1287 2206 1379 2259 τὸν
1413 2204 1591 2274 ἀληθῆ
1626 2204 1724 2258 Θὸν
1762 2203 1906 2272 ἀλη-

267 2298 366 2366 θής
416 2294 582 2364 ἐστιν,
615 2293 689 2356 ὥς
729 2315 882 2372 φατε,
913 2298 1029 2354 τοῖς
1082 2298 1303 2363 νοητοῖς
1352 2293 1514 2348 αὐτὸν
1545 2294 1644 2362 τῆς
1683 2289 1906 2367 καρδίας

269 2384 457 2458 ὅψεσθι
488 2381 818 2460 ὀφθαλμοῖς.
863 2381 1045 2440 Ταῦτά
1071 2403 1130 2437 τε
1159 2380 1363 2456 εἴρηκε,
1400 2382 1490 2436 καὶ
1531 2387 1658 2446 τοῦς
1710 2381 1910 2460 ὀφθαλ-

267 2473 402 2548 μοὺς
459 2473 756 2536 ἀνατείναςο
812 2473 974 2545 Κύριε
1030 2474 1211 2543 Ἰησοῦ
1271 2471 1492 2547 Χριστέ,
1549 2469 1741 2544 δέομαί
1789 2493 1907 2541 σου,

265 2560 391 2639 ἔφη,
449 2561 709 2619 ἰδέτωσαν
767 2564 857 2619 καὶ
911 2564 1064 2618 αὗται
1122 2563 1182 2617 τὸ
1229 2566 1343 2641 φῶς
1391 2568 1490 2632 τῆς
1541 2568 1638 2632 σῆς
1683 2559 1910 2637 ἐπιγνώ-

266 2674 420 2723 σεως,
488 2653 576 2707 καὶ
630 2659 729 2720 τῆς
785 2651 1130 2725 ἐπικειμένης
1194 2651 1382 2713 αὐταῖς
1429 2649 1640 2725 ἀχλύος
1698 2651 1906 2725 ἀνενεγ-

267 2745 481 2810 κοῦσαι,
544 2737 1010 2813 διαϐλεψάτωσαν,
1072 2740 1332 2808 Δέσποτα,
1408 2739 1545 2811 πρὸς
1627 2739 1721 2798 τὰς
1814 2740 1907 2800 σὰς

266 2837 366 2899 τῆς
425 2828 684 2899 ἀληθείας
746 2830 934 2904 αὐγάς,
995 2829 1182 2888 Οὕτως
1222 2825 1443 2896 ηὔξατο,
1500 2828 1590 2880 καὶ
1651 2825 1766 2879 ἰδοὺ
1817 2829 1907 2880 τὸν

269 2917 436 2974 τόπον
483 2911 606 2972 ἔνθα
661 2915 729 2985 δὴ
790 2919 875 2970 καὶ
919 2917 1255 2987 εἱστήκεσαν,
1291 2919 1406 2988 φῶς
1465 2915 1665 2968 ἄνωθεν
1725 2916 1912 2988 περιή-

272 3027 506 3077 στραπτε
566 3005 723 3079 μέγα,
780 3005 871 3059 καὶ
913 3005 1116 3066 πάντας
1171 3004 1288 3078 εἶχε
1325 3004 1584 3064 πεσόντας
1634 3004 1668 3071 ἡ
1709 3009 1801 3076 γῆ,
1833 3006 1911 3074 τῷ

269 3094 560 3172 παραδόξῳ
602 3102 703 3164 τῆς
761 3095 880 3157 θέας
945 3094 1407 3168 καταπλαγέντας
1456 3093 1517 3148 τὸ
1559 3091 1616 3147 δὲ
1659 3097 1774 3171 φῶς
1805 3091 1910 3166 οὐχ

2017 1959 2150 1999 mus
2181 1943 2238 1999 in
2258 1946 2478 2013 Jesum,
2513 1946 2611 2017 qui
2643 1963 2677 2001 θ.
2716 1951 2769 2002 te
2801 1948 3161 2019 praedicatur.
3202 1950 3488 2020 Appareat
3514 1965 3647 2020 ergo

2016 2031 2077 2087 in
2109 2049 2216 2088 nos
2257 2049 2487 2105 quoque
2524 2036 2652 2104 ejus
2700 2035 3029 2102 clementia,
3061 2041 3118 2091 et
3159 2037 3326 2092 nobis
3383 2036 3590 2104 lucem,
3615 2053 3648 2092 o

2017 2121 2104 2177 vir
2124 2123 2487 2188 admiranda,
2503 2125 2760 2190 ostende,
2787 2124 2942 2178 sicut
2957 2125 3290 2196 Pbrygellae.
3310 2124 3407 2180 Ille
3431 2130 3647 2192 autem,

2020 2209 2080 2263 Si
2112 2207 2253 2262 ﬁdes
2296 2215 2500 2277 vestra,
2531 2210 2745 2281 inquit,
2777 2227 2910 2265 vera
2941 2219 3024 2266 est
3072 2213 3129 2266 in
3189 2228 3381 2268 verum
3443 2219 3648 2280 Deum,

2020 2297 2171 2352 sicut
2219 2297 2432 2364 dicitis,
2465 2313 2597 2352 eum
2637 2298 2905 2354 videbitis
2945 2301 3136 2356 cordis
3166 2301 3367 2366 oculis,
3404 2302 3503 2372 qui
3553 2318 3652 2356 ca-

2021 2385 2166 2440 dunt
2195 2387 2303 2441 sub
2350 2385 2812 2456 intelligentiam.
2845 2387 2976 2443 Haec
3026 2388 3190 2456 dixit,
3236 2393 3292 2443 et
3337 2405 3472 2445 cum
3522 2407 3651 2445 sus-

2019 2474 2256 2530 tulisset
2311 2473 2561 2531 oculos:
2623 2476 2860 2530 Domine
2933 2477 3072 2532 Jesu
3131 2477 3376 2543 Christe,
3445 2477 3650 2550 inquit,

2019 2579 2157 2634 rogo
2189 2566 2266 2629 te,
2324 2562 2558 2617 videant
2603 2562 2739 2633 ipsze
2792 2579 3024 2634 quoque
3078 2564 3268 2620 lucem
3327 2569 3439 2620 tuae
3489 2565 3656 2637 agni-

2023 2650 2197 2707 tionis
2232 2666 2245 2705 :
2280 2655 2338 2706 et
2367 2651 2439 2706 ab
2479 2667 2565 2720 ea,
2600 2668 2724 2722 quea
2775 2657 2860 2708 est
2899 2653 2981 2707 eis
3021 2654 3221 2720 oli‘usa,
3263 2653 3518 2709 liberatas
3561 2671 3658 2710 ca-

2020 2739 2220 2809 ligine,
2273 2739 2579 2808 aspiciant,
2621 2741 2886 2809 Domine,
2933 2741 3126 2796 radios
3190 2747 3302 2796 tua:
3368 2742 3651 2797 veritatis.

2021 2827 2114 2881 Sic
2146 2831 2232 2880 est
2282 2831 2546 2896 precatus
2579 2845 2592 2881 :
2628 2833 2685 2882 et
2733 2845 2866 2884 ecce
2891 2829 3105 2897 locum,
3138 2829 3196 2883 in
3256 2845 3365 2899 quo
3396 2832 3652 2901 stabant,

2021 2930 2227 2983 magna
2257 2913 2352 2968 lux
2385 2914 2767 2970 circumfulsit
2798 2915 3046 2986 desuper
3078 2932 3090 2970 :
3125 2922 3180 2971 et
3211 2933 3411 2972 omnes
3442 2919 3500 2972 in
3542 2924 3654 2972 ter-

2020 3017 2139 3058 ram
2163 3003 2492 3059 ceciderunt
2514 3004 2896 3076 obstupefacti
2919 3006 3249 3078 spectaculo
3267 3008 3419 3077 quod
3453 3012 3656 3078 praeter

2020 3091 2354 3161 opinionem
2404 3098 2690 3148 evenerat.
2731 3095 2856 3149 Non
2905 3099 3027 3149 erat
3058 3101 3252 3150 autem
3284 3095 3403 3163 lux,
3449 3099 3654 3167 cujus-

273 3167 387 3241 οἷον
417 3185 468 3256 ἐξ
526 3167 692 3254 ἡλίου
759 3183 848 3238 καὶ
907 3167 1466 3259 ἀπραπῆςίέρχεται,
1531 3167 1681 3237 ἄλλα
1725 3181 1902 3235 καινὸν

2022 3181 2173 3235 modi
2229 3197 2296 3236 ea
2354 3187 2460 3246 est,
2495 3197 2621 3252 quae
2672 3182 2828 3236 venit
2879 3197 2946 3236 ex
3002 3185 3124 3238 sole
3163 3189 3220 3238 et
3259 3183 3507 3256 fulgure,
3548 3187 3649 3241 sed

272 3273 460 3335 ἄλλως
518 3273 608 3328 καὶ
669 3272 859 3348 φρικὸν
926 3271 1016 3326 καὶ
1073 3272 1352 3342 ἀσύνηθες,
1404 3274 1649 3328 Ἵσταντο
1732 3269 1908 3324 τοίνυν

272 3365 508 3424 ἀκλινεῖς
564 3364 743 3433 αὗται,
803 3361 1017 3417 πάντων
1076 3366 1155 3434 τῷ
1213 3359 1395 3435 ἐδάφει
1479 3361 1911 3427 καταπεσόντων,

270 3451 452 3506 καὶτὸ
509 3451 662 3528 φανὲν
723 3450 897 3506 ἐκεῖνο
957 3455 1071 3529 φῶς
1132 3448 1452 3519 πολὺ,ταῖς
1507 3450 1661 3522 ὄψεσι
1710 3450 1914 3502 τούτων

271 3541 706 3616 ἐγκατασκῆψαν,
772 3535 1071 3611 ἀναϐλέψαι
1128 3559 1185 3592 τε
1244 3537 1407 3601 αὐτὰς
1461 3539 1684 3606 ἐποίησε
1739 3557 1912 3611 παραυ

274 3637 491 3705 χρῆμα,
522 3630 611 3684 καὶ
641 3630 702 3683 τὸ
734 3626 966 3696 ἡλιακὸν
985 3632 1146 3682 τοῦτο
1178 3631 1292 3702 φῶς
1328 3627 1390 3680 τὸ
1421 3624 1595 3700 γλυκὺ
1627 3627 1715 3679 καὶ
1748 3625 1910 3701 φίλον

274 3718 582 3792 ἀνθρώποις
643 3713 796 3772 ἰδεῖν.
852 3721 907 3769 Ὀ
953 3713 1010 3770 δέ
1058 3717 1135 3777 ὡς
1165 3716 1339 3776 οὕτως
1381 3715 1547 3790 ὑγιῶς
1580 3719 1685 3768 τῶν
1736 3714 1915 3787 ὀμμα-

272 3828 378 3861 των
447 3805 676 3879 ἐχούσας
738 3802 866 3858 εἶδε·
930 3803 999 3860 Τί
1047 3803 1150 3876 ἄρα
1196 3805 1257 3858 τὸ
1316 3803 1472 3880 φανὲν
1533 3804 1681 3876 ὑμῖν,
1725 3801 1913 3878 ἤρετο,

273 3896 363 3950 καὶ
403 3894 456 3948 τί
487 3897 701 3968 πρῶτον
735 3888 1092 3967 διαϐλέψασαι
1136 3890 1302 3947 εἴδετε
1327 3912 1341 3962 ;
1371 3895 1430 3949 ἸΙ
1483 3892 1578 3965 μὲν
1628 3892 1738 3961 οὗν,
1774 3897 1914 3966 Πρε-

276 3980 502 4053 σϐύτην,
555 3976 678 4060 ἔφη,
708 3982 771 4036 τὸ
830 3979 997 4051 εἶδος,
1057 3983 1290 4057 ἄρῥητον
1342 3978 1637 4056 τὴνῶραν,
1668 3978 1909 4058 φαιδρόν·

275 4074 310 4140 ἡ
345 4069 422 4140 δὲ,
479 4069 774 4132 Νεανίσκος
835 4068 988 4149 ὢφθη
1045 4090 1159 4136 μοι’
1203 4073 1238 4140 ἡ
1299 4067 1356 4124 δὲ
1413 4071 1586 4142 ἑτέρα,
1621 4067 1911 4142 Ηαιδάριον

275 4156 506 4232 κομιδῆ,
550 4160 734 4230 φησὶν,
784 4155 965 4234 ἤψατό
1011 4181 1115 4234 μου
1177 4163 1284 4214 τῶν
1337 4158 1654 4234 ὀφθαλμῶν.
1697 4157 1915 4211 Τούτων

279 4246 510 4308 ἀκούσας
581 4242 884 4320 ’Λὸέρκιος,
941 4246 1030 4301 καὶ
1076 4251 1155 4316 τῷ
1217 4249 1327 4299 τῶν
1386 4244 1700 4314 Θαυμασίων
1750 4242 1914 4316 χάριν

279 4333 632 4408 ὁμολογήσας
666 4340 802 4405 Θεῷ,
831 4333 1044 4388 διέλυσε
1071 4335 1169 4402 τήν
1203 4330 1576 4387 διδασκαλίαν.

349 4425 457 4479 ΙΒ’.
491 4424 586 4479 Ἐκ
641 4420 699 4476 δὲ
745 4427 852 4477 τῶν
907 4422 1189 4496 παρόντων
1239 4421 1366 4484 τούς
1438 4423 1684 4491 συνήθεις
1751 4439 1916 4495 παρα-

2019 3285 2168 3325 nova
2198 3285 2457 3339 prorsus,
2489 3277 2544 3324 et
2593 3269 2903 3340 stupenda,
2946 3275 3003 3325 et
3059 3270 3306 3328 insueta.
3368 3273 3460 3328 Eae
3515 3290 3650 3346 ergo

2020 3357 2252 3415 stabant
2275 3358 2556 3425 immotae,
2591 3374 2726 3413 cum
2757 3374 2956 3414 omnes
2979 3359 3146 3415 humi
3177 3361 3564 3418 cecidissent:
3598 3368 3653 3419 et

2019 3447 2119 3502 lux
2148 3448 2270 3514 illa,
2303 3464 2431 3518 quae
2463 3447 2750 3520 apparuit,
2785 3464 2916 3504 cum
2945 3449 3112 3507 valde
3132 3449 3191 3504 in
3222 3466 3421 3506 eorum
3453 3452 3650 3509 oculos

2018 3536 2402 3604 incubuisset,
2451 3552 2550 3592 eas
2588 3537 2780 3592 statim
2831 3537 2968 3593 fecit
2997 3539 3214 3608 videre,
3246 3543 3302 3594 et
3347 3541 3493 3596 hanc
3519 3557 3651 3598 sua-

2018 3642 2146 3682 vem
2190 3631 2247 3682 et
2304 3625 2644 3682 hominibus
2699 3631 2923 3698 gratam
2975 3627 3115 3684 solis
3171 3629 3361 3685 lucem
3417 3630 3650 3687 intueri.

2020 3713 2119 3770 Ille
2152 3719 2344 3770 autem
2363 3730 2494 3769 cum
2518 3719 2637 3770 tam
2662 3716 2820 3771 sanis
2857 3731 2954 3772 eas
2984 3716 3229 3772 vidisset
3251 3717 3469 3773 oculis:
3505 3719 3652 3782 Quid

2019 3812 2124 3872 est,
2157 3804 2395 3874 rcgavit,
2431 3804 2580 3875 quod
2611 3805 2772 3860 vobis
2807 3805 3090 3876 apparuit,
3123 3810 3179 3861 et
3211 3807 3350 3878 quid
3399 3807 3648 3875 vidistis,

2018 3909 2149 3949 cum
2198 3893 2455 3963 primum
2496 3893 2804 3965 aspexistis
2827 3893 2854 3948 ?
2887 3893 3009 3949 Una
3027 3899 3216 3950 autem
3244 3912 3256 3949 :
3301 3899 3528 3964 Senem,
3561 3897 3648 3951 in-

2018 3982 2166 4054 quit,
2197 3981 2338 4050 vidi,
2371 3985 2541 4050 cujus
2573 3982 2766 4038 formas
2801 3999 2914 4037 non
2948 3987 3142 4052 potest
3173 3983 3366 4036 referri
3403 3983 3656 4053 pulchri-

2016 4072 2155 4126 tudo
2209 4075 2265 4124 et
2311 4071 2595 4125 alacritas.
2657 4070 2852 4125 Altera
2905 4075 3135 4126 autem:
3186 4070 3360 4125 Visus
3399 4077 3483 4126 est
3514 4072 3652 4127 mibi

2019 4157 2378 4213 adolescens.
2409 4157 2603 4210 Tertia
2633 4172 2765 4209 vero
2803 4173 2816 4210 :
2843 4158 3009 4226 Puer,
3032 4158 3246 4227 inquit,
3275 4174 3434 4213 meos
3465 4160 3655 4230 attigit

2019 4244 2240 4301 oculos.
2276 4244 2392 4298 llas
2441 4259 2572 4298 cum
2605 4244 2864 4299 audisset
2902 4245 3201 4312 Abercius,
3233 4254 3283 4300 et
3315 4263 3510 4302 rerum
3551 4250 3653 4303 ad-

2021 4332 2379 4388 mirabilium
2412 4332 2527 4388 Deo
2553 4333 2767 4404 egisset
2797 4334 3035 4404 gratias,
3070 4333 3385 4389 intermisit
3427 4337 3650 4392 docere.

2088 4422 2214 4478 XII.
2251 4426 2326 4476 Ex
2379 4421 2451 4476 iis
2511 4427 2728 4489 autem,
2779 4421 2878 4492 qui
2911 4423 3171 4490 aderant,
3205 4423 3276 4477 iis
3318 4426 3650 4496 assumptis,

277 4508 488 4582 λαϐὼν,
557 4508 763 4583 οἴκαδε.
796 4510 1044 4581 ἐπάνῆκε,
1077 4511 1166 4566 καὶ
1209 4513 1336 4574 τοὺς
1383 4517 1480 4581 τῆς
1532 4510 1721 4580 ἐνάτης
1769 4511 1909 4582 ὥρας

2025 4512 2121 4584 qui
2154 4514 2320 4566 erant
2358 4511 2696 4578 familiares,
2730 4511 2969 4566 domum
3013 4513 3205 4580 rediit,
3237 4519 3290 4567 et
3339 4530 3469 4568 cum
3502 4513 3655 4570 horse

278 4603 480 4673 ὕμνους
526 4596 762 4661 ἀποδοὺς
828 4604 1006 4673 (τοῦτο
1044 4601 1147 4675 γὰρ
1202 4599 1349 4673 αὖτῷ
1405 4595 1544 4672 ἔθος,
1575 4599 1735 4654 οἱονεὶ
1777 4601 1914 4654 κατά

277 4709 548 4767 παρεργον
595 4688 683 4744 καὶ
723 4690 859 4763 πρὸς
898 4689 978 4761 τῷ
1025 4689 1167 4745 τέλει
1216 4697 1316 4759 τῆς
1365 4690 1573 4764 ἡμέρας
1641 4694 1910 4752 ποιεῖσθαι

277 4778 369 4834 καὶ
420 4784 516 4833 τοῦ
553 4779 804 4851 σώματος
867 4777 1076 4854 Λόγον,)
1112 4777 1288 4853 βραχύ
1342 4799 1394 4832 τι
1443 4779 1606 4853 ἄρτου
1641 4777 1914 4850 μεταλαμ-

278 4861 447 4922 ϐάνει.
508 4867 722 4922 Τούτων
790 4866 971 4922 τοίνυν
1040 4867 1128 4922 ὑπ’
1187 4867 1353 4922 αὐτοῦ
1418 4865 1744 4940 γενομένων,
1811 4873 1911 4936 τῆς

275 4956 594 5030 περιχώρου
651 4954 900 5018 πολλοὺς
947 4957 1015 5024 ἦν
1066 4957 1192 5028 ὁρᾷν
1248 4957 1386 5030 πρὸς
1437 4956 1528 5011 τὸν
1590 4953 1755 5030 ἄνδρα
1786 4955 1910 5032 συρο

277 5043 491 5120 ῥέοντας
522 5044 610 5100 καὶ
651 5045 725 5103 εἷς
777 5041 952 5118 ὄνομα
1015 5045 1248 5119 Ηατρὸς,
1305 5045 1433 5098 Υἱοῦ
1479 5046 1566 5098 καὶ
1599 5046 1910 5117 Ηνεύματος

274 5133 436 5206 ἁγίου
489 5133 939 5208 βαπτιζομένους.
987 5135 1076 5190 ’Ev
1122 5133 1368 5204 τοσούτῳ
1418 5129 1472 5187 δὲ
1519 5133 1585 5188 τὰ
1638 5133 1772 5188 κατᾶ
1809 5135 1908 5203 τήν

281 5220 489 5296 μητέρα
545 5220 708 5296 γνοὺς
767 5221 1121 5294 Εὐξεινιανὸς,
1180 5222 1328 5283 ὅπως
1399 5241 1457 5276 τε
1529 5242 1908 5299 χειραγωγου.

281 5311 416 5388 μένη
476 5310 771 5387 προσέλθοι
819 5316 898 5383 τῷ
931 5311 1090 5386 ἁγίῳ,
1145 5311 1235 5366 καὶ
1303 5309 1450 5373 ὅπως
1499 5312 1907 5386 πεπηρωμένων

275 5403 418 5476 αὐτῇ
477 5405 585 5456 τῶν
643 5399 941 5478 ὀφθαλμῶν
995 5395 1362 5474 ἀνοϐλέψειεν,
1421 5395 1658 5476 ἀκριϐῶς
1737 5403 1912 5457 πάντα

276 5489 327 5563 ἐξ
359 5489 528 5560 αὐτῆς
585 5489 911 5563 πυθόμενος,
943 5487 1121 5544 ἄπεισι
1179 5489 1324 5566 παρᾶ
1365 5493 1578 5562 τοῦτον,
1625 5491 1714 5546 καὶ
1745 5491 1910 5546 ἀσπά-

273 5583 527 5653 σάμινος,
591 5577 664 5636 El'
692 5599 750 5634 σε
808 5574 981 5653 ᾔδειν,
1032 5579 1220 5656 πάτερ,
1287 5577 1415 5657 ἐγὼ,
1497 5581 1679 5659 φησὶν,
1736 5578 1908 5645 ὗδέως

589 5707 856 5776 Parim.
900 5711 1011 5777 Gn.
1057 5709 1228 5776 CXV.

2024 4617 2187 4657 nonae
2229 4601 2477 4673 hymnos
2527 4599 2896 4670 absolvisset,
2930 4616 3134 4671 parum
3189 4602 3357 4667 panis
3388 4603 3655 4658 assumit.

2026 4691 2109 4745 Ila
2141 4690 2295 4745 enim
2329 4689 2573 4759 solebat,
2609 4697 2884 4761 tanquam
2926 4689 3081 4743 aliud
3115 4691 3356 4759 agendo,
3379 4690 3512 4746 etin
3547 4691 3660 4747 [ine

2023 4778 2160 4846 diei,
2199 4777 2456 4849 corporis
2485 4776 2699 4832 habere
2741 4778 3043 4833 rationem.
3093 4776 3221 4831 Haec
3251 4792 3384 4832 cum
3430 4779 3500 4833 ab
3535 4778 3658 4848 ipso

2022 4868 2174 4923 facta
2205 4870 2415 4936 essent,
2457 4866 2667 4922 licebat
2708 4867 2902 4921 videre
2937 4865 3148 4921 multos
3178 4882 3246 4921 ex
3283 4882 3370 4933 ea,
3404 4882 3528 4938 quae
3571 4871 3660 4923 est

2022 4955 2425 5024 circumcirca,
2457 4955 2691 5026 regione
2721 4955 2791 5009 ad
2837 4970 2970 5009 eum
3016 4955 3325 5024 conﬂuere,
3372 4959 3429 5010 et
3476 4955 3660 5027 bapti-

2021 5045 2136 5101 zari
2168 5046 2226 5100 in
2273 5046 2508 5101 nomine
2549 5044 2748 5113 Patris,
2787 5048 2844 5099 et
2873 5043 3022 5112 Filii,
3067 5049 3124 5100 et
3153 5045 3406 5116 Spiritus
3448 5045 3657 5100 sancti.

2021 5136 2263 5191 Interim
2296 5139 2490 5189 autem
2522 5149 2650 5188 cum
2696 5151 2822 5205 qua
2858 5133 3029 5188 matri
3068 5134 3413 5202 evenissent,
3446 5149 3658 5205 cogno-

2019 5225 2198 5279 visset
2240 5223 2627 5290 Euxenianus,
2658 5227 2715 5277 et
2760 5223 3253 5294 quemadmodum
3287 5224 3532 5278 deducta
3563 5240 3659 5278 ac-

2021 5315 2295 5371 cessisset
2349 5315 2417 5368 ad
2471 5319 2762 5379 sanctum,
2812 5319 2870 5369 et
2923 5312 3418 5384 quemadmodum
3462 5313 3661 5369 orbata

2019 5403 2211 5460 visum
2285 5406 2701 5474 recuperasset,
2761 5402 2956 5458 omnia
3005 5417 3073 5456 ex
3128 5401 3256 5471 ipsa
3311 5401 3657 5470 sciscitatus,

2019 5495 2178 5550 venit
2201 5493 2273 5549 ad
2306 5492 2496 5561 illum,
2540 5507 2604 5546 ac
2642 5508 2654 5546 :
2687 5491 2748 5548 Si
2797 5496 2853 5547 te
2885 5492 3111 5556 scirem,
3144 5490 3353 5564 inquit,
3387 5508 3418 5546 ο
3477 5497 3656 5563 pater,

2020 5582 2265 5639 libenter
2325 5581 2582 5653 aspicere
2625 5579 2692 5635 ad
2726 5580 3024 5652 pecunias,
3067 5594 3182 5636 non
3228 5578 3658 5636 distribuissem

3257 5707 3335 5769 39
