4128 6274
249 366 403 426 1217

1614 370 1798 431 νιΤΑ
1842 367 1906 431 S.
1952 370 2282 432 ABERCII.

3487 374 3642 434 1218

245 524 422 580 κτέον.
481 523 634 580 Ἑπεί
707 521 795 577 καὶ
878 525 1038 578 τοῦτο
1120 521 1283 596 μόνον
1345 524 1609 599 Χριστοῦ,
1679 524 1896 602 φεύγειν

2015 546 2114 585 nos
2170 528 2470 584 invadunt.
2513 530 2657 585 Nam
2709 528 2813 586 hoc
2870 544 3102 601 quoque
3151 529 3512 603 planejubet
3553 532 3644 589 lex

244 610 490 690 ἀτεχνῶς
529 612 657 672 τοὺς
715 608 1034 674 διώκοντας.
1067 613 1248 669 Ταῦτα
1302 610 1428 690 ἔφη,
1473 611 1563 666 καὶ
1622 614 1735 686 ἅμα
1803 614 1894 669 σὺν

244 698 432 762 αὐτοῖς
463 698 715 773 ἐξελθὼν,
749 698 928 756 ἐίπεισι
985 700 1121 755 κατὰ
1181 701 1351 773 μέσην
1398 701 1498 769 τήν
1556 700 1721 757 πύλιν
1751 703 1895 779 παρᾶ

240 789 345 857 τὴν
378 788 598 864 ἀγοράν.
631 790 797 846 Ἔνθα
867 786 932 858 δὴ
965 789 1055 843 καὶ
1114 789 1188 850 εἰς
1245 789 1416 844 τόπον
1475 789 1535 852 ’ὀς
1577 789 1720 846 οὕτω
1768 795 1895 865 παρ’

243 879 436 940 αὐτοῖς
469 877 816 954 Φραγέλλιον
855 875 1103 934 ἐκαλεῖτο
1154 879 1398 949 καθίσας,
1437 880 1498 934 τὸ
1550 882 1812 955 κήρυγμά
1837 903 1896 937 τε

242 969 346 1031 τῆς
381 965 641 1037 ἀληθείας
699 964 943 1022 ἐδίδασκε
1005 968 1132 1029 τοὺς
1171 968 1454 1042 παρόντας,
1501 967 1592 1023 καὶ
1651 977 1750 1038 τῆς
1798 975 1896 1025 τοῦ

245 1060 386 1112 Θεοῦ
445 1057 695 1133 γνώσεως
725 1055 902 1126 ἠξίου,
936 1057 1012 1118 ὡς
1059 1055 1298 1121 ἐκείνους
1344 1058 1618 1127 ἀξιοῦσθαι
1669 1056 1893 1115 δυνοτὸν

245 1148 339 1215 ἦν,
373 1145 462 1200 καί
520 1143 629 1200 δεῖν
662 1143 817 1220 ἔλεγε
880 1146 971 1200 τὸν
1019 1150 1098 1217 τῷ
1129 1146 1256 1218 θείῳ
1299 1146 1635 1220 βαπτίσματι
1664 1149 1899 1203 τελειωο

252 1235 431 1302 θέντα,
463 1233 551 1288 καὶ
583 1234 900 1308 Χριστιανὸν
937 1231 1232 1303 ἀξιωθέντα
1296 1233 1403 1304 ἤδη
1463 1242 1556 1290 καῖ
1612 1236 1751 1291 εἶναι
1807 1237 1896 1292 καὶ

249 1321 632 1396 ὀνομάζεσθαι,
678 1326 784 1378 τῶν
865 1323 958 1394 μὲν
1021 1323 1300 1398 παρόντων
1369 1321 1544 1391 ἡδέων
1622 1345 1897 1402 καταφρο-

247 1417 383 1482 νεῖν,
411 1411 661 1487 ἐπίκαιρα
709 1414 834 1488 γάρ,
891 1412 1169 1488 ὀρέγεσθαι
1237 1412 1294 1469 δὲ
1339 1415 1510 1486 μόνης
1550 1422 1649 1484 τῆς
1698 1415 1900 1480 ἀθανά-

248 1521 346 1555 του
390 1506 562 1570 ζωῆς,
590 1501 739 1558 Ἐπεὶ
788 1503 876 1556 καὶ
947 1500 1086 1574 μόνη
1147 1503 1221 1564 ὡς
1287 1501 1512 1572 ἀληθῶς
1550 1503 1686 1573 αὕτη
1760 1505 1897 1575 ζωὴ,

247 1591 314 1658 ἣν
348 1595 464 1652 τοῖς
519 1589 796 1664 ἀγαπῶσιν
826 1589 986 1645 αὐτὸν
1027 1590 1324 1664 ἡτοίμασεν
1367 1593 1395 1646 ὁ
1443 1592 1594 1654 Θεός.
1631 1594 1716 1649 Ἐν
1786 1594 1898 1666 ὅσῳ

248 1678 342 1733 οὖν
420 1682 588 1734 ταῦτα
663 1679 807 1735 οὕτω
871 1679 1006 1754 πρὸς
1077 1679 1270 1742 αὐτοὺς
1325 1677 1618 1756 διελέγετο,
1667 1683 1729 1736 τὸ
1781 1684 1896 1736 κατ’

247 1767 417 1823 αύσοῦ
465 1769 764 1845 φερόμενον
801 1767 1020 1838 πλῆθος
1067 1769 1130 1824 τὸ
1178 1773 1402 1846 πρᾶγμα
1463 1769 1748 1842 μαθόντες,
1807 1769 1894 1826 καὶ

243 1859 330 1912 ὅτι
392 1855 492 1912 οῦκ
555 1859 836 1932 ἠγάπησεν
898 1856 1042 1914 οἴκοι
1072 1860 1194 1933 περὶ
1250 1860 1349 1928 της
1393 1859 1595 1921 οἰκείας
1653 1857 1981 1953 διεξιέναιΒ

238 1947 500 2013 πίττεως,
543 1943 690 2002 ἀλλᾶ
745 1946 835 2002 καὶ
895 1944 1134 2020 δημοσίᾳ
1194 1948 1454 2021 κηρύσσει
1515 1948 1605 2003 καὶ
1675 1947 1894 2024 παῤῥη-

240 2034 488 2104 σιάζεται
563 2036 664 2104 τὴν
753 2031 1043 2106 εὐσέϐειαν,
1104 2036 1179 2097 εἰς
1252 2034 1482 2091 πλείονα
1540 2039 1639 2108 τὴν
1705 2040 1898 2110 μανίαν

239 2123 668 2199 παροξυνθέντες
734 2123 825 2179 καὶ
910 2126 1221 2198 θερμοτέρῳ
1297 2128 1539 2194 ζέσαντες
1606 2126 1898 2198 πνεύματι,

239 2215 342 2268 οὐκ
405 2207 482 2268 ἔτι
540 2213 791 2276 καθεκτοὶ
861 2207 1076 2286 ἔμενον,
1116 2211 1240 2268 οὐδὲ
1303 2219 1420 2276 τοῖς
1467 2213 1770 2290 βελτίστοις
1802 2222 1901 2285 τῆς

237 2301 470 2364 πόλεως
520 2302 729 2376 ὑπεῖξαι
789 2302 898 2358 οἷοί
955 2324 1014 2358 τε
1052 2303 1210 2371 ἦσαν,
1242 2301 1388 2358 ἀλλὰ
1433 2305 1524 2358 σὺν
1552 2299 1774 2380 θορύϐῳ
1810 2305 1900 2360 καὶ

235 2395 459 2469 κραυγῇ
543 2392 659 2448 κατ’
708 2392 875 2448 αὐτοῦ
943 2392 1145 2465 ὥρμων
1209 2391 1443 2467 μονονοὺ
1509 2399 1627 2455 τοῖς
1686 2391 1900 2448 ὀδοῦσιν

239 2484 412 2540 αὐτόν
441 2503 500 2538 τε
529 2481 618 2536 καὶ
656 2481 788 2545 τοὺς
821 2484 917 2538 σὺν
952 2484 1105 2555 αὐτῷ
1137 2481 1492 2557 διασπαράξαι
1548 2482 1900 2557 βουλόμενοι.

312 2574 388 2636 ς’.
425 2568 648 2640 Ἐπειδὴ
705 2568 762 2626 δὲ
819 2573 896 2634 ὡς
953 2571 1111 2627 αὐτόν
1186 2593 1244 2627 τε
1299 2570 1408 2643 ἤδη
1487 2572 1760 2648 ἐγένοντο,
1810 2571 1901 2628 καὶ

244 2663 380 2717 ὅσον
443 2659 595 2714 οῧπω
669 2661 766 2722 τὰς
835 2665 1024 2735 χεῖρας
1094 2656 1377 2716 ἐπιϐαλεῖν
1437 2661 1584 2733 αὐτῷ
1639 2660 1900 2735 ἔμελλον,

244 2749 379 2806 ἰδοὺ
438 2753 582 2822 τρεῖς
638 2748 926 2816 νεανίσκοι,
973 2755 1230 2824 πονηρῶν
1292 2747 1463 2804 πάλαι
1505 2747 1781 2822 δαιμόνων
1825 2751 1901 2813 εἰς

247 2839 346 2899 τὰς
412 2835 597 2912 ψυχας
655 2837 835 2891 αὐτῶν
886 2835 1287 2907 ἐνακηψάντων,
1361 2834 1422 2890 ἐκ
1484 2840 1578 2888 τοῦ
1635 2835 1903 2912 αἰφνιδίου

250 2925 724 3002 περιβρηξάμενοι
782 2923 877 2979 τὰ)
943 2922 1169 2994 ἐσθῆτας
1247 2923 1488 2986 ἐκθέουσι
1543 2922 1643 2978 τοῦ
1703 2921 1903 2998 ἰέχλου,

248 3019 352 3079 τὰς
399 3013 601 3076 οἰκείας
661 3012 836 3068 αὐτῶν
895 3017 1085 3087 χεῖρας
1147 3010 1428 3074 δάκνοντες
1495 3033 1553 3067 τε
1603 3013 1690 3066 καὶ
1748 3033 1905 3087 στρε-

251 3104 540 3173 ϐλοῦντες,
571 3104 698 3164 τοὺς
740 3100 1061 3178 ὀφθαλμοὺς
1116 3099 1546 3179 διαστρέφοντες,
1595 3102 1764 3180 ἀφρὸν
1807 3106 1904 3156 τοῦ

256 3196 534 3268 στόματος
593 3192 980 3264 ἀποπτύοντες⁸
1033 3192 1248 3264 ἄσημόν
1285 3212 1404 3246 τινα
1448 3191 1540 3245 καὶ
1600 3189 1902 3246 ἀλλόκοτον

2001 616 2241 684 Christi,
2287 618 2483 688 fugere
2543 617 2814 674 videlicet
2854 633 2974 685 eos,
3025 619 3126 690 qui
3190 623 3640 691 persequuntur,

2003 708 2131 762 Haec
2161 705 2326 773 dixit,
2359 709 2416 761 et
2447 705 2622 761 simul
2653 723 2783 761 cum
2816 707 2898 762 eis
2929 723 3220 776 egressus,
3257 725 3358 780 per
3391 710 3641 765 mediam

2002 795 2292 850 civitatem
2332 795 2484 849 vadit
2514 795 2571 849 in
2612 795 2823 850 forum.
2859 794 2964 850 Ubi
2997 795 3170 850 etiam
3218 811 3350 851 cum
3395 797 3644 853 sedisset

2001 886 2061 942 in
2094 885 2240 955 loco,
2270 887 2368 956 qui
2400 885 2552 956 apud
2585 900 2683 942 eos
2716 885 3026 940 vocabatur
3056 885 3430 956 Fragollium,
3464 887 3642 942 doce-

2001 975 2100 1030 bat
2129 990 2228 1031 eos
2260 973 2358 1046 qui
2409 975 2673 1040 aderant,
2717 974 3068 1044 praconium
3118 974 3398 1043 veritatis,
3429 978 3487 1029 et
3543 991 3642 1031 eos

2002 1063 2356 1136 dignabatur
2394 1062 2493 1118 Dei
2527 1063 2876 1132 cognitione,
2911 1069 3077 1132 prout
3109 1062 3190 1117 illi
3225 1066 3490 1133 poterant
3516 1078 3644 1118 esse

2005 1151 2206 1224 digni;
2249 1155 2304 1206 et
2355 1150 2580 1206 dicebat
2617 1153 2884 1222 oportere
2925 1166 3079 1217 eum,
3128 1150 3225 1218 qui
3276 1154 3400 1204 erat
3447 1151 3642 1206 divino

2005 1240 2298 1309 baptismo
2356 1238 2644 1306 initiatus,
2689 1243 2744 1292 et
2792 1238 3002 1308 dignus
3047 1238 3301 1306 habitus,
3363 1239 3463 1309 qui
3514 1240 3639 1308 jam

2003 1328 2365 1384 Christianus
2397 1331 2453 1382 et
2482 1331 2628 1382 esset
2671 1332 2726 1382 et
2772 1327 3190 1394 nominaretur,
3225 1343 3353 1398 quae
3403 1327 3645 1383 aderant

2005 1416 2551 1488 quidem,jucunda
2585 1415 2913 1486 despicere:
2957 1431 3082 1471 esse
3130 1417 3287 1471 cnim
3338 1416 3533 1472 brevia
3591 1421 3647 1472 et

2001 1507 2218 1562 caduca
2251 1521 2264 1559 :
2300 1511 2568 1576 expetere
2598 1513 2788 1560 autem
2815 1505 2988 1559 vitam
3023 1504 3202 1559 solam
3234 1505 3639 1560 immortalem.

2005 1594 2148 1650 Nam
2173 1611 2240 1650 ea
2269 1593 2394 1650 sola
2427 1598 2516 1650 est
2543 1610 2674 1649 vere
2713 1593 2831 1648 vita
2881 1611 3051 1666 quam
3103 1595 3246 1647 Deus
3276 1596 3499 1664 paravit
3547 1593 3640 1660 iis,

2002 1683 2096 1754 qui
2130 1683 2321 1754 ipsum
2351 1682 2624 1754 diligunt.
2659 1682 2890 1738 Interim
2932 1686 3126 1737 autem
3161 1683 3300 1737 dum
3327 1682 3443 1736 harc
3465 1682 3648 1737 disse-

2005 1773 2186 1842 rebat,
2219 1789 2350 1828 cum
2383 1788 2508 1842 quae
2566 1772 2624 1826 in
2658 1788 2788 1828 eum
2851 1771 3143 1826 ferebatur
3197 1770 3254 1825 id
3316 1769 3646 1826 rescivisset

2009 1860 2319 1916 multitudo
2355 1875 2367 1915 :
2416 1869 2468 1916 et
2501 1860 2653 1930 quod
2686 1876 2801 1915 non
2833 1859 2974 1914 satis
3022 1858 3229 1914 habuit
3270 1859 3427 1914 domi
3473 1859 3646 1915 verba

2009 1951 2192 2006 facere
2244 1949 2313 2005 de
2344 1965 2453 2005 sua
2510 1949 2642 2015 fide,
2675 1949 2775 2004 sed
2808 1948 2980 2003 etiam
3013 1947 3242 2017 publice
3275 1947 3567 2018 praedicat,
3590 1949 3648 2002 et

2009 2040 2192 2094 libere
2232 2037 2544 2094 annuntiat
2573 2053 2740 2094 suam
2775 2036 3133 2106 religionem,
3176 2035 3380 2106 majori
3413 2035 3645 2092 insania

2011 2126 2233 2198 perciti,
2284 2129 2342 2182 et
2399 2127 2691 2181 ferventes
2720 2123 2925 2178 acriori
2959 2122 3187 2194 spiritu,
3220 2138 3338 2177 non
3396 2121 3646 2192 amplius

2010 2215 2291 2272 contineri
2333 2219 2616 2286 poterant,
2669 2229 2774 2268 nec
2830 2211 3097 2268 volebant
3147 2209 3528 2282 optimatibus
3557 2225 3647 2267 ce-

2011 2306 2143 2360 dere
2165 2304 2450 2359 civitatis:
2484 2303 2584 2358 sed
2609 2318 2742 2358 cum
2773 2299 3029 2356 tumultu
3062 2303 3119 2354 et
3149 2299 3399 2354 clamore
3430 2298 3488 2353 in
3512 2315 3645 2354 eum

2010 2393 2296 2464 impetum
2338 2391 2648 2460 faciebant,
2704 2389 2922 2460 ipsum,
2955 2393 3013 2444 et
3070 2403 3167 2444 eos
3198 2387 3296 2459 qui
3357 2403 3486 2442 cum
3519 2387 3646 2458 ipso

2011 2486 2200 2551 erant,
2233 2481 2505 2538 dentibus
2547 2479 2968 2550 propemodum
3007 2477 3267 2532 volentes
3299 2476 3643 2546 discerpere.

2079 2570 2172 2625 Vl.
2207 2569 2347 2625 Cum
2378 2572 2574 2624 autem
2600 2568 2725 2638 jam
2758 2566 2828 2621 ad
2861 2565 3056 2636 ipsum
3077 2564 3394 2630 venissent,
3426 2567 3484 2618 et
3515 2579 3648 2619 mox

2010 2663 2210 2717 essent
2243 2675 2453 2715 manus
2491 2657 2552 2714 in
2610 2672 2743 2713 eum
2773 2654 3068 2726 injecturi,
3101 2669 3232 2709 ecce
3285 2660 3396 2708 tres
3453 2651 3645 2708 adole-

2011 2753 2260 2818 scentes,
2292 2763 2425 2804 cum
2454 2745 2696 2818 maligni
2715 2746 3006 2800 daemones
3030 2759 3128 2799 eos
3151 2743 3323 2813 longo
3345 2745 3478 2797 ante
3499 2745 3646 2797 tem-

2013 2853 2150 2907 pore
2179 2837 2551 2903 invasissent,
2601 2840 2838 2905 repente
2870 2833 3055 2904 ruptis
3086 2831 3345 2886 vestibus
3375 2846 3404 2885 e
3434 2829 3647 2901 p0pulo

2012 2927 2348 2990 excurrunt,
2381 2939 2516 2979 suas
2562 2939 2770 2978 manus
2826 2921 3159 2976 mordentes
3190 2924 3247 2975 et
3286 2924 3647 2990 torquentes,

2012 3012 2210 3069 oculos
2240 3013 2616 3079 invertentes,
2648 3027 2884 3083 spumas
2925 3010 2984 3066 in
3025 3025 3123 3065 ore
3155 3013 3410 3080 agentes,
3435 3012 3492 3062 et
3512 3023 3650 3062 con-

2013 3104 2202 3157 fusam
2227 3101 2538 3170 quamdam
2559 3099 2926 3171 alienamque
2944 3113 3141 3154 vocem
3161 3097 3516 3152 emittentes.
3543 3095 3650 3160 Qui

2015 3207 2148 3246 cum
2187 3187 2567 3245 accurrissent
2593 3189 2662 3242 ad
2695 3188 2997 3243 Abercium
3035 3203 3048 3240 :
3083 3187 3434 3256 Adjuramus
3465 3189 3521 3238 te
3553 3199 3654 3253 per

255 3250 450 3365 φωνὴν
482 3282 750 3357 ἀφιέντες,
783 3282 836 3336 οἳ
876 3250 980 3336 καί,
1017 3250 1459 3356 προσδραμόντες
1503 3285 1582 3353 τῷ
1613 3275 1904 3354 Ἀϐερκίῳ,

2019 3295 2218 3334 verum
2249 3282 2307 3333 et
2354 3275 2542 3332 solum
2573 3275 2778 3342 Deum,
2811 3291 2985 3345 quem
3035 3279 3096 3327 tu
3152 3274 3456 3345 praedicas,
3487 3272 3655 3327 vehe-

254 3372 562 3450 Ὀρκοῦμέν
597 3391 654 3426 σε
686 3369 820 3426 κατὰ
847 3369 944 3425 τοῦ
994 3369 1256 3440 ἀληθινοῦ
1303 3371 1393 3423 καὶ
1447 3370 1616 3439 μόνου
1657 3367 1812 3441 Θεοῦ,
1845 3370 1904 3424 δν

255 3462 323 3520 σὺ
358 3459 668 3536 κηρύττεις,
704 3460 941 3535 ἰσχυρῶς
983 3453 1178 3528 ἐϐόων,
1223 3459 1300 3529 μὴ
1344 3459 1450 3534 πρὸ
1492 3463 1684 3532 καιροῦ
1740 3460 1903 3531 βασα-

253 3552 404 3609 νίσαι
454 3552 624 3622 ἡμᾶς.
659 3551 834 3605 Τοῦτο
891 3552 969 3619 τῷ
1019 3548 1111 3619 μὲν
1166 3545 1512 3617 πλήσει,τὴν
1545 3547 1744 3620 ἄλογον
1777 3545 1907 3601 ἐκεί-

252 3662 356 3710 νην
409 3637 635 3713 ἐπέσχεν
695 3637 873 3711 ὀρμήν
909 3654 922 3668 θ
961 3641 1078 3696 τοῖς
1114 3636 1407 3694 νεανίσκοις
1465 3632 1521 3688 δέ
1559 3635 1724 3708 πέρας
1778 3634 1904 3710 ἐγέ-

248 3749 376 3785 νετο
428 3731 525 3782 τοῦ
599 3729 790 3797 κακοῦ,
851 3722 1065 3797 μᾶλλον
1134 3722 1212 3791 δὲ,
1281 3723 1325 3778 εἰ
1384 3721 1466 3778 δεῖ
1548 3723 1903 3799 ἀληθέστερον

262 3819 465 3886 εἰπεῖν,
540 3814 848 3892 ἀμφοτέροις
916 3809 1108 3883 ἔσσησε
1161 3814 1260 3882 τὴν
1339 3812 1552 3886 μανίαν,
1621 3818 1736 3875 τοῖς
1806 3815 1900 3886 μὲν

246 3909 358 3976 τὴν
422 3904 481 3958 ἐκ
521 3907 629 3958 τῶν
680 3901 972 3976 δαιμόνων,
1024 3906 1103 3974 τῷ
1149 3898 1350 3972 πλήθει
1409 3899 1466 3957 δὲ
1510 3902 1609 3970 τὴν
1653 3900 1701 3971 ἐξ
1743 3902 1905 3958 ἀπαι-

259 3996 460 4053 δεύτου
490 3993 698 4070 φύσεως
729 3993 864 4048 κατὰ
912 3996 1009 4048 τοῦ
1049 3993 1207 4068 ἁγίου
1256 3994 1636 4067 κεκινημένην.
1667 3997 1906 4050 Ἵσταντο

255 4087 354 4143 οὖν
428 4080 618 4146 πᾶντες
667 4083 846 4144 ἀτενὲς
899 4081 1058 4137 αὐτὸν
1125 4081 1440 4158 βλέποντες,
1479 4083 1610 4157 μόνῃ
1673 4089 1740 4156 τῇ
1815 4105 1906 4138 κο-

256 4176 529 4248 σμιότητι
594 4177 692 4227 τοῦ
733 4170 921 4245 ἀνδρὸς
968 4171 1056 4226 καὶ
1112 4175 1179 4244 τῇ
1237 4176 1343 4226 τῶν
1373 4173 1520 4240 ἠθῶν
1565 4171 1909 4244 γαληνότητι

251 4264 358 4324 τὰς
421 4260 592 4334 ὁρμὰς
649 4258 985 4330 πεδηθέντες,
1017 4261 1106 4313 καὶ
1155 4259 1216 4313 τὸ
1271 4257 1478 4330 μέλλον
1538 4257 1614 4318 εἰς
1658 4257 1688 4311 ὅ
1727 4280 1778 4312 τι
1819 4259 1911 4312 οὗν

254 4347 402 4422 ἐκϐῇ
458 4347 950 4422 περιμένοντεςοτο
1003 4348 1186 4418 μέντοι
1245 4351 1387 4408 θεῖος
1418 4341 1702 4419 Ἀϐερκιος
1758 4344 1910 4401 οὐδὲν

259 4436 576 4514 μελλήσας,
611 4435 688 4497 εἰς
727 4436 897 4509 εὐχὴν
925 4436 1108 4489 ἑαυτὸν
1141 4434 1494 4506 τρεψάμενος.
1527 4435 1589 4490 Ὀ
1617 4439 1712 4490 τοῦ
1759 4435 1912 4510 ἁγίου

259 4523 464 4585 παιδός
516 4545 612 4579 σου
669 4525 848 4592 Ἰησοῦ
907 4523 1117 4593 Πατήρ,
1176 4523 1338 4591 εἶπεν,
1401 4524 1450 4592 ὁ,
1500 4521 1597 4578 κᾶν
1660 4526 1911 4598 μυριάκις

2016 3373 2238 3425 menter
2266 3365 2618 3433 clamabant,
2672 3380 2745 3419 ne
2777 3379 2882 3418 nos
2915 3369 3181 3432 torqueas
3230 3365 3365 3416 ante
3395 3365 3650 3430 tempus.

2015 3458 2132 3512 Hoc
2155 3453 2546 3510 multitudinis
2577 3451 2812 3524 quidem
2854 3450 3017 3504 illum
3053 3467 3085 3504 a
3131 3448 3359 3504 ratione
3391 3447 3650 3504 alienum

2015 3545 2276 3600 cohibuit
2304 3544 2589 3614 impetum
2624 3559 2638 3597 :
2691 3538 3155 3595 adolescentibus
3196 3540 3395 3594 autem
3427 3536 3651 3592 sedavit

2017 3631 2266 3688 malum:
2291 3634 2391 3686 aut
2412 3629 2628 3701 potius,
2653 3628 2700 3684 si
2722 3627 2915 3683 verius
2937 3627 3016 3682 sit
3037 3626 3364 3694 dicendum,
3389 3623 3650 3693 utrisque

2013 3721 2288 3791 repressit
2343 3717 2656 3783 insaniam,
2685 3715 3152 3772 adolescentibus
3205 3713 3438 3784 quidem
3483 3712 3647 3768 insa-

2016 3810 2196 3876 niam,
2211 3825 2334 3880 quaa
2349 3805 2821 3880 proﬁciscebatur
2841 3821 2874 3859 a
2893 3803 3276 3858 damonibus:
3295 3799 3654 3858 multitudini

2014 3905 2206 3956 autem
2239 3914 2390 3964 eam,
2425 3913 2551 3968 quae
2575 3911 2643 3950 ex
2675 3893 2966 3950 inerudite
2996 3897 3052 3948 et
3092 3891 3222 3947 rudi
3266 3895 3466 3946 natura
3496 3906 3655 3946 com-

2019 3993 2173 4042 mota
2208 3990 2332 4043 erat
2367 3986 2648 4041 adversus
2693 3986 2975 4037 sanctum.
3009 3981 3252 4035 Stabant
3280 3994 3413 4048 ergo
3452 3993 3657 4034 omnes

2017 4093 2145 4131 eum
2163 4075 2292 4129 ﬁxis
2307 4075 2599 4128 intuentes
2620 4070 2828 4140 oculis,
2844 4068 3095 4124 maxima
3113 4069 3240 4138 ejus
3258 4067 3655 4122 moderatione

2017 4169 2073 4218 et
2105 4177 2332 4216 morum
2375 4156 2796 4226 tranquillitate
2837 4173 3037 4211 eorum
3071 4155 3290 4224 impetu
3344 4155 3656 4221 refrenato,

2019 4255 2193 4320 atque
2223 4245 2654 4317 exspectabant,
2686 4242 2951 4313 quisnam
2987 4245 3215 4296 futurus
3249 4245 3402 4297 esset
3443 4243 3655 4296 exitus.

2019 4339 2260 4394 Divinus
2312 4337 2504 4390 autem
2555 4331 2837 4388 Abercius
2869 4330 3017 4385 nihil
3047 4334 3376 4396 cunctatus,
3411 4345 3543 4383 cum
3596 4344 3660 4384 se

2020 4423 2390 4483 convertisset
2445 4421 2518 4477 ad
2549 4421 2918 4476 orationem:
2977 4418 3175 4474 Sancti
3222 4418 3307 4472 tui
3341 4417 3468 4473 Filii
3515 4417 3658 4472 Jesu

2021 4519 2210 4580 Pater,
2233 4511 2397 4577 dixit,
2420 4511 2516 4580 qui
2547 4508 2778 4565 etiamsi
2815 4508 3026 4564 millies
3058 4505 3506 4578 peccaverimus,
3534 4504 3661 4574 ipse

256 4619 622 4691 ἁμαρτωμεν,
681 4611 842 4675 αὐτὸς
899 4613 966 4667 τὰ
1016 4613 1152 4686 πρὸς
1213 4611 1484 4686 σωτηρίαν
1559 4613 1904 4686 οἰκονομῶν⁴

2024 4623 2091 4661 ea
2111 4605 2433 4674 dispansae,
2461 4614 2587 4671 quae
2619 4597 2909 4670 pertinent
2939 4598 3010 4653 ad
3039 4597 3310 4663 salutem,
3353 4611 3490 4666 rogo
3523 4598 3580 4648 te
3607 4595 3664 4648 et

257 4705 465 4776 δέομαι
522 4702 609 4756 καὶ
661 4700 887 4756 ἱκετεύω
960 4722 1016 4756 σε
1085 4701 1244 4756 λύσαι
1303 4705 1419 4762 τοῖς
1470 4701 1767 4764 νεανίσκοις
1813 4705 1914 4772 τήν

257 4794 326 4851 ἐκ
355 4795 471 4848 τῶν
501 4788 778 4862 δαιμόνων
805 4788 1062 4863 ἐπήρειαν
1097 4809 1110 4823 ·
1165 4787 1254 4845 ’ίνα
1281 4791 1373 4846 καὶ
1411 4789 1562 4846 αὐτοὶ
1620 4793 1682 4846 τὸ
1726 4791 1916 4847 λοιπὸν

257 4882 409 4940 κατὰ
437 4880 499 4934 τὸ
547 4880 638 4934 σὸν
689 4900 790 4934 ωσι
830 4879 1047 4952 θέλημα
1093 4880 1475 4954 πορευόμενοι,
1523 4880 1612 4934 καὶ
1669 4880 1916 4944 πολλοὺς

259 4971 484 5032 ἄλλους
538 4973 617 5040 τῷ
683 4969 806 5043 περὶ
875 4967 1070 5032 αὐτοὺς
1123 4967 1359 5040 θαύματι
1412 4970 1770 5042 προστεθῆναί
1832 4991 1916 5026 σοι

258 5056 753 5135 παρασκευάσωσιν
794 5072 809 5088 ⁸
866 5054 1004 5111 ὥστε
1061 5058 1258 5118 πάντας
1342 5060 1544 5132 γνῶναι
1602 5058 1684 5112 ὅτι
1743 5059 1804 5112 σὺ
1867 5061 1920 5113 εἴ

259 5151 408 5213 Οεὸς
463 5145 629 5219 μόνος
681 5143 770 5198 καὶ
820 5143 924 5199 οὐκ
971 5144 1110 5200 ἐστιν
1155 5141 1340 5218 ἔτερος
1389 5143 1534 5213 πλὴν
1595 5147 1920 5202 σοῦ.Ταῦτα

262 5237 570 5311 εὐξάμενος
625 5237 704 5304 τῷ
761 5237 894 5305 Θεῷ,
935 5233 1024 5288 καὶ
1081 5232 1159 5295 εἰς
1213 5231 1341 5294 τοὺς
1397 5231 1708 5296 νεανίσκους
1769 5231 1918 5305 ἰδὼν,

259 5329 512 5399 πλήττει
549 5323 754 5378 τούτων
795 5326 864 5396 τῇ
908 5321 1042 5396 μετᾶ
1078 5327 1270 5396 χεῖρας
1303 5316 1487 5396 ῥάϐδῳ
1531 5321 1626 5384 τὰς
1657 5321 1915 5400 κεφαλὰς,

261 5423 364 5478 Ἐν
421 5411 649 5484 ὀνόματι
689 5407 785 5465 τοῦ
835 5408 970 5484 ἐμοῦ
1019 5413 1279 5484 Χριστοῦ,
1331 5408 1518 5480 εἰπὼν,
1568 5408 1804 5483 ἐξέλθετε
1859 5413 1918 5469 ἐκ

259 5513 380 5567 τῶν
445 5499 736 5555 νεανίσκων
821 5497 1052 5566 τούτων,
1123 5495 1379 5569 δαιμόνια
1461 5500 1698 5573 πονηρά,
1754 5498 1914 5574 μηδὲν

261 5589 474 5657 ,θεοὺς
529 5589 906 5662 λυμῃνάμενα.
955 5586 1053 5643 Καὶ
1109 5587 1178 5643 τὰ
1237 5587 1330 5660 μὶν
1392 5582 1613 5656 δόξαντὰ
1657 5610 1776 5644 τινα
1819 5612 1918 5665 με-

260 5685 475 5764 γίστην
523 5677 732 5754 ἀφεῖναι
780 5676 985 5756 φωνὴν,
1036 5675 1192 5739 εὐθὺς
1237 5671 1654 5745 ἀπηλλάττοντο
1686 5693 1701 5709 ⁸
1751 5677 1802 5733 οἰ
1860 5678 1917 5736 δὶ

2027 4695 2286 4759 obsecro,
2319 4692 2384 4745 ut
2411 4688 2742 4743 daemonum
2783 4686 3062 4743 insultum
3098 4685 3288 4741 solvas
3317 4683 3662 4740 adolescen-

2029 4781 2204 4847 tibus,
2239 4785 2302 4834 ut
2354 4776 2468 4849 ipsi
2503 4789 2734 4846 quoque
2770 4775 2842 4830 de
2901 4777 3106 4828 cetero
3147 4771 3469 4836 ambulent,
3504 4775 3659 4823 tuam

2027 4872 2338 4944 sequentes
2365 4865 2741 4932 voluntatem,
2774 4867 2831 4919 et
2858 4862 3110 4917 efﬁciant
3141 4878 3228 4929 eo,
3261 4859 3415 4931 quod
3435 4858 3492 4912 in
3518 4856 3664 4927 ipsis

2027 4963 2143 5030 fiet,
2169 4956 2469 5026 miraculo,
2502 4959 2567 5010 ut
2598 4951 2767 5008 multi
2791 4951 2888 5008 alii
2917 4951 3022 5006 tibi
3046 4952 3464 5020 adjungantur,
3484 4949 3664 5017 atque

2027 5065 2230 5106 omnes
2251 5045 2624 5118 cognoscant,
2647 5046 2705 5098 te
2725 5039 2910 5096 solum
2934 5055 3061 5095 esse
3083 5038 3289 5106 Deum,
3316 5041 3373 5092 et
3393 5052 3510 5091 non
3533 5049 3663 5090 esse

2027 5140 2208 5196 alium
2241 5139 2448 5208 praeter
2475 5136 2550 5188 te.
2583 5131 2712 5186 Haec
2742 5145 2876 5186 cum
2906 5129 3084 5184 Deum
3107 5131 3263 5182 esset
3291 5131 3580 5197 precatus,
3607 5126 3665 5179 et

2026 5227 2352 5300 aspexisset
2413 5219 2821 5287 adolescentes,
2888 5218 3136 5288 percutit
3206 5229 3405 5270 eorum
3467 5212 3663 5300 capita

2026 5299 2209 5390 virga,
2241 5327 2417 5386 quam
2448 5307 2697 5364 habebat
2728 5306 2786 5362 in
2828 5306 3098 5362 manibus
3132 5323 3146 5362 :
3185 5307 3250 5360 In
3281 5301 3516 5359 nomine
3546 5299 3666 5356 mei

2027 5408 2263 5477 Christi,
2295 5405 2518 5467 dicens,
2557 5398 2704 5455 exite
2742 5415 2811 5454 ex
2853 5397 2942 5454 his
2989 5394 3479 5463 adolescentibus,
3512 5391 3670 5450 mala

2029 5494 2334 5562 daemonia,
2366 5506 2464 5546 eos
2493 5485 2639 5544 nihil
2663 5487 3033 5544 offendentis.
3067 5487 3134 5543 Et
3163 5485 3263 5541 illa
3293 5481 3524 5556 quidem
3543 5480 3670 5537 visa

2026 5602 2227 5647 vocem
2259 5581 2426 5639 edere
2449 5576 2784 5647 maximam,
2809 5576 3074 5648 protinus
3105 5575 3375 5632 abierunt
3403 5586 3417 5627 :
3441 5569 3484 5626 ii
3504 5583 3661 5639 vero,

2027 5674 2269 5752 depulsa
2279 5687 2368 5743 ea,
2385 5683 2509 5741 quae
2525 5672 2663 5724 tunc
2674 5669 2912 5739 prapter
2931 5666 3210 5726 daemones
3225 5679 3323 5722 eos
3339 5657 3640 5718 obsidebat
3648 5692 3668 5724 ,
