4128 6274
474 394 630 455 1219

1810 369 1861 427 Μ
1874 365 2094 427 ENSIS
2141 364 2518 427 OCTOBER.

3707 367 3869 426 1220

473 553 743 625 caligine,
766 563 898 604 cum
932 558 1135 617 parum
1164 538 1545 610 aspexissent,
1564 540 1619 588 et
1640 528 1816 586 veluti
1831 527 2103 598 respiras-

2223 524 2313 591 τήν
2370 522 2704 597 κατέχουσαν
2759 521 2954 584 αὐτοὺς
3016 524 3150 584 τὲως
3210 521 3313 576 ὑπὸ
3363 518 3638 595 δαιμόνων
3680 522 3866 600 ἀχλὺν

2223 616 2238 625 ι
2330 610 2357 625 ο
2394 610 2445 625 Ως
2556 616 2567 625 ι
2745 611 2769 625 κ
2837 609 2889 625 ος
2915 614 2925 625 ι
2948 616 2957 625 ι
3083 614 3093 625 ι
3477 614 3489 625 ι
3674 615 3685 625 ι
3738 586 3756 601 ἣ
3780 617 3803 625 ε.

474 615 624 708 θεοί
682 615 841 694 illius
885 615 1122 689 sanctos
1181 629 1353 699 pedes
1384 622 1742 688 osculantur,
1774 626 1828 673 et
1884 615 2106 671 nullam

477 731 715 789 edentes
772 738 994 789 vocem,
1025 736 1123 775 eos
1174 717 1271 770 diu
1329 718 1545 779 tenent,
1594 711 1735 765 adeo
1794 710 1858 761 ut
1908 719 2109 760 omnes

478 817 1016 878 existimarenteos
1073 823 1195 863 esse
1238 808 1519 859 mortuos.
1555 802 1683 869 lpse
1719 800 1915 851 autem
1972 809 2106 849 cum

478 903 961 980 apprehendisset
993 897 1221 952 illorum
1254 896 1571 956 dexteram,
1597 886 1729 941 facit
1750 901 1846 940 eos
1871 897 2107 953 surgere

474 972 630 1053 sanat
683 990 917 1047 mentis.
950 988 1020 1042 Et
1079 984 1161 1040 illi
1222 981 1481 1053 quidem,
1514 975 1773 1047 quaesitis
1828 972 2107 1038 vestibus,

478 1102 612 1142 cum
647 1100 744 1139 eas
774 1077 1124 1139 induissent,
1158 1072 1545 1129 cernebantur
1584 1065 1851 1133 deinceps
1895 1059 2106 1126 vestiti,

475 1177 530 1229 et
559 1186 711 1227 sanis
743 1164 977 1226 mentis,
1013 1166 1071 1217 et
1102 1162 1172 1215 ab
1206 1157 1449 1213 Abercio
1482 1152 1720 1208 minime
1752 1148 2106 1204 recedentes.

545 1442 662 1496 VII.
695 1444 838 1496 Cum
892 1437 1009 1491 haec
1049 1436 1244 1487 autem
1276 1428 1517 1486 vidisset
1549 1424 1733 1490 turba,
1765 1435 1969 1475 omnes
1999 1418 2111 1474 vel-

474 1534 560 1588 uti
613 1546 729 1584 una
788 1529 979 1581 mente
1036 1530 1087 1577 et
1145 1535 1258 1575 uno
1307 1532 1445 1572 ore:
1487 1515 1572 1569 Tu
1622 1528 1680 1567 es
1728 1510 1890 1566 solus
1938 1523 2108 1563 verus

476 1622 651 1681 Deus.
684 1615 783 1687 qui
818 1630 918 1686 per
946 1618 1107 1666 tuum
1152 1604 1485 1679 praedicaris
1536 1600 1864 1667 Abercium,
1900 1612 2107 1668 magna

470 1724 608 1762 voce
640 1686 921 1760 dixerunt.
956 1701 1018 1754 Ei
1063 1699 1143 1753 rei
1194 1698 1301 1751 fert
1354 1690 1751 1748 testimonium
1812 1686 2107 1756 repentina

471 1796 577 1851 illa
623 1789 1000 1849 commutatio
1072 1782 1489 1847 multitudinis,
1538 1796 1664 1849 qua:
1726 1792 1910 1845 usque
1967 1775 2107 1827 adeo

2213 610 2681 685 ἀποϐεϐληκότες,
2742 609 3129 687 διαϐλέψαντες
3198 633 3254 667 τε
3335 614 3532 687 μικρὸν
3596 615 3687 668 καὶ
3748 617 3868 670 οἷον

2213 704 2609 780 ἀνενεγκόντες,
2673 711 2791 768 τοῖς
2849 704 3027 781 ἁγίοις
3120 705 3325 759 ἐκείνου
3404 704 3562 760 ποσὶν
3638 705 3864 768 ἑαυτοὺς

2215 792 2446 861 διδοῦσι,
2499 797 2585 849 καὶ
2638 793 2841 871 ἄφωνοι
2880 794 3087 847 τούτων
3138 791 3227 847 ἐπὶ
3268 791 3411 848 πολὺ
3443 791 3687 866 ἔχονται,
3720 792 3867 851 ὥστε

2212 884 2297 937 καὶ
2372 889 2546 947 θανεῖν
2603 884 2798 944 αὐτοὺς
2853 884 3168 956 νομίζεσθαι
3234 883 3377 955 παρὰ
3424 882 3657 938 πάντων.
3693 882 3867 947 Αὐτὸς

2216 972 2423 1044 μέντοι,
2488 967 2798 1044 λαϐόμενος
2867 970 3124 1045 ἐκατέρου
3180 978 3278 1040 τῆς
3348 968 3543 1040 δεξιᾶς,
3592 972 3865 1047 νήφοντας

2212 1061 2406 1122 αὐτοὺς
2446 1059 2772 1130 διανίστησι.
2808 1062 2908 1117 Καὶ
2941 1061 2996 1114 οἱ
3032 1060 3124 1132 μὲν
3158 1058 3385 1128 ἐσθῆτας
3425 1060 3863 1130 ἐπιζητήσαντες

2212 1151 2303 1204 καὶ
2358 1149 2553 1210 ταύτας
2586 1147 2842 1217 ἐνδύντες,
2870 1148 3249 1222 είματισμὲνοι
3299 1150 3360 1203 τὸ
3407 1147 3601 1204 λοιπὸν
3639 1150 3865 1224 ἑωρῶν-

2214 1260 2275 1293 το
2326 1240 2417 1292 καὶ
2476 1244 2902 1315 σωφρονοῦντες,
2934 1237 3024 1293 καὶ
3056 1235 3342 1313 Ἀϐερκίου
3394 1235 3523 1310 μηδ’
3556 1237 3706 1303 ὅπως
3764 1238 3860 1294 οῦν

2214 1328 2588 1405 ἀφιστάμενοι.

2286 1420 2357 1474 Ζ’.
2397 1419 2458 1475 Ὀ
2518 1415 2574 1472 δὲ
2631 1413 2826 1493 ὄχλος,
2876 1423 3044 1474 ταῦτα
3100 1416 3327 1487 ἰδόντες,
3369 1417 3549 1492 ὥςπερ
3609 1418 3712 1473 ὑπὸ
3761 1422 3866 1491 μιᾷ

2214 1506 2406 1570 πάντες
2454 1507 2648 1582 γνώμῃ
2700 1506 2789 1561 καὶ
2836 1506 3072 1581 γλώττῃ.
3109 1507 3183 1561 Σὺ
3232 1507 3276 1561 εί
3318 1508 3345 1561 ὁ
3399 1506 3564 1580 μόνος
3596 1506 3866 1577 ἀληθινός

2214 1595 2341 1657 Θεὸς
2396 1597 2423 1649 ὁ
2469 1593 2558 1649 διὰ
2600 1600 2695 1650 τοῦ
2739 1600 2833 1650 σοῦ
2899 1599 3304 1669 κηρυττόμενος
3365 1591 3671 1671 Ἀϐερκίου,
3721 1595 3867 1669 μέγα

2216 1684 2547 1761 ἐφθέγξαντο.
2613 1687 2889 1759 Μαρτυρεῖ
2948 1690 3028 1757 τῷ
3114 1687 3399 1758 πράγματι
3449 1685 3540 1740 xxi
3597 1688 3631 1755 ἡ
3692 1685 3867 1759 ἀθρόα

2211 1777 2307 1827 τοῦ
2373 1773 2618 1842 πλήθους
2684 1773 2889 1827 ἐκείνου
2954 1769 3270 1846 μεταϐολὴ,
3332 1775 3474 1829 οὕτω
3523 1775 3640 1829 κατ’
3695 1773 3867 1846 ἄκρας

472 1885 583 1940 fuit
630 1884 797 1953 capta
842 1875 1138 1943 miraculo,
1171 1878 1236 1928 ut
1288 1870 1486 1925 nullus
1535 1866 1805 1930 defuerit,
1839 1864 1934 1934 qui
1990 1878 2103 1917 non

2223 1861 2455 1914 Ξιλύντων
2512 1865 2589 1931 τῷ
2647 1861 2901 1933 θαύματι,
2927 1862 3002 1922 ὡς
3038 1859 3242 1933 μηδένα
3274 1862 3490 1917 τούτων
3523 1860 3867 1937 ἀπολειφθῆ-

472 1974 706 2027 haberet
729 1967 1122 2041 agnitionem:
1158 1963 1275 2017 imo
1325 1974 1527 2015 omnes
1579 1956 1649 2010 ad
1683 1954 1939 2009 divinum
1971 1953 2109 2021 bap-

473 2061 715 2116 tismum
761 2039 1139 2115 accurrerint,
1198 2067 1265 2105 ex
1318 2050 1536 2119 paratis
1580 2043 1821 2099 Ahercio
1880 2039 2111 2095 insidiis

475 2154 584 2207 hoc
616 2146 950 2220 praclarum
983 2140 1217 2195 interim
1253 2134 1797 2202 consecuti,nempe
1828 2146 1995 2186 suam
2029 2145 2114 2184 sa-

474 2243 681 2296 lutem.
717 2238 999 2292 Caeterum
1041 2229 1313 2285 dicebant
1343 2244 1472 2282 esse
1529 2224 1773 2295 aliquid,
1810 2222 1964 2294 quod
2016 2236 2113 2275 eos

478 2328 721 2384 maxime
769 2320 1154 2379 conturbahat
1188 2337 1201 2374 :
1237 2334 1295 2373 se
1355 2317 1510 2372 enim
1590 2314 1998 2384 pertimescere
2046 2325 2115 2363 ne

476 2423 711 2489 propter
724 2428 993 2481 magnum
1009 2410 1276 2473 dedecus,
1294 2422 1408 2476 quo
1423 2403 1732 2459 multitudo
1746 2407 2111 2473 peccatorum

481 2504 737 2576 perfudit
790 2501 1066 2564 animam,
1126 2498 1204 2550 sic
1282 2496 1685 2563 permanerent
1750 2502 2113 2559 nequaquam

480 2599 594 2649 Deo
648 2589 890 2659 accepti.
950 2587 1303 2641 Accedentes
1362 2583 1553 2649 itaque
1611 2578 1923 2632 dicebant:
1966 2580 2113 2628 Doce

484 2697 606 2750 nos,
643 2679 814 2733 homo
848 2675 965 2740 Dei,
998 2690 1068 2727 an
1102 2671 1177 2726 sit
1206 2686 1311 2725 nos
1342 2674 1495 2723 Deus
1526 2664 1812 2736 patienter
1842 2662 2113 2730 aspectu-

490 2785 609 2837 rus,
642 2783 713 2821 an
754 2764 923 2820 nobis
956 2760 1105 2817 mala
1139 2757 1470 2813 redditurus
1502 2756 1736 2824 propter
1761 2767 1829 2807 ea
1857 2751 2111 2820 peccata,

484 2873 608 2928 qua
632 2854 876 2910 fecimus
913 2851 971 2905 in
1004 2845 1356 2921 ignorantia,
1388 2844 1542 2915 quod
1582 2841 1754 2897 etiam
1783 2840 2113 2906 horremus,

483 2927 721 3018 propter
751 2940 905 3012 quod
934 2938 1217 3004 dolemus,
1250 2934 1401 3006 quod
1436 2934 1709 2988 timemus
1749 2946 1814 2985 ac
1847 2927 2117 2983 formida-

484 3014 640 3090 mus.
693 3030 794 3087 Ille
842 3033 1036 3084 autem
1087 3024 1325 3096 propius
1372 3022 1675 3088 accedens,
1707 3034 1883 3088 quam
1932 3014 2119 3087 potuit

486 3121 737 3179 maxima
766 3122 823 3174 et
852 3115 1176 3173 clarissima
1203 3127 1379 3168 voce:
1411 3109 1553 3176 Viri,
1586 3107 1799 3178 inquit,
1830 3105 1928 3174 qui
1959 3119 2117 3159 nunc

488 3208 839 3276 credidistis,
872 3206 922 3262 si
972 3219 1085 3259 non
1136 3199 1511 3273 perseveretis
1564 3198 1621 3250 in
1682 3194 1972 3251 veteribus
2024 3208 2115 3248 ve-

480 3300 618 3356 stris
647 3296 941 3367 0peribus,
975 3298 1031 3348 et
1062 3289 1318 3362 paternis
1350 3285 1785 3350 traditionibus,
1820 3283 1917 3339 sed
1955 3298 2110 3337 recc-

480 3389 631 3444 datis
679 3386 751 3441 ab
803 3381 965 3439 omni
1003 3380 1162 3449 vitio,
1198 3377 1434 3444 invidia,
1476 3378 1735 3444 inquam,
1784 3372 1937 3436 odio,
1997 3371 2110 3424 im-

482 3474 788 3540 munditia,
821 3476 877 3527 et
919 3470 1069 3536 aliis,
1102 3484 1222 3538 qua:
1272 3466 1429 3537 prius
1460 3461 1695 3527 fecistis,
1736 3475 1871 3515 cum
1906 3461 2113 3514 essetis

479 3566 539 3621 in
572 3561 921 3634 ignorantia,
951 3558 1078 3628 ipse
1119 3555 1224 3611 erit
1273 3554 1440 3608 vobis
1484 3549 1791 3622 propitius,
1824 3549 1885 3603 in
1939 3564 2112 3619 quem

480 3669 634 3709 nunc
666 3651 891 3705 sincere
932 3644 1300 3702 credidistis:
1337 3642 1435 3712 qui
1493 3642 1670 3695 etiam
1733 3655 1832 3693 eos
1875 3654 2112 3703 vocans,

480 3742 581 3812 qui
621 3743 760 3795 sunt
808 3734 1099 3806 aggravali
1145 3731 1395 3802 peccatis
1430 3747 1442 3782 :
1478 3751 1505 3778 «
1541 3729 1762 3792 Venite,
1796 3726 2005 3796 inquit,
2042 3726 2113 3781 ad

478 3846 573 3887 me
619 3842 841 3892 omnes,
874 3822 973 3893 qui
1013 3818 1310 3883 laboratis,
1344 3822 1401 3873 et
1449 3816 1670 3871 onerati
1701 3816 1860 3883 estis,
1894 3823 1948 3869 et
2009 3830 2113 3883 ego

478 3916 735 3973 reficiam
777 3928 875 3968 vos
908 3910 927 3943 ί
962 3932 989 3959 ››
1022 3908 1313 3963 Habemus
1363 3903 1627 3973 exempla
1659 3902 2114 3955 innumerabilia

480 4003 609 4071 ejus
639 3995 1040 4069 benignitatis.
1065 3992 1452 4060 Quamobrem
1481 3990 1539 4043 in
1572 3988 1768 4059 ipsum
1792 3985 2108 4051 credentes,

478 4107 581 4145 vos
612 4103 810 4143 omnes
841 4085 893 4139 ei
935 4088 1159 4139 vestras
1198 4079 1461 4135 dedicata
1492 4079 1737 4141 animas,
1771 4078 1826 4130 et
1865 4091 1966 4143 spe
1994 4091 2112 4130 non

483 4174 928 4234 frustrabimini.
960 4173 1068 4228 Sed
1119 4185 1342 4242 graVes,
1375 4168 1665 4232 dicebant,
1699 4166 1901 4236 plagas
1948 4180 2114 4219 acce-

482 4269 699 4340 pimus,
733 4270 879 4321 totos
914 4262 1181 4332 nosipsos
1203 4264 1371 4314 antea
1402 4257 1677 4311 dedentes
1701 4254 1967 4310 obscenis
1992 4270 2113 4309 cor-

482 4354 640 4426 poris
668 4350 1081 4423 voluptatibus,
1116 4350 1170 4402 et
1203 4346 1457 4399 maxima
1503 4358 1571 4397 ex
1604 4348 1766 4413 parte
1796 4343 2113 4397 servientes

483 4441 741 4513 corporis
760 4438 1175 4506 voluptatibus,
1197 4438 1253 4488 et
1278 4432 1527 4487 maxima
1543 4447 1607 4485 ex
1627 4436 1785 4499 parte
1797 4431 2112 4485 servientes

484 4528 737 4599 corporis
768 4524 1090 4589 desideriis,
1122 4530 1176 4576 et
1205 4522 1396 4575 adhuc
1428 4520 1642 4575 malam
1674 4519 1952 4575 habemus
1982 4536 2110 4575 con-

485 4616 875 4680 suetudinem,
908 4610 1273 4683 tyrannidem
1305 4608 1364 4663 in
1398 4608 1565 4663 nobis
1596 4614 1977 4664 exercentem.
2013 4608 2113 4664 Ille

484 4715 677 4763 autem
712 4720 726 4759 :
761 4699 1081 4765 Accurrite,
1113 4697 1325 4768 inquit,
1351 4697 1786 4768 quamprimum
1819 4699 1890 4753 ad
1924 4698 2112 4753 medi-

485 4811 641 4863 cum,
672 4796 729 4849 et
765 4788 1079 4861 jejunium,
1111 4785 1355 4853 labores,
1389 4799 1608 4855 preces,
1645 4784 1949 4857 lacrymas,
1986 4801 2111 4857 pec-

486 4888 744 4940 catorum
798 4877 1246 4944 confessionem,
1296 4879 1352 4929 et
1402 4873 1628 4929 illarum
1676 4874 1956 4945 ipsarum,
1988 4890 2114 4943 qua:

484 4990 585 5028 vos
614 4978 839 5039 vexant,
873 4966 1315 5039 cogitationum,
1344 4969 1401 5019 et
1429 4963 1499 5018 ad
1534 4964 1748 5019 malum
1785 4963 2113 5019 faciendum

484 5059 829 5131 impellunt:
862 5057 1012 5126 quod
1071 5054 1243 5110 etiam
1290 5069 1389 5121 per
1435 5052 1699 5106 divinum
1751 5050 1894 5106 Osee
1942 5051 2114 5123 longo

486 5153 619 5205 ante
650 5152 909 5215 tempore
940 5144 1089 5199 Deus
1122 5146 1319 5213 utpote
1360 5156 1473 5194 non
1524 5140 1594 5195 ab
1626 5140 1708 5195 eis
1751 5140 1981 5206 factum,
2012 5158 2117 5197 ex-

485 5238 719 5309 probrat
766 5233 983 5289 Judaais
1014 5249 1026 5286 :
1062 5235 1193 5297 Cur,
1226 5232 1424 5286 dicens
1456 5228 1703 5284 siluistis
1734 5228 2116 5300 impietatem,

485 5330 543 5380 et
590 5325 718 5394 ejus
766 5323 1021 5377 fructum
1074 5317 1737 5375 vindemiastis’?stc
1802 5317 2119 5376 utilissima

485 5409 907 5466 medicamenta
955 5408 1069 5480 ipsi
1120 5406 1282 5461 vobis
1340 5406 1624 5475 imponite
1653 5422 1665 5459 :
1693 5408 1749 5459 et
1791 5422 1893 5461 nec
1924 5406 2119 5462 vulne-

483 5514 611 5553 rum
645 5496 878 5568 quidem
912 5498 1073 5553 vobis
1102 5495 1424 5552 remanebit
1451 5494 1781 5565 vestigium.

553 5586 701 5641 VIII.
752 5587 895 5639 Cum
938 5600 1035 5641 eos
1076 5584 1157 5641 sic
1198 5583 1429 5640 divinus
1481 5582 1875 5653 alloqueretur
1929 5587 2120 5643 Aber-

553 5714 570 5746 ¹
597 5710 795 5767 Matth.
827 5730 888 5785 ιι,
918 5716 1007 5773 28.
1040 5715 1060 5749 ⁸
1092 5712 1234 5768 Osee
1262 5729 1318 5782 Χ,
1351 5711 1437 5768 13.

2221 1970 2305 2001 ναι
2338 1955 2437 2017 τῆς
2479 1948 2821 2021 ἐπιγνώσεως
2853 1969 2865 1981 ο
2904 1948 3049 2004 ἄλλα
3090 1955 3171 2021 τῷ
3228 1950 3354 2021 θείῳ
3412 1952 3615 2012 πάντας
3669 1952 3867 2025 βαπτί-

2224 2059 2386 2109 σματι
2444 2036 2833 2113 προσδραμεῖν,
2876 2037 3044 2094 καλὸν
3091 2041 3362 2114 πάρεργον
3417 2047 3518 2109 τῆς
3575 2035 3864 2114 Ἀϐερκίου

2223 2124 2522 2197 ἐπιϐουλῆς
2592 2129 2690 2195 τήν
2786 2129 2988 2183 ἑαυτῶν
3077 2130 3353 2203 σωτηρίαν
3435 2131 3860 2202 ποιησαμένους.

2226 2214 2379 2285 Πλὴν
2413 2216 2544 2271 εἶναί
2571 2239 2622 2272 τι
2668 2218 2731 2271 τὸ
2774 2216 3009 2289 μάλιστα
3059 2213 3321 2292 θορυϐοῦν
3372 2217 3567 2280 αὐτοὺς
3622 2216 3811 2292 ἔλεγον
3846 2236 3860 2249 ο

2226 2304 2523 2360 δεδοικέναι
2560 2307 2660 2381 γὰρ
2691 2306 2780 2359 καὶ
2836 2306 3072 2381 τρέμειν,
3110 2310 3186 2379 μή
3228 2328 3361 2362 ποτε
3428 2305 3517 2363 διὰ
3560 2309 3661 2376 τὴν
3718 2305 3864 2361 πολ-

2227 2394 2329 2462 λὴν
2361 2393 2645 2467 αἰσχύνην)
2682 2395 2741 2461 ἦν
2773 2397 2834 2447 τὸ
2873 2400 2979 2447 τῶν
3012 2395 3291 2468 ἁμαρτιῶν
3335 2394 3550 2464 πλῆθος
3607 2403 3705 2465 τῆς
3755 2398 3864 2469 ψυ⁹

2225 2488 2335 2557 χῆς
2376 2483 2549 2535 αὐτῶν
2620 2480 3018 2549 κατεσκέδασεν,
3070 2480 3427 2556 ἂπρόσδεκτοι
3497 2484 3643 2540 οὕτω
3717 2485 3866 2560 παρὰ

2223 2573 2337 2637 Θεῴ
2388 2566 2757 2638 διαμείνωσιν.
2793 2567 3013 2639 Ἀμὲλει
3072 2570 3162 2623 καὶ
3220 2570 3552 2644 προσιόντες.
3612 2571 3867 2643 Δείδαξον

2221 2657 2389 2726 ἡμᾶς,
2434 2652 2643 2729 ἔλεγον,
2678 2654 2799 2729 ἄνερ
2842 2660 2938 2710 τοῦ
2988 2661 3144 2726 Θεοῦ,
3184 2658 3229 2712 εί
3283 2658 3588 2730 ἀνεξίκακον
3644 2662 3781 2732 ἡμῖν
3840 2663 3871 2715 ὁ

2222 2745 2350 2805 Θεὸς
2409 2740 2712 2817 ἐπιϐλέψει,
2736 2745 2769 2813 ἢ
2804 2742 3095 2804 ἀποδιδους
3125 2741 3270 2801 ἔσται
3320 2747 3399 2823 ἐφ’
3432 2749 3519 2809 οἷς
3585 2748 3661 2809 εἷς
3702 2748 3875 2803 αὐτὸν

2225 2834 2276 2888 ἐν
2324 2833 2507 2907 ἀγντίᾳ
2578 2831 3173 2906 πεπλημμελήκαμεν·
3234 2836 3263 2890 ὃ
3338 2836 3429 2891 καί
3508 2838 3870 2912 φριττόμενος

2228 2922 2359 2994 ὑπὲρ
2410 2922 2471 2975 οῦ
2516 2917 2829 2996 φοϐούμεθα
2883 2924 2971 2977 καὶ
3025 2920 3362 2997 δεδοίκαμεν.
3410 2927 3471 2983 Ὁ
3538 2924 3616 2995 δὲ,
3666 2926 3863 3000 προσέ-

2227 3012 2344 3084 χὼν
2389 3009 2601 3084 μεγάλῃ
2636 3010 2709 3071 ὡς
2741 3008 2959 3065 δυνατὸν
2992 3012 3079 3065 καὶ
3112 3010 3342 3088 λαμπρᾷ
3386 3019 3456 3087 τῇ
3516 3018 3670 3091 φωνῇ
3698 3034 3709 3047 '
3745 3021 3867 3071 "Av-

2228 3097 2347 3174 δρες
2388 3099 2439 3153 οἱ
2495 3103 2586 3153 νῦν
2632 3099 3031 3167 πιστεύσαντες,
3090 3095 3215 3172 ἔφη,
3277 3102 3329 3157 εἶ’
3384 3104 3465 3175 μή
3543 3102 3864 3176 ἐπιμείνητα

2144 3223 2194 3289 C
2222 3194 2338 3289 τοῖς
2368 3188 2621 3249 παλαιοῖς
2681 3190 2832 3260 ὑμῶν
2883 3187 3066 3266 ἔργοις
3129 3190 3219 3245 καὶ
3267 3193 3389 3253 ταῖς
3439 3198 3724 3267 πατρικαῖς
3755 3213 3864 3247 πα-

2227 3274 2524 3350 ραδόσεσιν,
2584 3275 2730 3331 ἀλλὰ
2786 3276 2964 3347 πάσης
3029 3279 3301 3349 ἀποστῆτε
3354 3281 3566 3349 κακίας,
3633 3281 3861 3355 φθόνους

2221 3366 2386 3441 φημὶ,
2439 3365 2527 3418 καὶ
2588 3365 2802 3437 μίσους,
2856 3364 3175 3441 ἐκαθαρσῐας
3222 3368 3313 3424 καὶ
3376 3374 3481 3425 τῶν
3532 3368 3717 3424 ἄλλων
3762 3366 3863 3424 ὅσα

2220 3455 2482 3527 πρότερον
2541 3454 2591 3508 ἐν
2658 3454 2853 3529 ἀγνοίᾳ
2928 3450 3077 3511 ὄντες
3138 3456 3447 3530 ἐπράττετε,
3502 3457 3666 3518 ἵλεως
3733 3459 3862 3531 ὑμῖν

2224 3543 2385 3604 αὐτὸς
2436 3538 2712 3614 ἕσται,εἷς
2761 3544 2818 3599 ὃν
2874 3545 3107 3618 γνησίως
3164 3551 3250 3601 νῦν
3311 3547 3739 3603 πεπιστεύκατε’
3798 3548 3861 3610 ’ὀς

2224 3632 2315 3686 καὶ
2344 3630 2829 3708 προσκαλούμενος
2885 3636 3012 3697 τοῦς
3070 3636 3359 3709 ἁμαρτίαις
3404 3632 3811 3711 βεϐαρημένους
3844 3654 3860 3668 ⁸

2225 3726 2384 3777 Δεῦτε
2431 3724 2645 3789 πάντες,
2677 3724 2863 3800 φησὶν,
2897 3724 2947 3776 οἳ
2995 3729 3295 3788 κοπιῶντες
3346 3726 3435 3780 καὶ
3492 3725 3865 3803 πεφορτισμὲ-

2220 3832 2323 3877 νοι,
2372 3812 2524 3885 καγὼ
2574 3810 2857 3865 ἐναπαύσω
2908 3812 3068 3883 ὑμᾶς.
3104 3814 3346 3887 ἸἘχομεν
3411 3814 3575 3888 μυρία
3602 3816 3700 3883 τῆς
3755 3813 3863 3867 σύ-

2221 3903 2316 3953 τοῦ
2398 3900 2777 3973 χρηστότητος
2854 3899 3240 3974 ὑποδείγματα.
3303 3904 3498 3976 Διόπερ
3563 3903 3639 3964 εἰς
3696 3902 3862 3957 αὐτὸν

2219 3988 2611 4055 πιστεύσαντες,
2646 3988 2793 4059 αύτῷ
2849 3990 2937 4042 καὶ
2996 3990 3090 4051 τὰς
3123 3990 3304 4065 ψυχὰς
3335 3992 3587 4045 ἁνάθεσθε
3643 3990 3861 4061 πάντες,

2219 4077 2309 4130 καὶ
2366 4080 2473 4129 τῶν
2532 4074 2770 4131 ἐλπίδων
2825 4077 2930 4152 οὐχ
2987 4080 3349 4152 ἀμαρτήσετε.
3382 4078 3561 4135 Ἀλλὰ
3617 4078 3863 4152 πληγὰς,

2222 4166 2397 4234 εἶπον,
2437 4160 2708 4239 ἐλάϐομεν
2741 4164 3011 4240 χαλεπὰς,
3058 4166 3223 4229 ὅλους
3285 4169 3505 4230 ἑαυτοὺς
3542 4169 3677 4244 πρὸς
3730 4169 3859 4223 ἀτό-

2221 4275 2356 4314 πους
2402 4252 2502 4309 τοῦ
2562 4254 2684 4327 βίου
2726 4253 2924 4324 ἡδονὰς
2962 4258 3131 4311 πάντα
3177 4257 3267 4311 τὸν
3310 4255 3608 4331 ἔμπροσθεν
3660 4260 3859 4332 χρόνον

2220 4343 2449 4409 ἀνέντες,
2504 4344 2593 4398 καὶ
2660 4342 2845 4399 πολλᾶ
2892 4350 3013 4407 ταῖς
3082 4349 3177 4400 τοῦ
3233 4347 3491 4418 σώματος
3550 4346 3862 4419 ἐπιθυμίαις

2222 4430 2620 4499 δουλεύσαντες,
2674 4432 2762 4487 καὶ
2819 4435 2920 4502 τὴν
2984 4435 3225 4508 πονηρὰν
3283 4432 3359 4489 ἔτι
3429 4437 3710 4505 συνήθειαν
3762 4457 3865 4491 τυ-

2225 4525 2484 4593 ρανοῦσαν
2544 4519 2595 4575 ἐν
2656 4521 2865 4581 ἐαυτοῖς
2923 4516 3167 4596 ἔχοντες.
3220 4522 3397 4579 Ἀλλὰ
3446 4522 3697 4598 δράμετε,
3754 4547 3866 4603 φη-

2143 4585 2199 4651 D
2224 4609 2329 4680 σὶν,
2362 4612 2436 4672 ὡς
2466 4611 2636 4684 τάχος
2677 4608 2763 4664 ἐπὶ
2806 4612 2899 4665 τὸν
2944 4610 3145 4683 ἰατρὸν,
3178 4611 3266 4667 καὶ
3322 4615 3592 4685 νηστείαν,
3643 4585 3861 4683 πόνόυς,

2222 4700 2557 4773 προσευχὰς,
2599 4696 2823 4773 δάκρυα,
2872 4698 2935 4753 τὸ
3005 4704 3106 4769 τήν
3163 4702 3433 4776 ἁμαρτίαν
3502 4700 3862 4779 ἐξαγορεύειν,

2220 4787 2309 4842 καὶ
2368 4787 2563 4848 αὐτοὺς
2624 4786 2857 4849 ἐκείνους
2914 4788 3042 4851 τοὺς
3103 4788 3473 4864 ἐνοχλοῦντας
3534 4792 3662 4864 ὑμῖν
3714 4792 3864 4868 λνγι-

2224 4874 2392 4949 σμοὺς
2440 4876 2529 4930 καὶ
2594 4876 2729 4951 πρὸς
2786 4877 2887 4946 τὴν
2945 4881 3041 4931 τοῦ
3140 4883 3309 4933 κακοῦ
3365 4880 3556 4954 πρᾶξιν
3594 4880 3869 4942 ὠθοῦντας

2223 4966 2251 5019 ’ὁ
2280 4965 2369 5019 καὶ
2420 4962 2506 5018 διὰ
2539 4966 2697 5035 Ὠσηὲ
2733 4970 2830 5020 τοῦ
2880 4966 3029 5021 θείου
3088 4966 3323 5030 πολλοῖς
3373 4970 3635 5044 πρότερον
3678 4972 3706 5025 ὁ
3736 4972 3870 5033 Θεὸς

2225 5054 2444 5130 χρόνοις
2473 5051 2720 5123 ὀνειδίζει
2748 5053 2874 5117 τοὺς
2909 5053 3228 5127 Ἰουδαίους,
3251 5058 3367 5114 Ἰνα
3396 5079 3469 5127 τι,
3511 5057 3704 5132 λέγων,
3727 5079 3868 5129 παρ-

2224 5143 2562 5211 εσιωπήσατε
2612 5139 2887 5213 νᾶσέϐειαν,
2938 5146 3025 5198 καὶ
3076 5146 3166 5199 τὸν
3222 5147 3427 5221 καρπὸν
3481 5148 3647 5217 αὐτῆς
3702 5146 3868 5221 ἐτρυ-

2224 5232 2475 5301 γήσατες
2533 5236 2711 5287 Ταῦτα
2770 5231 2835 5302 δὴ
2894 5236 2962 5288 τὰ
3016 5233 3397 5307 ἀνοσιμώτατα
3455 5238 3714 5314 φάρμακα
3764 5238 3868 5291 αύ-

2223 5320 2309 5375 τοὶ
2374 5320 2586 5382 ἑαυτοῖς
2638 5319 2863 5390 ἐπίθετε,
2896 5321 2985 5376 καὶ
3035 5320 3159 5377 οὐδὲ
3191 5322 3352 5401 ἴχνος
3381 5327 3509 5397 ὑμῖν
3548 5330 3656 5380 τῶν
3702 5346 3871 5399 τραυο

2232 5409 2416 5482 μάτων
2447 5408 2921 5489 ὑπολειφθήσεται.

2298 5591 2377 5647 Η’.
2429 5588 2585 5647 Οὕτω
2642 5594 2737 5645 τοῦ
2789 5588 2932 5654 θείου
2984 5591 3119 5667 πρὸς
3184 5592 3377 5657 αὐτοὺς
3433 5588 3726 5669 Ἀὅερκίου
3784 5594 3872 5651 δι·
