4128 6274
233 355 262 414 1
275 353 387 413 221

1595 334 1775 397 νιτΑ
1820 330 1882 392 S.
1931 329 2270 391 ABERCII.

3476 332 3506 391 1
3517 332 3630 391 222

227 514 484 585 ἒξιόντος,
553 511 587 579 ἡ
648 506 812 576 ἐνάτη
877 510 977 575 τῆς
1034 499 1244 575 ἡμέρας
1297 497 1414 574 ὣρα
1460 495 1594 571 πρὸς
1625 491 1882 585 ,τὸτέλος

2016 489 2143 558 :ius,
2167 505 2321 546 nona
2359 489 2502 546 hora
2530 490 2641 545 diei
2688 490 2848 546 ﬁnita
2894 491 2946 546 ei
2985 507 3219 563 quoque
3251 493 3421 548 affert
3451 492 3627 548 finem

228 579 340 672 ἤδη
401 579 691 676 γενομένη,
738 594 896 656 τέλος
953 591 1101 662 αὖτῷ
1157 587 1247 643 καὶ
1304 588 1538 676 τῷ-τῶν
1571 583 1747 658 λόγων
1791 579 1885 634 ἐπ-

232 692 375 766 άγει,
405 673 496 745 καὶ
535 685 778 742 διὲλυσεν
826 682 876 738 ἐν
909 682 1126 741 τούτοις
1170 679 1270 748 τὴν
1309 673 1560 749 ὁμιλίαν,
1607 678 1708 742 τῆς
1761 690 1888 725 συν-

237 758 404 850 ήθους
452 776 613 833 αὐτὸν
661 777 982 849 προσευχῆς
1025 766 1315 837 ἑλκούσης,
1348 765 1423 826 εἷς
1453 761 1676 836 ὁμιλίαν
1710 758 1888 850 ἄλλην

236 847 334 924 τοῦ
387 847 749 938 ποθουμενου.
808 863 871 919 Ὁ
914 860 1007 935 μὲν
1059 855 1151 913 οὖν
1201 855 1394 925 ἀνέστη
1444 852 1533 938 καὶ
1589 847 1884 938 «saepe;

239 957 442 1020 ἐκείνας
501 959 693 1033 χεῖρας
744 955 861 1012 τοῖς
923 953 1106 1008 κακῶς
1165 941 1384 1019 ἔχουσιν
1439 937 1664 1006 ἕπιθεῖς,
1705 933 1888 993 ἔσϐεσέ

239 1070 297 1104 τε
345 1025 650 1109 αὐτοῖς-τὰς
702 1039 892 1101 ὁδ·5νας
926 1038 1017 1092 καὶ
1060 1036 1194 1110 πρὸς
1244 1032 1454 1089 τελείαν
1499 1029 1697 1104 ὑγίειαν
1727 1025 1889 1082 ἔπαν-

241 1139 460 1213 ήγαγεν.
528 1133 661 1192 Εἶτα
716 1135 878 1184 πᾶσιν
935 1124 1296 1200 ἐπευξάμενός
1361 1143 1450 1213 τε-
1486 1120 1576 1213 καὶ
1652 1116 1884 1192 εὐλογή-

242 1209 371 1293 σας,
402 1223 548 1280 ἀλλά
599 1223 706 1294 μὴν
761 1220 850 1274 καὶ
889 1221 986 1272 τοῦ
1039 1215 1090 1270 ἐν
1139 1213 1326 1288 Κυρίῳ
1374 1209 1687 1288 φιλήματος
1730 1225 1888 1280 μετα-

239 1313 387 1382 δοὺς,
417 1312 508 1368 καὶ
561 1312 676 1366 οἷόν
722 1329 852 1365 τιπα
906 1301 1176 1384 σφραγὶδα
1226 1305 1388 1357 τοῦτο
1433 1298 1617 1358 αὐτοῖς
1658 1294 1884 1362 ἐπιθεὶς,

240 1403 378 1459 ὥστε
431 1399 617 1462 καλῶς
695 1398 1049 1477 φυλαχθῆναι
1108 1391 1254 1468 παρά
1318 1386 1678 1477 τούτοις-τᾶιΔ
1742 1384 1889 1477 εἰρη-

244 1495 393 1566 μὲνα,
426 1487 610 1546 οῖ’καδέ
641 1470 734 1544 σὺν
763 1470 882 1548 τοῖς
931 1481 1187 1559 ἀδελφοῖς
1237 1479 1440 1554 ἐχώρει
1473 1495 1486 1510 ·
1518 1475 1582 1566 τὸ
1639 1471 1698 1566 δε
1738 1470 1885 1566 πλῆ-

243 1561 334 1647 θος
413 1577 842 1650 ἐπηκολούθουν,
899 1574 988 1628 καὶ
1084 1571 1440 1646 βαπτισθῆναι
1524 1565 1610 1620 ὑπ’
1681 1561 1884 1618 ἐκείνου

241 1667 475 1725 ἐδέοντο.
517 1668 580 1724 Ὁ
624 1663 682 1720 δὲ
727 1660 1054 1737 ἀποδέχεται
1103 1661 1196 1732 μὶν
1246 1659 1308 1712 τὸ
1355 1655 1657 1731 πρόθυμον,
1704 1651 1884 1723 ὥσπερ

245 1757 408 1826 εἰκὸς,
439 1755 640 1828 πολλῷ
661 1753 891 1809 πλείονα
935 1751 1026 1806 καὶ
1078 1747 1238 1811 αὐτὸς
1294 1742 1441 1824 ἔχων
1480 1741 1531 1798 ἕν
1575 1741 1758 1812 τούτῳ
1782 1739 1885 1828 τὴν

1999 579 2277 635 dicendi:
2321 582 2380 633 et
2435 578 2495 633 in
2557 578 2648 634 his
2705 577 2872 633 solvit
2928 595 3276 646 sermonem,
3338 581 3633 637 consuetis

1996 668 2261 739 precibus
2289 684 2422 723 eum
2455 667 2825 724 trahentibus
2855 668 2926 722 ad
2958 667 3126 722 alium
3149 669 3489 738 isermonem
3525 671 3628 726 ha-

1995 757 2250 813 bendum
2297 772 2425 812 cum
2460 772 2548 824 eo,
2578 771 2742 828 quem
2775 756 3158 813 desiderabat.
3202 757 3300 812 Ille
3330 774 3465 828 ergo
3497 776 3630 814 sur-

1995 845 2176 912 rexit;
2207 849 2423 901 etcum
2472 860 2673 900 sacras
2727 859 2936 899 manus
2976 845 3354 916 imposuisset
3401 846 3494 914 iis,
3531 849 3629 919 qui

1996 933 2144 990 male
2173 950 2235 990 se
2283 934 2593 1000 habebant,
2625 939 2679 989 et
2727 948 2928 989 eorum
2977 933 3247 988 exstinxit
3293 934 3539 1005 dolores,
3571 943 3628 992 et

1995 1025 2067 1079 ad
2099 1022 2410 1095 perfectam
2444 1022 2670 1077 reduxit
2701 1023 3032 1077 sanitatem.
3070 1022 3282 1077 Deinde
3314 1040 3444 1079 cum
3479 1025 3625 1081 bene

1994 1117 2261 1186 precatus
2316 1117 2469 1168 esset
2520 1113 2817 1177 omnibus,
2894 1117 2952 1166 et
3018 1113 3429 1185 benedixisset,
3485 1116 3625 1186 quin

1994 1204 2168 1258 etiam
2227 1201 2425 1257 osculo
2481 1201 2540 1255 in
2595 1201 2838 1256 Domino
2897 1201 3291 1272 impertiisset,
3353 1207 3410 1257 et
3451 1203 3627 1259 veluti

1995 1291 2285 1362 quoddam
2309 1289 2674 1359 signaculum
2697 1289 2780 1344 eis
2803 1287 3200 1357 imposuisset,
3236 1295 3299 1345 ut
3329 1308 3455 1361 quae
3478 1292 3630 1348 dicta

1993 1383 2151 1444 sunt,
2184 1383 2337 1434 recte
2367 1379 2438 1432 ab
2469 1378 2552 1432 eis
2583 1378 3032 1448 custodirentur,
3063 1378 3304 1434 domum
3345 1379 3466 1435 ibat
3495 1396 3627 1436 cum

1995 1468 2322 1524 fratribus:
2364 1466 2676 1521 multitudo
2725 1471 2917 1520 autem
2975 1483 3104 1522 eum
3157 1468 3523 1538 sequebatur,
3570 1473 3628 1524 et

1994 1558 2248 1629 rogabat,
2283 1561 2348 1612 ut
2393 1557 2464 1611 ab
2505 1555 2603 1610 illo
2638 1554 3048 1626 baptizaretur.
3083 1556 3181 1611 Ille
3227 1561 3424 1612 autem
3466 1557 3626 1612 acci-

1994 1646 2079 1718 pit
2107 1645 2368 1718 quidem,
2408 1649 2471 1700 ut
2513 1662 2618 1716 par
2646 1649 2787 1711 erat,
2822 1649 3154 1715 promptum
3205 1662 3404 1700 eorum
3446 1646 3623 1702 animi

1993 1737 2272 1803 studium,
2306 1734 2431 1806 ipse
2481 1749 2708 1806 quoque
2755 1732 2816 1788 in
2859 1748 2925 1789 eo
2959 1733 3180 1789 habens
3229 1733 3398 1805 longe
3447 1735 3627 1804 majo—

244 1821 573 1923 προθυμίανο
613 1821 743 1898 ’ἐπεὶ
803 1839 860 1896 δὲ
920 1841 995 1913 μή
1059 1837 1148 1892 καὶ
1193 1837 1261 1892 τὰ
1471 1832 1614 1908 ὥρας
1661 1823 1884 1923 συμϐαί-

2016 1842 2140 1890 -em,
2167 1839 2340 1895 quam
2367 1824 2403 1879 ii
2428 1823 2738 1889 habebant,
2754 1821 2935 1875 animi
2959 1821 3345 1879 alacritatem:
3370 1823 3472 1878 sed
3495 1839 3636 1894 quo-

246 1913 546 2002 νονταῆν,
605 1931 682 1994 εἷς
736 1930 835 1998 τὴν
887 1927 1070 2001 αὔριον
1135 1925 1198 1979 τὸ
1250 1923 1528 1998 βάπτισμα
1576 1913 1888 1973 ἀνεϐάλετο.

247 2023 313 2080 Οἱ
357 2023 450 2096 μὲν
483 2022 572 2076 οὗν
627 2017 833 2075 πολλοὶ
888 2014 1095 2071 τούτων
1144 2017 1225 2084 τῷ
1261 2008 1446 2084 θερμῷ
1476 2005 1634 2096 ἔρωτι
1665 2010 1762 2061 τοῦ
1797 2005 1893 2080 βα-

245 2094 568 2182 πτίσματος,
603 2107 727 2164 οὒδὲ
755 2109 854 2176 τὴν
896 2100 1080 2160 οἶκαδε
1106 2101 1451 2178 ὑποστροφὴν
1486 2094 1893 2168 ὕπομείναντες,

255 2201 421 2257 αὐτοῦ
450 2221 556 2254 που
615 2197 762 2270 παρὰ
811 2196 874 2250 τὸ
924 2192 1198 2266 δωμάτιον
1243 2189 1636 2261 ἐκοιμήθησαν.
1669 2181 1895 2250 Ἐπειδὴ

248 2289 308 2346 δὲ
349 2289 416 2359 ἦν
451 2290 515 2343 ἒκ
575 2287 751 2360 μέσων
789 2287 1025 2351 νυκτῶν,
1058 2282 1086 2336 ὁ
1123 2283 1386 2335 τοσοῦτον
1447 2275 1500 2330 ἐν
1539 2275 1728 2350 χάριτι
1755 2270 1898 2343 λάμ-

249 2383 354 2454 ψας
403 2372 704 2449 ’Δϐἑρκιος,
761 2371 1191 2448 προσευξάμενος
1265 2371 1346 2438 τῷ
1411 2368 1526 2436 Θεῷ
1595 2361 1752 2454 ἔξεισι
1799 2367 1899 2454 τῆς

250 2450 449 2535 οἰκίας,
501 2465 593 2520 καὶ
646 2465 737 2520 τὸν
794 2459 971 2540 ὅχλον
1027 2455 1392 2533 περιεστῶτάς
1446 2473 1505 2508 τε
1555 2450 1644 2507 καὶ
1705 2450 1905 2522 ὑπομὲ-

260 2576 447 2617 νοντας
501 2537 867 2627 θεασάμενος,
901 2550 967 2604 τὰ
1034 2549 1257 2621 ὄμματα
1313 2545 1390 2606 εἷς
1446 2540 1704 2616 οὐρανοὺς
1775 2537 1902 2627 ἀνα-

256 2644 430 2721 σχὼν,
483 2643 811 2718 Εὐχαριστῶ
857 2659 967 2706 σοι,
1019 2637 1260 2692 Δέσποτα
1309 2633 1396 2688 καὶ
1451 2631 1568 2698 Θεὲ,
1617 2629 1788 2694 εἶπεν,
1820 2624 1903 2680 ὅτι

355 2735 447 2788 τὸν
508 2715 748 2804 ποιμένα
792 2733 899 2783 τῶν
949 2730 1054 2781 σῶν
1101 2724 1340 2796 λογικῶν
1391 2717 1678 2796 προϐάτων
1731 2715 1906 2786 ἡλὲη-

258 2847 376 2893 σας,
423 2823 513 2879 καὶ
568 2823 658 2877 τὸν
704 2821 1082 2894 ἀγρυπνοῦντα
1137 2817 1252 2870 καθ’
1302 2815 1460 2884 ἡμῶν
1506 2809 1688 2875 λύκον,
1733 2825 1908 2894 κεχηιξ

254 2892 384 2969 νότα
437 2914 610 2986 μάτην
681 2892 983 2976 ἀπέδειξας,
1032 2903 1122 2958 καὶ
1177 2903 1275 2969 τήν
1333 2897 1745 2953 διασπασθεῖσαν
1806 2892 1912 2947 ἀπὸ

255 3009 358 3073 τῆς
422 2981 683 3070 ἀληθείας
742 3000 840 3052 τοῦ
887 2992 1154 3066 ποιμνίου
1205 2993 1398 3063 μοῖραν
1445 2983 1772 3073 ἀνεκαλέσω,
1822 2981 1912 3035 καὶ

197 3105 229 3124 ν’
262 3071 364 3161 της
414 3087 504 3145 διά
548 3092 645 3144 τοῦ
702 3083 1072 3161 βαπτίσματος
1130 3078 1403 3139 υἱοθεσίας
1462 3072 1572 3144 ἤδη
1629 3071 1912 3161 κατηξίου.

254 3159 434 3236 Ταῦτα
486 3182 568 3250 τῷ
622 3159 730 3231 τῶν
794 3173 943 3230 ὅλων
1000 3175 1117 3244 Θεῷ
1183 3165 1516 3241 διαλεχθεὶς,
1591 3159 1911 3250 ἀκολουθεῖν

263 3269 412 3339 αὗτῷ
454 3249 594 3342 πρὲς
646 3265 746 3332 τήν
808 3257 1102 3331 ἐκκλησίαν
1158 3257 1221 3313 τὸ
1271 3253 1486 3324 πλῆθος
1525 3249 1909 3342 προτρέπεται.

268 3333 578 3422 Ἐπειδὴ-δὲ
604 3349 858 3430 ἀφίκοντο
906 3343 1038 3418 ἤδη,
1079 3346 1174 3406 τὰς
1215 3343 1485 3430 συνήθειςΔ
1516 3337 1698 3396 αὐτοῖς
1747 3333 1914 3407 εὐχάς

271 3444 527 3512 ἐπειπὼν,
585 3425 789 3496 τελειοῖ
842 3442 922 3509 τῷ
1002 3431 1333 3507 βαπτίσματι
1397 3425 1594 3502 ἄνδρας
1657 3441 1914 3478 πεντακοο

273 3533 424 3595 σίους
481 3509 573 3587 τδν
624 3527 874 3603 ἀριθμὸν,
905 3521 1110 3580 πολλοὶ
1166 3517 1256 3574 οὗν
1314 3517 1458 3591 παρά
1512 3515 1603 3569 τὸν
1649 3509 1817 3584 ἄνδρα
1854 3509 1916 3562 τὸ

272 3623 365 3680 ἀπ’
423 3620 627 3676 ἐκείνου
664 3601 988 3691 Ἵσυνὲῥρεον,
1030 3610 1092 3665 οὐ
1129 3615 1229 3676 τῆς
1279 3603 1526 3682 μεγάλης
1578 3601 1736 3691 μόνον
1779 3603 1920 3691 Φρμ-

273 3714 396 3791 γίας
445 3707 666 3774 καὶτῆς
725 3686 1042 3778 περιχώρου
1098 3698 1300 3791 πάσης,
1330 3693 1492 3791 ἀλλά.
1519 3690 1609 3745 καὶ
1660 3688 1789 3791 ὁζσοι.
1819 3686 1918 3791 την

274 3773 460 3859 ’,Ασίαν
517 3797 717 3870 ᾤκουν,
758 3773 961 3848 ὅξοῖτέ
1015 3791 1085 3862 τῇ
1116 3782 1313 3854 Λυδίᾳ,
1343 3781 1432 3838 καὶ
1463 3778 1582 3870 duo;
1753 3773 1924 3870 Καρίᾳ

271 3895 393 3954 ταῖς
441 3862 724 3962 ἐπαρχίαις
783 3878 1113 3951 ἐπεδήμουν,
1163 3873 1262 3929 Καὶ
1324 3873 1426 3962 γὰρ
1470 3867 1558 3962 διά
1594 3866 1780 3962 πάσης.
1828 3862 1924 3962 πό-

275 3952 418 4040 λεως
467 3952 794 4051 περίἀύτοῦ
835 3968 999 4045 λόγος
1039 3965 1258 4041 ἐχώρει,
1292 3961 1352 4017 οὐ
1407 3959 1557 4020 κενὸς
1592 3955 1663 4010 ὢν
1696 3954 1785 4010 καὶ
1822 3952 1924 4025 μά-

273 4088 428 4130 ταιος
459 4066 548 4121 καὶ
584 4061 672 4118 διά
699 4065 862 4116 τοῦτο
900 4056 988 4112 καὶ
1020 4051 1310 4123 σϐεσθῆναι
1350 4051 1412 4107 τὸ
1466 4051 1636 4123 τάχος
1693 4043 1926 4130 δυνάμε-

273 4177 385 4222 νος,
418 4129 571 4210 ἀλλά
617 4149 836 4218 πολλὴν
895 4144 1038 4222 ἔχων
1095 4145 1194 4212 τὴν
1247 4139 1437 4215 ῥώμην
1475 4137 1579 4191 ἀπὸ
1635 4140 1732 4200 τῆς
1791 4129 1928 4222 ἀλη·

255 4247 443 4312 θείας.
498 4240 794 4317 Συνάρῥεον
850 4236 1033 4293 τοίνυν
1083 4233 1208 4306 παρ’
1266 4228 1448 4293 αὐτὸν,
1518 4224 1571 4278 οἱ
1631 4223 1723 4293 μὲν
1790 4219 1930 4272 ὥστε

290 4307 357 4390 τὰ
404 4307 651 4406 σωτήρια
675 4307 1041 4401 διδαχθῆναι,
1074 4322 1125 4375 οἱ
1177 4317 1233 4373 δὲ
1279 4317 1370 4370 καὶ
1415 4317 1522 4368 τῶν
1564 4307 1930 4406 ἐνοχλούντων

283 4393 671 4494 ἀπαλλαγῆναι
739 4393 899 4476 ὅσους
958 4405 1174 4480 δηλαδή
1230 4405 1389 4494 νόσος
1671 4393 1930 4494 τις,ἤτι

279 4511 371 4569 καὶ
429 4486 579 4565 ἄλλο.
626 4510 850 4578 κατεῖχε
896 4499 1062 4556 κακόν
1109 4497 1208 4554 ’Ἡν
1273 4492 1376 4568 γὶρ
1437 4486 1644 4559 διδάξαι
1700 4486 1793 4540 τὸν
1831 4490 1930 4578 τῇς

1999 1916 2154 1973 niam
2187 1931 2302 1970 non
2324 1917 2445 1969 erat
2474 1917 2706 1983 tempus
2737 1912 3100 1981 conveniens,
3135 1913 3487 1984 baptismum
3520 1913 3631 1968 dif-

2000 2005 2110 2061 fert
2139 2005 2199 2060 in
2231 2003 2378 2059 diem
2438 2009 2798 2074 sequentem.
2859 2004 3037 2071 Atque
3078 2001 3243 2056 multi
3298 2003 3532 2072 quidem
3565 2018 3633 2058 ex

1998 2092 2072 2148 iis
2102 2095 2335 2163 propter
2383 2105 2660 2161 magnum
2691 2089 2967 2160 baptismi
3000 2088 3374 2157 desiderium,
3399 2105 3528 2145 cum
3560 2105 3634 2145 ne

2003 2180 2246 2234 domum
2297 2177 2535 2248 quidem
2587 2177 2772 2233 redire
2817 2177 3254 2246 sustinuissent,
3287 2178 3652 2233 dormierunt

2010 2266 2132 2321 illic
2177 2281 2356 2337 prope
2400 2265 2836 2322 domunculam.
2884 2269 3027 2321 Cum
3075 2269 3267 2322 autem
3323 2270 3476 2321 esset
3519 2281 3647 2320 me-

2013 2355 2175 2410 dium
2239 2353 2448 2421 noctis,
2488 2353 2672 2425 gratia
2729 2353 3106 2425 resplendens
3153 2354 3450 2422 Abereius,
3511 2370 3646 2409 cum

2014 2445 2197 2499 Deum
2229 2447 2500 2515 precatus
2532 2443 2753 2510 fuisset,
2786 2459 2818 2498 e
2857 2443 3026 2498 domo
3055 2442 3346 2513 egreditur
3379 2458 3393 2497 :
3428 2448 3484 2498 et
3513 2459 3646 2498 cum

2015 2532 2554 2588 circumsistentem
2585 2530 2828 2586 vidisset
2867 2531 3121 2596 turbam,
3155 2535 3211 2586 et
3240 2531 3653 2601 sustinentem,

2015 2621 2262 2676 sublatis
2295 2620 2352 2674 in
2386 2617 2562 2675 caelos
2584 2617 2807 2674 oculis:
2840 2624 2956 2689 Ago
2999 2617 3104 2673 tibi
3143 2618 3379 2690 gratias,
3409 2619 3654 2674 Domine

2013 2711 2189 2777 Deus,
2223 2707 2435 2780 inquit,
2493 2707 2647 2778 quod
2698 2706 2979 2762 misertus
3036 2706 3118 2761 sis
3167 2707 3304 2774 mei,
3363 2707 3464 2777 qui
3515 2722 3649 2762 sum

2016 2802 2216 2870 pastor
2244 2805 2477 2850 tuarum
2508 2795 2699 2850 ovium
2730 2793 2975 2850 rationis
3015 2799 3351 2864 compotum
3386 2810 3400 2849 :
3442 2799 3520 2864 et,
3552 2795 3651 2865 qui

2017 2886 2078 2940 in
2111 2901 2216 2940 nos
2247 2882 2540 2954 vigilabat,
2571 2881 2774 2952 lupum
2814 2883 3028 2936 frustra
3073 2881 3333 2938 hiantem
3383 2883 3654 2938 reddide-

2020 2973 2118 3039 ris,
2147 2975 2204 3027 et
2232 2987 2266 3025 a
2293 2969 2533 3025 veritate
2562 2969 2853 3025 divulsam
2886 2969 3035 3026 hanc
3069 2970 3263 3042 gregis
3313 2974 3527 3040 partem
3559 2986 3655 3027 re-

2017 3060 2264 3125 vocaris,
2323 3062 2379 3114 et
2409 3058 2534 3129 jam
2566 3057 2818 3113 filiorum
2877 3058 3186 3130 adoptione
3243 3058 3497 3131 digneris
3557 3075 3658 3130 per

1974 3206 1991 3228 η
2025 3148 2398 3218 baptismum.
2450 3147 2578 3201 Haec
2609 3163 2742 3201 cum
2783 3147 3021 3202 dixisset
3071 3146 3184 3203 Deo
3228 3147 3655 3217 universorum,

2018 3239 2187 3311 jubet
2215 3234 2655 3290 multitudinem
2679 3251 2809 3290 eum
2850 3235 3015 3306 sequi
3054 3238 3123 3292 ad
3161 3236 3487 3293 ecclesiam.
3520 3241 3661 3294 Cum

2022 3332 2214 3383 autem
2247 3326 2372 3396 jam
2416 3323 2731 3391 venissent,
2789 3325 3083 3379 consuetis
3146 3325 3315 3381 dictis
3362 3326 3654 3397 precibus,

2022 3417 2314 3488 baptismo
2338 3414 2530 3472 initiat
2549 3415 2702 3470 viros
2727 3429 2972 3470 numero
3004 3415 3372 3486 quingentos.
3411 3417 3491 3471 Ex
3523 3415 3658 3472 hinc

2025 3509 2215 3561 autem
2247 3503 2416 3560 multi
2448 3504 2521 3559 ad
2569 3502 2734 3557 illum
2778 3503 3168 3571 conﬂuebant,
3201 3520 3317 3560 non
3367 3504 3557 3560 solum
3590 3520 3662 3560 ex

2026 3609 2240 3665 magna
2281 3592 2554 3664 Phrygia,
2586 3596 2643 3648 et
2689 3592 2959 3649 universa
2991 3593 3240 3649 ﬁnitima
3271 3593 3525 3665 regione,
3559 3595 3661 3650 sed

2025 3683 2201 3740 etiam
2225 3681 2325 3753 qui
2350 3681 2544 3736 Asiam
2569 3679 2928 3745 habitabant,
2951 3685 3006 3736 et
3027 3682 3125 3751 qui
3151 3682 3439 3753 degebant
3460 3683 3519 3737 in
3541 3697 3668 3752 pro-

2026 3771 2229 3828 vinciis
2251 3770 2432 3842 Lydia
2455 3773 2513 3824 et
2531 3768 2719 3825 Caria.
2744 3769 2969 3824 Etenim
2991 3784 3092 3839 per
3121 3770 3446 3826 universam
3471 3770 3669 3826 civita-

2027 3865 2144 3916 tem
2177 3860 2248 3916 de
2276 3859 2404 3930 ipso
2428 3859 2702 3914 manabat
2725 3873 2936 3926 sermo,
2969 3857 3066 3928 qui
3100 3875 3212 3914 non
3249 3863 3371 3914 erat
3399 3875 3586 3915 vanus
3609 3863 3668 3916 et

2027 3949 2219 4006 inanis
2263 3952 2320 4003 et
2369 3947 2495 4004 ideo
2525 3949 2638 4004 cito
2689 3951 2912 4018 poterat
2959 3946 3272 4018 exstingui,
3305 3948 3402 4003 sed
3447 3947 3547 4018 qui
3595 3963 3664 4003 ex

2027 4037 2268 4094 veritate
2303 4052 2536 4106 magnas
2567 4035 2814 4091 habebat
2862 4034 3033 4089 vires.
3066 4035 3148 4088 Ad
3191 4050 3324 4089 eum
3357 4050 3489 4105 ergo
3519 4051 3664 4091 con-

2031 4126 2307 4187 ﬂuebant,
2349 4123 2447 4178 alii
2494 4123 2724 4192 quidem
2785 4127 2850 4178 ut
2903 4122 3194 4178 discerent
3221 4137 3348 4192 quae
3379 4127 3543 4178 erant
3571 4140 3663 4179 sa-

2031 4212 2265 4278 lutaria,
2299 4209 2398 4266 alii
2445 4215 2642 4264 autem
2676 4214 2738 4264 ut
2765 4209 3148 4264 liberarentur
3179 4210 3249 4264 ab
3281 4209 3373 4278 iis,
3418 4227 3544 4282 qua:
3581 4212 3666 4268 els

2035 4300 2353 4356 atl'erebant
2412 4295 2737 4352 molestiam
2791 4312 2805 4352 :
2867 4313 3014 4369 quos
3072 4297 3297 4353 scilicet
3365 4299 3668 4370 premebat

2037 4388 2296 4452 morbus,
2337 4390 2437 4442 aut
2479 4385 2656 4440 etiam
2690 4385 2922 4457 aliquod
2956 4386 3110 4441 aliud
3143 4387 3373 4442 tenebat
3423 4387 3668 4444 malum.

2037 4479 2171 4534 Erat
2197 4476 2352 4532 enim
2383 4474 2718 4547 aptissimus
2767 4475 2838 4530 ad
2870 4475 3196 4531 docendum
3237 4476 3477 4532 verbum
3519 4477 3669 4532 veri-

278 4597 542 4669 ἀληθείας
595 4593 763 4668 λόγον
785 4563 1158 4663 Νδεξιώτατος,
1215 4581 1306 4638 γαὶ
1365 4578 1745 4640 οἰκειώσασθαι
1785 4573 1908 4660 ’τοὺι

2037 4567 2196 4636 tatis,
2230 4569 2288 4621 et
2325 4563 2738 4638 paratissimus
2798 4563 3113 4621 familiares
3143 4564 3372 4623 Christo
3429 4565 3668 4622 reddere

279 4652 612 4764 π-ρόσιόντας
661 4652 751 4738 διὰ
791 4652 1019 4756 Χριστὸν
1068 4652 1443 4746 ἑτοιμότατος,
1481 4668 1571 4723 καὶ
1621 4652 1906 4733 ἀπαλλάξα

2038 4671 2158 4726 eos,
2191 4653 2287 4725 qui
2310 4652 2678 4710 accedebant.

278 4781 460 4836 κακῶν
493 4772 772 4844 ἂξύτατος.

355 4866 430 4922 Θ’.
489 4841 682 4937 Ολίγαι
754 4862 884 4935 γοῦν
966 4853 1245 4928 παρῆλθον
1327 4848 1552 4937 ἡμέραι,
1623 4842 1733 4937 Δκαί
1802 4841 1929 4937 τοὺς

280 4928 678 5031 πρεσϐυτέρους
734 4928 822 5002 καὶ
875 4943 1183 5031 διακόνους,
1246 4938 1383 5013 πρὸς
1438 4934 1496 4991 δὲ
1549 4933 1639 5031 καί
1676 4928 1928 5031 τήνμλοι-

280 5019 393 5115 πην
449 5019 793 5116 ἀδελφότητα
846 5026 1201 5106 παραλαϐὼν,
1258 5027 1495 5102 πρόεισι,
1551 5022 1641 5078 καὶ
1709 5019 1928 5080 καθίσας

282 5107 362 5195 εἷς
414 5107 810 5205 δνπερΙείώθει
861 5124 1051 5191 τόπον,
1109 5116 1290 5205 ὥσπερ
1484 5132 1641 5205 τινος.
1700 5107 1928 5205 ἡδίστης

281 5226 473 5295 πηγῆς
529 5200 598 5272 τὰ
637 5212 944 5291 γλυκύτατα
993 5214 1092 5276 τῆς
1136 5200 1494 5295 διδασκαλίας.
1525 5200 1720 5295 ,ῥεῖθρα
1747 5200 1926 5295 προῖει

282 5284 394 5366 tot").
431 5284 735 5380 στόματος.
792 5303 882 5358 Ἐν
925 5296 1102 5368 τούτῳ
1149 5291 1205 5349 δὲ
1252 5284 1534 5368 προσῆλθέ
1559 5308 1644 5349 τις
1676 5285 1778 5341 ὑπὸ
1808 5304 1928 5380 χει-

287 5372 553 5478 ραγωγιῖί
592 5393 727 5469 γυνὴ
796 5393 902 5446 τῶν
982 5385 1276 5478 ἐπιφανιων,
1344 5377 1724 5478 ἐκκεκομμένη
1804 5372 1929 5478 τοὺς

284 5464 630 5557 δφθαλμοῦς,
709 5478 884 5552 ὄνομα
941 5469 1258 5548 Φρόγελλα,
1344 5469 1711 5557 Εὗξεινᾼιανοῦ.
1747 5464 1926 5557 μήνηρ

283 5549 640 5633 Ιιιρπλίωνοςξ
698 5569 754 5622 Ὀ
786 5549 842 5621 δὲ
896 5565 960 5634 ἦν
1014 5565 1120 5615 τῶν
1169 5558 1312 5632 παρά
1363 5561 1444 5628 τῷ
1482 5549 1929 5626 αὑτοκράτορίτε

280 5661 377 5720 καὶ
406 5663 476 5734 τῇ
537 5655 698 5714 πόλει
750 5654 916 5728 πάσῃ,
969 5649 1064 5709 τὰς
1122 5644 1340 5720 πρώτας
1397 5641 1640 5720 ἑχόντων
1693 5636 1858 5710 τιμὰς
1899 5634 1928 5689 ὁ

2108 4833 2208 4889 ΙΧ.
2268 4831 2440 4887 Pauci
2509 4830 2634 4886 dies
2684 4829 3097 4902 praeterierunt,
3165 4846 3295 4888 cum
3351 4831 3670 4902 assumptis

2040 4921 2391 4994 presbyteris
2444 4925 2499 4974 et
2550 4917 2832 4987 diaconis,
2874 4921 2931 4972 et
2973 4918 3198 4989 reliqua
3235 4923 3511 4988 praeterea
3559 4920 3674 4975 fra-

2038 5009 2332 5077 ternitate,
2365 5005 2626 5079 procedit
2657 5021 2672 5061 :
2722 5010 2780 5063 et
2817 5006 3026 5062 sedens
3058 5007 3117 5062 in
3164 5023 3230 5062 eo
3262 5005 3410 5076 loco,
3443 5008 3502 5064 in
3553 5023 3669 5079 quo

2037 5099 2436 5163 consueverat,
2469 5103 2748 5166 tanquam
2778 5110 2845 5150 ex
2877 5094 3072 5165 aliquo
3106 5095 3261 5150 fonte
3293 5095 3670 5164 suavissimo,

2037 5205 2105 5245 ex
2135 5205 2233 5245 ore
2259 5187 2559 5261 profundit
2597 5185 2871 5240 doctrinae
2911 5185 3128 5240 ﬂuenta
3163 5186 3532 5242 suavissima.
3565 5187 3671 5242 In—

2036 5282 2194 5334 terea
2223 5281 2416 5334 autem
2451 5273 2696 5331 accessit
2724 5273 2978 5329 adducta
3008 5273 3252 5330 illustris
3284 5275 3551 5347 quaedam
3573 5275 3666 5332 fe-

2039 5367 2219 5435 mina,
2271 5365 2455 5422 oculis
2520 5362 2742 5430 orbata,
2793 5361 3028 5418 nomine
3093 5361 3417 5436 Phrygella,
3485 5367 3672 5422 mater

2035 5454 2355 5512 Euxeniani
2404 5451 2721 5524 Poplionis.
2755 5451 2808 5506 Is
2834 5467 2970 5507 vero
3001 5451 3239 5524 Poplion
3269 5454 3422 5526 apud
3478 5453 3669 5524 impe-

2035 5549 2280 5600 ratorem
2312 5546 2369 5598 et
2424 5541 2756 5596 universam
2807 5539 3099 5597 civitatem
3156 5542 3412 5614 primum
3469 5541 3668 5596 locum

2035 5635 2093 5688 in
2125 5631 2342 5689 honore
2372 5629 2688 5688 obtinebat.
2720 5629 2978 5686 Adducta
3009 5645 3168 5702 ergo,
3201 5632 3354 5690 sicut
3385 5629 3664 5698 diximus,
