4128 6274
494 279 648 341 1213

1829 267 1880 324 Μ
1893 265 2101 326 ENSIS
2142 267 2390 328 OCTOB
2404 268 2527 328 ER.

3729 267 3892 326 1224

494 448 676 496 mater
695 438 874 504 illius,
905 440 1215 507 postquam
1248 429 1466 486 audivit
1494 441 1772 499 magnum
1819 425 2107 482 Aberciuu

2236 427 2518 487 ῙΙοπλίων.
2570 425 2907 502 Χειραγωγῷ
2964 425 3284 501 οὗν,ὥσπερ
3333 421 3561 505 ἔφημεν,
3594 429 3628 497 ἡ
3680 426 3894 484 ἐκείνου

493 529 587 585 hic
609 529 734 599 jam
768 527 966 584 sedere
1012 526 1070 580 et
1099 522 1328 588 docere,
1369 533 1582 590 magno
1623 515 1814 572 studio
1873 517 1942 571 ad
1994 531 2127 572 eum

493 632 827 683 accurrens,
861 618 917 670 et
946 613 1104 668 illius
1136 612 1312 681 pedes
1343 607 1720 678 prehensans,
1755 605 2129 661 vehementer

489 723 624 764 eum
658 703 1024 778 precabatur.
1049 704 1142 756 et:
1169 700 1458 765 Miserere,
1490 696 1736 760 dicebat,
1770 694 1913 750 mihi
1946 693 2129 750 homi-

489 811 624 852 num
659 792 914 848 maxime
972 788 1317 855 venerande,
1350 785 1571 856 solique
1629 800 1757 840 vero
1789 789 1902 839 Deo
1934 783 2127 850 chare,

485 885 766 940 miserere
793 880 907 937 mei
943 877 1226 950 supplicis
1257 893 1269 930 :
1305 875 1474 930 redde
1501 873 1642 928 mihi
1677 889 1876 929 rursus
1907 873 2124 941 oculos,

485 986 760 1043 magnum
795 969 890 1025 Dei
923 984 1072 1040 opus
1107 983 1120 1021 :
1153 965 1316 1021 efﬁce
1349 971 1406 1019 ut
1431 964 1758 1033 jucundum
1794 961 1970 1017 solem
2004 978 2126 1018 rur-

485 1077 590 1116 sus
621 1061 873 1124 intuear,
898 1072 1085 1127 neque
1115 1071 1210 1109 me
1231 1053 1518 1124 despicias
1547 1052 1810 1107 ail'ectam
1855 1055 1978 1106 tam
2014 1050 2126 1104 mi-

482 1147 840 1205 serabiliter:
859 1145 1157 1202 consolare
1182 1159 1366 1198 meam
1391 1140 1781 1196 calamitatem
1802 1156 1814 1193 :
1833 1144 2054 1194 moveat
2069 1143 2124 1194 te

485 1237 776 1293 maximus
790 1251 952 1290 meus
975 1232 1270 1302 splendor.
1288 1235 1383 1284 Est
1405 1229 1548 1283 mihi
1571 1229 1724 1283 ﬁlius
1741 1227 2003 1297 Peplion,
2025 1226 2124 1297 qui

481 1325 728 1382 multum
765 1322 1126 1394 potestapud
1151 1321 1555 1389 imperatorem
1589 1321 1644 1373 et
1675 1317 1992 1385 civitatem,
2016 1331 2122 1386 ego

479 1420 673 1471 autem
688 1413 883 1484 ipsum
901 1427 1015 1466 non
1032 1409 1212 1465 video.
1233 1408 1382 1463 Sunt
1398 1406 1537 1462 mihi
1554 1406 1763 1461 divitiae
1790 1407 2050 1477 ingentes
2065 1407 2119 1459 et

475 1503 667 1569 varia,
687 1500 915 1568 famuli,
935 1497 1478 1570 pecuniae,pra:dia;
1509 1511 1612 1566 ego
1646 1500 1838 1550 autem
1862 1495 1932 1549 ad
1947 1509 2014 1549 ea
2028 1508 2119 1547 me

478 1592 648 1662 pejus
663 1590 870 1655 habeo,
891 1604 1067 1659 quam
1085 1589 1332 1657 egentes.
1351 1590 1489 1639 Nam
1510 1583 1594 1638 illi
1619 1583 1853 1655 quidem
1878 1582 2120 1654 possunt

483 1681 598 1734 frui
619 1683 854 1750 aspectu
875 1677 1104 1732 illorum
1123 1690 1436 1747 paucorum
1453 1690 1579 1744 qua:
1594 1672 1826 1738 habent,
1841 1677 1896 1726 et
1909 1687 1974 1726 ea
1989 1689 2118 1744 quae

2237 520 2423 592 μήτηρ
2470 519 2729 592 χρωμένη
2791 514 2978 586 ἐπειδή
3034 517 3126 570 τὸν
3195 517 3364 591 μέγαν
3435 511 3722 593 Ἀϐέρχιον
3790 518 3891 574 αὖ·

2231 613 2327 662 τοῦ
2356 627 2413 661 τε
2443 605 2551 678 ἤδη
2603 608 2868 676 καθῆσθαι
2923 607 3012 661 καὶ
3065 603 3332 661 διδάσκειν
3380 605 3629 674 ἐπύθετο,
3673 605 3888 683 σπουδῇ

2232 698 2382 769 αὐτῷ
2411 693 2855 770 προσδραμοῦσα,
2886 695 3113 749 καὶτῶν
3174 691 3380 748 ἐκείνου
3441 690 3722 768 λαϐομένη
3784 719 3886 752 πο-

2233 783 2362 853 δῶν,
2401 785 2587 853 πολλή
2638 806 2718 847 τις
2777 785 2843 853 ἦν
2892 777 3146 856 δεομένη,
3193 785 3304 853 καὶ,
3337 784 3644 860 Οἵκτειρον,
3680 787 3886 858 ἀνθρώ-

2230 896 2346 930 πων
2376 874 2500 947 έμοὶ
2555 875 2874 946 τιμιώτατε,
2922 875 3012 928 καὶ
3069 877 3148 944 τῷ
3210 873 3356 946 μόνῳ
3405 874 3496 928 καὶ
3537 870 3736 944 ἀληθεῖ
3767 879 3887 947 Θεῷ

2230 962 2378 1041 φίλε,
2409 965 2508 1033 τὴν
2541 962 2725 1030 ἱκέτιν,
2766 957 2937 1036 ἔλεγε,
2968 963 3264 1036 οἷ’κτειρονο
3325 961 3529 1024 ἀπόδος
3565 983 3657 1035 μοι
3710 962 3881 1017 πάλιν

2230 1051 2356 1113 τοὺς
2413 1050 2756 1130 ἀφθαλμοὺς,
2811 1052 2874 1105 τὸ
2936 1050 3072 1125 μέγα
3125 1055 3220 1106 τοῦ
3300 1055 3432 1106 Θεοῦ
3507 1051 3730 1124 κτίσμα,
3789 1053 3883 1106 τὸν

2228 1141 2428 1213 γλυκὸν
2459 1138 2624 1209 ἥλιον
2685 1137 2814 1195 ἰδεῖν
2876 1137 2975 1212 ἐμὲ
3030 1142 3458 1214 παρασκεύασον,
3511 1137 3650 1213 μηδὲ
3707 1139 3881 1204 οὕτως

2231 1227 2463 1308 ἔχουσαν
2513 1228 2765 1292 ἐλεεινῶς
2833 1226 3099 1306 περιίδῃς’
3169 1229 3558 1305 παραμύθησαί
3621 1251 3716 1302 μοι
3782 1233 3884 1299 τήν

2229 1321 2503 1396 συμφορὰ,
2561 1320 2622 1374 τὸ
2685 1326 2786 1389 τῆς
2838 1319 2976 1392 ἐμῆς
3036 1319 3383 1396 περιφανείας
3464 1319 3686 1394 μέγεοος
3763 1318 3887 1375 δυσ-

2227 1408 2504 1476 ωπήοητι.
2565 1409 2719 1463 ’Ἐστι
2782 1427 2875 1479 μοι
2958 1405 3219 1462 Ποπλίων
3281 1408 3420 1474 υἱὸς,
3509 1409 3648 1481 μέγα
3729 1409 3882 1483 παρᾶ

2229 1493 2448 1569 βασιλεῖ
2475 1492 2567 1548 καὶ
2624 1499 2691 1567 τῇ
2750 1492 2912 1549 πόλει
2971 1492 3288 1567 δυνάμενος·
3326 1494 3436 1570 ἐγὼ
3487 1493 3543 1550 δὲ
3582 1497 3742 1550 αὐτὸν
3773 1496 3886 1574 οὐχ

2223 1584 2359 1656 δρῶ,
2400 1584 2550 1637 Ἔστι
2595 1605 2689 1657 μοι
2754 1585 2994 1646 πλοῦτος
3053 1581 3420 1653 παντοδαπδςν
3471 1584 3694 1656 οἰκέταεν
3743 1589 3888 1660 χΡ⁷⁵’

2228 1692 2389 1743 ματα,
2445 1679 2634 1741 κτῆσις
2700 1673 2822 1744 ’ὀσηο
2858 1670 2966 1747 ἒγὼ
3017 1670 3074 1727 δὲ
3130 1671 3341 1746 μᾶλλον
3375 1677 3483 1727 τῶν
3526 1671 3711 1728 ἐνδεῶν
3740 1677 3884 1750 πρὸς

486 1737 722 1837 habent,
745 1771 806 1822 ut
827 1765 1043 1832 volunt,
1065 1764 1464 1820 administrare
1483 1778 1494 1816 :
1511 1777 1616 1832 ego
1633 1777 1762 1816 vero
1786 1777 1889 1816 nec
1907 1777 1973 1816 ea
1996 1778 2107 1831 pos-

2225 1760 2424 1830 ταύτην
2458 1755 2573 1838 ἔχω
2626 1765 2829 1824 κακῶς.
2861 1767 2984 1824 Τοῖς
3045 1763 3138 1834 μὲν
3202 1762 3305 1836 γὰρ
3350 1761 3440 1816 καί
3486 1761 3706 1818 δυνατὸν
3737 1764 3880 1819 ἀπο-

483 1874 615 1913 sum
641 1856 853 1921 videre,
873 1871 1123 1926 quorum
1148 1854 1350 1909 credor
1371 1868 1498 1908 esse
1520 1852 1777 1906 domina.
1802 1851 1871 1906 Et
1893 1851 2115 1907 utinam

478 1946 699 2015 privata
717 1944 808 1999 his
823 1943 1094 2000 omnibus
1111 1943 1265 1998 solos
1285 1941 1551 1996 haberem
1577 1939 1797 1996 oculos.
1814 1939 2116 2010 Pr0ptcrea

473 2052 610 2106 rogo
631 2039 792 2090 tuam
816 2035 1162 2091 clementem
1183 2033 1459 2098 animam,
1477 2031 1665 2099 valde,
1683 2030 1950 2102 inquam,
1978 2047 2113 2102 rogo

473 2130 531 2181 et
560 2124 822 2196 supplico
865 2124 1091 2190 misera,
1121 2128 1186 2179 ut
1215 2141 1373 2180 meos
1407 2122 1635 2195 aperias
1665 2123 1889 2189 oculos,
1919 2124 1976 2176 et
2013 2123 2116 2175 tua

472 2215 625 2287 apud
650 2231 848 2271 verum
871 2214 1053 2270 Deum
1079 2212 1284 2268 ﬁducia
1308 2214 1392 2269 eis
1415 2214 1524 2268 vim
1548 2211 1782 2266 videndi
1803 2209 2109 2266 immittas.

2228 1849 2406 1905 λαύειν
2438 1857 2539 1918 τῆς
2571 1850 2692 1914 θέας
2749 1855 2856 1906 τῶν
2925 1850 3129 1927 ὀλίγων
3165 1849 3236 1906 ὧν
3295 1847 3510 1927 ἔχουσι,
3577 1854 3666 1908 καὶ
3707 1851 3880 1908 διατίο

2225 1942 2400 1994 ΟεσΟαι
2454 1940 2521 1994 τὰ
2569 1941 2714 2009 ὅντα,
2749 1939 2930 2014 ὣσπερ
2997 1939 3056 1995 ἂν
3112 1940 3440 2015 βούλωνται·
3475 1941 3584 2018 ἐγὼ
3642 1940 3700 1997 δὲ
3750 1942 3878 2000 οὐδὲ

2225 2029 2351 2100 ὁρᾷν
2381 2022 2496 2104 ἔχω
2548 2034 2736 2102 ταῦτα,
2777 2031 2850 2084 ὧν
2913 2031 3044 2084 εἶναι
3101 2029 3260 2103 κυρία
3336 2030 3681 2105 πιστεύομαιο
3743 2033 3876 2110 ’ὀφε-

2223 2116 2319 2170 λόν
2365 2138 2426 2190 γε
2473 2117 2682 2173 τούτων
2741 2118 2956 2173 πάντων
3010 2119 3332 2195 ἀφῃρημένη
3384 2119 3511 2183 τοὺς
3561 2121 3882 2198 ὀφθαλμοὺς

2223 2207 2373 2285 εἶχον
2425 2206 2646 2280 μόνους.
2705 2207 2802 2263 Διά
2856 2212 3015 2263 τοῦτο
3047 2205 3236 2281 δέομαί
3288 2230 3404 2276 σου,
3439 2217 3538 2280 τῆς
3571 2211 3883 2287 φιλανθρώ-

472 2323 579 2360 που
627 2303 810 2377 ψυχῆς
866 2301 1000 2358 πάνυ
1061 2299 1278 2375 δέομαι,
1335 2301 1425 2356 καὶ
1483 2299 1650 2364 ἱκέτις
1703 2300 1738 2369 ἡ
1794 2296 1957 2354 ἀθλία
2009 2295 2258 2372 γίνομαι,
2319 2294 2582 2370 διανοῖξαι
2630 2297 2756 2360 τοὺς
2825 2296 3145 2376 ὀφθαλμοὺς
3219 2298 3346 2362 τοὺς
3405 2299 3583 2363 ἐνεοὺς
3632 2303 3723 2356 καὶ
3805 2306 3879 2377 τῇ

475 2396 544 2466 σῇ
575 2393 711 2468 πρὸς
740 2394 833 2448 τὸν
875 2390 1057 2462 ἀληθῆ
1092 2393 1218 2446 Θεὸν
1246 2389 1543 2464 παρρησίᾳ,
1582 2392 1682 2458 τὴν
1713 2393 1809 2444 τοῦ
1840 2385 2063 2462 βλέπειν
2092 2384 2277 2447 αὐτοῖς
2310 2384 2536 2458 δύναμιν
2569 2388 2817 2447 ἐνθεῖναι.

545 2482 611 2539 Χ.
655 2483 756 2538 Ille
808 2487 1040 2538 autem:
1074 2484 1146 2536 At
1175 2497 1301 2552 ego,
1359 2481 1564 2551 inquit,
1598 2496 1631 2535 ο
1689 2479 1918 2544 mulier,
1979 2493 2110 2533 sum

474 2573 762 2640 peccator,
796 2575 851 2626 et
876 2571 974 2639 qui
1007 2570 1191 2640 magis
1221 2584 1358 2639 egeo
1391 2567 1812 2633 misericordia,
1864 2570 1921 2620 et
1967 2580 2112 2636 pen-

474 2661 579 2717 deo
611 2664 767 2716 totus
799 2677 832 2716 a
861 2658 961 2715 Dei
993 2658 1323 2715 clementia.
1355 2658 1409 2713 Si
1451 2661 1646 2713 autem
1680 2661 1742 2712 tu
1786 2655 1958 2712 eliam
1991 2670 2113 2711 cre-

475 2749 565 2804 dis
597 2749 656 2804 in
687 2749 891 2816 Deum,
923 2748 985 2804 in
1042 2764 1158 2820 quo
1188 2762 1294 2818 ego
1343 2746 1594 2812 confido,
1644 2749 1833 2818 potest
1870 2743 2110 2800 omnino

475 2837 627 2893 sicut
656 2838 728 2906 ei,
759 2838 856 2909 qui
879 2840 1004 2894 erat
1032 2853 1217 2894 caecus
1248 2837 1320 2892 ab
1352 2840 1498 2903 ortu,
1531 2834 1634 2891 tibi
1659 2849 1892 2907 quoque
1921 2833 2108 2889 visum

477 2927 718 2982 donare.
743 2925 848 2981 Illa
883 2941 1014 2982 vero
1057 2941 1070 2980 :
1105 2927 1308 2994 Credo,
1342 2924 1552 2995 inquit,
1585 2924 1644 2979 in
1674 2939 1876 2979 verum
1909 2923 2110 2978 Domi-

476 3031 616 3072 num
649 3016 944 3071 Christum
979 3030 992 3070 :
1031 3021 1086 3070 tu
1137 3014 1313 3085 igitur
1340 3030 1500 3069 meos
1533 3011 1817 3069 credentis
1863 3017 2110 3084 tangens

2294 2476 2348 2533 l'.
2401 2477 2461 2533 Ὀ
2519 2474 2596 2549 δὲ,
2659 2476 2837 2533 Ἀλλὰ
2901 2479 3054 2553 κάγὼ
3113 2480 3462 2554 ἁμαρτωλὸς,
3519 2476 3645 2555 ἔφη,
3694 2483 3876 2557 γύναι,

2217 2564 2307 2618 καὶ
2339 2563 2494 2619 ἐλέου
2530 2565 2742 2639 μᾶλλον
2792 2565 3072 2642 δεόμενος,
3105 2571 3192 2625 καὶ
3231 2572 3329 2636 τῆς
3374 2574 3470 2625 τοῦ
3509 2569 3708 2647 ἀγαθοῦ
3741 2570 3878 2648 φιλ-

2219 2654 2527 2728 ανθρωπίας
2588 2655 2818 2728 ἐμαυτὸν
2875 2657 3206 2733 ἀναρτήσας.
3263 2662 3326 2716 Εἴ
3385 2657 3441 2714 δὲ
3506 2658 3585 2738 ἔφ’
3641 2662 3696 2714 δν
3754 2659 3874 2734 ἐγὼ

2219 2741 2452 2797 πέποιθα
2481 2745 2570 2798 καὶ
2619 2746 2680 2799 σὺ
2729 2746 2999 2808 πιστεύεις
3051 2749 3201 2816 Θεὸν,
3244 2746 3465 2803 δυνασὸν
3507 2747 3650 2820 αὐτῷ
3691 2748 3878 2804 πάντα

2222 2829 2403 2907 ὥσπερ
2445 2830 2509 2902 δὴ
2561 2839 2640 2906 τῷ
2689 2834 2747 2890 ἐκ
2794 2844 3020 2910 γενετῆς
3050 2836 3264 2918 τυφλῷ,
3295 2838 3386 2893 καὶ
3418 2838 3500 2894 σοὶ
3539 2839 3600 2892 τὸ
3635 2837 3867 2913 βλέπειν

2222 2921 2568 2996 χαρίσασθαι.
2603 2925 2665 2980 Ἠ
2726 2922 3098 2998 δὲ,Ηιστεύω,
3161 2927 3346 3004 φησῗν,
3399 2927 3475 2992 εἷς
3529 2929 3620 2983 τὸν
3679 2925 3869 2998 ἀληθῆ

2221 3011 2495 3080 Δεσπότην
2584 3015 2838 3087 Χριστὸν,
2918 3016 3004 3069 καὶ
3099 3015 3461 3088 πιστευούσης
3533 3020 3639 3071 τῶν
3714 3013 3870 3088 ἐμῶν

475 3105 691 3171 oculos,
719 3104 1041 3174 jucundam
1088 3106 1146 3158 et
1177 3101 1622 3158 desiderabilem
1655 3101 1739 3157 eis
1769 3100 1959 3156 lucem
1994 3100 2107 3156 lar-

2222 3099 2499 3173 ἁψάμενος
2558 3100 2857 3179 ἀφοαλμῶν
2916 3103 2978 3159 τὸ
3045 3105 3292 3159 ποθεινὸν
3355 3105 3578 3168 τούτοις
3641 3105 3870 3182 χάρισαι

470 3194 612 3265 gire.
653 3193 784 3249 Haec
813 3209 929 3249 non
978 3191 1154 3248 nudis
1186 3190 1377 3248 solum
1410 3190 1642 3246 dicebat
1676 3189 1890 3258 verbis,
1922 3188 2024 3246 sed
2055 3192 2114 3244 et

470 3281 731 3337 moribus
761 3281 1166 3348 conﬁrmabat,
1191 3285 1249 3336 et
1282 3280 1542 3336 fontibus
1572 3282 1972 3350 lacrymarum.
2007 3277 2112 3333 Mi-

472 3375 662 3426 sertus
711 3385 846 3440 ergo
905 3379 1165 3438 sanctus,
1218 3373 1276 3424 et
1318 3371 1384 3424 ad
1443 3367 1614 3424 caelos
1672 3366 1978 3438 aspiciens,
2011 3366 2112 3437 qui

471 3461 598 3512 erat
651 3457 809 3513 caelis
865 3473 994 3514 vere
1037 3458 1297 3528 dignus:
1331 3456 1498 3525 Veni,
1559 3456 1766 3527 inquit,
1821 3471 1955 3511 vera
2012 3454 2110 3510 lux

471 3545 612 3601 Jesu
643 3545 890 3613 Christe,
922 3551 979 3602 et
1008 3547 1167 3617 aperi
1226 3546 1400 3617 hujus
1430 3545 1651 3602 oculos.
1703 3545 1916 3601 Deinde
1967 3560 2109 3600 con-

469 3651 690 3704 versus,
721 3652 859 3691 cum
910 3637 1039 3706 ejus
1081 3636 1356 3707 tetigisset
1386 3637 1584 3692 oculos
1621 3652 1633 3690 :
1665 3637 1724 3690 Si
1755 3650 1905 3702 vere,
1940 3635 2102 3701 dixit,

471 3725 531 3779 in
560 3724 854 3779 Christum
914 3723 1158 3778 credidit
1189 3724 1511 3795 Phrygella,
1545 3724 1735 3779 statim
1765 3723 1955 3779 visum
2009 3739 2103 3778 re-

467 3813 666 3884 cipiat.
727 3812 871 3867 Cum
905 3811 988 3867 sic
1017 3827 1152 3883 ergo
1185 3811 1446 3877 dixisset,
1476 3817 1533 3868 et
1587 3810 1777 3868 soluta
1832 3817 1922 3868 est
1977 3813 2105 3883 ipsa

465 3901 707 3967 orbitas,
764 3905 824 3957 et-
882 3901 1070 3973 patuit
1126 3916 1314 3956 veram
1387 3900 1563 3957 fuisse
1635 3901 1763 3970 ejus
1813 3901 1987 3955 fidem
2042 3901 2101 3957 in

465 3989 779 4045 Chrislum.
825 3989 998 4046 Visus
1029 3988 1182 4044 enim
1227 3987 1526 4044 oculorum
1573 3989 1829 4060 corporis
1878 3989 2101 4062 signiﬁ-

464 4078 634 4135 cabat
662 4078 1024 4135 illuminatos
1055 4095 1180 4135 esse
1215 4079 1423 4134 anima:
1453 4078 1674 4136 oculos.
1704 4079 1876 4136 Porro
1907 4084 2100 4135 autem

464 4167 698 4238 cognita
728 4171 816 4224 est
836 4168 1011 4224 etiam
1045 4167 1104 4223 in
1148 4168 1298 4224 dono
1330 4173 1515 4240 grata,
1549 4169 1750 4225 dicens
1783 4185 1797 4223 :
1832 4168 2096 4237 Domine,

466 4271 572 4326 ago
627 4256 732 4312 tibi
765 4257 1002 4326 gratias,
1058 4259 1214 4328 quod
1247 4257 1392 4312 mihi
1442 4257 1751 4328 dupliciter
1781 4259 1968 4313 lucem
2019 4257 2099 4313 sis

463 4344 724 4415 largitus.
784 4347 886 4401 His
941 4347 1094 4401 enim
1128 4347 1225 4416 qui
1278 4347 1548 4401 videntur
1604 4347 1786 4402 oculis
1817 4347 2093 4418 corporis,

462 4435 652 4490 cordis
682 4435 882 4490 oculos
935 4435 1106 4506 longe
1152 4435 1293 4488 mihi
1341 4437 1526 4505 magis
1575 4436 1898 4508 aperuisti;
1942 4439 2094 4492 unde

461 4523 635 4579 etiam
685 4522 829 4578 mihi
887 4523 1156 4578 convenit
1205 4523 1416 4590 dicere,
1474 4540 1597 4594 quae
1661 4529 1800 4580 tuus
1856 4526 2033 4582 David
2078 4543 2092 4583 :

458 4634 487 4663 «
519 4611 801 4667 Liberasti
833 4611 1033 4668 oculos
1065 4627 1228 4667 meos
1261 4628 1295 4666 a
1325 4610 1618 4683 lacrymis,
1649 4617 1707 4669 et
1735 4615 1909 4684 pedes
1938 4631 2096 4672 meos

461 4717 495 4758 a
523 4700 690 4773 lapsu
719 4700 764 4756 ³.
797 4722 825 4751 ››
860 4701 998 4757 Vere
1029 4701 1181 4756 enim
1213 4717 1342 4756 sum
1374 4699 1618 4757 liberata
1649 4702 1720 4758 ab
1755 4704 2092 4774 offensione,

460 4805 646 4861 neque
676 4805 915 4862 gressus
946 4789 1152 4845 animae
1194 4795 1332 4846 sunt
1364 4790 1615 4847 minores
1643 4792 1937 4862 gressibus
1967 4811 2092 4850 cor-

457 4878 637 4948 poris.
699 4877 845 4935 llinc
871 4878 1197 4935 vehementi
1239 4883 1408 4951 capta
1466 4895 1661 4936 amore
1691 4880 1904 4936 Christi
1959 4899 2092 4939 cum

456 4969 632 5022 totam
687 4981 747 5022 se
795 4967 1137 5024 contulisset
1172 4969 1242 5024 ad
1301 4969 1583 5025 ervanda
1639 4970 1768 5040 ejus
1799 4971 2090 5044 mandata,

454 5053 618 5125 Ecce,
669 5055 883 5128 inquit,
933 5057 1121 5127 Pater,
1153 5057 1221 5112 ad
1273 5065 1538 5114 sanctum
1587 5058 1893 5130 sepiciens,
1943 5077 2088 5132 pras-

452 5143 722 5198 sentibus
769 5143 862 5199 his
912 5146 1110 5201 multis
1163 5147 1426 5213 testibus,
1469 5146 1780 5204 dimidium
1831 5165 2088 5207 mearum

451 5231 796 5287 facultatum
824 5233 926 5288 tibi
957 5234 1282 5301 committo,
1316 5243 1375 5290 ut
1412 5237 1728 5293 distribuas
1777 5237 2087 5308 indigenti-

452 5317 581 5374 bus.
616 5321 752 5384 Quaa
782 5337 917 5393 ergo
947 5322 1413 5381 circumsistebat
1443 5324 1776 5392 multitudo,
1801 5326 2085 5382 admirata

448 5419 662 5464 novum
699 5410 804 5465 hoc
852 5411 1220 5482 miraculum,
1253 5413 1378 5485 ipsa
1423 5429 1652 5484 quoque
1697 5413 2081 5470 exclamavit:

517 5572 538 5608 ³
567 5576 721 5634 Psal.
756 5595 901 5652 σειν,
926 5581 981 5633 8.

2226 3193 2362 3266 φῶς.
2409 3193 2589 3246 Ταῦτα
2649 3190 2710 3244 οὐ
2760 3189 2951 3266 λόγοις
2992 3190 3154 3263 μόνον
3206 3193 3402 3270 ἐφώνει
3460 3191 3670 3268 ψιλοῖς,
3719 3191 3872 3248 ἀλλὰ

2221 3279 2310 3333 καὶ
2376 3283 2456 3351 τῷ
2519 3276 2639 3345 ⁴ἤθει
2695 3277 2784 3331 καὶ
2839 3282 2953 3339 τοῖς
3004 3282 3112 3333 τῶν
3174 3277 3424 3353 δακρύων
3484 3287 3686 3357 πηγαῖς
3746 3281 3864 3336 ἐπι-

2223 3371 2435 3421 στοῦτο·
2495 3365 2918 3441 σπλαγχνισθεὶς
2978 3364 3071 3420 οὖν
3141 3369 3167 3422 ὁ
3225 3365 3382 3444 ἅγιος
3432 3369 3521 3424 καὶ
3583 3369 3661 3431 εἰς
3694 3369 3865 3444 οὐρα-

2218 3454 2340 3517 »οὺς
2403 3453 2552 3527 ἰδὼν,
2611 3456 2639 3511 ὁ
2694 3458 2801 3510 τῶν
2859 3456 3101 3529 οὐρανῶν
3173 3453 3341 3512 ὅντως
3420 3459 3588 3529 ἄξιος,
3659 3462 3721 3516 ’E
3781 3461 3863 3531 οὶ.

2216 3544 2279 3599 τὸ
2329 3544 2608 3614 ἀληθινὸν,
2643 3543 2766 3620 ἔφη,
2824 3550 2964 3623 σῶς,
3019 3545 3200 3617 Ἰησοῦ
3259 3547 3475 3621 Χριστὶ,
3505 3548 3596 3603 καὶ
3651 3545 3859 3604 διάνοι-

2218 3636 2303 3706 ξον
2353 3633 2554 3704 ταύτης
2611 3635 2738 3696 τοὺς
2798 3633 3134 3714 ὀφθαλμοὺς
3179 3636 3312 3693 Εἶτα
3367 3634 3712 3716 ἐπιστραφεὶς
3761 3640 3856 3693 καὶ

2214 3727 2323 3777 τῶν
2377 3723 2641 3795 ὀμμάτων
2697 3722 2862 3789 αὐτῆς
2919 3723 3234 3796 ἁψάμενος·
3270 3725 3335 3780 Εἰ
3385 3725 3627 3796 ἀληθῶς,
3679 3727 3852 3791 εἶπεν,

2215 3810 2290 3872 εἷς
2332 3810 2563 3885 Χριστὸν
2623 3810 2899 3866 ἐπίστευσε
2958 3811 3268 3888 Φρύγελλα,
3326 3821 3668 3890 παραχρῆμα
3722 3817 3853 3871 ἀνα-

2213 3895 2491 3972 ϐλεψατω.
2551 3898 2740 3960 Οὕτως
2798 3899 3064 3971 εἰπόντος,
3189 3923 3248 3956 τε
3303 3905 3552 3977 πήρωσις
3594 3905 3731 3978 αὐτῇ
3765 3903 3850 3958 δι-

2212 3986 2418 4056 ελυετο,
2468 3988 2554 4042 καὶ
2615 3990 2650 4056 ἡ
2684 3989 2817 4064 πρὸς
2877 3990 3114 4064 Χριστὸν
3170 3992 3352 4055 πίστις
3407 3990 3621 4063 ἀληθὴς
3705 3990 3848 4048 ἐδεί-

2208 4097 2389 4131 κνυτο.
2448 4077 2513 4131 Ἡ
2551 4075 2655 4152 γὰρ
2716 4082 2822 4131 τῶν
2880 4080 3207 4150 σωματικῶν
3265 4080 3560 4156 ὀφθαλμῶν
3629 4077 3851 4136 ἀνάϐλε-

2209 4167 2321 4239 ψις,
2376 4171 2474 4234 τῆς
2525 4167 2711 4239 ψυχῆς
2769 4162 2969 4236 ἐδήλου
3045 4167 3376 4245 πεφωτίσθαι
3459 4170 3582 4230 τοὺς
3640 4169 3844 4244 ὀφθαλη

2213 4253 2372 4328 μούς.
2440 4253 2662 4328 Ἀμέλει
2729 4256 2820 4309 καὶ
2903 4255 3198 4332 εὐγνώμων
3277 4259 3399 4332 περὶ
3465 4259 3563 4326 τὴν
3640 4255 3849 4332 δωρεάν

2206 4343 2550 4420 έγνωρίζετο,
2613 4345 2936 4420 Εὐχαριστῶ
2994 4366 3100 4415 σοι,
3182 4346 3366 4422 Κύριε,
3450 4346 3702 4421 λέγουσα,
3760 4347 3850 4402 ’ὁτι

2213 4454 2306 4505 μοι
2365 4430 2536 4506 διπλῇ
2589 4435 2651 4488 τὸ
2711 4438 2824 4506 φῶς
2883 4431 3143 4508 ἐχαρίσωο
3201 4440 3307 4490 τῶν
3373 4435 3475 4510 γὰρ
3552 4437 3847 4510 ὁρωμένων

2208 4523 2417 4608 τούτέυν
2448 4528 2547 4590 τοῆ
2591 4522 2844 4608 σῴματος
2897 4521 3217 4598 ὀφθαλμῶν,
3261 4523 3460 4595 πολλῷ
3507 4522 3674 4580 πλέον
3713 4525 3843 4597 tuo?

2203 4606 2350 4674 τοὺς
2385 4617 2484 4680 τῆς
2521 4606 2746 4683 καρδίας
2809 4607 3102 4679 διήνοιξας.
3146 4615 3303 4677 Ὅθεν
3350 4633 3443 4686 μοι
3491 4614 3583 4668 καὶ
3632 4616 3843 4686 προσή-

2204 4720 2285 4755 κει
2329 4701 2395 4755 τὰ
2449 4702 2545 4752 τοῦ
2604 4697 2769 4752 Δαυὶδ
2801 4701 2900 4752 τοῦ
2947 4703 3042 4754 σοῦ
3091 4701 3425 4777 φθέγγεσθαι·
3469 4701 3839 4778 ὅτι,²Ερῥύσω

2202 4790 2329 4851 τοὺς
2361 4785 2678 4864 ὀφθαλμοὺς
2715 4807 2819 4860 μου
2870 4786 2978 4842 ἀπὸ
3035 4785 3303 4859 δακρύων,
3363 4789 3453 4845 καὶ
3499 4791 3626 4853 τοὺς
3666 4789 3837 4854 ποδας

2206 4899 2309 4952 μου
2366 4876 2471 4930 ἀπὸ
2530 4872 2948 4949 ὀλισθήματος·
3008 4875 3269 4952 ἐῤῥύσθην
3317 4878 3419 4955 γὰρ
3465 4877 3688 4950 ἀληθῶς
3741 4883 3840 4935 τοῦ

2199 4967 2557 5041 προσκόπτειν
2619 4963 2772 5021 οὐδὲν
2827 4969 2988 5035 ἧττον
3043 4971 3149 5022 τῶν
3211 4974 3556 5042 σωματικῶν,
3615 4971 3703 5025 καὶ
3771 4973 3842 5025 τα

2196 5061 2297 5124 τῆς
2351 5058 2534 5129 ψυχῆς
2595 5050 2930 5128 διαϐήματα.
2993 5057 3264 5120 Ἐντεῦθεν
3320 5057 3410 5112 καὶ
3497 5062 3684 5132 θερμῷ
3756 5064 3838 5132 τῷ

2197 5143 2273 5203 είς
2327 5143 2564 5218 Χριστὸν
2625 5142 2786 5218 ἔρωτι
2845 5142 3136 5219 ληφθεῖσα,
3183 5147 3273 5200 καὶ
3326 5145 3430 5212 ὅλη
3457 5151 3565 5201 τῶν
3599 5145 3840 5204 ἐντολῶν

2195 5232 2357 5288 αὐτοῦ
2421 5235 2709 5308 γενομένη.
2769 5231 2931 5303 Ἰδοὺ,
2993 5236 3147 5306 φησί,
3192 5237 3392 5312 Ηάτερ,
3452 5236 3527 5296 εἷς
3564 5238 3654 5292 τὸν
3686 5238 3841 5312 ἅγιον

2195 5318 2568 5398 ἀποϐλέψασα,
2629 5322 2920 5398 συντίθημί
2980 5346 3066 5380 σοι
3115 5326 3217 5380 ὑπὸ
3290 5325 3531 5388 πολλοῖς
3607 5329 3840 5403 μάρτυσι

2189 5412 2404 5474 τούτοις
2451 5413 2515 5468 τὸ
2557 5413 2730 5487 ἥμισυ
2777 5420 2875 5484 τῆς
2921 5413 3104 5477 οὐσίας
3155 5412 3430 5472 διαδοῦναι
3493 5421 3613 5478 τοῖς
3676 5414 3846 5474 ένδεέ-
