4128 6274
257 291 409 353 1225

1645 290 1827 352 Vl'l‘A
1873 288 1932 350 S.
1979 289 2312 351 ABEBCII.

3492 295 3646 354 1226

254 473 362 510 σιν.
417 453 474 504 '0
529 449 708 508 τοίνυν
764 450 1138 525 περιεστηκὼς
1196 447 1371 526 ὄχλος
1429 452 1490 507 τὸ
1557 453 1738 506 καινὸν
1800 455 1896 506 τοῦ

2012 453 2256 526 Magnus
2295 471 2380 525 es,
2428 454 2582 512 Deus
2625 452 3107 531 Christianorum,
3162 477 3298 518 nam
3341 461 3381 517 ii
3413 479 3647 536 quoque

256 540 532 614 θαύματος
592 538 972 616 ἐκπλαγέντες,
1025 540 1200 616 Μέγας
1253 541 1325 608 εἴ,
1378 540 1469 596 καὶ
1519 541 1692 611 οὗτοι,
1727 542 1753 595 ὁ
1791 545 1900 596 τῶν

257 630 591 704 Χριστιανῶν
660 628 814 696 Θεὸς,
885 623 1206 698 ἀνεϐόησαν,
1274 627 1390 683 ἐπεὶ
1467 629 1556 683 καὶ
1645 627 1898 703 μεγάλων

256 719 423 778 δντως
464 715 804 772 ἀπολαύουσι
851 720 959 772 τῶν
1007 716 1248 792 χαρίτων
1283 719 1335 772 οἱ
1379 717 1441 771 τὸ
1487 719 1577 771 σὸν
1607 715 1901 772 ἐπικαλού-

256 827 408 880 μενοι
457 802 650 879 ὅνομα.
685 808 771 862 Ἐν
815 805 994 877 τούτῳ
1030 802 1086 860 δὲ
1137 807 1165 860 6
1199 808 1341 866 θεῖος
1382 801 1689 880 Ἀϐέρκιος.
1736 805 1899 876 Ἰδοὺ,

250 898 425 971 γύναι,
480 895 662 974 φησὶν,
723 894 894 969 ἔγνως
954 895 1102 957 ὅπως
1146 895 1174 949 ὁ
1231 896 1361 968 έμὸς
1416 902 1692 966 Δεσπτοης
1743 893 1900 968 ἄμιί-

254 980 401 1040 ϐεται
461 982 772 1057 φιλοτίμως
837 983 965 1044 τοὺς
1017 980 1336 1052 ἐλπίζοντας
1394 981 1476 1038 ἔπ’
1551 983 1730 1038 αὐτόν’
1792 988 1897 1037 Πο-

251 1075 408 1150 ρεύου
461 1072 753 1148 τοιγαροῦν
805 1071 880 1132 εἷς
927 1070 1172 1146 είρήνην,
1225 1072 1389 1146 ἑαυτῇ
1442 1092 1499 1127 τε
1529 1072 1896 1146 προσέχουσα,

248 1162 479 1234 κάκείνῳ
536 1164 916 1236 προσήκουσαν
983 1163 1084 1232 τὴν
1141 1159 1488 1236 εὐχαριστίαν
1545 1158 1897 1230 ἀποδιδοῦσα,

249 1255 432 1310 Ταῦτα
499 1252 527 1305 6
598 1253 692 1324 μὲν
758 1249 960 1324 ἔλεγεν
1028 1252 1062 1319 ἠ
1128 1247 1186 1304 δὲ
1250 1250 1387 1324 πρὸς
1463 1249 1556 1322 μὲν
1624 1251 1685 1305 τὸ
1728 1250 1900 1323 παρὸν

247 1339 526 1398 ἂσίστατο·
588 1340 752 1394 πάλιν
811 1337 868 1394 δὲ
925 1339 1290 1415 ἐπανήρχετο,
1331 1339 1420 1393 καὶ
1482 1339 1618 1393 κατὰ
1656 1336 1798 1393 πολὺ
1840 1339 1901 1392 τὸ

2012 543 2237 612 magnis
2285 560 2415 600 vere
2475 546 2747 602 fruuntur
2791 549 3010 618 gratiis,
3065 551 3165 621 qui
3222 555 3385 607 tuum
3432 570 3644 609 nomen

2011 631 2304 690 invocant.
2346 632 2508 689 Tunc
2576 643 2765 690 autem
2823 637 3052 694 divinus
3108 640 3436 696 Abercius:
3482 643 3643 711 Ecce,

2010 722 2222 793 inquit,
2283 723 2512 794 mulier,
2573 725 2911 796 cognovisti,
2971 744 3148 799 quam
3202 728 3514 785 liberaliter
3579 750 3644 788 ac

2011 811 2282 866 munifice
2338 811 2622 868 Dominus
2683 829 2848 869 meus
2898 830 2993 871 eos
3059 822 3486 884 remuneratur,
3545 820 3643 890 qui

2009 904 2246 971 sperant
2275 901 2334 956 in
2367 900 2581 972 ipsum.
2615 903 2770 958 Vade
2802 919 2937 976 ergo
2970 905 3028 959 in
3052 921 3212 975 pace,
3246 906 3351 960 tibi
3381 906 3644 964 animum

2009 987 2313 1056 adhibens,
2354 994 2410 1044 et
2454 989 2540 1044 illi
2571 1007 2746 1060 agens
2785 1007 2902 1058 eas,
2937 1008 3076 1063 quas
3112 1011 3216 1065 par
3244 997 3352 1059 est,
3404 995 3640 1066 gratias.

2008 1077 2137 1132 Haec
2167 1077 2264 1134 ille
2316 1094 2447 1133 cum
2483 1079 2741 1146 dixisset,
2795 1081 3101 1153 Pbrygella
3138 1083 3379 1138 recessit
3405 1084 3642 1154 quidem

2008 1166 2066 1220 in
2098 1167 2409 1237 praesentia
2443 1185 2456 1222 :
2507 1185 2711 1223 rursus
2758 1174 2956 1225 autem
2997 1171 3194 1240 rediit,
3234 1175 3291 1226 et
3320 1186 3451 1227 eum
3483 1171 3646 1228 valde

2009 1252 2195 1310 colere
2217 1257 2617 1325 perseveravit.
2641 1259 2829 1329 Atque
2861 1274 3062 1314 rursus
3085 1259 3317 1328 quidem
3336 1275 3645 1331 aggressus

2008 1347 2098 1398 est
2131 1343 2411 1399 Abercius
2441 1349 2776 1401 consuetam
2810 1346 3154 1403 doctrinam.

250 1424 410 1491 σέϐας
465 1429 630 1482 αὐτοῦ
701 1427 906 1501 εἴχετο,
965 1427 1055 1482 καὶ
1115 1425 1370 1500 οίιδαμῶς
1433 1427 1496 1482 τὸ
1549 1426 1682 1499 μετά
1729 1431 1898 1482 ταῦτα
1956 1426 2218 1500 διίστατο,
2273 1427 2475 1499 ἥπτετο
2539 1433 2631 1505 μὲν
2705 1431 2817 1488 οὖν’
2867 1428 3149 1509 ’Δϐέρκιος
3196 1437 3349 1499 αὖθις
3392 1443 3491 1506 τῆς
3551 1458 3644 1492 συ·-

247 1520 448 1590 νήθους
481 1516 856 1580 διδασκαλίας.

319 1613 422 1667 ΙΑ’.
484 1612 592 1663 Τοῦ
651 1605 708 1662 δὲ
771 1608 907 1662 κατὰ
959 1609 1060 1677 τήν
1123 1605 1447 1683 Φρύγελλαν
1497 1608 1773 1680 θαύματος
1823 1607 1897 1668 εἰς

247 1696 436 1753 πολλὰ
500 1702 600 1766 τῆς
665 1703 767 1772 γῆς
845 1699 982 1771 μέρη
1065 1693 1430 1767 διαδοθέντος,
1499 1696 1896 1771 προσέρχονται

245 1787 395 1858 αὐτῷ
451 1780 804 1860 πρεσϐύτιδες
861 1789 1027 1860 τρεῖς,
1059 1785 1156 1847 τὰς
1190 1785 1342 1856 ὄψεις
1399 1783 1490 1838 καὶ
1532 1785 1686 1838 αὗται
1716 1805 1897 1854 πεπη-

2079 1611 2168 1666 XI.
2219 1612 2360 1668 Cum
2412 1621 2602 1670 autem
2653 1617 2805 1687 quod
2835 1617 2894 1673 in
2942 1617 3247 1691 Pbrygella
3290 1620 3500 1675 factum
3534 1620 3644 1674 fuit

2011 1699 2380 1768 miraculum,
2439 1703 2498 1758 in
2553 1703 2768 1760 multas
2814 1709 2976 1761 terrae
3021 1711 3215 1778 partes
3271 1707 3640 1778 pervasisset,

2006 1791 2291 1846 accedunt
2347 1794 2416 1846 ad
2466 1808 2599 1848 eum
2632 1798 2748 1848 tres
2780 1794 3006 1862 vetulae,
3037 1813 3163 1867 quas
3222 1796 3357 1867 ipsae
3413 1813 3640 1867 quoque

247 1859 504 1948 ρωμέναιέ
565 1859 922 1946 Πιστεύομεν,
989 1873 1266 1947 λέγουσαι,
1327 1894 1418 1928 και
1475 1876 1637 1946 ἡμεῖς
1698 1872 1772 1934 είς
1802 1872 1894 1927 τὸν

2012 1883 2168 1935 erant
2207 1879 2418 1936 orbatae
2476 1881 2684 1948 oculis,
2717 1882 3014 1940 dicentes:
3059 1884 3176 1938 Nos
3233 1885 3408 1940 etiam
3450 1886 3638 1941 credi—

249 1965 351 2018 ὑπὸ
384 1967 480 2018 σοῦ
535 1962 936 2036 κηρυττόμενον
976 1963 1210 2033 Ἰησοῦν·
1255 1965 1478 2040 φανήτω
1536 1966 1826 2037 τοιγαροῦν
1859 1964 1893 2032 ἡ

246 2051 628 2128 εὐσπλαγχνία
669 2049 831 2106 τοῦδε
880 2052 970 2106 καὶ
1010 2051 1089 2128 ἐφ’
1120 2053 1290 2124 ἡμᾶς,
1333 2051 1421 2106 καὶ
1454 2048 1647 2124 δεῖξον,
1689 2053 1733 2104 ὦ
1765 2062 1894 2114 θαυ-

259 2143 441 2214 μάσιε,
481 2142 752 2214 καὶἡμῖν,
786 2140 965 2214 ὥσπερ
1008 2142 1109 2215 ἄρα
1157 2140 1248 2195 καὶ
1281 2139 1601 2216 Φρυγέλλῃ,
1640 2141 1702 2194 τὸ
1760 2145 1892 2217 φῶς·

253 2232 310 2287 Ὁ
343 2228 420 2300 δὲ,
452 2229 516 2286 Εἰ
566 2231 601 2296 ἡ
669 2229 848 2292 πίστις
902 2230 1054 2302 ὑμῶν
1114 2229 1250 2305 πρὸς
1279 2231 1370 2283 τὸν
1404 2229 1582 2299 ἀληθῆ
1617 2229 1715 2283 Θὸν
1753 2228 1896 2297 ἀλη-

258 2323 358 2391 θής
407 2318 572 2389 ἐστιν,
605 2318 679 2381 ὥς
719 2340 873 2396 φατε,
903 2323 1020 2379 τοῖς
1072 2323 1295 2388 νοητοῖς
1344 2318 1505 2372 αὐτὸν
1535 2319 1636 2387 τῆς
1675 2315 1897 2393 καρδίας

258 2409 448 2482 δῴεσθι
479 2406 808 2485 ὀφθαλμοῖς.
853 2407 1035 2465 Ταῦτά
1062 2429 1121 2462 τε
1151 2405 1354 2480 εἷ’ρηκε,
1391 2407 1480 2460 καὶ
1523 2411 1649 2471 τοῦς
1701 2405 1901 2485 ὀφθαλ-

258 2498 393 2573 μοὺς
449 2498 746 2560 ἀνατείνας’
802 2498 964 2571 Κύριε
1021 2499 1202 2568 Ἰησοῦ
1263 2495 1482 2571 Χριστέ,
1540 2494 1732 2568 δέομαί
1780 2517 1898 2566 σου,

255 2584 381 2664 ἔφη,
440 2585 700 2644 ίδέτωσαν
759 2589 847 2644 καὶ
901 2589 1054 2643 αὗται
1112 2589 1174 2642 τὸ
1220 2591 1334 2666 φῶς
1381 2592 1481 2656 τῆς
1532 2593 1628 2656 σῆς
1674 2584 1900 2661 ἐπιγνώ-

257 2698 410 2747 σεως,
479 2678 566 2732 καὶ
620 2684 720 2746 τῆς
775 2675 1120 2750 ἐπικειμένης
1184 2676 1372 2738 αὐταῖς
1420 2674 1630 2750 ἀχλύος
1689 2676 1897 2750 ἀνενεγ-

257 2769 472 2835 κοῦσαι,
534 2761 1000 2838 διαϐλεψάτωσαν,
1063 2765 1323 2833 Δέσποτα,
1399 2764 1536 2836 πρὸς
1618 2764 1712 2823 τὰς
1805 2765 1898 2824 σάς

256 2862 357 2924 τῆς
416 2853 674 2924 ἀληθείας
737 2854 925 2928 αὐγάς,
985 2854 1172 2914 Οὕτως
1212 2849 1433 2921 ηὔξατο,
1489 2852 1581 2904 καὶ
1641 2849 1757 2905 ἰδοὺ
1807 2853 1898 2905 τὸν

260 2943 426 2998 τόπον
473 2936 596 2997 ἔνθα
652 2939 719 3010 δὴ
781 2943 866 2995 καὶ
909 2941 1245 3011 εἱστήκεσαν,
1281 2943 1396 3012 φῶς
1456 2940 1656 2992 ἄνωθεν
1716 2940 1904 3013 περιή-

263 3051 495 3101 στραπτε
556 3029 712 3104 μέγα,
770 3030 861 3083 καὶ
904 3029 1106 3090 πάντας
1161 3028 1278 3102 εἶχε
1317 3028 1574 3088 πεσόντας
1625 3029 1659 3096 ἡ
1700 3034 1792 3101 γῆ,
1823 3031 1902 3098 τῷ

259 3119 550 3196 παραδόξῳ
593 3127 693 3189 τῆς
751 3119 871 3182 θέας
935 3118 1397 3193 καταπλαγέντας’
1446 3118 1508 3173 τὸ
1549 3116 1606 3172 δὲ
1650 3121 1764 3196 φῶς
1796 3116 1900 3192 οὐχ

2008 1985 2141 2024 mus
2171 1969 2229 2024 in
2249 1971 2469 2038 Jesum,
2505 1971 2602 2043 qui
2635 1987 2669 2026 θ.
2709 1977 2761 2027 te
2791 1973 3152 2044 praedicatur.
3194 1977 3479 2045 Appareat
3505 1990 3638 2045 ergo

2006 2057 2068 2112 in
2101 2074 2207 2114 nos
2248 2074 2478 2130 quoque
2516 2061 2643 2130 ejus
2691 2060 3020 2126 clementia,
3052 2066 3109 2116 et
3149 2063 3317 2118 nobis
3375 2062 3580 2129 lucem,
3606 2079 3639 2118 ο

2009 2146 2094 2202 vir
2115 2147 2752 2215 admirande,ostende,
2778 2149 3280 2222 sicutPhrygellaa.
3300 2149 3399 2205 Ille
3422 2155 3638 2217 autem,

2010 2235 2070 2289 Si
2103 2232 2243 2288 ﬁdes
2286 2239 2491 2302 vestra,
2523 2235 2736 2306 inquit,
2769 2252 2902 2291 vera
2931 2244 3015 2291 est
3062 2237 3120 2292 in
3181 2253 3372 2293 verum
3433 2245 3639 2306 Deum,

2011 2322 2161 2376 sicut
2209 2321 2422 2389 dicitis,
2455 2339 2588 2378 eum
2627 2323 2896 2380 videbitis
2935 2326 3126 2380 cordis
3157 2325 3358 2392 oculis,
3395 2327 3494 2397 qui
3543 2344 3643 2382 ca-

2012 2411 2156 2465 dunt
2186 2411 2294 2466 sub
2340 2411 2802 2482 intelligentiam.
2837 2413 2966 2468 Haec
3017 2413 3180 2482 dixit,
3227 2418 3282 2468 et
3328 2430 3462 2470 cum
3513 2432 3641 2470 sus-

2010 2499 2246 2555 tulisset
2302 2498 2552 2556 oculos:
2614 2501 2851 2556 Domine
2924 2503 3062 2557 Jesu
3122 2502 3367 2568 Christe,
3435 2503 3640 2575 inquit,

2010 2603 2147 2659 rogo
2179 2592 2256 2654 te,
2315 2587 2548 2642 videant
2593 2587 2730 2659 ipsae
2783 2605 3014 2660 quoque
3068 2589 3259 2645 lucem
3319 2594 3430 2645 tua:
3479 2591 3648 2662 agni-

2013 2676 2189 2732 tionis
2223 2691 2236 2729 :
2271 2680 2329 2731 et
2358 2677 2430 2731 ab
2469 2692 2555 2744 ea,
2591 2693 2714 2747 qua
2766 2682 2850 2732 est
2888 2679 2971 2732 eis
3010 2679 3212 2746 offusa,
3253 2677 3508 2734 liberate
3551 2696 3649 2735 ca-

2011 2764 2212 2834 ligine,
2264 2765 2569 2834 aspiciant,
2610 2766 2876 2833 Domine,
2923 2766 3116 2822 radios
3181 2771 3292 2822 tuae
3359 2768 3642 2823 veritatis.

2012 2852 2105 2906 Sic
2137 2855 2223 2905 est
2273 2857 2536 2922 precatus
2570 2869 2582 2906 :
2619 2858 2675 2907 et
2723 2869 2855 2909 ecce
2881 2854 3096 2922 locum,
3128 2855 3186 2908 in
3246 2871 3356 2925 quo
3386 2859 3643 2927 stabant,

2011 2955 2218 3008 magna
2248 2938 2343 2993 lux
2375 2939 2758 2994 circumfulsit
2787 2941 3037 3012 desuper
3068 2959 3081 2996 :
3116 2947 3171 2996 et
3201 2959 3401 2998 omnes
3433 2945 3490 2998 in
3531 2950 3644 2999 ter-

2011 3043 2130 3083 ram
2153 3029 2482 3084 ceciderunt
2504 3029 2887 3101 obstupefacti
2909 3032 3239 3102 spectaculo
3257 3034 3410 3103 quod
3443 3038 3646 3104 praeter

2009 3117 2345 3187 opinionem
2394 3123 2680 3174 evenerat.
2721 3120 2846 3174 Non
2895 3124 3017 3175 erat
3049 3126 3242 3176 autem
3274 3121 3394 3189 lux,
3440 3125 3645 3193 cujus-

263 3191 376 3265 οἷον
407 3209 457 3280 ἐξ
517 3191 682 3278 ἦΛίου
748 3208 838 3262 καὶ
898 3191 1456 3283 ἀστραπῆς-ἔρχεται,
1521 3191 1672 3262 ἄλλα
1716 3191 1897 3260 καινὸν

2012 3206 2163 3260 modi
2220 3222 2287 3261 ea
2345 3212 2450 3271 est,
2485 3223 2612 3277 qua
2662 3207 2817 3262 venit
2869 3223 2936 3262 ex
2993 3210 3114 3263 sole
3153 3215 3210 3263 et
3250 3191 3639 3282 fulgure,7sed

261 3297 451 3358 ἄλλως
509 3298 598 3352 καὶ
659 3297 850 3372 φρικὸν
917 3296 1007 3350 καὶ
1063 3297 1342 3367 ἀσύνηθες.
1394 3298 1640 3353 Ἵσταντο
1723 3294 1899 3350 τοίνυν

262 3389 498 3449 ἀκλινεῖς
553 3388 733 3456 αὗται,
793 3386 1008 3441 πάντων
1067 3391 1146 3458 τῷ
1203 3383 1384 3460 ἐδάφει
1470 3386 1902 3451 καταπεσόντων,

260 3476 442 3530 καὶτὸ
498 3475 652 3553 φανὲν
713 3473 887 3530 έκεῖνο
947 3478 1062 3554 φῶς
1122 3472 1442 3543 πολὺ,ταῖς
1497 3474 1651 3546 ὂψεσι
1701 3475 1904 3527 τούτων

261 3564 696 3640 ἐγκατασκῆψαν,
763 3559 1061 3636 ἀναϐλέψαι
1118 3583 1175 3616 τε
1234 3561 1396 3625 αὐτὰς
1450 3563 1674 3631 ἐποίησε
1730 3582 1902 3636 παρα-

264 3661 480 3729 χρῆμα,
512 3655 600 3708 καὶ
631 3655 692 3707 τὸ
723 3651 956 3721 ἡλιακὸν
975 3656 1136 3706 τοῦτο
1168 3656 1282 3726 φῶς
1318 3652 1379 3705 τὸ
1411 3649 1586 3725 γλυκὺ
1617 3651 1706 3704 καὶ
1738 3650 1900 3726 φίλον

263 3743 571 3817 ἀνθρώποις
632 3738 786 3796 ἰδεῖν.
843 3745 897 3794 'O
943 3738 1000 3794 δέ
1049 3741 1124 3801 ὡς
1155 3740 1330 3801 οὕτως
1371 3740 1536 3815 ὑγιῶς
1571 3744 1675 3793 τῶν
1726 3739 1905 3812 ὀμμά-

261 3852 368 3885 των
437 3830 667 3904 ἐχούσας
727 3827 856 3884 εἶδε·
920 3827 989 3886 Τί
1038 3827 1140 3900 ἄρα
1186 3829 1247 3883 τὸ
1306 3829 1462 3906 φανὲν
1523 3829 1671 3901 ὑμῖν,
1715 3826 1903 3902 ἤρετο,

263 3920 353 3974 καὶ
391 3919 445 3972 τί
476 3922 692 3992 πρῶτον
725 3913 1083 3991 διαϐλέψασαι
1126 3915 1330 3986 εἷ’δετες
1361 3919 1420 3974 ἹΙ
1473 3917 1568 3990 μὶν
1618 3917 1728 3985 οὗν,
1764 3922 1904 3991 Πρε-

267 4004 491 4077 σϐύτην,
545 4001 668 4085 ἔφη,
699 4006 761 4061 τὸ
820 4003 987 4076 εἶδος,
1047 4007 1280 4081 ἄρῥητον
1331 4007 1430 4075 τήν
1461 4003 1627 4080 ὥραν,
1658 4003 1899 4084 φαιδρόν·

265 4099 299 4164 ἡ
334 4093 412 4164 δὲ,
469 4094 764 4156 Νεανίσκος
825 4091 978 4172 ὢφθη
1035 4115 1148 4161 μοι·
1193 4097 1228 4164 ἡ
1290 4091 1346 4148 δὲ
1403 4096 1576 4166 ἑτέρα,
1611 4092 1901 4168 Ηαιδάριον

266 4181 496 4257 κομιδῆ,
540 4185 724 4254 φησὶν,
774 4180 954 4257 ἣψατό
1001 4205 1105 4257 μου
1167 4187 1274 4238 τῶν
1327 4183 1644 4258 ὀφθαλμῶν.
1687 4182 1904 4236 Τούτων

269 4271 500 4332 ἀκούσας
570 4266 874 4344 ’Λϐέρκιος,
930 4271 1019 4324 καὶ
1066 4274 1145 4340 τῷ
1207 4274 1317 4323 τῶν
1376 4269 1690 4340 Θαυμασίων
1739 4266 1903 4340 χάριν

270 4357 621 4433 ὁμολογήσας
655 4364 791 4430 Θεῷ,
820 4357 1033 4413 διέλυσε
1061 4361 1160 4427 τὴν
1193 4354 1566 4411 διδασκαλίαν.

338 4449 446 4504 ΙΒ’.
481 4448 574 4503 Ἐκ
631 4444 688 4501 δὲ
734 4451 840 4501 τῶν
896 4446 1178 4520 παρόντων
1228 4445 1356 4508 τούς
1427 4447 1674 4516 συνήθεις
1741 4464 1906 4520 παρα-

2010 3311 2158 3350 nova
2189 3310 2448 3364 prorsus,
2480 3302 2534 3349 et
2583 3295 2894 3366 stupenda,
2936 3300 2994 3350 et
3049 3296 3296 3354 insueta.
3358 3299 3450 3354 Eae
3506 3315 3640 3371 ergo

2011 3383 2242 3440 stabant
2265 3383 2547 3450 immotis,
2581 3399 2716 3439 cum
2746 3399 2946 3440 omnes
2969 3384 3136 3440 humi
3167 3386 3554 3444 cecidissent:
3588 3393 3644 3444 et

2009 3473 2109 3528 lux
2139 3473 2260 3540 illa,
2294 3490 2422 3544 quas
2453 3473 2741 3545 apparuit,
2775 3489 2906 3529 cum
2935 3475 3102 3532 valde
3122 3474 3181 3529 in
3212 3491 3411 3531 eorum
3443 3477 3641 3534 oculos

2008 3561 2391 3630 incubuisset,
2441 3578 2540 3617 eas
2578 3561 2770 3617 statim
2821 3562 2958 3618 fecit
2987 3564 3204 3634 videre,
3235 3568 3292 3619 et
3337 3566 3483 3621 hanc
3510 3582 3641 3623 sua-

2009 3667 2137 3708 vem
2181 3655 2237 3707 et
2294 3651 2634 3706 hominibus
2689 3656 2913 3722 gratam
2964 3652 3104 3709 solis
3162 3654 3351 3710 lucem
3407 3655 3640 3712 intueri.

2010 3739 2109 3795 Ille
2142 3744 2334 3794 autem
2353 3755 2484 3794 cum
2508 3745 2627 3794 tam
2652 3740 2810 3796 sanis
2847 3757 2944 3796 eas
2974 3742 3219 3797 vidisset
3241 3742 3459 3798 oculis:
3495 3744 3642 3808 Quid

2009 3837 2114 3898 est,
2147 3829 2386 3899 rogavit,
2421 3829 2569 3900 quod
2601 3829 2762 3884 vobis
2797 3830 3080 3900 apparuit,
3113 3835 3169 3886 et
3201 3832 3341 3902 quid
3390 3832 3638 3901 vidistis,

2008 3934 2139 3974 cum
2188 3919 2445 3988 primum
2486 3917 2793 3990 aspexistis
2817 3918 2844 3973 ?
2877 3919 2999 3974 Una
3017 3925 3205 3975 autem
3234 3937 3246 3974 :
3291 3924 3518 3990 Senem,
3551 3922 3639 3977 in-

2008 4007 2156 4079 quit,
2187 4007 2327 4076 vidi,
2361 4010 2530 4075 cujus
2563 4007 2756 4063 formas
2790 4024 2904 4062 non
2938 4011 3132 4078 potest
3163 4009 3357 4062 referri
3393 4009 3646 4079 pulchri-

2005 4097 2145 4151 tudo
2199 4100 2255 4149 et
2301 4096 2584 4150 alacritas.
2647 4095 2840 4151 Altera
2894 4101 3124 4151 autem:
3177 4095 3350 4151 Visus
3389 4102 3472 4151 est
3505 4098 3644 4152 mihi

2009 4181 2368 4237 adolescens.
2398 4182 2592 4235 Tertia
2622 4197 2754 4234 vero
2793 4199 2805 4235 :
2831 4183 2998 4250 Puer,
3023 4184 3236 4252 inquit,
3265 4199 3425 4238 meos
3455 4185 3645 4256 attigit

2009 4269 2230 4326 oculos.
2267 4269 2382 4323 llas
2430 4284 2561 4323 cum
2595 4269 2853 4324 audisset
2892 4270 3191 4337 Abercius,
3223 4279 3273 4325 et
3305 4288 3499 4327 rerum
3541 4275 3643 4329 ad-

2011 4357 2369 4414 mirabilium
2403 4357 2516 4413 Deo
2543 4358 2756 4429 egisset
2787 4359 3025 4428 gratias,
3060 4358 3375 4415 intermisit
3418 4362 3641 4418 docere.

2077 4447 2204 4503 XII.
2241 4451 2316 4501 Ex
2368 4446 2440 4502 iis
2500 4452 2717 4514 autem,
2768 4447 2867 4518 qui
2900 4449 3161 4516 aderant,
3195 4449 3266 4503 iis
3308 4451 3640 4521 assumptis,

268 4533 476 4606 λαϐὼν,
546 4533 1033 4607 oi'xa65_é1ta'vﬁxe,
1065 4535 1155 4591 καὶ
1199 4537 1327 4598 τοὺς
1374 4542 1470 4605 τῆς
1521 4534 1710 4605 ἐνάτης
1759 4536 1899 4607 ὥρας

2015 4537 2111 4609 qui
2143 4539 2310 4590 erant
2348 4535 2685 4604 familiares,
2719 4537 2958 4592 domum
3003 4537 3195 4606 rediit,
3227 4545 3279 4593 et
3328 4556 3458 4594 cum
3492 4538 3644 4595 horae

269 4627 468 4698 ὕμνους
515 4621 751 4686 ἀποδοὺς
817 4628 996 4697 (τοῦτο
1033 4625 1136 4699 γὰρ
1192 4624 1338 4697 αὐτῷ
1395 4620 1534 4696 ἔθος,
1565 4624 1726 4680 οἷονεί
1767 4626 1904 4680 κατά

267 4733 536 4791 παρεργον
583 4712 673 4767 καὶ
713 4714 848 4787 πρὸς
888 4713 967 4786 τῷ
1014 4713 1157 4769 τέλει
1205 4721 1306 4784 τῆς
1355 4714 1563 4788 ἡμέρας
1631 4719 1900 4778 ποιεῖσθαι

267 4803 358 4858 καὶ
409 4808 505 4858 τοῦ
541 4803 794 4874 σώματος
856 4802 1065 4877 Λόγον,)
1101 4801 1277 4878 βραχύ
1332 4823 1383 4857 τι
1433 4804 1595 4878 ἄρτου
1631 4801 1904 4876 μεταλαμ-

268 4885 436 4946 ϐάνει.
497 4891 712 4946 Τούτων
780 4890 960 4946 τοίνυν
1029 4891 1118 4946 ὑπ’
1176 4893 1342 4947 αὐτοῦ
1407 4891 1734 4965 γενομένων,
1801 4899 1901 4961 τῆς

266 4981 583 5054 περιχώρου
641 4979 889 5042 πολλοὺς
936 4981 1005 5048 ἦν
1055 4981 1181 5053 ὁρᾷν
1237 4981 1374 5055 πρὸς
1427 4981 1518 5036 τὸν
1579 4978 1745 5056 ἄνδρα
1775 4980 1899 5057 συρ-

267 5067 480 5144 ῥέοντας
511 5068 598 5124 καὶ
639 5069 714 5127 εἰς
767 5065 941 5142 ὄνομα
1005 5070 1237 5144 Ηατρὸς,
1295 5070 1422 5123 Υἱοῦ
1468 5070 1556 5123 καὶ
1589 5071 1898 5141 Ηνεύματος

264 5158 424 5230 ἁγίου
478 5157 929 5232 βαπτιζομένους.
976 5159 1065 5214 Ἐν
1111 5158 1357 5228 τοσούτῳ
1407 5154 1462 5212 δὲ
1509 5158 1574 5212 τὰ
1628 5158 1762 5212 κατὰ
1799 5160 1897 5228 τήν

271 5245 478 5320 μητέρα
534 5244 697 5320 γνοὺς
756 5245 1110 5318 Εὖξεινιανὸς,
1169 5246 1317 5307 ὅπως
1388 5265 1446 5300 τε
1519 5266 1897 5323 χειραγωγου-

271 5336 404 5411 μένη
465 5335 760 5411 προσέλθοι
808 5341 887 5406 τῷ
919 5335 1078 5410 ἁγίῳ,
1135 5335 1224 5390 καὶ
1292 5333 1440 5397 ὅπως
1488 5336 1897 5410 πεπηρωμένων

265 5427 406 5500 αὐτῇ
465 5429 573 5480 τῶν
631 5423 930 5502 ὀφθαλμῶν
985 5419 1351 5499 ἀνοϐλέψειεν,
1411 5419 1648 5501 ἀκριϐῶς
1726 5427 1901 5481 πάντα

265 5513 316 5587 ἐξ
347 5514 517 5583 αὐτῆς
573 5513 900 5588 πυθόμενος,
932 5511 1110 5569 ἄπεισι
1168 5515 1314 5591 παρᾶ
1354 5518 1567 5587 τοῦτον,
1615 5515 1704 5570 καὶ
1734 5515 1899 5570 ἀσπά-

263 5607 515 5678 σάμινος,
579 5601 652 5660 Εἴ
680 5624 737 5659 σε
797 5599 970 5678 ᾔδειν,
1021 5602 1209 5680 πάτερ,
1276 5602 1404 5681 ἒγὼ,
1485 5605 1668 5684 φησὶν,
1725 5603 1897 5670 θδέως

577 5732 844 5800 Panos.
889 5735 1001 5801 Gn.
1045 5733 1217 5801 GKV.

2014 4643 2177 4682 nonae
2219 4626 2466 4698 hymnos
2517 4625 2885 4696 absolvisset,
2919 4643 3125 4698 parum
3179 4627 3347 4692 panis
3378 4628 3643 4683 assumit.

2015 4716 2098 4770 Ita
2130 4715 2284 4770 enim
2318 4713 2562 4784 solebat,
2598 4723 2873 4786 tanquam
2915 4715 3071 4770 aliud
3104 4717 3346 4785 agendo,
3369 4715 3500 4771 etin
3536 4716 3648 4771 tina

2012 4803 2148 4871 diei,
2188 4801 2445 4874 corporis
2475 4802 2689 4857 habere
2731 4803 3032 4858 rationem.
3081 4802 3210 4857 Haec
3241 4818 3373 4858 cum
3419 4804 3488 4857 ab
3524 4803 3647 4873 ipso

2011 4893 2163 4948 facta
2194 4896 2404 4961 essent,
2447 4891 2657 4948 licebat
2697 4891 2892 4946 videre
2925 4891 3137 4946 multos
3167 4907 3235 4946 ex
3273 4908 3358 4958 ea,
3393 4907 3517 4962 quae
3560 4895 3648 4948 est

2011 4981 2414 5050 circumcirca,
2446 4980 2680 5052 regione
2711 4980 2781 5033 ad
2827 4995 2959 5034 eum
3005 4979 3314 5048 conﬂuere,
3360 4984 3417 5035 st
3465 4980 3648 5052 bapti-

2010 5071 2125 5126 zari
2157 5071 2215 5125 in
2262 5071 2497 5125 nomine
2538 5069 2737 5137 Patris,
2777 5073 2833 5122 et
2863 5067 3011 5135 Filii,
3057 5073 3112 5122 et
3142 5068 3394 5139 Spiritus
3436 5070 3645 5125 sancti.

2011 5160 2252 5216 Interim
2285 5163 2478 5214 autem
2511 5173 2640 5212 cum
2685 5175 2812 5228 quae
2848 5156 3018 5211 matri
3056 5157 3401 5227 evenissent,
3434 5174 3646 5230 cogno-

2009 5249 2187 5304 visset
2229 5248 2616 5314 Euxenianus,
2647 5250 2703 5301 et
2749 5245 3242 5318 quemadmodum
3275 5247 3520 5303 deducta
3551 5264 3647 5302 ac-

2010 5339 2284 5395 cessisset
2337 5339 2406 5392 ad
2460 5343 2751 5404 sanctum,
2801 5342 2858 5393 et
2913 5335 3406 5408 quemadmodum
3449 5338 3648 5394 orbata

2008 5428 2200 5485 visum
2273 5431 2689 5498 recuperasset,
2749 5426 2946 5482 omnia
2994 5442 3062 5480 ex
3118 5425 3244 5496 ipsa
3299 5425 3646 5494 sciscitatus,

2007 5520 2167 5575 venit
2189 5518 2262 5574 ad
2294 5516 2483 5586 illum,
2528 5532 2592 5571 ac
2630 5533 2642 5571 :
2676 5516 2737 5573 Si
2786 5521 2841 5572 te
2874 5516 3100 5582 scirem,
3134 5515 3342 5589 inquit,
3375 5533 3406 5572 ο
3465 5521 3645 5588 pater,

2009 5607 2254 5664 libenter
2313 5605 2571 5678 aspicere
2613 5605 2681 5661 ad
2715 5605 3013 5678 pecunias,
3056 5620 3170 5662 non
3217 5604 3646 5662 distribuissem

3245 5732 3323 5794 39
