4128 6274
447 271 598 330 1227

1777 252 2058 316 MENSIS
2105 252 2488 314 OCTOBER.

3684 259 3846 319 1228

443 429 546 485 tibi
606 442 838 498 parvam
899 427 1123 496 partem
1181 435 1444 476 mearum
1487 415 1862 478 -facultatum,
1921 409 2073 482 quod

2200 407 2265 470 ιῗς
2314 411 2580 484 χρήματα
2634 410 2923 486 βλέποντα,
2981 413 3083 469 οὐκ
3149 412 3342 491 ὀλίγον
3404 412 3468 468 ἄν
3518 435 3606 470 σοι
3677 415 3844 490 μέρος

447 533 586 572 [ηοω
639 514 811 570 matri
871 511 1199 568 conciliaris
1249 512 1479 564 tantum
1521 502 1893 560 beneﬁcium.
1939 501 2082 555 Cum

445 613 638 661 autem
672 619 805 658 cum
839 601 987 667 aliis,
1021 616 1147 670 quas
1170 598 1274 653 tibi
1306 596 1540 652 donavit
1571 595 1744 658 Deus,
1767 596 1822 646 te
1853 604 2085 661 quoque

444 692 708 766 pecuniis
736 692 870 745 fecit
894 690 1275 755 superiorem,
1307 686 1615 756 quidnam,
1641 686 1705 736 ut
1726 684 1815 735 est
1845 694 2088 733 consen-

446 789 702 844 taneum,
734 777 836 833 tibi
865 793 962 846 pro
987 777 1091 831 hoc
1123 776 1274 830 dono
1299 772 1727 828 reddiderimus
1748 769 1775 822 ?
1804 768 2085 831 Quidnam

451 870 629 933 aliud,
663 883 834 938 quam
871 865 1018 920 hanc
1048 865 1294 936 gratiam
1329 861 1433 916 tibi
1466 862 1718 915 feremus
1744 861 2038 926 acceptam
2063 853 2090 907 ‘?

451 960 594 1013 Cum
629 958 746 1012 haec
777 955 1011 1025 quidem
1037 953 1298 1019 dixisset,
1333 949 1521 1005 sancti
1555 947 1727 1020 pedes
1760 943 2084 1017 prehendit.

451 1049 698 1102 Sanctus
729 1048 924 1098 autem
956 1045 1190 1111 accepta
1221 1041 1347 1109 ejus
1370 1041 1632 1093 dextera:
1665 1035 1844 1099 Scias,
1874 1031 2088 1102 inquit,

451 1153 482 1190 o
513 1134 749 1204 optime,
802 1132 944 1186 mihi
979 1129 1138 1184 nulla
1177 1145 1238 1184 re
1288 1128 1403 1183 alia
1449 1132 1549 1181 tua
1596 1142 1743 1194 opus
1793 1138 1934 1185 esse,
1981 1120 2090 1174 nisi

453 1225 629 1293 quod,
662 1237 796 1276 cum
819 1220 902 1274 sis
933 1219 1073 1272 adeo
1097 1218 1373 1288 prudens,
1399 1213 1589 1268 ﬁdelis
1620 1214 1726 1266 ﬁas
1757 1227 1824 1266 ex
1847 1207 2089 1274 inﬁdeli,

453 1317 508 1366 et
537 1310 716 1381 impia
755 1317 972 1364 mutata
1003 1306 1300 1378 religione,
1342 1305 1542 1358 venias
1601 1303 1671 1357 ad
1733 1299 2091 1372 agnitionem

448 1400 729 1454 veritatis.
765 1397 902 1452 Volo
933 1398 1090 1450 enim
1127 1400 1183 1450 te
1226 1394 1456 1448 ﬁdelem
1489 1408 1618 1447 esse
1659 1391 1852 1462 potius
1884 1403 2093 1458 paupe-

450 1505 597 1558 rem,
629 1503 804 1558 quam
837 1484 1130 1540 inﬁdelem
1150 1482 1432 1537 illustrem
1465 1489 1518 1536 et
1551 1480 1805 1534 divitem.

523 1665 667 1721 XIII.
700 1667 864 1720 Tunc
901 1664 1200 1735 respondit
1237 1661 1609 1717 Euxenianus
1645 1678 1657 1714 :
1691 1659 1744 1715 Si
1767 1659 1854 1716 vis
1894 1659 2089 1729 igitur,

453 1773 484 1810 o
535 1770 762 1810 sacrum
813 1759 1006 1823 caput,
1058 1753 1127 1806 de
1185 1752 1292 1806 hoc
1344 1751 1510 1806 nobis
1549 1755 1637 1806 est
1687 1749 2085 1820 quaerendum.

2188 499 2449 572 ἀπένειμα
2489 509 2588 570 τῆς
2618 503 2803 565 οὐσίας
2857 504 2968 559 ἀνθ’
3028 506 3100 558 ὧν
3165 527 3258 578 μοι
3311 506 3542 584 χάριτος
3605 507 3681 568 είς
3735 509 3838 576 τὴν

2196 588 2404 662 μητέρα
2450 593 2710 661 τοιαύτης
2755 593 3018 667 ὑπῆρξας.
3070 595 3220 650 Ἐπεὶ
3276 591 3333 648 δὲ
3392 595 3529 667 μετά
3580 600 3687 650 τῶν
3737 596 3842 651 είλ-

2194 675 2306 732 λων
2353 676 2426 732 ὦν
2477 677 2789 756 ἐδωρήσατο
2836 703 2920 736 σοι
2975 682 3130 752 Οεὸς,
3162 684 3252 737 καὶ
3294 684 3575 757 κρείττονά
3604 706 3660 739 σε
3693 705 3839 761 χρη-

2198 769 2380 838 μάτων
2441 765 2675 841 διέθηκε,
2709 770 2762 825 τί
2810 769 2869 825 ἂν
2922 793 2978 826 σε
3024 779 3124 840 τῆς
3167 769 3370 845 δωρεᾶς
3421 775 3619 843 ταύτης
3673 775 3841 847 ἀμει-

2193 858 2431 931 ψαίμεθα
2478 861 2614 914 κατά
2665 859 2881 934 λόγονς
2937 863 2987 916 τί
3023 862 3168 917 ἄλλο
3228 885 3290 939 γε
3337 863 3721 939 ἣάναγραπτά
3751 887 3838 921 σοι

2192 949 2258 1001 τά
2312 956 2410 1016 τῆς
2461 949 2808 1028 εὐχαριστίας
2866 951 3098 1006 κείσεται
3156 953 3283 1027 παρ’
3339 955 3507 1025 ἡμῖν;
3569 956 3749 1010 Ταυτα
3811 957 3839 1010 6

2200 1038 2294 1107 μὲν
2353 1037 2540 1107 εἰπὼν,
2588 1043 2694 1092 τῶν
2744 1038 2928 1094 ποδῶν
2995 1039 3175 1114 ’ἥψατο
3225 1046 3320 1096 τοῦ
3380 1040 3556 1118 ἄγίου·
3590 1044 3617 1097 6
3655 1041 3710 1098 δὲ
3737 1048 3838 1109 τῆς

2197 1123 2370 1197 δεξιᾶς
2451 1123 2781 1199 λαϐόμενος,
2842 1131 2976 1202 Ἐμὲ
3045 1129 3296 1203 μηδενὸς,
3365 1130 3490 1210 ἔφη,
3563 1133 3843 1206 χρῄξοντα

2199 1214 2328 1283 ἴσθι,
2389 1215 2433 1270 ὦ
2468 1216 2735 1290 βέλτιστε,
2768 1221 2911 1294 παρὰ
2971 1225 3086 1289 σού,
3137 1222 3170 1290 ἢ
3222 1222 3372 1283 ’ὁπως
3433 1221 3576 1276 οὕτω
3626 1225 3844 1286 συνετὸς

2200 1302 2292 1374 ὤν,
2353 1309 2543 1370 πιστός
2595 1329 2653 1362 τε
2700 1307 2750 1378 ἐξ
2799 1309 3024 1364 ἀπίστου
3054 1311 3230 1385 γένοιο
3275 1312 3364 1364 καὶ
3414 1318 3514 1380 τῆς
3548 1307 3842 1375 δυσσεϐοῦς

2201 1395 2485 1467 θρησκείας
2540 1393 2880 1470 μεταϐαλὼν,
2965 1400 3040 1462 εἰς
3114 1399 3402 1474 ἐπίγνωσιν
3496 1396 3676 1463 ἔλθοις
3741 1405 3843 1470 τῆς

2198 1483 2482 1553 ἀληθείας.
2515 1486 2794 1559 Βούλομαι
2835 1488 3021 1542 πιστόν
3062 1509 3119 1543 σε
3167 1490 3301 1543 εἶναι
3340 1491 3547 1560 πένητα
3602 1489 3842 1564 μᾶλλον,

2199 1573 2233 1642 ἢ
2268 1571 2493 1629 ἄπιστον
2523 1584 2788 1654 περιφανῆ
2829 1599 2887 1632 τε
2918 1580 3006 1633 καὶ
3049 1578 3328 1634 πλούσιον.

2272 1662 2373 1720 ΙΓ’.
2419 1665 2515 1719 Καὶ
2565 1666 2592 1718 6
2654 1666 3008 1735 Εύξεινιανός⁶
3060 1667 3260 1736 Οὐκοῦ,
3319 1667 3363 1723 ὦ
3421 1670 3540 1735 ἰερά
3602 1669 3842 1742 κεφαλὴ,

2200 1750 2346 1825 εἷ’περ
2383 1752 2590 1827 βούλει,
2634 1755 2896 1824 ζητητέον
2943 1759 3075 1829 ἡμῖν
3118 1757 3238 1831 περὶ
3286 1757 3506 1816 τούτου.
3561 1756 3843 1819 Ηολλάκις

451 1850 608 1914 Seps
639 1842 792 1898 enim
823 1842 1016 1897 audivi
1043 1841 1210 1896 matri
1240 1840 1521 1908 assidens,
1555 1856 1615 1895 se
1643 1856 1677 1894 a
1707 1845 1760 1894 te
1791 1838 2086 1907 didicisse,

2200 1841 2292 1916 γὰρ
2349 1839 2557 1909 ἤκουσα
2617 1847 3064 1916 παρακαθήμενος
3121 1828 3196 1918 τῇ*
3253 1847 3421 1923 μητρὶ
3477 1847 3552 1911 ὡς
3598 1847 3696 1902 ὑπὸ
3742 1851 3844 1901 σοῦ

456 1934 634 1988 Deum
667 1947 818 1985 nunc
849 1931 1086 2002 quidem
1129 1945 1256 1985 esse
1288 1929 1632 1984 clementem
1666 1931 1722 1982 et
1755 1927 2088 1997 benignum,

450 2037 606 2076 nunc
665 2033 855 2075 autem
906 2018 1228 2074 terribilem
1287 2022 1343 2073 et
1367 2019 1648 2088 justum:
1709 2022 1764 2073 et
1822 2016 1966 2072 alios
2030 2019 2094 2070 ut

453 2108 619 2164 valde
642 2109 859 2164 bonum
879 2108 1049 2163 bonis
1073 2122 1462 2175 remunerare,
1488 2107 1626 2162 alios
1648 2106 2090 2177 utpolejustum

452 2197 654 2254 ulcisci
684 2206 739 2253 et
769 2197 993 2268 punire.
1027 2197 1088 2251 Si
1117 2212 1252 2266 ergo
1282 2212 1351 2250 ex
1405 2209 1598 2251 amore
1649 2196 1885 2266 quidem
1935 2195 2091 2250 exsi-

451 2287 552 2343 stit
583 2286 924 2341 beneficium
959 2289 1016 2340 et
1065 2284 1472 2352 remuneratio,
1507 2284 1864 2356 supplicium
1898 2289 2092 2340 autem

452 2381 509 2431 et
540 2393 708 2446 paena
735 2374 807 2429 ab
845 2373 998 2444 odio,
1046 2374 1334 2444 quomodo
1394 2374 1518 2430 ﬁeri
1577 2378 1783 2444 potest,
1815 2377 1881 2428 ut
1934 2373 2090 2428 idem

453 2464 532 2520 sit
569 2464 771 2530 bonus,
803 2467 860 2518 et
907 2463 1070 2532 justa
1122 2462 1329 2517 inferat
1389 2461 1722 2532 supplicia?
1779 2462 2089 2529 Quoniam,

453 2551 637 2623 inquit
669 2567 920 2620 magnus
961 2550 1264 2619 Abercius,
1300 2565 1429 2604 cum
1465 2550 1781 2620 unicuique
1817 2551 2092 2604 reddatur

451 2657 554 2711 pro
601 2638 844 2706 meritis,
876 2654 974 2692 eos
1018 2639 1280 2708 quidem,
1313 2639 1406 2706 qui
1465 2639 1617 2692 bona
1675 2638 1914 2705 faciunt,
1968 2645 2090 2692 tan-

455 2745 630 2799 quam
655 2727 754 2798 qui
788 2732 997 2781 natura
1055 2726 1131 2781 sit
1185 2727 1388 2789 bonus,
1419 2725 1597 2779 afﬁcit
1628 2725 1908 2780 beneﬁcio
1943 2742 1956 2780 :
1990 2742 2089 2782 eos

456 2822 672 2882 autem,
704 2814 801 2886 qui
860 2813 1011 2869 mala
1066 2818 1356 2880 exercent,
1416 2813 1604 2884 punit,
1648 2821 1709 2868 ut
1762 2814 1862 2884 qui
1895 2814 2093 2870 omnia

446 2905 603 2974 juste
655 2903 846 2972 faciat,
876 2903 1110 2957 nemine
1161 2902 1476 2972 eii'ugiente
1523 2903 1652 2971 ejus
1697 2901 2092 2972 cognitionem

453 3006 678 3055 eorum,
709 3005 839 3060 quas
875 3005 981 3043 nos
1012 2988 1277 3053 facimus,
1311 2993 1368 3042 et
1396 2987 1482 3041 vel
1515 2987 1707 3041 solum
1740 2989 2088 3059 cogitamus.

453 3079 581 3149 Ipse
613 3084 702 3132 est
758 3077 913 3131 enim
964 3076 1439 3131 accuratissimus
1481 3077 1837 3132 examinator
1867 3095 2091 3144 eorum,

2197 1926 2483 2005 διδαχθείη
2552 1932 2644 1986 τὸν
2705 1934 2832 1987 Θεὸν
2889 1938 2982 1988 νῦν
3045 1936 3138 2007 μὲν
3196 1934 3582 2013 φιλάνθρωπόν
3650 1958 3706 1992 τε
3750 1939 3845 1992 καὶ

2195 2018 2414 2091 ἀγαθὸν,
2445 2024 2538 2073 νῦν
2599 2021 2656 2075 δὲ
2714 2017 2943 2100 φοϐερὸν
3003 2024 3140 2078 εἶναι
3197 2024 3286 2078 καὶ
3329 2021 3561 2094 δίκαιον,
3592 2026 3684 2079 καὶ
3713 2025 3844 2086 τούς

2199 2108 2316 2178 μὲν,
2351 2108 2426 2170 ὡς
2495 2108 2700 2186 σφόδρα
2755 2111 2976 2186 ἀγαθὸν,
3036 2113 3263 2188 ἀγαθοῖς
3322 2109 3656 2186 ἀμείϐεσθαι,
3714 2115 3848 2180 τοὺς

2197 2195 2275 2264 δὲ,
2317 2198 2403 2252 οἶα
2469 2195 2697 2267 δίκαιον,
2746 2200 3038 2273 ἀμύνεσθαι
3102 2202 3190 2256 καὶ
3222 2201 3491 2272 κολάζειν.
3548 2203 3609 2260 Ei
3659 2206 3843 2260 τοίνυν

2198 2283 2245 2354 ἐξ
2298 2286 2511 2361 ἀγάπης
2574 2288 2668 2359 μὲν
2726 2291 2759 2357 ἡ
2802 2288 3074 2363 εὐεργεσία
3128 2292 3217 2344 καὶ
3273 2292 3334 2345 τὸ
3403 2287 3745 2364 ἀμείϐεσθαι,
3805 2297 3843 2363 ἡ

2197 2376 2441 2448 τιμωρία
2490 2373 2546 2430 δὲ
2586 2377 2672 2431 καὶ
2722 2379 2783 2431 τὸ
2831 2377 3082 2447 κολάζειν
3114 2382 3176 2434 ’sx
3231 2380 3444 2452 μίσους*
3480 2387 3599 2442 πῶς
3640 2382 3718 2437 ἒνι
3748 2388 3844 2439 τὸν

2196 2462 2353 2517 αὐτὸν
2410 2465 2601 2536 ἀγαθόν
2648 2487 2707 2520 τε
2746 2467 2883 2521 εἶναι
2941 2469 3030 2522 καὶ
3107 2466 3315 2531 δικαίας
3387 2468 3600 2546 ἐπάγειν
3670 2493 3847 2544 τιμω-

2196 2552 2316 2624 ρίας
2354 2578 2367 2622 ;
2409 2555 2557 2619 "Ott,
2610 2556 2773 2630 φησὶν
2817 2557 2844 2609 ὁ
2887 2556 3048 2630 μέγας
3085 2555 3387 2632 Ἀὅέρκιος,
3419 2563 3514 2614 τοῦ
3543 2565 3663 2614 κατ’
3695 2561 3844 2631 ἀξίαν

2193 2640 2400 2711 ἑκάστῳ
2450 2642 2909 2715 συντηρουμένου,
2961 2645 3091 2708 τοὺς
3159 2648 3252 2719 μὲν
3303 2647 3368 2702 τά
3431 2649 3603 2723 ἀγαθά
3665 2653 3844 2723 πράσ-

2194 2749 2405 2798 σοντας,
2440 2732 2529 2784 οἷα
2588 2729 2743 2803 φύσει
2789 2735 2987 2807 ἀγαθὸς
3038 2733 3136 2805 ὢν,
3189 2736 3472 2810 εὐεργετεῖ,
3512 2737 3636 2798 τοὺς
3686 2736 3743 2792 δὲ
3770 2740 3843 2793 τὰ

2195 2816 2376 2894 φαῦλα
2437 2820 2741 2890 μετιόντας,
2776 2824 2866 2876 ἅτε
2916 2821 3140 2888 δικαίως
3199 2826 3372 2880 πάντα
3419 2831 3612 2897 ποιῶν,
3655 2849 3846 2900 τιμω-

2195 2911 2392 2980 ρεῖται,
2446 2905 2681 2981 μηδενὸς
2721 2909 2885 2965 αἰ)τοῦ
2930 2915 3026 2982 τήν
3058 2919 3254 2987 γνῶσιν
3297 2915 3372 2970 ὧν
3413 2918 3572 2989 ἡμεῖς
3605 2916 3845 2991 πράττο-

2203 2995 2295 3065 μὲν
2345 3016 2402 3050 τε
2450 2995 2538 3049 καὶ
2584 2997 2747 3068 μόνον
2801 2999 2875 3060 εἷς
2925 3006 3048 3054 νοῦν
3101 2998 3474 3076 λαμϐάνομεν,
3517 3001 3850 3084 διαφεύγον-

2199 3104 2313 3144 τος.
2359 3085 2534 3146 Αὐτὸς
2573 3087 2676 3160 γὰρ
2725 3085 2836 3142 ἐστι
2885 3089 2976 3142 καὶ
3013 3094 3120 3144 τῶν
3180 3091 3229 3144 ἐν
3277 3093 3426 3166 βάθει
3476 3097 3573 3157 τῆς
3605 3091 3849 3156 διανοίας

455 3183 578 3236 quae
614 3170 754 3220 sunt
803 3165 860 3218 in
893 3165 1179 3235 profundo
1227 3165 1616 3233 cogitationis,
1651 3167 1824 3221 corda
1879 3168 2089 3222 exami-

2205 3170 2485 3242 ἐξεταστὴς
2569 3171 2976 3246 ἀκριϐέστατος,
3053 3176 3363 3251 δοκιμάζων
3434 3180 3674 3256 καρδίας,
3754 3184 3851 3236 καὶ

454 3271 602 3309 nans
643 3259 698 3308 et
756 3269 943 3320 renes,
1006 3253 1325 3324 pervadens
1384 3269 1570 3325 usque
1623 3255 1693 3308 ad
1751 3255 2096 3311 divisionem

453 3342 662 3397 animm
695 3347 752 3396 et
781 3342 1044 3412 spiritus,
1089 3357 1438 3412 compagum
1493 3359 1720 3414 quoque
1771 3348 1828 3398 et
1877 3345 2096 3399 medul-

455 3431 664 3494 larum,
709 3434 766 3484 et
816 3430 994 3499 judex
1056 3430 1479 3500 cogitationum
1539 3437 1595 3485 et
1651 3433 2092 3504 conceptionum

460 3519 647 3572 cordis
675 3516 718 3571 ⁴.
751 3517 1124 3572 Euxenianus
1182 3535 1360 3573 vero:
1409 3524 1527 3575 Hoc
1576 3521 1828 3590 quidem,
1882 3521 2092 3591 inquit,

460 3613 612 3661 recte
643 3611 730 3661 est
777 3606 1056 3661 solutum.
1099 3607 1208 3661 Sed
1257 3607 1402 3662 illud
1443 3626 1671 3681 quoque
1704 3627 1795 3666 me
1825 3611 1963 3667 doce
1996 3629 2008 3666 :
2043 3613 2092 3666 si

459 3695 611 3750 Deus
643 3695 811 3748 bonis
834 3694 1172 3761 delectatur,
1197 3713 1298 3749 cur
1328 3714 1442 3751 non
1476 3698 1547 3751 ab
1572 3700 1733 3753 initio
1757 3700 1931 3755 talem
1959 3701 2091 3755 fecit

454 3783 775 3847 hominem,
800 3786 864 3835 ut
885 3781 1102 3835 bonum
1129 3782 1364 3851 quidem
1392 3785 1572 3853 possit
1603 3787 1847 3857 operari,
1871 3790 2088 3846 malum

456 3876 648 3926 autem
691 3868 932 3924 minime
991 3870 1173 3940 possit
1207 3870 1434 3926 facere?
1491 3872 1583 3927 Sic
1639 3876 1792 3930 enim
1854 3883 1910 3932 et
1965 3896 2088 3948 quae

457 3963 592 4015 sunt
621 3959 671 4012 ei
710 3963 891 4024 grata,
943 3958 1302 4025 fecissemus,
1348 3963 1404 4014 et
1459 3963 1882 4021 mansissemus
1932 3969 2088 4025 nullo

456 4048 644 4104 affecti
677 4046 980 4118 snpplicio.
1035 4047 1136 4103 Ille
1167 4054 1358 4103 autem
1389 4067 1401 4104 :
1436 4051 1551 4106 Hoc
1583 4067 1815 4124 quoque
1844 4059 1952 4122 est,
1997 4059 2086 4113 in-

457 4139 605 4210 quit,
638 4139 784 4207 ejus,
819 4137 914 4207 qui
961 4137 1142 4192 nostri
1175 4155 1441 4211 magnam
1473 4158 1671 4197 curam
1704 4147 1872 4215 gerit,
1904 4151 1960 4203 et
1992 4149 2087 4219 qui

455 4225 692 4280 omnino
714 4224 1110 4282 vultuostrum
1137 4227 1452 4284 bonum.Si
1475 4232 1624 4286 enim
1652 4249 1764 4288 non
1790 4252 2090 4304 possemus

457 4313 609 4369 mala
639 4314 845 4380 facere,
874 4331 976 4369 nec
1002 4317 1151 4371 bona
1175 4319 1407 4386 quidem
1434 4321 1695 4377 faciendo
1727 4324 1872 4378 nihil
1896 4325 2088 4382 lucra-

457 4417 670 4456 remur.
703 4403 897 4468 Neque
918 4402 1072 4455 enim
1100 4410 1396 4471 propterea
1426 4403 1597 4459 laude
1628 4407 2083 4479 digniessemus,

455 4506 561 4544 nec
599 4488 1127 4542 commendatione.
1180 4490 1340 4542 Tunc
1390 4507 1645 4563 namque
1685 4498 1834 4563 quod
1871 4499 2082 4553 factum

457 4582 633 4643 esset,
665 4591 780 4629 non
821 4574 1021 4629 fuisset
1070 4575 1286 4630 factum
1336 4583 1535 4634 nostro
1587 4581 1767 4638 libero
1826 4586 2084 4656 arbitrio,

457 4669 557 4723 sed
581 4684 649 4722 ex
670 4666 749 4720 rei
785 4669 1013 4721 natura.
1045 4665 1169 4720 Non
1199 4667 1354 4722 enim
1378 4669 1476 4738 qui
1510 4686 1624 4726 non
1647 4679 1836 4742 potest
1869 4677 2086 4733 malum

461 4758 666 4820 facere,
701 4755 749 4810 is
783 4771 896 4808 non
923 4756 1141 4810 faciens
1173 4761 1258 4810 est
1290 4755 1634 4829 laudandus,
1667 4763 1770 4817 sed
1801 4767 1922 4834 qui,
1955 4783 2089 4822 cum

457 4843 638 4912 possit
669 4842 901 4913 quidem
940 4842 1124 4897 facere
1154 4843 1406 4901 abstinet
1431 4852 1661 4918 prepter
1690 4849 1825 4904 boni
1857 4853 2093 4910 deside-

458 4931 631 4984 rium.
666 4931 803 4985 Cum
835 4936 1028 4985 autem
1053 4939 1359 5004 utrumque
1389 4934 1464 4989 sit
1494 4936 1549 4990 in
1575 4943 1768 4995 nostra
1790 4947 2092 5012 potestate,

459 5025 524 5073 ut
562 5019 648 5073 vel
698 5019 834 5073 boni
883 5019 1094 5086 simus,
1127 5021 1213 5075 vel
1247 5022 1403 5090 mali,
1437 5025 1484 5078 si
1509 5025 1774 5093 velimus,
1804 5045 1907 5085 cur
1936 5033 2094 5088 tollis

461 5109 820 5162 occasionem
856 5110 1129 5179 parandae
1161 5109 1324 5165 bona;
1355 5113 1815 5182 existimationis,
1848 5125 1904 5174 et
1933 5123 2093 5191 ejicis

461 5195 765 5248 materiam
793 5211 1138 5252 coronarum
1160 5199 1187 5254 ?
1207 5201 1293 5254 Ad
1319 5200 1438 5258 haec
1468 5204 1840 5262 Euxenianus
1874 5210 2094 5279 :Nunc,

461 5280 681 5350 inquit,
715 5283 858 5338 mihi
919 5285 1058 5340 satis
1107 5291 1197 5342 est
1245 5304 1611 5364 persuasum,
1651 5294 1943 5354 hominem
1973 5317 2101 5357 esse

465 5368 554 5424 sui
597 5367 775 5437 juris,
823 5375 878 5426 et
933 5372 1185 5430 liberum
1245 5377 1456 5435 habere
1523 5383 1848 5456 arbitrium,
1881 5392 1938 5445 et
1993 5408 2100 5449 sua

531 5541 704 5596 Hebr.
737 5558 812 5610 IV,
846 5546 930 5600 12.

2205 3261 2427 3335 νεφροὺς
2496 3259 2867 3335 διικνούμενος
2926 3265 3054 3338 ἅγρι
3136 3273 3407 3338 μερισμοῦ
3475 3273 3663 3346 ψυχῆς
3757 3274 3851 3326 καὶ

2205 3353 2531 3425 πνεύματος,
2592 3355 2776 3427 άρμῶν
2853 3373 2909 3408 τε
2969 3355 3056 3408 καὶ
3129 3355 3364 3427 μυελῶν,
3439 3361 3528 3412 ναὶ
3600 3363 3852 3434 κριτικὸς

2203 3440 2571 3513 ἐνθυμήσεων,
2617 3443 2704 3496 καὶ
2763 3441 2974 3497 ἐννοιῶν
3024 3443 3270 3518 καρδίας.
3323 3447 3426 3501 Καὶ
3480 3449 3507 3500 6
3576 3449 3855 3518 Εὑξεινια-

2203 3531 2312 3594 νός’
2347 3535 2520 3587 Τοῦτο
2575 3532 2669 3604 μὶν
2735 3531 2825 3586 οὖν
2875 3531 3048 3606 ὀρθῶς
3102 3531 3434 3589 έπιλέλυται·
3496 3534 3644 3605 πλὴν
3713 3537 3849 3595 ἀλλ’

2203 3619 2377 3674 ἐκεῖνό
2414 3642 2478 3693 με
2501 3619 2731 3691 δίδαξον·
2773 3621 2818 3675 εἰ
2856 3624 2970 3684 τοῖς
2997 3623 3218 3696 ἀγαθοῖς
3252 3625 3278 3677 ὁ
3311 3625 3439 3686 Θεὸς
3468 3622 3844 3696 ἥδεται,διατί

2206 3711 2280 3780 μή
2323 3710 2420 3776 τήν
2478 3709 2656 3781 ἀρχὴν
2705 3714 2952 3764 τοιοῦτον
3001 3710 3169 3765 ἐποίει
3217 3713 3307 3767 τὸν
3359 3711 3657 3787 ἄνθρωπον,
3703 3717 3844 3772 ὥστε

2197 3798 2260 3851 τὸ
2321 3798 2415 3868 μὲν
2465 3797 2663 3871 ἀγαθὸν
2722 3797 3042 3873 ἐργάζεσθαι
3090 3797 3312 3856 δυνατὸν
3385 3803 3538 3870 εἶναι,
3598 3807 3838 3878 πονηρὸν

2200 3884 2244 3940 δ“
2372 3887 2417 3939 δ’
2455 3887 2508 3920 ἰ·
2570 3889 2595 3898 ”
2761 3891 2785 3901 ”
2970 3889 2981 3906 ’
3200 3909 3212 3922 ’
3304 3889 3329 3910 ”
3499 3891 3510 3907 “
3585 3894 3604 3906 ”
3730 3896 3737 3910 ’

2233 3907 2255 3940 ε
2287 3907 2362 3957 μη
2448 3905 2627 3940 οιιουν
2680 3889 2876 3958 πραξαι
2924 3886 3212 3959 δύνασθαι,
3254 3896 3410 3946 Ουτω
3451 3913 3553 3966 γαρ
3585 3915 3647 3946 αν
3677 3915 3744 3948 τα
3784 3915 3844 3949 τε

2197 3975 2332 4029 κατά
2384 3975 2612 4048 γνώμην
2671 3976 2820 4047 αὐτῷ
2896 3978 3223 4049 πράττοντες
3279 3980 3437 4052 ἦμεν,
3471 3981 3558 4034 καὶ
3618 3984 3842 4046 ἀπαθεῖς

2198 4063 2374 4134 πάσης
2436 4061 2750 4137 διεμένομεν
2809 4067 3098 4140 τιμωρίας.
3137 4069 3197 4124 Ὁ
3255 4066 3332 4134 δὲ,
3383 4074 3490 4123 Καῖ
3520 4075 3677 4125 τοῦτο
3715 4093 3846 4147 σφο-

2199 4151 2339 4227 δρῶς
2400 4149 2730 4226 κηδομένου,
2789 4149 2914 4232 ἔφη,
2963 4155 3052 4208 καὶ
3110 4157 3172 4210 τὸ
3224 4156 3490 4231 ἡμέτερον
3540 4159 3730 4231 ἀγαθὸν
3781 4161 3842 4214 ἐκ

2197 4242 2390 4304 παντὸς
2449 4241 2742 4302 θέλοντος·
2803 4241 2846 4296 εἰ
2911 4243 3012 4317 γὰρ
3063 4245 3138 4316 μὴ
3212 4245 3278 4299 τὰ
3342 4244 3518 4321 φαῦλα
3582 4247 3836 4319 πράττειν

2200 4332 2437 4396 δυνατῶς
2487 4332 2713 4409 ἔχομεν,
2767 4332 2918 4389 οὐδὲν
2971 4333 3029 4388 ἂν
3091 4333 3216 4390 οὐδὲ
3273 4336 3380 4390 ἀπὸ
3431 4341 3527 4392 τοῦ
3569 4336 3636 4391 τὰ.
3663 4338 3844 4411 ἁγαθᾶ

2197 4429 2370 4477 ποιεῖν
2423 4421 2826 4495 ἒκερδαίνομεν.
2860 4425 2998 4479 Οὕτε
3061 4426 3161 4500 γὰρ
3222 4423 3436 4480 ἐπαίνου
3481 4426 3626 4498 παρά
3679 4431 3842 4482 τοῦτο

2198 4512 2415 4572 πάντως
2446 4510 2566 4564 οὕτε
2598 4507 2880 4583 ἀποδοχῆς
2919 4510 3056 4581 ἦμεν
3091 4511 3252 4583 ἄξιοι.
3283 4512 3420 4568 Τότε
3451 4515 3554 4589 γὰρ
3587 4513 3648 4568 ού
3697 4517 3843 4584 παρὰ

2201 4601 2298 4668 τὴν
2351 4598 2618 4673 ἡμετέραν
2668 4597 2866 4670 ἐγίνετο
2916 4599 2977 4651 τὸ
3032 4601 3272 4674 πραχθὲν
3323 4604 3664 4676 προαίρεσιν,
3699 4602 3840 4658 ἀλλά

2195 4690 2343 4760 παρὰ
2384 4689 2480 4754 τὴν
2531 4691 2627 4738 τοῦ
2671 4686 2986 4760 πράγματος
3037 4686 3214 4763 φύσιν.
3244 4689 3322 4745 Οὐ
3365 4691 3466 4764 γάρ
3499 4692 3528 4745 6
3562 4694 3637 4761 μὴ
3671 4695 3835 4745 ποιεῖν

2201 4781 2262 4834 τὸ
2305 4776 2470 4831 κακὸν
2529 4772 2850 4846 δυνάμενος,
2902 4774 3056 4837 οὗτος
3122 4779 3195 4848 μὴ
3240 4778 3490 4851 πράττων
3543 4779 3840 4848 ἐπαινετὸς,

2203 4865 2325 4921 ἀλλ’
2379 4866 2405 4917 6
2455 4862 2704 4936 πράττειν
2747 4864 2838 4935 μὲν
2891 4860 3110 4928 δυνατὸς
3157 4863 3251 4934 ὢν,
3285 4867 3630 4940 ἀπεχόμενος
3671 4865 3728 4922 δὲ
3757 4865 3843 4921 διὰ

2201 4953 2297 5020 τήν
2354 4952 2487 5024 πρὸς
2542 4951 2603 5004 τὸ
2662 4950 2826 5006 καλὸν
2876 4954 3072 5028 ὶφεσιν.
3133 4953 3355 5023 Ἐπειδὴ
3428 4955 3486 5011 δὲ
3565 4957 3845 5035 ἀμφότερα

2203 5042 2328 5114 παρ’
2395 5042 2553 5111 ἡμῖν,
2594 5039 2682 5094 καὶ
2733 5038 2840 5095 εἴτε
2886 5042 3071 5114 ἀγαθοὶ
3121 5041 3304 5115 ἐσμεν,
3373 5046 3414 5099 εἴ
3483 5045 3845 5119 βουλοίμεθα,

2203 5129 2309 5184 εἴτε
2367 5131 2586 5206 φαῦλοι,
2638 5131 2759 5184 Ἐὰν
2819 5129 3011 5200 θέλητε
3065 5131 3186 5205 γὰρ,
3227 5133 3380 5210 φησὶ,
3413 5134 3523 5188 θεοὶ
3557 5129 3756 5189 ἔσεσθε·
3790 5137 3846 5189 τί

2201 5225 2299 5287 τῆς
2344 5215 2751 5291 εύδοκιμήσεως
2801 5221 2897 5288 τὴν
2946 5221 3212 5299 πρόφασιν
3263 5225 3519 5299 ἀναιρεῖς,
3569 5225 3657 5279 καὶ
3733 5230 3845 5280 τῶν

2205 5309 2476 5384 στεφάνων
2523 5304 2814 5374 ἐκϐάλλεις
2866 5311 2961 5371 τὰς
3015 5309 3305 5388 ἀφορμάς
3368 5316 3510 5388 Ηρὸς
3582 5320 3751 5370 ταῦτα
3821 5318 3852 5371 6

2205 5395 2563 5469 Εύξεινιανὸς,
2642 5395 2910 5474 ’Λκριϐῶς
2995 5400 3130 5456 πέπε
3156 5422 3287 5475 σμαι
3361 5405 3451 5459 τὸν
3533 5403 3852 5479 ἄνθρωπον,
