4128 6274
279 337 432 400 1229

1635 339 1818 401 VITA
1863 340 1926 399 S.
1974 339 2316 403 ABERCII.

3511 359 3666 418 1230

258 501 403 578 -ἕφη,
447 497 750 573 αύτόνομόν
812 518 872 553 τε
930 498 1061 552 εἶναι
1117 495 1208 552 καὶ
1266 497 1748 570 αὖτεξοὺσιον,καὶ
1786 499 1922 552 κατὰ

2048 503 2235 571 ιροηῑθ
2263 501 2458 558 venire
2489 504 2558 559 ad
2587 507 2966 574 peccandum.
2987 509 3094 564 Sed
3118 511 3258 567 dum
3282 513 3351 568 de
3379 513 3470 570 bis
3491 515 3668 573 rebus

276 593 504 666 γνώμην
557 588 644 644 ἐπὶ
702 589 763 642 τὸ
811 586 1138 660 ἁμαρτάνειν
1177 584 1452 662 ἔρχεσθαι,
1503 590 1742 643 Τοιαῦτα
1785 588 1919 660 πρὸς

279 679 562 750 ἀλλήλους
594 675 1058 751 διαμιλλωμένων
1109 675 1310 744 αὐτῶν,
1341 678 1376 746 ἡ
1410 675 1588 747 ἐνάτη,
1621 675 1787 731 πάλιν
1817 697 1917 730 καο

275 764 612 836 ταλαϐοῦσα,
658 764 872 822 διέλυσε
924 766 1020 827 τὰς
1071 767 1324 836 ζητήσεις
1401 765 1660 829 Ἀναστάς
1709 765 1811 839 γάρ
1890 765 1918 819 6

279 865 422 924 θεῖος
492 853 766 931 Ἀϐἑρκιος
832 853 1122 923 σᾶπάζεται
1188 855 1314 916 τοὺς
1378 858 1764 928 περιεστῶτας,
1828 853 1918 909 καὶ

275 947 607 1025 εὐλογήσας,
640 942 827 1000 οἷ’καδε
859 943 950 998 σὺν
986 943 1308 1016 Εύξεινιανῷ
1336 943 1560 1017 πὲμπει.

347 1040 446 1094 ΙΔ’.
505 1035 724 1112 Ὁλίγαι
791 1035 854 1090 τὸ
924 1033 1058 1108 μετὰ
1104 1038 1270 1088 ταῦτα
1304 1032 1530 1103 διῆλθον
1562 1033 1788 1108 ἡμέραι,
1828 1035 1918 1088 καὶ

276 1129 372 1187 τὰς
402 1125 555 1202 πέριξ
587 1128 778 1197 κώμας
800 1123 888 1178 καὶ
919 1121 1025 1196 πρό
1063 1143 1122 1195 γε
1151 1143 1260 1194 τειρν
1289 1120 1478 1177 ἄλλων
1546 1125 1640 1184 τάς
1699 1121 1750 1176 ἐν
1808 1143 1919 1197 γει-

276 1219 472 1286 τόνων,
533 1215 645 1288 ἅμα
694 1218 812 1275 τοῖς
869 1209 1129 1289 ἀδελφοῖς
1204 1211 1438 1286 περιῄει*
1499 1210 1759 1284 ἐμάνθανε
1817 1213 1920 1286 γὰρ

279 1305 386 1376 ἤδη
421 1302 670 1364 πολλοὺς
717 1300 828 1356 ἐκεῖ
881 1298 1162 1379 διαφόροις
1220 1302 1495 1369 πιέζεσθαι
1552 1301 1755 1362 νόσοις.
1815 1307 1924 1355 Πε-

283 1395 511 1472 ριελθὼν
543 1391 633 1447 οὖν
678 1390 768 1446 καὶ
815 1392 1145 1466 θεραπεύσας
1188 1389 1326 1464 εὐχῇ
1369 1389 1460 1444 καὶ
1503 1393 1700 1464 χειρῶν
1743 1389 1923 1444 ἐπιθε-

282 1507 384 1554 σει,
416 1483 528 1539 ἐπεὶ
568 1480 852 1557 βαλανείου
906 1478 1107 1552 ἄπορον
1163 1479 1306 1554 ἐώρά
1334 1480 1426 1533 τὸν
1474 1479 1663 1548 τόπον,
1696 1486 1924 1554 πρᾶγμα

280 1577 496 1628 νοσοῦσι
549 1571 718 1640 δεξιὸν
787 1567 1151 1642 παραμύθιον,
1210 1566 1287 1630 εἷς
1344 1589 1460 1622 τινα
1516 1571 1700 1642 χῶρον
1754 1567 1925 1622 ἐλθὼν

281 1665 327 1736 ᾧ
368 1662 558 1736 ’Δγρὸς
590 1660 683 1734 μὶν
721 1663 756 1728 ἡ
787 1657 1006 1727 κλῆσις,
1046 1658 1294 1730 ποταμὸς
1335 1654 1390 1711 δὲ
1435 1655 1580 1729 αὑτῷ
1611 1655 1921 1731 παραρρέει,

280 1754 347 1808 τὰ
377 1752 578 1829 γόνατα
618 1754 696 1819 τῷ
737 1748 852 1821 Θεῷ
890 1746 1102 1817 κλίνας,
1140 1752 1238 1802 τοῦ
1287 1744 1516 1824 ἐδάφους
1555 1746 1778 1821 γίνεται.
1820 1750 1926 1802 Καῖ

2026 589 2180 644 inter
2221 606 2282 646 se
2323 590 2739 664 disceptarent,
2773 595 2910 651 hora
2957 613 3108 654 nona
3156 616 3359 656 rursus
3408 605 3664 673 veniens,

2027 677 2177 732 ﬁniit
2198 679 2563 748 quaestiones.
2581 682 2785 738 Statim
2805 685 2960 740 enim
2983 702 3228 757 surgens
3244 690 3474 747 divinus
3493 693 3668 749 Aber-

2027 765 2174 836 cius,
2209 767 2424 824 salutat
2453 786 2571 837 eos,
2606 773 2702 842 qui
2734 773 3212 842 circumslabant,
3247 783 3303 833 et
3332 796 3467 836 cum
3500 781 3669 840 bene-

2028 854 2296 923 dixisset,
2326 858 2568 914 domum
2606 860 2784 916 mittit
2813 877 2943 918 cum
2975 867 3336 922 Euxeniano.

2099 1032 2248 1088 XIV.
2281 1035 2452 1090 Pauci
2487 1037 2612 1092 dies
2644 1041 2842 1109 postea
2892 1042 3305 1113 preter-ierunt,
3341 1061 3473 1102 cum
3519 1045 3672 1105 vicos

2029 1123 2408 1179 circumcirca
2458 1126 2700 1196 positos,
2735 1133 2790 1183 et
2831 1135 2961 1184 ante
3006 1131 3170 1200 alios,
3215 1151 3313 1190 eos
3363 1135 3459 1206 qui
3509 1143 3673 1193 erant

2032 1211 2364 1280 pr0pinqui,
2399 1211 2542 1267 obiit
2573 1230 2702 1270 cum
2734 1215 3025 1273 fratribus.
3057 1219 3187 1274 Jam
3227 1222 3382 1276 enim
3432 1240 3672 1296 accepe-

2033 1308 2138 1366 rat,
2165 1300 2378 1356 multos
2395 1303 2571 1359 variis
2603 1304 2722 1358 illic
2752 1308 2970 1362 morbis
3002 1308 3283 1367 laborare.
3308 1312 3451 1368 Cum
3474 1321 3667 1372 autem

2033 1388 2291 1456 abiisset,
2324 1393 2380 1444 et
2409 1406 2508 1446 eos
2555 1399 2817 1450 curasset
2868 1397 3136 1466 precibus
3167 1404 3223 1456 et
3253 1418 3527 1458 manuum
3560 1405 3672 1460 im-

2032 1479 2335 1549 positione,
2357 1489 2664 1552 postquam
2687 1485 2830 1540 vidit
2853 1487 3040 1543 locum
3061 1505 3228 1560 egere
3245 1491 3471 1558 balneo,
3493 1494 3671 1564 (quod

2034 1568 2270 1638 quidem
2302 1571 2718 1641 aegrotantibus
2749 1578 2836 1628 est
2865 1579 3063 1646 aptum
3096 1578 3389 1651 solatium)
3433 1580 3669 1636 veniens

2033 1656 2092 1710 in
2137 1658 2450 1727 quemdam
2496 1659 2712 1726 locum,
2745 1663 2844 1733 qui
2890 1665 3218 1736 appellatur
3258 1670 3426 1738 Ager,
3461 1669 3672 1725 ﬂuvius

2034 1749 2229 1801 autem
2279 1762 2456 1818 prope
2503 1763 2637 1804 eum
2689 1749 2836 1818 ﬂuit,
2870 1752 3030 1807 ﬂexis
3062 1754 3175 1808 Deo
3225 1756 3467 1824 genibus
3512 1757 3674 1812 humi

280 1840 401 1897 ἰδοὺ
463 1841 665 1916 βροντή
731 1840 822 1909 μὲν
879 1835 930 1908 ἐξ
984 1831 1241 1910 ἀκριϐοῦς
1306 1836 1740 1911 καταρρήγνυται
1823 1842 1923 1904 τῆς

2048 1833 2299 1902 procidit.
2333 1839 2400 1889 Et
2427 1851 2560 1892 ecce
2611 1838 2865 1910 erumpit
2904 1839 3137 1910 quidem
3169 1842 3382 1897 tonitru
3412 1845 3554 1900 coelo
3586 1862 3676 1900 se-

286 1929 497 2005 αίθρίας
528 1949 541 1961 ·
602 1924 894 1983 ἀναδίδωσι
937 1922 995 1981 δὲ
1043 1926 1226 1998 πηγάς
1276 1929 1491 1998 θερμῶν
1525 1922 1732 1979 ὑδάτων
1761 1926 1796 1992 ἠ
1829 1929 1925 1998 γῆ,

287 2021 376 2074 καὶ
409 2017 497 2074 διὰ
543 2019 758 2072 πάντων
794 2016 1014 2088 ὑμνεῖτο
1055 2013 1207 2082 Θεὸς,
1241 2012 1477 2083 ἐπήκοος
1518 2013 1664 2068 οὕτω
1705 2011 1929 2067 δικαίων

287 2107 496 2184 ἀνδρῶν
527 2112 834 2182 γινόμενος.
869 2106 932 2160 Ἠ
983 2105 1167 2176 μέντοι
1215 2101 1450 2176 μακαρία
1483 2101 1654 2172 ἐκείνη
1688 2101 1928 2176 γλῶσσα,

287 2197 521 2259 λάκκους
589 2195 773 2271 ὀρύξαι
839 2199 956 2254 τοῖς
1018 2196 1279 2266 παροῦσιν
1358 2189 1735 2264 ἐντειλαμένη,
1796 2189 1932 2244 ὥστε

295 2288 546 2365 σύρροιαν
603 2287 656 2342 ἐν
725 2287 940 2347 τούτοις
999 2283 1238 2359 γίνεσθαι
1276 2287 1384 2336 τῶν
1442 2287 1655 2356 θερμῶν
1700 2279 1932 2352 ὑδάτων,

291 2378 379 2432 καὶ
423 2377 496 2438 εἷς
539 2375 826 2444 ἀνάκτησιν
855 2372 990 2427 αὑτᾶ
1023 2371 1292 2443 σωμάτων
1337 2371 1469 2425 εἶναι
1519 2368 1932 2440 πεπονηκότων,

291 2465 510 2538 ἐπανῄει
541 2464 676 2538 πρὸς
714 2463 812 2530 τήν
848 2461 1045 2519 οἰκίαν.
1080 2461 1169 2516 Ἐν
1201 2457 1381 2530 τούτῳ
1425 2459 1514 2512 οὖν
1568 2459 1595 2511 6
1653 2462 1759 2511 τῶν
1811 2477 1931 2510 πει‹

289 2559 505 2629 ρασμῶν
533 2553 623 2608 καὶ
671 2559 772 2621 τῆς
801 2550 1035 2622 έάπάτης
1082 2549 1286 2622 πατὴρ,
1339 2547 1366 2601 6
1416 2547 1654 2616 πονηρὸς
1696 2543 1930 2618 δαίμων,

283 2641 587 2718 γυναικείαν
632 2639 942 2714 ὑποκριθεὶς
1009 2639 1248 2713 μορφὴν,
1316 2635 1562 2710 πρόσεισι
1627 2638 1706 2707 τῷ
1773 2633 1932 2707 ἁγίῳ,

284 2732 540 2804 εὐλογίας
575 2735 764 2806 τυχεῖν
817 2725 974 2797 δῆθεν
1023 2729 1151 2800 παρ’
1201 2725 1364 2780 αὐτοῦ
1398 2723 1755 2799 βουλόμενος.
1788 2723 1845 2776 Ὀ
1879 2719 1935 2776 δὲ

285 2815 561 2874 ἐπιϐαλὼν
596 2817 783 2889 ἐκείνῲ
823 2815 950 2877 τοὺς
996 2813 1339 2892 ὀφθαλμοὺς,
1383 2812 1472 2865 καὶ
1512 2812 1603 2864 τὸν
1649 2811 1775 2864 εἶ’σω
1805 2831 1934 2882 κρυ-

287 2909 560 2980 πτόμενον
603 2905 769 2961 λύκον
821 2903 918 2958 οὐκ
970 2902 1262 2976 ἀγνοήσας,
1293 2900 1339 2954 εἰ
1397 2897 1486 2950 καὶ
1531 2899 1628 2964 τῆν
1671 2902 1765 2952 τοῦ
1799 2917 1935 2970 προ-

292 2991 459 3051 ϐάτου
511 2993 672 3069 δορὰν
737 2992 1031 3066 πριέιιειτο,
1092 2986 1240 3052 εὑθὶς
1328 2985 1763 3062 μεταστρέφεται,
1847 2986 1934 3039 καὶ

293 3083 433 3157 λίθῳ
482 3081 804 3157 προσπταίει
852 3079 944 3134 τὸν
992 3075 1134 3132 πόδα
1194 3077 1286 3131 τὸν
1340 3073 1553 3145 δεξιόν.
1619 3072 1934 3148 ΙΙεριαλγής

2042 1937 2200 1989 reno,
2234 1922 2446 1978 emittit
2495 1928 2686 1980 autem
2740 1932 2890 1984 terra
2922 1929 3105 1984 fontes
3135 1947 3419 2001 aquarum
3465 1933 3676 1988 calida-

2039 2027 2170 2065 rum
2197 2027 2210 2066 :
2237 2017 2293 2066 et
2326 2028 2426 2083 per
2448 2013 2641 2068 omnia
2670 2014 3020 2072 laudabatur
3050 2018 3224 2086 Deus,
3246 2021 3343 2091 qui
3368 2022 3562 2092 justos
3593 2022 3674 2078 sic

2040 2100 2294 2156 exaudit.
2328 2102 2468 2156 Cum
2515 2102 2680 2158 beata
2727 2114 2918 2160 autem
2960 2105 3059 2161 illa
3089 2108 3290 2179 lingua
3318 2109 3412 2178 iis,
3445 2110 3542 2180 qui
3571 2111 3678 2166 ad-

2040 2191 2518 2259 erant,jussisset
2548 2191 2740 2247 fodere
2771 2195 3072 2261 cisternas,
3109 2200 3172 2249 ut
3201 2214 3363 2267 aqua:
3393 2197 3586 2254 calida:
3618 2200 3678 2254 in

2041 2293 2139 2331 eas
2179 2277 2556 2346 conﬂuerent,
2580 2284 2637 2333 et
2665 2297 2742 2334 eae
2775 2286 2966 2336 essent
2997 2285 3064 2337 ad
3100 2285 3412 2339 recreanda
3443 2302 3686 2356 corpora

2040 2367 2386 2438 laborantia,
2420 2370 2660 2425 domum
2705 2373 3032 2427 revertitur.
3069 2374 3303 2430 Interim
3337 2384 3527 2431 autem
3557 2380 3684 2432 ten-

2047 2459 2327 2514 tationum
2361 2464 2416 2514 et
2467 2459 2822 2531 deceptionis
2882 2467 3046 2534 pater
3096 2464 3388 2536 malignus
3438 2466 3690 2536 daemon,

2045 2547 2285 2601 indutus
2318 2549 2504 2602 forma
2535 2548 2830 2617 muliebri,
2863 2551 3022 2606 venit
3054 2553 3125 2606 ad
3173 2558 3462 2619 sanctum,
3497 2553 3692 2611 volens

2046 2635 2117 2690 ab
2147 2635 2273 2707 ipso
2306 2636 2582 2707 consequi
2632 2637 3122 2696 benedictionem.
3157 2639 3256 2696 Ille
3307 2647 3500 2696 autem
3553 2659 3692 2698 con-

2038 2723 2209 2793 jectis
2243 2723 2301 2778 in
2333 2723 2496 2779 illum
2529 2723 2736 2793 oculis,
2761 2727 2860 2798 qui
2883 2728 3043 2783 intus
3074 2727 3314 2796 latebat,
3336 2729 3541 2802 lupum
3573 2747 3688 2786 non

2045 2813 2344 2880 ignorans,
2377 2814 2603 2868 etiamsi
2648 2815 2770 2869 ovis
2818 2815 3026 2884 pellem
3079 2817 3391 2886 induisset,
3423 2819 3690 2889 protinus

2045 2902 2346 2969 avertitur,
2405 2907 2461 2957 et
2515 2902 2710 2973 lapide
2777 2905 3018 2961 offendit
3096 2909 3295 2978 pedem
3368 2909 3687 2966 dexterum.

2045 2987 2252 3044 Dolore
2307 3005 2444 3060 ergo
2497 2991 2759 3056 affectus,
2793 3008 2967 3047 manu
3021 2996 3206 3065 tangit
3245 2993 3461 3050 talum:
3497 2997 3686 3068 ipsum

2047 3077 2204 3132 enim
2284 3087 2670 3149 percusseral.
2729 3081 3017 3150 Malignus
3094 3088 3284 3138 autem
3362 3101 3565 3140 rursus
3630 3086 3690 3141 in

298 3175 390 3232 οῦν
437 3172 751 3251 γενόμενος,
811 3165 1035 3225 ἅπτεται
1099 3170 1168 3241 τῇ
1237 3164 1385 3242 χειρὶ
1442 3168 1538 3218 τοῦ
1571 3162 1933 3240 ἀστραγάλου·

2052 3165 2303 3236 seipsum
2337 3172 2618 3234 mutatus,
2649 3169 2999 3224 suavissime
3029 3171 3181 3236 risit,
3215 3177 3274 3226 et
3302 3172 3692 3230 vehementis-

298 3266 457 3322 αὐτὸν
484 3264 583 3338 γὰρ
632 3262 700 3330 ἧν
746 3258 1068 3334 πεπληγώς.
1102 3257 1203 3314 Καὶ
1258 3257 1286 3310 6
1334 3255 1600 3327 πονηρὸς,
1643 3254 1717 3316 εἰς
1752 3254 1934 3308 ἑαυτὸν

297 3357 462 3415 πάλιν
521 3350 868 3429 μεταϐαλὼν,
928 3348 1148 3420 ἤδισνόν
1199 3370 1258 3404 τε
1300 3345 1392 3403 καί
1432 3348 1631 3423 θερμὸν
1690 3345 1934 3422 ἆνεγέλα,

298 3449 388 3504 καὶ
448 3447 552 3503 ἀπὸ
604 3452 705 3515 τῆς
769 3443 935 3520 φίλης
996 3441 1151 3505 εὐθὺς
1209 3438 1599 3516 ὑπερηφανίας*
1641 3439 1822 3508 Μήτοι
1875 3458 1938 3509 με

295 3537 506 3612 νόμιζε,
549 3535 720 3606 λέγει,
751 3537 858 3586 τῶν
899 3533 1162 3584 ταπεινῶν
1199 3529 1336 3582 εἶναι
1369 3526 1579 3581 ἐκείνων
1613 3523 1935 3598 δαιμονίων,

298 3625 330 3681 ἃ
375 3625 436 3680 σὺ
485 3621 758 3682 πολλάκις
813 3615 1131 3697 φυγαδεύειν
1163 3614 1335 3681 οἶδας,
1375 3616 1464 3670 καὶ
1517 3615 1664 3687 μόνῳ
1713 3619 1791 3686 τῷ

303 3734 451 3788 ματι·
483 3710 608 3766 ἀλλ’
648 3707 806 3770 αὐτός
839 3707 952 3780 εἶμι
982 3704 1142 3772 αὑτὸς
1176 3703 1592 3780 ἑκατόνταρχος,
1627 3703 1687 3756 οῦ
1733 3699 1799 3768 δὴ
1821 3702 1935 3788 Ακαὶ

297 3785 389 3858 νῦν
435 3801 512 3863 εἷς
579 3804 768 3871 πεῖραν
825 3795 1022 3865 ἐλθὼν,
1077 3796 1204 3868 ὁρᾷς
1257 3796 1374 3854 πῶς
1425 3791 1692 3867 χαλεπαῖς
1745 3785 1942 3866 βέϐλη-

302 3913 390 3947 σαι
433 3885 832 3963 περιωδυνίαις,
874 3886 901 3939 6
951 3881 1190 3945 πολλοῖς
1235 3881 1436 3956 ἒτέροις
1485 3879 1789 3955 λυσάμενος
1845 3881 1939 3941 τάς

303 3980 517 4042 ὀδύνας.
551 3976 738 4038 Οὕτως
778 3975 884 4030 ἂπὸ
940 3977 1036 4028 τοῦ
1072 3971 1330 4040 βλάπτειν
1363 3974 1390 4027 ὁ
1435 3973 1652 4046 μιαρὸς,
1683 3968 1942 4027 οὐδέποτε

303 4067 360 4124 δὲ
389 4067 496 4123 ἀπὸ
525 4069 622 4120 τοῦ
674 4064 903 4142 ὠφελεῖν
942 4059 1150 4132 οὐδένα,
1192 4061 1367 4132 ἑαυτῷ
1422 4062 1512 4115 τὸν
1568 4054 1780 4114 ἔπαινον
1846 4081 1941 4114 πε-

306 4157 566 4233 ριτίθησι.
614 4157 796 4211 Ταῦτα
853 4153 1030 4208 τοίνυν
1071 4151 1208 4227 πρὸς
1247 4150 1337 4205 τὸν
1394 4149 1702 4221 θαυμαστὸν
1750 4143 1940 4222 Ἀϐἑρ-

303 4267 422 4301 κιον
485 4245 619 4314 εἶπε,
663 4241 754 4297 καὶ
806 4262 911 4295 τινι
965 4244 1072 4295 τῶν
1119 4237 1552 4312 περιεστηκότων
1607 4235 1765 4289 αὑτὸν
1823 4255 1942 4289 νεα-

303 4334 498 4388 νίσκων
553 4328 812 4400 ἐπιπηδᾷο
862 4329 923 4383 ’ὸν
976 4327 1235 4402 χαλεπῶς
1297 4325 1567 4398 σπαράξας
1614 4343 1673 4378 τε
1718 4321 1808 4376 καὶ
1855 4319 1943 4376 δια

305 4420 554 4495 ταράξας,
578 4416 771 4491 μεταξὺ
811 4414 1025 4470 πάντωτ
1058 4413 1302 4474 ἐλεεινῶς
1342 4406 1693 4468 καταϐάλλει.

377 4509 478 4566 IE'.
510 4509 566 4560 Ὀ
601 4507 781 4579 μέντοι
828 4504 990 4578 μέγας
1059 4497 1338 4577 ’Λϐἐρκιος
1395 4498 1548 4556 ’ἐλεον
1608 4499 1803 4555 αὐτίκα
1846 4502 1942 4554 τοῦ

305 4595 582 4653 νεανίσκου
644 4588 826 4649 λαϐὼν
884 4593 974 4647 καὶ
1043 4589 1252 4661 δεηθεὶς
1309 4594 1405 4645 τοῦ
1463 4593 1596 4645 Θεοῦ
1661 4587 1814 4642 λύσιν
1886 4609 1945 4642 τε

307 4689 459 4759 αύτῷ
500 4683 692 4740 δίδωσι
722 4687 818 4738 τοῦ
849 4686 1040 4751 κακοῦ,
1081 4682 1172 4736 καὶ
1209 4681 1299 4736 τὸν
1351 4682 1540 4756 μιαρὸν
1592 4680 1793 4734 ἐκεῖνον
1827 4676 1942 4733 δαί-

313 4796 450 4851 μονα
508 4771 753 4830 ἐκποδὼν
791 4772 1024 4842 τίθησιν,
1054 4768 1198 4846 ἓργῳ
1230 4767 1481 4841 δηλώσας
1525 4771 1606 4832 τίς
1640 4770 1667 4824 ὁ
1696 4773 1792 4823 τοῦ
1824 4767 1950 4840 ἀγα-

310 4867 404 4922 θοῦ
464 4865 710 4937 μαθητὴς
757 4861 848 4917 καὶ
898 4861 1180 4937 άγαθύνειν
1229 4857 1632 4936 δεδιδαγμένος,
1673 4857 1762 4914 καὶ
1808 4859 1890 4918 τίς
1922 4858 1949 4910 ὁ

311 4955 361 5025 ἐξ
395 4954 572 5028 ἀρχῆς
613 4952 876 5025 πονηρὸς,
906 4949 995 5005 καὶ
1050 4954 1148 5005 τοῦ
1198 4949 1448 5024 πράττειν
1482 4947 1687 5010 ἄλλους
1741 4947 1807 5002 τά
1845 4967 1952 5002 πο-

313 5043 452 5116 νηρά
501 5038 847 5100 διδάσκιολος.
895 5040 1131 5100 Ἐκεῖνος
1173 5035 1230 5092 δέ
1275 5035 1403 5092 ἀλλ’
1453 5036 1513 5092 οὐ
1561 5037 1726 5114 μέχρι
1756 5035 1950 5090 τούτου

312 5131 464 5201 ἔστη,
498 5129 622 5184 οὐόὶ
666 5127 753 5182 ἐπὶ
824 5129 961 5202 μόνῃ
1006 5131 1074 5194 τῇ
1117 5127 1342 5200 τοιαύτῃ
1376 5123 1583 5198 ἔμεινεν
1614 5126 1776 5200 ἥττῃ,
1807 5122 1953 5180 ἀλλά

310 5220 401 5275 καὶ
460 5218 646 5293 ἒτέραν
703 5217 850 5290 αὑτῷ
906 5216 1274 5288 προκηρύττει
1330 5214 1534 5285 πάλην
1578 5213 1638 5269 οῦ
1673 5211 1813 5286 μηδὲ
1853 5215 1953 5281 τῆν

309 5308 534 5383 πρώτην
605 5307 915 5380 ὑπενεγκεῖν
973 5303 1214 5378 ἴσχυσεν.
1262 5300 1481 5371 Ἐπειδή
1529 5303 1628 5378 γάρ
1679 5304 1764 5358 καὶ
1809 5299 1952 5357 ἄκων

307 5397 471 5470 ἀπῄει
525 5396 618 5450 τὸν
666 5394 940 5448 νεανίσκον
981 5392 1288 5464 ιῖιπολιπὼν⁸
1329 5392 1556 5467 τραχείᾳ
1597 5392 1670 5453 ὡς
1719 5393 1834 5466 εἶχε
1862 5389 1951 5446 καὶ

319 5482 526 5541 ἀναιδεῖ
573 5483 927 5559 χρησάμενος
979 5482 1048 5557 τῇ
1077 5481 1250 5561 φωνῇ·
1293 5482 1449 5557 Ταχύ
1496 5499 1571 5552 σε,
1602 5476 1726 5558 ἔφη,
1761 5476 1953 5554 Ἀδέρ-

312 5596 418 5644 κιε,
473 5573 563 5627 καὶ
613 5573 812 5627 ἄκοντα
870 5570 1260 5646 παρασκευάσω
1324 5571 1424 5640 τὴν
1473 5569 1759 5643 Ῥωμαίων
1803 5567 1951 5639 ἰδεῖν,

323 5663 404 5722 Τὸ
439 5659 496 5718 δὲ
525 5659 626 5738 ἄρα
659 5660 719 5717 ού
760 5659 920 5734 πολῷ
968 5661 1185 5736 ὕστερον
1231 5653 1408 5730 ἐξέϐη,
1440 5659 1514 5722 ὡς
1571 5659 1636 5714 τά
1681 5659 1801 5730 ἑξῆς
1857 5663 1952 5714 τοῦ

2051 3255 2218 3320 sime,
2243 3259 2300 3308 et
2320 3253 2486 3309 solita
2519 3255 2778 3324 protinus
2800 3259 3108 3328 superbia:
3135 3259 3216 3313 Ne
3245 3276 3337 3314 me
3367 3262 3689 3328 existimes,

2052 3343 2261 3414 inquit,
2293 3359 2422 3398 esse
2468 3358 2536 3398 ex
2583 3341 2701 3398 illis
2751 3345 3072 3400 humilibus
3121 3349 3444 3414 daemoniis,
3475 3367 3595 3418 qua
3626 3356 3687 3406 tu

2051 3433 2166 3488 scis
2224 3449 2375 3503 saepe
2431 3431 2630 3504 fugare
2677 3432 2764 3488 vel
2811 3435 2985 3490 verbo
3036 3433 3158 3491 solo
3188 3453 3201 3492 :
3235 3439 3339 3492 sed
3387 3454 3520 3493 sum
3566 3439 3690 3509 ipse

2052 3522 2334 3589 centurio,
2367 3523 2531 3592 cujus
2565 3538 2698 3576 cum
2730 3539 2886 3578 nunc
2935 3523 3118 3578 fecisti
3153 3525 3501 3596 periculum,
3533 3527 3690 3584 vides

2053 3626 2228 3681 quam
2262 3610 2539 3681 gravibus
2571 3612 2651 3665 sis
2683 3612 2925 3668 affectus
2953 3613 3268 3683 doloribus,
3303 3615 3403 3685 qui
3434 3615 3694 3672 liberasti

2055 3699 2267 3754 multos
2297 3716 2331 3754 a
2361 3699 2660 3755 molestiis.
2704 3701 2798 3756 Sic
2855 3705 3239 3758 exsecrandus
3286 3721 3353 3760 ex
3399 3721 3486 3772 eo,
3538 3705 3692 3776 quod

2055 3789 2245 3855 laedat,
2280 3805 2580 3859 nunquam
2640 3793 2832 3844 autem
2879 3806 2947 3845 ex
2996 3807 3084 3858 eo,
3128 3793 3280 3860 quod
3331 3794 3534 3864 prosit,
3586 3793 3696 3848 sibi

2053 3878 2284 3932 laudem
2320 3878 2540 3934 tribuit.
2574 3878 2704 3934 Haec
2733 3894 2869 3950 ergo
2901 3880 3230 3935 admirabili
3261 3880 3404 3936 dixit
3431 3881 3691 3947 Abercio,

2054 3970 2110 4022 et
2159 3966 2436 4038 impetum
2487 3966 2622 4023 facit
2652 3966 2711 4020 in
2745 3969 3056 4039 quemdam
3105 3985 3170 4024 ex
3222 3969 3314 4037 iis,
3349 3969 3447 4040 qui
3497 3971 3691 4039 ipsum

2053 4055 2580 4122 circumsistebant,
2613 4054 3117 4110 adolescentibus:
3151 4071 3324 4125 quem
3375 4072 3509 4112 cum
3557 4074 3694 4126 gra-

2052 4143 2199 4196 viter
2220 4143 2648 4212 discerpsisset,
2667 4143 3072 4199 miserabiliter
3092 4145 3322 4215 projicit
3348 4144 3406 4200 in
3430 4146 3690 4201 medium

2055 4243 2339 4284 omnium.

1972 4520 2030 4586 D
2124 4509 2236 4564 XV.
2271 4508 2518 4580 Magnus
2544 4511 2736 4563 autem
2762 4509 3042 4566 Abercius
3073 4513 3268 4567 statim
3303 4513 3700 4570 misericordia

2057 4602 2252 4653 motus
2301 4595 2710 4669 adolescentis,
2739 4605 2796 4654 et
2830 4604 3009 4656 Deum
3059 4607 3344 4672 precatus,
3377 4619 3510 4658 eum
3544 4604 3697 4661 malo

2061 4686 2252 4756 solvit,
2311 4695 2365 4742 et
2421 4689 2840 4743 exsecrandum
2895 4688 3060 4744 illum
3121 4690 3439 4746 daemonem
3498 4693 3698 4762 procul

2062 4773 2314 4846 expellit,
2348 4790 2408 4830 re
2437 4775 2563 4844 ipsa
2589 4776 2918 4840 ostendens,
2944 4777 3216 4847 quisnam
3248 4779 3325 4832 sit
3354 4777 3488 4834 boni
3519 4779 3700 4834 disci-

2061 4863 2254 4936 pulus,
2287 4867 2344 4919 et
2391 4864 2491 4934 qui
2551 4864 2698 4919 bene
2754 4867 2938 4920 facere
2991 4865 3294 4920 didicerit:
3327 4871 3381 4922 et
3426 4867 3698 4937 quisnam

2060 4954 2109 5008 is
2139 4954 2234 5022 sit,
2267 4953 2367 5024 qui
2419 4959 2508 5008 est
2562 4951 2747 5008 malus
2789 4953 2861 5007 ab
2908 4953 3094 5019 initio,
3126 4958 3184 5009 et
3214 4955 3493 5026 magister
3550 4956 3702 5014 male

2063 5042 2310 5098 faciendi
2364 5042 2515 5098 aliis.
2549 5041 2651 5097 Ille
2687 5045 2883 5097 autem
2939 5059 3054 5096 non
3085 5057 3151 5097 eo
3183 5059 3366 5113 usque
3422 5045 3701 5112 constitit,

2061 5147 2246 5201 neque
2297 5130 2475 5186 semel
2520 5135 2859 5201 superatum
2908 5147 3038 5186 esse
3069 5131 3210 5186 satis
3241 5131 3444 5188 babuit
3471 5149 3485 5189 :
3518 5135 3619 5189 sed
3652 5135 3704 5190 ei

2063 5235 2266 5276 rursus
2299 5219 2515 5275 bellum
2539 5220 2864 5290 denuntiat,
2887 5220 3060 5290 cujus
3082 5221 3336 5291 primum
3367 5222 3702 5278 conﬂictum

2064 5326 2177 5364 non
2210 5309 2398 5381 potuit
2427 5307 2730 5364 sustinere.
2763 5309 3000 5373 Quando
3039 5310 3194 5364 enim
3244 5309 3464 5364 invitus
3513 5328 3703 5366 reces-

2061 5399 2158 5467 sit,
2197 5397 2394 5453 relicto
2441 5396 2825 5464 adolescente,
2859 5413 3065 5468 aspera
3094 5403 3151 5452 et
3193 5399 3521 5468 impudenti
3569 5416 3706 5455 voce

2062 5502 2238 5542 usus:
2273 5485 2394 5540 Cito
2424 5491 2500 5553 te,
2535 5485 2742 5556 inquit,
2777 5502 2808 5541 ο
2841 5486 3068 5552 Abcrci,
3100 5489 3186 5542 vel
3223 5486 3462 5542 invitum
3497 5489 3703 5545 faciam

2061 5575 2253 5632 videre
2331 5575 2725 5631 Romanorum
2800 5574 3108 5631 civitatem.
3167 5574 3282 5632 Hoc
3336 5578 3528 5632 autem
3588 5592 3704 5632 non

2070 5661 2250 5719 multo
2277 5665 2405 5734 post
2425 5663 2637 5728 evenit,
2659 5666 2721 5718 ut
2744 5663 3020 5736 deinceps
3049 5665 3444 5720 ostendemus.
3467 5661 3708 5720 Divinos
