4128 6274
439 257 592 318 1231

1777 253 1936 313 ΜΕΝ
1948 251 2055 312 SIS
2102 251 2477 313 OCTOBER.

3679 266 3849 330 1232

438 419 592 475 enim
615 416 897 474 Abercius
915 417 1156 472 domum
1182 431 1348 471 suam
1373 431 1655 481 reversus,
1680 419 1830 470 totos
1853 419 2061 486 septem

2191 412 2358 490 λόγου
2417 415 2679 487 δηλώσει.
2735 423 2796 478 Ὀ
2857 421 2950 493 μὶν
2981 420 3080 496 γὰρ
3113 424 3258 488 θεῖος
3285 422 3598 501 Ἀϐἐρκιος,
3627 429 3702 493 εἰς
3734 434 3845 502 τὴν

438 507 564 562 dies
593 507 870 578 transegit
900 507 958 560 in
984 504 1227 575 jejuniis
1249 508 1304 559 et
1325 505 1624 560 nocturnis
1655 504 1870 575 vigiliis
1901 501 2079 558 simul

437 611 568 650 cum
617 593 912 661 fratribus,
962 608 1170 660 rogans
1217 607 1291 646 ne
1338 595 1494 646 esset
1540 599 1696 646 tanta
1746 591 1970 646 inimici
2017 589 2078 644 in

437 697 570 738 eum
604 682 878 752 potentia,
913 684 976 733 ut
1005 696 1118 750 quo
1144 677 1240 734 ille
1271 695 1401 734 eum
1434 680 1692 747 duceret,
1715 679 1840 749 ipse
1873 695 2078 748 seque-

437 773 612 824 retur.
647 767 903 838 Septima
951 782 1083 821 vero
1134 771 1300 821 nocte
1331 767 1381 820 ei
1413 767 1471 821 in
1523 767 1747 821 somnis
1794 782 2079 838 apparens

438 858 742 921 Dominus,
793 857 977 910 dixit:
1020 859 1284 922 Romam,
1334 871 1366 910 ο
1417 855 1640 922 Aberci,
1697 871 1826 909 mea
1883 856 2077 911 venies

436 944 813 1016 providentia,
841 948 902 997 ut
931 943 1031 1014 qui
1057 943 1112 996 in
1143 959 1210 998 ea
1241 948 1399 1011 sunt,
1427 959 1625 998 meum
1655 959 1867 998 nomen
1899 960 2077 1015 agno-

436 1037 624 1090 scant.
660 1034 789 1088 Esto
819 1047 953 1103 ergo
997 1031 1147 1086 bono
1179 1030 1392 1098 animo,
1425 1032 1609 1102 gratia
1640 1034 1793 1086 enim
1829 1048 1959 1086 mea
1987 1038 2073 1088 te-

436 1138 568 1177 cum
618 1121 742 1176 erit.
777 1121 939 1174 Tunc
988 1123 1222 1174 sanctus
1255 1135 1285 1174 e
1315 1135 1518 1174 somno
1569 1120 1890 1174 excitatus:
1927 1119 2072 1186 Fiat,

433 1213 640 1283 inquit,
671 1211 935 1266 voluntas
981 1215 1101 1279 tua,
1135 1210 1394 1268 Christe:
1429 1214 1484 1265 et
1527 1210 1785 1266 divinam
1837 1211 2073 1282 appari-

431 1301 648 1357 tionem
693 1299 1048 1356 renuntiavit
1093 1299 1392 1354 fratribus.
1441 1298 1552 1353 Sed
1603 1300 1655 1354 ei
1694 1299 1930 1369 quidem
1989 1300 2073 1356 sic

433 1388 775 1459 praedictum
819 1391 906 1443 est
939 1387 1078 1456 fore,
1113 1390 1177 1442 ut
1204 1389 1423 1443 veniret
1454 1387 1527 1443 ad
1559 1387 1954 1444 Romanorum
1988 1388 2071 1443 ci-

432 1477 691 1534 vitalem.

502 1657 650 1714 XVI.
685 1657 978 1728 Malignus
1035 1660 1226 1713 autem
1281 1657 1528 1723 daemon,
1572 1658 1673 1728 qui
1724 1656 1894 1729 paulo
1938 1661 2071 1713 ante

2186 503 2378 557 ἑαυτοῦ
2432 505 2610 562 οἰκίαν
2667 507 2962 581 ὲπανελὼν,
3020 511 3153 567 ἑπτὰ
3209 513 3341 568 ὅλας
3403 515 3582 573 εἷλκεν
3621 521 3840 596 ἡμέρας

2188 590 2239 644 ἐν
2289 595 2561 662 νηστείαις
2620 598 2709 652 καὶ
2768 599 3084 678 παννυχίσιν
3119 603 3230 674 ἅμα
3278 609 3394 668 τοῖς
3427 590 3712 688 ἀδελφοῖς,
3739 590 3844 667 ’δε-

2188 679 2381 756 όμενος
2425 685 2500 756 μὴ
2561 687 2818 757 τοιαύτην
2870 689 3114 762 γενέσθαι
3173 693 3290 746 κατ’
3350 693 3517 749 αὐτοῦ
3569 679 3726 773 ίσχὺν
3758 705 3843 773 τῷ

2187 768 2368 844 ἔχθρῷ
2398 773 2471 833 ὡς
2524 775 2660 848 ᾗπερ
2718 773 2777 829 ἂν
2837 775 3044 839 ἐκεῖνος
3078 776 3179 853 ἄγῃ
3239 780 3329 834 καὶ
3396 784 3558 839 αὐτὸν
3589 768 3837 844 ἕπεσθαι-ο

2187 857 2288 912 ὑπὸ
2339 855 2395 913 δὲ
2459 861 2554 930 τὴν
2613 858 2853 936 ἑϐδόμην
2905 865 3070 921 νύκτα
3128 866 3257 943 ὄναρ
3317 871 3454 944 αὲτῷ
3495 875 3586 929 τὸν
3627 877 3836 952 Κύριον

2184 945 2494 1018 ἐπιστάντα,
2553 952 2642 1004 καὶ
2700 953 2792 1014 Εἷς
2847 955 3089 1026 Ῥωμην.
3152 957 3636 1034 φάναι,⁹Α6ἑρκιε,
3680 945 3836 1022 οῖ’κο-

2182 1034 2349 1129 νομίᾳ
2388 1042 2456 1111 τῇ
2497 1038 2603 1113 ἐμῇ
2654 1042 2831 1116 ἀφίξῃ·
2886 1042 3024 1098 ὥστε
3083 1042 3146 1114 δὴ
3189 1048 3279 1100 καὶ
3325 1048 3452 1111 τοὺς
3483 1051 3535 1105 ἐν
3585 1051 3723 1129 αὐτῇ
3768 1057 3836 1112 τὸ

2183 1123 2311 1197 ἐμὸν
2348 1125 2521 1198 ὄνομα
2563 1128 2883 1219 ἐπιγνῶναιἶ
2924 1130 3118 1208 Θάρῤει
3167 1143 3476 1209 τοιγαροῦν·
3511 1143 3545 1210 ἡ
3588 1123 3841 1219 γὰρ’γά..

2185 1233 2267 1286 ρις
2341 1234 2445 1286 μου
2507 1216 2641 1286 μετὰ
2693 1221 2789 1271 σοῦ
2858 1215 3024 1277 ἔσται.
3085 1223 3221 1277 Τότε
3275 1215 3670 1292 διυπνισθέντα-
3727 1215 3834 1287 ’τὸν

2182 1303 2354 1374 ἅγιον,
2415 1304 2647 1375 Γένοιτο,
2714 1306 2897 1384 φάναι,
2953 1309 3015 1362 τὸ
3067 1309 3286 1383 θέλημά
3344 1335 3462 1385 σου,
3517 1318 3701 1391 Κύριε*
3735 1322 3835 1376 καὶ

2338 1390 2479 1445 θείαν
2540 1392 2749 1465 ἐκείκην
2810 1394 3100 1472 ἐμφάνειαν
3157 1406 3275 1463 τοῖς
3333 1390 3608 1483 ἀδελφοῖς
3656 1408 3837 1484 ἀπαγ-

2177 1477 2378 1553 γεῖλαι,
2414 1479 2590 1537 Ἀλλὰ
2644 1488 2722 1554 τῷ
2781 1485 2878 1555 μὲν
2919 1485 3061 1542 οὕτω
3101 1488 3190 1542 καὶ
3221 1492 3365 1565 παρὰ
3539 1477 3831 1571 Ῥωμαίων

2177 1566 2342 1622 πόλιν
2373 1569 2650 1647 ἀφικέσθαι
2690 1573 3009 1648 προείρητο.

2249 1658 2333 1719 Ις’.
2364 1658 2426 1714 Ὀ
2467 1655 2523 1713 δὲ
2577 1662 2818 1735 πονηρὸς
2847 1659 3059 1736 δαίμων
3117 1665 3318 1732 ἐκεῖνος
3378 1671 3406 1724 ὁ
3450 1675 3633 1748 μικρῷ
3681 1676 3825 1750 πρό-

432 1764 563 1803 cum
622 1763 689 1804 eo
739 1752 1045 1802 venturum
1095 1751 1184 1802 est
1231 1747 1551 1814 minitatus,
1601 1747 1745 1802 nihil
1795 1747 2061 1803 differens

2177 1746 2291 1799 σθεν
2342 1751 2418 1818 τῷ
2470 1749 2604 1821 ἁγίῳ
2659 1751 2757 1820 τὴν
2825 1750 3000 1829 ἄφιξιν
3061 1755 3262 1827 ταύτην
3318 1758 3610 1834 ἐπισείσας,
3668 1763 3828 1820 οὐδὲν

2189 1832 2203 1852 9

428 1837 587 1891 venit
633 1836 893 1902 Romam,
925 1839 985 1890 et
1013 1835 1378 1906 imperatoris
1425 1837 1706 1891 Antonini
1737 1835 1917 1892 ﬁliam
1945 1837 2067 1907 jam

429 1923 712 1991 nubilem,
745 1927 802 1979 et
831 1923 1121 1979 sexdecim
1150 1939 1334 1978 annos
1373 1927 1570 1980 natam
1603 1925 1701 1996 (1),
1733 1940 1855 1995 quae
1895 1925 2069 1981 Lucio

426 2014 658 2083 quidem
709 2013 855 2068 Vero
913 2013 1098 2068 fuerat
1149 2013 1458 2084 desponsa,
1508 2014 1827 2068 vocabatur
1873 2019 2067 2069 autem

425 2101 663 2167 Lucilla,
697 2103 753 2155 et
781 2106 1016 2155 caeteras
1064 2116 1197 2155 suas
1241 2100 1491 2171 aequales
1539 2100 1974 2170 pulchritudine
2014 2105 2070 2156 et

424 2191 828 2262 magnitudine
871 2191 1205 2261 superabat,
1241 2191 1604 2261 ingreditur:
1639 2193 1696 2244 et
1725 2191 1924 2247 statim
1956 2193 2070 2250 ciet

426 2280 640 2347 furore,
673 2288 735 2333 ut
784 2295 846 2334 se
905 2279 1259 2350 discerperet
1288 2283 1343 2333 et
1373 2279 1667 2350 dejiceret,
1699 2285 1755 2335 et
1799 2281 2068 2337 dentibus

427 2369 717 2423 morderet
764 2383 994 2436 manus,
1027 2371 1085 2422 et
1116 2383 1249 2422 suas
1280 2382 1486 2424 carnes
1535 2371 1853 2424 manderet.
1887 2370 2068 2426 Mater

2178 1830 2604 1929 αναϐαλόμενος,
2657 1839 2733 1901 εἷς
2781 1843 3000 1915 Ῥώμην
3052 1851 3231 1921 φοιτᾷ,
3262 1847 3352 1902 καί
3402 1851 3499 1918 τήν
3538 1830 3634 1907 τοῦ
3667 1855 3832 1929 βασι-

2178 1921 2316 1985 λέως
2348 1925 2672 1982 Ἀντωνίνου
2725 1927 2913 2001 παῖδα,
2973 1931 3241 2008 ἐπίγαμόν
3282 1957 3340 1991 τε
3383 1936 3494 2009 ἤδη
3529 1940 3617 1995 καὶ
3650 1921 3834 1999 ἐκκαι-

2177 2010 2377 2110 δεκὲτιν
2427 2013 2693 2110 οὖσαν,
2974 2023 3074 2110 μὲν
3130 2025 3345 2098 Λευκίῳ
3411 2026 3568 2104 ἀνδρι
3615 2053 3829 2110 κατηγ-

2172 2102 2368 2175 γύητο,
2428 2104 2709 2161 Λουκίλλα
2761 2105 2818 2162 δὲ
2876 2108 3144 2182 ἐκαλεῖτο,
3205 2115 3398 2170 κάλλει
3453 2102 3540 2172 καὶ
3607 2102 3829 2196 μεγέθει

2173 2191 2267 2252 τὰς
2313 2195 2429 2246 κατ’
2476 2193 2640 2263 αὐτὴν
2702 2197 3179 2276 ὑπερενεγκοῦσαν,
3240 2201 3527 2277 εἰσδύεται,
3576 2212 3660 2264 καὶ
3731 2213 3835 2267 αὐ-

2173 2279 2296 2334 τὶκα
2365 2279 2628 2354 ἐκμαίνει’
2673 2284 2746 2346 ὡς
2804 2287 3151 2361 ταράττεσθαί
3217 2312 3274 2345 τε
3320 2293 3411 2347 καὶ
3479 2293 3825 2354 καταϐάλλε-

2175 2370 2316 2437 σθαι,
2357 2371 2446 2425 καῖ
2478 2370 2663 2425 ὀδοῦσι
2712 2379 2818 2428 τῶν
2853 2378 3056 2453 χειρῶν
3094 2377 3372 2451 ἅπτεσθαι,
3396 2384 3485 2438 καὶ
3514 2387 3607 2448 τὰς
3648 2385 3822 2456 αὒτῆς

424 2462 618 2512 autem
664 2455 945 2511 Faustina
983 2455 1114 2526 (hoc
1163 2455 1314 2510 enim
1348 2461 1467 2510 erat
1505 2473 1715 2512 nomen
1765 2459 2062 2529 Augustae)

424 2544 600 2600 simul
643 2559 773 2598 cum
822 2544 1114 2598 Antonino
1162 2545 1528 2615 augebantur
1566 2545 1782 2611 animo,
1816 2551 1869 2599 et
1900 2546 2062 2601 valde

425 2640 588 2688 erant
618 2631 782 2686 dubii
817 2646 881 2686 ac
912 2630 1184 2700 perplexi,
1219 2636 1274 2685 et
1303 2647 1431 2686 eam
1464 2648 1584 2687 rem
1618 2634 1929 2688 maximam
1961 2635 2062 2689 du-

421 2721 630 2776 cebant
658 2720 1070 2775 calamitatem.
1097 2720 1256 2784 Quod
1285 2725 1478 2775 autem
1501 2721 1581 2776 eis
1611 2721 1863 2776 maxime
1893 2739 2060 2792 auge-

420 2810 517 2865 bat
561 2809 741 2865 animi
789 2809 1215 2880 aegritudinem,
1249 2815 1392 2877 erat,
1434 2810 1589 2882 quod
1638 2810 1828 2882 puella
1870 2814 2060 2868 fuerat

418 2900 706 2970 desponsa
747 2898 943 2953 Lucio.
993 2898 1138 2953 Nam
1187 2915 1320 2954 eum
1365 2898 1600 2970 quidem
1644 2900 1770 2970 jam
1821 2902 2061 2958 miserat

414 2988 747 3045 Antoninu
778 2989 848 3042 ad
880 2989 1189 3055 Orientem,
1237 2988 1456 3043 bellum
1505 2994 1802 3061 gesturum
1853 2996 2057 3048 contra

2173 2981 2269 3054 ἤδη
2304 2985 2439 3059 πρὸς
2469 2988 2565 3054 τήν
2621 2990 2794 3061 Ἐῴαν
2849 2991 3093 3067 πόλεμον
3151 2995 3530 3069 συμϐαλοῦντα
3569 3011 3648 3076 τῷ
3707 3008 3808 3081 βο.-

414 3092 607 3148 regem
640 3075 986 3148 Bulgessum
1019 3076 1111 3146 (2).
1151 3077 1302 3131 Inter
1330 3093 1428 3132 eos
1457 3082 1648 3132 autem
1683 3087 2051 3149 convenerat,

2173 3072 2308 3168 τιλεῖ
2363 3074 2706 3168 Βουλγὲσσῳ.
2768 3083 3010 3156 Ὕπῆρχε
3043 3080 3097 3138 δὲ
3139 3085 3413 3157 ἄλλῆλοις
3454 3072 3801 3168 συγκείμενον

413 3170 478 3220 ut
508 3173 654 3220 stato
683 3165 777 3218 die
808 3163 1022 3219 Lucius
1069 3163 1306 3234 quidem
1339 3165 1412 3219 ab
1443 3165 1695 3235 Oriente,
1723 3169 2051 3226 Antoninus

2173 3163 2298 3218 ίατά
2356 3185 2504 3226 τινας
2554 3167 2722 3239 ῥητὰς
2781 3170 3010 3243 ἡμέρας,
3067 3175 3159 3228 τὸν
3220 3178 3312 3248 μὲν
3363 3178 3469 3234 ἀπὸ
3510 3189 3608 3251 τῆς
3665 3187 3807 3257 Ἕω,

415 3262 606 3309 autem
663 3254 844 3309 Roma
902 3253 1164 3309 venirent
1223 3253 1555 3324 Ephesum:
1597 3261 1653 3310 et
1698 3256 1755 3310 in
1817 3260 2052 3326 templo,

2173 3251 2256 3305 τὸν
2288 3253 2540 3324 Λεύκιον,
2571 3256 2661 3309 τὸν
2697 3254 2754 3311 δὲ
2776 3257 2881 3313 ἀπὸ
2921 3261 3139 3332 Ῥώμης
3196 3266 3296 3331 τήν
3345 3268 3578 3344 Ἔφεσον
3643 3251 3806 3329 καταλ

415 3343 571 3414 quod
603 3342 681 3397 ibi
713 3347 856 3410 erat,
880 3342 1071 3397 Dianas
1103 3343 1454 3409 Antoninus,
1480 3345 1585 3399 dea
1619 3349 1782 3413 teste,
1809 3348 2055 3403 traderet

2173 3334 2349 3394 λαϐεῖν
2384 3361 2395 3372 ·
2456 3343 2546 3395 καὶ
2579 3341 2629 3397 ἒν
2689 3349 2767 3416 τῷ
2815 3349 2930 3401 κατ’
2963 3346 3122 3417 αὐτὴν
3181 3355 3291 3422 ναῷ
3318 3361 3418 3422 τῆς
3454 3358 3814 3432 Ἀρτέμιδος,

414 3430 689 3501 puellam,
715 3430 928 3485 Lucius
947 3446 1077 3486 vero
1098 3431 1399 3499 acciperet.
1424 3434 1563 3487 Cum
1587 3449 1722 3504 ergo
1746 3435 1976 3504 Lucius,
1995 3443 2054 3492 ut

2173 3429 2249 3481 τὸν
2315 3429 2408 3500 μὲν
2471 3431 2572 3484 ὑπὸ
2634 3434 2864 3507 μάρτυρι
2916 3442 2985 3510 τῇ
3043 3440 3148 3511 θεῷ
3219 3444 3533 3507 καταθέσθαι
3591 3454 3812 3524 Λευκίῳ

413 3523 776 3584 convenerat,
814 3535 1055 3590 propere
1101 3519 1398 3591 navigaret
1438 3521 1750 3593 Ephesum,
1789 3525 2052 3580 nesciens

2173 3518 2259 3584 τήν
2285 3515 2472 3586 παῖδα,
2502 3524 2593 3574 τὸν
2629 3519 2686 3575 δὲ
2717 3520 2984 3592 δέξασθαι,
3030 3527 3177 3582 Ἐπεὶ
3210 3527 3298 3582 οὖν
3345 3532 3372 3584 ὁ
3405 3533 3629 3596 Λεύκιος
3671 3515 3811 3593 κατα

411 3607 550 3679 quid
572 3613 765 3679 ageret
780 3608 1129 3673 Antoninus,
1145 3625 1270 3663 cum
1291 3614 1444 3665 esset
1462 3611 1589 3679 ejus
1611 3610 1728 3665 ﬁlia
1747 3628 1780 3667 a
1797 3614 2051 3670 daemone

2173 3606 2252 3667 νὰς
2312 3610 2576 3678 συνθήκας
2631 3607 2783 3666 ἔπλει
2828 3615 2963 3688 πρὸς
3020 3617 3119 3684 τήν
3160 3619 3384 3696 Ἔφεσον
3431 3620 3808 3699 ἐπειγόμενος,

408 3701 694 3766 correpta,
717 3701 950 3766 tempus
976 3697 1260 3764 protrahit
1281 3698 1670 3765 excusatione,
1699 3700 1957 3756 scribens
1979 3703 2048 3756 ad

2173 3694 2259 3748 >ύκ
2298 3690 2441 3771 ἔχων
2495 3695 2521 3750 ὅ
2565 3721 2615 3752 τι
2662 3703 2932 3774 χρήσαιτο
2983 3705 3155 3777 ἑαυτῴ
3183 3707 3501 3772 Ἀντωνῖνος
3536 3710 3810 3786 δαιμονῶ-

409 3784 676 3849 Lucium,
701 3784 847 3855 quod
869 3783 1427 3871 Germanttrajecto
1453 3784 1676 3851 Rheno,
1700 3789 1913 3858 oppida
1945 3790 2049 3844 Ro-

2173 3803 2257 3851 της
2324 3785 2469 3858 αύτῷ
2513 3795 2611 3857 τῆς
2669 3787 2862 3852 παιδὸς
2896 3794 3161 3868 προφάσει
3193 3793 3531 3871 διακρούεται
3573 3805 3662 3857 τὸν
3693 3828 3808 3860 και-

410 3887 713 3926 manorum
745 3874 800 3925 et
833 3869 984 3925 vicos
1018 3869 1410 3941 populantur:
1443 3876 1497 3926 et
1527 3871 1651 3928 ideo
1684 3890 1799 3928 non
1830 3881 2051 3944 poterat

2173 3873 2271 3940 36v,
2327 3876 2536 3948 γράψας
2604 3878 2817 3951 Λευκίῳ
2875 3881 2947 3942 ὡς
3003 3882 3064 3936 τὸ
3102 3889 3387 3958 Γερμανῶν
3416 3883 3563 3953 ἔθνος
3614 3890 3806 3950 διαϐὰν

409 3976 563 4016 nunc
593 3976 725 4014 cum
761 3959 880 4013 filia
905 3960 1098 4014 venire
1129 3959 1439 4031 Ephesum,
1465 3967 1524 4014 ut
1557 3969 1920 4030 convenerat,
1946 3966 2045 4020 sed

2173 3961 2244 4014 τὸν
2277 3963 2486 4035 Ῥῆνον,
2517 3966 2610 4026 τάς
2662 3988 2719 4020 τε
2776 3969 2969 4032 πόλεις
3015 3971 3302 4043 Ῥωμαίων
3364 3978 3577 4042 καὶτὰς
3607 3985 3803 4056 κώμας

403 4054 629 4103 tantum
657 4066 808 4104 anno
841 4050 1125 4120 sequenti.
1149 4051 1211 4104 Ei
1235 4054 1428 4105 autem
1461 4067 1593 4106 cum
1628 4052 1684 4107 in
1722 4056 1914 4111 media
1944 4072 2044 4109 na-

2173 4047 2426 4120 t‘q-‘i-Cs'cczt‘
2484 4054 2764 4110 κάντεῦθεν
2827 4055 2965 4129 μηδὲ
3020 4062 3155 4116 κατά
3217 4065 3285 4117 τά
3343 4047 3803 4141 συγκείμενα-δύ-

402 4137 695 4208 vigatione
741 4139 974 4192 redditas
1019 4138 1269 4193 fuissent
1311 4139 1512 4195 litteras
1558 4141 1627 4196 ab
1676 4143 2044 4216 imperatore,

2173 4150 2342 4202 »ασθαι
2372 4144 2459 4195 νῦν
2497 4142 2571 4204 είς
2624 4145 2850 4217 Ἒφεσον
2913 4150 3045 4220 μετά
3092 4157 3193 4219 τῆς
3232 4151 3423 4214 παιδὸς
3458 4154 3796 4232 συνδραμεῖν,

404 4242 614 4296 magno
647 4225 841 4281 dolore
870 4227 1130 4293 affectus,
1163 4227 1337 4298 idque
1370 4230 1558 4284 ferens
1606 4233 1928 4304 aegerrime,
1960 4251 2042 4290 re-

2173 4228 2279 4283 ίλλ⁹
2311 4230 2386 4291 εἷς
2406 4231 2467 4285 τὸ
2501 4230 2649 4286 ἒπιὸν
2684 4230 2820 4296 ἔτος.
2853 4237 2945 4308 Τῷ
2977 4235 3053 4307 δὲ,
3088 4237 3273 4309 ἐπειδὴ
3308 4243 3442 4298 κατὰ
3488 4225 3642 4316 μέσον
3703 4251 3796 4304 τὸν

401 4314 640 4368 vertitur
687 4315 1070 4369 Antiochiam.
1110 4318 1428 4386 Imperator
1467 4323 1662 4374 autem
1714 4324 2044 4379 Antoninus

2173 4318 2324 4371 τλοῦν
2374 4319 2440 4373 τὰ
2483 4323 2629 4392 παρὰ
2699 4323 2966 4398 βασιλέως
3017 4327 3224 4398 ὑπήντα
3284 4333 3598 4406 γράμματα’
3668 4339 3800 4414 σφό-

403 4403 611 4472 partim
645 4403 881 4472 quidem
915 4419 1021 4456 sua
1053 4408 1258 4473 sponte
1289 4405 1447 4459 valde
1481 4406 1549 4460 de
1582 4406 1701 4462 ﬁlia
1732 4409 2039 4478 sollicitus,

2173 4407 2252 4479 ῖρα
2284 4430 2340 4462 τε
2388 4412 2671 4483 ἀθυμήσας
2730 4414 2818 4468 καὶ
2869 4414 3128 4488 χαλεπῶς
3170 4418 3425 4495 ἐνεγκὼν,
3475 4424 3548 4484 εἷς
3587 4429 3686 4493 τήν
3715 4403 3796 4482 ’ἐν

401 4490 608 4560 partim
658 4505 790 4543 vero
821 4507 849 4544 a
882 4489 1130 4560 conjuge
1179 4490 1478 4557 incitatus,
1525 4494 1724 4549 omnia
1772 4497 2036 4570 faciebat,

2173 4496 2330 4572 ιάφνῃ
2366 4501 2695 4575 Ἀντιόχειαν
2749 4504 3086 4580 ὑποστρέφει.
3139 4508 3399 4572 Βασιλεὺς
3444 4510 3499 4566 δὲ
3535 4517 3796 4570 ’Λντωνί-

400 4583 458 4634 et
487 4595 518 4633 a
551 4577 706 4634 nullo
737 4576 1085 4648 abstinebat,
1118 4577 1274 4649 quod
1304 4578 1540 4636 haberet
1571 4583 1874 4642 rationem.

2173 2458 2371 2531 σάρκας
2420 2456 2804 2532 διαμασᾶσθαι.
2839 2465 2899 2518 ’Π
2943 2463 3035 2520 οὖν
3087 2471 3273 2542 μήτηρ
3308 2473 3578 2528 Φαυστίνα
3633 2477 3818 2550 (τοῦτο

2169 2546 2270 2619 γὰρ
2306 2547 2368 2614 ἦν
2403 2543 2574 2619 ὄνομα
2603 2553 2671 2622 τῇ
2720 2550 3032 2628 Αὐγούοτῃ)
3082 2555 3230 2632 λύπῃ
3266 2559 3356 2613 σὺν
3390 2565 3687 2637 Ἀντωνίνῳ
3727 2568 3820 2621 καὶ

2166 2631 2365 2706 ἀπορίᾳ
2421 2631 2609 2696 δεινῶς
2659 2635 2895 2711 εἷ’χοντο,
2949 2641 3040 2695 καὶ
3112 2631 3394 2725 συμφορὰν
3457 2631 3694 2724 ἓσχάτην
3754 2656 3819 2710 τὸ

2163 2724 2390 2797 πρᾶγμα
2450 2721 2685 2778 ἐτίθεντο
2723 2747 2735 2758 ’
2765 2726 2831 2794 ἦν
2867 2725 2925 2782 δὶ
2980 2731 3042 2784 τὸ
3119 2732 3360 2804 μάλιστα
3407 2738 3592 2803 αὐτοῖς
3621 2740 3822 2796 ἐπιτεῖ-

2163 2827 2253 2860 νον
2295 2810 2392 2876 τὴν
2451 2809 2682 2882 ἀθυμίαν
2732 2815 2766 2880 ἡ
2836 2816 2973 2889 πρὸς
3044 2817 3133 2872 τὸν
3199 2823 3422 2879 Λεύκιον
3485 2830 3582 2896 τῆς
3644 2829 3818 2905 κόρης

2169 2898 2449 2967 μνηστεία,
2515 2902 2720 2954 Τοῦτον
2760 2902 2862 2975 γὰρ
2930 2903 3252 2962 ἀπεστάλκει
3321 2911 3416 2981 μὲν
3491 2898 3812 2982 Ἀντωνῖνος

2149 4609 2230 4656 νο,
2262 4593 2424 4643 τοῦτο
2463 4591 2553 4662 μὲν
2587 4591 2673 4644 καὶ
2707 4597 2822 4654 τοῖς
2850 4593 3072 4656 οἰκείοις
3129 4595 3474 4677 σπλάγχνοις
3524 4605 3648 4677 περὶ
3693 4608 3786 4673 τὴν

2147 4682 2247 4745 τῆς
2278 4674 2471 4739 παιδὸς
2505 4677 2761 4755 φροντίδα
2791 4678 2988 4747 πολὺς,
3023 4683 3120 4751 ὢν,
3151 4674 3406 4742 τοῦτοδὲ
3427 4690 3516 4744 καὶ
3554 4693 3658 4747 ὑπὸ
3689 4698 3782 4758 τῆς

2147 4765 2374 4840 συζόγου
2432 4768 2890 4841 παροξυνόμενος,
2949 4772 3116 4826 πάντα
3170 4794 3229 4828 τε
3285 4774 3475 4850 ἐποίει,
3507 4782 3595 4835 καί
3642 4781 3790 4838 οὐδε-

2143 4853 2233 4914 νὸς
2264 4854 2527 4927 ἀπείχετο
2557 4859 2662 4911 τῶν
2705 4856 2868 4933 λόγον
2897 4859 3155 4934 ἐχόντων.

2217 4945 2310 4997 ]Ζ’.
2347 4942 2485 5004 Τοὺς
2516 4945 2805 5018 Ῥωμαίων
2853 4948 3027 5004 τοίνυν
3066 4951 3154 5004 καὶ
3186 4952 3410 5010 Ἰταλῶν
3456 4959 3620 5033 ἱερεῖς
3669 4982 3793 5015 συν-

2143 5033 2356 5104 αγαγών
2419 5034 2509 5087 καὶ
2577 5034 2977 5099 οἰωνοσκόπους
3044 5039 3149 5094 ἀπὸ
3235 5041 3537 5119 Τυρρηνίας
3623 5071 3791 5120 μετα-

2142 5119 2513 5192 στειλάμενος,
2548 5122 2800 5196 ἐξώρκιζὲ
2829 5146 2886 5180 τε
2916 5127 3004 5180 τὸν
3052 5124 3278 5200 δαίμονα
3311 5129 3378 5185 δι’
3436 5119 3635 5208 αὐτῶν,
3692 5141 3785 5193 καὶ

2143 5206 2294 5283 ρύδὲν
2329 5209 2358 5262 ὅ
2412 5231 2462 5264 τι
2521 5211 2621 5265 οὐκ
2676 5210 2880 5268 ἐπενόει
2919 5215 3054 5290 πρὸς
3113 5217 3213 5284 τήν
3270 5224 3364 5274 τοῦ
3422 5229 3588 5278 κακοῦ
3621 5206 3783 5300 θερα-

465 4931 639 4988 XVII.
671 4932 956 4987 Adductis
1004 4930 1198 5004 itaque
1242 4935 1638 4991 Romanorum
1673 4942 1725 4992 et
1756 4937 2032 4994 Italorum

397 5021 816 5088 sacerdotibus,
847 5028 904 5076 et
933 5038 997 5076 ex
1031 5022 1258 5077 Etruria
1306 5023 1602 5079 accersitis
1643 5026 2029 5095 aruspicibus,

396 5122 498 5176 per
527 5108 682 5175 ipsos
714 5110 1020 5179 adjurabat
1048 5112 1390 5179 daemonem,
1414 5118 1470 5168 et
1492 5112 1635 5168 nihil
1657 5130 1769 5170 non
1803 5118 2033 5186 excogi—

391 5194 546 5249 tabat
573 5196 644 5250 ad
677 5197 814 5251 mali
845 5198 1223 5257 curationem.
1249 5200 1353 5257 Illa
1384 5207 1579 5258 autem
1600 5207 1658 5259 et
1680 5203 1876 5259 inania
1907 5221 2031 5261 esse

428 5416 732 5497 .(t)_Anno
766 5420 887 5497 163,
920 5425 1066 5497 teste
1113 5425 1358 5497 Beronio
1390 5427 1565 5484 Marci
1596 5427 1814 5485 Aurelii
1846 5432 2024 5488 Anto-

383 5491 516 5557 nini
537 5491 905 5557 imperatoris
929 5491 1047 5545 ﬁlia
1077 5495 1372 5552 obsidetur
1403 5515 1436 5553 a
1464 5501 1742 5557 daemone.

452 5555 524 5623 ('2)
583 5555 910 5626 Vologesum,
974 5563 1070 5628 qui
1128 5574 1247 5619 erat
1302 5567 1640 5626 Parthorum
1704 5555 1814 5625 rex.
1876 5573 2018 5628 Vide

2135 5429 2412 5556 EgoqéBet
2466 5432 2688 5489 Julium
2746 5435 3137 5507 Capitolinum
3193 5440 3250 5495 in
3301 5441 3533 5514 Marco;
3568 5447 3783 5508 Baron.
