4128 6274
275 381 434 443 I233

1635 393 1817 454 Vl’l‘A
1859 394 1921 456 S.
1968 396 2275 460 ABERCII
2288 445 2299 458 .

3508 413 3664 473 1234

263 540 440 598 πείαν.
473 541 553 599 Τὰ
583 539 639 596 δὲ
668 543 793 596 κενά
815 562 872 597 τε
902 542 1194 619 ἡΛέγχετο,
1235 543 1323 599 καὶ
1354 546 1695 622 ἀγριώτερον
1742 549 1913 605 ἐποίει

2032 557 2534 627 convincebantur,
2593 569 2646 618 et
2705 565 3024 637 malignum
3090 568 3416 625 daemonem
3472 570 3665 640 magis

263 630 358 684 τὸν
391 631 628 704 πονηρὸν
691 628 920 702 δαίμονα
960 636 1027 705 τῇ
1074 632 1234 707 κόρῃ.
1297 635 1521 707 Ἀμέλει
1571 637 1660 692 καὶ
1709 637 1924 693 τοιάνδε

267 720 390 773 τινὰ
423 718 510 774 διὰ
541 727 640 789 τῆς
669 719 866 784 παιδὸς
895 721 1103 790 ἐκείνης
1151 722 1302 799 ἠφίει
1349 727 1556 802 φωνήν.
1609 727 1702 794 ὡς,
1744 727 1807 783 Εἰ
1843 729 1917 798 μὴ

270 804 560 882 ’Δϐέρκιος
618 811 645 863 6
686 816 786 878 τῆς
837 809 888 864 ἐν
935 814 1003 884 τῇ
1058 817 1225 885 μικρᾷ
1269 813 1482 887 Φρυγίᾳ
1517 819 1624 868 τῶν
1678 816 1920 890 Ἱεραπο-

267 896 435 953 λιτῶν
473 897 770 961 ἐπίσκοπος
813 897 987 967 ἔλθοι,
1031 900 1125 954 οὐκ
1167 899 1226 954 ἂν
1271 902 1376 955 ἀπὸ
1416 908 1512 956 τοῦ
1563 905 1922 976 σκηνώματος

267 986 546 1061 ἐξέλθοιμι
597 986 777 1045 τοῦδε.
825 992 914 1050 Ὠς
960 990 1050 1042 οὐν
1102 989 1189 1044 ἐπὶ
1249 993 1448 1065 συχνάς
1500 991 1708 1067 ἡμέρας
1755 997 1921 1048 ταῦτα

261 1071 414 1143 ἐϐόα,
477 1073 795 1148 διηπορεῖτο
834 1078 952 1129 καθ’
1001 1077 1186 1131 ἑαυτὸν
1239 1078 1583 1148 Ἀντωνῖνος,
1622 1079 1672 1133 τί
1734 1077 1794 1132 ἄν
1829 1079 1914 1147 ε’ἰη

266 1168 431 1218 τοῦτο
464 1163 863 1235 σκοπούμενος,
896 1164 986 1218 καί
1025 1186 1160 1220 ποτε
1191 1164 1506 1229 εἰσκαλέσας
1535 1168 1625 1222 τὸν
1672 1166 1914 1242 ἔπαρχον

268 1257 369 1320 τῆς
429 1251 603 1320 αὐλῆς
685 1253 1086 1327 Κορνηλιανὸν,
1146 1253 1528 1309 ἀνεπυνθάνετο
1594 1254 1646 1309 εἷ’
1692 1255 1797 1310 πού
1835 1277 1916 1317 τις

263 1339 574 1413 Ἱεράπολις
621 1340 724 1394 ὑπὸ
786 1342 982 1414 μικρὰν
1042 1344 1285 1417 Φρυγίαν
1345 1342 1504 1399 ἐστίν.
1562 1346 1620 1401 Ὀ
1679 1341 1756 1407 δὲ,
1816 1344 1918 1400 Καὶ

269 1427 445 1502 μάλα,
479 1425 731 1486 δέσποτα.
767 1423 897 1506 ἔφη,
937 1431 1023 1485 καὶ
1077 1432 1168 1485 ἀπ’
1223 1431 1392 1501 αὐτῆς
1450 1431 1782 1504 Εὐξεινιανὸν
1834 1433 1922 1507 ὁρ-

269 1519 492 1590 μᾶσθαι,
561 1519 605 1589 ᾧ
670 1515 944 1581 πολλάκις
1013 1520 1136 1592 περὶ
1241 1518 1527 1592 δημοσίων
1604 1521 1916 1587 ἐπέστειλας

266 1607 627 1682 πραγμάτων.
689 1610 864 1663 Τοῦτο
923 1607 1154 1669 ἀκούσας
1213 1611 1240 1663 6
1286 1612 1602 1671 ’Λντωνῖνος
1661 1612 1800 1680 ἥσθη
1859 1629 1918 1664 τε

263 1701 360 1752 οἷα
389 1701 491 1763 τῆς
524 1695 812 1776 φροντίδος
852 1697 1146 1763 ἀπολυθεὶς
1197 1701 1386 1773 ὅτιπερ
1427 1700 1760 1772 Εὐξεινιανὸς
1807 1700 1919 1755 ἐκεῖ

263 1783 585 1863 διατρίϐων,
621 1786 790 1858 δεξιὸς
822 1787 969 1860 αὐτῷ
999 1787 1147 1844 ἔσται
1198 1795 1293 1844 τοῦ
1338 1791 1656 1864 πράγματος
1697 1791 1915 1846 οἰκονό-

272 1897 396 1952 μος·
464 1880 555 1933 καὶ
624 1879 922 1954 Οὐαλέριον
988 1883 1079 1934 καὶ
1164 1881 1425 1936 Βασιανὸν
1505 1883 1919 1956 μαγιστριανοὺς

267 1969 423 2030 εὐθὺς
503 1969 918 2042 εὐτρεπισθῆναι
1021 1969 1300 2038 κελεύσας,
1397 1969 1706 2025 ἐπιστέλλει
1773 1971 1919 2042 αὐτῷ

266 2061 454 2110 ταῦτα·
565 2057 884 2117 Ἀντωνῖνος
959 2055 1310 2130 αὐτοκράτωρ
1401 2053 1660 2120 σεϐαστὸς
1737 2058 1922 2130 Εὐξει-

269 2148 433 2214 νιανῷ
491 2143 770 2198 Ποπλίωνι
831 2145 1062 2218 χαίρειν.
1127 2145 1269 2219 Ἐγὼ
1319 2144 1394 2205 εἷς
1433 2151 1620 2220 πεῖραν
1675 2153 1774 2214 τῆς
1823 2153 1922 2215 σῆς

267 2232 554 2306 ἀγχινοίας
593 2228 774 2308 ἔργοις
833 2233 1018 2295 αὐτοῖς
1075 2235 1364 2304 καταστὰς,
1415 2234 1507 2288 καὶ
1560 2236 1794 2307 μάλιστα
1841 2238 1924 2297 οἷς

264 2319 503 2397 ἔναρχος
554 2325 842 2395 προστάξει
891 2328 989 2377 τοῦ
1041 2325 1315 2399 ἡμετέρου
1371 2326 1603 2399 κράτους
1655 2321 1923 2396 διεπράξω

265 2412 407 2466 κατά
462 2413 562 2480 τὴν
613 2412 888 2483 Σμύρναν.
951 2411 1306 2490 ἐπικουφίσας
1353 2413 1686 2487 Σμυρναίοις
1723 2415 1824 2481 τήν
1867 2412 1925 2467 ἐκ

267 2506 367 2557 τοῦ
398 2500 598 2557 κλόνου
637 2509 738 2570 τῆς
788 2509 893 2577 γῆς
941 2502 1327 2578 ἐπιγενομένην
1378 2503 1562 2565 αὐτοῖς
1616 2505 1921 2580 συμφοράν,

274 2592 447 2661 ἣσθην
478 2611 555 2657 τε,
599 2588 780 2665 ὥσπερ
830 2590 994 2657 εἲκὸς,
1045 2591 1135 2645 καί
1195 2612 1250 2646 σε
1292 2599 1390 2660 τῆς
1436 2597 1544 2645 τῶν
1585 2592 1920 2666 πραγμάτων

273 2677 590 2751 ἐπιμελείας
639 2677 890 2751 ἐπῄνεσα·
933 2677 1133 2752 ἔμαθον
1180 2682 1280 2753 γὰρ
1329 2680 1530 2735 ἅπαντα
1582 2680 1714 2754 μετά
1761 2680 1925 2754 ἀκρι-

272 2762 445 2835 ϐείας,
513 2764 693 2839 ὥσπερ
753 2765 812 2821 ἄν
869 2767 914 2821 εἰ
954 2769 1164 2840 παρώνὶ
1227 2770 1298 2823 Ἥ
1355 2790 1414 2823 τε
1467 2770 1571 2842 γὰρ
1627 2769 1774 2841 παρὰ
1827 2773 1922 2822 σοῦ

272 2860 584 2931 πεμφθεῖσα
659 2855 922 2930 ἀναφορὰ,
979 2855 1008 2908 6'
1064 2875 1123 2908 τε
1180 2852 1471 2915 ἀποδιδοὺς
1541 2855 1764 2922 ταύτην,
1832 2855 1922 2906 καὶ

275 2941 468 3003 Κέλιος
500 2943 528 2996 6
561 2941 855 3016 ἐπίτροπος
899 2943 1050 3013 ὑμῶν
1097 2942 1300 2995 ἅπαντά
1363 2962 1454 3012 μοι
1509 2945 1693 3014 σαφῶς
1725 2938 1924 3013 διηγή-

275 3053 426 3090 σατο.
489 3032 608 3088 Ἐπὶ
669 3028 727 3084 δὲ
790 3035 886 3085 τοῦ
943 3032 1210 3104 παρόντος
1251 3031 1482 3106 γνωσθὲν
1537 3035 1619 3102 τῷ
1666 3031 1922 3104 ἡμετέρῳ

273 3123 458 3194 κράτει
517 3116 798 3193 Ἀϐέρκιόν
861 3141 982 3176 τινα
1035 3124 1138 3185 τῆς
1186 3118 1571 3193 Ἱεραπολιτῶν
1631 3120 1922 3175 ἐπίσκοπον

277 3211 424 3284 παρά
479 3211 565 3264 σοὶ
635 3205 949 3283 διατρίϐειν,
1007 3207 1174 3284 ἄνδρα
1241 3205 1431 3279 εὐσεϐῆ
1494 3209 1637 3264 οὕτω
1693 3210 1759 3264 τὰ
1812 3213 1919 3262 τῶν

277 3301 640 3371 Χριστιανῶν,
683 3297 757 3359 ὡς
809 3296 1184 3370 δαιμονῶντάς
1211 3319 1270 3352 τε
1326 3297 1525 3368 ἰᾶσθαι,
1574 3299 1665 3353 καὶ
1728 3299 1918 3360 νόσους

279 3384 455 3448 ἂλλας
532 3385 879 3442 εὐκολώτατα
952 3387 1282 3460 θεραπεύειν·
1367 3391 1557 3442 τοῦτον
1645 3387 1780 3442 κατά
1859 3391 1922 3441 τὸ

277 3478 565 3553 ἀναγκαῖον
619 3481 783 3550 ἡμεῖς
867 3478 1190 3556 χρῄζοντες,
1269 3478 1569 3554 Οὐαλέριον
1647 3479 1738 3534 καὶ
1799 3482 1924 3534 Bac-

275 3569 452 3622 σιανὸν
517 3567 942 3645 μαγιστριανοὺς
996 3571 1103 3622 τῶν
1181 3567 1338 3622 θείων
1414 3571 1575 3641 ἡμῶν
1659 3567 1923 3645 ὀφφικίων

272 3655 612 3730 ἐπέμψαμεν,
656 3658 746 3711 τὸν
801 3654 969 3730 ἄνδρα
1021 3659 1138 3728 μετ’
1193 3654 1378 3717 αἱδοῦς
1432 3656 1522 3710 καὶ
1569 3658 1734 3729 τιμῆς
1783 3656 1924 3710 ἀπά-

275 3764 374 3811 σης
417 3746 492 3806 ὡς
540 3747 688 3818 ἡμᾶς
737 3745 976 3821 ἀγαγεῖν.
1019 3744 1326 3819 Κελεύομεν
1382 3746 1472 3798 οὖν
1525 3749 1593 3820 τῇ
1652 3748 1719 3818 σῇ
1769 3742 1922 3818 στερο

281 3832 472 3909 ῥότητι
519 3839 701 3888 πεῖσαι
757 3833 852 3887 τὸν
902 3830 1069 3908 ἄνδρα
1137 3833 1228 3887 σὺν
1271 3835 1550 3908 προθυμίᾳ
1594 3833 1738 3908 πάσῃ
1788 3833 1924 3908 πρὸς

290 3925 432 3995 ἡμᾶς
463 3919 747 4000 ἀφικέσθαι
779 3921 836 3976 εὖ
867 3919 1034 3976 εἰδότι
1067 3922 1140 3985 ὡς
1187 3923 1248 3978 οὐ
1299 3921 1516 3999 μέτριός
1561 3945 1644 3978 σοι
1691 3923 1923 3978 κείσεται

271 4013 402 4088 παρ’
430 4016 567 4083 ἡμῖν
599 4012 684 4066 καὶ
719 4011 850 4084 ὓπερ
881 4011 1077 4067 τούτου
1119 4013 1147 4066 6
1174 4013 1413 4074 ἓπαινος.
1445 4013 1715 4090 Ἕῤῥωσο.

356 4103 435 4157 H’.
478 4099 698 4170 Ταύτην
746 4106 864 4165 τοῖς
923 4106 1339 4175 μαγιστριανοῖς
1387 4099 1510 4163 δοὺς
1559 4103 1660 4170 τὴν
1708 4100 1924 4156 ἐπιστο-

281 4189 405 4260 λὴν,
469 4190 788 4265 ἀπέπεμψεν
857 4191 962 4245 ἀπὸ
1012 4191 1257 4264 Ῥώμης,
1326 4191 1490 4244 εἰπὼν
1563 4192 1645 4244 ὅτι
1705 4189 1924 4246 Πολλα-

281 4279 514 4337 πλάσιον
551 4283 678 4354 ὑμῖν
711 4283 866 4350 θήσει
893 4282 991 4348 τὴν
1026 4281 1102 4341 εἷς
1146 4280 1244 4352 ἐμὲ
1294 4279 1578 4354 θεραπείαν
1623 4280 1685 4332 τὸ
1739 4273 1926 4350 Ἀϐερ-

282 4389 400 4425 κιον
434 4369 687 4443 ἐνεγκεῖν,
727 4370 1016 4442 προστεθὲν
1043 4369 1134 4422 καὶ
1192 4368 1254 4421 τὸ
1301 4367 1494 4444 τάχος.
1551 4367 1616 4423 Οἱ
1649 4365 1704 4420 δὲ
1733 4361 1927 4421 λαϐόν-

283 4478 395 4528 τες,
464 4455 618 4512 οὐδεν
683 4457 892 4534 τάχους
959 4455 1048 4509 καὶ
1116 4455 1388 4515 συντονίας
1462 4454 1722 4509 ἐνέλιπον·
1785 4454 1930 4509 ἀλλὰ

283 4542 404 4600 δυσὶ
461 4545 523 4599 τὸ
581 4545 888 4620 Βρεντίσιον
937 4542 1170 4617 ἡμέραις
1249 4539 1666 4612 καταλαϐόντες,
1728 4541 1929 4598 πλοίου

1951 3261 2005 3330 C

2029 645 2344 702 efferabant
2374 649 2430 703 in
2473 652 2745 721 puellam.
2781 653 3058 709 Caeterum
3107 656 3159 711 is
3206 657 3376 712 talem
3437 673 3671 728 quoque

2029 749 2226 788 vocem
2279 737 2574 793 emittebat
2623 757 2723 811 per
2770 742 3042 812 puellam,
3076 746 3248 814 quod,
3300 745 3411 800 nisi
3455 747 3674 801 veniret

2029 825 2308 880 Abercius
2382 827 2969 900 Hierapolitanorum,
3027 835 3124 904 qui
3197 839 3336 889 sunt
3383 836 3442 890 in
3500 852 3678 906 parva

2028 912 2302 985 Phrygia,
2333 917 2660 990 episcopus,
2693 937 2761 976 ex
2791 938 2856 977 eo
2888 939 3004 978 non
3051 924 3229 980 exiret
3275 925 3672 982 tabernaculo.

2028 1002 2170 1056 Cum
2207 1004 2326 1060 haec
2355 1022 2488 1078 ergo
2524 1009 2742 1065 multos
2788 1011 2910 1066 dies
2959 1012 3390 1081 vociferaretur,
3423 1015 3578 1084 apud
3612 1031 3675 1069 se

2028 1090 2338 1148 dubitabat
2368 1097 2719 1164 Antoninus,
2752 1099 3028 1168 quidnam
3062 1100 3172 1156 hoc
3203 1105 3376 1170 esset,
3411 1101 3673 1156 conside-

2028 1195 2181 1248 rans,
2214 1185 2270 1235 et
2318 1182 2632 1254 aliquando
2685 1188 2958 1241 accersito
3009 1189 3351 1243 Corneliano
3402 1190 3668 1260 praefecto

2028 1268 2297 1336 praetorii,
2331 1271 2550 1341 rogavit
2599 1289 2672 1328 an
2705 1273 2764 1328 in
2792 1290 2965 1344 parva
3013 1275 3264 1347 Phrygia
3320 1282 3477 1331 esset
3527 1279 3670 1332 urbs

2027 1355 2266 1411 nomine
2321 1357 2663 1430 Hierapolis.
2725 1362 2773 1416 ls
2831 1367 3075 1418 autem:
3124 1364 3391 1432 Maxime,
3452 1365 3667 1436 inquit,

2025 1442 2278 1512 domine,
2312 1450 2368 1500 et
2398 1461 2465 1500 ex
2517 1463 2583 1502 ea
2627 1452 2788 1505 ortus
2833 1454 2919 1505 est
2962 1451 3353 1521 Euxenianus,
3387 1453 3459 1507 ad
3498 1469 3667 1523 quem

2028 1546 2179 1604 saepe
2203 1534 2486 1604 scripsisti
2520 1537 2589 1591 de
2629 1538 2804 1593 rebus
2852 1539 3119 1609 publicis.
3156 1542 3270 1595 Hoc
3318 1556 3449 1596 cum
3502 1541 3670 1596 audi-

2024 1620 2204 1676 visset
2250 1623 2595 1693 Antoninus,
2628 1624 2851 1680 laetatus
2889 1633 2977 1683 est
3008 1628 3171 1698 quasi
3203 1645 3236 1682 a
3268 1645 3407 1684 cura
3454 1629 3670 1685 libera-

2025 1713 2143 1776 tus,
2177 1726 2385 1782 nempe
2441 1714 2594 1782 quod
2655 1716 3040 1782 Euxenianus,
3078 1717 3176 1787 qui
3221 1717 3340 1772 illic
3398 1719 3663 1788 degebat,

2025 1797 2178 1854 hanc
2226 1815 2346 1855 rem
2399 1801 2638 1872 pulchre
2669 1803 2719 1858 ei
2747 1810 3098 1873 procuraret.
3133 1806 3202 1860 Et
3232 1805 3456 1860 Valerio
3487 1815 3538 1862 et
3565 1811 3668 1862 Ba-

1951 1916 2003 1981 B
2027 1886 2185 1942 siano
2217 1889 2612 1960 magistrianis
2648 1908 2778 1946 mox
2809 1898 3016 1963 praesto
3047 1910 3171 1948 esse
3195 1893 3404 1964 jussis,
3440 1895 3556 1948 haec
3588 1896 3669 1950 sic

2028 1977 2268 2031 scribit:
2294 1978 2616 2033 Antoninus
2649 1980 2963 2050 imperator
2991 1984 3313 2054 Augustus,
3335 1983 3669 2039 Euxeniano

2028 2063 2284 2133 P0plioni
2317 2063 2562 2119 salutem
2589 2083 2602 2120 :
2633 2066 2746 2137 Ego
2775 2067 2858 2120 tui
2891 2067 3105 2138 ingenii
3140 2069 3435 2124 solertiam
3461 2085 3520 2124 re
3541 2070 3670 2141 ipsa

2029 2157 2322 2224 expertus,
2353 2161 2407 2208 et
2439 2155 2690 2210 maxime
2720 2155 2812 2223 iis,
2849 2174 2977 2227 quas
3001 2159 3175 2228 jussu
3218 2164 3427 2214 nostrae
3456 2163 3668 2228 poten-

2029 2242 2124 2296 tiae
2181 2257 2363 2312 nuper
2418 2241 2604 2297 fecisti
2655 2243 2938 2315 Smyrnae,
2987 2245 3172 2301 levata
3218 2247 3670 2317 Smyrnensibus

2029 2327 2371 2394 calamitate,
2406 2346 2534 2399 quae
2565 2329 2647 2385 eis
2678 2347 2746 2385 ex
2779 2339 2934 2385 terrae
2969 2337 3129 2386 motu
3160 2338 3447 2400 evenerat,
3479 2342 3536 2387 ut
3570 2350 3672 2403 par

2030 2422 2170 2484 erat,
2204 2434 2335 2472 sum
2370 2417 2617 2486 laetatus,
2650 2424 2705 2473 et
2733 2423 2895 2474 tuam
2928 2421 2988 2475 in
3019 2422 3193 2476 rebus
3242 2422 3512 2491 gerendis
3550 2420 3673 2475 lau-

2031 2506 2159 2561 davi
2220 2506 2606 2577 diligentiam.
2665 2507 2872 2563 Omnia
2927 2509 3086 2564 enim
3145 2513 3411 2564 accurate
3469 2509 3670 2572 didici,

2031 2595 2272 2665 perinde
2299 2613 2363 2650 ac
2393 2596 2443 2652 si
2466 2597 2805 2652 adfuissem.
2825 2597 2968 2653 Nam
3003 2606 3055 2653 et
3089 2616 3121 2653 a
3149 2603 3205 2654 te
3236 2599 3415 2654 missa
3446 2597 3670 2669 relatio,

2028 2687 2088 2739 et
2118 2683 2217 2754 qui
2265 2700 2390 2740 eam
2443 2686 2696 2741 reddidit
2738 2686 3022 2751 Caelicius,
3067 2691 3404 2758 procurator
3455 2692 3672 2753 noster,

2030 2774 2224 2828 omnia
2271 2773 2415 2828 mihi
2460 2779 2657 2845 aperte
2706 2776 2980 2830 narravit.
3005 2780 3069 2830 In
3113 2777 3421 2847 praesentia
3477 2780 3671 2831 autem

2031 2875 2164 2914 cum
2209 2860 2283 2914 sit
2329 2863 2595 2930 potentia:
2652 2869 2863 2916 nostrae
2917 2861 3336 2933 significatum,
3365 2863 3671 2920 Abercium

2031 2948 2342 3016 quemdam
2375 2949 2708 3020 episcopum
2744 2950 3240 3019 Hierapolitanum
3280 2951 3431 3022 apud
3461 2956 3516 3006 te
3546 2967 3674 3006 ver-

2029 3035 2164 3102 sari,
2199 3037 2387 3092 virum
2439 3038 2579 3094 adeo
2609 3038 2771 3110 pium
2807 3038 2868 3094 in
2897 3039 3229 3094 Christiana
3279 3039 3581 3110 religione,
3611 3044 3677 3095 ut

2031 3125 2334 3180 medeatur
2363 3125 2758 3196 daemoniacis,
2790 3133 2848 3183 et
2877 3127 3020 3183 alios
3052 3128 3286 3183 morbos
3325 3133 3485 3183 curet
3509 3127 3674 3182 facil-

2033 3212 2192 3278 lime,
2224 3229 2290 3269 eo
2321 3230 2452 3268 cum
2483 3231 2591 3270 nos
2618 3217 2944 3272 necessario
2974 3233 3114 3287 opus
3143 3217 3478 3281 habeamus,
3502 3215 3675 3271 Vale-

2037 3302 2189 3357 rium
2248 3308 2304 3357 et
2359 3301 2664 3358 Basianum
2749 3303 3158 3373 magistrianos
3215 3305 3286 3373 (3)
3342 3304 3670 3358 divinorum

2029 3399 2355 3448 nostrorum
2391 3391 2710 3447 ofﬁciorum
2743 3392 3034 3461 misimus,
3068 3397 3133 3446 ut
3162 3407 3296 3446 eum
3329 3408 3462 3446 cum
3510 3393 3672 3446 omni

2027 3481 2247 3537 honore
2277 3489 2332 3537 et
2362 3479 2678 3536 reverentia
2724 3481 2796 3535 ad
2845 3496 2949 3535 nos
3003 3480 3319 3535 adducant.
3352 3481 3488 3535 Tuae
3535 3496 3672 3549 ergo

2017 3569 2298 3638 jubemus
2323 3567 2694 3638 praestantiae,
2718 3573 2782 3622 ut
2803 3567 2851 3622 ei
2872 3567 3227 3638 persuadeas
3251 3569 3318 3622 ad
3347 3584 3452 3622 nos
3474 3568 3670 3622 venire

2023 3673 2156 3710 cum
2189 3672 2418 3712 summa
2457 3657 2638 3711 animi
2683 3656 3005 3723 alacritate,
3039 3656 3230 3711 sciens
3278 3671 3390 3710 non
3433 3671 3668 3725 parvam

2025 3745 2136 3801 hoc
2183 3746 2418 3801 nomine
2468 3745 2574 3802 tibi
2625 3746 2886 3801 futuram
2936 3761 3062 3802 esse
3093 3745 3243 3817 apud
3275 3760 3379 3800 nos
3409 3743 3665 3800 laudem.

2022 3833 2181 3891 Vale.

2097 4099 2300 4155 XVIII.
2333 4099 2491 4155 Hanc
2534 4115 2667 4153 cum
2719 4095 3116 4168 magistrianis
3159 4095 3410 4152 dedisset
3452 4095 3671 4168 episto-

2030 4189 2170 4256 lam,
2197 4187 2378 4241 Roma
2409 4186 2584 4254 misit,
2606 4187 2835 4242 dicens:
2862 4186 3000 4240 Rem
3034 4185 3178 4240 mihi
3211 4185 3380 4255 longe
3411 4186 3672 4257 gratissi-

2031 4289 2189 4329 mam
2241 4273 2514 4341 feceritis,
2546 4273 2594 4327 si
2626 4273 2936 4327 Abercium
2969 4273 3040 4326 ad
3071 4288 3159 4327 me
3190 4289 3366 4342 quam
3417 4273 3672 4328 maxima

2031 4361 2322 4418 celeritate
2344 4361 2724 4418 adduxeritis.
2740 4360 2824 4415 Illi
2849 4365 3041 4416 autem
3061 4361 3144 4416 eis
3167 4361 3420 4432 acceptis
3439 4360 3670 4428 litteris,

2033 4452 2180 4508 nihil
2232 4453 2554 4508 omiserunt
2601 4451 2909 4507 celeritatis
2939 4455 2997 4506 et
3026 4451 3361 4523 diligentia).
3393 4450 3506 4507 Sed
3536 4466 3670 4506 cum

2034 4542 2437 4615 pervenissent
2482 4540 2903 4608 Brundusium,
2935 4551 2991 4596 et
3021 4556 3220 4596 navem
3266 4547 3522 4611 paratam
3578 4555 3670 4595 as-

281 4654 343 4689 τε
408 4633 494 4689 ἐπὶ
552 4632 732 4706 τούτῳ
786 4631 1289 4706 παρεσκευασμένου
1337 4634 1484 4707 παρά
1528 4635 1624 4686 τοῦ
1677 4631 1921 4710 ὑπάρχου

2041 4632 2396 4697 cendissent,
2447 4633 2617 4685 vento
2678 4629 2771 4684 usi
2847 4629 3097 4684 secundo
3171 4632 3392 4697 septem
3469 4625 3674 4682 diebus

284 4721 671 4800 Κορνηλιανοῦ
729 4717 1032 4793 ἐπιϐάντες,
1090 4723 1226 4778 κατά
1294 4722 1540 4797 πρύμναν
1593 4720 1775 4782 αὐτοῖς
1835 4725 1930 4776 τοῦ

285 4811 593 4885 πνεύματος
652 4809 966 4884 ἱσταμένου,
1021 4813 1089 4885 τῇ
1149 4807 1356 4885 ἐϐδόμῃ
1417 4812 1509 4866 τὸν
1569 4809 1752 4866 Ἰόνιον
1814 4807 1931 4865 δια-

281 4901 634 4970 πλεύσαντες,
694 4901 1035 4973 καταίρουσιν
1119 4900 1172 4954 έν
1245 4899 1639 4972 Πελοπονήσῳ.
1698 4901 1932 4955 Ἐκεῖθεν

289 4989 346 5047 δὲ
403 4988 692 5064 δημοσίοις
743 4988 938 5052 ’ίπποις
993 4991 1358 5068 χρησάμενοι,
1435 4991 1775 5067 ἀφικνοῦνται
1827 4996 1930 5058 τῆς

284 5076 766 5149 πεντεκαιδεκάτης
824 5077 902 5142 εἷς
953 5077 1016 5133 τὸ
1075 5078 1385 5147 Βυζάντιον.
1441 5077 1572 5134 Εἶτα
1637 5077 1773 5152 πρὸς
1829 5079 1927 5146 τὴν

289 5164 656 5241 Νικομηδέων
714 5167 1023 5242 αὐθημερὸν
1104 5168 1516 5239 περαιωθέντες,
1600 5167 1688 5222 καὶ
1775 5167 1932 5229 αὖθις

291 5254 546 5331 δημοσίῳ
595 5256 936 5332 χρησάμενοι
1003 5253 1216 5330 δρόμῳ,
1261 5257 1337 5317 εἰς
1384 5253 1596 5312 Σύναδα
1648 5255 1932 5329 μητρόπο-

291 5344 379 5402 λιν
441 5342 639 5416 ἤκουσι
694 5352 795 5414 τῆς
851 5345 1094 5420 Φρυγίας
1162 5343 1440 5419 ἡγεμόνας
1512 5365 1570 5400 τε
1642 5351 1744 5414 τῆς
1801 5341 1932 5398 ὁδοῦ

287 5433 437 5512 παρὰ
481 5439 580 5492 τοῦ
635 5433 1066 5512 ἡγεμονεύοντος
1121 5433 1230 5490 ἐκεῖ
1289 5437 1590 5509 Σπινθῆρος
1647 5428 1930 5498 λαϐόντες.

2041 4717 2387 4774 transmisso
2453 4716 2634 4785 Ionio,
2691 4714 2988 4787 appellunt
3059 4715 3121 4769 in
3185 4713 3671 4783 Peloponnesum.

2039 4808 2207 4864 Illinc
2251 4810 2442 4863 autem
2491 4805 2656 4877 equis
2688 4804 2777 4859 usi
2821 4802 3134 4870 velocibus,
3166 4802 3277 4856 cito
3308 4801 3545 4856 veniunt
3576 4800 3676 4870 By-

2039 4899 2318 4953 zantium.
2341 4894 2554 4952 Deinde
2584 4909 2718 4949 cum
2748 4893 2876 4963 ipso
2907 4892 3000 4946 die
3030 4891 3398 4961 trajecissent
3424 4888 3485 4943 in
3506 4887 3678 4942 Nico-

2039 4986 2310 5056 mediam,
2329 4990 2386 5042 et
2405 4984 2497 5040 usi
2523 4985 2718 5038 essent
2738 4995 2944 5035 rursus
2966 4995 3137 5034 cursu
3164 4977 3416 5049 publico,
3435 4976 3676 5032 veniunt

2041 5076 2329 5146 Synadem
2385 5071 2647 5144 Phrygiae
2702 5067 3111 5139 metropolim:
3154 5074 3207 5122 et
3264 5065 3517 5136 acceptis
3571 5063 3675 5119 vim

2039 5165 2288 5221 ducibus
2316 5181 2351 5219 a
2375 5161 2640 5235 praeside,
2671 5159 2769 5228 qui
2818 5157 2936 5214 illic
2984 5162 3125 5224 erat,
3155 5153 3460 5225 Spinthere
3498 5153 3676 5218 dicto,

2040 5259 2105 5310 ut
2154 5255 2342 5310 fuerat
2370 5255 2420 5308 ei
2451 5251 2799 5320 imperatum
2831 5264 2864 5302 a
2887 5245 3248 5309 Corneliano,
3283 5242 3435 5298 circa
3473 5241 3677 5296 horam

2041 5361 2251 5400 nonam
2283 5341 2526 5398 veniunt
2553 5340 2614 5394 in
2645 5337 2939 5394 civitatem
2973 5332 3557 5404 Hierapolitanorum.
3591 5329 3682 5384 In-

2041 5434 2371 5507 gredientes
2401 5445 2537 5502 ergo
2558 5427 2851 5486 civitatem
2873 5427 3191 5482 occurrunt
3211 5420 3476 5488 Abercio,
3499 5416 3680 5476 veluti

365 5634 440 5720 β)
469 5634 865 5708 Magisteriani
897 5633 1089 5716 .aliter
1145 5633 1489 5720 dicebantur
1541 5636 1879 5720 Agentesjn
1912 5634 2106 5706 rebus,
2139 5633 2356 5708 quibus
2412 5645 2544 5687 cum
2600 5627 2736 5697 alia,
2783 5629 2910 5682 tum
2968 5623 3136 5682 etiam
3197 5621 3518 5680 evectiones
3572 5633 3680 5689 pu-

294 5705 434 5764 blici
457 5705 669 5765 cursus
697 5705 1024 5764 commissas
1054 5709 1240 5764 erant.
1272 5706 1416 5764 Vide
1444 5707 1573 5765 Bar.
1596 5705 1700 5764 an.
1736 5708 1858 5765 163.
