4128 6274
411 361 437 420 Ι
450 358 567 419 235

413 519 635 589 optima
675 521 810 576 data
858 521 1180 577 occasione.
1220 518 1457 575 Solebat
1503 519 1657 574 enim
1707 518 1851 574 hora
1899 533 2053 573 nona

2195 517 2251 568 ἴα
2317 508 2781 585 προστεταγμένον
2839 507 2983 577 αύτῷ
3065 499 3210 578 παρᾶ

419 608 659 663 domum
705 610 893 664 redire
919 627 952 663 a
979 609 1260 676 docendo,
1293 608 1497 664 solitas
1542 624 1737 679 preces
1776 607 1891 662 Deo
1940 607 2062 661 red-

421 697 673 752 diturus.
707 699 894 768 Atque
946 698 1029 752 illi
1079 698 1313 768 quidem
1356 698 1405 752 ei
1440 698 1573 753 facti
1621 697 1867 766 obviam,
1898 712 2061 768 roga-

420 792 559 839 runt
608 786 847 839 ubinam
878 790 1029 841 esset
1062 788 1447 852 Euxenianus,
1479 791 1535 840 et
1560 802 1809 855 quonam
1848 785 1928 839 ire
1962 785 2065 837 de-

418 872 643 942 berent,
676 879 739 927 ut
785 890 920 929 eum
979 875 1374 929 convenirent.
1421 874 1731 945 Postquam
1784 889 1919 931 vero
1968 871 2065 927 ille

420 962 661 1031 rogavit,
696 962 833 1032 quid
866 967 1212 1033 quaererent,
1256 967 1312 1017 et
1360 980 1463 1017 cur
1499 963 1786 1030 venirent,
1818 963 1944 1031 ejus
1974 962 2064 1016 in-

419 1051 869 1121 terrogationem
920 1069 1068 1124 aegre
1121 1053 1310 1107 ferens
1356 1052 1643 1118 Valerius,
1676 1058 1731 1107 et
1762 1052 1913 1122 quod
1949 1068 2064 1107 non

421 1140 535 1193 cito
592 1140 664 1194 ad
721 1140 968 1211 quaesita
1027 1141 1443 1211 respondisset,
1503 1140 1782 1195 audacius
1852 1139 2065 1209 aliquid

427 1227 620 1295 audet,
662 1228 804 1283 forte
853 1236 1104 1283 motusa
1136 1228 1411 1298 maligno,
1460 1233 1516 1283 et
1562 1229 1821 1284 extendit
1874 1228 2071 1282 dexte-

424 1333 549 1371 ram
582 1318 856 1372 adversus
888 1323 1183 1387 sanctum,
1210 1317 1411 1373 volens
1443 1333 1576 1372 eum
1604 1317 1830 1389 ﬂagello
1862 1333 2069 1388 percu-

426 1409 566 1461 tere.
609 1406 814 1461 Manus
860 1410 1074 1473 autem,
1126 1423 1251 1476 quae
1302 1422 1431 1461 eum
1482 1406 1728 1477 desuper
1784 1405 2067 1471 servabat,

426 1510 539 1549 non
572 1494 681 1549 fuit
710 1494 1035 1567 negligens,
1069 1497 1168 1551 sed
1203 1496 1390 1551 audax
1422 1496 1774 1566 puniebatur
1819 1496 2071 1560 dextera,

427 1588 483 1639 et
513 1590 633 1638 erat
662 1583 1004 1655 immobilis,
1030 1588 1305 1656 tanquam
1339 1585 1530 1640 vincta
1552 1585 1745 1655 aliquo
1777 1585 2074 1655 compede.

428 1673 653 1727 Invadit
682 1671 930 1727 alterum
965 1689 1194 1744 quoque
1227 1679 1418 1729 metus
1450 1679 1678 1745 propter
1710 1690 1920 1729 novum
1968 1674 2076 1728 hoc

430 1762 861 1831 spectaculum:
886 1766 942 1816 et
964 1763 1133 1817 ambo
1153 1764 1223 1817 ab
1243 1764 1410 1833 equis
1432 1764 1867 1830 descendentes,
1890 1762 2074 1834 proci-

434 1851 584 1904 dunt
600 1851 670 1904 ad
692 1850 874 1905 sancti
897 1853 1088 1921 pedes,
1114 1858 1169 1906 et
1189 1852 1334 1907 ﬁunt
1354 1853 1401 1907 ei
1423 1851 1737 1923 supplices,
1757 1858 1822 1905 ut
1846 1867 2073 1917 manus,

1750 356 2026 419 MENSIS
2070 352 2454 417 OCTOBER.

3302 495 3617 574 Κορνηλίου
3709 496 3820 549 τοῦ

2166 582 2413 677 ἐπάρχου
2444 602 2565 675 περί
2598 582 2722 654 που
2771 598 2869 666 τὴν
2921 593 3109 663 ἐνάτην
3158 589 3299 666 ὥραν
3347 590 3447 658 τὴν
3504 582 3821 660 Ἱεραπολῖ-

2173 695 2281 747 τῶν
2313 684 2839 763 καταλαμϐάνουσιν.
2901 681 3178 742 Εἷσιὸντες
3226 680 3514 751 τοιγαροῦν
3563 676 3661 741 τὴν
3712 674 3828 726 πό-

2168 780 2277 848 λιν,
2350 782 2623 835 ὑπαντῶσι
2679 780 2759 847 τῷ
2818 768 3111 845 Ἀϐερκίῳ,
3170 768 3260 823 καὶ
3331 770 3497 820 ταῦτα
3558 764 3663 817 ἀπὸ
3718 765 3826 815 τοῦ

2167 872 2525 946 παρήκοντος·
2587 867 2767 921 εἰώθει
2823 864 2927 939 γάρ
2976 860 3114 915 κατᾶ
3160 858 3259 926 τὴν
3321 856 3507 925 ἐνάτην
3566 852 3706 928 ὥραν
3765 849 3829 904 ἐκ

2167 944 2268 1030 τῆς
2328 958 2679 1018 διδασκαλίας
2739 951 2929 1010 οἷ’καδε
3000 948 3345 1023 ἀναστρέφειν
3404 946 3498 1006 τὰς
3570 944 3828 1011 συνήθεις

2170 1047 2471 1103 ἀποδώσων
2505 1046 2669 1121 εὐχὰς
2698 1048 2777 1115 τῷ
2825 1047 2959 1114 Θεῷ.
3020 1041 3088 1099 Οἱ
3142 1039 3233 1112 μὶν
3279 1036 3368 1091 οὗν
3419 1033 3825 1100 ὑπαντήσαντες

2173 1137 2342 1209 αύτῷ,
2392 1120 2839 1201 ἀνεπυνθάνοντο,
2896 1134 3002 1185 ποῦ
3057 1149 3189 1183 ποτε
3247 1126 3486 1198 ὑπάρχοι
3544 1120 3828 1209 Εύξεινιά-

2174 1228 2282 1294 νὸς,
2320 1225 2410 1279 καὶ
2459 1226 2567 1292 ὅπη
2619 1221 2924 1298 γενόμενοι,
2972 1216 3248 1292 ἐντύχοιεν
3292 1217 3370 1284 τῷ
3418 1208 3587 1284 ἀνδρί.
3637 1210 3693 1260 '0
3739 1204 3823 1274 δὲ,

2178 1311 2364 1382 ἐπειδὴ
2405 1312 2494 1367 καὶ
2535 1312 2692 1372 αὐτὸς
2741 1310 2822 1371 τίς
2872 1330 2929 1363 τε
2977 1310 3011 1375 ἡ
3068 1308 3294 1375 ζήτησις
3340 1305 3437 1356 τοῦ
3486 1297 3671 1372 ἀνδρὸς
3726 1296 3823 1349 καὶ

2179 1405 2259 1481 ἐφ’
2291 1403 2398 1475 ὅτῳ
2429 1400 2612 1471 ἥκοιεν
2668 1401 2857 1473 ἤρετο,
2906 1399 3003 1465 τήν
3053 1396 3261 1449 ἐκείνου
3328 1391 3593 1481 ἐρώτησιν
3642 1385 3826 1481 γαλε-

2179 1478 2293 1555 πῶς
2342 1491 2570 1569 ἐνεγκὼν
2622 1487 2943 1564 Οὐαλέριος,
2995 1485 3078 1541 ὅτι
3138 1487 3212 1558 μὴ
3273 1481 3415 1557 ταχὺ
3472 1478 3823 1552 ἀπεκρίνατο,

2177 1582 2364 1656 τολμᾷ
2417 1603 2468 1636 τι
2526 1582 2613 1635 καὶ
2672 1578 3019 1652 θρασύτερον,
3064 1572 3204 1636 ’ίσως
3256 1572 3359 1626 ὑπὸ
3415 1573 3512 1624 τοῦ
3576 1570 3826 1639 πονηροῦ

2177 1670 2437 1740 κινηθεὶς,
2485 1670 2576 1722 καὶ
2626 1666 2881 1721 ἀνατείνει
2932 1664 3068 1718 κατὰ
3115 1665 3211 1716 τοῦ
3260 1658 3425 1734 ἁγίου
3478 1658 3574 1724 τὴν
3626 1653 3826 1725 δεξιάν,

2178 1761 2383 1828 πλῆξαι
2424 1763 2613 1812 τοῦτον
2667 1759 2735 1828 τῇ
2809 1755 3024 1828 μάστιγι
3082 1747 3395 1826 βουληθείς·
3456 1745 3545 1801 καὶ
3605 1743 3827 1809 εύθῦςὴ

2183 1853 2492 1926 φρουροῦσα
2541 1847 2665 1921 χεὶρ
2718 1845 2917 1899 ἄνωθεν
2972 1840 3068 1897 ούκ
3122 1837 3344 1911 ἡμέλει,
3385 1837 3474 1891 καὶ
3506 1837 3540 1904 ἡ
3571 1832 3833 1905 τολμηρᾶ

434 1955 561 2009 quae
593 1945 967 2005 emarcuerat,
991 1945 1047 1994 et
1072 1945 1193 1995 erat
1222 1942 1389 2011 quasi
1419 1947 1669 2006 mortua,
1693 1940 2076 1995 eiﬂoresceret

2192 1918 2493 2006 ἐκολάζετο·
2556 1936 2642 1989 καὶ
2702 1935 2957 2003 ἀκίνητος
3012 1931 3078 1999 ἧν
3145 1929 3324 2001 ὥσπερ
3397 1924 3498 1980 τινὶ
3555 1942 3829 1997 προκατα-

430 2044 634 2083 rursus
665 2034 720 2083 et
750 2029 1130 2097 revivisceret,
1171 2045 1359 2099 neque
1408 2030 1491 2084 sic
1540 2035 1866 2086 remaneret
1917 2045 2072 2083 mor-

438 2122 555 2169 tua.

2186 2032 2440 2102 σχεθεῖσα
2487 2022 2648 2098 πέδη.
2700 2018 2977 2096 Λαμϐάνει
3036 2019 3125 2073 καὶ
3179 2018 3270 2072 τὸν
3327 2013 3506 2089 ἕτερον
3565 2011 3681 2073 δέος
3737 2010 3832 2064 ἐπὶ

2182 2100 2261 2187 τῶ
2290 2118 2459 2185 καινῷ
2504 2113 2681 2183 τούτῳ
2731 2112 2981 2182 θεάματι,
3021 2107 3110 2161 καὶ
3167 2101 3462 2164 ἀποϐάντες
3509 2100 3672 2176 ἂμφω
3717 2102 3829 2154 τῶν

425 2186 637 2274 ἵππων,
679 2201 1080 2272 προσπίπτουσί
1128 2226 1186 2258 τε
1235 2210 1352 2266 τοῖς
1400 2210 1496 2260 τοῦ
1545 2205 1699 2279 ἁγίου
1768 2207 1918 2274 ποσὶ,
1976 2204 2067 2260 καὶ
2124 2205 2298 2260 ἱκέται
2356 2204 2601 2280 γίνονται
2653 2200 2893 2256 ταπεινοὶ
2952 2196 3093 2265 λίαν,
3159 2194 3298 2249 ὥστε
3353 2194 3453 2262 τὴν
3510 2192 3829 2263 ἀπομαραν-

436 2298 611 2357 θεῖσαν
656 2298 815 2368 χεῖρα
844 2295 934 2348 καὶ
967 2296 1129 2349 οἱονεὶ
1158 2298 1476 2365 τεθνηκυῖαν
1510 2295 1779 2365 ἁναθῆλαι
1809 2295 1974 2351 πάλιν
1998 2296 2087 2350 καὶ
2118 2295 2399 2365 ἄναςῆσαι,
2438 2291 2578 2366 μηδέ
2609 2290 2782 2352 οὕτως
2812 2288 3208 2364 απολειφθῆναι
3237 2286 3450 2360 νεκράν.

506 2382 660 2438 ΧΙΧ.
695 2384 797 2439 Ille
825 2389 1022 2440 autem
1046 2385 1106 2439 in
1131 2386 1237 2441 hoc
1260 2402 1491 2457 quoque
1513 2394 1797 2443 consueta
1821 2403 1964 2442 usus
1994 2391 2085 2443 est

439 2472 854 2541 misericordia,
890 2481 943 2527 et
974 2476 1161 2545 tangit
1210 2476 1447 2545 quidem
1493 2492 1731 2531 manum
1767 2477 1911 2531 male
1942 2477 2081 2531 aﬂ'e-

442 2568 618 2631 ctam,
669 2579 874 2618 sanam
918 2581 1048 2620 vero
1098 2582 1228 2620 eam
1278 2568 1467 2621 reddit
1527 2570 1813 2639 protinus.
1866 2568 2081 2623 Deinde

441 2666 649 2706 rursus
680 2651 1009 2707 sciscitatus
1041 2669 1293 2723 quanam
1327 2656 1396 2709 de
1427 2671 1604 2711 causa
1633 2662 1786 2712 esset
1815 2656 1898 2711 eis
1931 2672 2081 2725 opus

437 2751 570 2789 cum
624 2738 951 2807 convenire,
1002 2743 1058 2793 et
1104 2739 1487 2796 intellexisset
1543 2744 1698 2813 quod
1758 2744 1831 2798 ad
1889 2744 2080 2813 ipsum

441 2825 656 2878 ferrent
704 2824 927 2882 litteras
976 2827 1362 2898 imperatoris,
1395 2830 1461 2884 ﬁt
1491 2831 1575 2885 eis
1607 2832 1723 2885 dux
1753 2830 1997 2895 itineris,
2030 2834 2087 2887 et

443 2912 675 2967 deducit
705 2916 1140 2986 quamprimum
1171 2918 1242 2971 ad
1276 2919 1428 2973 aedes
1471 2918 1810 2976 Euxeniani.
1848 2921 1951 2976 Ille
1979 2935 2084 2976 au-

445 3007 586 3069 tem,
618 3005 871 3073 acceptis
916 3003 1145 3075 litteris,
1178 3022 1308 3061 cum
1350 3024 1480 3078 quae
1528 3009 1979 3064 continebantur
2025 3008 2084 3064 in

443 3089 548 3155 eis,
580 3092 939 3161 perlegisset,
974 3099 1173 3149 sancto
1213 3096 1408 3150 statim
1457 3098 1635 3153 tradit
1674 3098 2000 3169 epistolam,
2033 3102 2089 3154 et

445 3183 629 3247 rogat,
664 3183 726 3232 ut
754 3179 896 3233 nihil
946 3180 1191 3247 diiTerat,
1225 3185 1325 3239 sed
1374 3186 1528 3241 sicut
1573 3187 1888 3259 imperator
1928 3188 2084 3245 vole-

443 3266 560 3331 bat,
619 3266 728 3322 iter
782 3272 1219 3339 quamprimum
1294 3274 1470 3329 ineat.
1534 3240 1717 3342 Quain
1774 3294 1908 3333 cum
1966 3240 2165 3349 ipseC

445 3370 673 3424 quoque
722 3356 991 3426 legisset:
1027 3362 1289 3427 Veniam,
1345 3363 1556 3434 inquit,
1608 3372 1984 3436 promptoque
2031 3370 2087 3421 et

442 3441 619 3497 alacri
667 3445 862 3500 animo
910 3447 1022 3502 iter
1068 3450 1391 3505 conﬁciam.
1422 3456 1509 3506 Fit
1537 3454 1691 3507 enim
1727 3454 1829 3508 hoc
1859 3454 1953 3510 Dei
1986 3471 2082 3511 v0-

451 3532 695 3600 luntate,
730 3538 792 3586 ut
825 3535 966 3589 mihi
1021 3553 1246 3608 quoque
1285 3540 1408 3610 jam
1443 3557 1475 3594 a
1504 3540 1748 3597 Domino
1802 3559 1927 3598 meo
1977 3544 2088 3599 fuit

450 3617 862 3689 significatum.
897 3627 962 3677 Et
994 3628 1358 3696 magistriani
1406 3631 1640 3701 quidem
1681 3633 1951 3702 praeiere
1982 3633 2088 3688 de—

453 3708 610 3763 ducti
641 3710 710 3763 ad
744 3710 1163 3781 Euxenianum,
1195 3726 1249 3771 et
1278 3719 1349 3771 ab
1390 3734 1455 3773 eo
1505 3719 1820 3776 honoriﬁce
1870 3723 2089 3793 accepti

451 3796 724 3866 hospitio,
749 3815 881 3852 cum
911 3801 1056 3855 duos
1087 3803 1209 3857 dies
1231 3806 1385 3872 apud
1415 3809 1611 3876 ipsum
1638 3809 2007 3878 mansissent,
2032 3817 2088 3867 et

452 3885 501 3939 ei
534 3890 717 3939 totum
751 3886 879 3956 iter,
914 3894 971 3943 et
1000 3891 1420 3960 navigationem
1452 3896 1905 3964 renuntiassent,
1939 3899 2088 3954 abie-

452 3977 587 4027 runt
638 3974 807 4029 tertio
865 3976 978 4041 die,
1028 3980 1276 4050 acceptis
1325 3982 1395 4036 ab
1445 3998 1510 4037 eo
1554 3982 1794 4040 litteris:
1830 4003 1961 4041 cum
2008 3989 2089 4043 eis

450 4066 601 4116 esset
633 4062 923 4133 pollicitus
954 4067 1333 4125 admirandus
1363 4071 1667 4143 Abercius,
1690 4081 1819 4144 post
1839 4077 2087 4146 quadra-

453 4150 615 4223 ginta
666 4152 810 4220 dies,
843 4154 901 4208 in
933 4156 1130 4226 Portu,
1159 4158 1257 4229 qui
1307 4159 1535 4228 dicitur,
1568 4164 1669 4234 qui
1719 4166 1953 4236 quidem
2003 4172 2091 4224 est

453 4257 630 4311 prope
661 4241 924 4311 Romam,
960 4262 1021 4301 se
1053 4264 1178 4303 esse
1206 4248 1453 4308 invicem
1486 4260 1891 4325 conventuros,
1924 4262 1979 4313 et
2004 4259 2089 4316 sic

454 4331 629 4385 simul
686 4348 818 4387 cum
877 4333 994 4390 illis
1053 4338 1295 4394 Romam
1354 4358 1484 4397 esse
1532 4343 1951 4415 ingressurum.
1999 4347 2090 4403 Illi

453 4423 648 4473 autem
683 4437 815 4475 cum
851 4439 963 4477 non
994 4431 1230 4494 possent
1261 4444 1375 4483 non
1425 4432 1675 4500 credere,
1708 4434 1883 4504 (recte
1930 4438 2087 4492 enim

446 4506 785 4595 judicabant
817 4511 1002 4575 exiis,
1036 4528 1160 4581 quae
1192 4522 1515 4587 senserant,
1541 4524 1597 4573 et
1624 4521 1898 4590 viderant,
1932 4527 2085 4595 quod

454 4594 577 4649 fieri
608 4610 721 4649 non
753 4607 963 4667 posset,
1004 4608 1065 4653 ut
1104 4601 1209 4669 vir,

454 4685 746 4753 dignatus,
797 4689 1212 4745 conscientiam
1262 4696 1317 4747 et
1366 4693 1614 4763 linguam
1675 4698 1913 4757 haberet
1972 4720 2089 4759 non

453 4781 660 4843 sanam)
675 4776 939 4848 publicos
953 4796 1149 4836 rursus
1162 4798 1338 4853 equos
1351 4786 1746 4855 ascendentes,
1762 4795 2080 4851 redierunt.

523 4868 652 4921 ΧΧ.
686 4866 926 4923 Divinus
956 4875 1146 4925 autem
1173 4873 1454 4930 Abercius
1484 4892 1617 4931 cum
1647 4879 1941 4949 vinum,et
1962 4901 2087 4941 ace-

453 4959 575 5009 tum
591 4955 845 5011 etoleum
861 4956 919 5012 in
940 4974 1122 5015 unum
1145 4969 1197 5016 et
1218 4964 1488 5020 eumdem
1505 4970 1692 5023 utrem
1706 4968 2016 5041 injecisset,
2031 4979 2088 5031 et

453 5060 666 5115 paucos
697 5063 874 5115 panes
906 5055 1179 5119 praeterea
1209 5054 1580 5126 sumpsisset,
1613 5068 1667 5112 et
1698 5059 1904 5116 deinde
1934 5068 2088 5119 esset

453 5132 682 5187 locutus
732 5151 865 5190 cum
914 5139 1212 5209 fratribus,
1247 5159 1373 5212 quas
1418 5161 1519 5216 par
1566 5153 1691 5203 erat
1719 5153 1775 5203 et
1804 5149 1964 5206 illius
1994 5170 2086 5207 re-

456 5237 682 5275 cessum
726 5225 1136 5283 miserabiliter
1184 5233 1455 5289 deﬂentes
1505 5236 1895 5306 pulcherrime
1936 5249 2090 5299 esset

456 5311 808 5382 consolatus,
840 5321 1096 5374 ascendit
1127 5322 1457 5380 vehiculum
1490 5329 1815 5398 publicum,
1847 5341 1900 5387 et
1930 5348 2089 5405 egre-

456 5400 615 5491 ditur
640 5404 949 5491 ecivitale.
982 5410 1125 5466 Cum
1158 5420 1352 5469 autem
1386 5432 1591 5486 parum
1625 5400 1998 5491 processisset
2030 5428 2088 5481 in

454 5487 567 5580 via,
603 5486 748 5580 videt
779 5498 1090 5561 quemdam
1138 5501 1441 5559 vinitorem
1491 5486 1828 5580 fodientem,
1861 5515 1918 5567 et
1947 5513 2090 5571 vites

456 5573 765 5679 diligenter
807 5581 1109 5679 colentem,
1142 5589 1213 5657 (ei
1244 5609 1453 5649 nomen
1499 5600 1622 5651 erat
1669 5573 2087 5679 Trop'himion).

458 5662 577 5725 Quo
612 5665 951 5724 nominatim
986 5682 1217 5737 vocato:
1251 5688 1532 5760 Agedum,
1565 5662 1919 5761 inquitiiter
1968 5662 2092 5751 me—

2262 2386 2362 2442 16'.
2394 2384 2454 2440 '0
2505 2381 2563 2437 δὲ
2608 2388 2706 2450 τῆς
2749 2378 3155 2449 συνήθουςζκάν
3205 2375 3383 2447 τούτῳ
3430 2378 3632 2448 γίνεται
3688 2393 3831 2443 συμ-

2188 2473 2427 2541 παθείας,
2460 2472 2550 2524 καὶ
2602 2470 2824 2524 ἅπτεται
2871 2468 2964 2541 μὲν
3016 2472 3116 2534 τῆς
3162 2463 3536 2539 πηρωθείσης·
3593 2462 3717 2537 ὑγιᾶ
3772 2459 3832 2514 δὲ

2188 2562 2356 2631 αὐτὴν
2407 2560 2559 2620 εὐθὺς
2613 2557 2895 2613 δείκνυσιν.
2944 2555 3077 2613 Εἶτα
3130 2556 3231 2624 τὴν
3288 2551 3465 2608 αἰτίαν
3524 2551 3615 2605 καὶ
3668 2549 3831 2604 πάλιν

2187 2659 2287 2719 τῆς
2315 2655 2411 2705 τοῦ
2441 2646 2634 2723 ἀνδρὸς
2674 2647 2863 2722 χρείας
2913 2645 3192 2720 ἐρόμενος,
3242 2643 3331 2698 καὶ
3383 2642 3564 2715 μαθὼν
3617 2641 3701 2695 ὅτι
3734 2642 3832 2714 βαι

2191 2738 2379 2794 σιλικά
2411 2739 2549 2812 πρὸς
2598 2736 2759 2791 αὐτὸν
2806 2733 3088 2807 κομίζοιεν
3135 2734 3452 2809 γρὰμματα,
3502 2727 3699 2804 ὁδηγὸς
3747 2727 3833 2802 γίο

2189 2850 2331 2884 νεται
2371 2833 2476 2884 τῶν
2510 2825 2744 2902 ἀνδρῶν,
2783 2826 2874 2881 καὶ
2914 2825 2989 2886 εἷς
3037 2825 3128 2879 τὸν
3195 2822 3541 2891 Εύξεινιανοῦ
3590 2820 3742 2874 οἷκον
3775 2820 3836 2874 τὸ

2192 2915 2362 2993 τάχος
2429 2916 2635 2992 ἐπάγει.
2694 2917 2933 2977 Ἐκεῖνος
3003 2913 3185 2986 μέντοι
3268 2911 3334 2967 τά
3408 2911 3708 2986 γράμματα
3761 2907 3837 2968 εἲς

2193 3017 2385 3085 χεῖρας
2439 3006 2644 3078 λαϐὼν,
2704 3009 2793 3063 καὶ
2851 3008 2917 3063 τὰ
2974 3006 3257 3081 ἐγκείμενα
3313 3002 3631 3074 ἐπεξελθὼν,
3681 3022 3840 3074 μετα-

2196 3099 2387 3155 δίδωσι
2442 3100 2541 3168 τήν
2598 3095 2891 3166 ἐπιστολὴν
2949 3097 3105 3159 εὐθὺς
3185 3097 3264 3165 τῷ
3324 3092 3480 3167 ἁγίῳ,
3541 3092 3629 3146 καὶ
3686 3091 3841 3160 ἠξίου

2199 3188 2367 3263 μηδὲν
2420 3190 2760 3261 ὑπερθέσθυι,
2811 3184 2936 3241 ἀλλ’
2979 3185 3161 3261 ὥσπερ
3214 3185 3348 3253 αύτή
3398 3179 3693 3253 ἠϐούλετο,
3744 3183 3841 3249 τήν

2193 3280 2461 3353 ταχίστην
2519 3278 2772 3331 ἅπτεσθαι
2821 3276 3063 3350 πορείας.
3121 3277 3184 3333 Ὀ
3238 3273 3316 3345 δὲ,
3366 3275 3455 3329 καὶ
3512 3272 3673 3333 αὐτὸς
3722 3271 3843 3326 ἀνω

2195 3365 2383 3441 γνυῦς,
2428 3364 2777 3437 Ἐλεύσομαι,
2817 3362 2942 3443 ἔφη,
2982 3364 3072 3419 καὶ
3103 3364 3205 3419 οὐκ
3252 3362 3586 3439 ἀπροθύμως
3618 3364 3716 3430 τὴν
3746 3382 3840 3416 πο-

2197 3454 2339 3530 ρείαν
2370 3453 2566 3523 ἀνύσω,
2612 3453 2726 3509 ἐπεὶ
2775 3455 2910 3510 κατὰ
2961 3455 3187 3531 γνώμην
3240 3457 3374 3509 Θεοῦ
3421 3454 3484 3509 τὸ
3531 3453 3838 3527 γινόμενον,

2196 3546 2270 3606 ὡς
2300 3544 2469 3617 κάμοὶ
2510 3544 2618 3614 ἤδη
2672 3544 2817 3619 παρὰ
2860 3548 2956 3599 τοῦ
3014 3544 3218 3617 Κυρίου
3274 3565 3381 3617 μου
3441 3540 3716 3612 ἐδηλώθη·
3768 3544 3839 3604 Οἱ

2200 3638 2292 3710 μὲν
2350 3637 2440 3692 οὖν
2514 3634 2888 3711 μαγιστριανοὶ
2970 3632 3241 3709 λαμπρῶς
3307 3634 3435 3709 παρ’
3522 3632 3839 3704 Εύξεινιανῷ

2198 3728 2536 3796 ξενισθέντες,
2594 3724 2689 3779 δύο
2732 3727 2791 3780 τέ
2848 3744 2995 3786 τινας
3058 3725 3270 3799 ἡμέρας
3329 3726 3461 3796 παρ’
3514 3722 3663 3795 αύτῷ
3722 3723 3842 3795 μεί-

2197 3837 2402 3885 ναντες,
2458 3816 2556 3883 τὴν
2604 3815 2826 3889 πορείαν
2869 3835 2929 3869 τε
2972 3818 3144 3869 πᾶσαν
3193 3815 3341 3884 αύτῷ
3392 3813 3479 3867 καὶ
3528 3814 3620 3869 τὸν
3672 3811 3840 3867 πλοῦν

2197 3903 2634 3980 ἀπαγγείλαντες,
2728 3907 2797 3977 τῇ
2882 3903 3039 3978 τρίτῃ
3144 3902 3442 3978 ἀντίγραφα
3559 3896 3839 3968 λαϐόντες,

2198 3993 2455 4065 ἀπῄεσαν,
2519 3992 2896 4070 ὑπεσχημένον
2960 3992 3140 4054 αὐτοῖς
3204 3992 3307 4047 ὑπὸ
3375 3995 3472 4046 τοῦ
3532 3993 3841 4065 θαυμαστοῦ

2198 4078 2479 4157 Ἀϐερκίου
2540 4082 2675 4156 μετά
2741 4083 3139 4156 τεσσαράκοντα
3209 4078 3340 4143 ὅλας
3422 4082 3634 4155 ἡμέρας
3708 4081 3843 4136 κατὰ

2195 4175 2286 4228 τὸν
2335 4171 2635 4247 λεγόμενον
2696 4173 2902 4247 υόρτον
2956 4172 3014 4233 ὃς
3073 4172 3334 4246 ἐχόμενος
3391 4171 3614 4241 Ῥώμης
3672 4169 3842 4238 ἐστὶν,

2200 4264 2471 4335 ἀλλήλοις
2513 4263 2776 4340 ἐντυχεῖν·
2817 4265 2904 4319 καὶ
2957 4262 3131 4325 οὕτως
3181 4264 3292 4335 ἅμα
3338 4259 3557 4322 ἐκείνοις
3608 4266 3708 4329 τῆς
3736 4260 3845 4314 πό-

2201 4355 2339 4415 λεως
2371 4349 2645 4424 ἐπιϐῆναι.
2680 4356 2747 4412 Οἱ
2792 4351 2850 4408 δὲ
2896 4353 3143 4408 ἀπιστεῖν
3197 4352 3297 4408 οὐκ
3342 4346 3560 4425 ἔχοντες
3605 4346 3843 4423 (ἔκρινον

2197 4447 2300 4520 γὰρ
2333 4444 2507 4519 ὀρθῶς
2540 4444 2587 4517 ἐξ
2620 4444 2696 4499 ὧν
2728 4442 2928 4508 ἔπαθόν
2977 4464 3033 4498 τε
3078 4442 3168 4497 καὶ
3223 4439 3410 4516 εἶδον),
3460 4440 3543 4494 ὅτι
3594 4436 3843 4495 ἀδένατον

2198 4530 2363 4607 ἄνδρα
2412 4532 2707 4605 τοιούτωνῶ
2727 4532 3027 4605 ἠξιωμένον
3087 4532 3148 4585 τό
3205 4552 3263 4586 τε
3313 4528 3555 4594 συνειδὸς
3611 4532 3698 4584 κᾶἱ
3744 4530 3840 4596 τήν

1243 4603 1339 4673 qui
1388 4605 1599 4661 talibus
1642 4616 1696 4664 et
1746 4613 1922 4668 tantis
1968 4620 2080 4670 erat

2201 4620 2450 4697 γλῶτταν
2498 4617 2641 4695 ἔχειν
2692 4622 2801 4694 οὐχ
2841 4621 2986 4697 ὑγιᾶ)
3044 4626 3161 4681 τοῖς
3211 4618 3503 4693 δημοσίοις
3550 4619 3640 4674 καὶ
3694 4617 3840 4681 αὗθις

2199 4706 2478 4772 ἐπιϐάντες
2501 4707 2695 4770 ’ίπποις
2726 4709 3041 4783 ἐπανῄεσαν,

2266 4890 2339 4947 Κ’.
2391 4883 2673 4962 Ἀϐέρκιος
2725 4886 2783 4943 δὲ
2830 4891 2857 4944 ὁ
2910 4894 3075 4961 θεῖος,
3130 4889 3272 4944 οἶνόν
3327 4909 3386 4945 τε
3433 4889 3524 4943 καὶ
3580 4883 3702 4960 ὅξος
3746 4887 3833 4943 καὶ

2196 4976 2378 5035 ἔλαιον
2410 4980 2485 5041 εἷς
2532 4976 2626 5034 ἕνα
2664 4980 2753 5035 καὶ
2802 4981 2894 5036 τὸν
2949 4980 3109 5035 αὑτὸν
3156 4979 3317 5035 ἀσκὸν
3377 4975 3659 5053 ἐμϐαλὼν,
3704 4981 3837 5053 πρὸς

2199 5066 2254 5123 δὲ
2309 5070 2399 5124 καὶ
2456 5072 2647 5145 ἃρτους
2706 5070 2926 5147 ὀλίγους
2984 5066 3192 5139 λαϐὼν,
3235 5071 3352 5125 εἶτα
3406 5074 3521 5132 τοῖς
3580 5067 3839 5148 ἀδελφοῖς

2199 5157 2506 5234 διαλεχθεὶς
2562 5161 2630 5214 τά
2686 5159 2888 5232 εἰκότα,
2946 5162 3044 5229 τὴν
3122 5158 3329 5215 ἐκείνου
3392 5180 3451 5214 τε
3531 5156 3840 5232 ἀποδημιὰν

2198 5250 2446 5313 ἐλεεινῶς
2514 5251 2954 5328 ἁποδυρομένους
3009 5251 3301 5323 δεξιώτατα
3373 5251 3836 5327 παραμυθησάμεο

2198 5362 2309 5412 νος,
2353 5341 2637 5415 ὀχήματος
2668 5340 2956 5398 πολιτικοῦ
3005 5336 3294 5412 ἐπιϐαίνει,
3347 5344 3435 5397 καὶ
3475 5349 3574 5411 τῆς
3621 5340 3837 5404 πόλεως

2200 5429 2378 5499 ἔξεισι.
2414 5430 2596 5505 Βραχὺ
2642 5429 2699 5485 δὲ
2744 5438 2845 5499 τῆς
2894 5428 3020 5486 ὁδοῦ
3065 5428 3373 5505 προελθὼν,
3429 5432 3527 5504 ὁρᾷ
3576 5451 3697 5484 τινα
3738 5428 3842 5501 ἂμ-

2198 5518 2498 5592 πελουργὸν
2570 5520 2891 5590 σκάπτοντα,
2947 5521 3034 5575 καὶ
3085 5519 3208 5595 περὶ
3258 5520 3353 5581 τὰς
3404 5518 3681 5591 ἀμπέλους
3729 5518 3845 5576 ἐπι-

2206 5607 2384 5680 μελως
2431 5607 2628 5683 ἔχοντα
2678 5606 2877 5683 (ὄνομα
2913 5614 2993 5683 τῶ
3038 5606 3188 5684 ἅνδρὶ
3237 5609 3600 5683 Τροφιμίων)·
3649 5614 3841 5666 τοῦτον

2203 5696 2462 5769 ὀνομαστί
2510 5696 2762 5769 καλέσας,
2813 5704 3001 5773 Δεῦρο,
3062 5698 3248 5775 φησὶν,
3298 5695 3519 5775 ἂδελφὶ,
3569 5698 3847 5756 συνδιάνυ-
