4128 6274
399 352 552 412 1237

1771 353 1952 416 VlTA
1997 357 2061 416 S.
2107 356 2443 418 ABERCII.

3633 360 3788 421 1238

397 509 489 562 σόν
545 531 638 582 μοι
682 511 780 578 τὴν
827 507 915 565 ἐπὶ
990 510 1210 584 Ῥώμην
1270 508 1416 568 ὁδόν.
1483 511 1744 568 ’Ήκουσεν
1812 512 2038 582 ἐκεῖνος,

2151 531 2284 572 eum
2341 518 2584 573 Romam
2643 518 2883 576 conﬁce.
2918 519 3156 576 Audivit
3201 518 3320 587 ille,
3365 522 3424 574 et
3471 518 3683 590 ligone,
3734 523 3794 574 et

399 599 489 652 καὶ
519 601 618 666 τὴν
670 596 931 654 δέκελλαν
961 598 1118 663 εὐθὺς
1183 599 1273 654 καὶ
1310 600 1372 654 τὸ
1432 605 1685 676 σκαφεῖον
1732 599 2044 671 ἀπολιπὼν,

400 689 500 756 τὴν
535 687 738 742 οἷ’κείαν
788 710 845 744 τε
891 689 1136 763 ἀρπάσας
1191 689 1389 758 ἐσθῆτα
1445 686 1508 758 ἤν
1558 688 1644 743 διὰ
1691 690 1779 744 τὸν
1843 689 1902 744 ἐκ
1947 697 2045 758 τῆς

400 776 656 852 ἐργασίας
687 778 855 832 κόπον
887 782 955 850 τῇ
982 783 1050 852 γῇ
1092 779 1340 841 καταθεὶς
1388 781 1476 847 ἦν,
1529 779 1711 833 ε’ὶπετο
1759 785 1838 851 τῷ
1879 780 2043 856 ἁγίῳ.

399 863 622 934 Ἐπειδὴ
657 864 714 920 δὲ
767 864 1066 921 συνώδευον
1112 865 1248 936 ἤδη.
1307 866 1483 923 Ἀλλὰ
1533 871 1622 922 νῦν
1674 869 1757 922 ὅτι
1809 869 2048 940 μάλιστα

399 954 693 1028 προσέχειν
748 956 888 1028 ὑμᾶς
944 955 1098 1025 ἀξιῶ,
1158 959 1338 1027 θαῦμα
1385 957 1487 1032 γὰρ
1557 955 1866 1026 ἀκούσεσθε,
1914 956 2048 1030 σύμ-

403 1063 591 1114 μικτον
638 1041 834 1117 ἡδονῇ.
881 1045 984 1100 Καὶ
1033 1046 1138 1119 γὰρ
1185 1044 1355 1098 ὁπότε
1408 1046 1500 1118 μὲν
1541 1046 1568 1099 ὁ
1607 1045 1925 1123 Τροφιμίων
1969 1046 2046 1108 εἷς

398 1134 586 1200 κοινὴν
619 1129 726 1202 ἢδη
761 1133 947 1207 χρείαν
1005 1132 1419 1211 ἐπιστρέφοντος
1469 1139 1565 1188 τοῦ
1609 1134 1760 1209 ἀγίου
1808 1135 1898 1189 τὸν
1949 1139 2044 1189 τοῦ

401 1221 566 1275 ἀσκοῦ
596 1219 737 1275 πόδα
767 1219 1000 1293 λύσειεν,
1028 1223 1175 1294 αὐτῷ
1206 1221 1272 1291 δὴ
1320 1224 1382 1277 τὸ
1422 1224 1556 1297 πρὸς
1594 1224 1653 1277 τὸ
1697 1224 1869 1297 παρὸν
1918 1239 2047 1277 συν“

396 1309 590 1366 τελοῦν
654 1313 816 1384 μόνον
858 1313 1053 1388 ἀμιγὲς
1108 1314 1272 1387 ἐξῄει,
1329 1317 1476 1376 οἶνος
1525 1314 1718 1389 τυχὸν,
1750 1313 1784 1382 ἢ
1819 1317 1964 1386 ὅξος,
2009 1317 2044 1386 ἢ

399 1396 612 1474 ἕχαιον,
651 1406 758 1455 τῶν
794 1400 981 1457 ἄλλων
1012 1404 1146 1457 κατά
1178 1402 1368 1480 χώραν
1424 1405 1716 1476 μενόντων’
1770 1405 1936 1458 ὁπότε
1991 1402 2047 1458 δὲ

395 1487 562 1543 πάλιν
624 1489 825 1552 ἐκεῖνος
891 1491 944 1545 ἐν
999 1492 1159 1569 χρείᾳ
1215 1493 1361 1554 τινὸς
1425 1493 1713 1561 καταστὰς,
1801 1493 1849 1548 εἷ’
1911 1495 2048 1548 κατά

397 1579 626 1654 γνώμην
687 1584 782 1634 τοῦ
849 1579 1007 1654 ἀγίου
1064 1581 1244 1636 λύσειε
1300 1584 1393 1637 τὸν
1452 1583 1636 1653 ἀσκὸν,
1704 1583 1953 1638 τάναντία
2008 1583 2043 1653 ἤ

394 1664 557 1730 αὐτὸς
611 1663 908 1737 ἠϐούλετο,
994 1671 1318 1742 θαυμαστῶς
1398 1671 1561 1744 ἐξῄει·
1623 1673 1742 1742 ὅξος
1803 1673 1896 1744 μὲν
1955 1675 2041 1727 καὶ

393 1751 602 1828 ἔλαιον,
636 1757 685 1811 εἴ
714 1755 854 1831 δίψει
901 1759 1072 1837 τυχὸν
1118 1757 1346 1835 ληφθεὶς
1391 1765 1628 1834 πειρῷτο
1675 1767 1840 1817 πιεῖψ
1893 1762 1937 1816 εἰ
1989 1761 2046 1816 δὲ

2155 605 2362 661 rastris
2394 605 2626 675 relictis,
2658 612 2715 663 et
2745 622 2850 663 sua
2871 611 3027 664 veste
3057 615 3300 679 arrepta,
3331 623 3507 679 quam
3557 610 3794 678 propter

2154 694 2409 749 laborem
2444 697 2798 766 operationis
2827 696 2992 751 humi
3016 697 3381 767 deposuerat,
3407 702 3669 750 sanctum
3702 699 3808 750 est-

2154 791 2413 841 secutus.
2456 787 2699 857 Jamque
2751 789 2926 843 simul
2975 789 3124 843 viam
3180 788 3425 843 inibant.
3476 787 3586 841 Sed
3638 802 3792 840 nunc

2153 875 2278 930 volo
2307 892 2407 930 vos
2439 893 2614 947 quam
2666 877 2918 932 maxime
2965 878 3302 932 attendere:
3337 875 3587 930 audietis
3633 876 3788 931 enim

2157 962 2502 1018 miraculum
2549 965 2842 1034 voluptate
2871 965 3273 1020 commistum.
3311 964 3528 1018 Etenim
3562 965 3790 1033 quando

2151 1053 2528 1123 Trophimion
2561 1055 2631 1108 ad
2660 1070 3032 1108 communem
3083 1071 3273 1122 usum,
3309 1057 3504 1108 sancto
3530 1053 3791 1121 jubente,

2153 1144 2301 1197 utris
2350 1143 2689 1214 operculum
2736 1143 3072 1210 amovisset,
3105 1143 3361 1212 idipsum
3390 1142 3604 1207 solum,
3637 1141 3792 1211 quod

2151 1247 2298 1301 Opus
2321 1236 2447 1286 erat
2469 1233 2528 1287 in
2553 1233 2873 1302 praesentia,
2894 1247 3194 1303 egressum
3220 1235 3309 1285 est
3329 1230 3486 1285 haud
3510 1230 3788 1284 mistum:

2153 1322 2372 1390 vinum,
2396 1322 2551 1376 verbi
2585 1337 2773 1388 causa,
2799 1326 2900 1376 aut
2925 1326 3178 1389 acetum,
3204 1324 3304 1376 aut
3334 1321 3550 1385 oleum,
3575 1319 3703 1374 aliis
3732 1317 3793 1374 in

2154 1410 2278 1466 loco
2311 1411 2706 1467 manentibus.
2731 1411 2975 1474 Quando
3005 1415 3200 1465 autem
3235 1409 3330 1464 ille
3362 1425 3566 1464 rursus
3597 1407 3793 1476 aliqua

2155 1516 2212 1554 re
2238 1500 2528 1571 indigens,
2552 1517 2666 1555 non
2695 1516 2724 1554 e
2748 1499 3035 1555 sententia
3065 1497 3250 1552 sancti
3283 1501 3472 1552 utrem
3504 1495 3789 1563 solvisset,

2154 1587 2576 1642 admirabiliter
2614 1589 3048 1657 egrediebantur
3089 1585 3374 1641 contraria
3413 1586 3504 1648 iis,
3538 1601 3664 1654 quae
3694 1600 3788 1637 vo-

2153 1676 2342 1731 lebat:
2376 1681 2598 1731 acetum
2651 1677 2910 1746 quidem,
2939 1679 2995 1729 et
3036 1674 3250 1739 oleum,
3283 1675 3330 1728 si
3370 1674 3462 1727 siti
3514 1673 3655 1728 forte
3703 1674 3792 1726 la-

2151 1767 2365 1820 borans
2413 1764 2583 1820 vellet
2626 1765 2844 1833 bibere,
2877 1764 2968 1818 sin
2998 1779 3127 1819 vero
3159 1763 3250 1818 his
3282 1768 3486 1816 contra
3515 1778 3662 1832 opus
3694 1760 3794 1815 ha-

391 1847 483 1900 καὶ
542 1843 782 1919 ἔμπαλιν
839 1849 1018 1902 αὐτῶν
1078 1847 1320 1919 δεηθείη,
1381 1850 1520 1911 οἶνος
1591 1851 1893 1930 ἀκραιφνὴς
1946 1856 2040 1907 τοῦ

2151 1855 2328 1922 beret,
2359 1853 2559 1909 vinum
2593 1871 2802 1925 purum
2837 1853 3059 1908 efﬂuxit
3106 1869 3175 1907 ex
3217 1857 3364 1906 utre.
3399 1851 3492 1906 Sic
3541 1851 3637 1920 qui
3687 1867 3794 1904 sua

394 1935 560 1989 ἀσκοῦ
636 1935 874 2011 ἀπέρρει.
946 1935 1133 1999 Οὕτως
1198 1939 1225 1992 ὁ
1291 1939 1466 1992 έκοντί
1562 1937 1809 2009 δολερὸςο
1897 1939 2038 1994 ἂκων

395 2024 614 2100 ὑπῆρχε
679 2026 891 2092 πιστὸς,
946 2022 1157 2089 οὐδενὸς
1205 2025 1278 2080 ὧν
1329 2025 1624 2098 ἠϐούλετο,
1669 2032 1804 2084 κατά
1855 2029 2042 2104 χρείαν

393 2112 721 2186 ἁπτόμενος,
787 2118 970 2192 σαφῶς
1045 2115 1204 2170 αὐτον
1281 2120 1377 2170 τοῦ
1449 2117 1771 2192 πράγματος
1826 2117 2041 2174 ἐκδιδά-

393 2222 616 2263 σκοντος
647 2203 824 2276 ὀρθῶς
869 2200 1016 2277 ἔχειν
1065 2203 1156 2257 καὶ
1204 2203 1490 2278 ἀκεραίως,
1539 2206 1628 2260 καὶ
1682 2205 1850 2280 μηδὲν
1897 2207 2039 2281 παρᾶ

390 2294 490 2360 τήν
556 2295 658 2346 τοῦ
736 2293 1091 2367 χρησαμένου
1176 2293 1402 2367 γνώμην
1498 2301 1696 2352 ποιεῖν.
1763 2297 2037 2352 Τοιούτων

390 2375 670 2454 Ἀϐέρκιος
736 2386 844 2434 τῶν
906 2382 1054 2453 παρὰ
1125 2385 1256 2435 Θεοῦ
1349 2381 1503 2436 θείων
1571 2383 1808 2438 ἀπέλαυε
1884 2402 2041 2459 χαρι-

390 2473 632 2542 σμάτων.
688 2474 865 2524 Πᾶσαν
928 2474 1021 2523 οῦν
1080 2469 1331 2544 εὐμαρῶς
1387 2470 1673 2533 ἀνύσαντες
1728 2474 1829 2541 τήν
1889 2471 2036 2540 ὁδὸν,

387 2556 439 2612 ἐν
499 2557 788 2629 Ἀτταλείᾳ
841 2565 942 2628 τῆς
1025 2560 1354 2636 Παμφυλίας
1434 2561 1780 2635 κατάγονται.
1842 2564 1927 2617 Ἐν

387 2646 589 2702 πλοίου
654 2648 801 2709 τινὸς
867 2653 976 2702 τῶν
1043 2645 1131 2702 ἐπὶ
1196 2649 1413 2721 Ῥώμην
1510 2649 1856 2725 ἀναγομένων
1925 2651 2037 2706 ἐπι-

389 2732 598 2806 ϐάντες,
653 2737 728 2798 εἷς
776 2739 868 2792 τὸν
918 2738 1220 2811 ὡρισμένον
1265 2738 1577 2810 καταίρουσι
1633 2741 1823 2811 τόπον,
1873 2740 2038 2814 πέρας

388 2824 509 2899 ἄρτι
550 2826 641 2880 καὶ
670 2831 766 2880 τοῦ
800 2830 908 2879 τῶν
941 2828 1162 2900 ἡμερῶν
1196 2821 1460 2886 λαϐόντος
1491 2830 1856 2898 συνθήματος.

464 2915 591 2971 KA'.
645 2918 770 2971 Τῶν
817 2915 907 2968 οὖν
963 2917 1358 2988 μαγιστριανῶν
1409 2912 1580 2986 τρισὶν
1628 2913 1847 2988 ὕστερον
1897 2916 2038 2989 ἡμὲ-

391 3024 507 3078 ραις
537 3006 627 3059 καὶ
673 3006 824 3076 αὐτῷ
861 3004 1257 3081 καταχθέντωΨ
1312 3002 1485 3058 πολὺν
1531 3003 1633 3078 γὰρ
1663 3005 1849 3065 αὐτοῖς
1897 3005 2036 3080 ἐτρί-

391 3089 462 3164 ϐη
495 3095 696 3168 χρόνον
731 3093 758 3148 ὁ
788 3092 963 3155 πλοῦς
1009 3090 1098 3146 διὰ
1143 3092 1207 3147 τὸ
1255 3095 1354 3156 τῆς
1404 3090 1547 3166 ὥρας
1592 3094 1898 3168 χειμέριον,
1947 3095 2035 3149 καὶ

2150 1949 2355 2016 sponte
2402 1944 2511 1998 fuit
2560 1943 2989 2007 fraudulentus,
3022 1941 3237 1995 invitus
3275 1941 3384 1994 fuit
3414 1939 3622 2006 ﬁdelis,
3657 1955 3791 1993 cum

2149 2033 2294 2087 nihil
2326 2036 2588 2104 tangeret
2615 2048 2684 2087 ex
2714 2032 2807 2099 iis,
2833 2048 2959 2102 quae
2990 2029 3215 2084 volebat
3245 2030 3315 2083 ad
3350 2043 3536 2095 usum,
3571 2043 3634 2080 re
3666 2027 3792 2094 ipsa

2149 2138 2279 2178 eum
2313 2127 2508 2192 aperte
2538 2121 2801 2187 docente,
2835 2125 2899 2174 ut
2931 2122 3082 2174 recte
3109 2134 3172 2173 se
3201 2121 3425 2189 gereret
3456 2121 3514 2171 et
3542 2115 3792 2183 sincere,

2148 2215 2204 2266 et
2233 2210 2382 2265 nihil
2413 2211 2627 2266 faceret
2675 2211 2880 2280 praeter
2927 2206 3277 2263 sententiam
3321 2206 3469 2275 ejus,
3501 2204 3597 2275 qui
3631 2219 3788 2258 com-

2150 2300 2466 2354 modasset.
2499 2298 2653 2353 Talia
2681 2314 2715 2353 a
2747 2299 2858 2352 Deo
2898 2297 3052 2351 dona
3092 2295 3202 2350 fuit
3229 2298 3572 2349 consecutus
3600 2293 3779 2346 Aber-

2147 2389 2293 2444 cius.
2353 2391 2495 2444 Cum
2553 2403 2688 2459 ergo
2745 2390 2928 2442 totum
2989 2385 3099 2439 iter
3151 2383 3320 2438 facile
3375 2382 3777 2447 confecissent,

2148 2477 2389 2532 veniunt
2416 2476 2476 2530 in
2506 2476 2759 2530 Ataliam
2809 2471 3163 2544 Pamphyliae
3215 2471 3524 2526 civitatem.
3559 2469 3621 2523 In
3665 2485 3782 2540 qua

2145 2583 2280 2620 cum
2327 2581 2533 2620 navem
2583 2563 3080 2630 conscendissent,
3115 2577 3242 2632 quas
3275 2559 3517 2614 Romam
3550 2556 3781 2629 proﬁci-

2147 2655 2508 2722 scebatur,in
2525 2652 2712 2708 locum
2729 2649 3442 2723 appelluntconstitutum,
3459 2663 3590 2702 cum
3613 2648 3783 2702 modo

2147 2744 2323 2799 finem
2352 2741 2672 2813 accepisset
2698 2740 2924 2796 dierum
2955 2738 3277 2795 conventio.

2215 2921 2370 2976 XXI.
2403 2919 2766 2991 Magistriani
2807 2934 2940 2973 vero
2979 2917 3166 2972 tribus
3198 2919 3397 2984 postea
3435 2915 3640 2971 diebus
3672 2915 3785 2987 ipsi

2146 3026 2378 3080 quoque
2405 3009 2791 3079 appulerunt:
2826 3006 2935 3062 fuit
2963 3006 3119 3061 enim
3154 3005 3324 3075 longa
3353 3020 3514 3060 mora
3545 3005 3786 3074 naviga-

2145 3099 2318 3154 tionis
2362 3103 2596 3170 propter
2650 3101 3074 3166 tempestatem.
3126 3095 3401 3160 Quocirca
3459 3094 3784 3148 tarditatem

386 3181 574 3238 πολλὰ
632 3183 810 3261 σφίσιν
852 3183 1038 3243 αὐτοῖς
1099 3180 1461 3258 μεμφομένων
1517 3189 1617 3250 τῆς
1673 3180 2031 3257 βραδυτῆτος,

2150 3203 2308 3242 suam
2364 3187 2526 3241 valde
2583 3186 2972 3241 accusabant:
3026 3183 3168 3255 quin
3221 3183 3391 3238 etiam
3453 3182 3786 3236 statuebant

385 3272 530 3330 οὕτω
558 3292 616 3326 τε
647 3271 914 3344 οἰομένων
949 3270 1048 3340 ὡς,
1080 3271 1123 3324 εἰ
1172 3272 1246 3343 μή
1288 3271 1368 3341 τῷ
1410 3271 1546 3343 ἁγίῳ
1585 3275 1721 3326 κατά
1768 3272 1861 3333 τὰς
1911 3295 2032 3327 συν-

387 3365 558 3433 θήκας
618 3359 920 3436 ἐντύχοιεν,
1061 3361 1281 3415 ἑαυτοὺς
1328 3360 1496 3433 ὠμῶς
1551 3359 1970 3438 διαχρήσασθαι,
2003 3365 2037 3434 ἢ

384 3453 433 3507 εί
466 3455 546 3524 τῷ
595 3451 959 3526 αὐτοκράτορι
1011 3455 1216 3519 κεναῖς,
1249 3450 1278 3503 ’ὀ
1311 3447 1376 3518 δὴ
1431 3448 1666 3525 λέγεται,
1719 3453 1905 3528 χερσὶν
1936 3451 2042 3524 έμ-

388 3542 685 3616 φανισθεῖεν
746 3539 834 3594 ὑπ’
900 3538 1105 3593 ἐκείνου
1164 3537 1529 3609 ἀναιρεθῆναι.
1591 3543 1769 3595 Ταῦτα
1835 3540 2040 3595 τούτων

387 3630 504 3683 καθ’
563 3629 786 3689 ἑαυτοὺς
848 3625 1346 3699 διασκοπουμένων,
1415 3624 1600 3694 ἐπειδὴ
1661 3624 1933 3697 ἁπέϐησάν
1984 3648 2042 3681 τε

388 3724 488 3787 τῆς
519 3717 648 3786 νηὸς
697 3714 828 3785 ἤδη,
889 3716 977 3769 καὶ
1033 3716 1128 3776 τὰς
1186 3715 1506 3790 καταγωγὰς
1563 3715 1892 3789 ἀνηρεύνων,
1952 3725 2041 3778 καὶ

391 3807 490 3873 τήν
522 3804 690 3872 ἀκτὴν
744 3803 1053 3876 περιῄεσαν,
1104 3802 1490 3880 ἐντυγχάνουσι
1539 3807 1617 3875 τῷ
1663 3805 1819 3879 ἁγίῳ.
1852 3806 1911 3862 Ὁ
1946 3807 2039 3878 μὶν

393 3894 486 3948 οῦν
516 3893 614 3962 τὴν
676 3889 848 3960 δεξιὰν
900 3889 1207 3966 προτείνας,
1265 3890 1353 3944 καὶ
1406 3891 1600 3955 αὐτοὺς
1645 3893 2041 3967 ἀσπασάμενος,

391 3978 693 4060 προσφιλές
724 4001 783 4034 τε
815 3977 927 4035 εἶδε
974 3981 1100 4041 τοὺς
1149 3977 1365 4053 ἄνδρας,
1413 3982 1503 4035 καὶ
1555 3983 1742 4057 πράως
1777 3988 1872 4038 τοῦ
1920 4006 2040 4039 συν-

393 4075 644 4145 θήματος
678 4071 1106 4144 ὑπεμίμνησκεν.
1141 4071 1208 4126 Οἱ
1236 4068 1291 4124 δὲ
1323 4067 1545 4144 ἄσμενοι
1576 4077 1766 4127 τοῦτον
1821 4075 1896 4137 ὡς
1943 4075 2043 4128 οὐκ

392 4159 450 4216 ἄν
485 4161 725 4230 ἢλπισαν
763 4158 986 4229 ίδόντες,
1029 4159 1392 4235 προσεκύνουν
1453 4159 1669 4230 εὐθέως,
1717 4162 2042 4234 περιεπτύσ-

393 4271 573 4320 σοντο,
605 4243 970 4324 περιέϐαλλον
1004 4249 1200 4317 πάντα,
1233 4246 1414 4300 τᾶλλα
1463 4247 1682 4302 έτνοίουν
1714 4249 1812 4302 ὅσα
1852 4253 2042 4322 ψυχῆς

400 4339 503 4393 ὑπὸ
558 4337 914 4412 περιχαρείας
971 4337 1334 4409 κεκινημένης
1399 4334 1509 4390 ἐστὶ
1576 4332 1848 4410 σύμϐολα.
1911 4338 2042 4394 Εἶτα

394 4423 825 4501 παραλαϐόντες,
884 4424 1075 4478 εἱσίασί
1124 4444 1180 4478 τε
1231 4425 1332 4494 τὴν
1379 4426 1623 4498 Ῥώμην,
1681 4425 1769 4481 καὶ
1826 4425 1899 4488 ὠς
1947 4427 2038 4481 τὸν

397 4518 643 4592 ὕπαρχον
676 4515 862 4589 ἃγουσι
897 4513 1293 4588 Κορνηλιανόν.
1335 4515 1397 4570 Ὁ
1450 4511 1525 4580 δὲ,
1577 4513 1762 4584 ἐπειδή
1812 4516 1902 4570 τὸν
1949 4516 2036 4571 αὐ-

2146 3275 2260 3331 nisi
2318 3279 2598 3340 sanctum,
2631 3278 2695 3328 ut
2743 3277 3107 3337 convenerat,
3149 3270 3494 3337 invenirent,
3536 3269 3622 3324 vel
3672 3267 3782 3324 sibi

2145 3364 2291 3436 ipsis
2323 3369 2571 3418 mortem
2603 3359 2914 3419 crudeliter
2941 3359 3323 3414 consciscere.
3356 3357 3500 3413 Nam
3533 3358 3577 3412 si
3606 3358 3784 3427 impe-

2147 3454 2318 3510 ratori
2368 3452 2588 3521 vacuis,
2645 3455 2709 3506 ut
2763 3450 2996 3517 dicitur,
3056 3448 3329 3503 manibus
3383 3464 3442 3502 se
3498 3447 3785 3515 sisterent,

2148 3545 2502 3611 metuebant,
2535 3558 2608 3598 ne
2657 3541 2728 3596 ab
2776 3539 2877 3595 illo
2927 3538 3408 3593 interﬁcerentur.
3452 3535 3582 3590 Haec
3630 3535 3782 3605 apud

2147 3650 2208 3688 se
2239 3632 2433 3688 animo
2463 3631 2769 3701 agitantes,
2793 3629 3068 3700 cumjam
3101 3643 3131 3683 e
3162 3629 3289 3682 navi
3324 3625 3784 3692 descendissent,

2146 3727 2202 3778 et
2244 3729 2632 3778 scrutarentur
2687 3718 3020 3787 diversoria,
3056 3723 3112 3773 et
3160 3716 3321 3771 littus
3368 3714 3610 3779 obirent,
3643 3729 3784 3769 san-

2147 3816 2303 3866 ctum
2337 3809 2657 3864 inveniunt.
2691 3807 2792 3862 Ille
2821 3811 3014 3862 autem
3048 3822 3180 3862 cum
3215 3821 3455 3860 manum
3498 3803 3785 3875 porrexis-

2147 3905 2256 3972 set,
2280 3904 2337 3955 et
2365 3916 2462 3955 eos
2492 3898 2825 3965 salutasset,
2850 3897 3035 3951 amice
3065 3910 3163 3949 eos
3195 3893 3437 3963 aspexit,
3471 3896 3526 3947 et
3557 3889 3786 3962 placide

2146 3994 2373 4060 pactum
2425 3991 2774 4042 conventum
2825 3983 3112 4039 revocavit
3147 3982 3207 4036 in
3251 3981 3610 4036 memoriam.
3642 3977 3786 4032 Cum

2145 4094 2278 4133 vero
2334 4075 2446 4145 ipsi
2504 4075 2749 4129 libenter
2804 4089 2936 4128 eum
3000 4074 3204 4140 praeter
3262 4085 3423 4139 spem
3482 4067 3784 4134 vidissent,

2148 4164 2414 4233 protinus
2445 4163 2786 4227 adorabant,
2813 4158 3332 4230 amplectebantur,
3365 4162 3421 4210 et
3449 4155 3645 4209 omnia
3674 4153 3787 4208 alia

2148 4251 2454 4318 faciebant,
2513 4266 2637 4320 quae
2696 4253 2828 4302 sunt
2880 4249 3044 4318 signa
3111 4245 3284 4302 animi
3354 4244 3493 4298 moti
3568 4243 3783 4298 laetitia.

2148 4340 2367 4398 Deinde
2397 4355 2528 4393 cum
2561 4353 2696 4392 eum
2727 4351 2927 4390 secum
2958 4334 3436 4404 assumpsissent,
3456 4331 3788 4404 ingrediun-

2147 4434 2245 4484 tur
2300 4429 2566 4494 Romam,
2619 4431 2676 4483 et
2729 4425 2799 4480 ad
2859 4423 3109 4497 praetorii
3169 4422 3502 4494 praefectum
3561 4421 3786 4476 ducunt

2151 4517 2579 4574 Cornelianum.
2616 4515 2717 4571 Ille
2746 4521 2955 4581 autem,
2993 4529 3125 4569 cum
3156 4511 3474 4584 imperator
3498 4509 3788 4564 Antonius

395 4605 721 4678 τοκράτορα.
775 4604 1094 4659 Ἀντωνῖνον
1137 4605 1171 4671 ἡ
1226 4605 1360 4658 κατά
1413 4608 1518 4658 τῶν
1558 4599 1853 4678 Βαρϐάρων
1900 4606 2040 4680 εἶχεν

2152 4607 2576 4680 expeditionem
2645 4578 2998 4676 suscepisset
3063 4578 3263 4660 contra
3320 4603 3627 4666 Barbaros,
3687 4598 3788 4671 qui

398 4693 704 4769 έκπρατιά,
745 4693 837 4747 τὸν
867 4691 1062 4760 Ῥῆνόν
1111 4712 1169 4746 τε
1225 4687 1549 4761 διαϐάντων,
1603 4693 1693 4747 καὶ
1751 4696 1849 4764 τὴν
1903 4697 2041 4751 Ῥω-

404 4783 577 4857 μαίων
611 4781 1047 4852 λεηλατούντων,
1094 4783 1185 4836 τὸν
1246 4779 1412 4858 ἃνδρα
1468 4783 1604 4857 πρὸς
1659 4784 1758 4852 τήν
1807 4783 2041 4858 Αὐγούσ-

397 4894 492 4928 ταιο
552 4871 667 4946 ἄγει
714 4871 1032 4926 Φαυστίναν.
1081 4872 1175 4928 Ὀν
1226 4871 1400 4941 ἐκείνη
1453 4874 1755 4946 θεασαμένη
1811 4876 2038 4948 γεραρὸν

401 4962 544 5017 οὕτω
574 4961 665 5017 καὶ
707 4961 926 5035 σεμνὸν,
956 4961 1044 5016 καὶ
1074 4963 1136 5016 τὸ
1182 4958 1446 5035 εὔκοσμον
1498 4965 1614 5018 οἷον
1661 4963 1748 5018 καὶ
1796 4965 2037 5039 γαληνὸν

401 5052 789 5126 ὑποφαίνοντα,
848 5049 1036 5112 αῗδοῦς
1093 5049 1386 5113 ὑπόπλεως
1473 5053 1694 5128 γίνεται,
1779 5054 1867 5108 καὶ
1946 5053 2036 5108 σὺν

401 5139 592 5214 πολλῇ
625 5141 785 5197 αὐτὸν
819 5140 1108 5209 ἀσπάζεται
1151 5143 1219 5212 τῇ
1272 5141 1690 5214 σεμνοπρεπείᾳ.
1742 5143 1861 5196 Καὶ.
1914 5144 2038 5201 ’Ὁτι

407 5232 502 5304 μὶν
543 5228 744 5306 ἀγαθοῦ
774 5231 862 5283 καὶ
894 5230 1066 5284 πάντα
1097 5227 1417 5301 δυναμένου,
1453 5228 1620 5306 λέγει,
1662 5235 1796 5285 Θεοῦ
1841 5229 2038 5293 δοῦλος

402 5319 675 5388 εἰ,δῆλον,
709 5319 757 5388 ἐξ
792 5318 864 5372 ὧν
898 5316 1066 5372 ἄλλοι
1097 5339 1154 5373 τε
1202 5316 1426 5372 πολλοὶ
1472 5319 1756 5393 πρότερον,
1809 5319 1899 5375 καὶ
1949 5325 2039 5373 νῦν

403 5408 739 5484 ἀπήγγειλαν
799 5406 1178 5470 ἐπανελθόντες
1231 5408 1282 5460 o't
1344 5409 1714 5483 μαγιστριανοὶ
1775 5409 1886 5484 (καὶ
1938 5411 2037 5484 γὰρ

403 5498 513 5570 ἢδη
540 5498 628 5553 καὶ
661 5497 785 5572 παρ’
835 5495 1010 5550 αὐτῶν
1042 5497 1076 5565 ἡ
1111 5496 1383 5551 Φαυστίνα
1436 5497 1504 5550 τὰ
1549 5498 1684 5551 κατὰ
1736 5499 1828 5552 σιὸν
1878 5495 2042 5573 ἄνδρα

406 5589 784 5663 ἐμεμαθήκει)’
856 5581 1047 5657 δέομαι
1113 5583 1204 5638 οὖν
1302 5582 1466 5656 μηδὲν
1544 5582 1899 5650 ἀναϐαλέσθαι
1952 5589 2038 5642 καὶ

406 5675 675 5752 βασιλέων
710 5673 990 5749 εὐεργέτης
1041 5672 1291 5752 ὀφθῆναι,
1340 5673 1431 5728 καὶ
1469 5675 1530 5729 τὸ
1576 5676 1819 5731 ταπεινὸν
1879 5679 2038 5750 ἡμῶν

2149 4699 2415 4755 Rhenum
2447 4697 2814 4762 transierant,
2837 4699 2893 4750 et
2922 4699 3317 4750 Romanorum
3347 4708 3516 4764 agros
3543 4689 3787 4761 popula-

2149 4791 2384 4858 bantur,
2417 4804 2550 4845 eum
2583 4789 2744 4843 ducit
2773 4787 2840 4841 ad
2863 4788 3188 4856 Augustam
3222 4785 3576 4838 Faustinam.
3603 4783 3784 4847 Quem

2149 4887 2453 4951 postquam
2485 4877 2586 4932 illa
2625 4875 2849 4947 aspexit
2896 4875 3037 4928 adeo
3086 4872 3395 4928 honestum
3425 4878 3477 4926 et
3509 4885 3787 4926 veneran-

2149 4971 2308 5037 dum,
2331 4973 2389 5024 et
2411 4967 2512 5040 qui
2542 4979 2834 5021 summam
2868 4962 3326 5017 moderationem
3358 4976 3472 5031 prae
3491 4975 3553 5014 se
3574 4959 3787 5014 ferebat

2147 5065 2204 5116 et
2231 5059 2734 5131 tranquillitatem,
2759 5053 3037 5126 impletur
3066 5053 3304 5124 pudore,
3328 5056 3539 5107 etcum
3572 5049 3788 5105 salutat

2148 5147 2485 5214 honorifice,
2518 5148 2594 5210 et,
2626 5143 2785 5207 Quod
2837 5141 2917 5196 sis
2960 5141 3095 5195 boni
3152 5139 3380 5209 quidem
3430 5137 3551 5204 Dei,
3582 5142 3636 5193 et
3686 5137 3787 5208 qui

2149 5236 2347 5290 omnia
2399 5237 2608 5303 potest,
2659 5245 2882 5294 servus,
2913 5225 3124 5297 inquit,
3157 5231 3246 5281 est
3287 5225 3542 5291 evidens,
3576 5232 3686 5279 tam
3721 5241 3790 5278 ex

2150 5324 2243 5390 iis,
2275 5339 2404 5394 quas
2434 5320 2532 5376 alii
2565 5318 2730 5374 multi
2766 5316 2946 5389 prius,
2979 5321 3034 5371 et
3060 5331 3214 5370 nunc
3248 5313 3456 5370 reversi
3492 5313 3787 5368 renuntia-

2150 5419 2286 5468 runt
2318 5409 2700 5483 magistriani,
2729 5408 2965 5481 (etenim
3008 5407 3131 5477 jam
3179 5422 3404 5476 quoque
3431 5421 3501 5460 ex
3529 5404 3612 5458 eis
3643 5406 3792 5455 Fau-

2151 5500 2305 5557 stina
2335 5501 2406 5555 de
2437 5498 2534 5555 illo
2569 5497 2889 5568 acceperat)
2934 5512 3073 5568 rogo
3121 5495 3320 5567 igitur,
3353 5499 3418 5548 ut
3449 5491 3593 5548 nihil
3625 5488 3790 5545 dilic-

2153 5607 2262 5660 ras,
2293 5589 2393 5645 sed
2427 5587 2701 5644 beneﬁcio
2732 5586 2954 5642 afﬁcias
2998 5587 3394 5656 imperatores,
3426 5586 3482 5636 et
3512 5576 3789 5634 humilem

2153 5682 2410 5736 nostram
2441 5692 2632 5734 serves
2663 5678 2720 5732 et
2748 5691 2913 5732 cures
2959 5674 3223 5732 filiolam.
3257 5673 3351 5729 Sic
3380 5670 3532 5728 enim
3564 5684 3597 5724 a
3622 5665 3789 5722 nobis
