4128 6274
344 307 371 365 1
382 307 499 365 239

1686 288 1966 351 MENSlS
2008 284 2386 347 OGTOBEIL

3578 274 3609 332 1
3622 273 3742 331 240

339 461 535 534 magni
569 461 840 530 honores,
865 465 918 515 et
947 460 1098 514 dona
1144 457 1248 513 tibi
1298 455 1508 513 collata
1558 451 1807 509 referent
1855 463 1987 520 gra-

2112 448 2263 498 πῶσαι
2318 440 2410 495 καί
2486 441 2809 513 θεραπεῦσαι
2892 433 3201 511 θυγάτριον.
3272 429 3435 491 Οὕτω
3493 432 3595 508 γάρ
3658 454 3746 487 σοι

342 552 507 610 tiam.

415 729 589 785 XXII.
624 730 752 783 Hzec
800 726 900 783 illa
943 743 1071 783 cum
1125 742 1337 798 magna
1384 723 1609 779 dicebat
1658 719 1981 777 affectione.

343 824 480 874 Eam
512 818 666 873 enim
708 817 972 872 ﬂectebat
1022 822 1240 871 naturae
1286 815 1623 878 necessitas,
1651 818 1703 866 et
1736 809 1985 864 faciebat

347 913 410 962 ut
440 907 596 961 illius
624 906 939 976 postularet.
969 905 1270 973 auxilium,
1304 919 1473 975 quem
1507 903 1591 973 (ut
1617 916 1747 955 cum
1788 896 1983 952 divino

346 998 536 1052 dicam
568 995 805 1066 Davide)
837 995 967 1050 odio
1002 995 1291 1050 habebant
1337 994 1536 1064 gratis,
1569 996 1625 1045 et
1654 1006 1769 1045 non
1810 987 1983 1043 susti-

346 1086 563 1139 nebant
584 1084 823 1138 adorare
846 1087 1125 1153 tanquam
1150 1098 1349 1137 verum
1376 1083 1551 1135 Deum
1569 1078 1611 1133 ⁵.
1633 1078 1730 1133 Ille
1753 1086 1945 1131 autem
1968 1093 1981 1128 :

347 1176 589 1243 Accepta
637 1172 874 1242 quidem
921 1180 1028 1238 est,
1066 1170 1276 1241 inquit,
1318 1169 1485 1224 nobis
1536 1172 1635 1222 tua
1678 1165 1983 1221 voluntas:

348 1262 447 1317 sed
482 1278 586 1316 nos
632 1260 792 1315 nullo
820 1276 888 1314 ex
919 1260 1011 1329 iis,
1044 1276 1170 1331 quas
1203 1262 1338 1313 sunt
1381 1257 1533 1327 apud
1583 1272 1706 1323 vos,
1739 1254 1986 1309 delecta-

348 1365 500 1415 mur,
533 1352 599 1403 ut
628 1348 726 1419 qui
759 1363 965 1402 vanam
1016 1346 1167 1401 hanc
1213 1345 1467 1416 speciem
1515 1342 1861 1415 jampridem
1895 1357 1987 1396 ex-

346 1436 723 1509 spuerimus:
777 1439 834 1489 et
892 1435 1109 1506 alioqui
1170 1451 1273 1490 nec
1335 1434 1596 1489 mercede
1664 1431 1990 1502 praebemus

345 1525 581 1597 gratias,
607 1540 732 1595 quas
765 1522 933 1578 nobis
959 1540 991 1577 a
1012 1523 1128 1577 Deo
1160 1524 1301 1577 datae
1334 1526 1496 1586 sunt,
1518 1522 1702 1591 gratis
1733 1522 1987 1588 accepta,

348 1613 525 1686 gratis
583 1627 809 1683 quoque
873 1612 1013 1666 dare
1060 1611 1217 1681 jussi
1248 1611 1289 1664 ⁸.
1327 1610 1437 1665 Sed
1488 1608 1586 1663 ubi
1635 1614 1744 1677 est,
1776 1609 1989 1677 inquit,

350 1702 516 1757 ﬁlia?
545 1701 819 1756 Faustina
849 1705 1042 1755 autem
1075 1715 1246 1769 quam
1277 1700 1463 1769 potuit
1493 1698 1788 1753 celerrime
1813 1697 1993 1752 currit

2096 531 2330 605 μεγάλαι
2367 528 2526 602 τιμαὶ
2602 527 2727 600 παρ’
2788 528 2947 598 ἡμῶν
3006 524 3095 579 καὶ
3156 522 3355 598 δωρεαὶ
3411 524 3512 591 τὴν
3573 523 3744 599 χάριν

2094 620 2442 693 ἀμείψονται.

2166 710 2285 767 ΚΒ’.
2330 711 2513 765 Ταῦτα
2542 707 2676 780 μετᾶ
2722 702 2943 773 πολλῆς
3006 701 3307 775 ὑπηγόρευε
3356 713 3457 769 τῆς
3513 720 3749 774 περιπα-

2095 799 2257 862 θείας·
2292 796 2565 871 ἔκαμπτον
2619 798 2721 871 γάρ
2769 795 2937 861 αὐτὴν
2991 792 3045 847 αἱ
3089 798 3188 859 τῆς
3237 790 3447 863 φύσεως
3496 789 3746 863 ἀνάγγαι,

2094 890 2181 942 καὶ
2219 890 2418 961 βοηθὸν
2457 888 2677 941 ἐποίουν
2733 885 2932 939 ἐκεῖνον
2984 881 3259 950 ἐπιζητεῖν
3319 881 3377 934 ὃν
3434 880 3593 951 (κατὰ
3648 880 3746 934 τὸν

2097 978 2236 1031 θεῖον
2294 975 2454 1053 φάναι
2501 971 2696 1047 Δαυῒδ)
2752 971 2954 1045 δωρεὰν
3011 970 3251 1043 ἐμίσουν,
3306 969 3395 1022 καὶ
3448 969 3521 1029 ὡς
3562 966 3745 1036 ἀληθῆ

2095 1072 2409 1141 προσκυνεῖν
2446 1068 2546 1120 οὐκ
2595 1064 2902 1141 ἠνείχοντο.
2951 1064 3012 1118 Ὁ
3054 1058 3132 1132 δὲ,
3185 1059 3489 1115 Ἀπόὸεκτα
3544 1059 3637 1131 μὲν
3682 1059 3751 1112 τὰ

2097 1165 2194 1225 τῆς
2228 1155 2619 1231 προαιρέσεως,
2653 1152 2779 1232 ἔφη,
2809 1160 2912 1222 τῆς
2954 1158 3072 1220 σῆς.
3113 1150 3261 1218 πλὴν
3310 1147 3489 1203 οὐδενὶ
3536 1148 3746 1202 τούτων

2098 1249 2261 1317 ἡμεῖς
2311 1249 2416 1298 τῶν
2458 1245 2584 1319 παρ’
2646 1244 2772 1316 ὑμῖν
2831 1240 3030 1313 τιμίων
3091 1236 3357 1311 ἡδόμεθα,
3416 1236 3586 1292 πάλαι
3645 1238 3747 1305 τὴν

2100 1340 2260 1406 κενὴ]
2290 1338 2488 1405 ταύτην
2523 1334 2911 1395 διαπτύσαντες
2962 1330 3275 1409 φαντασίανο
3318 1328 3508 1391 ἄλλως
3557 1349 3616 1384 τε
3664 1326 3749 1394 δὲ,

2102 1424 2225 1481 οὐδὲ
2262 1424 2565 1499 ἐμμίσθους
2593 1425 2687 1486 τὰς
2737 1425 2883 1494 παρὰ
2932 1427 3064 1478 Θεοῦ
3124 1419 3367 1481 δοθείσας
3413 1422 3547 1491 ἡμῖν
3581 1417 3749 1491 παρέ-

2100 1535 2273 1590 χομεν
2330 1514 2581 1590 χάριτας,
2631 1512 2833 1587 δωρεὰν
2884 1507 3165 1579 λαϐόντες,
3216 1508 3305 1563 καὶ
3357 1506 3559 1581 δωρεὰν
3604 1504 3755 1559 διδό-

2099 1627 2185 1659 ναι
2214 1604 2645 1677 κεκελευσμένοι.
2681 1602 2857 1660 Ἀλλὰ
2886 1606 2991 1656 ποῦ
3034 1622 3141 1669 σοι,
3194 1599 3359 1675 φησὶν
3392 1601 3425 1667 ἡ
3460 1597 3706 1673 θυγάτηρ
3736 1617 3752 1665 ς

2102 1697 2199 1750 Καὶ
2240 1699 2273 1764 ἡ
2310 1695 2605 1764 Φαυστίνα,
2637 1693 2711 1754 ὡς
2745 1693 2862 1766 εἶχε
2890 1692 3119 1765 τάχους,
3153 1688 3308 1750 εὐθὺς
3346 1687 3423 1751 εἰς
3450 1686 3542 1741 τὸν
3574 1684 3756 1750 θάλα-

352 1792 409 1846 in
445 1789 789 1857 thalamum,
823 1796 877 1845 et
906 1794 1203 1860 acceptam
1256 1787 1433 1842 ﬁliam
1484 1786 1721 1843 attrahit
1753 1788 1821 1841 ad
1855 1803 1991 1841 san-

2112 1787 2206 1857 μόν
2263 1805 2322 1838 τε
2372 1783 2661 1857 εἰστρέχει,
2715 1782 2804 1835 γαὶ
2842 1787 2943 1849 τῆς
3000 1776 3192 1840 παιδὸς
3249 1776 3386 1844 αὐτή
3446 1771 3756 1848 λαϐομένη,

2112 1874 2117 1881 .
2176 1873 2211 1881 ..
2490 1872 2501 1881 .
2614 1872 2625 1881 .
2729 1872 2752 1881 ..
3052 1870 3063 1881 .
3119 1867 3143 1881 ..
3305 1868 3329 1881 ..
3442 1873 3468 1881 -
3553 1868 3574 1881 ,.
3706 1864 3718 1881 ρ

353 1884 514 1934 ctum
560 1896 736 1949 quam
786 1879 1036 1933 maximo
1085 1879 1288 1933 ardore
1318 1882 1375 1931 et
1401 1876 1586 1931 studio
1619 1876 1734 1933 dici
1780 1880 1990 1947 potest.

351 1968 612 2022 Puellam
662 1983 792 2023 vero
842 1966 1171 2021 inhabitans
1215 1965 1695 2020 sceleratissimus
1744 1966 1992 2033 daemon,

352 2072 486 2110 cum
537 2056 904 2126 cognovisset
935 2070 995 2109 se
1026 2055 1096 2108 ad
1128 2069 1259 2109 eum
1294 2054 1527 2122 abduci,
1561 2071 1593 2108 a
1616 2072 1730 2125 quo
1779 2053 1997 2109 sciebat

353 2161 417 2199 se
458 2145 620 2215 prius
663 2144 843 2198 fuisse
875 2128 1231 2214 superatum,
1266 2142 1627 2214 discerpebat
1658 2142 1905 2213 puellam
1939 2148 1996 2199 et

355 2233 701 2302 dejiciebat:
752 2232 975 2299 timere,
1026 2231 1382 2299 conturbari,
1435 2239 1696 2297 tremere,
1748 2231 1997 2302 caligare

356 2320 626 2376 faciebat.
659 2319 879 2374 Deinde
927 2320 1101 2374 etiam
1133 2336 1329 2374 vocem
1362 2335 1428 2374 ex
1460 2336 1526 2374 ea
1556 2320 1877 2387 emittebat,
1909 2320 1996 2375 di-

357 2412 579 2461 centem
610 2422 621 2459 :
656 2406 820 2473 Ecce,
854 2405 1080 2472 Aberci,
1115 2421 1220 2476 ego
1271 2411 1325 2460 te
1373 2406 1616 2460 Romam
1649 2407 1810 2476 duxi,
1848 2408 2000 2461 sicut

357 2511 488 2550 sum
523 2493 835 2565 pollicitus.
867 2494 967 2549 Ille
1019 2501 1250 2549 autem:
1285 2496 1464 2561 Certe,
1499 2495 1726 2565 inquit:
1761 2497 1861 2550 sed
1896 2512 1997 2550 ne-

361 2598 654 2653 quaquam
716 2586 1019 2653 propterea
1078 2583 1381 2653 gaudebis.
1416 2584 1510 2638 Sic
1559 2584 1724 2652 dixit,
1753 2589 1808 2638 et
1832 2584 1999 2653 jubet

360 2671 610 2743 puellam
660 2671 793 2725 duci
841 2672 951 2726 sub
987 2671 1101 2725 dio.
1136 2676 1313 2727 Ducta
1359 2676 1447 2726 est
1496 2688 1630 2743 ergo
1675 2672 1868 2741 puella
1899 2688 2000 2743 per

362 2760 843 2829 Hippodromum,
866 2775 1000 2814 cum
1034 2760 1400 2829 imperatoris
1432 2760 1709 2816 satellites
1730 2765 1787 2815 et
1814 2766 2002 2817 custo-

360 2848 462 2904 des
493 2850 683 2903 locum
716 2848 875 2919 prius
906 2852 1308 2921 occupassent.
1344 2850 1582 2905 Interim
1624 2854 1819 2905 autem
1869 2867 2001 2907 cum

359 2936 456 2990 ille
488 2936 795 3007 impudens
826 2942 883 2991 et
915 2939 1227 2993 sceleratus
1277 2939 1504 2993 daemon
1555 2940 1904 3011 discerperet
1950 2944 2006 2995 et

360 3026 635 3094 dejiceret
664 3025 937 3094 puellam,
961 3032 1017 3081 et
1040 3027 1185 3081 nihil
1218 3027 1377 3081 aliud
1411 3028 1692 3083 clamaret
1715 3028 1828 3084 nisi
1852 3030 2001 3100 quod

358 3113 549 3168 solum
598 3113 966 3185 signiﬁcabat
997 3131 1056 3169 se
1086 3114 1318 3185 gloriari
1351 3120 1407 3171 et
1431 3117 1676 3187 jactare,
1709 3119 1864 3188 quod
1904 3134 2007 3188 per

359 3218 421 3258 se
452 3202 709 3257 duxisset
739 3207 1007 3258 sanctum
1032 3220 1131 3274 per
1154 3209 1377 3261 tantum
1397 3210 1561 3262 terras
1583 3211 1640 3261 et
1666 3209 1844 3263 maris
1874 3225 2001 3279 spa-
2036 3178 2086 3245 Ο

360 3290 527 3359 tium,
573 3291 817 3348 sublatis
876 3293 935 3346 in
998 3293 1207 3348 caelum
1257 3294 1459 3359 oculis,
1512 3297 1816 3362 Abercius,
1868 3314 2000 3351 cum

360 3378 545 3434 Deum
578 3385 731 3435 esset
764 3385 1052 3451 precatus,
1077 3382 1331 3453 puellam
1363 3383 1571 3439 acriter
1600 3386 1878 3454 intuetur,
1909 3392 1961 3439 et
1987 3401 2000 3439 :

360 3468 446 3522 Ab
488 3485 572 3533 ea,
626 3468 836 3538 inquit,
889 3472 1178 3540 egredere,
1226 3472 1477 3541 maligne
1522 3473 1773 3541 daemon,
1815 3474 2004 3545 ipsam

366 3556 512 3611 nihil
545 3558 864 3613 offendens.
899 3560 1027 3614 Tibi
1062 3559 1169 3615 hoc
1210 3561 1377 3631 jubet
1423 3561 1690 3618 Christus
1737 3579 1916 3619 meus.
1952 3564 2005 3617 ls

362 3661 519 3713 vero,
551 3645 781 3702 leonina
825 3648 923 3703 illa
968 3650 1209 3707 audacia
1240 3653 1438 3707 statim
1474 3658 1697 3708 mutata
1728 3654 1785 3708 in
1818 3653 2006 3725 vulpis

366 3733 779 3789 timiditatem:
833 3737 1051 3805 Adjuro
1097 3742 1153 3791 te
1194 3755 1294 3807 ego
1343 3757 1595 3811 quoque,
1646 3741 1858 3812 inquit,
1909 3758 2007 3812 per

366 3821 557 3891 ipsum
608 3821 923 3892 Christum,
975 3840 1043 3877 ne
1095 3841 1187 3879 me
1238 3827 1438 3882 mittas
1496 3828 1555 3881 in
1607 3830 2005 3895 solitudinem,

368 3926 556 3979 neque
589 3908 772 3964 ullum
805 3910 984 3965 alium
1009 3911 1221 3978 locum,
1251 3914 1357 3968 nisi
1390 3916 1445 3969 in
1479 3932 1634 3983 eum,
1666 3916 1724 3971 in
1759 3934 1873 3988 quo
1905 3918 2004 3972 ha-

368 3998 647 4053 bitabam.
680 3998 930 4054 Sanctus
978 4006 1207 4056 autem:
1240 4002 1442 4059 Abibis
1493 4006 1751 4075 quidem,
1798 4006 2005 4077 inquit,

370 4102 484 4141 non
516 4086 575 4141 in
610 4087 1001 4156 solitudinem,
1037 4093 1131 4145 sed
1162 4090 1221 4146 in
1261 4091 1455 4148 locum
1507 4098 1836 4166 paternum.
1872 4095 2010 4152 Pro-

368 4180 565 4245 pterea
597 4183 813 4245 autem,
845 4181 996 4248 quod
1030 4196 1123 4235 me
1153 4181 1340 4237 fecisti
1372 4182 1564 4239 videre
1595 4183 1860 4255 Romam,
1886 4187 2009 4257 ipse

370 4280 603 4336 quoque
649 4266 753 4321 tibi
804 4269 982 4337 jubeo
1013 4270 1070 4324 in
1106 4272 1335 4328 nomine
1382 4276 1539 4340 Jesu,
1570 4278 1634 4330 ut
1663 4275 1810 4331 hanc
1852 4293 2008 4331 aram

372 4354 562 4422 tollas,
594 4355 669 4425 (ei
704 4372 875 4411 manu
908 4361 1218 4416 ostendens
1247 4378 1403 4416 aram
1438 4363 1748 4435 lapideam)
1780 4369 1835 4420 et
1866 4368 2013 4421 feras

373 4458 560 4513 usque
617 4444 688 4498 ad
750 4462 937 4501 meam
988 4448 1341 4518 Hierapolim
1400 4455 1456 4505 et
1501 4456 1724 4507 statuas
1783 4461 2014 4525 propter

2100 1872 2542 1951 ἐφέλκεταιπρὸς
2576 1872 2665 1925 τὸν
2720 1872 2893 1945 ἅγιον,
2949 1870 3063 1941 μεθ’
3115 1867 3245 1937 ὅσης
3298 1868 3356 1920 ἅν
3404 1873 3502 1934 τῆς
3550 1864 3758 1938 θερμό-

2099 1984 2263 2031 τητος
2296 1961 2466 2022 εἴποις
2497 1959 2587 2014 καὶ
2614 1967 2713 2028 τῆς
2758 1955 3021 2026 σπουδῆς.
3054 1958 3114 2014 Ὀ
3168 1954 3359 2029 μέντοι
3418 1954 3650 2008 ἐποικῶν

2102 2050 2256 2109 παιδὶ
2286 2047 2654 2123 πονηρότατος
2706 2046 2939 2120 δαίμων,
2996 2046 3109 2101 ἐπεὶ
3157 2046 3293 2119 πρὸς
3325 2044 3490 2099 αὐτὸν
3538 2042 3753 2118 ἀπαγό-

2108 2162 2266 2216 μενος
2298 2139 2455 2215 ἔγνω,
2490 2137 2551 2193 οῦ
2581 2141 2669 2193 καὶ
2702 2139 2964 2212 πρότερον
3014 2134 3293 2209 ἐγίνωσκεν
3346 2133 3621 2203 ἡττηθεὶς,
3671 2132 3754 2185 ἐσο

2104 2231 2342 2305 πάραττε
2367 2231 2461 2297 τήν
2512 2225 2701 2296 παῖδα,
2752 2220 3079 2294 κατέϐαλλε,
3132 2220 3453 2292 δεδοικέναι,
3502 2222 3761 2295 ταράττε-

2108 2332 2250 2388 σθαι,
2317 2318 2556 2392 τρέμειν,
2609 2315 2853 2390 ίλιγγιᾷν
2904 2313 3097 2368 ἐποίει.
3152 2313 3281 2367 Εἶτα
3337 2313 3426 2366 καὶ
3469 2313 3655 2382 φωνὴν
3700 2309 3761 2364 ἐκ

2104 2409 2308 2478 ταύτης
2372 2407 2544 2483 ἠφίει,
2606 2403 2766 2473 Ἰδοὺ,
2828 2398 3095 2477 ’Δϐέρκιε,
3183 2399 3467 2475 λέγουσαν,
3526 2399 3615 2455 καὶ
3679 2400 3759 2460 εἷς

2105 2498 2327 2568 Ῥώμην
2361 2515 2418 2548 σε
2464 2494 2697 2569 ἤγαγον,
2748 2492 2928 2565 ὥσπερ
2978 2489 3081 2566 ἄρα
3130 2488 3575 2566 ἐπηγγειλάμην,
3629 2491 3655 2543 ὁ
3702 2486 3760 2542 δὲ

2106 2584 2233 2654 Ναὶ,
2269 2583 2446 2659 φησίν·
2482 2582 2609 2638 ἀλλ’
2650 2582 2711 2637 οὐ
2742 2583 3030 2657 ’χαιρήσεις
3068 2581 3265 2635 τούτου
3314 2601 3373 2656 γε
3411 2577 3604 2636 ἕνεκεν.
3657 2580 3765 2635 0'3-

2107 2694 2215 2735 τως
2263 2668 2362 2747 ἔφη
2408 2672 2497 2726 καὶ
2563 2673 2661 2740 τήν
2710 2671 2882 2742 κόρην
2935 2668 3010 2729 εἷς
3070 2669 3329 2743 ὕπαιθρον
3391 2670 3626 2742 ἀχθῆναι
3679 2688 3765 2722 κε-

2110 2762 2277 2819 λεύει.
2311 2763 2492 2835 Ἤχθη
2527 2760 2617 2813 οῦν
2647 2759 2746 2813 άνά
2787 2759 2878 2813 τὸν
2935 2756 3298 2834 Ἰππόδρομον
3331 2762 3364 2828 ἡ
3398 2765 3547 2826 παῖς,
3589 2759 3761 2812 ὑπασο

2110 2856 2315 2907 πιστῶν
2349 2871 2407 2903 τε
2451 2847 2752 2923 βασιλικῶν
2803 2844 3069 2923 πρότερον
3117 2850 3206 2902 καὶ
3259 2853 3509 2924 φρουρῶν
3544 2847 3635 2902 τὸν
3666 2848 3767 2900 τό-

2112 2962 2212 2995 πον
2246 2932 2638 3009 διαλαϐόντων,
2682 2936 2733 2992 ἐν
2780 2936 2959 3009 τούτῳ
3009 2934 3065 2992 δὲ
3112 2942 3209 2992 τοῦ
3256 2934 3504 2997 ἀναιδοῦς
3559 2935 3764 2990 ἐκείνου

2111 3030 2201 3085 καὶ
2244 3033 2441 3103 μιαροῦ
2496 3026 2777 3099 δαίμονος,
2829 3026 3223 3096 σπαράττοντός
3254 3048 3311 3081 τε
3348 3028 3439 3081 καὶ
3487 3020 3766 3081 καταϐάλ-

2115 3117 2307 3179 λοντος
2338 3118 2436 3186 τήν
2474 3118 2662 3190 κόρην,
2714 3116 2804 3169 καὶ
2866 3114 3024 3170 οὐδὲν
3060 3114 3203 3171 ἄλλο
3258 3117 3493 3191 βοῶντος
3552 3117 3635 3170 δτι
3690 3117 3766 3187 μὴ

2114 3207 2181 3261 τὰ
2245 3206 2410 3284 ὀφρὺν
2470 3205 2560 3258 καὶ
2618 3204 2831 3276 κόμπον
2889 3201 3164 3274 δηλοῦντα
3224 3203 3411 3275 μόνον,
3472 3203 3553 3278 ἐφ’
3596 3203 3765 3274 ᾧτόν

2112 3300 2260 3372 ἅγιον
2304 3295 2573 3366 τοσαύτην
2632 3293 2901 3351 θάλασσάν
2952 3317 3011 3350 τε
3057 3296 3145 3350 καὶ
3176 3298 3275 3369 γῆν
3310 3293 3382 3349 δι’
3423 3295 3586 3350 αὐτὸν
3636 3294 3767 3369 ἀγά-

2110 3407 2219 3460 γοι,
2278 3386 2340 3441 τὸ
2409 3383 2566 3459 ὄμμα
2624 3384 2700 3447 εἷς
2756 3386 3016 3460 οὐρανοὺς
3070 3384 3269 3459 ἐπάρας
3329 3378 3609 3458 Ἀὄέρκιος
3675 3383 3771 3437 καὶ

2113 3474 2547 3550 προσευξάμενος
2577 3478 2655 3545 τῷ
2686 3479 2823 3547 Θεῷ.
2858 3473 3024 3548 δριμύ
3052 3494 3110 3529 τε
3153 3478 3220 3547 τῇ
3270 3472 3407 3547 κόρη
3465 3468 3763 3544 ἐμϐλέπει,

2114 3565 2202 3620 καὶ
2231 3564 2471 3634 Ἔξελθε,
2506 3562 2664 3643 φησὶ,
2693 3564 2919 3634 ταύτης,
2951 3563 3157 3639 πονηρὲ
3178 3559 3397 3635 δαῖμον.
3444 3562 3765 3616 Ἐπιτάσσει

2117 3675 2200 3709 σοι
2267 3655 2497 3729 Χριστὸς
2548 3655 2576 3708 ὁ
2623 3652 2773 3727 ἐμὸς,
2833 3654 3000 3725 μηδὲν
3047 3653 3215 3721 αὐτὴν
3268 3651 3670 3725 λυμηνάμενος.
3705 3650 3769 3708 Ὁ

2118 3740 2175 3796 δὲ
2201 3741 2353 3803 εὐθὺς
2383 3742 2444 3795 τὸ
2478 3739 2748 3797 λεόντειον
2788 3740 2957 3796 ἐκεῖνο
3007 3741 3204 3816 θράσος
3249 3739 3325 3800 εἷς
3367 3737 3570 3794 δειλίαν
3619 3737 3770 3792 ἀλώ-

2116 3852 2278 3893 πεκος
2344 3826 2795 3903 μεταϐεϐληκὼς,
2840 3830 3077 3903 Ὁρκίζω
3127 3852 3183 3885 σε
3230 3830 3407 3903 κάγὼ,
3456 3826 3581 3906 ἔφη,
3632 3829 3773 3883 κατὰ

2115 3924 2212 3975 τοῦ
2247 3921 2411 3973 αὐτοῦ
2452 3924 2719 3993 Χριστοῦ,
2751 3920 2827 3990 μὴ
2852 3918 2928 3981 εἰς
2983 3918 3213 3993 ἐρημίαν
3268 3939 3355 3991 με,
3404 3920 3480 3990 μὴ
3530 3916 3605 3979 εἷς
3651 3913 3771 3970 ἓτε-

2118 4030 2211 4083 ρον
2245 4009 2563 4082 ἆποπέμψαι
2619 4008 2809 4063 τόπον·
2864 4006 2990 4062 ἀλλ’
3049 4004 3173 4071 ἔνθα
3232 4006 3297 4076 δὴ
3365 4007 3455 4062 καὶ
3510 4005 3771 4080 πρότερον

2117 4097 2313 4169 ᾣκουν.
2367 4099 2462 4152 Καὶ
2513 4097 2604 4151 τὸν
2654 4097 2830 4173 ἅγιον.
2880 4095 3183 4171 Ἀπελεύσῃ
3236 4096 3332 4167 μὲν
3382 4096 3479 4151 οὐκ
3517 4094 3590 4157 εἷς
3638 4094 3770 4167 ἐρη-

2123 4186 2272 4261 μίαν,
2315 4185 2445 4241 ἀλλ’
2491 4188 2568 4249 εὶς
2619 4188 2711 4241 τὸν
2757 4189 2924 4244 τόπον
2975 4186 3066 4242 τὸν
3116 4186 3402 4259 πατρικόν.
3456 4186 3599 4248 Ἀνθ’
3640 4184 3767 4238 ὅτου

2121 4273 2177 4329 δέ
2210 4296 2275 4348 με
2306 4274 2395 4329 καὶ
2434 4278 2534 4344 τὴν
2587 4277 2809 4351 Ῥώμην
2856 4273 2985 4331 ἰδεῖν
3034 4274 3317 4345 ἐποίησας,
3371 4273 3636 4329 ἐπιτάττω
3683 4293 3769 4326 σοι

2118 4365 2205 4419 καὶ
2263 4364 2424 4426 αὐτὸς
2474 4364 2639 4419 πάλιν
2691 4366 2741 4419 ἐν
2800 4370 2880 4438 τῷ
2930 4365 3156 4437 ὀνόματι
3199 4366 3378 4434 Ἰησοῦ
3430 4364 3521 4419 τὸν
3582 4364 3771 4438 βωμὸν

2117 4456 2311 4507 τοῦτον
2377 4451 2500 4529 ἆραι
2556 4451 2750 4525 (δείξας
2800 4454 2945 4526 αὐτῷ
2984 4457 3051 4527 τῇ
3099 4452 3245 4528 χειρὶ
3299 4452 3486 4527 βωμὸν
3536 4449 3771 4525 λίθινον)

375 4536 597 4603 portam
632 4533 969 4589 australem.
1004 4537 1237 4592 Audivit
1270 4538 1518 4607 daemon,
1552 4549 1605 4596 et
1636 4543 1836 4597 statim
1880 4548 2000 4600 tan-

2126 4540 2291 4616 μέχρι
2353 4564 2406 4597 τε
2449 4542 2804 4618 Ἱεραπόλεως
2859 4550 2959 4611 τῆς
3015 4540 3155 4615 ἐμῆς
3206 4541 3456 4616 ἐνεγκεῖν,
3502 4542 3589 4597 καὶ
3624 4539 3772 4614 παρὰ

379 4636 555 4691 quam
587 4636 811 4690 servus,
834 4624 933 4693 qui
959 4624 1199 4679 terribili
1231 4626 1467 4683 domino
1499 4629 1701 4685 didicit
1732 4633 1932 4689 cedere
1955 4634 2012 4689 in

379 4709 675 4779 omnibus,
705 4711 918 4766 recedit
948 4713 1183 4783 quidem
1213 4732 1244 4769 a
1274 4717 1487 4787 puella,
1520 4718 1665 4773 nihil
1698 4722 1747 4775 ei
1781 4722 2013 4778 omnino

381 4797 519 4853 mali
551 4798 783 4856 faciens.
814 4802 1026 4857 Deinde
1056 4803 1580 4864 innumerabilibus
1611 4811 1796 4867 oculis
1826 4814 2018 4868 viden-

380 4887 537 4942 tibus
593 4888 648 4959 (o
699 4886 831 4959 quis
888 4894 989 4946 tua
1044 4895 1241 4948 omnia
1302 4914 1412 4953 non
1474 4899 1873 4972 admirabitur,
1921 4918 2018 4957 rex

383 4976 604 5031 Christe
620 4978 665 5046 ?)
700 4996 853 5034 aram
890 4982 1068 5050 subit,
1099 4989 1156 5039 et
1188 4985 1332 5040 tollit
1380 4990 1624 5057 graviter
1672 5006 1930 5061 gemens,
1964 4996 2019 5047 et

382 5065 590 5119 transit
622 5082 721 5135 per
761 5068 1016 5125 medium
1066 5073 1545 5143 Hippodromum,
1576 5078 1749 5146 (quod
1783 5079 2018 5149 quidem

381 5153 571 5207 visum
605 5160 692 5207 est
724 5172 931 5212 novum
965 5160 1238 5217 Romanis
1271 5165 1685 5237 spectaculum)
1708 5171 1763 5222 et
1785 5168 2020 5238 deponit

382 5238 675 5310 Hierapoli
706 5242 764 5298 in
795 5244 919 5302 loco
950 5249 1295 5319 praestituto.

456 5591 481 5626 ⁵
510 5589 658 5645 Psal.
694 5608 887 5668 vam,
919 5602 969 5655 3.
1005 5600 1026 5635 ⁶
1055 5603 1254 5667 Matth.
1289 5629 1343 5684 ι,
1376 5611 1429 5665 8.

2121 4635 2187 4704 τῇ
2255 4632 2417 4706 νοτίῳ
2474 4634 2689 4709 φέροντι
2774 4638 3114 4705 παραστῆσαι
3169 4632 3337 4706 πύλῃ.
3409 4634 3670 4688 ’Ἤκουσεν
3742 4633 3770 4686 ὁ

2126 4720 2360 4793 δαίμων,
2390 4720 2478 4776 καὶ
2510 4721 2665 4784 εὐθὺς
2694 4722 2783 4774 οἷα
2816 4717 3015 4783 δοῦλος
3046 4715 3263 4798 φοϐερῷ
3312 4718 3547 4795 δεσπότῃ
3594 4722 3771 4776 πάντα

2128 4811 2360 4866 ὑπείκειν
2392 4806 2817 4882 πεπαιδευμένος
2848 4808 3252 4865 ἀπαλλάττεται
3290 4812 3384 4884 μὲν
3425 4816 3525 4879 τῆς
3572 4810 3768 4886 κόρης,

2132 4896 2259 4972 μηδ’
2326 4901 2503 4954 ὁτιοῦν
2568 4898 2735 4970 αὐτὴν
2798 4897 2997 4975 δράσας
3063 4901 3248 4957 κακόν.
3358 4899 3491 4957 Εἶτα
3559 4901 3767 4974 μυρίων

2129 4989 2380 5062 ὁρώντων
2414 4986 2676 5061 ὀμμάτων
2730 4987 2796 5062 (ὢ
2854 4989 2935 5051 τίς
2993 4991 3069 5063 μὴ
3123 4990 3385 5061 θαυμάσει
3430 5010 3525 5044 σου
3573 4990 3771 5059 πάντα,

2128 5079 2325 5151 Χριστὲ
2386 5078 2662 5153 βασιλεῦς)
2725 5078 3017 5156 ὑπέρχεται
3072 5078 3165 5134 τὸν
3228 5079 3414 5154 βωμὸν
3468 5079 3559 5134 καὶ
3616 5080 3774 5133 ἀναι-

2132 5172 2325 5244 ρεῖται,
2360 5165 2493 5243 βαρὺ
2544 5168 2811 5239 στενάξας,
2852 5169 2941 5224 καὶ
2992 5166 3156 5231 δίεισς
3207 5165 3296 5223 διὰ
3342 5171 3439 5223 τοῦ
3484 5165 3773 5243 Ἱπποδρό-

2134 5278 2239 5331 μυυ
2296 5258 2497 5327 (καινὸν
2558 5254 2624 5327 δὴ
2688 5263 2850 5314 τοῦτο
2910 5258 3083 5333 θέαμα
3148 5257 3489 5331 Ῥωμαίοις),
3546 5258 3635 5315 καὶ
3691 5261 3775 5331 τῷ

2133 5347 2419 5420 ὡρισμένῳ
2450 5346 2626 5425 φέρων
2670 5347 3019 5420 ἐναποτίθησι
3066 5346 3219 5422 τόπῳ
3264 5348 3401 5405 κατά
3454 5349 3553 5421 τήν
3599 5353 3776 5424 Ἱερα-

2131 5432 2313 5493 πολιν.
