4128 6274
225 377 373 438 1241

1595 381 1782 441 VlTA
1827 382 1907 448 S.
1939 381 2271 445 ABERGII.

3461 389 3616 450 1242

299 538 419 594 Kl".
451 538 514 592 ’Π
546 534 603 592 δὲ
631 536 766 611 κόρη
798 537 1278 625 τοῦᾼὲνοχλοῦντος
1330 537 1710 614 ἀπαλλαγεῖσα
1759 538 1872 596 δαί-

2053 544 2261 602 ΧΧΙΙΙ.
2297 545 2499 602 Puella
2529 552 2725 603 autem
2748 548 3338 623 liberataadaamone,
3373 555 3471 625 qui
3492 569 3619 610 eam

230 646 417 698 μονος,
447 626 659 700 ἄφωνος
697 625 786 681 ἐπὶ
832 623 1005 680 πολὺν
1048 626 1251 701 χρόνον
1298 632 1405 682 τῶν
1450 625 1633 683 ποδῶν
1691 628 1872 703 εἷ’χετο

224 718 321 769 τοῦ
353 715 530 788 ἆγίου·
566 715 594 768 ’ὀ
625 713 715 769 καὶ
759 714 998 789 μάλιστα
1051 717 1150 784 τήν
1201 716 1410 791 μητέρα
1461 719 1552 772 καὶ
1602 717 1731 780 τοὺς
1779 737 1877 772 πα·

226 803 418 876 ρόντας
476 800 746 877 ἐθορύϐει,
815 803 1125 869 δεδοικότας
1181 809 1256 880 μή
1308 808 1398 862 καὶ
1444 810 1543 877 τὴν
1601 809 1786 881 ψυχὴν
1847 809 1873 861 ὁ

226 891 435 967 δαίμων
467 891 721 971 ἄφείλετο
750 897 848 964 τῆς
894 893 1110 958 παιδός.
1163 898 1270 964 Τήν
1332 895 1519 970 μέντοι
1569 898 1872 952 Φαυστίναν

230 985 305 1055 μὴ
341 981 634 1053 δυνηθῆναι
669 989 850 1058 σιωπῇ
901 988 1061 1039 τοῦτο
1111 981 1427 1061 διενεγκεῖν,
1477 984 1620 1042 ἀλλᾶ
1671 987 1872 1060 μεστήν

225 1071 458 1147 ἀγωνίας
490 1070 720 1147 ἔχουσαν
750 1074 851 1143 τήν
881 1071 1132 1147 καρδίαν,
1163 1076 1298 1148 πρὸς
1346 1075 1437 1130 τὸν
1489 1075 1638 1150 ἅγιον
1690 1076 1868 1154 φάναι·

222 1162 285 1218 Ἡ
336 1183 442 1217 που
501 1163 634 1235 μετᾶ
690 1167 788 1217 τοῦ
846 1159 1101 1236 δαίμονος
1170 1162 1491 1234 άπήλλαξας
1547 1166 1645 1234 τήν
1706 1163 1874 1220 παῖδα

222 1251 442 1320 καὶτῆς
476 1257 643 1322 ζωῆς.
675 1254 731 1306 '0
781 1251 839 1308 δὲ
887 1253 1063 1316 οὓτως
1107 1253 1275 1323 αὐτὴν
1327 1251 1668 1328 διακειμένην
1719 1252 1871 1324 ἰδὼν,

221 1343 308 1397 καὶ
345 1340 639 1417 οἰκτείρας,
678 1345 777 1414 τήν
818 1349 980 1418 χεῖρα
1014 1347 1084 1418 τῇ
1132 1342 1288 1400 παιδὶ
1334 1345 1642 1420 προτείνας,
1692 1344 1873 1419 ὥσπερ

224 1432 329 1486 ὑπὸ
391 1432 548 1507 βαθεῖ
613 1431 765 1505 ὕπνῳ
821 1433 1296 1507 κατειλημμένην,
1352 1437 1625 1505 νήφουσαν
1674 1435 1870 1509 ἐγείρει

223 1519 314 1574 καὶ
351 1524 751 1597 σωφρονοῦσαν,
801 1524 892 1577 καὶ
936 1523 1074 1596 πρὸς
1114 1524 1213 1593 τήν
1265 1523 1570 1579 Φαυστίναν
1618 1523 1870 1596 ἐπιστραο

225 1608 364 1681 φεῖς,
423 1606 588 1679 Ἰδοὺ,
651 1610 806 1687 φησὶ,
857 1610 1162 1686 παρέστηκέ
1208 1633 1292 1667 σοι
1322 1615 1357 1682 ἡ
1398 1618 1545 1681 παῖς,
1601 1609 1724 1667 οὔτε
1769 1619 1869 1680 τῆς

227 1703 373 1766 ζωῆς
441 1701 778 1773 στερηθεῖσα,
832 1700 922 1755 καὶ
976 1708 1076 1770 τῆς
1125 1705 1222 1756 τοῦ
1289 1699 1549 1776 δαίμονος
1613 1700 1871 1776 ἐπηρείας

223 1785 620 1864 ἀπαλλαγεῖσα.
650 1789 739 1851 Ὠς
773 1789 868 1844 οὗν
913 1791 1058 1846 οὕτω
1103 1791 1201 1859 τήν
1246 1789 1414 1847 παῖδα
1443 1794 1478 1861 ἡ
1515 1792 1698 1864 μήτηρ
1742 1788 1866 1848 εἶδε.

1983 634 2246 699 vexabat,
2280 639 2444 691 muta
2475 634 2647 708 longo
2679 644 2936 709 tempore
2966 639 3156 694 tenuit
3186 642 3372 696 sancti
3406 642 3580 712 pedes
3607 658 3621 696 :

1983 721 2140 792 quod
2189 727 2461 792 matrem,
2501 729 2558 780 et
2602 741 2718 795 eos,
2753 726 2850 797 qui
2886 727 3142 795 aderant,
3179 731 3431 784 maxime
3480 746 3620 784 con-

1983 812 2276 883 turbabat,
2309 813 2579 870 timentes
2636 831 2709 870 ne
2741 814 2943 886 puellae
2996 817 3250 873 animam
3284 817 3622 873 abstulisset

1983 901 2232 956 daemon.
2265 904 2541 959 Faustina
2570 909 2765 959 autem
2797 921 2913 960 non
2972 906 3155 976 potuit
3203 909 3307 961 hoc
3352 907 3496 962 ferre
3528 906 3616 961 si-

1981 985 2158 1044 lentio
2193 1005 2206 1044 :
2238 990 2341 1045 sed
2392 990 2611 1047 habens
2658 1007 2758 1048 cor
2788 992 3026 1064 plenum
3053 993 3290 1049 tristitia
3320 999 3376 1049 et
3407 1009 3619 1064 angore

1983 1077 2186 1149 animi,
2247 1080 2390 1135 dixit
2437 1089 2684 1136 sancto:
2736 1081 2896 1137 Certe
2951 1097 3081 1137 cum
3140 1082 3402 1138 daemone
3439 1083 3618 1136 vitam

1983 1183 2212 1238 quoque
2242 1170 2508 1224 ademisti
2533 1169 2684 1226 filiae.
2716 1169 2818 1225 Ille
2849 1175 3043 1226 autem
3075 1187 3204 1226 cum
3227 1188 3351 1227 eam
3377 1170 3620 1226 vidisset

1982 1256 2067 1311 sic
2097 1256 2384 1325 affectam,
2412 1262 2470 1313 et
2490 1259 2615 1328 ejus
2638 1265 2792 1314 esset
2812 1259 3110 1328 misertus,
3144 1259 3351 1329 puellae
3381 1273 3616 1314 manum

1985 1346 2270 1417 praebens,
2310 1349 2590 1418 tanquam
2654 1347 2942 1418 profundo
2990 1363 3195 1402 somno
3253 1361 3618 1418 oppressam,

1980 1451 2108 1491 eam
2141 1434 2278 1490 facit
2308 1451 2546 1507 surgere
2577 1452 2735 1492 sanae
2766 1436 2978 1493 mentis
3009 1439 3358 1506 compotem.
3387 1437 3455 1490 Et
3485 1451 3620 1489 con-

1979 1539 2175 1578 versus
2231 1524 2303 1577 ad
2353 1523 2729 1580 Faustinam:
2792 1524 2952 1593 Ecce,
3011 1523 3223 1595 inquit,
3283 1523 3446 1578 adest
3509 1523 3618 1577 tibi

1978 1611 2174 1682 puella
2205 1628 2390 1683 neque
2419 1611 2537 1667 vita
2567 1612 2808 1684 privata,
2841 1617 2899 1667 et
2929 1611 3109 1667 libera
3138 1612 3209 1667 ab
3242 1611 3467 1666 insultu
3501 1609 3617 1664 daa-

1979 1700 2187 1756 monis.
2220 1704 2531 1771 Postquam
2563 1717 2694 1771 ergo
2745 1705 2934 1756 mater
2965 1701 3048 1756 sic
3076 1701 3216 1754 vidit
3247 1700 3450 1767 ﬁliam,
3485 1713 3614 1753 eam

1977 1788 2294 1860 complexa,
2327 1795 2383 1845 et
2414 1806 2528 1860 prae
2551 1791 2758 1860 gaudio
2788 1791 3038 1844 fundens
3065 1787 3369 1856 lacrymas,
3405 1800 3616 1856 genam

220 1871 591 1949 περιϐαλοῦσα
646 1877 868 1950 ταύτην,
912 1878 1002 1933 καὶ
1049 1877 1252 1956 δάκρυα
1294 1887 1468 1956 χαρᾶς
1517 1880 1652 1954 αὐτῇ
1701 1902 1866 1936 κατα-

1985 1895 2133 1949 genaa
2164 1878 2466 1949 imposuit,
2500 1883 2556 1934 et
2584 1895 2650 1934 os
2682 1879 2788 1947 ori,
2822 1884 2878 1934 et
2908 1877 3178 1933 manibus
3228 1892 3440 1932 manus
3474 1891 3617 1930 con-

220 1965 414 2043 χέασα,
481 1967 708 2042 παρειάν
773 1987 832 2022 τε
894 1973 1092 2042 παρειᾷ
1156 1969 1405 2040 ἐπετίθει,
1490 1972 1580 2026 καὶ
1635 1971 1861 2043 στόματι

222 2054 417 2127 στόμα,
453 2055 610 2130 χερσί
665 2077 724 2110 τε
777 2051 1036 2111 ἐνέϐαλλε
1081 2062 1293 2132 χεῖρας,
1343 2058 1432 2112 καὶ
1480 2056 1661 2133 ὥσπερ
1711 2057 1862 2114 ἔνδον

221 2138 407 2198 Λαϐεῖν
435 2144 525 2198 καὶ
554 2149 736 2220 γυμνῇ
767 2145 904 2219 αὐτῇ
963 2147 1306 2222 συγγενέσθιοι
1352 2149 1420 2220 τῇ
1462 2150 1617 2225 ψυχῇ
1668 2145 1866 2222 γλιχο-

221 2231 376 2308 μένῇ,
411 2235 512 2289 οὐκ
541 2233 684 2309 εἶχεν
727 2236 756 2289 ὅ
785 2255 837 2289 τι
875 2236 965 2290 καὶ
1011 2235 1243 2312 γένοιτο.
1292 2234 1518 2305 Ἐπειδή
1564 2234 1620 2291 δὲ
1670 2236 1862 2299 ἱκανῶς

217 2322 355 2396 αὐτῇ
383 2320 491 2392 ἤδη
521 2325 588 2378 τὰ
617 2324 754 2398 πρὸς
796 2327 895 2394 τήν
941 2322 1109 2379 παῖδα
1157 2326 1324 2400 εἶχεν.
1377 2325 1532 2396 ἠξίου
1585 2326 1674 2380 τὸν
1719 2331 1866 2389 θεῖον

221 2407 501 2488 Ἀϐἐρκιον
558 2414 867 2486 θερμότατα
924 2413 1044 2468 λίαν
1100 2417 1134 2485 ἡ
1192 2417 1412 2490 βασιλὶς
1466 2417 1542 2489 μή
1593 2421 1863 2492 παραιτή-

219 2503 409 2556 σασθαι
452 2504 578 2578 παρ’
617 2501 822 2570 ἐκείνης
875 2499 1061 2559 λαϐεῖν
1107 2500 1374 2579 ἀμοιϐήν,
1431 2505 1574 2580 ῇτινι
1620 2507 1866 2581 μεγάλης

220 2588 391 2654 οὕτως
446 2591 607 2652 αὐτὸς
657 2593 748 2646 καὶ
801 2592 1095 2670 ἀναγκαίας
1153 2595 1356 2670 ὑπῆρξε
1403 2595 1655 2670 χάριτος.
1705 2596 1766 2652 Ὁ
1809 2592 1867 2649 δὲ

222 2680 524 2754 χρημάτων
562 2682 658 2754 μὶν
707 2679 834 2737 οὐδὲ
884 2685 1106 2756 μνήμην
1165 2683 1410 2762 ἀτεχνῶς
1461 2686 1750 2764 ἠνέσχετο,
1801 2685 1868 2739 εἱ-

224 2769 408 2841 ρηκὼς
466 2767 548 2823 ὅτι
609 2769 677 2826 Τί
733 2767 920 2841 δεήσοι
977 2773 1282 2846 χρημάτων
1348 2774 1496 2846 ᾧπερ
1564 2771 1724 2846 ἄρτος
1775 2773 1867 2827 καὶ

225 2853 370 2930 ὕδωρ
430 2855 732 2920 πολυτελὲς
784 2857 1042 2931 ἄριστον;
1090 2856 1525 2932 οἰκοδομηθῆναι
1582 2858 1638 2912 δὲ
1705 2860 1872 2932 βαλα-

227 2950 366 2998 νεῖον
399 2945 540 3000 αἷτεῖ
567 2945 652 2999 ἐπὶ
680 2950 760 3017 τῷ
799 2946 946 3020 παρὰ
986 2947 1233 3018 ποταμὸν
1287 2946 1462 3021 ἀγρῷ,
1511 2945 1636 3001 ἔνθα
1677 2946 1868 3010 κλίνας

227 3034 386 3096 αὐτὸς
450 3033 517 3088 τὰ
569 3034 766 3109 γόνατα
818 3034 1042 3104 ηὔξατο,
1095 3035 1186 3089 καὶ
1223 3037 1258 3104 ἡ
1291 3042 1360 3112 γῆ
1421 3035 1603 3110 πηγὰς
1663 3034 1868 3092 ὑδάτων

226 3125 394 3192 ἀνῆκε
449 3125 685 3198 θερμῶν·
738 3122 1043 3198 σιτηρέσιόν
1093 3145 1151 3179 τε
1201 3129 1316 3185 τοῖς
1360 3122 1412 3179 ἐν
1458 3128 1526 3198 τῇ
1574 3124 1734 3180 πόλει
1787 3125 1874 3181 αὖ·

225 3218 322 3268 τοῦ
351 3217 600 3288 πτωχοῖς
634 3213 710 3274 εἷς
740 3211 1088 3288 τρισχιλίους
1132 3211 1354 3286 μοδίους
1383 3215 1742 3289 ἀποταγῆναι.

304 3302 420 3358 KA'.
454 3302 676 3359 Τούτων
703 3303 739 3371 ἡ
776 3302 990 3376 βασιλὶς
1048 3303 1160 3375 ἅμα
1194 3324 1253 3358 τε
1299 3304 1523 3372 ἤκουσε,
1571 3301 1661 3358 καὶ
1709 3303 1872 3377 ἀσμέ-

227 3413 331 3454 νως
378 3391 601 3466 ἁρπάζει
648 3391 710 3446 τὸ
758 3392 993 3462 αἰτηθὲν.
1053 3393 1418 3468 Κορνηλιανόν
1465 3415 1524 3450 τε
1572 3398 1661 3451 τὸν
1705 3395 1870 3470 ἔπαρο

235 3501 338 3557 χον
370 3482 442 3544 ὡ..
483 3481 654 3556 τάχος
701 3481 1080 3553 μετακαλεῖται
1127 3485 1215 3537 καὶ
1255 3482 1494 3554 σπουδήν
1539 3491 1710 3540 πᾶσαν
1761 3487 1872 3542 είσ-

237 3576 463 3648 ενεγκεῖν
495 3572 631 3645 πρὸς
658 3571 726 3627 τὰ
758 3570 1046 3640 αἲτηθὲντα
1075 3570 1309 3642 κελεύει,
1339 3574 1482 3628 ὥστε
1534 3577 1607 3646 μή
1657 3571 1874 3648 ἀμϐλῦ-

229 3681 313 3715 ναι
344 3662 442 3729 τὴν
483 3661 642 3734 χάριν
687 3664 794 3714 τῶν
844 3658 1058 3735 ταχέως
1118 3660 1523 3734 ὑποσχεθέντων
1578 3661 1873 3736 βραδυτῆτι

235 3746 528 3811 διακονίας.
563 3747 719 3805 Οὕτω
767 3747 920 3825 φύσνι
977 3749 1068 3802 καὶ
1127 3748 1284 3804 πάθει
1332 3752 1518 3825 ψυχῆς
1569 3752 1620 3805 οἱ
1662 3750 1875 3824 ἄνθρω-

226 3858 320 3892 ποι
349 3842 464 3898 τοῖς
506 3837 722 3890 ὀκνοῦσι
771 3837 865 3899 τὰς
916 3833 1120 3912 δωρεὰς
1172 3835 1386 3910 μᾶλλον
1417 3837 1453 3908 ἤ
1484 3844 1601 3902 τοῖς
1650 3841 1784 3915 πρὸς
1812 3841 1876 3896 τὸ

230 3922 417 3983 λαϐεῖν
476 3927 720 3999 ἑτοίμοις
767 3923 1016 4000 ἡδόμεθα
1071 3927 1433 4002 χαριζόμενοι
1486 3930 1613 3994 τοὺς
1655 3931 1746 4004 μὲν
1789 3929 1876 3986 διὰ

227 4017 291 4072 τὸ
349 4013 545 4085 ἤττους
601 4016 821 4090 ὁρᾶσθαι
885 4020 989 4071 τῶν
1051 4014 1351 4091 διδομένων
1405 4025 1876 4100 περιφρονοῦντες,

229 4113 337 4162 τῶν
369 4105 425 4162 δὲ
452 4107 516 4162 τὸ
559 4104 775 4180 ὑψηλὸν
832 4105 1221 4181 ἀσπαζόμενοι.
1263 4109 1324 4165 Ὁ
1373 4105 1615 4185 ἔπαρχος
1666 4113 1877 4184 μέντοι,

237 4194 517 4271 μελλήσας
559 4193 735 4268 οὐδὲν,
769 4195 861 4252 τὸν
893 4197 1255 4272 ἀρχιτέκτονα
1283 4199 1419 4272 πρὸς
1448 4199 1537 4254 τὸν
1584 4201 1703 4255 κατ’
1748 4199 1882 4254 ἐκεί-

238 4307 299 4340 νο
331 4290 524 4361 καιροῦ
552 4284 798 4363 ἄρχοντα
829 4286 1067 4361 Φρυγίας
1101 4286 1391 4361 ἐκπέμπει,
1425 4286 1507 4364 ἐφ’
1537 4289 1582 4360 ᾦ
1620 4290 1883 4364 χρήματα

207 4370 426 4432 λλαϐεῖν
475 4375 602 4448 παρ’
641 4373 810 4429 αὐτοῦ
866 4375 1004 4448 πρὸς
1051 4375 1152 4444 τήν
1195 4379 1294 4430 τοῦ
1345 4375 1632 4450 βαλανείου
1671 4376 1885 4433 οἰκοδο-

243 4465 375 4538 μὴν,
409 4461 532 4518 ὅσον
572 4459 776 4531 δέοιτο,
824 4461 914 4516 καὶ
964 4459 1187 4535 μοδίους
1232 4467 1348 4526 τοῖς
1377 4462 1430 4519 ἐν
1471 4469 1540 4539 τῇ
1582 4466 1884 4540 Ἱεραπόλει

240 4558 434 4622 πένησι
481 4549 835 4626 τρισχιλίους
881 4549 1161 4625 ἀπονέμει.
1216 4549 1438 4622 Ἐπειδή
1471 4550 1529 4608 δὲ
1569 4554 1659 4608 καὶ
1688 4555 1751 4609 τὸ
1786 4556 1881 4630 βα-

1973 1968 2175 2035 seruit,
2207 1973 2264 2023 et
2299 1967 2477 2023 veluti
2507 1968 2744 2038 cupiens
2812 1984 2939 2023 eam
2991 1967 3340 2022 intrinsecus
3399 1977 3609 2034 appre-

1970 2056 2236 2113 hendere.
2263 2061 2317 2113 et
2338 2073 2470 2112 cum
2495 2058 2648 2112 nuda
2672 2058 2798 2128 ipsa
2829 2056 3098 2127 congredi
3129 2055 3347 2121 anima,
3383 2050 3603 2107 nescie-

1970 2146 2067 2202 bat
2106 2147 2247 2217 quid
2292 2151 2509 2218 ageret.
2551 2149 2690 2202 Cum
2741 2150 2934 2202 autem
2987 2144 3171 2214 puella
3219 2142 3452 2213 quidem
3485 2140 3601 2208 iam

1971 2239 2124 2291 recte
2171 2252 2234 2292 se
2272 2236 2526 2304 haberet,
2560 2235 2824 2290 divinum
2864 2233 3176 2290 Abercium
3223 2227 3605 2286 vehementis-

1971 2326 2118 2381 sime
2149 2327 2372 2397 rogavit
2400 2325 2761 2395 imperatrix,
2797 2339 2868 2379 ne
2900 2326 3195 2378 recusaret
3224 2319 3294 2374 ab
3351 2334 3420 2373 ea
3449 2315 3601 2372 acci-

1970 2431 2104 2488 pere
2151 2415 2704 2477 remunerationem,
2737 2412 2830 2468 cui
2879 2411 3003 2481 ipse
3042 2409 3149 2464 fuit
3179 2424 3352 2463 causa
3382 2420 3604 2474 magnae

1970 2508 2027 2560 et
2056 2504 2392 2560 necessarias
2422 2503 2635 2575 gratiaa.
2669 2501 2768 2558 Ille
2798 2510 2992 2558 autem
3027 2495 3282 2570 pecunia;
3315 2511 3386 2550 ne
3428 2492 3607 2548 susti-

1973 2595 2097 2648 nuit
2131 2593 2365 2664 quidem
2399 2592 2577 2648 ullam
2619 2591 2740 2647 fieri
2786 2589 3163 2654 mentionem,
3198 2586 3432 2641 dicens:
3462 2580 3610 2646 Quid

1973 2685 2026 2742 ei
2055 2699 2202 2754 opus
2236 2682 2407 2737 fuerit
2454 2681 2736 2753 pecuniis,
2765 2680 2858 2736 cui
2908 2678 3072 2748 panis
3107 2684 3161 2731 et
3199 2691 3347 2745 aqua
3375 2677 3463 2728 est
3489 2671 3613 2726 lau-

1976 2780 2101 2831 tum
2157 2777 2212 2828 et
2269 2770 2650 2843 magnificum
2710 2768 3019 2840 prandium
3050 2768 3079 2822 ’ἲ
3109 2763 3257 2821 Petit
3302 2765 3516 2829 autem,
3549 2765 3613 2812 ut

1978 2877 2153 2932 prope
2185 2859 2534 2929 Hierapolim
2557 2863 2889 2912 exstruatur
2922 2856 3197 2911 balneum
3230 2852 3288 2904 in
3321 2865 3479 2920 agro,
3513 2846 3610 2917 qui

1976 2958 2063 3004 est
2092 2952 2328 3019 propter
2359 2946 2621 3013 fluvium,
2657 2945 2758 3000 ubi
2788 2945 2912 3015 ipse
2934 2943 3119 2998 oravit
3148 2939 3310 2996 flexis
3343 2938 3610 3009 genibus,

1977 3046 2030 3093 et
2079 3041 2232 3092 terra
2273 3036 2466 3092 emisit
2501 3036 2688 3092 fontes
2727 3048 3015 3105 aquarum
3051 3030 3371 3088 calidarum
3404 3045 3419 3095 ;
3452 3030 3508 3081 et
3549 3029 3614 3079 ut

1979 3125 2285 3192 mendicis,
2329 3123 2431 3195 qui
2478 3127 2641 3179 erant
2695 3123 2754 3178 in
2798 3137 2866 3178 ea
2905 3119 3154 3186 civitate,
3193 3116 3471 3171 darentur
3527 3114 3616 3166 ter

1981 3213 2141 3270 mille
2171 3212 2349 3267 modii
2380 3212 2674 3268 frumenti.

2051 3302 2261 3361 XXIV.
2294 3301 2425 3357 Hec
2453 3299 2629 3355 simul
2675 3303 2848 3368 atque
2887 3297 3107 3352 audivit
3153 3289 3512 3363 imperatrix,
3540 3286 3618 3358 [li-

1979 3396 2184 3451 benter
2241 3390 2524 3456 concedit,
2558 3388 2712 3459 quod
2764 3387 2952 3441 fuerat
2991 3383 3232 3454 petitum
3267 3396 3280 3434 :
3313 3384 3369 3435 et
3397 3378 3616 3432 Corne-

1981 3486 2200 3541 lianum
2234 3483 2498 3554 praetorio
2524 3481 2852 3553 praefectum
2887 3475 3321 3549 quamprimum
3355 3469 3615 3531 accersit,

1983 3579 2040 3630 et
2071 3574 2239 3644 jubet
2269 3573 2339 3626 ad
2369 3587 2436 3627 ea
2468 3569 2811 3640 praestanda,
2845 3583 2971 3637 quas
3021 3567 3162 3620 sunt
3210 3561 3411 3632 petita,
3445 3571 3618 3612 omne

1985 3661 2262 3718 adhibere
2299 3659 2580 3724 studium,
2613 3673 2686 3712 ne
2733 3657 2844 3712 cito
2901 3653 3321 3726 promissorum
3369 3644 3618 3718 gratiam

1982 3751 2214 3808 hebetet
2246 3753 2304 3804 et
2350 3747 2622 3804 obscuret
2679 3744 2921 3801 tarditas
2960 3737 3292 3796 ministerii.
3341 3734 3480 3790 Tale
3527 3735 3618 3787 est
3671 3747 3678 3752 ·

1983 3841 2288 3897 hominum
2320 3836 2644 3910 ingenium,
2677 3839 2734 3890 et
2772 3835 2849 3888 ita
2893 3835 3033 3888 sunt
3063 3828 3275 3885 affecti.
3311 3826 3388 3881 Iis
3435 3823 3618 3877 liben-

1985 3931 2099 3986 tius
2120 3928 2540 3998 gratificamur,
2565 3923 2664 3995 qui
2679 3925 2833 3978 dona
2852 3920 3125 3976 dubitant
3142 3917 3423 3986 accipere,
3444 3925 3618 3982 quam

1985 4023 2077 4089 iis,
2111 4019 2210 4092 qui
2242 4023 2381 4075 sunt
2401 4014 2659 4089 prompti
2679 4014 2750 4068 ad
2783 4010 3186 4083 accipiendum
3213 4023 3226 4060 :
3250 4006 3358 4060 hos
3385 4001 3620 4092 quidem

1988 4089 2396 4179 despicientes,
2429 4105 2582 4176 quod
2634 4101 2940 4157 videantur
2985 4095 3119 4152 victi
3164 4112 3197 4149 a
3227 4089 3571 4147 muneribus
3603 4101 3618 4140 :

1988 4198 2224 4252 illorum
2255 4200 2451 4250 autem
2484 4193 2898 4261 amplectentes
2925 4184 3106 4242 animi
3135 4179 3621 4252 magnitudinem.

1988 4286 2297 4342 Praefectus
2326 4286 2521 4338 autem
2567 4277 2820 4350 praetorii
2859 4274 3004 4331 nihil
3051 4274 3377 4334 cunctatus,
3409 4265 3627 4322 emittit

1989 4374 2371 4432 architectum
2405 4371 2475 4426 ad
2535 4367 2838 4441 praesidem
2877 4363 3161 4434 Phrygiae,
3193 4359 3296 4430 qui
3342 4359 3466 4412 erat
3524 4351 3623 4408 illo

1991 4472 2265 4536 tempore,
2298 4466 2365 4518 ut
2394 4460 2668 4533 pecunias
2688 4454 2759 4512 ab
2781 4471 2847 4512 eo
2878 4452 3182 4524 acciperet,
3215 4444 3453 4536 quantis
3483 4456 3626 4536 opus

1991 4530 2128 4612 erat
2145 4552 2214 4608 ad
2243 4530 2518 4618 balneum
2547 4543 2960 4604 exstruendum
2986 4556 3001 4597 :
3031 4544 3088 4596 et
3108 4545 3190 4595 ter
3221 4535 3380 4593 mille
3400 4530 3626 4588 modios

244 4641 460 4698 λανεῖον
490 4636 959 4713 οἰκοδομούμενον
1005 4639 1164 4704 τέλος
1216 4641 1383 4717 εἶχεν,
1426 4643 1525 4698 οὐκ
1569 4641 1647 4700 ἔτι
1693 4646 1754 4700 τὸ
1795 4644 1875 4700 ἀπ

1997 4641 2266 4701 frumenti
2297 4639 2669 4696 distribueret
2698 4632 3077 4708 pauperibus,
3108 4627 3211 4701 qui
3241 4627 3411 4717 erant
3427 4621 3627 4717 Hiera-

247 4728 446 4786 ἐκείνου
476 4727 622 4803 παρὰ
648 4728 893 4802 ποταμὸν
923 4731 1142 4806 ’Δργὸς,
1173 4729 1302 4786 ἀλλ’
1339 4732 1535 4808 Ἀγρὸς
1567 4735 1782 4808 θερμῶν
1810 4739 1890 4808 τῷ

246 4819 401 4891 τόπῳ
429 4820 491 4873 τὸ
521 4813 716 4892 ὄνομα·
749 4819 839 4873 καὶ
884 4821 946 4874 τὸ
993 4819 1298 4892 σιτηρέσιον
1341 4818 1398 4876 δὲ
1442 4819 1672 4896 διέμεινε
1721 4846 1893 4903 χορη-

248 4907 515 4984 γούμενον
548 4904 650 4970 ἔως
681 4911 788 4963 τῶν
827 4907 1125 4965 Ἰουλιανοῦ
1174 4910 1387 4985 χρόνων
1431 4915 1529 4966 τοῦ
1577 4907 1887 4976 δυσσεϐοῦς.

253 5001 490 5060 Ἐκεῖνος
547 4994 628 5066 δὲ,
680 4993 918 5067 καθάπερ
973 5003 1084 5054 τῶν
1139 4998 1324 5054 ἄλλων
1379 5001 1590 5077 ἀγαθῶν
1621 5003 1889 5072 πάντωνς,

254 5086 396 5142 οὕτω
427 5084 494 5155 δὴ
526 5087 613 5141 καὶ
672 5085 871 5142 τούτου
919 5088 1194 5163 φθονήσας
1237 5093 1598 5164 Χριστιανοῖς,
1650 5092 1748 5161 τὴν
1795 5110 1893 5166 χο-

254 5177 450 5254 ρηγίαν
481 5173 637 5240 εὐθὺς
663 5172 898 5247 ἵστησιν.

329 5447 456 5512 ΚΕ’.
489 5446 552 5504 Ὁ
591 5447 733 5508 θεῖος
773 5451 1062 5524 τοιγαροῦν
1119 5443 1421 5522 Ἀϐέρκιος⁶
1474 5445 1549 5522 iv,
1603 5447 1686 5505 ἐπ’
1735 5447 1893 5505 αὐτὸν

259 5533 594 5610 ἕπανίωμεν,
653 5536 952 5611 Ῥωμαίοις
1007 5538 1206 5614 χρόνον
1262 5537 1446 5595 ἱκανὸν
1474 5541 1896 5618 συγγενόμενοσ,

261 5625 471 5684 καὶτὸν
531 5624 844 5703 ὑγιαίνοντα
898 5631 999 5697 τῆς
1042 5628 1275 5691 πίστεως
1334 5627 1502 5707 Λόγον
1555 5632 1896 5705 Χριστιανῶν

264 5711 539 5789 παραδοὺς
569 5712 908 5790 ἐκκλησίαις,
939 5711 1068 5793 ὄναρ
1098 5716 1229 5774 ποτὲ
1255 5717 1345 5775 τὸν
1382 5717 1581 5796 Κύριον
1613 5716 1902 5799 ἐπιστάντα

1997 4733 2133 4808 poli.
2169 4731 2484 4803 Postquam
2531 4731 2725 4785 autem
2757 4725 2867 4781 fuit
2894 4718 3204 4794 impositus
3233 4715 3369 4771 finis
3397 4711 3628 4808 balneo,

2001 4799 2155 4896 quod
2203 4799 2620 4886 aedificabatur,
2651 4816 2724 4874 ab
2752 4814 2853 4870 illo
2885 4818 3138 4881 tempore
3176 4821 3292 4861 non
3316 4799 3634 4896 vocabatur

1998 4888 2250 4985 amplius
2295 4910 2458 4967 locus
2488 4907 2586 4963 ille
2614 4909 2783 4976 Ager,
2816 4901 2916 4973 qui
2965 4902 3055 4956 est
3084 4898 3318 4988 propter
3358 4888 3630 4988 fluvium,

2001 4979 2114 5060 Βθά-
2129 5005 2277 5073 Ager
2313 4998 2652 5056 calidarum.
2678 4989 2917 5048 Duravit
2945 4991 3141 5045 autem
3162 4979 3634 5073 illiusirumen-ti

2001 5063 2330 5148 distributio
2359 5102 2547 5158 usque
2585 5084 2655 5140 ad
2715 5087 2973 5152 tempora
3016 5073 3182 5144 impii
3229 5067 3489 5158 Juliani._
3531 5063 3632 5158 Ille

2000 5196 2276 5252 namque,
2306 5153 2595 5249 quomodo
2627 5170 2742 5228 alia
2770 5170 2942 5237 bona,
2973 5165 3058 5220 ita
3087 5162 3204 5255 hoc.
3219 5172 3456 5255 quoque
3475 5153 3634 5255 invi—

2003 5244 2515 5328 dens-Christianis
2561 5261 2757 5319 statim
2815 5269 3041 5315 cessare
3096 5249 3236 5309 facit
3286 5244 3635 5318 suppedita-

1999 5364 2253 5506 milia:
2284 5443 2529 5504 Divinas
2557 5455 2694 5514 ergo
2722 5435 3020 5506 Abercius,
3043 5436 3110 5491 ut
3128 5431 3203 5490 ad
3232 5444 3368 5488 eum
3397 5425 3641 5485 reverta-

2006 5553 2157 5610 mur,
2206 5552 2343 5594 cum
2382 5533 2556 5606 longo
2603 5534 2866 5602 tempore
2923 5523 3128 5583 fuisset
3180 5521 3637 5610 versatus_cum

2006 5601 2304 5697 Romanis,
2329 5627 2386 5682 et
2413 5601 2618 5682 sanam
2639 5601 2774 5677 fidei
2795 5616 3086 5674 rationem
3109 5610 3436 5697 tradidisset
3451 5601 3642 5697 Eccle-

2011 5717 2117 5780 siis
2136 5693 2607 5786 Christianorum,
2618 5710 2773 5771 videt
2786 5705 3096 5783 aliquando
3108 5703 3170 5764 in
3185 5695 3426 5768 seminis
3438 5693 3646 5754 adesse
