  <div class='ocr_page' id='page_1' title='image "/cluster/home/n/w/nwhite01/storage/ocr_20150623/115/mdp.39015028574336/645.png"; bbox 0 0 4128 6274; ppageno 0'>
   <div class='ocr_carea' id='block_1_1' title="bbox 501 362 2136 430">
    <p class='ocr_par' dir='ltr' id='par_1_1' title="bbox 501 367 2125 430">
     <span class='ocr_line' id='line_1_1' title="bbox 501 367 2125 430; baseline 0.002 -6"><span class='ocrx_word' id='word_1_1' title='bbox 501 367 652 427; x_wconf 74' lang='grc'>1243</span> <span class='ocrx_word' id='word_1_2' title='bbox 1838 368 2125 430; x_wconf 85' lang='lat' dir='ltr'>MENSIS</span> 
     </span>
    </p>
   </div>
   <div class='ocr_carea' id='block_1_2' title="bbox 2249 362 3926 430">
    <p class='ocr_par' dir='ltr' id='par_1_2' title="bbox 2249 362 3926 428">
     <span class='ocr_line' id='line_1_2' title="bbox 2249 362 3926 428; baseline -0.004 -1"><span class='ocrx_word' id='word_1_3' title='bbox 2249 367 2550 428; x_wconf 68' lang='lat' dir='ltr'>ITOBER.</span> <span class='ocrx_word' id='word_1_4' title='bbox 3746 363 3774 421; x_wconf 78' lang='grc' dir='ltr'><strong>Ι</strong></span> <span class='ocrx_word' id='word_1_5' title='bbox 3789 362 3926 422; x_wconf 75' lang='grc'>244</span> 
     </span>
    </p>
   </div>
   <div class='ocr_carea' id='block_1_3' title="bbox 492 516 2136 600">
    <p class='ocr_par' dir='ltr' id='par_1_3' title="bbox 492 529 2131 600">
     <span class='ocr_line' id='line_1_3' title="bbox 492 529 2131 600; baseline -0.001 -14"><span class='ocrx_word' id='word_1_6' title='bbox 492 529 828 598; x_wconf 90' lang='lat' dir='ltr'>Dominum,</span> <span class='ocrx_word' id='word_1_7' title='bbox 859 533 916 585; x_wconf 86' lang='lat' dir='ltr'>et</span> <span class='ocrx_word' id='word_1_8' title='bbox 946 530 1136 584; x_wconf 84' lang='lat' dir='ltr'>dicere</span> <span class='ocrx_word' id='word_1_9' title='bbox 1167 545 1180 583; x_wconf 89' lang='lat'><strong>:</strong></span> <span class='ocrx_word' id='word_1_10' title='bbox 1215 529 1472 600; x_wconf 84' lang='lat' dir='ltr'>Oportet,</span> <span class='ocrx_word' id='word_1_11' title='bbox 1505 545 1538 584; x_wconf 91' lang='grc' dir='ltr'>ο</span> <span class='ocrx_word' id='word_1_12' title='bbox 1569 529 1795 596; x_wconf 89' lang='lat' dir='ltr'>Aberci,</span> <span class='ocrx_word' id='word_1_13' title='bbox 1837 537 1889 584; x_wconf 92' lang='lat' dir='ltr'>te</span> <span class='ocrx_word' id='word_1_14' title='bbox 1929 545 2131 586; x_wconf 89' lang='lat' dir='ltr'>curam</span> 
     </span>
    </p>
   </div>
   <div class='ocr_carea' id='block_1_4' title="bbox 2249 516 3922 600">
    <p class='ocr_par' dir='ltr' id='par_1_4' title="bbox 2249 516 3922 600">
     <span class='ocr_line' id='line_1_4' title="bbox 2249 516 3922 600; baseline -0.006 -20"><span class='ocrx_word' id='word_1_15' title='bbox 2249 526 2344 600; x_wconf 79' lang='grc' dir='ltr'>ὁρᾷ</span> <span class='ocrx_word' id='word_1_16' title='bbox 2383 525 2496 592; x_wconf 76' lang='grc' dir='ltr'>καὶ,</span> <span class='ocrx_word' id='word_1_17' title='bbox 2531 525 2619 578; x_wconf 86' lang='grc' dir='ltr'>Δεῖ</span> <span class='ocrx_word' id='word_1_18' title='bbox 2669 541 2744 590; x_wconf 92' lang='grc' dir='ltr'>σε,</span> <span class='ocrx_word' id='word_1_19' title='bbox 2793 516 3063 594; x_wconf 74' lang='grc' dir='ltr'>’Λϐέρκιε,</span> <span class='ocrx_word' id='word_1_20' title='bbox 3103 519 3357 594; x_wconf 84' lang='grc' dir='ltr'>λέγοντα,</span> <span class='ocrx_word' id='word_1_21' title='bbox 3408 519 3499 572; x_wconf 86' lang='grc' dir='ltr'>καὶ</span> <span class='ocrx_word' id='word_1_22' title='bbox 3559 522 3665 572; x_wconf 85' lang='grc' dir='ltr'>τῶν</span> <span class='ocrx_word' id='word_1_23' title='bbox 3717 517 3775 573; x_wconf 85' lang='grc' dir='ltr'>ἐν</span> <span class='ocrx_word' id='word_1_24' title='bbox 3842 522 3922 592; x_wconf 76' lang='grc' dir='ltr'>τῇ</span> 
     </span>
    </p>
   </div>
   <div class='ocr_carea' id='block_1_5' title="bbox 493 605 2136 690">
    <p class='ocr_par' dir='ltr' id='par_1_5' title="bbox 493 617 2134 690">
     <span class='ocr_line' id='line_1_5' title="bbox 493 617 2134 690; baseline 0 -17"><span class='ocrx_word' id='word_1_25' title='bbox 493 635 720 690; x_wconf 89' lang='lat' dir='ltr'>quoque</span> <span class='ocrx_word' id='word_1_26' title='bbox 779 632 975 688; x_wconf 84' lang='lat' dir='ltr'>gerere</span> <span class='ocrx_word' id='word_1_27' title='bbox 1032 617 1307 689; x_wconf 85' lang='lat' dir='ltr'>partium,</span> <span class='ocrx_word' id='word_1_28' title='bbox 1340 633 1466 688; x_wconf 85' lang='lat' dir='ltr'>quas</span> <span class='ocrx_word' id='word_1_29' title='bbox 1527 622 1669 672; x_wconf 88' lang='lat' dir='ltr'>sunt</span> <span class='ocrx_word' id='word_1_30' title='bbox 1725 617 1781 672; x_wconf 88' lang='lat' dir='ltr'>in</span> <span class='ocrx_word' id='word_1_31' title='bbox 1846 617 2027 690; x_wconf 84' lang='lat' dir='ltr'>Syria.</span> <span class='ocrx_word' id='word_1_32' title='bbox 2089 621 2134 673; x_wconf 85' lang='lat' dir='ltr'><strong>A</strong></span> 
     </span>
    </p>
   </div>
   <div class='ocr_carea' id='block_1_6' title="bbox 2249 605 3922 690">
    <p class='ocr_par' dir='ltr' id='par_1_6' title="bbox 2249 605 3922 690">
     <span class='ocr_line' id='line_1_6' title="bbox 2249 605 3922 690; baseline -0.004 -23"><span class='ocrx_word' id='word_1_33' title='bbox 2249 612 2419 689; x_wconf 80' lang='grc' dir='ltr'>Συρίᾳ</span> <span class='ocrx_word' id='word_1_34' title='bbox 2466 609 2742 690; x_wconf 72' lang='grc' dir='ltr'>φροντίσαι</span> <span class='ocrx_word' id='word_1_35' title='bbox 2788 613 2986 683; x_wconf 88' lang='grc' dir='ltr'>μερῶν.</span> <span class='ocrx_word' id='word_1_36' title='bbox 3022 609 3257 669; x_wconf 78' lang='grc' dir='ltr'>Ἀνεθεὶς</span> <span class='ocrx_word' id='word_1_37' title='bbox 3299 605 3387 662; x_wconf 75' lang='grc' dir='ltr'>οὗν</span> <span class='ocrx_word' id='word_1_38' title='bbox 3453 612 3550 661; x_wconf 76' lang='grc' dir='ltr'>τοῦ</span> <span class='ocrx_word' id='word_1_39' title='bbox 3591 606 3787 679; x_wconf 63' lang='grc' dir='ltr'>ὕπνου,</span> <span class='ocrx_word' id='word_1_40' title='bbox 3824 609 3922 661; x_wconf 84' lang='grc' dir='ltr'>αἷ-</span> 
     </span>
    </p>
   </div>
   <div class='ocr_carea' id='block_1_7' title="bbox 496 707 2136 779">
    <p class='ocr_par' dir='ltr' id='par_1_7' title="bbox 496 707 2136 779">
     <span class='ocr_line' id='line_1_7' title="bbox 496 707 2136 779; baseline 0.001 -17"><span class='ocrx_word' id='word_1_41' title='bbox 496 724 698 764; x_wconf 87' lang='lat' dir='ltr'>somno</span> <span class='ocrx_word' id='word_1_42' title='bbox 730 723 863 779; x_wconf 89' lang='lat' dir='ltr'>ergo</span> <span class='ocrx_word' id='word_1_43' title='bbox 893 707 1195 772; x_wconf 84' lang='lat' dir='ltr'>excitatus,</span> <span class='ocrx_word' id='word_1_44' title='bbox 1221 708 1363 778; x_wconf 83' lang='lat' dir='ltr'>petit</span> <span class='ocrx_word' id='word_1_45' title='bbox 1385 708 1456 762; x_wconf 88' lang='lat' dir='ltr'>ab</span> <span class='ocrx_word' id='word_1_46' title='bbox 1487 708 1876 779; x_wconf 86' lang='lat' dir='ltr'>imperatrice,</span> <span class='ocrx_word' id='word_1_47' title='bbox 1912 712 1976 762; x_wconf 87' lang='lat' dir='ltr'>ut</span> <span class='ocrx_word' id='word_1_48' title='bbox 2005 724 2136 763; x_wconf 89' lang='lat' dir='ltr'>eum</span> 
     </span>
    </p>
   </div>
   <div class='ocr_carea' id='block_1_8' title="bbox 494 796 2134 862">
    <p class='ocr_par' dir='ltr' id='par_1_8' title="bbox 494 796 2134 862">
     <span class='ocr_line' id='line_1_8' title="bbox 494 796 2134 862; baseline -0.001 -11"><span class='ocrx_word' id='word_1_49' title='bbox 494 797 774 851; x_wconf 79' lang='lat' dir='ltr'>dimittat.</span> <span class='ocrx_word' id='word_1_50' title='bbox 808 797 914 852; x_wconf 89' lang='lat' dir='ltr'>Illa</span> <span class='ocrx_word' id='word_1_51' title='bbox 942 797 1097 851; x_wconf 91' lang='lat' dir='ltr'>enim</span> <span class='ocrx_word' id='word_1_52' title='bbox 1122 812 1254 850; x_wconf 90' lang='lat' dir='ltr'>eum</span> <span class='ocrx_word' id='word_1_53' title='bbox 1280 797 1575 852; x_wconf 82' lang='lat' dir='ltr'>detinebat</span> <span class='ocrx_word' id='word_1_54' title='bbox 1606 796 2134 862; x_wconf 79' lang='lat' dir='ltr'>vehementissime,</span> 
     </span>
    </p>
   </div>
   <div class='ocr_carea' id='block_1_9' title="bbox 493 885 2137 956">
    <p class='ocr_par' dir='ltr' id='par_1_9' title="bbox 493 885 2137 956">
     <span class='ocr_line' id='line_1_9' title="bbox 493 885 2137 956; baseline 0 -17"><span class='ocrx_word' id='word_1_55' title='bbox 493 885 705 940; x_wconf 89' lang='lat' dir='ltr'>timens</span> <span class='ocrx_word' id='word_1_56' title='bbox 737 902 807 940; x_wconf 88' lang='lat' dir='ltr'>ne</span> <span class='ocrx_word' id='word_1_57' title='bbox 838 890 1146 956; x_wconf 85' lang='lat' dir='ltr'>postquam</span> <span class='ocrx_word' id='word_1_58' title='bbox 1170 885 1266 940; x_wconf 90' lang='lat' dir='ltr'>ille</span> <span class='ocrx_word' id='word_1_59' title='bbox 1287 886 1678 951; x_wconf 85' lang='lat' dir='ltr'>abscessisset,</span> <span class='ocrx_word' id='word_1_60' title='bbox 1704 885 2030 941; x_wconf 90' lang='lat' dir='ltr'>libertatem</span> <span class='ocrx_word' id='word_1_61' title='bbox 2052 901 2137 939; x_wconf 87' lang='lat' dir='ltr'>as-</span> 
     </span>
    </p>
   </div>
   <div class='ocr_carea' id='block_1_10' title="bbox 493 973 2136 1040">
    <p class='ocr_par' dir='ltr' id='par_1_10' title="bbox 493 973 2136 1040">
     <span class='ocr_line' id='line_1_10' title="bbox 493 973 2136 1040; baseline -0.001 -11"><span class='ocrx_word' id='word_1_62' title='bbox 493 979 755 1029; x_wconf 87' lang='lat' dir='ltr'>secutum</span> <span class='ocrx_word' id='word_1_63' title='bbox 780 974 1151 1040; x_wconf 72' lang='lat' dir='ltr'>deemonium,</span> <span class='ocrx_word' id='word_1_64' title='bbox 1174 973 1350 1027; x_wconf 85' lang='lat' dir='ltr'>ﬁliam</span> <span class='ocrx_word' id='word_1_65' title='bbox 1376 990 1577 1028; x_wconf 84' lang='lat' dir='ltr'>rursus</span> <span class='ocrx_word' id='word_1_66' title='bbox 1601 973 1911 1029; x_wconf 83' lang='lat' dir='ltr'>invaderet.</span> <span class='ocrx_word' id='word_1_67' title='bbox 1930 977 2136 1028; x_wconf 90' lang='lat' dir='ltr'>Verum</span> 
     </span>
    </p>
   </div>
   <div class='ocr_carea' id='block_1_11' title="bbox 493 1063 2129 1134">
    <p class='ocr_par' dir='ltr' id='par_1_11' title="bbox 493 1063 2129 1134">
     <span class='ocr_line' id='line_1_11' title="bbox 493 1063 2129 1134; baseline 0 -18"><span class='ocrx_word' id='word_1_68' title='bbox 493 1063 566 1132; x_wconf 88' lang='lat' dir='ltr'>is,</span> <span class='ocrx_word' id='word_1_69' title='bbox 597 1080 754 1129; x_wconf 93' lang='lat' dir='ltr'>cum,</span> <span class='ocrx_word' id='word_1_70' title='bbox 789 1064 942 1134; x_wconf 91' lang='lat' dir='ltr'>quod</span> <span class='ocrx_word' id='word_1_71' title='bbox 1001 1064 1070 1118; x_wconf 91' lang='lat' dir='ltr'>ad</span> <span class='ocrx_word' id='word_1_72' title='bbox 1123 1063 1179 1118; x_wconf 92' lang='lat' dir='ltr'>id</span> <span class='ocrx_word' id='word_1_73' title='bbox 1214 1063 1516 1128; x_wconf 86' lang='lat' dir='ltr'>attinebat,</span> <span class='ocrx_word' id='word_1_74' title='bbox 1543 1063 1817 1133; x_wconf 88' lang='lat' dir='ltr'>jussisset</span> <span class='ocrx_word' id='word_1_75' title='bbox 1847 1079 1975 1118; x_wconf 89' lang='lat' dir='ltr'>eam</span> <span class='ocrx_word' id='word_1_76' title='bbox 2005 1078 2129 1118; x_wconf 80' lang='lat' dir='ltr'>esse</span> 
     </span>
    </p>
   </div>
   <div class='ocr_carea' id='block_1_12' title="bbox 493 1151 2135 1222">
    <p class='ocr_par' dir='ltr' id='par_1_12' title="bbox 493 1151 2135 1222">
     <span class='ocr_line' id='line_1_12' title="bbox 493 1151 2135 1222; baseline 0 -16"><span class='ocrx_word' id='word_1_77' title='bbox 493 1151 645 1208; x_wconf 88' lang='lat' dir='ltr'>bono</span> <span class='ocrx_word' id='word_1_78' title='bbox 695 1152 909 1219; x_wconf 91' lang='lat' dir='ltr'>animo,</span> <span class='ocrx_word' id='word_1_79' title='bbox 942 1168 1144 1206; x_wconf 85' lang='lat' dir='ltr'>rursus</span> <span class='ocrx_word' id='word_1_80' title='bbox 1187 1151 1423 1222; x_wconf 86' lang='lat' dir='ltr'>rogavit,</span> <span class='ocrx_word' id='word_1_81' title='bbox 1459 1157 1522 1205; x_wconf 91' lang='lat' dir='ltr'>ut</span> <span class='ocrx_word' id='word_1_82' title='bbox 1561 1151 1723 1206; x_wconf 87' lang='lat' dir='ltr'>navis</span> <span class='ocrx_word' id='word_1_83' title='bbox 1771 1151 1882 1206; x_wconf 90' lang='lat' dir='ltr'>sibi</span> <span class='ocrx_word' id='word_1_84' title='bbox 1916 1167 2135 1222; x_wconf 86' lang='lat' dir='ltr'>parare-</span> 
     </span>
    </p>
   </div>
   <div class='ocr_carea' id='block_1_13' title="bbox 494 1240 2134 1312">
    <p class='ocr_par' dir='ltr' id='par_1_13' title="bbox 494 1240 2134 1312">
     <span class='ocr_line' id='line_1_13' title="bbox 494 1240 2134 1312; baseline 0 -18"><span class='ocrx_word' id='word_1_85' title='bbox 494 1243 611 1307; x_wconf 92' lang='lat' dir='ltr'>tur,</span> <span class='ocrx_word' id='word_1_86' title='bbox 645 1257 746 1312; x_wconf 91' lang='lat' dir='ltr'>per</span> <span class='ocrx_word' id='word_1_87' title='bbox 794 1257 968 1311; x_wconf 89' lang='lat' dir='ltr'>quam</span> <span class='ocrx_word' id='word_1_88' title='bbox 999 1242 1069 1295; x_wconf 92' lang='lat' dir='ltr'>ad</span> <span class='ocrx_word' id='word_1_89' title='bbox 1104 1245 1292 1311; x_wconf 87' lang='lat' dir='ltr'>partes</span> <span class='ocrx_word' id='word_1_90' title='bbox 1329 1241 1501 1309; x_wconf 65' lang='lat' dir='ltr'>Syriae</span> <span class='ocrx_word' id='word_1_91' title='bbox 1533 1240 1847 1311; x_wconf 82' lang='lat' dir='ltr'>navigaret.</span> <span class='ocrx_word' id='word_1_92' title='bbox 1879 1241 2134 1295; x_wconf 87' lang='lat' dir='ltr'>Tandem</span> 
     </span>
    </p>
   </div>
   <div class='ocr_carea' id='block_1_14' title="bbox 495 1327 2136 1399">
    <p class='ocr_par' dir='ltr' id='par_1_14' title="bbox 495 1327 2136 1399">
     <span class='ocr_line' id='line_1_14' title="bbox 495 1327 2136 1399; baseline 0.001 -17"><span class='ocrx_word' id='word_1_93' title='bbox 495 1344 628 1398; x_wconf 85' lang='lat' dir='ltr'>ergo</span> <span class='ocrx_word' id='word_1_94' title='bbox 659 1345 937 1399; x_wconf 89' lang='lat' dir='ltr'>persuasa</span> <span class='ocrx_word' id='word_1_95' title='bbox 965 1329 1038 1383; x_wconf 92' lang='lat' dir='ltr'>ab</span> <span class='ocrx_word' id='word_1_96' title='bbox 1069 1327 1226 1383; x_wconf 91' lang='lat' dir='ltr'>illius</span> <span class='ocrx_word' id='word_1_97' title='bbox 1255 1329 1614 1394; x_wconf 88' lang='lat' dir='ltr'>assiduitate,</span> <span class='ocrx_word' id='word_1_98' title='bbox 1646 1329 1811 1398; x_wconf 89' lang='lat' dir='ltr'>jubet</span> <span class='ocrx_word' id='word_1_99' title='bbox 1839 1329 2136 1384; x_wconf 86' lang='lat' dir='ltr'>Cornelia-</span> 
     </span>
    </p>
   </div>
   <div class='ocr_carea' id='block_1_15' title="bbox 497 1417 2132 1488">
    <p class='ocr_par' dir='ltr' id='par_1_15' title="bbox 497 1417 2132 1488">
     <span class='ocr_line' id='line_1_15' title="bbox 497 1417 2132 1488; baseline 0 -16"><span class='ocrx_word' id='word_1_100' title='bbox 497 1433 637 1472; x_wconf 90' lang='lat' dir='ltr'>num</span> <span class='ocrx_word' id='word_1_101' title='bbox 672 1417 722 1471; x_wconf 91' lang='lat' dir='ltr'>ei</span> <span class='ocrx_word' id='word_1_102' title='bbox 755 1433 956 1488; x_wconf 89' lang='lat' dir='ltr'>parare</span> <span class='ocrx_word' id='word_1_103' title='bbox 987 1417 1307 1488; x_wconf 88' lang='lat' dir='ltr'>navigium,</span> <span class='ocrx_word' id='word_1_104' title='bbox 1340 1421 1396 1472; x_wconf 92' lang='lat' dir='ltr'>et</span> <span class='ocrx_word' id='word_1_105' title='bbox 1427 1434 1548 1488; x_wconf 75' lang='lat' dir='ltr'>quae</span> <span class='ocrx_word' id='word_1_106' title='bbox 1597 1426 1757 1472; x_wconf 86' lang='lat' dir='ltr'>erant</span> <span class='ocrx_word' id='word_1_107' title='bbox 1790 1419 2132 1487; x_wconf 83' lang='lat' dir='ltr'>necessaria,</span> 
     </span>
    </p>
   </div>
   <div class='ocr_carea' id='block_1_16' title="bbox 497 1505 2132 1579">
    <p class='ocr_par' dir='ltr' id='par_1_16' title="bbox 497 1505 2132 1579">
     <span class='ocr_line' id='line_1_16' title="bbox 497 1505 2132 1579; baseline 0.001 -19"><span class='ocrx_word' id='word_1_108' title='bbox 497 1506 921 1576; x_wconf 84' lang='lat' dir='ltr'>quamprimum</span> <span class='ocrx_word' id='word_1_109' title='bbox 972 1505 1289 1576; x_wconf 87' lang='lat' dir='ltr'>imponere.</span> <span class='ocrx_word' id='word_1_110' title='bbox 1323 1506 1467 1562; x_wconf 89' lang='lat' dir='ltr'>Cum</span> <span class='ocrx_word' id='word_1_111' title='bbox 1527 1523 1662 1578; x_wconf 87' lang='lat' dir='ltr'>ergo</span> <span class='ocrx_word' id='word_1_112' title='bbox 1720 1507 1772 1562; x_wconf 92' lang='lat' dir='ltr'>ei</span> <span class='ocrx_word' id='word_1_113' title='bbox 1813 1506 1872 1562; x_wconf 89' lang='lat' dir='ltr'>in</span> <span class='ocrx_word' id='word_1_114' title='bbox 1905 1513 2132 1579; x_wconf 90' lang='lat' dir='ltr'>portum</span> 
     </span>
    </p>
   </div>
   <div class='ocr_carea' id='block_1_17' title="bbox 497 1593 2136 1666">
    <p class='ocr_par' dir='ltr' id='par_1_17' title="bbox 497 1593 2136 1666">
     <span class='ocr_line' id='line_1_17' title="bbox 497 1593 2136 1666; baseline 0.001 -18"><span class='ocrx_word' id='word_1_115' title='bbox 497 1595 740 1649; x_wconf 87' lang='lat' dir='ltr'>deducta</span> <span class='ocrx_word' id='word_1_116' title='bbox 797 1599 953 1650; x_wconf 88' lang='lat' dir='ltr'>esset</span> <span class='ocrx_word' id='word_1_117' title='bbox 1011 1594 1194 1661; x_wconf 91' lang='lat' dir='ltr'>navis,</span> <span class='ocrx_word' id='word_1_118' title='bbox 1226 1593 1388 1649; x_wconf 89' lang='lat' dir='ltr'>illam</span> <span class='ocrx_word' id='word_1_119' title='bbox 1442 1595 1857 1662; x_wconf 87' lang='lat' dir='ltr'>conscendens,</span> <span class='ocrx_word' id='word_1_120' title='bbox 1889 1595 2136 1666; x_wconf 90' lang='lat' dir='ltr'>septimo</span> 
     </span>
    </p>
   </div>
   <div class='ocr_carea' id='block_1_18' title="bbox 499 1681 2136 1754">
    <p class='ocr_par' dir='ltr' id='par_1_18' title="bbox 499 1681 2136 1754">
     <span class='ocr_line' id='line_1_18' title="bbox 499 1681 2136 1754; baseline 0.002 -19"><span class='ocrx_word' id='word_1_121' title='bbox 499 1681 592 1737; x_wconf 92' lang='lat' dir='ltr'>die</span> <span class='ocrx_word' id='word_1_122' title='bbox 640 1681 1027 1753; x_wconf 83' lang='lat' dir='ltr'>navigationis</span> <span class='ocrx_word' id='word_1_123' title='bbox 1088 1684 1349 1754; x_wconf 88' lang='lat' dir='ltr'>pervenit</span> <span class='ocrx_word' id='word_1_124' title='bbox 1404 1682 1464 1737; x_wconf 89' lang='lat' dir='ltr'>in</span> <span class='ocrx_word' id='word_1_125' title='bbox 1518 1683 1759 1754; x_wconf 81' lang='lat' dir='ltr'>Syriam.</span> <span class='ocrx_word' id='word_1_126' title='bbox 1793 1688 1859 1738; x_wconf 90' lang='lat' dir='ltr'>Et</span> <span class='ocrx_word' id='word_1_127' title='bbox 1885 1685 2136 1754; x_wconf 91' lang='lat' dir='ltr'>primum</span> 
     </span>
    </p>
   </div>
   <div class='ocr_carea' id='block_1_19' title="bbox 498 1771 2139 1843">
    <p class='ocr_par' dir='ltr' id='par_1_19' title="bbox 498 1771 2139 1843">
     <span class='ocr_line' id='line_1_19' title="bbox 498 1771 2139 1843; baseline 0.002 -19"><span class='ocrx_word' id='word_1_128' title='bbox 498 1772 735 1842; x_wconf 88' lang='lat' dir='ltr'>quidem</span> <span class='ocrx_word' id='word_1_129' title='bbox 783 1776 1049 1827; x_wconf 88' lang='lat' dir='ltr'>versatur</span> <span class='ocrx_word' id='word_1_130' title='bbox 1098 1771 1450 1827; x_wconf 67' lang='lat' dir='ltr'>Antiochiae:</span> <span class='ocrx_word' id='word_1_131' title='bbox 1485 1772 1694 1828; x_wconf 89' lang='lat' dir='ltr'>deinde</span> <span class='ocrx_word' id='word_1_132' title='bbox 1733 1789 1866 1829; x_wconf 92' lang='lat' dir='ltr'>eum</span> <span class='ocrx_word' id='word_1_133' title='bbox 1927 1773 2139 1843; x_wconf 83' lang='lat' dir='ltr'>excipit</span> 
     </span>
    </p>
   </div>
   <div class='ocr_carea' id='block_1_20' title="bbox 2242 694 3913 774">
    <p class='ocr_par' dir='ltr' id='par_1_20' title="bbox 2242 694 3913 774">
     <span class='ocr_line' id='line_1_20' title="bbox 2242 694 3913 774; baseline -0.004 -18"><span class='ocrx_word' id='word_1_134' title='bbox 2242 707 2324 756; x_wconf 88' lang='grc' dir='ltr'>τεῖ</span> <span class='ocrx_word' id='word_1_135' title='bbox 2379 703 2476 768; x_wconf 74' lang='grc' dir='ltr'>τήν</span> <span class='ocrx_word' id='word_1_136' title='bbox 2532 695 2786 774; x_wconf 87' lang='grc' dir='ltr'>βασιλίδα</span> <span class='ocrx_word' id='word_1_137' title='bbox 2847 702 3084 769; x_wconf 85' lang='grc' dir='ltr'>μεθεῖναι</span> <span class='ocrx_word' id='word_1_138' title='bbox 3155 694 3317 750; x_wconf 80' lang='grc' dir='ltr'>αὐτόν</span> <span class='ocrx_word' id='word_1_139' title='bbox 3352 716 3364 727; x_wconf 81' lang='grc'><em>’</em></span> <span class='ocrx_word' id='word_1_140' title='bbox 3422 695 3734 771; x_wconf 70' lang='grc' dir='ltr'>περιείχετο</span> <span class='ocrx_word' id='word_1_141' title='bbox 3799 697 3913 770; x_wconf 70' lang='grc' dir='ltr'>γὰρ</span> 
     </span>
    </p>
   </div>
   <div class='ocr_carea' id='block_1_21' title="bbox 2241 780 3913 862">
    <p class='ocr_par' dir='ltr' id='par_1_21' title="bbox 2241 780 3913 862">
     <span class='ocr_line' id='line_1_21' title="bbox 2241 780 3913 862; baseline -0.005 -19"><span class='ocrx_word' id='word_1_142' title='bbox 2241 790 2376 849; x_wconf 86' lang='grc' dir='ltr'>τέως</span> <span class='ocrx_word' id='word_1_143' title='bbox 2409 786 2736 862; x_wconf 85' lang='grc' dir='ltr'>ἰσχυρότατα</span> <span class='ocrx_word' id='word_1_144' title='bbox 2773 789 2869 838; x_wconf 74' lang='grc' dir='ltr'>τοῦ</span> <span class='ocrx_word' id='word_1_145' title='bbox 2911 782 3126 855; x_wconf 73' lang='grc' dir='ltr'>ἀνδρὸς,</span> <span class='ocrx_word' id='word_1_146' title='bbox 3161 780 3438 837; x_wconf 78' lang='grc' dir='ltr'>δεδοικυῖα</span> <span class='ocrx_word' id='word_1_147' title='bbox 3483 785 3558 855; x_wconf 74' lang='grc' dir='ltr'>μη</span> <span class='ocrx_word' id='word_1_148' title='bbox 3606 784 3740 856; x_wconf 81' lang='grc' dir='ltr'>μετᾶ</span> <span class='ocrx_word' id='word_1_149' title='bbox 3805 785 3913 850; x_wconf 67' lang='grc' dir='ltr'>τήν</span> 
     </span>
    </p>
   </div>
   <div class='ocr_carea' id='block_1_22' title="bbox 2242 870 3909 947">
    <p class='ocr_par' dir='ltr' id='par_1_22' title="bbox 2242 870 3909 947">
     <span class='ocr_line' id='line_1_22' title="bbox 2242 870 3909 947; baseline -0.004 -17"><span class='ocrx_word' id='word_1_150' title='bbox 2242 876 2444 930; x_wconf 89' lang='grc' dir='ltr'>ἐκείνου</span> <span class='ocrx_word' id='word_1_151' title='bbox 2496 872 2810 947; x_wconf 76' lang='grc' dir='ltr'>ἀποδημίαν</span> <span class='ocrx_word' id='word_1_152' title='bbox 2861 870 3042 935; x_wconf 77' lang='grc' dir='ltr'>ἅδείας</span> <span class='ocrx_word' id='word_1_153' title='bbox 3092 872 3260 944; x_wconf 76' lang='grc' dir='ltr'>τυγὸν</span> <span class='ocrx_word' id='word_1_154' title='bbox 3313 872 3376 925; x_wconf 88' lang='grc' dir='ltr'>τὸ</span> <span class='ocrx_word' id='word_1_155' title='bbox 3437 870 3746 944; x_wconf 89' lang='grc' dir='ltr'>δαιμόνιον,</span> <span class='ocrx_word' id='word_1_156' title='bbox 3796 870 3909 943; x_wconf 83' lang='grc' dir='ltr'>ἐμ-</span> 
     </span>
    </p>
   </div>
   <div class='ocr_carea' id='block_1_23' title="bbox 2241 961 3909 1040">
    <p class='ocr_par' dir='ltr' id='par_1_23' title="bbox 2241 961 3909 1040">
     <span class='ocr_line' id='line_1_23' title="bbox 2241 961 3909 1040; baseline -0.002 -19"><span class='ocrx_word' id='word_1_157' title='bbox 2241 965 2463 1040; x_wconf 73' lang='grc' dir='ltr'>πηδήσῃ</span> <span class='ocrx_word' id='word_1_158' title='bbox 2495 966 2657 1021; x_wconf 74' lang='grc' dir='ltr'>πάλιν</span> <span class='ocrx_word' id='word_1_159' title='bbox 2697 969 2766 1037; x_wconf 80' lang='grc' dir='ltr'>τῇ</span> <span class='ocrx_word' id='word_1_160' title='bbox 2799 963 3043 1040; x_wconf 88' lang='grc' dir='ltr'>θυγατρί.</span> <span class='ocrx_word' id='word_1_161' title='bbox 3075 965 3138 1020; x_wconf 76' lang='grc' dir='ltr'>Ὀ</span> <span class='ocrx_word' id='word_1_162' title='bbox 3170 961 3248 1034; x_wconf 71' lang='grc' dir='ltr'>δὲ,</span> <span class='ocrx_word' id='word_1_163' title='bbox 3293 963 3550 1038; x_wconf 52' lang='lat' dir='ltr'>eusser-.5</span> <span class='ocrx_word' id='word_1_164' title='bbox 3601 963 3803 1017; x_wconf 82' lang='grc' dir='ltr'>τούτου</span> <span class='ocrx_word' id='word_1_165' title='bbox 3842 985 3909 1036; x_wconf 88' lang='grc' dir='ltr'>γε</span> 
     </span>
    </p>
   </div>
   <div class='ocr_carea' id='block_1_24' title="bbox 2238 1051 3902 1129">
    <p class='ocr_par' dir='ltr' id='par_1_24' title="bbox 2238 1051 3902 1129">
     <span class='ocr_line' id='line_1_24' title="bbox 2238 1051 3902 1129; baseline -0.002 -18"><span class='ocrx_word' id='word_1_166' title='bbox 2238 1054 2434 1124; x_wconf 68' lang='grc' dir='ltr'>ἕνεκεν,</span> <span class='ocrx_word' id='word_1_167' title='bbox 2475 1055 2732 1129; x_wconf 82' lang='grc' dir='ltr'>εἰρηκὼς,</span> <span class='ocrx_word' id='word_1_168' title='bbox 2766 1051 2938 1108; x_wconf 87' lang='grc' dir='ltr'>ἐδεῖτο</span> <span class='ocrx_word' id='word_1_169' title='bbox 2987 1053 3076 1107; x_wconf 88' lang='grc' dir='ltr'>καὶ</span> <span class='ocrx_word' id='word_1_170' title='bbox 3117 1052 3270 1116; x_wconf 73' lang='grc' dir='ltr'>αὖθις</span> <span class='ocrx_word' id='word_1_171' title='bbox 3319 1057 3445 1106; x_wconf 80' lang='grc' dir='ltr'>ναῦν</span> <span class='ocrx_word' id='word_1_172' title='bbox 3507 1055 3658 1123; x_wconf 84' lang='grc' dir='ltr'>αὐτῷ</span> <span class='ocrx_word' id='word_1_173' title='bbox 3716 1073 3902 1128; x_wconf 82' lang='grc' dir='ltr'>παρα-</span> 
     </span>
    </p>
   </div>
   <div class='ocr_carea' id='block_1_25' title="bbox 2243 1141 3908 1217">
    <p class='ocr_par' dir='ltr' id='par_1_25' title="bbox 2243 1141 3908 1217">
     <span class='ocr_line' id='line_1_25' title="bbox 2243 1141 3908 1217; baseline -0.001 -17"><span class='ocrx_word' id='word_1_174' title='bbox 2243 1148 2618 1214; x_wconf 73' lang='grc' dir='ltr'>σκευασθῆναι,</span> <span class='ocrx_word' id='word_1_175' title='bbox 2661 1141 2732 1199; x_wconf 76' lang='grc' dir='ltr'>δι’</span> <span class='ocrx_word' id='word_1_176' title='bbox 2780 1146 2846 1212; x_wconf 77' lang='grc' dir='ltr'>ἧς</span> <span class='ocrx_word' id='word_1_177' title='bbox 2885 1143 2968 1198; x_wconf 76' lang='grc' dir='ltr'>ἐπὶ</span> <span class='ocrx_word' id='word_1_178' title='bbox 3010 1143 3075 1198; x_wconf 68' lang='grc' dir='ltr'>τὰ</span> <span class='ocrx_word' id='word_1_179' title='bbox 3125 1150 3224 1212; x_wconf 81' lang='grc' dir='ltr'>τῆς</span> <span class='ocrx_word' id='word_1_180' title='bbox 3276 1143 3474 1217; x_wconf 81' lang='grc' dir='ltr'>Συρίας</span> <span class='ocrx_word' id='word_1_181' title='bbox 3521 1141 3772 1198; x_wconf 86' lang='grc' dir='ltr'>πλεύσειε</span> <span class='ocrx_word' id='word_1_182' title='bbox 3813 1142 3908 1216; x_wconf 84' lang='grc' dir='ltr'>μέ-</span> 
     </span>
    </p>
   </div>
   <div class='ocr_carea' id='block_1_26' title="bbox 2245 1230 3909 1308">
    <p class='ocr_par' dir='ltr' id='par_1_26' title="bbox 2245 1230 3909 1308">
     <span class='ocr_line' id='line_1_26' title="bbox 2245 1230 3909 1308; baseline -0.002 -18"><span class='ocrx_word' id='word_1_183' title='bbox 2245 1256 2336 1308; x_wconf 91' lang='grc' dir='ltr'>ρη.</span> <span class='ocrx_word' id='word_1_184' title='bbox 2380 1233 2557 1294; x_wconf 87' lang='grc' dir='ltr'>Μόλις</span> <span class='ocrx_word' id='word_1_185' title='bbox 2592 1231 2685 1287; x_wconf 76' lang='grc' dir='ltr'>οὗν</span> <span class='ocrx_word' id='word_1_186' title='bbox 2717 1253 2850 1288; x_wconf 90' lang='grc' dir='ltr'>ποτε</span> <span class='ocrx_word' id='word_1_187' title='bbox 2885 1232 2978 1286; x_wconf 79' lang='grc' dir='ltr'>καὶ</span> <span class='ocrx_word' id='word_1_188' title='bbox 3008 1235 3075 1305; x_wconf 83' lang='grc' dir='ltr'>τῇ</span> <span class='ocrx_word' id='word_1_189' title='bbox 3109 1230 3297 1304; x_wconf 82' lang='grc' dir='ltr'>πολλῇ</span> <span class='ocrx_word' id='word_1_190' title='bbox 3357 1237 3640 1295; x_wconf 72' lang='grc' dir='ltr'>πεισθεῖσα</span> <span class='ocrx_word' id='word_1_191' title='bbox 3692 1252 3909 1306; x_wconf 87' lang='grc' dir='ltr'>προσε-</span> 
     </span>
    </p>
   </div>
   <div class='ocr_carea' id='block_1_27' title="bbox 2245 1318 3909 1397">
    <p class='ocr_par' dir='ltr' id='par_1_27' title="bbox 2245 1318 3909 1397">
     <span class='ocr_line' id='line_1_27' title="bbox 2245 1318 3909 1397; baseline -0.001 -21"><span class='ocrx_word' id='word_1_192' title='bbox 2245 1321 2386 1397; x_wconf 78' lang='grc' dir='ltr'>δρίᾳ,</span> <span class='ocrx_word' id='word_1_193' title='bbox 2431 1321 2642 1376; x_wconf 75' lang='grc' dir='ltr'>κελεύει</span> <span class='ocrx_word' id='word_1_194' title='bbox 2696 1318 3048 1394; x_wconf 79' lang='grc' dir='ltr'>Κορνηλιανῷ</span> <span class='ocrx_word' id='word_1_195' title='bbox 3104 1318 3300 1374; x_wconf 78' lang='grc' dir='ltr'>πλοῖόν</span> <span class='ocrx_word' id='word_1_196' title='bbox 3379 1341 3437 1374; x_wconf 89' lang='grc' dir='ltr'>τε</span> <span class='ocrx_word' id='word_1_197' title='bbox 3499 1319 3647 1392; x_wconf 79' lang='grc' dir='ltr'>αύτῷ</span> <span class='ocrx_word' id='word_1_198' title='bbox 3715 1319 3909 1395; x_wconf 83' lang='grc' dir='ltr'>εὐτρε-</span> 
     </span>
    </p>
   </div>
   <div class='ocr_carea' id='block_1_28' title="bbox 2243 1407 3911 1487">
    <p class='ocr_par' dir='ltr' id='par_1_28' title="bbox 2243 1407 3911 1487">
     <span class='ocr_line' id='line_1_28' title="bbox 2243 1407 3911 1487; baseline -0.001 -21"><span class='ocrx_word' id='word_1_199' title='bbox 2243 1413 2417 1480; x_wconf 89' lang='grc' dir='ltr'>πίσαι,</span> <span class='ocrx_word' id='word_1_200' title='bbox 2460 1411 2546 1464; x_wconf 82' lang='grc' dir='ltr'>καὶ</span> <span class='ocrx_word' id='word_1_201' title='bbox 2601 1411 2669 1465; x_wconf 73' lang='grc' dir='ltr'>τά</span> <span class='ocrx_word' id='word_1_202' title='bbox 2709 1408 2988 1479; x_wconf 76' lang='grc' dir='ltr'>ἐπιτήδεια</span> <span class='ocrx_word' id='word_1_203' title='bbox 3044 1410 3127 1464; x_wconf 81' lang='grc' dir='ltr'>ὅτι</span> <span class='ocrx_word' id='word_1_204' title='bbox 3166 1410 3339 1487; x_wconf 81' lang='grc' dir='ltr'>τάχος</span> <span class='ocrx_word' id='word_1_205' title='bbox 3375 1407 3640 1473; x_wconf 84' lang='grc' dir='ltr'>ἐνθέσθαι.</span> <span class='ocrx_word' id='word_1_206' title='bbox 3683 1412 3911 1485; x_wconf 86' lang='grc' dir='ltr'>Καθορ-</span> 
     </span>
    </p>
   </div>
   <div class='ocr_carea' id='block_1_29' title="bbox 2249 1493 3903 1573">
    <p class='ocr_par' dir='ltr' id='par_1_29' title="bbox 2249 1493 3903 1573">
     <span class='ocr_line' id='line_1_29' title="bbox 2249 1493 3903 1573; baseline 0 -19"><span class='ocrx_word' id='word_1_207' title='bbox 2249 1500 2528 1573; x_wconf 87' lang='grc' dir='ltr'>μισθείσης</span> <span class='ocrx_word' id='word_1_208' title='bbox 2561 1498 2654 1553; x_wconf 73' lang='grc' dir='ltr'>οὖν</span> <span class='ocrx_word' id='word_1_209' title='bbox 2695 1500 2840 1570; x_wconf 81' lang='grc' dir='ltr'>αὖτῷ</span> <span class='ocrx_word' id='word_1_210' title='bbox 2877 1505 2976 1567; x_wconf 86' lang='grc' dir='ltr'>τῆς</span> <span class='ocrx_word' id='word_1_211' title='bbox 3005 1498 3136 1560; x_wconf 87' lang='grc' dir='ltr'>νεὼς</span> <span class='ocrx_word' id='word_1_212' title='bbox 3166 1494 3338 1570; x_wconf 69' lang='grc' dir='ltr'>ἐμϐὰς</span> <span class='ocrx_word' id='word_1_213' title='bbox 3395 1493 3606 1573; x_wconf 68' lang='grc' dir='ltr'>ἑϐδόμῃ</span> <span class='ocrx_word' id='word_1_214' title='bbox 3641 1504 3709 1573; x_wconf 78' lang='grc' dir='ltr'>τῇ</span> <span class='ocrx_word' id='word_1_215' title='bbox 3752 1500 3903 1568; x_wconf 80' lang='grc' dir='ltr'>πρὸς</span> 
     </span>
    </p>
   </div>
   <div class='ocr_carea' id='block_1_30' title="bbox 2243 1582 3908 1662">
    <p class='ocr_par' dir='ltr' id='par_1_30' title="bbox 2243 1582 3908 1662">
     <span class='ocr_line' id='line_1_30' title="bbox 2243 1582 3908 1662; baseline -0.002 -19"><span class='ocrx_word' id='word_1_216' title='bbox 2243 1591 2333 1644; x_wconf 86' lang='grc' dir='ltr'>τὸν</span> <span class='ocrx_word' id='word_1_217' title='bbox 2363 1588 2534 1644; x_wconf 74' lang='grc' dir='ltr'>πλοῦν</span> <span class='ocrx_word' id='word_1_218' title='bbox 2568 1587 2751 1662; x_wconf 82' lang='grc' dir='ltr'>ἡμέρᾳ</span> <span class='ocrx_word' id='word_1_219' title='bbox 2777 1588 2877 1656; x_wconf 84' lang='grc' dir='ltr'>τήν</span> <span class='ocrx_word' id='word_1_220' title='bbox 2913 1587 3108 1662; x_wconf 78' lang='grc' dir='ltr'>Συρίαν</span> <span class='ocrx_word' id='word_1_221' title='bbox 3140 1582 3574 1660; x_wconf 75' lang='grc' dir='ltr'>καταλαμϐάνει.</span> <span class='ocrx_word' id='word_1_222' title='bbox 3618 1589 3715 1641; x_wconf 77' lang='grc' dir='ltr'>Καὶ</span> <span class='ocrx_word' id='word_1_223' title='bbox 3748 1592 3908 1661; x_wconf 78' lang='grc' dir='ltr'>ττρῶ-</span> 
     </span>
    </p>
   </div>
   <div class='ocr_carea' id='block_1_31' title="bbox 2244 1673 3908 1752">
    <p class='ocr_par' dir='ltr' id='par_1_31' title="bbox 2244 1673 3908 1752">
     <span class='ocr_line' id='line_1_31' title="bbox 2244 1673 3908 1752; baseline -0.002 -19"><span class='ocrx_word' id='word_1_224' title='bbox 2244 1700 2311 1733; x_wconf 87' lang='grc' dir='ltr'>τα</span> <span class='ocrx_word' id='word_1_225' title='bbox 2344 1679 2437 1749; x_wconf 75' lang='grc' dir='ltr'>μὲν</span> <span class='ocrx_word' id='word_1_226' title='bbox 2477 1680 2545 1749; x_wconf 76' lang='grc' dir='ltr'>τῇ</span> <span class='ocrx_word' id='word_1_227' title='bbox 2579 1675 2906 1752; x_wconf 70' lang='grc' dir='ltr'>Ἀντιοχέων</span> <span class='ocrx_word' id='word_1_228' title='bbox 2941 1674 3236 1746; x_wconf 79' lang='grc' dir='ltr'>ἐπιδημεῖ·</span> <span class='ocrx_word' id='word_1_229' title='bbox 3284 1676 3400 1730; x_wconf 79' lang='grc' dir='ltr'>εἶτα</span> <span class='ocrx_word' id='word_1_230' title='bbox 3433 1673 3648 1750; x_wconf 81' lang='grc' dir='ltr'>δέχεται</span> <span class='ocrx_word' id='word_1_231' title='bbox 3701 1680 3908 1730; x_wconf 79' lang='grc' dir='ltr'>τοῦτον</span> 
     </span>
    </p>
   </div>
   <div class='ocr_carea' id='block_1_32' title="bbox 2246 1759 3909 1839">
    <p class='ocr_par' dir='ltr' id='par_1_32' title="bbox 2246 1759 3909 1839">
     <span class='ocr_line' id='line_1_32' title="bbox 2246 1759 3909 1839; baseline -0.001 -19"><span class='ocrx_word' id='word_1_232' title='bbox 2246 1768 2519 1839; x_wconf 77' lang='grc' dir='ltr'>Ἀπάμεια</span> <span class='ocrx_word' id='word_1_233' title='bbox 2549 1766 2793 1828; x_wconf 79' lang='grc' dir='ltr'>κάκεῖθεν</span> <span class='ocrx_word' id='word_1_234' title='bbox 2839 1764 2926 1818; x_wconf 85' lang='grc' dir='ltr'>ἐπὶ</span> <span class='ocrx_word' id='word_1_235' title='bbox 2973 1763 3070 1824; x_wconf 73' lang='grc' dir='ltr'>τὰς</span> <span class='ocrx_word' id='word_1_236' title='bbox 3097 1762 3294 1826; x_wconf 84' lang='grc' dir='ltr'>λοιπὰς</span> <span class='ocrx_word' id='word_1_237' title='bbox 3330 1759 3640 1836; x_wconf 74' lang='grc' dir='ltr'>μεταϐαίνει</span> <span class='ocrx_word' id='word_1_238' title='bbox 3684 1764 3909 1836; x_wconf 81' lang='grc' dir='ltr'>πόλεις,</span> 
     </span>
    </p>
   </div>
   <div class='ocr_carea' id='block_1_33' title="bbox 497 1851 2136 1933">
    <p class='ocr_par' dir='ltr' id='par_1_33' title="bbox 497 1859 2136 1932">
     <span class='ocr_line' id='line_1_33' title="bbox 497 1859 2136 1932; baseline 0.001 -17"><span class='ocrx_word' id='word_1_239' title='bbox 497 1862 754 1930; x_wconf 88' lang='lat' dir='ltr'>Apamea</span> <span class='ocrx_word' id='word_1_240' title='bbox 784 1876 800 1914; x_wconf 71' lang='grc' dir='ltr'>ι</span> <span class='ocrx_word' id='word_1_241' title='bbox 830 1869 883 1916; x_wconf 93' lang='lat' dir='ltr'>et</span> <span class='ocrx_word' id='word_1_242' title='bbox 924 1859 1087 1915; x_wconf 90' lang='lat' dir='ltr'>illinc</span> <span class='ocrx_word' id='word_1_243' title='bbox 1130 1862 1340 1915; x_wconf 86' lang='lat' dir='ltr'>transit</span> <span class='ocrx_word' id='word_1_244' title='bbox 1369 1860 1442 1915; x_wconf 90' lang='lat' dir='ltr'>ad</span> <span class='ocrx_word' id='word_1_245' title='bbox 1486 1861 1738 1932; x_wconf 88' lang='lat' dir='ltr'>reliquas</span> <span class='ocrx_word' id='word_1_246' title='bbox 1769 1861 2050 1927; x_wconf 86' lang='lat' dir='ltr'>civitates,</span> <span class='ocrx_word' id='word_1_247' title='bbox 2087 1865 2136 1917; x_wconf 87' lang='lat' dir='ltr'>et</span> 
     </span>
    </p>
   </div>
   <div class='ocr_carea' id='block_1_34' title="bbox 2249 1851 3907 1933">
    <p class='ocr_par' dir='ltr' id='par_1_34' title="bbox 2249 1851 3907 1924">
     <span class='ocr_line' id='line_1_34' title="bbox 2249 1851 3907 1924; baseline -0.001 -15"><span class='ocrx_word' id='word_1_248' title='bbox 2249 1856 2338 1909; x_wconf 84' lang='grc' dir='ltr'>καὶ</span> <span class='ocrx_word' id='word_1_249' title='bbox 2402 1853 2785 1924; x_wconf 77' lang='grc' dir='ltr'>στασιαζούσας</span> <span class='ocrx_word' id='word_1_250' title='bbox 2856 1851 3130 1908; x_wconf 80' lang='grc' dir='ltr'>διαλάττει</span> <span class='ocrx_word' id='word_1_251' title='bbox 3206 1855 3302 1915; x_wconf 78' lang='grc' dir='ltr'>τὰς</span> <span class='ocrx_word' id='word_1_252' title='bbox 3369 1851 3660 1923; x_wconf 74' lang='grc' dir='ltr'>ἐκκλησίας</span> <span class='ocrx_word' id='word_1_253' title='bbox 3694 1871 3708 1885; x_wconf 80' lang='grc'><strong>⁸</strong></span> <span class='ocrx_word' id='word_1_254' title='bbox 3761 1855 3907 1909; x_wconf 75' lang='grc' dir='ltr'>πάνυ</span> 
     </span>
    </p>
   </div>
   <div class='ocr_carea' id='block_1_35' title="bbox 501 1948 2143 2005">
    <p class='ocr_par' dir='ltr' id='par_1_35' title="bbox 501 1948 2143 2005">
     <span class='ocr_line' id='line_1_35' title="bbox 501 1948 2143 2005; baseline 0.001 -2"><span class='ocrx_word' id='word_1_255' title='bbox 501 1948 828 2004; x_wconf 88' lang='lat' dir='ltr'>reconciliat</span> <span class='ocrx_word' id='word_1_256' title='bbox 885 1949 1174 2004; x_wconf 80' lang='lat' dir='ltr'>Ecclesiae</span> <span class='ocrx_word' id='word_1_257' title='bbox 1231 1950 1382 2004; x_wconf 90' lang='lat' dir='ltr'>inter</span> <span class='ocrx_word' id='word_1_258' title='bbox 1437 1965 1500 2004; x_wconf 89' lang='lat' dir='ltr'>se</span> <span class='ocrx_word' id='word_1_259' title='bbox 1559 1950 1929 2005; x_wconf 88' lang='lat' dir='ltr'>dissidentes.</span> <span class='ocrx_word' id='word_1_260' title='bbox 1981 1950 2143 2004; x_wconf 91' lang='lat' dir='ltr'>Tunc</span> 
     </span>
    </p>
   </div>
   <div class='ocr_carea' id='block_1_36' title="bbox 502 2037 2143 2109">
    <p class='ocr_par' dir='ltr' id='par_1_36' title="bbox 502 2037 2143 2109">
     <span class='ocr_line' id='line_1_36' title="bbox 502 2037 2143 2109; baseline 0.001 -17"><span class='ocrx_word' id='word_1_261' title='bbox 502 2037 658 2092; x_wconf 89' lang='lat' dir='ltr'>enim</span> <span class='ocrx_word' id='word_1_262' title='bbox 693 2053 794 2108; x_wconf 92' lang='lat' dir='ltr'>per</span> <span class='ocrx_word' id='word_1_263' title='bbox 813 2053 912 2092; x_wconf 89' lang='lat' dir='ltr'>eas</span> <span class='ocrx_word' id='word_1_264' title='bbox 935 2037 1099 2093; x_wconf 86' lang='lat' dir='ltr'>valde</span> <span class='ocrx_word' id='word_1_265' title='bbox 1119 2038 1382 2109; x_wconf 81' lang='lat' dir='ltr'>serpebat</span> <span class='ocrx_word' id='word_1_266' title='bbox 1409 2037 1629 2092; x_wconf 89' lang='lat' dir='ltr'>malum</span> <span class='ocrx_word' id='word_1_267' title='bbox 1646 2038 1883 2094; x_wconf 81' lang='lat' dir='ltr'>haeresis</span> <span class='ocrx_word' id='word_1_268' title='bbox 1905 2039 2143 2094; x_wconf 91' lang='lat' dir='ltr'>Marcio-</span> 
     </span>
    </p>
   </div>
   <div class='ocr_carea' id='block_1_37' title="bbox 503 2125 2143 2198">
    <p class='ocr_par' dir='ltr' id='par_1_37' title="bbox 503 2125 2143 2198">
     <span class='ocr_line' id='line_1_37' title="bbox 503 2125 2143 2198; baseline 0.002 -18"><span class='ocrx_word' id='word_1_269' title='bbox 503 2125 614 2180; x_wconf 88' lang='lat' dir='ltr'>nis.</span> <span class='ocrx_word' id='word_1_270' title='bbox 652 2126 1026 2182; x_wconf 87' lang='lat' dir='ltr'>Transmisso</span> <span class='ocrx_word' id='word_1_271' title='bbox 1075 2130 1270 2181; x_wconf 88' lang='lat' dir='ltr'>autem</span> <span class='ocrx_word' id='word_1_272' title='bbox 1323 2126 1628 2198; x_wconf 86' lang='lat' dir='ltr'>Euphrate,</span> <span class='ocrx_word' id='word_1_273' title='bbox 1658 2128 1816 2183; x_wconf 88' lang='lat' dir='ltr'>venit</span> <span class='ocrx_word' id='word_1_274' title='bbox 1847 2128 1918 2183; x_wconf 87' lang='lat' dir='ltr'>ad</span> <span class='ocrx_word' id='word_1_275' title='bbox 1949 2127 2143 2184; x_wconf 90' lang='lat' dir='ltr'>Eccle-</span> 
     </span>
    </p>
   </div>
   <div class='ocr_carea' id='block_1_38' title="bbox 504 2214 2144 2288">
    <p class='ocr_par' dir='ltr' id='par_1_38' title="bbox 504 2214 2144 2288">
     <span class='ocr_line' id='line_1_38' title="bbox 504 2214 2144 2288; baseline 0.002 -20"><span class='ocrx_word' id='word_1_276' title='bbox 504 2214 644 2281; x_wconf 88' lang='lat' dir='ltr'>sias,</span> <span class='ocrx_word' id='word_1_277' title='bbox 679 2231 806 2285; x_wconf 61' lang='lat' dir='ltr'>qua</span> <span class='ocrx_word' id='word_1_278' title='bbox 855 2223 1012 2270; x_wconf 88' lang='lat' dir='ltr'>erant</span> <span class='ocrx_word' id='word_1_279' title='bbox 1046 2215 1106 2269; x_wconf 91' lang='lat' dir='ltr'>in</span> <span class='ocrx_word' id='word_1_280' title='bbox 1137 2215 1342 2282; x_wconf 77' lang='lat' dir='ltr'>Nisibi,</span> <span class='ocrx_word' id='word_1_281' title='bbox 1376 2219 1432 2271; x_wconf 92' lang='lat' dir='ltr'>et</span> <span class='ocrx_word' id='word_1_282' title='bbox 1461 2216 1518 2270; x_wconf 89' lang='lat' dir='ltr'>in</span> <span class='ocrx_word' id='word_1_283' title='bbox 1552 2220 1667 2271; x_wconf 86' lang='lat' dir='ltr'>tota</span> <span class='ocrx_word' id='word_1_284' title='bbox 1709 2217 2144 2288; x_wconf 86' lang='lat' dir='ltr'>Mesopotamia,</span> 
     </span>
    </p>
   </div>
   <div class='ocr_carea' id='block_1_39' title="bbox 503 2303 2146 2374">
    <p class='ocr_par' dir='ltr' id='par_1_39' title="bbox 503 2303 2146 2374">
     <span class='ocr_line' id='line_1_39' title="bbox 503 2303 2146 2374; baseline 0.004 -18"><span class='ocrx_word' id='word_1_285' title='bbox 503 2318 719 2374; x_wconf 89' lang='lat' dir='ltr'>easque</span> <span class='ocrx_word' id='word_1_286' title='bbox 748 2303 947 2359; x_wconf 90' lang='lat' dir='ltr'>eodem</span> <span class='ocrx_word' id='word_1_287' title='bbox 982 2305 1153 2358; x_wconf 91' lang='lat' dir='ltr'>modo</span> <span class='ocrx_word' id='word_1_288' title='bbox 1184 2303 1380 2359; x_wconf 87' lang='lat' dir='ltr'>afﬁcit.</span> <span class='ocrx_word' id='word_1_289' title='bbox 1414 2304 1558 2359; x_wconf 89' lang='lat' dir='ltr'>Hinc</span> <span class='ocrx_word' id='word_1_290' title='bbox 1589 2307 1656 2360; x_wconf 86' lang='lat' dir='ltr'>ad</span> <span class='ocrx_word' id='word_1_291' title='bbox 1689 2321 1819 2361; x_wconf 89' lang='lat' dir='ltr'>eum</span> <span class='ocrx_word' id='word_1_292' title='bbox 1852 2308 1924 2362; x_wconf 90' lang='lat' dir='ltr'>ab</span> <span class='ocrx_word' id='word_1_293' title='bbox 1954 2307 2146 2362; x_wconf 89' lang='lat' dir='ltr'>omni-</span> 
     </span>
    </p>
   </div>
   <div class='ocr_carea' id='block_1_40' title="bbox 504 2391 2144 2463">
    <p class='ocr_par' dir='ltr' id='par_1_40' title="bbox 504 2391 2144 2463">
     <span class='ocr_line' id='line_1_40' title="bbox 504 2391 2144 2463; baseline 0.004 -18"><span class='ocrx_word' id='word_1_294' title='bbox 504 2391 613 2445; x_wconf 88' lang='lat' dir='ltr'>bus</span> <span class='ocrx_word' id='word_1_295' title='bbox 669 2393 1014 2447; x_wconf 87' lang='lat' dir='ltr'>deferuntur</span> <span class='ocrx_word' id='word_1_296' title='bbox 1067 2394 1350 2463; x_wconf 70' lang='lat' dir='ltr'>pecuniae,</span> <span class='ocrx_word' id='word_1_297' title='bbox 1383 2394 1691 2451; x_wconf 89' lang='lat' dir='ltr'>mediocris</span> <span class='ocrx_word' id='word_1_298' title='bbox 1753 2397 2144 2452; x_wconf 88' lang='lat' dir='ltr'>renumeratio</span> 
     </span>
    </p>
   </div>
   <div class='ocr_carea' id='block_1_41' title="bbox 502 2481 2140 2557">
    <p class='ocr_par' dir='ltr' id='par_1_41' title="bbox 502 2481 2140 2557">
     <span class='ocr_line' id='line_1_41' title="bbox 502 2481 2140 2557; baseline 0.005 -23"><span class='ocrx_word' id='word_1_299' title='bbox 502 2495 724 2551; x_wconf 83' lang='lat' dir='ltr'>magnas</span> <span class='ocrx_word' id='word_1_300' title='bbox 755 2481 882 2551; x_wconf 76' lang='lat' dir='ltr'>eius</span> <span class='ocrx_word' id='word_1_301' title='bbox 906 2481 1060 2536; x_wconf 90' lang='lat' dir='ltr'>circa</span> <span class='ocrx_word' id='word_1_302' title='bbox 1095 2481 1378 2537; x_wconf 86' lang='lat' dir='ltr'>Ecclesias</span> <span class='ocrx_word' id='word_1_303' title='bbox 1414 2483 1703 2539; x_wconf 89' lang='lat' dir='ltr'>malorum</span> <span class='ocrx_word' id='word_1_304' title='bbox 1727 2486 2140 2557; x_wconf 87' lang='lat' dir='ltr'>perpessionis.</span> 
     </span>
    </p>
   </div>
   <div class='ocr_carea' id='block_1_42' title="bbox 504 2569 2143 2642">
    <p class='ocr_par' dir='ltr' id='par_1_42' title="bbox 504 2569 2143 2642">
     <span class='ocr_line' id='line_1_42' title="bbox 504 2569 2143 2642; baseline 0.003 -20"><span class='ocrx_word' id='word_1_305' title='bbox 504 2569 857 2639; x_wconf 86' lang='lat' dir='ltr'>Ignorabant</span> <span class='ocrx_word' id='word_1_306' title='bbox 885 2578 1081 2624; x_wconf 88' lang='lat' dir='ltr'>autem</span> <span class='ocrx_word' id='word_1_307' title='bbox 1115 2586 1177 2625; x_wconf 85' lang='lat' dir='ltr'>se</span> <span class='ocrx_word' id='word_1_308' title='bbox 1209 2571 1451 2642; x_wconf 90' lang='lat' dir='ltr'>perinde</span> <span class='ocrx_word' id='word_1_309' title='bbox 1479 2572 1684 2638; x_wconf 84' lang='lat' dir='ltr'>facere,</span> <span class='ocrx_word' id='word_1_310' title='bbox 1717 2574 1835 2628; x_wconf 89' lang='lat' dir='ltr'>acsi</span> <span class='ocrx_word' id='word_1_311' title='bbox 1867 2574 2043 2628; x_wconf 87' lang='lat' dir='ltr'>alicui</span> <span class='ocrx_word' id='word_1_312' title='bbox 2075 2590 2143 2628; x_wconf 83' lang='lat' dir='ltr'>ex</span> 
     </span>
    </p>
   </div>
   <div class='ocr_carea' id='block_1_43' title="bbox 505 2657 2144 2732">
    <p class='ocr_par' dir='ltr' id='par_1_43' title="bbox 505 2657 2144 2732">
     <span class='ocr_line' id='line_1_43' title="bbox 505 2657 2144 2732; baseline 0.004 -22"><span class='ocrx_word' id='word_1_313' title='bbox 505 2657 595 2724; x_wconf 89' lang='lat' dir='ltr'>iis,</span> <span class='ocrx_word' id='word_1_314' title='bbox 631 2659 729 2729; x_wconf 90' lang='lat' dir='ltr'>qui</span> <span class='ocrx_word' id='word_1_315' title='bbox 786 2663 1035 2729; x_wconf 88' lang='lat' dir='ltr'>possunt</span> <span class='ocrx_word' id='word_1_316' title='bbox 1093 2658 1456 2716; x_wconf 85' lang='lat' dir='ltr'>velocissime</span> <span class='ocrx_word' id='word_1_317' title='bbox 1508 2677 1758 2730; x_wconf 88' lang='lat' dir='ltr'>currere,</span> <span class='ocrx_word' id='word_1_318' title='bbox 1820 2663 2144 2732; x_wconf 86' lang='lat' dir='ltr'>praeberent</span> 
     </span>
    </p>
   </div>
   <div class='ocr_carea' id='block_1_44' title="bbox 505 2748 2144 2822">
    <p class='ocr_par' dir='ltr' id='par_1_44' title="bbox 505 2748 2144 2822">
     <span class='ocr_line' id='line_1_44' title="bbox 505 2748 2144 2822; baseline 0.003 -19"><span class='ocrx_word' id='word_1_319' title='bbox 505 2748 832 2818; x_wconf 88' lang='lat' dir='ltr'>compedes,</span> <span class='ocrx_word' id='word_1_320' title='bbox 857 2748 1160 2819; x_wconf 70' lang='lat' dir='ltr'>praemium</span> <span class='ocrx_word' id='word_1_321' title='bbox 1193 2749 1488 2820; x_wconf 87' lang='lat' dir='ltr'>quoddam</span> <span class='ocrx_word' id='word_1_322' title='bbox 1509 2750 1792 2822; x_wconf 82' lang='lat' dir='ltr'>agilitatis</span> <span class='ocrx_word' id='word_1_323' title='bbox 1815 2761 1912 2807; x_wconf 89' lang='lat' dir='ltr'>aut</span> <span class='ocrx_word' id='word_1_324' title='bbox 1943 2752 1991 2807; x_wconf 88' lang='lat' dir='ltr'>si</span> <span class='ocrx_word' id='word_1_325' title='bbox 2024 2769 2144 2808; x_wconf 92' lang='lat' dir='ltr'>ma-</span> 
     </span>
    </p>
   </div>
   <div class='ocr_carea' id='block_1_45' title="bbox 502 2838 2143 2912">
    <p class='ocr_par' dir='ltr' id='par_1_45' title="bbox 502 2838 2143 2912">
     <span class='ocr_line' id='line_1_45' title="bbox 502 2838 2143 2912; baseline 0.004 -20"><span class='ocrx_word' id='word_1_326' title='bbox 502 2838 612 2902; x_wconf 88' lang='lat' dir='ltr'>vis,</span> <span class='ocrx_word' id='word_1_327' title='bbox 643 2853 758 2892; x_wconf 90' lang='lat' dir='ltr'>non</span> <span class='ocrx_word' id='word_1_328' title='bbox 791 2852 960 2894; x_wconf 89' lang='lat' dir='ltr'>secus</span> <span class='ocrx_word' id='word_1_329' title='bbox 1000 2855 1066 2893; x_wconf 89' lang='lat' dir='ltr'>ac</span> <span class='ocrx_word' id='word_1_330' title='bbox 1109 2838 1168 2904; x_wconf 91' lang='lat' dir='ltr'>ii,</span> <span class='ocrx_word' id='word_1_331' title='bbox 1221 2839 1321 2909; x_wconf 89' lang='lat' dir='ltr'>qui</span> <span class='ocrx_word' id='word_1_332' title='bbox 1352 2855 1487 2894; x_wconf 90' lang='lat' dir='ltr'>eum</span> <span class='ocrx_word' id='word_1_333' title='bbox 1538 2840 1637 2912; x_wconf 89' lang='lat' dir='ltr'>qui</span> <span class='ocrx_word' id='word_1_334' title='bbox 1687 2843 1882 2897; x_wconf 90' lang='lat' dir='ltr'>nudus</span> <span class='ocrx_word' id='word_1_335' title='bbox 1938 2841 2143 2898; x_wconf 88' lang='lat' dir='ltr'>luctari</span> 
     </span>
    </p>
   </div>
   <div class='ocr_carea' id='block_1_46' title="bbox 503 2925 2142 3003">
    <p class='ocr_par' dir='ltr' id='par_1_46' title="bbox 503 2925 2142 3003">
     <span class='ocr_line' id='line_1_46' title="bbox 503 2925 2142 3003; baseline 0.002 -21"><span class='ocrx_word' id='word_1_336' title='bbox 503 2925 741 2996; x_wconf 88' lang='lat' dir='ltr'>pulchre</span> <span class='ocrx_word' id='word_1_337' title='bbox 771 2927 997 2994; x_wconf 89' lang='lat' dir='ltr'>didicit,</span> <span class='ocrx_word' id='word_1_338' title='bbox 1020 2932 1304 2984; x_wconf 87' lang='lat' dir='ltr'>conantur</span> <span class='ocrx_word' id='word_1_339' title='bbox 1319 2929 1546 2998; x_wconf 90' lang='lat' dir='ltr'>docere,</span> <span class='ocrx_word' id='word_1_340' title='bbox 1577 2938 1638 2986; x_wconf 88' lang='lat' dir='ltr'>ut</span> <span class='ocrx_word' id='word_1_341' title='bbox 1665 2946 1799 2986; x_wconf 90' lang='lat' dir='ltr'>eum</span> <span class='ocrx_word' id='word_1_342' title='bbox 1822 2931 2142 3003; x_wconf 88' lang='lat' dir='ltr'>arripiendi</span> 
     </span>
    </p>
   </div>
   <div class='ocr_carea' id='block_1_47' title="bbox 503 3015 1360 3073">
    <p class='ocr_par' dir='ltr' id='par_1_47' title="bbox 503 3015 1360 3073">
     <span class='ocr_line' id='line_1_47' title="bbox 503 3015 1360 3073; baseline 0.002 -3"><span class='ocrx_word' id='word_1_343' title='bbox 503 3031 706 3070; x_wconf 88' lang='lat' dir='ltr'>ansam</span> <span class='ocrx_word' id='word_1_344' title='bbox 736 3015 949 3072; x_wconf 89' lang='lat' dir='ltr'>habeat</span> <span class='ocrx_word' id='word_1_345' title='bbox 973 3019 1360 3073; x_wconf 86' lang='lat' dir='ltr'>adversarius.</span> 
     </span>
    </p>
   </div>
   <div class='ocr_carea' id='block_1_48' title="bbox 576 3103 2138 3182">
    <p class='ocr_par' dir='ltr' id='par_1_48' title="bbox 576 3103 2138 3182">
     <span class='ocr_line' id='line_1_48' title="bbox 576 3103 2138 3182; baseline 0.004 -23"><span class='ocrx_word' id='word_1_346' title='bbox 576 3103 764 3159; x_wconf 84' lang='lat' dir='ltr'>XXVI.</span> <span class='ocrx_word' id='word_1_347' title='bbox 805 3107 951 3160; x_wconf 89' lang='lat' dir='ltr'>Cum</span> <span class='ocrx_word' id='word_1_348' title='bbox 982 3119 1115 3175; x_wconf 83' lang='lat' dir='ltr'>ergo</span> <span class='ocrx_word' id='word_1_349' title='bbox 1147 3104 1244 3161; x_wconf 88' lang='lat' dir='ltr'>ille</span> <span class='ocrx_word' id='word_1_350' title='bbox 1274 3107 1510 3176; x_wconf 91' lang='lat' dir='ltr'>quidem</span> <span class='ocrx_word' id='word_1_351' title='bbox 1544 3113 1835 3165; x_wconf 87' lang='lat' dir='ltr'>recusaret</span> <span class='ocrx_word' id='word_1_352' title='bbox 1856 3111 2138 3182; x_wconf 89' lang='lat' dir='ltr'>accipere,</span> 
     </span>
    </p>
   </div>
   <div class='ocr_carea' id='block_1_49' title="bbox 2252 1942 3910 2020">
    <p class='ocr_par' dir='ltr' id='par_1_49' title="bbox 2252 1942 3910 2020">
     <span class='ocr_line' id='line_1_49' title="bbox 2252 1942 3910 2020; baseline -0.001 -21"><span class='ocrx_word' id='word_1_353' title='bbox 2252 1945 2353 2020; x_wconf 75' lang='grc' dir='ltr'>γὰρ</span> <span class='ocrx_word' id='word_1_354' title='bbox 2402 1946 2523 1999; x_wconf 88' lang='grc' dir='ltr'>τότε</span> <span class='ocrx_word' id='word_1_355' title='bbox 2553 1945 2614 1999; x_wconf 87' lang='grc' dir='ltr'>τὸ</span> <span class='ocrx_word' id='word_1_356' title='bbox 2652 1951 2751 2013; x_wconf 83' lang='grc' dir='ltr'>τῆς</span> <span class='ocrx_word' id='word_1_357' title='bbox 2807 1942 3038 2016; x_wconf 76' lang='grc' dir='ltr'>αῖρέσως</span> <span class='ocrx_word' id='word_1_358' title='bbox 3065 1947 3163 1998; x_wconf 75' lang='grc' dir='ltr'>τοῦ</span> <span class='ocrx_word' id='word_1_359' title='bbox 3197 1943 3529 2018; x_wconf 83' lang='grc' dir='ltr'>Μαρκίωνος</span> <span class='ocrx_word' id='word_1_360' title='bbox 3569 1945 3756 2013; x_wconf 85' lang='grc' dir='ltr'>κακὸν,</span> <span class='ocrx_word' id='word_1_361' title='bbox 3785 1942 3910 1998; x_wconf 86' lang='grc' dir='ltr'>ἐνέ-</span> 
     </span>
    </p>
   </div>
   <div class='ocr_carea' id='block_1_50' title="bbox 2257 2029 3908 2110">
    <p class='ocr_par' dir='ltr' id='par_1_50' title="bbox 2257 2029 3908 2110">
     <span class='ocr_line' id='line_1_50' title="bbox 2257 2029 3908 2110; baseline -0.001 -21"><span class='ocrx_word' id='word_1_362' title='bbox 2257 2055 2388 2107; x_wconf 91' lang='grc' dir='ltr'>μετο</span> <span class='ocrx_word' id='word_1_363' title='bbox 2445 2035 2662 2096; x_wconf 89' lang='grc' dir='ltr'>ταύτας.</span> <span class='ocrx_word' id='word_1_364' title='bbox 2695 2032 2797 2089; x_wconf 84' lang='grc' dir='ltr'>Τὸν</span> <span class='ocrx_word' id='word_1_365' title='bbox 2852 2033 3138 2110; x_wconf 79' lang='grc' dir='ltr'>Εὐφράτην</span> <span class='ocrx_word' id='word_1_366' title='bbox 3200 2030 3254 2087; x_wconf 75' lang='grc' dir='ltr'>δὲ</span> <span class='ocrx_word' id='word_1_367' title='bbox 3314 2029 3528 2102; x_wconf 74' lang='grc' dir='ltr'>διαϐὰς,</span> <span class='ocrx_word' id='word_1_368' title='bbox 3578 2039 3696 2096; x_wconf 86' lang='grc' dir='ltr'>ταῖς</span> <span class='ocrx_word' id='word_1_369' title='bbox 3762 2034 3908 2088; x_wconf 86' lang='grc' dir='ltr'>κατᾶ</span> 
     </span>
    </p>
   </div>
   <div class='ocr_carea' id='block_1_51' title="bbox 2251 2118 3910 2194">
    <p class='ocr_par' dir='ltr' id='par_1_51' title="bbox 2251 2118 3910 2194">
     <span class='ocr_line' id='line_1_51' title="bbox 2251 2118 3910 2194; baseline -0.001 -16"><span class='ocrx_word' id='word_1_370' title='bbox 2251 2118 2462 2178; x_wconf 74' lang='grc' dir='ltr'>Νίσιϐίν</span> <span class='ocrx_word' id='word_1_371' title='bbox 2500 2145 2559 2179; x_wconf 85' lang='grc' dir='ltr'>τε</span> <span class='ocrx_word' id='word_1_372' title='bbox 2587 2123 2679 2177; x_wconf 86' lang='grc' dir='ltr'>καὶ</span> <span class='ocrx_word' id='word_1_373' title='bbox 2727 2129 2897 2177; x_wconf 79' lang='grc' dir='ltr'>πᾶσαν</span> <span class='ocrx_word' id='word_1_374' title='bbox 2958 2124 3056 2192; x_wconf 78' lang='grc' dir='ltr'>τὴν</span> <span class='ocrx_word' id='word_1_375' title='bbox 3115 2123 3541 2194; x_wconf 86' lang='grc' dir='ltr'>Μεσοποταμίαν</span> <span class='ocrx_word' id='word_1_376' title='bbox 3583 2122 3910 2192; x_wconf 78' lang='grc' dir='ltr'>ἐκκλησίαις</span> 
     </span>
    </p>
   </div>
   <div class='ocr_carea' id='block_1_52' title="bbox 2255 2209 3911 2290">
    <p class='ocr_par' dir='ltr' id='par_1_52' title="bbox 2255 2209 3911 2290">
     <span class='ocr_line' id='line_1_52' title="bbox 2255 2209 3911 2290; baseline -0.002 -22"><span class='ocrx_word' id='word_1_377' title='bbox 2255 2212 2526 2290; x_wconf 67' lang='grc' dir='ltr'>ἐπιφοιτᾷ,</span> <span class='ocrx_word' id='word_1_378' title='bbox 2566 2211 2815 2274; x_wconf 82' lang='grc' dir='ltr'>κάκείνας</span> <span class='ocrx_word' id='word_1_379' title='bbox 2862 2213 2955 2266; x_wconf 84' lang='grc' dir='ltr'>τὸν</span> <span class='ocrx_word' id='word_1_380' title='bbox 2996 2209 3110 2266; x_wconf 67' lang='grc' dir='ltr'>ἴσον</span> <span class='ocrx_word' id='word_1_381' title='bbox 3171 2209 3444 2282; x_wconf 87' lang='grc' dir='ltr'>διατίθησι</span> <span class='ocrx_word' id='word_1_382' title='bbox 3503 2213 3728 2288; x_wconf 77' lang='grc' dir='ltr'>τρόπον.</span> <span class='ocrx_word' id='word_1_383' title='bbox 3781 2215 3911 2268; x_wconf 81' lang='grc' dir='ltr'>Ἐν·-</span> 
     </span>
    </p>
   </div>
   <div class='ocr_carea' id='block_1_53' title="bbox 2250 2301 3906 2380">
    <p class='ocr_par' dir='ltr' id='par_1_53' title="bbox 2250 2301 3906 2380">
     <span class='ocr_line' id='line_1_53' title="bbox 2250 2301 3906 2380; baseline -0.002 -23"><span class='ocrx_word' id='word_1_384' title='bbox 2250 2305 2432 2357; x_wconf 82' lang='grc' dir='ltr'>τεῦθεν</span> <span class='ocrx_word' id='word_1_385' title='bbox 2491 2305 2757 2380; x_wconf 77' lang='grc' dir='ltr'>χρήματα</span> <span class='ocrx_word' id='word_1_386' title='bbox 2839 2303 2989 2372; x_wconf 80' lang='grc' dir='ltr'>αὐτῷ</span> <span class='ocrx_word' id='word_1_387' title='bbox 3072 2304 3355 2374; x_wconf 84' lang='grc' dir='ltr'>κομίζεται</span> <span class='ocrx_word' id='word_1_388' title='bbox 3440 2301 3584 2376; x_wconf 77' lang='grc' dir='ltr'>παρὰ</span> <span class='ocrx_word' id='word_1_389' title='bbox 3656 2303 3906 2374; x_wconf 76' lang='grc' dir='ltr'>πάντων,</span> 
     </span>
    </p>
   </div>
   <div class='ocr_carea' id='block_1_54' title="bbox 2254 2389 3911 2468">
    <p class='ocr_par' dir='ltr' id='par_1_54' title="bbox 2254 2389 3911 2468">
     <span class='ocr_line' id='line_1_54' title="bbox 2254 2389 3911 2468; baseline -0.003 -18"><span class='ocrx_word' id='word_1_390' title='bbox 2254 2391 2460 2468; x_wconf 77' lang='grc' dir='ltr'>ἀμοιϐὴ</span> <span class='ocrx_word' id='word_1_391' title='bbox 2499 2393 2691 2468; x_wconf 86' lang='grc' dir='ltr'>μετρία</span> <span class='ocrx_word' id='word_1_392' title='bbox 2719 2399 2819 2462; x_wconf 80' lang='grc' dir='ltr'>τῆς</span> <span class='ocrx_word' id='word_1_393' title='bbox 2862 2391 3083 2461; x_wconf 83' lang='grc' dir='ltr'>πολλῆς</span> <span class='ocrx_word' id='word_1_394' title='bbox 3113 2392 3276 2446; x_wconf 82' lang='grc' dir='ltr'>αὐτοῦ</span> <span class='ocrx_word' id='word_1_395' title='bbox 3310 2389 3468 2461; x_wconf 69' lang='grc' dir='ltr'>δῆθεν</span> <span class='ocrx_word' id='word_1_396' title='bbox 3505 2393 3630 2466; x_wconf 84' lang='grc' dir='ltr'>περὶ</span> <span class='ocrx_word' id='word_1_397' title='bbox 3667 2392 3764 2454; x_wconf 72' lang='grc' dir='ltr'>τὰς</span> <span class='ocrx_word' id='word_1_398' title='bbox 3817 2391 3911 2446; x_wconf 83' lang='grc' dir='ltr'>ἐκ·</span> 
     </span>
    </p>
   </div>
   <div class='ocr_carea' id='block_1_55' title="bbox 2250 2479 3913 2556">
    <p class='ocr_par' dir='ltr' id='par_1_55' title="bbox 2250 2479 3913 2556">
     <span class='ocr_line' id='line_1_55' title="bbox 2250 2479 3913 2556; baseline -0.002 -18"><span class='ocrx_word' id='word_1_399' title='bbox 2250 2484 2484 2555; x_wconf 88' lang='grc' dir='ltr'>κλησίας</span> <span class='ocrx_word' id='word_1_400' title='bbox 2547 2481 2927 2543; x_wconf 88' lang='grc' dir='ltr'>κακοπαθείας.</span> <span class='ocrx_word' id='word_1_401' title='bbox 2972 2482 3228 2556; x_wconf 85' lang='grc' dir='ltr'>Ἠγνόούν</span> <span class='ocrx_word' id='word_1_402' title='bbox 3281 2479 3337 2536; x_wconf 72' lang='grc' dir='ltr'>δὲ</span> <span class='ocrx_word' id='word_1_403' title='bbox 3368 2482 3560 2553; x_wconf 79' lang='grc' dir='ltr'>ὅμοιόν</span> <span class='ocrx_word' id='word_1_404' title='bbox 3599 2502 3657 2535; x_wconf 89' lang='grc' dir='ltr'>τε</span> <span class='ocrx_word' id='word_1_405' title='bbox 3687 2485 3913 2535; x_wconf 75' lang='grc' dir='ltr'>ποιοῦν-</span> 
     </span>
    </p>
   </div>
   <div class='ocr_carea' id='block_1_56' title="bbox 2249 2567 3901 2645">
    <p class='ocr_par' dir='ltr' id='par_1_56' title="bbox 2249 2567 3901 2645">
     <span class='ocr_line' id='line_1_56' title="bbox 2249 2567 3901 2645; baseline -0.003 -17"><span class='ocrx_word' id='word_1_406' title='bbox 2249 2593 2358 2640; x_wconf 78' lang='grc' dir='ltr'>τες,</span> <span class='ocrx_word' id='word_1_407' title='bbox 2395 2571 2577 2645; x_wconf 84' lang='grc' dir='ltr'>ὥσπερ</span> <span class='ocrx_word' id='word_1_408' title='bbox 2622 2568 2676 2624; x_wconf 66' lang='grc' dir='ltr'>εἷ’</span> <span class='ocrx_word' id='word_1_409' title='bbox 2715 2591 2821 2624; x_wconf 90' lang='grc' dir='ltr'>τινι</span> <span class='ocrx_word' id='word_1_410' title='bbox 2861 2574 2971 2624; x_wconf 87' lang='grc' dir='ltr'>τῶν</span> <span class='ocrx_word' id='word_1_411' title='bbox 3031 2569 3246 2644; x_wconf 87' lang='grc' dir='ltr'>τρέχειν</span> <span class='ocrx_word' id='word_1_412' title='bbox 3299 2569 3525 2640; x_wconf 81' lang='grc' dir='ltr'>ὀξύτατα</span> <span class='ocrx_word' id='word_1_413' title='bbox 3583 2567 3901 2642; x_wconf 81' lang='grc' dir='ltr'>δυναμένων</span> 
     </span>
    </p>
   </div>
   <div class='ocr_carea' id='block_1_57' title="bbox 2251 2658 3903 2735">
    <p class='ocr_par' dir='ltr' id='par_1_57' title="bbox 2251 2658 3903 2735">
     <span class='ocr_line' id='line_1_57' title="bbox 2251 2658 3903 2735; baseline -0.001 -19"><span class='ocrx_word' id='word_1_414' title='bbox 2251 2659 2415 2722; x_wconf 88' lang='grc' dir='ltr'>πέδας</span> <span class='ocrx_word' id='word_1_415' title='bbox 2473 2665 2760 2735; x_wconf 88' lang='grc' dir='ltr'>παρεῖχον,</span> <span class='ocrx_word' id='word_1_416' title='bbox 2790 2660 2950 2734; x_wconf 85' lang='grc' dir='ltr'>γέρας</span> <span class='ocrx_word' id='word_1_417' title='bbox 2997 2681 3048 2714; x_wconf 87' lang='grc' dir='ltr'>τι</span> <span class='ocrx_word' id='word_1_418' title='bbox 3099 2667 3199 2728; x_wconf 82' lang='grc' dir='ltr'>τῆς</span> <span class='ocrx_word' id='word_1_419' title='bbox 3242 2660 3565 2730; x_wconf 80' lang='grc' dir='ltr'>εὐκινησίας,</span> <span class='ocrx_word' id='word_1_420' title='bbox 3609 2661 3654 2714; x_wconf 82' lang='grc' dir='ltr'>εί</span> <span class='ocrx_word' id='word_1_421' title='bbox 3706 2658 3903 2733; x_wconf 88' lang='grc' dir='ltr'>βούλει</span> 
     </span>
    </p>
   </div>
   <div class='ocr_carea' id='block_1_58' title="bbox 2253 2745 3902 2823">
    <p class='ocr_par' dir='ltr' id='par_1_58' title="bbox 2253 2745 3902 2823">
     <span class='ocr_line' id='line_1_58' title="bbox 2253 2745 3902 2823; baseline -0.001 -19"><span class='ocrx_word' id='word_1_422' title='bbox 2253 2746 2329 2818; x_wconf 78' lang='grc' dir='ltr'>δὲ,</span> <span class='ocrx_word' id='word_1_423' title='bbox 2372 2750 2612 2823; x_wconf 75' lang='grc' dir='ltr'>καθάπερ</span> <span class='ocrx_word' id='word_1_424' title='bbox 2655 2749 2707 2802; x_wconf 77' lang='grc' dir='ltr'>οἱ</span> <span class='ocrx_word' id='word_1_425' title='bbox 2754 2750 2846 2803; x_wconf 86' lang='grc' dir='ltr'>τὸν</span> <span class='ocrx_word' id='word_1_426' title='bbox 2884 2749 3087 2822; x_wconf 86' lang='grc' dir='ltr'>γυμνὸν</span> <span class='ocrx_word' id='word_1_427' title='bbox 3138 2745 3246 2819; x_wconf 72' lang='grc' dir='ltr'>ἤδη</span> <span class='ocrx_word' id='word_1_428' title='bbox 3294 2747 3543 2804; x_wconf 88' lang='grc' dir='ltr'>παλαίειν</span> <span class='ocrx_word' id='word_1_429' title='bbox 3603 2746 3902 2804; x_wconf 84' lang='grc' dir='ltr'>πεπαιδευ-</span> 
     </span>
    </p>
   </div>
   <div class='ocr_carea' id='block_1_59' title="bbox 2256 2833 3901 2913">
    <p class='ocr_par' dir='ltr' id='par_1_59' title="bbox 2256 2833 3901 2913">
     <span class='ocr_line' id='line_1_59' title="bbox 2256 2833 3901 2913; baseline -0.001 -20"><span class='ocrx_word' id='word_1_430' title='bbox 2256 2839 2414 2912; x_wconf 88' lang='grc' dir='ltr'>μένον</span> <span class='ocrx_word' id='word_1_431' title='bbox 2445 2841 2778 2911; x_wconf 85' lang='grc' dir='ltr'>πειρώμενοι</span> <span class='ocrx_word' id='word_1_432' title='bbox 2812 2835 3139 2893; x_wconf 73' lang='grc' dir='ltr'>ἐνδιδύσκειν</span> <span class='ocrx_word' id='word_1_433' title='bbox 3168 2857 3180 2870; x_wconf 77' lang='grc' dir='ltr'><strong>ο</strong></span> <span class='ocrx_word' id='word_1_434' title='bbox 3225 2836 3368 2893; x_wconf 84' lang='grc' dir='ltr'>ὥστε</span> <span class='ocrx_word' id='word_1_435' title='bbox 3407 2834 3580 2900; x_wconf 71' lang='grc' dir='ltr'>λαϐὰς</span> <span class='ocrx_word' id='word_1_436' title='bbox 3617 2833 3764 2913; x_wconf 79' lang='grc' dir='ltr'>ἔχειν</span> <span class='ocrx_word' id='word_1_437' title='bbox 3810 2837 3901 2892; x_wconf 82' lang='grc' dir='ltr'>ἐπὶ</span> 
     </span>
    </p>
   </div>
   <div class='ocr_carea' id='block_1_60' title="bbox 2253 2925 2892 2985">
    <p class='ocr_par' dir='ltr' id='par_1_60' title="bbox 2253 2925 2892 2985">
     <span class='ocr_line' id='line_1_60' title="bbox 2253 2925 2892 2985; baseline -0.006 -2"><span class='ocrx_word' id='word_1_438' title='bbox 2253 2927 2410 2983; x_wconf 80' lang='grc' dir='ltr'>αὐτὸν</span> <span class='ocrx_word' id='word_1_439' title='bbox 2449 2927 2542 2981; x_wconf 86' lang='grc' dir='ltr'>τὸν</span> <span class='ocrx_word' id='word_1_440' title='bbox 2575 2927 2668 2982; x_wconf 80' lang='grc' dir='ltr'>ἀντ</span> <span class='ocrx_word' id='word_1_441' title='bbox 2680 2925 2892 2985; x_wconf 88' lang='grc' dir='ltr'>ίπαλον,</span> 
     </span>
    </p>
   </div>
   <div class='ocr_carea' id='block_1_61' title="bbox 2324 3105 3904 3181">
    <p class='ocr_par' dir='ltr' id='par_1_61' title="bbox 2324 3105 3904 3181">
     <span class='ocr_line' id='line_1_61' title="bbox 2324 3105 3904 3181; baseline 0.001 -20"><span class='ocrx_word' id='word_1_442' title='bbox 2324 3108 2431 3170; x_wconf 87' lang='grc' dir='ltr'>Κς’.</span> <span class='ocrx_word' id='word_1_443' title='bbox 2467 3105 2618 3162; x_wconf 81' lang='grc' dir='ltr'>Ἐπεὶ</span> <span class='ocrx_word' id='word_1_444' title='bbox 2679 3105 2770 3161; x_wconf 80' lang='grc' dir='ltr'>οὖν</span> <span class='ocrx_word' id='word_1_445' title='bbox 2839 3107 2866 3160; x_wconf 97' lang='lat'>6</span> <span class='ocrx_word' id='word_1_446' title='bbox 2925 3108 3017 3180; x_wconf 73' lang='grc' dir='ltr'>μὲν</span> <span class='ocrx_word' id='word_1_447' title='bbox 3081 3105 3292 3160; x_wconf 76' lang='grc' dir='ltr'>ἀνένευε</span> <span class='ocrx_word' id='word_1_448' title='bbox 3337 3106 3435 3174; x_wconf 76' lang='grc' dir='ltr'>τὴν</span> <span class='ocrx_word' id='word_1_449' title='bbox 3504 3106 3772 3181; x_wconf 80' lang='grc' dir='ltr'>ἀνάληψιν</span> <span class='ocrx_word' id='word_1_450' title='bbox 3834 3110 3904 3162; x_wconf 72' lang='grc' dir='ltr'>τὶ</span> 
     </span>
    </p>
   </div>
   <div class='ocr_carea' id='block_1_62' title="bbox 504 3191 2136 3291">
    <p class='ocr_par' dir='ltr' id='par_1_62' title="bbox 504 3191 2136 3271">
     <span class='ocr_line' id='line_1_62' title="bbox 504 3191 2136 3271; baseline 0.007 -27"><span class='ocrx_word' id='word_1_451' title='bbox 504 3191 704 3247; x_wconf 90' lang='lat' dir='ltr'>dicens</span> <span class='ocrx_word' id='word_1_452' title='bbox 736 3192 914 3248; x_wconf 87' lang='lat' dir='ltr'>fuisse</span> <span class='ocrx_word' id='word_1_453' title='bbox 945 3191 1131 3263; x_wconf 89' lang='lat' dir='ltr'>plura,</span> <span class='ocrx_word' id='word_1_454' title='bbox 1166 3210 1293 3264; x_wconf 65' lang='lat' dir='ltr'>quas</span> <span class='ocrx_word' id='word_1_455' title='bbox 1325 3195 1500 3250; x_wconf 89' lang='lat' dir='ltr'>dabat</span> <span class='ocrx_word' id='word_1_456' title='bbox 1533 3197 1891 3268; x_wconf 84' lang='lat' dir='ltr'>imperatrix,</span> <span class='ocrx_word' id='word_1_457' title='bbox 1926 3204 1982 3254; x_wconf 91' lang='lat' dir='ltr'>et</span> <span class='ocrx_word' id='word_1_458' title='bbox 2013 3216 2136 3271; x_wconf 69' lang='lat' dir='ltr'>quas</span> 
     </span>
    </p>
   </div>
   <div class='ocr_carea' id='block_1_63' title="bbox 2249 3191 3901 3291">
    <p class='ocr_par' dir='ltr' id='par_1_63' title="bbox 2251 3193 3901 3271">
     <span class='ocr_line' id='line_1_63' title="bbox 2251 3193 3901 3271; baseline -0.001 -19"><span class='ocrx_word' id='word_1_459' title='bbox 2251 3200 2350 3265; x_wconf 74' lang='grc' dir='ltr'>τῆς</span> <span class='ocrx_word' id='word_1_460' title='bbox 2393 3193 2680 3270; x_wconf 81' lang='grc' dir='ltr'>βασιλίδος</span> <span class='ocrx_word' id='word_1_461' title='bbox 2712 3195 2940 3251; x_wconf 85' lang='grc' dir='ltr'>πλείονα</span> <span class='ocrx_word' id='word_1_462' title='bbox 2998 3195 3230 3268; x_wconf 77' lang='grc' dir='ltr'>εἰρηκὼς</span> <span class='ocrx_word' id='word_1_463' title='bbox 3272 3197 3427 3264; x_wconf 82' lang='grc' dir='ltr'>εἶναι,</span> <span class='ocrx_word' id='word_1_464' title='bbox 3461 3198 3548 3251; x_wconf 84' lang='grc' dir='ltr'>καὶ</span> <span class='ocrx_word' id='word_1_465' title='bbox 3593 3195 3901 3271; x_wconf 82' lang='grc' dir='ltr'>εὐλογωτέ-</span> 
     </span>
    </p>
   </div>
   <div class='ocr_carea' id='block_1_64' title="bbox 495 3281 2136 3357">
    <p class='ocr_par' dir='ltr' id='par_1_64' title="bbox 495 3281 2136 3357">
     <span class='ocr_line' id='line_1_64' title="bbox 495 3281 2136 3357; baseline 0.005 -23"><span class='ocrx_word' id='word_1_466' title='bbox 495 3281 739 3349; x_wconf 89' lang='lat' dir='ltr'>justiore</span> <span class='ocrx_word' id='word_1_467' title='bbox 768 3282 839 3336; x_wconf 93' lang='lat' dir='ltr'>de</span> <span class='ocrx_word' id='word_1_468' title='bbox 888 3297 1063 3337; x_wconf 89' lang='lat' dir='ltr'>causa</span> <span class='ocrx_word' id='word_1_469' title='bbox 1113 3287 1378 3354; x_wconf 85' lang='lat' dir='ltr'>poterant</span> <span class='ocrx_word' id='word_1_470' title='bbox 1427 3286 1610 3357; x_wconf 89' lang='lat' dir='ltr'>accipi</span> <span class='ocrx_word' id='word_1_471' title='bbox 1647 3303 1659 3342; x_wconf 90' lang='lat'>:</span> <span class='ocrx_word' id='word_1_472' title='bbox 1692 3287 1778 3343; x_wconf 90' lang='lat' dir='ltr'>illi</span> <span class='ocrx_word' id='word_1_473' title='bbox 1809 3295 1999 3343; x_wconf 88' lang='lat' dir='ltr'>autem</span> <span class='ocrx_word' id='word_1_474' title='bbox 2047 3289 2136 3343; x_wconf 91' lang='lat' dir='ltr'>in-</span> 
     </span>
    </p>
   </div>
   <div class='ocr_carea' id='block_1_65' title="bbox 503 3373 2136 3442">
    <p class='ocr_par' dir='ltr' id='par_1_65' title="bbox 503 3373 2136 3442">
     <span class='ocr_line' id='line_1_65' title="bbox 503 3373 2136 3442; baseline 0.005 -18"><span class='ocrx_word' id='word_1_475' title='bbox 503 3373 724 3424; x_wconf 86' lang='lat' dir='ltr'>stantes</span> <span class='ocrx_word' id='word_1_476' title='bbox 781 3386 912 3426; x_wconf 89' lang='lat' dir='ltr'>cum</span> <span class='ocrx_word' id='word_1_477' title='bbox 965 3388 1078 3426; x_wconf 90' lang='lat' dir='ltr'>non</span> <span class='ocrx_word' id='word_1_478' title='bbox 1127 3378 1366 3442; x_wconf 88' lang='lat' dir='ltr'>possent</span> <span class='ocrx_word' id='word_1_479' title='bbox 1413 3377 1801 3442; x_wconf 88' lang='lat' dir='ltr'>persuadere:</span> <span class='ocrx_word' id='word_1_480' title='bbox 1861 3384 2018 3432; x_wconf 88' lang='lat' dir='ltr'>stans</span> <span class='ocrx_word' id='word_1_481' title='bbox 2077 3378 2136 3432; x_wconf 89' lang='lat' dir='ltr'>in</span> 
     </span>
    </p>
   </div>
   <div class='ocr_carea' id='block_1_66' title="bbox 503 3459 2138 3535">
    <p class='ocr_par' dir='ltr' id='par_1_66' title="bbox 503 3459 2138 3535">
     <span class='ocr_line' id='line_1_66' title="bbox 503 3459 2138 3535; baseline 0.007 -23"><span class='ocrx_word' id='word_1_482' title='bbox 503 3459 694 3514; x_wconf 90' lang='lat' dir='ltr'>medio</span> <span class='ocrx_word' id='word_1_483' title='bbox 742 3476 940 3516; x_wconf 92' lang='lat' dir='ltr'>eorum</span> <span class='ocrx_word' id='word_1_484' title='bbox 997 3461 1086 3516; x_wconf 90' lang='lat' dir='ltr'>vir</span> <span class='ocrx_word' id='word_1_485' title='bbox 1141 3463 1396 3533; x_wconf 89' lang='lat' dir='ltr'>quidam,</span> <span class='ocrx_word' id='word_1_486' title='bbox 1433 3465 1664 3521; x_wconf 86' lang='lat' dir='ltr'>nomine</span> <span class='ocrx_word' id='word_1_487' title='bbox 1718 3466 2138 3535; x_wconf 89' lang='lat' dir='ltr'>Barchasanes,</span> 
     </span>
    </p>
   </div>
   <div class='ocr_carea' id='block_1_67' title="bbox 503 3549 2137 3625">
    <p class='ocr_par' dir='ltr' id='par_1_67' title="bbox 503 3549 2137 3625">
     <span class='ocr_line' id='line_1_67' title="bbox 503 3549 2137 3625; baseline 0.006 -22"><span class='ocrx_word' id='word_1_488' title='bbox 503 3563 710 3618; x_wconf 87' lang='lat' dir='ltr'>genere</span> <span class='ocrx_word' id='word_1_489' title='bbox 757 3549 1143 3620; x_wconf 90' lang='lat' dir='ltr'>clarissimus,</span> <span class='ocrx_word' id='word_1_490' title='bbox 1194 3552 1414 3607; x_wconf 89' lang='lat' dir='ltr'>divitiis</span> <span class='ocrx_word' id='word_1_491' title='bbox 1468 3554 1954 3625; x_wconf 88' lang='lat' dir='ltr'>copiosissimus:</span> <span class='ocrx_word' id='word_1_492' title='bbox 2005 3556 2137 3613; x_wconf 91' lang='lat' dir='ltr'>Vim</span> 
     </span>
    </p>
   </div>
   <div class='ocr_carea' id='block_1_68' title="bbox 503 3637 2141 3715">
    <p class='ocr_par' dir='ltr' id='par_1_68' title="bbox 503 3637 2141 3715">
     <span class='ocr_line' id='line_1_68' title="bbox 503 3637 2141 3715; baseline 0.009 -26"><span class='ocrx_word' id='word_1_493' title='bbox 503 3637 763 3706; x_wconf 89' lang='lat' dir='ltr'>quidem,</span> <span class='ocrx_word' id='word_1_494' title='bbox 797 3637 1011 3709; x_wconf 90' lang='lat' dir='ltr'>inquit,</span> <span class='ocrx_word' id='word_1_495' title='bbox 1045 3640 1095 3694; x_wconf 91' lang='lat' dir='ltr'>ei</span> <span class='ocrx_word' id='word_1_496' title='bbox 1138 3640 1341 3698; x_wconf 77' lang='lat' dir='ltr'>aﬂ&#39;erre</span> <span class='ocrx_word' id='word_1_497' title='bbox 1373 3648 1608 3715; x_wconf 89' lang='lat' dir='ltr'>propter</span> <span class='ocrx_word' id='word_1_498' title='bbox 1638 3647 1936 3715; x_wconf 88' lang='lat' dir='ltr'>pecunias,</span> <span class='ocrx_word' id='word_1_499' title='bbox 1971 3663 2001 3702; x_wconf 94' lang='grc' dir='ltr'>ο</span> <span class='ocrx_word' id='word_1_500' title='bbox 2035 3647 2141 3702; x_wconf 89' lang='lat' dir='ltr'>fra-</span> 
     </span>
    </p>
   </div>
   <div class='ocr_carea' id='block_1_69' title="bbox 501 3727 2138 3801">
    <p class='ocr_par' dir='ltr' id='par_1_69' title="bbox 501 3727 2138 3801">
     <span class='ocr_line' id='line_1_69' title="bbox 501 3727 2138 3801; baseline 0.008 -24"><span class='ocrx_word' id='word_1_501' title='bbox 501 3728 636 3791; x_wconf 89' lang='lat' dir='ltr'>tres,</span> <span class='ocrx_word' id='word_1_502' title='bbox 670 3741 860 3795; x_wconf 89' lang='lat' dir='ltr'>noque</span> <span class='ocrx_word' id='word_1_503' title='bbox 891 3730 980 3780; x_wconf 89' lang='lat' dir='ltr'>est</span> <span class='ocrx_word' id='word_1_504' title='bbox 1027 3727 1077 3780; x_wconf 90' lang='lat' dir='ltr'>ei</span> <span class='ocrx_word' id='word_1_505' title='bbox 1127 3729 1427 3794; x_wconf 87' lang='lat' dir='ltr'>decorum,</span> <span class='ocrx_word' id='word_1_506' title='bbox 1463 3747 1652 3801; x_wconf 88' lang='lat' dir='ltr'>neque</span> <span class='ocrx_word' id='word_1_507' title='bbox 1683 3734 1852 3788; x_wconf 91' lang='lat' dir='ltr'>nobis</span> <span class='ocrx_word' id='word_1_508' title='bbox 1902 3734 2138 3790; x_wconf 90' lang='lat' dir='ltr'>omnino</span> 
     </span>
    </p>
   </div>
   <div class='ocr_carea' id='block_1_70' title="bbox 505 3812 2140 3890">
    <p class='ocr_par' dir='ltr' id='par_1_70' title="bbox 505 3812 2140 3890">
     <span class='ocr_line' id='line_1_70' title="bbox 505 3812 2140 3890; baseline 0.007 -24"><span class='ocrx_word' id='word_1_509' title='bbox 505 3812 664 3866; x_wconf 87' lang='lat' dir='ltr'>utile.</span> <span class='ocrx_word' id='word_1_510' title='bbox 697 3813 858 3876; x_wconf 91' lang='lat' dir='ltr'>Quod</span> <span class='ocrx_word' id='word_1_511' title='bbox 907 3816 1098 3867; x_wconf 89' lang='lat' dir='ltr'>autem</span> <span class='ocrx_word' id='word_1_512' title='bbox 1133 3815 1356 3879; x_wconf 87' lang='lat' dir='ltr'>datum,</span> <span class='ocrx_word' id='word_1_513' title='bbox 1391 3833 1507 3872; x_wconf 92' lang='lat' dir='ltr'>non</span> <span class='ocrx_word' id='word_1_514' title='bbox 1562 3817 1698 3874; x_wconf 90' lang='lat' dir='ltr'>licet</span> <span class='ocrx_word' id='word_1_515' title='bbox 1747 3821 2053 3890; x_wconf 90' lang='lat' dir='ltr'>deponere,</span> <span class='ocrx_word' id='word_1_516' title='bbox 2087 3829 2140 3877; x_wconf 88' lang='lat' dir='ltr'>et</span> 
     </span>
    </p>
   </div>
   <div class='ocr_carea' id='block_1_71' title="bbox 503 3900 2139 3971">
    <p class='ocr_par' dir='ltr' id='par_1_71' title="bbox 503 3900 2139 3971">
     <span class='ocr_line' id='line_1_71' title="bbox 503 3900 2139 3971; baseline 0.007 -18"><span class='ocrx_word' id='word_1_517' title='bbox 503 3901 659 3970; x_wconf 89' lang='lat' dir='ltr'>quod</span> <span class='ocrx_word' id='word_1_518' title='bbox 691 3900 742 3954; x_wconf 94' lang='lat' dir='ltr'>ei</span> <span class='ocrx_word' id='word_1_519' title='bbox 774 3900 960 3971; x_wconf 88' lang='lat' dir='ltr'>magis</span> <span class='ocrx_word' id='word_1_520' title='bbox 981 3902 1119 3956; x_wconf 89' lang='lat' dir='ltr'>dant</span> <span class='ocrx_word' id='word_1_521' title='bbox 1151 3919 1268 3958; x_wconf 74' lang='lat' dir='ltr'>suae</span> <span class='ocrx_word' id='word_1_522' title='bbox 1301 3905 1575 3970; x_wconf 86' lang='lat' dir='ltr'>actiones,</span> <span class='ocrx_word' id='word_1_523' title='bbox 1607 3906 1763 3962; x_wconf 86' lang='lat' dir='ltr'>istud</span> <span class='ocrx_word' id='word_1_524' title='bbox 1797 3914 1884 3964; x_wconf 88' lang='lat' dir='ltr'>est</span> <span class='ocrx_word' id='word_1_525' title='bbox 1905 3927 1938 3964; x_wconf 90' lang='lat' dir='ltr'>a</span> <span class='ocrx_word' id='word_1_526' title='bbox 1969 3910 2139 3966; x_wconf 90' lang='lat' dir='ltr'>nobis</span> 
     </span>
    </p>
   </div>
   <div class='ocr_carea' id='block_1_72' title="bbox 505 3988 2138 4068">
    <p class='ocr_par' dir='ltr' id='par_1_72' title="bbox 505 3988 2138 4068">
     <span class='ocr_line' id='line_1_72' title="bbox 505 3988 2138 4068; baseline 0.008 -27"><span class='ocrx_word' id='word_1_527' title='bbox 505 3988 914 4059; x_wconf 70' lang='lat' dir='ltr'>praestandum.</span> <span class='ocrx_word' id='word_1_528' title='bbox 949 3994 1337 4047; x_wconf 89' lang='lat' dir='ltr'>Decernemus</span> <span class='ocrx_word' id='word_1_529' title='bbox 1366 4008 1498 4048; x_wconf 91' lang='lat' dir='ltr'>eum</span> <span class='ocrx_word' id='word_1_530' title='bbox 1531 3995 1828 4051; x_wconf 88' lang='lat' dir='ltr'>nominare</span> <span class='ocrx_word' id='word_1_531' title='bbox 1860 3997 2138 4068; x_wconf 58' lang='lat' dir='ltr'>aqualem</span> 
     </span>
    </p>
   </div>
   <div class='ocr_carea' id='block_1_73' title="bbox 505 4076 2140 4150">
    <p class='ocr_par' dir='ltr' id='par_1_73' title="bbox 505 4076 2140 4150">
     <span class='ocr_line' id='line_1_73' title="bbox 505 4076 2140 4150; baseline 0.01 -21"><span class='ocrx_word' id='word_1_532' title='bbox 505 4076 805 4145; x_wconf 80' lang='lat' dir='ltr'>apostolis.</span> <span class='ocrx_word' id='word_1_533' title='bbox 839 4077 1033 4150; x_wconf 90' lang='lat' dir='ltr'>Neque</span> <span class='ocrx_word' id='word_1_534' title='bbox 1062 4081 1216 4136; x_wconf 90' lang='lat' dir='ltr'>enim</span> <span class='ocrx_word' id='word_1_535' title='bbox 1245 4080 1430 4137; x_wconf 92' lang='lat' dir='ltr'>ullum</span> <span class='ocrx_word' id='word_1_536' title='bbox 1461 4081 1641 4138; x_wconf 89' lang='lat' dir='ltr'>alium</span> <span class='ocrx_word' id='word_1_537' title='bbox 1664 4085 1884 4142; x_wconf 89' lang='lat' dir='ltr'>scimus</span> <span class='ocrx_word' id='word_1_538' title='bbox 1914 4091 2140 4145; x_wconf 88' lang='lat' dir='ltr'>tantum</span> 
     </span>
    </p>
   </div>
   <div class='ocr_carea' id='block_1_74' title="bbox 511 4167 2135 4247">
    <p class='ocr_par' dir='ltr' id='par_1_74' title="bbox 511 4167 2135 4247">
     <span class='ocr_line' id='line_1_74' title="bbox 511 4167 2135 4247; baseline 0.01 -30"><span class='ocrx_word' id='word_1_539' title='bbox 511 4168 672 4218; x_wconf 64' lang='lat' dir='ltr'>terra</span> <span class='ocrx_word' id='word_1_540' title='bbox 704 4169 759 4220; x_wconf 88' lang='lat' dir='ltr'>et</span> <span class='ocrx_word' id='word_1_541' title='bbox 791 4167 967 4222; x_wconf 88' lang='lat' dir='ltr'>maris</span> <span class='ocrx_word' id='word_1_542' title='bbox 999 4168 1232 4236; x_wconf 86' lang='lat' dir='ltr'>obiisse,</span> <span class='ocrx_word' id='word_1_543' title='bbox 1268 4175 1330 4224; x_wconf 88' lang='lat' dir='ltr'>ut</span> <span class='ocrx_word' id='word_1_544' title='bbox 1376 4187 1576 4229; x_wconf 90' lang='lat' dir='ltr'>curam</span> <span class='ocrx_word' id='word_1_545' title='bbox 1617 4181 1837 4245; x_wconf 87' lang='lat' dir='ltr'>gereret</span> <span class='ocrx_word' id='word_1_546' title='bbox 1869 4179 2135 4247; x_wconf 88' lang='lat' dir='ltr'>fratrum,</span> 
     </span>
    </p>
   </div>
   <div class='ocr_carea' id='block_1_75' title="bbox 509 4252 2138 4340">
    <p class='ocr_par' dir='ltr' id='par_1_75' title="bbox 509 4252 2138 4340">
     <span class='ocr_line' id='line_1_75' title="bbox 509 4252 2138 4340; baseline 0.012 -34"><span class='ocrx_word' id='word_1_547' title='bbox 509 4252 624 4308; x_wconf 90' lang='lat' dir='ltr'>nisi</span> <span class='ocrx_word' id='word_1_548' title='bbox 655 4271 919 4311; x_wconf 89' lang='lat' dir='ltr'>summos</span> <span class='ocrx_word' id='word_1_549' title='bbox 965 4257 1179 4314; x_wconf 89' lang='lat' dir='ltr'>Christi</span> <span class='ocrx_word' id='word_1_550' title='bbox 1211 4259 1549 4332; x_wconf 89' lang='lat' dir='ltr'>discipulos,</span> <span class='ocrx_word' id='word_1_551' title='bbox 1584 4280 1726 4335; x_wconf 87' lang='lat' dir='ltr'>quos</span> <span class='ocrx_word' id='word_1_552' title='bbox 1753 4266 2138 4340; x_wconf 69' lang='lat' dir='ltr'>quidem‘ipse</span> 
     </span>
    </p>
   </div>
   <div class='ocr_carea' id='block_1_76' title="bbox 505 4346 2138 4419">
    <p class='ocr_par' dir='ltr' id='par_1_76' title="bbox 505 4346 2138 4419">
     <span class='ocr_line' id='line_1_76' title="bbox 505 4346 2138 4419; baseline 0.01 -22"><span class='ocrx_word' id='word_1_553' title='bbox 505 4346 594 4397; x_wconf 84' lang='lat' dir='ltr'>est</span> <span class='ocrx_word' id='word_1_554' title='bbox 618 4349 870 4400; x_wconf 88' lang='lat' dir='ltr'>secutus.</span> <span class='ocrx_word' id='word_1_555' title='bbox 889 4346 1018 4401; x_wconf 67' lang='lat' dir='ltr'>Haec</span> <span class='ocrx_word' id='word_1_556' title='bbox 1044 4347 1140 4403; x_wconf 84' lang='lat' dir='ltr'>ille</span> <span class='ocrx_word' id='word_1_557' title='bbox 1156 4349 1391 4419; x_wconf 90' lang='lat' dir='ltr'>quidem</span> <span class='ocrx_word' id='word_1_558' title='bbox 1413 4352 1714 4408; x_wconf 87' lang='lat' dir='ltr'>:omnibus</span> <span class='ocrx_word' id='word_1_559' title='bbox 1733 4361 1925 4411; x_wconf 90' lang='lat' dir='ltr'>autem</span> <span class='ocrx_word' id='word_1_560' title='bbox 1949 4358 2138 4413; x_wconf 88' lang='lat' dir='ltr'>visum</span> 
     </span>
    </p>
   </div>
   <div class='ocr_carea' id='block_1_77' title="bbox 505 4431 2136 4514">
    <p class='ocr_par' dir='ltr' id='par_1_77' title="bbox 505 4431 2136 4514">
     <span class='ocr_line' id='line_1_77' title="bbox 505 4431 2136 4514; baseline 0.011 -29"><span class='ocrx_word' id='word_1_561' title='bbox 505 4435 594 4486; x_wconf 89' lang='lat' dir='ltr'>est</span> <span class='ocrx_word' id='word_1_562' title='bbox 624 4431 702 4486; x_wconf 89' lang='lat' dir='ltr'>ita</span> <span class='ocrx_word' id='word_1_563' title='bbox 732 4448 860 4488; x_wconf 87' lang='lat' dir='ltr'>esse</span> <span class='ocrx_word' id='word_1_564' title='bbox 893 4434 1242 4490; x_wconf 87' lang='lat' dir='ltr'>faciendum.</span> <span class='ocrx_word' id='word_1_565' title='bbox 1278 4437 1489 4508; x_wconf 89' lang='lat' dir='ltr'>Sicque</span> <span class='ocrx_word' id='word_1_566' title='bbox 1521 4439 1590 4493; x_wconf 89' lang='lat' dir='ltr'>ab</span> <span class='ocrx_word' id='word_1_567' title='bbox 1622 4440 1720 4496; x_wconf 89' lang='lat' dir='ltr'>illo</span> <span class='ocrx_word' id='word_1_568' title='bbox 1753 4450 2008 4514; x_wconf 89' lang='lat' dir='ltr'>tempore</span> <span class='ocrx_word' id='word_1_569' title='bbox 2040 4463 2136 4502; x_wconf 85' lang='lat' dir='ltr'>ac-</span> 
     </span>
    </p>
   </div>
   <div class='ocr_carea' id='block_1_78' title="bbox 504 4519 2134 4595">
    <p class='ocr_par' dir='ltr' id='par_1_78' title="bbox 504 4519 2134 4595">
     <span class='ocr_line' id='line_1_78' title="bbox 504 4519 2134 4595; baseline 0.01 -23"><span class='ocrx_word' id='word_1_570' title='bbox 504 4519 654 4589; x_wconf 90' lang='lat' dir='ltr'>cepit</span> <span class='ocrx_word' id='word_1_571' title='bbox 675 4519 827 4576; x_wconf 88' lang='lat' dir='ltr'>hanc</span> <span class='ocrx_word' id='word_1_572' title='bbox 848 4521 1400 4592; x_wconf 88' lang='lat' dir='ltr'>denominationem,</span> <span class='ocrx_word' id='word_1_573' title='bbox 1431 4526 1529 4595; x_wconf 91' lang='lat' dir='ltr'>qui</span> <span class='ocrx_word' id='word_1_574' title='bbox 1553 4528 1723 4584; x_wconf 88' lang='lat' dir='ltr'>etiam</span> <span class='ocrx_word' id='word_1_575' title='bbox 1748 4535 1880 4588; x_wconf 88' lang='lat' dir='ltr'>ante</span> <span class='ocrx_word' id='word_1_576' title='bbox 1901 4532 2134 4589; x_wconf 91' lang='lat' dir='ltr'>illorum</span> 
     </span>
    </p>
   </div>
   <div class='ocr_carea' id='block_1_79' title="bbox 506 4607 2137 4684">
    <p class='ocr_par' dir='ltr' id='par_1_79' title="bbox 506 4607 2137 4684">
     <span class='ocr_line' id='line_1_79' title="bbox 506 4607 2137 4684; baseline 0.011 -22"><span class='ocrx_word' id='word_1_577' title='bbox 506 4607 857 4664; x_wconf 88' lang='lat' dir='ltr'>sententiam</span> <span class='ocrx_word' id='word_1_578' title='bbox 918 4609 1068 4666; x_wconf 84' lang='lat' dir='ltr'>hanc</span> <span class='ocrx_word' id='word_1_579' title='bbox 1123 4616 1244 4667; x_wconf 88' lang='lat' dir='ltr'>erat</span> <span class='ocrx_word' id='word_1_580' title='bbox 1300 4612 1442 4684; x_wconf 88' lang='lat' dir='ltr'>ipsis</span> <span class='ocrx_word' id='word_1_581' title='bbox 1502 4616 1670 4673; x_wconf 85' lang='lat' dir='ltr'>factis</span> <span class='ocrx_word' id='word_1_582' title='bbox 1700 4621 1959 4678; x_wconf 89' lang='lat' dir='ltr'>sortitus.</span> <span class='ocrx_word' id='word_1_583' title='bbox 1993 4623 2137 4680; x_wconf 91' lang='lat' dir='ltr'>Cum</span> 
     </span>
    </p>
   </div>
   <div class='ocr_carea' id='block_1_80' title="bbox 504 4695 2135 4779">
    <p class='ocr_par' dir='ltr' id='par_1_80' title="bbox 504 4695 2135 4779">
     <span class='ocr_line' id='line_1_80' title="bbox 504 4695 2135 4779; baseline 0.01 -29"><span class='ocrx_word' id='word_1_584' title='bbox 504 4695 664 4751; x_wconf 91' lang='lat' dir='ltr'>illinc</span> <span class='ocrx_word' id='word_1_585' title='bbox 693 4712 825 4767; x_wconf 85' lang='lat' dir='ltr'>ergo</span> <span class='ocrx_word' id='word_1_586' title='bbox 849 4698 1207 4766; x_wconf 84' lang='lat' dir='ltr'>recessisset,</span> <span class='ocrx_word' id='word_1_587' title='bbox 1240 4704 1294 4756; x_wconf 92' lang='lat' dir='ltr'>et</span> <span class='ocrx_word' id='word_1_588' title='bbox 1322 4701 1382 4756; x_wconf 93' lang='lat' dir='ltr'>in</span> <span class='ocrx_word' id='word_1_589' title='bbox 1411 4705 1658 4775; x_wconf 88' lang='lat' dir='ltr'>utraque</span> <span class='ocrx_word' id='word_1_590' title='bbox 1689 4707 1890 4764; x_wconf 85' lang='lat' dir='ltr'>fuisset</span> <span class='ocrx_word' id='word_1_591' title='bbox 1917 4709 2135 4779; x_wconf 87' lang='lat' dir='ltr'>Cilicia,</span> 
     </span>
    </p>
   </div>
   <div class='ocr_carea' id='block_1_81' title="bbox 502 4786 2136 4870">
    <p class='ocr_par' dir='ltr' id='par_1_81' title="bbox 502 4786 2136 4870">
     <span class='ocr_line' id='line_1_81' title="bbox 502 4786 2136 4870; baseline 0.01 -31"><span class='ocrx_word' id='word_1_592' title='bbox 502 4789 560 4840; x_wconf 88' lang='lat' dir='ltr'>et</span> <span class='ocrx_word' id='word_1_593' title='bbox 595 4786 934 4857; x_wconf 81' lang='lat' dir='ltr'>Lycaoniam</span> <span class='ocrx_word' id='word_1_594' title='bbox 966 4789 1228 4859; x_wconf 87' lang='lat' dir='ltr'>obiisset,</span> <span class='ocrx_word' id='word_1_595' title='bbox 1259 4794 1316 4845; x_wconf 89' lang='lat' dir='ltr'>et</span> <span class='ocrx_word' id='word_1_596' title='bbox 1348 4791 1638 4862; x_wconf 88' lang='lat' dir='ltr'>Pisidiam,</span> <span class='ocrx_word' id='word_1_597' title='bbox 1671 4797 1828 4852; x_wconf 88' lang='lat' dir='ltr'>venit</span> <span class='ocrx_word' id='word_1_598' title='bbox 1856 4799 2136 4870; x_wconf 83' lang='lat' dir='ltr'>Synadem</span> 
     </span>
    </p>
   </div>
   <div class='ocr_carea' id='block_1_82' title="bbox 502 4873 2136 4957">
    <p class='ocr_par' dir='ltr' id='par_1_82' title="bbox 502 4873 2136 4957">
     <span class='ocr_line' id='line_1_82' title="bbox 502 4873 2136 4957; baseline 0.01 -30"><span class='ocrx_word' id='word_1_599' title='bbox 502 4873 760 4946; x_wconf 69' lang='lat' dir='ltr'>Phrygiae</span> <span class='ocrx_word' id='word_1_600' title='bbox 792 4877 1176 4949; x_wconf 88' lang='lat' dir='ltr'>metropolim.</span> <span class='ocrx_word' id='word_1_601' title='bbox 1235 4879 1496 4951; x_wconf 89' lang='lat' dir='ltr'>Hospitio</span> <span class='ocrx_word' id='word_1_602' title='bbox 1554 4887 1747 4941; x_wconf 87' lang='lat' dir='ltr'>autem</span> <span class='ocrx_word' id='word_1_603' title='bbox 1795 4892 2061 4957; x_wconf 88' lang='lat' dir='ltr'>acceptus</span> <span class='ocrx_word' id='word_1_604' title='bbox 2103 4907 2136 4944; x_wconf 89' lang='lat' dir='ltr'>a</span> 
     </span>
    </p>
   </div>
   <div class='ocr_carea' id='block_1_83' title="bbox 501 4964 2134 5043">
    <p class='ocr_par' dir='ltr' id='par_1_83' title="bbox 501 4964 2134 5043">
     <span class='ocr_line' id='line_1_83' title="bbox 501 4964 2134 5043; baseline 0.01 -25"><span class='ocrx_word' id='word_1_605' title='bbox 501 4964 851 5034; x_wconf 89' lang='lat' dir='ltr'>quibusdam</span> <span class='ocrx_word' id='word_1_606' title='bbox 884 4981 952 5020; x_wconf 82' lang='lat' dir='ltr'>ex</span> <span class='ocrx_word' id='word_1_607' title='bbox 999 4967 1092 5037; x_wconf 91' lang='lat' dir='ltr'>iis,</span> <span class='ocrx_word' id='word_1_608' title='bbox 1124 4969 1224 5039; x_wconf 91' lang='lat' dir='ltr'>qui</span> <span class='ocrx_word' id='word_1_609' title='bbox 1252 4967 1372 5025; x_wconf 91' lang='lat' dir='ltr'>illic</span> <span class='ocrx_word' id='word_1_610' title='bbox 1402 4975 1566 5026; x_wconf 88' lang='lat' dir='ltr'>erant</span> <span class='ocrx_word' id='word_1_611' title='bbox 1603 4973 1965 5043; x_wconf 88' lang='lat' dir='ltr'>Christianis,</span> <span class='ocrx_word' id='word_1_612' title='bbox 2000 4994 2134 5034; x_wconf 90' lang='lat' dir='ltr'>cum</span> 
     </span>
    </p>
   </div>
   <div class='ocr_carea' id='block_1_84' title="bbox 500 5059 2136 5125">
    <p class='ocr_par' dir='ltr' id='par_1_84' title="bbox 500 5059 2136 5125">
     <span class='ocr_line' id='line_1_84' title="bbox 500 5059 2136 5125; baseline 0.01 -18"><span class='ocrx_word' id='word_1_613' title='bbox 500 5068 562 5108; x_wconf 90' lang='lat' dir='ltr'>se</span> <span class='ocrx_word' id='word_1_614' title='bbox 593 5068 907 5125; x_wconf 89' lang='lat' dir='ltr'>parumper</span> <span class='ocrx_word' id='word_1_615' title='bbox 936 5061 1276 5124; x_wconf 86' lang='lat' dir='ltr'>recreasset,</span> <span class='ocrx_word' id='word_1_616' title='bbox 1307 5059 1374 5113; x_wconf 88' lang='lat' dir='ltr'>ad</span> <span class='ocrx_word' id='word_1_617' title='bbox 1435 5075 1603 5116; x_wconf 89' lang='lat' dir='ltr'>suam</span> <span class='ocrx_word' id='word_1_618' title='bbox 1661 5067 1955 5122; x_wconf 89' lang='lat' dir='ltr'>contendit</span> <span class='ocrx_word' id='word_1_619' title='bbox 1993 5067 2136 5123; x_wconf 90' lang='lat' dir='ltr'>civi-</span> 
     </span>
    </p>
   </div>
   <div class='ocr_carea' id='block_1_85' title="bbox 505 5143 702 5196">
    <p class='ocr_par' dir='ltr' id='par_1_85' title="bbox 505 5143 702 5196">
     <span class='ocr_line' id='line_1_85' title="bbox 505 5143 702 5196; baseline 0.005 -2"><span class='ocrx_word' id='word_1_620' title='bbox 505 5143 702 5196; x_wconf 87' lang='lat' dir='ltr'>tatem.</span> 
     </span>
    </p>
   </div>
   <div class='ocr_carea' id='block_1_86' title="bbox 570 5227 2129 5314">
    <p class='ocr_par' dir='ltr' id='par_1_86' title="bbox 570 5227 2129 5314">
     <span class='ocr_line' id='line_1_86' title="bbox 570 5227 2129 5314; baseline 0.012 -32"><span class='ocrx_word' id='word_1_621' title='bbox 570 5227 790 5286; x_wconf 87' lang='lat' dir='ltr'>XXVII.</span> <span class='ocrx_word' id='word_1_622' title='bbox 833 5231 974 5286; x_wconf 87' lang='lat' dir='ltr'>Cum</span> <span class='ocrx_word' id='word_1_623' title='bbox 1029 5233 1221 5304; x_wconf 89' lang='lat' dir='ltr'>itaque</span> <span class='ocrx_word' id='word_1_624' title='bbox 1265 5239 1464 5292; x_wconf 70' lang='lat' dir='ltr'>aestate</span> <span class='ocrx_word' id='word_1_625' title='bbox 1506 5240 1759 5294; x_wconf 89' lang='lat' dir='ltr'>venisset</span> <span class='ocrx_word' id='word_1_626' title='bbox 1801 5242 1871 5295; x_wconf 90' lang='lat' dir='ltr'>ad</span> <span class='ocrx_word' id='word_1_627' title='bbox 1913 5243 2129 5314; x_wconf 89' lang='lat' dir='ltr'>locum,</span> 
     </span>
    </p>
   </div>
   <div class='ocr_carea' id='block_1_87' title="bbox 500 5316 2129 5401">
    <p class='ocr_par' dir='ltr' id='par_1_87' title="bbox 500 5316 2129 5401">
     <span class='ocr_line' id='line_1_87' title="bbox 500 5316 2129 5401; baseline 0.012 -30"><span class='ocrx_word' id='word_1_628' title='bbox 500 5316 601 5388; x_wconf 91' lang='lat' dir='ltr'>qui</span> <span class='ocrx_word' id='word_1_629' title='bbox 633 5317 849 5374; x_wconf 89' lang='lat' dir='ltr'>dicitur</span> <span class='ocrx_word' id='word_1_630' title='bbox 882 5320 1087 5391; x_wconf 89' lang='lat' dir='ltr'>Aulon,</span> <span class='ocrx_word' id='word_1_631' title='bbox 1121 5323 1272 5379; x_wconf 87' lang='lat' dir='ltr'>sedit</span> <span class='ocrx_word' id='word_1_632' title='bbox 1318 5325 1377 5379; x_wconf 91' lang='lat' dir='ltr'>in</span> <span class='ocrx_word' id='word_1_633' title='bbox 1412 5329 1574 5395; x_wconf 91' lang='lat' dir='ltr'>petra</span> <span class='ocrx_word' id='word_1_634' title='bbox 1604 5330 1950 5401; x_wconf 89' lang='lat' dir='ltr'>propinqua.</span> <span class='ocrx_word' id='word_1_635' title='bbox 1985 5333 2129 5390; x_wconf 89' lang='lat' dir='ltr'>Cum</span> 
     </span>
    </p>
   </div>
   <div class='ocr_carea' id='block_1_88' title="bbox 499 5409 2129 5483">
    <p class='ocr_par' dir='ltr' id='par_1_88' title="bbox 499 5409 2129 5483">
     <span class='ocr_line' id='line_1_88' title="bbox 499 5409 2129 5483; baseline 0.012 -24"><span class='ocrx_word' id='word_1_636' title='bbox 499 5409 695 5461; x_wconf 88' lang='lat' dir='ltr'>autem</span> <span class='ocrx_word' id='word_1_637' title='bbox 728 5411 785 5462; x_wconf 89' lang='lat' dir='ltr'>et</span> <span class='ocrx_word' id='word_1_638' title='bbox 815 5414 1020 5465; x_wconf 89' lang='lat' dir='ltr'>ventus</span> <span class='ocrx_word' id='word_1_639' title='bbox 1061 5413 1310 5483; x_wconf 89' lang='lat' dir='ltr'>spiraret</span> <span class='ocrx_word' id='word_1_640' title='bbox 1338 5413 1389 5468; x_wconf 91' lang='lat' dir='ltr'>ei</span> <span class='ocrx_word' id='word_1_641' title='bbox 1421 5414 1720 5482; x_wconf 88' lang='lat' dir='ltr'>adversus,</span> <span class='ocrx_word' id='word_1_642' title='bbox 1754 5422 1810 5472; x_wconf 90' lang='lat' dir='ltr'>et</span> <span class='ocrx_word' id='word_1_643' title='bbox 1837 5436 1869 5473; x_wconf 88' lang='lat' dir='ltr'>a</span> <span class='ocrx_word' id='word_1_644' title='bbox 1897 5423 2129 5480; x_wconf 90' lang='lat' dir='ltr'>rusticis</span> 
     </span>
    </p>
   </div>
   <div class='ocr_carea' id='block_1_89' title="bbox 498 5493 2128 5568">
    <p class='ocr_par' dir='ltr' id='par_1_89' title="bbox 498 5493 2128 5568">
     <span class='ocr_line' id='line_1_89' title="bbox 498 5493 2128 5568; baseline 0.014 -22"><span class='ocrx_word' id='word_1_645' title='bbox 498 5493 853 5551; x_wconf 87' lang='lat' dir='ltr'>frumentum</span> <span class='ocrx_word' id='word_1_646' title='bbox 905 5496 964 5551; x_wconf 92' lang='lat' dir='ltr'>iu</span> <span class='ocrx_word' id='word_1_647' title='bbox 1023 5515 1154 5556; x_wconf 88' lang='lat' dir='ltr'>arca</span> <span class='ocrx_word' id='word_1_648' title='bbox 1208 5502 1601 5568; x_wconf 85' lang='lat' dir='ltr'>ventilaretur,</span> <span class='ocrx_word' id='word_1_649' title='bbox 1631 5507 1688 5558; x_wconf 89' lang='lat' dir='ltr'>et</span> <span class='ocrx_word' id='word_1_650' title='bbox 1742 5521 1884 5564; x_wconf 90' lang='lat' dir='ltr'>aura</span> <span class='ocrx_word' id='word_1_651' title='bbox 1921 5515 2128 5568; x_wconf 89' lang='lat' dir='ltr'>tenues</span> 
     </span>
    </p>
   </div>
   <div class='ocr_carea' id='block_1_90' title="bbox 496 5579 2128 5672">
    <p class='ocr_par' dir='ltr' id='par_1_90' title="bbox 496 5579 2128 5672">
     <span class='ocr_line' id='line_1_90' title="bbox 496 5579 2128 5672; baseline 0.015 -39"><span class='ocrx_word' id='word_1_652' title='bbox 496 5579 706 5672; x_wconf 70' lang='lat' dir='ltr'>paleas</span> <span class='ocrx_word' id='word_1_653' title='bbox 745 5585 1024 5653; x_wconf 84' lang='lat' dir='ltr'>excitans,</span> <span class='ocrx_word' id='word_1_654' title='bbox 1057 5588 1115 5643; x_wconf 90' lang='lat' dir='ltr'>in</span> <span class='ocrx_word' id='word_1_655' title='bbox 1145 5592 1332 5646; x_wconf 86' lang='lat' dir='ltr'>sancti</span> <span class='ocrx_word' id='word_1_656' title='bbox 1360 5591 1583 5646; x_wconf 87' lang='lat' dir='ltr'>vultum</span> <span class='ocrx_word' id='word_1_657' title='bbox 1615 5593 1944 5667; x_wconf 86' lang='lat' dir='ltr'>projiceret,</span> <span class='ocrx_word' id='word_1_658' title='bbox 1967 5605 2128 5672; x_wconf 84' lang='lat' dir='ltr'>rogat</span> 
     </span>
    </p>
   </div>
   <div class='ocr_carea' id='block_1_91' title="bbox 495 5667 2125 5752">
    <p class='ocr_par' dir='ltr' id='par_1_91' title="bbox 495 5667 2125 5752">
     <span class='ocr_line' id='line_1_91' title="bbox 495 5667 2125 5752; baseline 0.014 -31"><span class='ocrx_word' id='word_1_659' title='bbox 495 5667 800 5741; x_wconf 83' lang='lat' dir='ltr'>agricolas,</span> <span class='ocrx_word' id='word_1_660' title='bbox 825 5678 888 5730; x_wconf 91' lang='lat' dir='ltr'>ut</span> <span class='ocrx_word' id='word_1_661' title='bbox 923 5673 1184 5735; x_wconf 82' lang='lat' dir='ltr'>laborem</span> <span class='ocrx_word' id='word_1_662' title='bbox 1214 5680 1582 5752; x_wconf 84' lang='lat' dir='ltr'>aliquantum</span> <span class='ocrx_word' id='word_1_663' title='bbox 1620 5681 2001 5745; x_wconf 87' lang='lat' dir='ltr'>remitterent.</span> <span class='ocrx_word' id='word_1_664' title='bbox 2033 5667 2125 5746; x_wconf 65' lang='lat' dir='ltr'>illi</span> 
     </span>
    </p>
   </div>
   <div class='ocr_carea' id='block_1_92' title="bbox 2251 3279 3902 3361">
    <p class='ocr_par' dir='ltr' id='par_1_92' title="bbox 2251 3279 3902 3361">
     <span class='ocr_line' id='line_1_92' title="bbox 2251 3279 3902 3361; baseline -0.001 -21"><span class='ocrx_word' id='word_1_665' title='bbox 2251 3306 2340 3360; x_wconf 86' lang='grc' dir='ltr'>ρας</span> <span class='ocrx_word' id='word_1_666' title='bbox 2371 3284 2610 3361; x_wconf 80' lang='grc' dir='ltr'>ἐχόμενα</span> <span class='ocrx_word' id='word_1_667' title='bbox 2639 3286 2775 3359; x_wconf 89' lang='grc' dir='ltr'>πρὸς</span> <span class='ocrx_word' id='word_1_668' title='bbox 2817 3286 2879 3340; x_wconf 87' lang='grc' dir='ltr'>τὸ</span> <span class='ocrx_word' id='word_1_669' title='bbox 2913 3279 3104 3338; x_wconf 78' lang='grc' dir='ltr'>λαϐεῖν</span> <span class='ocrx_word' id='word_1_670' title='bbox 3135 3283 3390 3360; x_wconf 66' lang='grc' dir='ltr'>ἀφορμῆς</span> <span class='ocrx_word' id='word_1_671' title='bbox 3426 3302 3438 3314; x_wconf 89' lang='grc'><strong>·</strong></span> <span class='ocrx_word' id='word_1_672' title='bbox 3471 3285 3523 3339; x_wconf 75' lang='grc' dir='ltr'>οἱ</span> <span class='ocrx_word' id='word_1_673' title='bbox 3555 3282 3612 3339; x_wconf 67' lang='grc' dir='ltr'>δὲ</span> <span class='ocrx_word' id='word_1_674' title='bbox 3650 3285 3902 3361; x_wconf 86' lang='grc' dir='ltr'>προσκεί-</span> 
     </span>
    </p>
   </div>
   <div class='ocr_carea' id='block_1_93' title="bbox 2253 3371 3900 3449">
    <p class='ocr_par' dir='ltr' id='par_1_93' title="bbox 2253 3371 3900 3449">
     <span class='ocr_line' id='line_1_93' title="bbox 2253 3371 3900 3449; baseline 0 -21"><span class='ocrx_word' id='word_1_675' title='bbox 2253 3395 2405 3446; x_wconf 76' lang='grc' dir='ltr'>μενοι.</span> <span class='ocrx_word' id='word_1_676' title='bbox 2473 3375 2677 3428; x_wconf 80' lang='grc' dir='ltr'>πείθειν</span> <span class='ocrx_word' id='word_1_677' title='bbox 2732 3372 2829 3428; x_wconf 75' lang='grc' dir='ltr'>οὐκ</span> <span class='ocrx_word' id='word_1_678' title='bbox 2877 3375 3052 3449; x_wconf 79' lang='grc' dir='ltr'>εἶχον,</span> <span class='ocrx_word' id='word_1_679' title='bbox 3091 3371 3167 3432; x_wconf 72' lang='grc' dir='ltr'>είς</span> <span class='ocrx_word' id='word_1_680' title='bbox 3229 3374 3390 3444; x_wconf 85' lang='grc' dir='ltr'>μέσον</span> <span class='ocrx_word' id='word_1_681' title='bbox 3423 3395 3503 3436; x_wconf 89' lang='grc' dir='ltr'>τις</span> <span class='ocrx_word' id='word_1_682' title='bbox 3537 3374 3687 3447; x_wconf 73' lang='grc' dir='ltr'>αὐτῷ</span> <span class='ocrx_word' id='word_1_683' title='bbox 3735 3394 3900 3428; x_wconf 81' lang='grc' dir='ltr'>κατα-</span> 
     </span>
    </p>
   </div>
   <div class='ocr_carea' id='block_1_94' title="bbox 2250 3459 3902 3541">
    <p class='ocr_par' dir='ltr' id='par_1_94' title="bbox 2250 3459 3902 3541">
     <span class='ocr_line' id='line_1_94' title="bbox 2250 3459 3902 3541; baseline 0 -23"><span class='ocrx_word' id='word_1_684' title='bbox 2250 3465 2376 3526; x_wconf 73' lang='grc' dir='ltr'>στὰς</span> <span class='ocrx_word' id='word_1_685' title='bbox 2407 3463 2769 3541; x_wconf 76' lang='grc' dir='ltr'>Βαρχασάνης</span> <span class='ocrx_word' id='word_1_686' title='bbox 2801 3459 2973 3536; x_wconf 74' lang='grc' dir='ltr'>ὄνομα</span> <span class='ocrx_word' id='word_1_687' title='bbox 2994 3481 3008 3494; x_wconf 74' lang='grc'><strong><em>⁸</em></strong></span> <span class='ocrx_word' id='word_1_688' title='bbox 3041 3462 3173 3537; x_wconf 75' lang='grc' dir='ltr'>ἀνὴρ</span> <span class='ocrx_word' id='word_1_689' title='bbox 3203 3462 3264 3516; x_wconf 89' lang='grc' dir='ltr'>τὸ</span> <span class='ocrx_word' id='word_1_690' title='bbox 3296 3464 3453 3539; x_wconf 84' lang='grc' dir='ltr'>γένος</span> <span class='ocrx_word' id='word_1_691' title='bbox 3487 3463 3902 3539; x_wconf 83' lang='grc' dir='ltr'>λαμπρότατος,</span> 
     </span>
    </p>
   </div>
   <div class='ocr_carea' id='block_1_95' title="bbox 2248 3550 3901 3632">
    <p class='ocr_par' dir='ltr' id='par_1_95' title="bbox 2248 3550 3901 3632">
     <span class='ocr_line' id='line_1_95' title="bbox 2248 3550 3901 3632; baseline -0.002 -22"><span class='ocrx_word' id='word_1_692' title='bbox 2248 3555 2339 3610; x_wconf 83' lang='grc' dir='ltr'>τὸν</span> <span class='ocrx_word' id='word_1_693' title='bbox 2371 3553 2610 3608; x_wconf 82' lang='grc' dir='ltr'>πλοῦτον</span> <span class='ocrx_word' id='word_1_694' title='bbox 2650 3550 3082 3628; x_wconf 77' lang='grc' dir='ltr'>διαφορώτατος,</span> <span class='ocrx_word' id='word_1_695' title='bbox 3130 3551 3406 3620; x_wconf 82' lang='grc' dir='ltr'>Βιάζεσθαι</span> <span class='ocrx_word' id='word_1_696' title='bbox 3478 3555 3595 3626; x_wconf 80' lang='grc' dir='ltr'>μὶν,</span> <span class='ocrx_word' id='word_1_697' title='bbox 3646 3551 3901 3632; x_wconf 69' lang='grc' dir='ltr'>ἀδελφοὶ,</span> 
     </span>
    </p>
   </div>
   <div class='ocr_carea' id='block_1_96' title="bbox 2249 3639 3896 3722">
    <p class='ocr_par' dir='ltr' id='par_1_96' title="bbox 2249 3639 3896 3722">
     <span class='ocr_line' id='line_1_96' title="bbox 2249 3639 3896 3722; baseline -0.001 -23"><span class='ocrx_word' id='word_1_698' title='bbox 2249 3645 2338 3699; x_wconf 87' lang='grc' dir='ltr'>τὸν</span> <span class='ocrx_word' id='word_1_699' title='bbox 2374 3640 2536 3716; x_wconf 78' lang='grc' dir='ltr'>ἄνδρα</span> <span class='ocrx_word' id='word_1_700' title='bbox 2585 3643 2891 3717; x_wconf 77' lang='grc' dir='ltr'>χρημάτων</span> <span class='ocrx_word' id='word_1_701' title='bbox 2939 3639 3110 3712; x_wconf 78' lang='grc' dir='ltr'>ἕνεκα,</span> <span class='ocrx_word' id='word_1_702' title='bbox 3144 3639 3270 3722; x_wconf 70' lang='grc' dir='ltr'>ἔφη,</span> <span class='ocrx_word' id='word_1_703' title='bbox 3304 3640 3429 3697; x_wconf 68' lang='grc' dir='ltr'>οὔτε</span> <span class='ocrx_word' id='word_1_704' title='bbox 3477 3643 3620 3714; x_wconf 75' lang='grc' dir='ltr'>αὐτῷ</span> <span class='ocrx_word' id='word_1_705' title='bbox 3666 3644 3896 3717; x_wconf 84' lang='grc' dir='ltr'>πρέπον,</span> 
     </span>
    </p>
   </div>
   <div class='ocr_carea' id='block_1_97' title="bbox 2250 3729 3890 3805">
    <p class='ocr_par' dir='ltr' id='par_1_97' title="bbox 2250 3729 3890 3805">
     <span class='ocr_line' id='line_1_97' title="bbox 2250 3729 3890 3805; baseline -0.001 -17"><span class='ocrx_word' id='word_1_706' title='bbox 2250 3731 2365 3796; x_wconf 70' lang='grc' dir='ltr'>οὗθ’</span> <span class='ocrx_word' id='word_1_707' title='bbox 2394 3734 2528 3805; x_wconf 70' lang='grc' dir='ltr'>ἡμῖν</span> <span class='ocrx_word' id='word_1_708' title='bbox 2563 3731 2710 3794; x_wconf 81' lang='grc' dir='ltr'>ὅλως</span> <span class='ocrx_word' id='word_1_709' title='bbox 2777 3731 3079 3795; x_wconf 88' lang='grc' dir='ltr'>λυσιτελές.</span> <span class='ocrx_word' id='word_1_710' title='bbox 3103 3733 3168 3789; x_wconf 88' lang='grc' dir='ltr'><strong>Ὃ</strong></span> <span class='ocrx_word' id='word_1_711' title='bbox 3209 3729 3268 3786; x_wconf 78' lang='grc' dir='ltr'>δὲ</span> <span class='ocrx_word' id='word_1_712' title='bbox 3307 3732 3407 3787; x_wconf 80' lang='grc' dir='ltr'>οὐκ</span> <span class='ocrx_word' id='word_1_713' title='bbox 3446 3729 3554 3787; x_wconf 75' lang='grc' dir='ltr'>ἔστι</span> <span class='ocrx_word' id='word_1_714' title='bbox 3606 3729 3890 3805; x_wconf 82' lang='grc' dir='ltr'>διδόμενον</span> 
     </span>
    </p>
   </div>
   <div class='ocr_carea' id='block_1_98' title="bbox 2249 3820 3890 3897">
    <p class='ocr_par' dir='ltr' id='par_1_98' title="bbox 2249 3820 3890 3897">
     <span class='ocr_line' id='line_1_98' title="bbox 2249 3820 3890 3897; baseline 0 -21"><span class='ocrx_word' id='word_1_715' title='bbox 2249 3823 2563 3888; x_wconf 81' lang='grc' dir='ltr'>ἀποθέσθαι,</span> <span class='ocrx_word' id='word_1_716' title='bbox 2609 3822 2697 3876; x_wconf 87' lang='grc' dir='ltr'>καὶ</span> <span class='ocrx_word' id='word_1_717' title='bbox 2749 3821 2881 3897; x_wconf 78' lang='grc' dir='ltr'>ὅπερ</span> <span class='ocrx_word' id='word_1_718' title='bbox 2938 3823 3087 3894; x_wconf 77' lang='grc' dir='ltr'>αὐτῷ</span> <span class='ocrx_word' id='word_1_719' title='bbox 3147 3820 3363 3894; x_wconf 83' lang='grc' dir='ltr'>μᾶλλον</span> <span class='ocrx_word' id='word_1_720' title='bbox 3428 3823 3482 3876; x_wconf 75' lang='grc' dir='ltr'>αἱ</span> <span class='ocrx_word' id='word_1_721' title='bbox 3539 3823 3756 3895; x_wconf 73' lang='grc' dir='ltr'>πράξεις</span> <span class='ocrx_word' id='word_1_722' title='bbox 3815 3820 3890 3876; x_wconf 88' lang='grc' dir='ltr'>δι-</span> 
     </span>
    </p>
   </div>
   <div class='ocr_carea' id='block_1_99' title="bbox 2250 3909 3892 3988">
    <p class='ocr_par' dir='ltr' id='par_1_99' title="bbox 2250 3909 3892 3988">
     <span class='ocr_line' id='line_1_99' title="bbox 2250 3909 3892 3988; baseline 0.002 -24"><span class='ocrx_word' id='word_1_723' title='bbox 2250 3909 2450 3978; x_wconf 90' lang='grc' dir='ltr'>δόασιν,</span> <span class='ocrx_word' id='word_1_724' title='bbox 2483 3909 2654 3965; x_wconf 83' lang='grc' dir='ltr'>ἐκεῖνο</span> <span class='ocrx_word' id='word_1_725' title='bbox 2688 3909 2753 3980; x_wconf 76' lang='grc' dir='ltr'>δὴ</span> <span class='ocrx_word' id='word_1_726' title='bbox 2784 3912 2874 3966; x_wconf 82' lang='grc' dir='ltr'>καὶ</span> <span class='ocrx_word' id='word_1_727' title='bbox 2905 3912 3161 3982; x_wconf 81' lang='grc' dir='ltr'>ποιητέον</span> <span class='ocrx_word' id='word_1_728' title='bbox 3191 3913 3348 3984; x_wconf 79' lang='grc' dir='ltr'>ἡμῖν.</span> <span class='ocrx_word' id='word_1_729' title='bbox 3380 3913 3481 3967; x_wconf 77' lang='grc' dir='ltr'>Καὶ</span> <span class='ocrx_word' id='word_1_730' title='bbox 3527 3911 3892 3988; x_wconf 63' lang='grc' dir='ltr'>ψηφισώμεθα</span> 
     </span>
    </p>
   </div>
   <div class='ocr_carea' id='block_1_100' title="bbox 2245 3999 3892 4075">
    <p class='ocr_par' dir='ltr' id='par_1_100' title="bbox 2245 3999 3892 4075">
     <span class='ocr_line' id='line_1_100' title="bbox 2245 3999 3892 4075; baseline 0.001 -22"><span class='ocrx_word' id='word_1_731' title='bbox 2245 4002 2441 4053; x_wconf 76' lang='grc' dir='ltr'>τοῦτον</span> <span class='ocrx_word' id='word_1_732' title='bbox 2505 3999 2864 4055; x_wconf 85' lang='grc' dir='ltr'>ἷ’σαπόστολον</span> <span class='ocrx_word' id='word_1_733' title='bbox 2923 3999 3232 4074; x_wconf 75' lang='grc' dir='ltr'>ὀνομάζειν,</span> <span class='ocrx_word' id='word_1_734' title='bbox 3282 3999 3399 4055; x_wconf 77' lang='grc' dir='ltr'>ἐπεὶ</span> <span class='ocrx_word' id='word_1_735' title='bbox 3459 3999 3600 4072; x_wconf 79' lang='grc' dir='ltr'>μηδὲ</span> <span class='ocrx_word' id='word_1_736' title='bbox 3665 3999 3892 4075; x_wconf 88' lang='grc' dir='ltr'>περιελ-</span> 
     </span>
    </p>
   </div>
   <div class='ocr_carea' id='block_1_101' title="bbox 2249 4087 3891 4166">
    <p class='ocr_par' dir='ltr' id='par_1_101' title="bbox 2249 4087 3891 4166">
     <span class='ocr_line' id='line_1_101' title="bbox 2249 4087 3891 4166; baseline 0.002 -24"><span class='ocrx_word' id='word_1_737' title='bbox 2249 4089 2406 4152; x_wconf 88' lang='grc' dir='ltr'>θόντα</span> <span class='ocrx_word' id='word_1_738' title='bbox 2433 4087 2617 4164; x_wconf 76' lang='grc' dir='ltr'>ἕτερον</span> <span class='ocrx_word' id='word_1_739' title='bbox 2649 4088 2803 4162; x_wconf 74' lang='grc' dir='ltr'>ἷ¹σμεν</span> <span class='ocrx_word' id='word_1_740' title='bbox 2869 4097 2972 4166; x_wconf 81' lang='grc' dir='ltr'>γῆν</span> <span class='ocrx_word' id='word_1_741' title='bbox 3025 4089 3293 4161; x_wconf 88' lang='grc' dir='ltr'>τοσαύτην</span> <span class='ocrx_word' id='word_1_742' title='bbox 3346 4091 3431 4144; x_wconf 81' lang='grc' dir='ltr'>καὶ</span> <span class='ocrx_word' id='word_1_743' title='bbox 3502 4089 3766 4144; x_wconf 77' lang='grc' dir='ltr'>θάλατταν</span> <span class='ocrx_word' id='word_1_744' title='bbox 3803 4091 3891 4145; x_wconf 83' lang='grc' dir='ltr'>ἐπὶ</span> 
     </span>
    </p>
   </div>
   <div class='ocr_carea' id='block_1_102' title="bbox 2247 4177 3892 4258">
    <p class='ocr_par' dir='ltr' id='par_1_102' title="bbox 2247 4177 3892 4258">
     <span class='ocr_line' id='line_1_102' title="bbox 2247 4177 3892 4258; baseline -0.001 -25"><span class='ocrx_word' id='word_1_745' title='bbox 2247 4180 2476 4252; x_wconf 74' lang='grc' dir='ltr'>προνοίᾳ</span> <span class='ocrx_word' id='word_1_746' title='bbox 2523 4185 2629 4234; x_wconf 86' lang='grc' dir='ltr'>τῶν</span> <span class='ocrx_word' id='word_1_747' title='bbox 2663 4177 2933 4258; x_wconf 75' lang='grc' dir='ltr'>ἀδελφῶν,</span> <span class='ocrx_word' id='word_1_748' title='bbox 2977 4178 3060 4234; x_wconf 79' lang='grc' dir='ltr'>ὅτι</span> <span class='ocrx_word' id='word_1_749' title='bbox 3103 4181 3178 4253; x_wconf 84' lang='grc' dir='ltr'>μή</span> <span class='ocrx_word' id='word_1_750' title='bbox 3222 4180 3346 4238; x_wconf 79' lang='grc' dir='ltr'>τοὺς</span> <span class='ocrx_word' id='word_1_751' title='bbox 3387 4177 3712 4254; x_wconf 77' lang='grc' dir='ltr'>κορυφαίους</span> <span class='ocrx_word' id='word_1_752' title='bbox 3753 4178 3892 4234; x_wconf 66' lang='grc' dir='ltr'>ἐκεί.</span> 
     </span>
    </p>
   </div>
   <div class='ocr_carea' id='block_1_103' title="bbox 2247 4264 3892 4344">
    <p class='ocr_par' dir='ltr' id='par_1_103' title="bbox 2247 4264 3892 4344">
     <span class='ocr_line' id='line_1_103' title="bbox 2247 4264 3892 4344; baseline -0.001 -21"><span class='ocrx_word' id='word_1_753' title='bbox 2247 4289 2370 4330; x_wconf 90' lang='grc' dir='ltr'>νους</span> <span class='ocrx_word' id='word_1_754' title='bbox 2428 4273 2523 4323; x_wconf 76' lang='grc' dir='ltr'>τοῦ</span> <span class='ocrx_word' id='word_1_755' title='bbox 2579 4270 2816 4344; x_wconf 83' lang='grc' dir='ltr'>Χριστυῦ</span> <span class='ocrx_word' id='word_1_756' title='bbox 2876 4270 3140 4342; x_wconf 79' lang='grc' dir='ltr'>μαθητὰς,</span> <span class='ocrx_word' id='word_1_757' title='bbox 3201 4270 3390 4342; x_wconf 81' lang='grc' dir='ltr'>οἷσπερ</span> <span class='ocrx_word' id='word_1_758' title='bbox 3449 4264 3514 4336; x_wconf 75' lang='grc' dir='ltr'>δὴ</span> <span class='ocrx_word' id='word_1_759' title='bbox 3568 4266 3658 4321; x_wconf 81' lang='grc' dir='ltr'>καὶ</span> <span class='ocrx_word' id='word_1_760' title='bbox 3726 4267 3892 4332; x_wconf 82' lang='grc' dir='ltr'>οὗτος</span> 
     </span>
    </p>
   </div>
   <div class='ocr_carea' id='block_1_104' title="bbox 2249 4352 3890 4434">
    <p class='ocr_par' dir='ltr' id='par_1_104' title="bbox 2249 4352 3890 4434">
     <span class='ocr_line' id='line_1_104' title="bbox 2249 4352 3890 4434; baseline 0 -24"><span class='ocrx_word' id='word_1_761' title='bbox 2249 4352 2405 4434; x_wconf 76' lang='grc' dir='ltr'>ὤφθη</span> <span class='ocrx_word' id='word_1_762' title='bbox 2440 4357 2726 4431; x_wconf 76' lang='grc' dir='ltr'>ἑπόμενος.</span> <span class='ocrx_word' id='word_1_763' title='bbox 2768 4360 2950 4415; x_wconf 79' lang='grc' dir='ltr'>Ταῦτα</span> <span class='ocrx_word' id='word_1_764' title='bbox 3007 4358 3034 4412; x_wconf 85' lang='grc' dir='ltr'>ὁ</span> <span class='ocrx_word' id='word_1_765' title='bbox 3089 4359 3183 4422; x_wconf 75' lang='grc' dir='ltr'>μὲν</span> <span class='ocrx_word' id='word_1_766' title='bbox 3215 4357 3351 4427; x_wconf 75' lang='grc' dir='ltr'>εἶπε,</span> <span class='ocrx_word' id='word_1_767' title='bbox 3383 4361 3501 4419; x_wconf 86' lang='grc' dir='ltr'>τοῖς</span> <span class='ocrx_word' id='word_1_768' title='bbox 3533 4354 3588 4410; x_wconf 71' lang='grc' dir='ltr'>δὲ</span> <span class='ocrx_word' id='word_1_769' title='bbox 3621 4353 3729 4410; x_wconf 88' lang='grc' dir='ltr'>δεῖν</span> <span class='ocrx_word' id='word_1_770' title='bbox 3771 4353 3890 4410; x_wconf 76' lang='grc' dir='ltr'>ἐδό-</span> 
     </span>
    </p>
   </div>
   <div class='ocr_carea' id='block_1_105' title="bbox 2247 4441 3891 4521">
    <p class='ocr_par' dir='ltr' id='par_1_105' title="bbox 2247 4441 3891 4521">
     <span class='ocr_line' id='line_1_105' title="bbox 2247 4441 3891 4521; baseline -0.001 -21"><span class='ocrx_word' id='word_1_771' title='bbox 2247 4467 2351 4514; x_wconf 89' lang='grc' dir='ltr'>κει,</span> <span class='ocrx_word' id='word_1_772' title='bbox 2399 4448 2488 4501; x_wconf 81' lang='grc' dir='ltr'>καί</span> <span class='ocrx_word' id='word_1_773' title='bbox 2552 4448 2614 4502; x_wconf 85' lang='grc' dir='ltr'>τὸ</span> <span class='ocrx_word' id='word_1_774' title='bbox 2672 4447 2763 4502; x_wconf 83' lang='grc' dir='ltr'>ἀπ’</span> <span class='ocrx_word' id='word_1_775' title='bbox 2815 4446 3018 4502; x_wconf 87' lang='grc' dir='ltr'>ἐκείνου</span> <span class='ocrx_word' id='word_1_776' title='bbox 3073 4446 3274 4517; x_wconf 85' lang='grc' dir='ltr'>ταύτην</span> <span class='ocrx_word' id='word_1_777' title='bbox 3318 4441 3484 4521; x_wconf 78' lang='grc' dir='ltr'>ἔλαχε</span> <span class='ocrx_word' id='word_1_778' title='bbox 3539 4446 3638 4514; x_wconf 83' lang='grc' dir='ltr'>τὴν</span> <span class='ocrx_word' id='word_1_779' title='bbox 3695 4445 3891 4500; x_wconf 83' lang='grc' dir='ltr'>ἐπωνυ-</span> 
     </span>
    </p>
   </div>
   <div class='ocr_carea' id='block_1_106' title="bbox 2253 4532 3886 4613">
    <p class='ocr_par' dir='ltr' id='par_1_106' title="bbox 2253 4532 3886 4613">
     <span class='ocr_line' id='line_1_106' title="bbox 2253 4532 3886 4613; baseline -0.001 -23"><span class='ocrx_word' id='word_1_780' title='bbox 2253 4535 2396 4608; x_wconf 90' lang='grc' dir='ltr'>μίαν,</span> <span class='ocrx_word' id='word_1_781' title='bbox 2457 4537 2484 4590; x_wconf 90' lang='lat'>6</span> <span class='ocrx_word' id='word_1_782' title='bbox 2535 4537 2622 4590; x_wconf 83' lang='grc' dir='ltr'>καὶ</span> <span class='ocrx_word' id='word_1_783' title='bbox 2681 4537 2786 4610; x_wconf 86' lang='grc' dir='ltr'>πρὸ</span> <span class='ocrx_word' id='word_1_784' title='bbox 2842 4543 2942 4606; x_wconf 69' lang='grc' dir='ltr'>τῆς</span> <span class='ocrx_word' id='word_1_785' title='bbox 2993 4535 3211 4591; x_wconf 83' lang='grc' dir='ltr'>ἐκείνων</span> <span class='ocrx_word' id='word_1_786' title='bbox 3281 4537 3466 4613; x_wconf 71' lang='grc' dir='ltr'>ψήφου</span> <span class='ocrx_word' id='word_1_787' title='bbox 3523 4540 3638 4597; x_wconf 88' lang='grc' dir='ltr'>τοῖς</span> <span class='ocrx_word' id='word_1_788' title='bbox 3703 4532 3886 4610; x_wconf 75' lang='grc' dir='ltr'>ἔργοις</span> 
     </span>
    </p>
   </div>
   <div class='ocr_carea' id='block_1_107' title="bbox 2167 4599 3883 4698">
    <p class='ocr_par' dir='ltr' id='par_1_107' title="bbox 2167 4599 3883 4698">
     <span class='ocr_line' id='line_1_107' title="bbox 2167 4599 3883 4698; baseline -0.001 -19"><span class='ocrx_word' id='word_1_789' title='bbox 2167 4599 2418 4694; x_wconf 55' lang='lat' dir='ltr'>Dan-cry</span> <span class='ocrx_word' id='word_1_790' title='bbox 2481 4623 2931 4698; x_wconf 80' lang='grc' dir='ltr'>κληρωσάμενος.</span> <span class='ocrx_word' id='word_1_791' title='bbox 2963 4625 3277 4694; x_wconf 79' lang='grc' dir='ltr'>Ἀναζεύξας</span> <span class='ocrx_word' id='word_1_792' title='bbox 3326 4626 3501 4680; x_wconf 86' lang='grc' dir='ltr'>τοίνυν</span> <span class='ocrx_word' id='word_1_793' title='bbox 3551 4625 3769 4696; x_wconf 84' lang='grc' dir='ltr'>ἐκεῖθεν,</span> <span class='ocrx_word' id='word_1_794' title='bbox 3833 4624 3883 4678; x_wconf 86' lang='grc' dir='ltr'>ἐν</span> 
     </span>
    </p>
   </div>
   <div class='ocr_carea' id='block_1_108' title="bbox 2249 4713 3884 4791">
    <p class='ocr_par' dir='ltr' id='par_1_108' title="bbox 2249 4713 3884 4791">
     <span class='ocr_line' id='line_1_108' title="bbox 2249 4713 3884 4791; baseline -0.001 -23"><span class='ocrx_word' id='word_1_795' title='bbox 2249 4715 2470 4790; x_wconf 73' lang='grc' dir='ltr'>ἑκατέρᾳ</span> <span class='ocrx_word' id='word_1_796' title='bbox 2541 4734 2598 4768; x_wconf 87' lang='grc' dir='ltr'>τε</span> <span class='ocrx_word' id='word_1_797' title='bbox 2672 4713 2892 4786; x_wconf 81' lang='grc' dir='ltr'>Κιλικίᾳ</span> <span class='ocrx_word' id='word_1_798' title='bbox 2946 4714 3257 4791; x_wconf 78' lang='grc' dir='ltr'>γενόμενος,</span> <span class='ocrx_word' id='word_1_799' title='bbox 3319 4714 3406 4768; x_wconf 78' lang='grc' dir='ltr'>καὶ</span> <span class='ocrx_word' id='word_1_800' title='bbox 3483 4718 3552 4788; x_wconf 82' lang='grc' dir='ltr'>τῇ</span> <span class='ocrx_word' id='word_1_801' title='bbox 3623 4713 3884 4785; x_wconf 70' lang='grc' dir='ltr'>Λυκαονία</span> 
     </span>
    </p>
   </div>
   <div class='ocr_carea' id='block_1_109' title="bbox 2244 4799 3882 4877">
    <p class='ocr_par' dir='ltr' id='par_1_109' title="bbox 2244 4799 3882 4877">
     <span class='ocr_line' id='line_1_109' title="bbox 2244 4799 3882 4877; baseline -0.002 -19"><span class='ocrx_word' id='word_1_802' title='bbox 2244 4804 2334 4859; x_wconf 86' lang='grc' dir='ltr'>καὶ</span> <span class='ocrx_word' id='word_1_803' title='bbox 2392 4799 2609 4873; x_wconf 82' lang='grc' dir='ltr'>Πισιδίᾳ</span> <span class='ocrx_word' id='word_1_804' title='bbox 2666 4800 3033 4875; x_wconf 78' lang='grc' dir='ltr'>ἐπιδημήσας,</span> <span class='ocrx_word' id='word_1_805' title='bbox 3089 4803 3164 4867; x_wconf 81' lang='grc' dir='ltr'>εἰς</span> <span class='ocrx_word' id='word_1_806' title='bbox 3246 4801 3460 4857; x_wconf 88' lang='grc' dir='ltr'>Σύναδα</span> <span class='ocrx_word' id='word_1_807' title='bbox 3515 4809 3616 4873; x_wconf 83' lang='grc' dir='ltr'>τῆς</span> <span class='ocrx_word' id='word_1_808' title='bbox 3693 4807 3882 4877; x_wconf 75' lang='grc' dir='ltr'>μικρᾶς</span> 
     </span>
    </p>
   </div>
   <div class='ocr_carea' id='block_1_110' title="bbox 2247 4889 3880 4966">
    <p class='ocr_par' dir='ltr' id='par_1_110' title="bbox 2247 4889 3880 4966">
     <span class='ocr_line' id='line_1_110' title="bbox 2247 4889 3880 4966; baseline 0 -20"><span class='ocrx_word' id='word_1_809' title='bbox 2247 4891 2488 4966; x_wconf 85' lang='grc' dir='ltr'>Φρυγίας</span> <span class='ocrx_word' id='word_1_810' title='bbox 2521 4890 2864 4966; x_wconf 85' lang='grc' dir='ltr'>μητρόπολιν</span> <span class='ocrx_word' id='word_1_811' title='bbox 2906 4891 3049 4961; x_wconf 75' lang='grc' dir='ltr'>ἥκει.</span> <span class='ocrx_word' id='word_1_812' title='bbox 3085 4893 3457 4964; x_wconf 78' lang='grc' dir='ltr'>Ἐπιξενωθεῖς</span> <span class='ocrx_word' id='word_1_813' title='bbox 3491 4889 3548 4946; x_wconf 88' lang='grc' dir='ltr'>δέ</span> <span class='ocrx_word' id='word_1_814' title='bbox 3613 4914 3720 4947; x_wconf 89' lang='grc' dir='ltr'>τισι</span> <span class='ocrx_word' id='word_1_815' title='bbox 3775 4896 3880 4947; x_wconf 87' lang='grc' dir='ltr'>τῶν</span> 
     </span>
    </p>
   </div>
   <div class='ocr_carea' id='block_1_111' title="bbox 2244 4980 3882 5056">
    <p class='ocr_par' dir='ltr' id='par_1_111' title="bbox 2244 4980 3882 5056">
     <span class='ocr_line' id='line_1_111' title="bbox 2244 4980 3882 5056; baseline -0.001 -21"><span class='ocrx_word' id='word_1_816' title='bbox 2244 4980 2354 5035; x_wconf 90' lang='grc' dir='ltr'>ἐκεῖ</span> <span class='ocrx_word' id='word_1_817' title='bbox 2383 4983 2742 5056; x_wconf 82' lang='grc' dir='ltr'>Χριστιανῶν,</span> <span class='ocrx_word' id='word_1_818' title='bbox 2774 4981 2862 5036; x_wconf 84' lang='grc' dir='ltr'>καὶ</span> <span class='ocrx_word' id='word_1_819' title='bbox 2902 4983 3095 5056; x_wconf 86' lang='grc' dir='ltr'>μικρὸν</span> <span class='ocrx_word' id='word_1_820' title='bbox 3156 4981 3346 5037; x_wconf 73' lang='grc' dir='ltr'>ἑαυτὸν</span> <span class='ocrx_word' id='word_1_821' title='bbox 3380 4980 3713 5050; x_wconf 84' lang='grc' dir='ltr'>ἀναπαύσας,</span> <span class='ocrx_word' id='word_1_822' title='bbox 3747 4980 3882 5055; x_wconf 81' lang='grc' dir='ltr'>πρὸς</span> 
     </span>
    </p>
   </div>
   <div class='ocr_carea' id='block_1_112' title="bbox 2242 5069 3062 5145">
    <p class='ocr_par' dir='ltr' id='par_1_112' title="bbox 2242 5069 3062 5145">
     <span class='ocr_line' id='line_1_112' title="bbox 2242 5069 3062 5145; baseline 0.004 -21"><span class='ocrx_word' id='word_1_823' title='bbox 2242 5071 2341 5138; x_wconf 81' lang='grc' dir='ltr'>τήν</span> <span class='ocrx_word' id='word_1_824' title='bbox 2376 5069 2580 5127; x_wconf 80' lang='grc' dir='ltr'>οἰκείαν</span> <span class='ocrx_word' id='word_1_825' title='bbox 2620 5069 2846 5145; x_wconf 83' lang='grc' dir='ltr'>ὥρμησε</span> <span class='ocrx_word' id='word_1_826' title='bbox 2875 5072 3062 5127; x_wconf 79' lang='grc' dir='ltr'>πόλιν.</span> 
     </span>
    </p>
   </div>
   <div class='ocr_carea' id='block_1_113' title="bbox 2315 5245 3882 5325">
    <p class='ocr_par' dir='ltr' id='par_1_113' title="bbox 2315 5245 3882 5325">
     <span class='ocr_line' id='line_1_113' title="bbox 2315 5245 3882 5325; baseline 0 -23"><span class='ocrx_word' id='word_1_827' title='bbox 2315 5254 2426 5306; x_wconf 82' lang='lat' dir='ltr'>KZ&#39;.</span> <span class='ocrx_word' id='word_1_828' title='bbox 2469 5250 2546 5306; x_wconf 88' lang='grc' dir='ltr'>Τὸ</span> <span class='ocrx_word' id='word_1_829' title='bbox 2590 5249 2795 5325; x_wconf 87' lang='grc' dir='ltr'>χωρίον</span> <span class='ocrx_word' id='word_1_830' title='bbox 2844 5247 2936 5305; x_wconf 82' lang='grc' dir='ltr'>οὗν</span> <span class='ocrx_word' id='word_1_831' title='bbox 2985 5248 3116 5322; x_wconf 75' lang='grc' dir='ltr'>ὅπερ</span> <span class='ocrx_word' id='word_1_832' title='bbox 3167 5249 3361 5306; x_wconf 82' lang='grc' dir='ltr'>Αὖλὼν</span> <span class='ocrx_word' id='word_1_833' title='bbox 3409 5249 3656 5305; x_wconf 88' lang='grc' dir='ltr'>ἐκαλεῖτο</span> <span class='ocrx_word' id='word_1_834' title='bbox 3696 5245 3882 5322; x_wconf 85' lang='grc' dir='ltr'>θέρους</span> 
     </span>
    </p>
   </div>
   <div class='ocr_carea' id='block_1_114' title="bbox 2241 5332 3876 5410">
    <p class='ocr_par' dir='ltr' id='par_1_114' title="bbox 2241 5332 3876 5410">
     <span class='ocr_line' id='line_1_114' title="bbox 2241 5332 3876 5410; baseline 0.002 -20"><span class='ocrx_word' id='word_1_835' title='bbox 2241 5332 2606 5407; x_wconf 76' lang='grc' dir='ltr'>καταλαϐὼν,</span> <span class='ocrx_word' id='word_1_836' title='bbox 2673 5337 2759 5392; x_wconf 85' lang='grc' dir='ltr'>ἐπὶ</span> <span class='ocrx_word' id='word_1_837' title='bbox 2852 5345 2952 5407; x_wconf 80' lang='grc' dir='ltr'>τῆς</span> <span class='ocrx_word' id='word_1_838' title='bbox 3036 5336 3269 5408; x_wconf 88' lang='grc' dir='ltr'>πλησίον</span> <span class='ocrx_word' id='word_1_839' title='bbox 3363 5337 3574 5393; x_wconf 76' lang='grc' dir='ltr'>ἐκάθισε</span> <span class='ocrx_word' id='word_1_840' title='bbox 3661 5336 3876 5410; x_wconf 88' lang='grc' dir='ltr'>πέτρας.</span> 
     </span>
    </p>
   </div>
   <div class='ocr_carea' id='block_1_115' title="bbox 2239 5421 3875 5505">
    <p class='ocr_par' dir='ltr' id='par_1_115' title="bbox 2239 5421 3875 5505">
     <span class='ocr_line' id='line_1_115' title="bbox 2239 5421 3875 5505; baseline -0.001 -24"><span class='ocrx_word' id='word_1_841' title='bbox 2239 5421 2462 5493; x_wconf 81' lang='grc' dir='ltr'>Ἐπειδή</span> <span class='ocrx_word' id='word_1_842' title='bbox 2523 5423 2580 5479; x_wconf 79' lang='grc' dir='ltr'>δὲ</span> <span class='ocrx_word' id='word_1_843' title='bbox 2624 5425 2685 5480; x_wconf 90' lang='grc' dir='ltr'>τό</span> <span class='ocrx_word' id='word_1_844' title='bbox 2731 5446 2788 5481; x_wconf 91' lang='grc' dir='ltr'>τε</span> <span class='ocrx_word' id='word_1_845' title='bbox 2835 5431 3042 5499; x_wconf 79' lang='grc' dir='ltr'>πνεῦμα</span> <span class='ocrx_word' id='word_1_846' title='bbox 3099 5425 3356 5505; x_wconf 70' lang='grc' dir='ltr'>ἐπίφορον</span> <span class='ocrx_word' id='word_1_847' title='bbox 3409 5425 3576 5496; x_wconf 79' lang='grc' dir='ltr'>ἔπνει,</span> <span class='ocrx_word' id='word_1_848' title='bbox 3607 5428 3697 5482; x_wconf 80' lang='grc' dir='ltr'>καὶ</span> <span class='ocrx_word' id='word_1_849' title='bbox 3757 5433 3875 5488; x_wconf 85' lang='grc' dir='ltr'>τοῖς</span> 
     </span>
    </p>
   </div>
   <div class='ocr_carea' id='block_1_116' title="bbox 2239 5511 3874 5590">
    <p class='ocr_par' dir='ltr' id='par_1_116' title="bbox 2239 5511 3874 5590">
     <span class='ocr_line' id='line_1_116' title="bbox 2239 5511 3874 5590; baseline 0.002 -25"><span class='ocrx_word' id='word_1_850' title='bbox 2239 5511 2494 5586; x_wconf 84' lang='grc' dir='ltr'>ἀγρόταις</span> <span class='ocrx_word' id='word_1_851' title='bbox 2526 5516 2553 5568; x_wconf 83' lang='grc' dir='ltr'><strong>ὁ</strong></span> <span class='ocrx_word' id='word_1_852' title='bbox 2595 5513 2738 5577; x_wconf 87' lang='grc' dir='ltr'>σίτος</span> <span class='ocrx_word' id='word_1_853' title='bbox 2801 5514 2889 5570; x_wconf 82' lang='grc' dir='ltr'>ἐπὶ</span> <span class='ocrx_word' id='word_1_854' title='bbox 2945 5522 3044 5584; x_wconf 85' lang='grc' dir='ltr'>τῆς</span> <span class='ocrx_word' id='word_1_855' title='bbox 3102 5513 3312 5577; x_wconf 77' lang='grc' dir='ltr'>ἅλωνος</span> <span class='ocrx_word' id='word_1_856' title='bbox 3371 5514 3658 5590; x_wconf 81' lang='grc' dir='ltr'>ἐλικμᾶτο,</span> <span class='ocrx_word' id='word_1_857' title='bbox 3698 5519 3788 5571; x_wconf 73' lang='grc' dir='ltr'>καὶ</span> <span class='ocrx_word' id='word_1_858' title='bbox 3838 5518 3874 5585; x_wconf 83' lang='grc' dir='ltr'>ἡ</span> 
     </span>
    </p>
   </div>
   <div class='ocr_carea' id='block_1_117' title="bbox 2237 5599 3876 5680">
    <p class='ocr_par' dir='ltr' id='par_1_117' title="bbox 2237 5599 3876 5680">
     <span class='ocr_line' id='line_1_117' title="bbox 2237 5599 3876 5680; baseline 0.002 -27"><span class='ocrx_word' id='word_1_859' title='bbox 2237 5599 2374 5674; x_wconf 75' lang='grc' dir='ltr'>αὔρα</span> <span class='ocrx_word' id='word_1_860' title='bbox 2432 5604 2497 5657; x_wconf 87' lang='grc' dir='ltr'>τὰ</span> <span class='ocrx_word' id='word_1_861' title='bbox 2578 5601 2756 5658; x_wconf 82' lang='grc' dir='ltr'>λεππὰ</span> <span class='ocrx_word' id='word_1_862' title='bbox 2832 5609 2938 5658; x_wconf 88' lang='grc' dir='ltr'>τῶν</span> <span class='ocrx_word' id='word_1_863' title='bbox 3005 5603 3228 5680; x_wconf 81' lang='grc' dir='ltr'>ἀχύρων</span> <span class='ocrx_word' id='word_1_864' title='bbox 3291 5603 3701 5677; x_wconf 78' lang='grc' dir='ltr'>διαρῥιπίζουσα</span> <span class='ocrx_word' id='word_1_865' title='bbox 3757 5609 3876 5667; x_wconf 88' lang='grc' dir='ltr'>ταῖς</span> 
     </span>
    </p>
   </div>
   <div class='ocr_carea' id='block_1_118' title="bbox 2234 5686 3869 5770">
    <p class='ocr_par' dir='ltr' id='par_1_118' title="bbox 2234 5686 3869 5770">
     <span class='ocr_line' id='line_1_118' title="bbox 2234 5686 3869 5770; baseline 0.006 -29"><span class='ocrx_word' id='word_1_866' title='bbox 2234 5686 2388 5760; x_wconf 74' lang='grc' dir='ltr'>ὄψεσι</span> <span class='ocrx_word' id='word_1_867' title='bbox 2459 5686 2804 5768; x_wconf 77' lang='grc' dir='ltr'>προσέϐαλλε</span> <span class='ocrx_word' id='word_1_868' title='bbox 2859 5697 2954 5747; x_wconf 81' lang='grc' dir='ltr'>τοῦ</span> <span class='ocrx_word' id='word_1_869' title='bbox 3005 5693 3184 5770; x_wconf 81' lang='grc' dir='ltr'>ἁγίου,</span> <span class='ocrx_word' id='word_1_870' title='bbox 3220 5691 3386 5748; x_wconf 82' lang='grc' dir='ltr'>δεῖται</span> <span class='ocrx_word' id='word_1_871' title='bbox 3443 5697 3553 5747; x_wconf 85' lang='grc' dir='ltr'>τῶν</span> <span class='ocrx_word' id='word_1_872' title='bbox 3612 5696 3869 5768; x_wconf 82' lang='grc' dir='ltr'>γεωργῶν</span> 
     </span>
    </p>
   </div>
  </div>
