4128 6274
225 373 384 435 1245

1577 367 1765 428 VITA
1809 366 1874 427 S.
1921 365 2254 431 ABERCII.

3456 355 3483 412 l
3496 350 3612 410 246

227 532 427 585 ἀνεῖναι
478 526 616 602 πρὸς
675 522 856 602 βραχῦ
913 523 1101 580 τόπον.
1152 525 1212 578 οι
1263 520 1320 578 δὲ
1377 523 1485 598 οὐχ
1542 523 1816 594 ὑπήκουον
1852 541 1867 557 °
1899 551 1920 592 λ

2031 531 2173 582 item
2206 541 2323 582 non
2364 523 2764 580 exaudierunt.
2817 518 3034 574 Deinde
3083 519 3327 572 sanctus
3376 511 3614 584 quidem

229 621 345 675 εἶτα
375 621 404 674 ὁ
440 621 532 691 μὶν
565 617 852 690 προσευχῇ
889 613 1026 686 μόνῃ
1089 613 1152 666 τὸ
1207 616 1419 684 πνεῦμα
1463 612 1723 684 κοιμίζει,
1753 618 1868 675 τοῖς

232 708 288 765 δὲ
327 710 418 765 καὶ
475 708 694 763 ἄκουσιν
749 703 976 759 ἐπαύετο
1007 706 1040 772 ἡ
1084 700 1315 772 σπουδή.
1363 704 1454 772 Mr,
1505 700 1720 777 ἔχοντες
1781 700 1872 757 οὖν

233 801 262 854 δ
291 820 345 853 τι
377 797 465 853 καὶ
496 798 710 857 ἑαυτοῖς
743 796 1066 869 χρήσονται,
1110 793 1160 846 οἱ
1210 792 1302 863 μὲν
1362 791 1448 845 ἐπὶ
1507 789 1724 846 δεῖπνον
1753 791 1872 866 τρέ-

238 849 257 854 ν
305 849 344 853 --
609 849 645 850 η
696 849 709 857 .
747 849 853 869 η..
1054 849 1066 859 .
1210 849 1220 863 .

232 909 446 957 πονται,
479 888 506 942 ὁ
537 883 614 954 δὲ,
643 884 732 938 καὶ
763 885 863 959 γὰρ
923 881 1086 956 ἔτυχε
1125 879 1269 955 δίψει
1334 881 1522 948 άΛοὺς,
1563 879 1709 954 ὕδωρ
1747 849 1874 949 παρ’

236 978 413 1032 αὐτῶν
471 971 803 1050 ᾕτει.³Αλλ“
858 971 1054 1027 ἐκεῖνοι
1112 970 1299 1034 δεινῶς
1352 969 1528 1044 ἄξενοι
1581 969 1751 1040 ὄντες,
1783 969 1873 1024 καὶ

236 1061 474 1141 ἀκριϐῶς
531 1063 801 1138 ἄγροικοι,
859 1061 1236 1136 παρεθεώρουν
1306 1063 1404 1130 τὴν
1491 1059 1727 1130 αἴτησιν,
1785 1059 1876 1113 καὶ

237 1154 444 1230 χλεύην
472 1153 535 1208 τὸ
565 1157 791 1228 πρᾶγμα
835 1149 1055 1205 ἐποίουν
1088 1168 1101 1180 ο
1137 1149 1198 1204 Εἰ
1249 1150 1310 1202 -ι’
1361 1146 1454 1203 ἕνα
1510 1145 1754 1223 γέροντα,
1788 1147 1876 1202 λέ-

241 1263 450 1320 γοντες,
515 1241 824 1318 ἀφεξόμεθα
889 1238 1179 1313 τραπέζης.
1241 1237 1560 1312 Ἐμέμψατο
1628 1234 1718 1291 οὖν
1782 1241 1880 1304 τῆς

242 1329 623 1406 ἀπανθρωπίαν
697 1328 898 1400 ταύτην
954 1329 982 1382 ὁ
1058 1325 1580 1404 φιλανθρωπότατος
1669 1321 1880 1397 ἀνδρῶν

244 1415 550 1494 ’Δϐέρκιος,
608 1417 699 1472 καὶ
781 1418 844 1472 τὸ
915 1414 1056 1490 μηδὲ.
1109 1435 1242 1471 ποτε
1295 1413 1640 1490 κορέννυσθαι
1692 1414 1881 1474 αὐτοῖς

245 1508 574 1583 ἐπηράσατο.
614 1508 680 1564 Ὃ
711 1505 798 1560 καὶ
827 1501 988 1580 ἔσχον
1022 1503 1100 1569 είς
1129 1502 1286 1580 δεῦρο
1314 1503 1624 1578 παραμένον
1666 1503 1877 1572 αὐτοῖς,

251 1618 381 1673 μισα
475 1594 716 1670 θρωπίας
793 1593 1179 1673 φιλάνθρωπον
1263 1592 1504 1670 ἀτεχνῶς
1589 1591 1883 1663 ἐπιτίμιον.

249 1687 380 1744 Εἶτα
434 1692 534 1754 τῆς
584 1686 783 1760 πέτρας
833 1684 1157 1753 ἀπαναστὰς,
1188 1684 1288 1752 τὴν
1341 1683 1532 1737 ἑαυτοῦ
1580 1679 1744 1737 πόλιν
1791 1700 1889 1734 κα-

246 1770 601 1848 ταλαμϐάνει.
668 1775 745 1831 Τὸ
800 1777 926 1849 γοῦν
986 1773 1200 1842 πλῆθος
1267 1772 1582 1845 αἰσθόμενοι
1637 1777 1736 1839 τῆς
1793 1773 1890 1824 τοῦ

249 1863 445 1940 ἀνδρὸς
496 1862 814 1939 παρουσίας,
869 1861 1144 1938 συνέρῥεον
1204 1860 1500 1935 πανδημεὶ,
1551 1860 1890 1937 γλιχόμενοι

253 1952 374 2029 ὄψιν
409 1974 466 2010 τε
493 1955 592 2022 τήν
637 1952 889 2029 γλυκεῖαν
941 1949 1096 2021 ἰδεῖν,
1126 1951 1217 2006 καὶ
1277 1958 1461 2028 φωνῆς
1516 1952 1737 2004 ἂκοῦσαι
1795 1955 1893 2016 τῆς

252 2047 618 2120 ποθουμένης.
647 2051 706 2104 '0
740 2047 834 2118 μὲν
893 2045 984 2099 οὗν
1027 2043 1274 2118 ἀσμένως
1329 2042 1526 2108 αὐτοὺς
1594 2041 1900 2115 εὐλογήσας

256 2137 346 2192 καὶ
405 2136 800 2208 ἀσπασάμενος,
841 2136 1054 2210 περιῄει
1100 2137 1201 2205 τὴν
1254 2135 1415 2190 πόλιν
1464 2136 1551 2190 καὶ
1612 2133 1784 2204 αὖθις,
1818 2131 1902 2187 δι-

261 2225 469 2281 δάσκων
501 2246 558 2280 τε
583 2226 674 2280 τὸν
701 2223 863 2299 λόγον
891 2231 990 2293 τῆς
1028 2223 1290 2294 ἀληθείας
1342 2223 1436 2278 σὺν
1479 2220 1778 2297 παρῥησίᾳ,
1810 2222 1898 2276 καὶ

261 2317 387 2376 τοὺς
431 2313 754 2390 προσιόντας
797 2311 884 2366 διὰ
924 2316 1022 2367 τοῦ
1057 2313 1202 2376 θείου
1244 2313 1617 2387 βαπτίσματος
1653 2308 1903 2380 τελειῶν,

263 2404 560 2477 δαιμονῶσι
610 2401 766 2458 λύσιν
824 2403 921 2458 τοῦ
975 2407 1144 2457 κακοῦ
1201 2401 1692 2477 παρέχων,νόσους
1734 2399 1904 2472 ἰώμε-

263 2514 380 2563 νος,
435 2494 523 2548 καὶ
593 2492 792 2552 παντὸς
853 2489 1208 2568 ἴσχυροτέραν
1265 2491 1469 2554 πάθους
1523 2491 1623 2559 τὴν
1676 2487 1727 2543 ἐν
1760 2487 1908 2558 αὐτῷ

265 2587 360 2638 τοῦ
416 2581 725 2656 πνεύματος
777 2577 1006 2654 δύναμιν
1052 2575 1529 2653 προϐαλλόμενος.
1578 2579 1794 2642 Συνθεὶς
1853 2575 1910 2630 δὲ

265 2672 356 2727 καὶ
416 2666 612 2745 βίϐλον
689 2666 1041 2733 διδασκαλίας
1095 2669 1236 2724 πάνυ
1310 2669 1608 2746 ὠφελίμως
1654 2662 1906 2742 ἔχουσαν,

270 2758 584 2815 καταλείπει
649 2764 767 2822 τοῖς
824 2759 910 2813 ὑπ’
967 2757 1126 2812 αὐτὸν
1181 2753 1569 2833 πρεσϐυτέροις
1631 2757 1742 2829 ἅμα
1821 2757 1912 2810 καὶ

275 2845 564 2919 διακόνοις,
598 2844 688 2900 ’ίνα
743 2846 834 2900 καὶ
891 2846 1025 2918 μετὰ
1082 2845 1305 2908 θάνατον
1363 2844 1666 2922 φθέγγηται
1723 2841 1790 2896 δι’
1819 2843 1912 2895 αύ-

276 2942 395 3008 τῆς,
425 2935 516 2990 καὶ
545 2935 746 3008 τρόπον
772 2932 896 2987 τινὰ
938 2930 1213 3005 μηδέποτε
1259 2932 1488 3007 ὠφελῶν
1520 2929 1782 2998 παύηται.

349 3021 773 3087 ΚΗ’.Ἀνελθὼν
844 3019 933 3077 οὖν
990 3042 1124 3077 ποτε
1179 3023 1256 3083 είς
1309 3017 1434 3096 ὅρος
1495 3018 1705 3094 ὑψηλὸν
1777 3015 1918 3072 οὕτω

281 3113 498 3185 δεῆσαν,
557 3112 671 3170 ἐπεὶ
733 3110 860 3186 δίψῃ
927 3109 1075 3186 δεινῇ
1130 3112 1292 3174 αὐτός
1338 3132 1396 3166 τε
1442 3111 1532 3165 καὶ
1584 3108 1700 3164 ὅσοι
1769 3108 1921 3179 αὐτῷ

281 3208 508 3276 συνῆσαν
545 3203 793 3273 ἥλωσαν,
826 3201 915 3257 ἐπὶ
953 3201 1043 3256 τὸν
1090 3203 1265 3256 πάντα
1314 3199 1609 3276 δυνάμενον
1665 3197 1924 3276 καταφεύ-

1981 615 2119 672 solis
2148 614 2419 686 precibus
2441 611 2593 684 sopit
2622 610 2914 681 spiritum,
2938 605 3055 661 illis
3082 609 3276 660 autem
3309 602 3390 658 vel
3416 599 3617 655 invitis

1981 705 2231 760 cessavit
2259 702 2538 758 studium.
2565 702 2705 756 Cum
2725 714 2859 770 ergo
2882 695 3170 752 nescirent
3195 692 3331 762 quid
3359 692 3617 762 agerent,

1981 793 2022 848 ii
2063 809 2125 848 se
2166 795 2512 848 convertunt
2562 790 2630 845 ad
2675 801 2932 842 omnem:
2986 784 3113 855 ipse
3160 786 3355 837 autem
3409 791 3616 848 aquam

1985 883 2101 955 (siti
2161 881 2316 938 enim
2367 877 2685 948 laborabat)
2721 877 2791 930 ab
2832 876 2918 929 eis
2967 872 3148 945 petiit.
3203 871 3312 926 Sed
3359 865 3622 938 agricolae

1985 988 2118 1028 cum
2168 973 2366 1026 essent
2403 968 2566 1024 valde
2607 963 3013 1035 inhospitales,
3037 965 3094 1016 et
3143 958 3312 1030 plane
3345 959 3621 1026 agrestes,

1986 1059 2285 1132 despectui
2335 1059 2630 1113 habebant
2680 1053 3040 1124 petitionem,
3085 1056 3138 1104 et
3189 1064 3307 1103 rem
3357 1043 3625 1099 ludifica-

1989 1154 2236 1206 bantur:
2293 1147 2534 1211 scilicet,
2563 1147 2798 1216 propter
2845 1157 3026 1195 unum
3076 1152 3296 1202 senem,
3343 1133 3622 1197 dicentes,

1989 1258 2022 1296 a
2060 1255 2265 1295 mensa
2295 1234 2734 1291 abstinebimus.
2765 1232 2934 1302 ,ἅζετο
2955 1229 3082 1284 tulit
3109 1226 3262 1281 hanc
3291 1220 3625 1278 inhumani-

1990 1333 2167 1384 tatem
2197 1323 2662 1381 humanissimus
2693 1322 2943 1376 virorum
2975 1316 3252 1372 Abercius
3287 1329 3298 1367 :
3334 1316 3390 1367 et
3418 1310 3501 1365 eis
3541 1315 3628 1363 est

1994 1418 2364 1488 imprecatus,
2399 1417 2463 1468 ut
2492 1425 2792 1482 nunquam
2833 1408 3203 1463 satiarentur.
3247 1400 3404 1466 Quod
3451 1398 3627 1453 etiam

1995 1506 2076 1562 eis
2104 1505 2406 1574 hucusque
2446 1499 2805 1571 permansit:
2839 1497 3095 1551 humana
3123 1493 3294 1564 plane
3339 1504 3505 1560 poena
3536 1485 3630 1539 in-

1995 1592 2396 1650 humanitatis.
2446 1590 2660 1646 Deinde
2713 1605 2746 1642 a
2793 1591 2954 1658 petra
3003 1583 3298 1644 recedens,
3364 1575 3520 1632 venit
3561 1574 3632 1628 ad

1996 1700 2162 1739 suam
2195 1682 2506 1737 civitatem.
2557 1682 2696 1733 Cum
2728 1692 2860 1745 ergo
2909 1673 3187 1730 sensisset
3234 1665 3480 1739 populus
3511 1663 3634 1733 ejus

1999 1773 2334 1836 adventum,
2367 1768 2524 1823 omni
2583 1783 2649 1821 ex
2690 1768 2848 1834 parte
2905 1759 3295 1822 confluebant,
3341 1753 3636 1823 cupientes

2002 1861 2194 1916 videre
2225 1858 2452 1912 dulcem
2483 1856 2730 1921 vultum,
2762 1856 2819 1906 et
2875 1849 3072 1904 audire
3103 1859 3301 1901 vocem
3342 1839 3638 1895 desidera-

2005 1957 2143 2006 tam.
2175 1947 2276 2004 Ille
2312 1961 2447 2016 ergo
2479 1960 2608 1999 cum
2640 1941 2890 1997 libenter
2909 1937 2990 1992 eis
3016 1932 3426 1995 benedixisset,
3459 1935 3515 1982 et
3543 1941 3638 1981 eos

2007 2040 2341 2107 salutasset,
2373 2049 2579 2090 rursus
2624 2031 2822 2088 obibat
2868 2027 3157 2083 civitatem
3207 2022 3385 2077 libere
3425 2018 3640 2071 docens

2008 2128 2246 2183 verbum
2277 2102 2555 2190 veritatis,
2589 2125 2645 2176 et
2681 2136 2802 2184 eos,
2833 2116 2931 2187 qui
2964 2111 3329 2174 accedebant,
3363 2123 3464 2178 per
3491 2102 3640 2158 divi-

2009 2233 2149 2273 num
2181 2214 2537 2286 baptismum
2577 2209 2842 2275 initians,
2872 2208 2929 2261 et
2969 2199 3338 2259 daemoniacis
3379 2192 3642 2266 praebens

2014 2305 2154 2361 mali
2183 2302 2570 2360 solutionem:
2621 2296 2856 2354 morbos
2906 2307 3138 2354 curans,
3171 2291 3228 2344 et
3269 2284 3474 2356 quavis
3505 2279 3646 2334 aii‘e-

2016 2397 2203 2452 ctione
2253 2393 2544 2449 fortiorem
2578 2386 2842 2458 spiritus,
2875 2399 3001 2454 quae
3031 2382 3087 2436 in
3129 2378 3256 2448 ipso
3300 2377 3442 2439 erat,
3476 2371 3650 2424 virtu-

2018 2492 2134 2543 tem
2169 2485 2490 2557 proferens.
2535 2457 2680 2535 Cum
2728 2478 2919 2531 autem
2962 2469 3126 2526 valde
3169 2480 3400 2536 quoque
3448 2457 3652 2514 utilem

2019 2575 2293 2630 doctrina;
2343 2573 2562 2627 librum
2603 2562 3048 2636 composuisset,
3096 2571 3229 2613 eum
3288 2555 3388 2608 dat
3426 2549 3519 2615 iis,
3551 2545 3652 2618 qui

2022 2665 2131 2720 sub
2165 2664 2292 2735 ipso
2324 2662 2508 2728 erant,
2544 2652 2902 2728 presbyteris
2933 2648 3112 2706 simul
3143 2649 3200 2701 et
3255 2639 3537 2704 diaconis,
3596 2642 3660 2690 ut

2022 2755 2107 2810 eis
2159 2726 2244 2808 vel
2307 2757 2436 2822 post
2475 2726 2734 2803 mortem
2772 2743 3125 2813 loqueretur,
3156 2738 3213 2791 et
3260 2733 3454 2802 aliquo
3491 2726 3658 2782 modo

2025 2856 2323 2911 nunquam
2344 2839 2427 2893 eis
2449 2838 2696 2892 cessaret
2727 2837 3022 2904 prodesse.

2099 3017 2344 3075 XXVIII.
2379 3015 2704 3087 Aliquando
2735 3011 2796 3067 in
2830 3012 3086 3066 montem
3116 3001 3431 3068 excelsum,
3453 3013 3557 3053 usu
3578 2994 3663 3049 ita

2031 3107 2374 3180 postulante,
2407 3105 2664 3162 ascendit
2697 3118 2710 3158 :
2745 3099 2986 3171 ipseque
3007 3101 3063 3154 et
3092 3094 3191 3166 qui
3222 3107 3353 3148 cum
3385 3104 3451 3144 eo
3481 3093 3664 3152 erant,

2039 3175 2135 3254 siti
2167 3175 2525 3252 laborabant.
2558 3191 2826 3260 Confugit
2855 3193 3048 3242 autem
3074 3184 3143 3239 ad
3176 3197 3334 3246 eum,
3364 3175 3673 3246 quipotest

282 3317 386 3370 γει.
428 3295 532 3351 Καὶ
564 3295 725 3356 αὐτὸς
761 3295 856 3367 μὲν
889 3292 966 3355 εἰς
1005 3294 1322 3368 προσευχὴν
1352 3260 1580 3361 κλιθεὶς,
1610 3290 1677 3347 τὰ
1730 3260 1920 3366 γόνατα

2038 3286 2254 3343 omnia.
2289 3283 2488 3353 Itaque
2517 3293 2829 3336 conversus
2847 3279 2913 3331 ad
2945 3274 3284 3336 orationem,
3311 3264 3472 3321 humi
3503 3260 3674 3317 incli-

286 3391 365 3458 τῷ
397 3384 581 3459 ἐδάφει
630 3381 849 3439 δίδωσιν
879 3403 893 3418 ·
944 3380 1090 3456 ὕδωρ
1132 3379 1188 3437 δὲ
1226 3384 1460 3456 πότιμον
1520 3380 1674 3445 εὐθὺς
1732 3379 1926 3448 ἀνῆκεν

292 3478 326 3545 ἡ
361 3482 457 3552 γῆ.
498 3474 600 3531 Καὶ
639 3474 668 3528 ὁ
697 3472 864 3534 τόπος
910 3470 962 3542 ἐξ
1010 3470 1217 3526 ἐκείνου
1279 3471 1448 3533 τόπος
1486 3468 1830 3544 γονυκλισίας
1869 3469 1931 3522 τὸ

294 3566 488 3622 λοιπὸν
533 3562 767 3634 ἐκλήθη.
810 3561 963 3630 Πλὴν
1018 3557 1164 3615 ἄλλά
1217 3560 1342 3614 τότε
1397 3562 1491 3632 μὲν
1541 3560 1616 3620 εἰς
1647 3559 1737 3612 τὸν
1785 3558 1930 3612 οἶκον

291 3655 455 3710 αὐτοῦ
494 3652 757 3721 ἐπανῆκεν
793 3669 806 3682 °
860 3649 922 3704 ού
979 3647 1178 3720 πολλῴ
1237 3646 1295 3703 δὶ
1349 3648 1570 3722 ὕστερον
1622 3647 1723 3721 ὁρᾷ
1767 3645 1930 3701 πάλιν

295 3741 422 3817 ὄναρ
453 3741 603 3814 αὖτῷ
649 3741 742 3795 τὸν
794 3741 989 3814 Κύριον
1043 3738 1332 3794 ἐπιστάντα
1376 3737 1492 3806 καὶ,
1533 3732 1807 3812 ’Ᾱϐόρκιε,
1841 3731 1935 3790 λέ-

291 3853 476 3910 γοντα,
529 3828 746 3906 ἤγγικεν
797 3825 906 3898 ἤδη
967 3829 994 3882 ὁ
1058 3827 1270 3902 καιρὸς.
1319 3825 1458 3882 ὥστε
1533 3824 1937 3889 ἀναπαύσασθαί

297 3944 354 3977 σε
398 3925 506 3976 τῶν
555 3919 736 3974 πόνων
787 3938 882 3973 σου
921 3921 1029 3972 τῶν
1103 3922 1345 3991 μακρῶν.
1391 3917 1839 3992 Διαγρηγορήσας
1881 3911 1938 3970 δὲ

295 4010 384 4068 καὶ
416 4008 577 4086 γνοὺς
614 4010 713 4078 τὴν
765 4005 1026 4076 τελευτὴν
1074 4006 1221 4080 αὐτῷ
1263 4004 1700 4082 προδηλοῦσθαι,
1732 4008 1795 4062 τὸ
1835 4027 1937 4085 φα-

297 4101 382 4156 νὲν
410 4105 526 4162 τοῖς
556 4096 816 4171 ἀδελφοῖς
857 4095 1155 4174 διηγεῖται,
1187 4098 1276 4153 καὶ
1318 4096 1474 4152 λίθον
1503 4097 1625 4152 τινὰ
1665 4099 1938 4171 τετράγω-

300 4211 388 4246 νον
442 4187 616 4262 μῆκός
671 4209 731 4244 τε
767 4188 859 4242 καὶ
917 4185 1124 4248 πλάτος
1158 4184 1303 4256 ἴσον,
1333 4186 1500 4261 τάφον
1552 4187 1725 4256 ἐαυτῷ
1779 4203 1945 4237 κατα-

303 4278 544 4347 σκευάζει
570 4296 583 4310 ·
615 4276 706 4332 καὶ
735 4278 829 4332 τὸν
873 4277 1065 4350 βωμὸν
1093 4276 1153 4336 ὃς
1182 4273 1387 4329 ἐκείνου
1417 4273 1806 4347 προστάξαντο,
1841 4271 1945 4324 ἀπὸ

301 4368 528 4439 Ῥώμης
558 4367 661 4420 ὑπὸ
701 4369 803 4418 τοῦ
851 4361 1110 4434 δαίμονος
1149 4361 1261 4417 ἐκεῖ
1313 4360 1650 4438 μετηνέχθη,
1680 4365 1762 4432 τῷ
1810 4358 1948 4431 λίθῳ

307 4453 576 4529 ἐγίστησι,
629 4449 844 4508 τοιόνδε
897 4473 950 4506 τι
1010 4449 1326 4526 ἐπίγραμμα
1391 4449 1538 4522 αύτῷ
1605 4448 1945 4526 ἐγχαράξαςι

310 4541 607 4611 Ἐκλεκτῆς
630 4539 847 4603 πόλεως
877 4539 1117 4609 πολίτης
1157 4537 1270 4595 τόδ’
1302 4539 1532 4608 ἐποίησα
1581 4543 1708 4610 ζῶν,
1734 4535 1804 4592 ⁶ίν’
1835 4535 1951 4612 ἔχω

2035 3381 2138 3434 nat
2168 3389 2354 3446 genua
2389 3389 2402 3426 :
2439 3367 2806 3442 poculentam
2837 3370 3024 3418 autem
3056 3373 3266 3430 aquam
3297 3359 3452 3410 terra
3473 3350 3670 3407 statim

2035 3444 2251 3526 emisit.
2283 3467 2367 3521 Ab
2398 3463 2495 3518 illo
2540 3465 2734 3517 autem
2766 3463 3024 3526 tempore
3079 3451 3242 3506 locus
3272 3447 3369 3502 ille
3398 3444 3670 3512 deinceps

2037 3562 2149 3616 fuit
2183 3556 2510 3629 appellatus
2543 3553 2704 3608 locus
2744 3542 3180 3620 genuﬂexionis.
3215 3540 3498 3595 Ceterum
3529 3538 3670 3588 tunc

2039 3624 2279 3721 quidem
2307 3642 2479 3700 rediit
2506 3641 2568 3697 in
2625 3641 2867 3695 domum
2900 3649 3065 3690 suam
3100 3649 3113 3689 :
3150 3646 3265 3685 non
3315 3624 3496 3682 multo
3545 3627 3674 3694 post

2040 3745 2230 3796 autem
2262 3735 2412 3790 videt
2437 3747 2638 3787 rursus
2663 3727 3003 3790 Dominum,
3025 3721 3125 3793 qui
3148 3719 3199 3774 ei
3229 3717 3288 3772 in
3322 3713 3540 3771 somnis
3571 3727 3674 3779 ap-

2044 3827 2259 3900 paruit,
2290 3827 2348 3880 et
2377 3822 2427 3878 ei
2459 3820 2601 3876 dixit
2632 3836 2645 3875 :
2687 3814 2916 3880 Aberci,
2942 3813 3067 3884 jam
3102 3823 3279 3881 prope
3305 3808 3394 3860 est
3424 3807 3677 3871 tempus,

2043 3923 2108 3975 ut
2132 3930 2323 3973 cesses
2361 3930 2393 3968 a
2440 3909 2630 3982 longis
2681 3907 2794 3963 tuis
2821 3901 3144 3960 laboribus.
3203 3897 3346 3952 Cum
3407 3895 3601 3948 autem
3652 3901 3683 3940 e

2043 4021 2245 4065 somno
2302 4005 2452 4060 esset
2503 4001 2806 4061 excitatus,
2853 3997 2910 4048 et
2954 3985 3318 4060 cognovisset
3373 3983 3680 4036 decessum

2046 4097 2159 4152 sibi
2189 4087 2644 4164 praesignificari,
2669 4087 2865 4141 narrat
2903 4077 3178 4135 fratribus
3211 4074 3290 4139 id,
3326 4069 3476 4140 quod
3507 4082 3679 4164 appa-

2048 4152 2274 4239 ruerat:
2307 4152 2706 4246 etvquemdam
2740 4169 3087 4240 quadratum
3109 4160 3383 4232 lapidem,
3420 4152 3679 4224 longitu-

2051 4270 2185 4327 dine
2213 4271 2268 4323 et
2297 4262 2604 4321 latitudine
2654 4257 2957 4329 aequalem,
2984 4253 3095 4308 sibi
3152 4247 3483 4320 sepulcrum
3541 4257 3685 4297 con-

2053 4358 2269 4416 struit:
2330 4358 2388 4410 et
2446 4367 2630 4419 aram,
2681 4363 2824 4419 quae,
2858 4343 2955 4400 illo
2995 4342 3257 4413 jubente,
3317 4337 3495 4393 Roma
3546 4329 3686 4385 illuc

2055 4445 2340 4505 translata
2369 4443 2576 4508 fuerat,
2599 4436 2780 4510 lapidi
2819 4431 3070 4503 imponit,
3109 4430 3161 4485 ei
3185 4420 3692 4491 taleminsculpens

2057 4533 2496 4606 inscriptionem
2530 4545 2544 4585 :
2578 4527 2785 4583 Electae
2817 4521 2980 4579 urbis
3012 4519 3153 4576 civis
3192 4518 3304 4572 hoc
3334 4514 3532 4570 vivens
3561 4505 3694 4574 feci,

310 4636 485 4708 καιρῷ
535 4631 786 4704 σώματος
837 4626 1022 4693 ἐνθάδε
1066 4629 1232 4698 θέσιν,
1263 4625 1507 4702 τοῦνομα
1542 4599 1820 4702 ’Ᾰϐέρκιος
1860 4599 1904 4657 'm

2031 4650 2037 4691 ι
2061 4633 2127 4686 ut
2153 4626 2247 4681 hic
2264 4629 2524 4695 tempore
2553 4619 2799 4675 habeam
2818 4613 3140 4687 posituram
3163 4605 3442 4678 corporis,
3463 4599 3698 4656 nomine

316 4723 390 4778 ὢν
439 4721 688 4795 μαθητὴς
738 4721 996 4792 ποιμένος
1059 4718 1245 4796 ἁγνοῦ,
1298 4721 1358 4781 ὃς
1419 4719 1603 4794 βόσκει
1661 4711 1949 4792 προϐάτων

317 4810 534 4887 ἀγέλας,
567 4807 713 4885 ὄρεσι
754 4807 966 4871 πεδίοις
1008 4830 1087 4876 τε,
1132 4807 1450 4888 ὀφθαλμοὺς
1506 4809 1566 4872 ὃς
1614 4804 1732 4886 ἔχει
1784 4804 1952 4881 μεγά-

321 4901 474 4969 λους,
522 4899 696 4955 πάντα
764 4899 1130 4973 καθορῶντας.
1193 4899 1365 4959 Οὗτος
1436 4898 1535 4972 γάρ
1617 4918 1682 4970 με
1756 4892 1960 4964 ἐδίδαξε

319 4991 618 5067 γράμματα
674 4986 857 5057 πιστὰ,
891 4987 968 5050 εἱς
1020 4987 1245 5059 Ῥώμην
1286 4986 1347 5048 ὃς
1379 4985 1615 5059 ἔπεμψεν
1666 4985 1764 5058 ἐμὲ
1805 4985 1962 5059 βασι-

324 5079 473 5136 λείαν
534 5079 786 5151 ἀθρῆσαι,
841 5076 934 5131 καὶ
1006 5074 1320 5149 βασίλισσαν
1385 5072 1520 5128 ίδεῐν
1562 5070 1964 5148 χρυσόστολον,

326 5164 753 5244 χρυσοπέδιλον.
785 5165 927 5219 Λαὸν
963 5161 1008 5218 δ’
1041 5160 1179 5217 εἶδον
1231 5162 1342 5218 ἐκεῖ
1385 5161 1641 5238 λαμπρὰν
1697 5156 1968 5238 σφραγῖδα

329 5255 529 5332 ἔχοντα
561 5275 574 5288 ’
606 5254 697 5309 καὶ
745 5253 943 5328 Συρίης
999 5249 1160 5307 πέδον
1219 5253 1404 5326 χώρας
1437 5250 1576 5306 εἶδον
1622 5270 1636 5284 ·
1685 5252 1772 5304 καὶ
1811 5247 1970 5304 ἄστεα

334 5345 509 5401 πάντα
571 5337 786 5402 Νίσιϐιν
843 5340 1128 5416 Εὐφράτην
1186 5334 1395 5402 διαϐάς.
1456 5339 1664 5400 Πάντας
1723 5335 1770 5392 δ’
1813 5337 1972 5413 ἔσχον

335 5433 684 5509 συνηγόρους,
717 5430 930 5486 Παῦλον
958 5425 1172 5485 ἔσωθεν.
1217 5429 1403 5493 Πίστις
1433 5426 1491 5483 δὲ
1535 5429 1694 5484 παντὶ
1743 5433 1972 5503 προῆγε,

337 5523 427 5580 καὶ
458 5521 733 5596 παρέθηκε
759 5521 968 5595 τροφήν
1003 5536 1018 5552 ⁸
1060 5518 1214 5593 ἷχθὲν
1263 5517 1368 5572 ἀπὸ
1398 5519 1582 5594 πηγῆς
1621 5515 1972 5593 παμμεγέθη,

339 5613 612 5686 καθαρόν·
663 5610 722 5665 ὃν
785 5605 1038 5683 ἐδράξατο
1104 5606 1366 5681 παρθένος
1425 5604 1589 5684 ἆγνὴ,
1639 5605 1729 5661 καὶ
1781 5609 1975 5659 τοῦτον

344 5699 581 5759 ἐπέδωκε
655 5699 839 5780 φίλοις
905 5697 1092 5754 ἐσθίειν
1167 5695 1479 5772 διαπαντὸς,
1525 5698 1669 5754 οἶνον
1740 5696 1980 5774 χρηστὸν

2063 4714 2362 4774 Abercius.
2393 4694 2502 4778 Qui
2525 4724 2654 4764 sum
2686 4703 3011 4775 discipulus
3033 4699 3283 4771 pastoris
3299 4694 3438 4750 casti
3463 4704 3699 4763 pascen-

2063 4807 2140 4862 tis
2171 4803 2363 4859 ovium
2396 4814 2602 4872 greges
2632 4796 2694 4850 in
2727 4791 3025 4849 montibus
3066 4791 3123 4843 et
3151 4784 3321 4856 agris,
3356 4798 3421 4837 ac
3456 4793 3700 4850 magnos

2069 4891 2340 4950 habentis
2399 4867 2620 4953 oculos,
2674 4880 2867 4938 omnia
2927 4879 3241 4933 intuentes.
3292 4871 3346 4927 Is
3401 4867 3555 4925 enim
3609 4881 3703 4921 me

2073 4982 2271 5038 docuit
2324 4978 2539 5033 litteras
2595 4971 2816 5037 fideles,
2857 4972 3098 5023 Romam
3126 4962 3227 5034 qui
3275 4974 3367 5016 me
3424 4955 3579 5012 misit
3633 4954 3706 5010 ad

2070 5070 2387 5126 videndum
2408 5063 2746 5137 imperium,
2779 5064 2835 5116 et
2850 5053 3281 5129 imperatricem
3313 5049 3580 5105 indutam
3607 5061 3709 5100 au-

2076 5161 2191 5218 reis
2219 5156 2476 5215 vestibus
2515 5161 2568 5210 et
2597 5149 2828 5208 calceis.
2868 5147 2990 5203 Illic
3029 5148 3222 5201 autem
3265 5138 3381 5194 vidi
3431 5137 3712 5209 populum

2078 5247 2446 5322 praeclarum,
2464 5241 2728 5311 insignes
2740 5236 2990 5294 annulos
3005 5234 3065 5289 in
3087 5229 3357 5288 manibus
3379 5229 3710 5299 gestantem.

2080 5313 2150 5395 I'It
2175 5338 2348 5410 Syrias
2397 5332 2648 5405 regionis
2693 5342 2966 5399 campum
2995 5323 3135 5389 vidi,
3165 5328 3218 5377 et
3247 5319 3444 5376 omnia
3501 5313 3715 5386 oppida

2081 5405 2308 5484 Nisibin
2360 5427 2417 5480 et
2471 5417 2925 5491 Mesopotamia,
2982 5409 3327 5470 transmisso
3401 5405 3711 5476 Euphrate.

2088 5515 2273 5573 Habui
2304 5521 2495 5570 autem
2527 5524 2728 5568 omnes
2759 5506 2834 5563 ad
2865 5505 3130 5561 eamdem
3160 5498 3456 5556 venientes
3485 5491 3720 5550 concio-

2089 5622 2243 5670 nem,
2278 5607 2334 5660 et
2363 5601 2610 5658 Paulum
2641 5598 3013 5654 intrinsecus.
3048 5591 3216 5647 Fides
3258 5591 3450 5645 autem
3482 5577 3721 5637 omnino

2092 5665 2365 5768 produxit
2394 5695 2452 5749 et
2480 5687 2754 5762 apposuit
2775 5685 3218 5747 nutrimentum,
3249 5677 3462 5748 piscem
3482 5684 3550 5726 ex
3569 5665 3725 5722 fonte
