  <div class='ocr_page' id='page_1' title='image "/cluster/home/n/w/nwhite01/storage/ocr_20150623/115/mdp.39015028574336/647.png"; bbox 0 0 4128 6274; ppageno 0'>
   <div class='ocr_carea' id='block_1_1' title="bbox 447 324 602 386">
    <p class='ocr_par' dir='ltr' id='par_1_1' title="bbox 447 324 602 386">
     <span class='ocr_line' id='line_1_1' title="bbox 447 324 602 386; baseline -0.013 0"><span class='ocrx_word' id='word_1_1' title='bbox 447 324 602 386; x_wconf 72' lang='grc'><strong>124⁸7</strong></span> 
     </span>
    </p>
   </div>
   <div class='ocr_carea' id='block_1_2' title="bbox 1786 308 2492 374">
    <p class='ocr_par' dir='ltr' id='par_1_2' title="bbox 1786 308 2492 374">
     <span class='ocr_line' id='line_1_2' title="bbox 1786 308 2492 374; baseline -0.006 0"><span class='ocrx_word' id='word_1_2' title='bbox 1786 312 2068 374; x_wconf 85' lang='lat' dir='ltr'><strong>MENSIS</strong></span> <span class='ocrx_word' id='word_1_3' title='bbox 2114 308 2492 373; x_wconf 84' lang='lat' dir='ltr'><strong>OCTOBER.</strong></span> 
     </span>
    </p>
   </div>
   <div class='ocr_carea' id='block_1_3' title="bbox 3688 310 3859 371">
    <p class='ocr_par' dir='ltr' id='par_1_3' title="bbox 3688 310 3859 371">
     <span class='ocr_line' id='line_1_3' title="bbox 3688 310 3859 371; baseline 0.012 -2"><span class='ocrx_word' id='word_1_4' title='bbox 3688 310 3859 371; x_wconf 73' lang='lat'><strong>1248</strong></span> 
     </span>
    </p>
   </div>
   <div class='ocr_carea' id='block_1_4' title="bbox 443 464 2083 557">
    <p class='ocr_par' dir='ltr' id='par_1_4' title="bbox 443 474 2073 552">
     <span class='ocr_line' id='line_1_4' title="bbox 443 474 2073 552; baseline -0.008 -13"><span class='ocrx_word' id='word_1_5' title='bbox 443 484 758 552; x_wconf 76' lang='lat' dir='ltr'><strong>ingentem,</strong></span> <span class='ocrx_word' id='word_1_6' title='bbox 789 496 963 551; x_wconf 87' lang='lat' dir='ltr'><strong>quem</strong></span> <span class='ocrx_word' id='word_1_7' title='bbox 995 493 1208 549; x_wconf 89' lang='lat' dir='ltr'><strong>purum</strong></span> <span class='ocrx_word' id='word_1_8' title='bbox 1258 475 1645 549; x_wconf 80' lang='lat' dir='ltr'><strong>apprehendit</strong></span> <span class='ocrx_word' id='word_1_9' title='bbox 1687 474 1847 545; x_wconf 87' lang='lat' dir='ltr'><strong>virgo</strong></span> <span class='ocrx_word' id='word_1_10' title='bbox 1880 477 2073 529; x_wconf 87' lang='lat' dir='ltr'><strong>casta:</strong></span> 
     </span>
    </p>
   </div>
   <div class='ocr_carea' id='block_1_5' title="bbox 2192 464 3851 557">
    <p class='ocr_par' dir='ltr' id='par_1_5' title="bbox 2192 464 3851 547">
     <span class='ocr_line' id='line_1_5' title="bbox 2192 464 3851 547; baseline 0.002 -24"><span class='ocrx_word' id='word_1_11' title='bbox 2192 468 2414 543; x_wconf 79' lang='grc' dir='ltr'>ἔχουσα,</span> <span class='ocrx_word' id='word_1_12' title='bbox 2466 466 2711 543; x_wconf 84' lang='grc' dir='ltr'>κέρασμα</span> <span class='ocrx_word' id='word_1_13' title='bbox 2760 464 2979 522; x_wconf 78' lang='grc' dir='ltr'>διδοῦσα</span> <span class='ocrx_word' id='word_1_14' title='bbox 3047 470 3164 541; x_wconf 78' lang='grc' dir='ltr'>μετ’</span> <span class='ocrx_word' id='word_1_15' title='bbox 3217 468 3404 546; x_wconf 80' lang='grc' dir='ltr'><strong>ἄρτου.</strong></span> <span class='ocrx_word' id='word_1_16' title='bbox 3447 474 3634 528; x_wconf 76' lang='grc' dir='ltr'>Ταῦτα</span> <span class='ocrx_word' id='word_1_17' title='bbox 3673 493 3851 547; x_wconf 81' lang='grc' dir='ltr'>παρε-</span> 
     </span>
    </p>
   </div>
   <div class='ocr_carea' id='block_1_6' title="bbox 444 561 2081 641">
    <p class='ocr_par' dir='ltr' id='par_1_6' title="bbox 444 561 2081 641">
     <span class='ocr_line' id='line_1_6' title="bbox 444 561 2081 641; baseline -0.007 -14"><span class='ocrx_word' id='word_1_18' title='bbox 444 577 502 627; x_wconf 88' lang='lat' dir='ltr'><strong>et</strong></span> <span class='ocrx_word' id='word_1_19' title='bbox 531 587 660 627; x_wconf 88' lang='lat' dir='ltr'><strong>eum</strong></span> <span class='ocrx_word' id='word_1_20' title='bbox 694 573 965 641; x_wconf 87' lang='lat' dir='ltr'><strong>perpetuo</strong></span> <span class='ocrx_word' id='word_1_21' title='bbox 1014 566 1301 622; x_wconf 90' lang='lat' dir='ltr'><strong>edendum</strong></span> <span class='ocrx_word' id='word_1_22' title='bbox 1335 563 1575 620; x_wconf 82' lang='lat' dir='ltr'><strong>tradidit</strong></span> <span class='ocrx_word' id='word_1_23' title='bbox 1610 563 1835 630; x_wconf 81' lang='lat' dir='ltr'><strong>amicis,</strong></span> <span class='ocrx_word' id='word_1_24' title='bbox 1881 561 2081 616; x_wconf 91' lang='lat' dir='ltr'><strong>vinum</strong></span> 
     </span>
    </p>
   </div>
   <div class='ocr_carea' id='block_1_7' title="bbox 444 655 2081 727">
    <p class='ocr_par' dir='ltr' id='par_1_7' title="bbox 444 655 2081 727">
     <span class='ocr_line' id='line_1_7' title="bbox 444 655 2081 727; baseline -0.007 -12"><span class='ocrx_word' id='word_1_25' title='bbox 444 660 666 715; x_wconf 83' lang='lat' dir='ltr'><strong>habens</strong></span> <span class='ocrx_word' id='word_1_26' title='bbox 698 659 938 723; x_wconf 90' lang='lat' dir='ltr'><strong>bonum,</strong></span> <span class='ocrx_word' id='word_1_27' title='bbox 978 656 1127 727; x_wconf 91' lang='lat' dir='ltr'><strong>quod</strong></span> <span class='ocrx_word' id='word_1_28' title='bbox 1158 656 1255 710; x_wconf 89' lang='lat' dir='ltr'><strong>dat</strong></span> <span class='ocrx_word' id='word_1_29' title='bbox 1302 670 1434 709; x_wconf 93' lang='lat' dir='ltr'><strong>cum</strong></span> <span class='ocrx_word' id='word_1_30' title='bbox 1496 668 1646 724; x_wconf 88' lang='lat' dir='ltr'><strong>pane</strong></span> <span class='ocrx_word' id='word_1_31' title='bbox 1675 655 2081 721; x_wconf 86' lang='lat' dir='ltr'><strong>temperatum.</strong></span> 
     </span>
    </p>
   </div>
   <div class='ocr_carea' id='block_1_8' title="bbox 443 741 2084 813">
    <p class='ocr_par' dir='ltr' id='par_1_8' title="bbox 443 741 2084 813">
     <span class='ocr_line' id='line_1_8' title="bbox 443 741 2084 813; baseline -0.007 -10"><span class='ocrx_word' id='word_1_32' title='bbox 443 747 575 803; x_wconf 72' lang='lat' dir='ltr'><strong>Haec</strong></span> <span class='ocrx_word' id='word_1_33' title='bbox 606 748 848 802; x_wconf 79' lang='lat' dir='ltr'><strong>adstans</strong></span> <span class='ocrx_word' id='word_1_34' title='bbox 894 744 1177 799; x_wconf 84' lang='lat' dir='ltr'><strong>Abercius</strong></span> <span class='ocrx_word' id='word_1_35' title='bbox 1202 743 1404 813; x_wconf 78' lang='lat' dir='ltr'><strong>jussit,</strong></span> <span class='ocrx_word' id='word_1_36' title='bbox 1439 745 1503 797; x_wconf 88' lang='lat' dir='ltr'><strong>ut</strong></span> <span class='ocrx_word' id='word_1_37' title='bbox 1546 741 1959 803; x_wconf 80' lang='lat' dir='ltr'><strong>scriberentur,</strong></span> <span class='ocrx_word' id='word_1_38' title='bbox 1992 755 2084 793; x_wconf 91' lang='lat' dir='ltr'><strong>se-</strong></span> 
     </span>
    </p>
   </div>
   <div class='ocr_carea' id='block_1_9' title="bbox 445 832 2083 908">
    <p class='ocr_par' dir='ltr' id='par_1_9' title="bbox 445 832 2083 908">
     <span class='ocr_line' id='line_1_9' title="bbox 445 832 2083 908; baseline -0.007 -17"><span class='ocrx_word' id='word_1_39' title='bbox 445 836 876 908; x_wconf 81' lang='lat' dir='ltr'><strong>ptuagesimum</strong></span> <span class='ocrx_word' id='word_1_40' title='bbox 910 833 1233 889; x_wconf 88' lang='lat' dir='ltr'><strong>secundum</strong></span> <span class='ocrx_word' id='word_1_41' title='bbox 1269 847 1487 887; x_wconf 88' lang='lat' dir='ltr'><strong>annum</strong></span> <span class='ocrx_word' id='word_1_42' title='bbox 1521 845 1654 885; x_wconf 88' lang='lat' dir='ltr'><strong>vere</strong></span> <span class='ocrx_word' id='word_1_43' title='bbox 1712 846 1911 900; x_wconf 84' lang='lat' dir='ltr'><strong>agens.</strong></span> <span class='ocrx_word' id='word_1_44' title='bbox 1954 832 2083 881; x_wconf 64' lang='lat' dir='ltr'><strong>Haec</strong></span> 
     </span>
    </p>
   </div>
   <div class='ocr_carea' id='block_1_10' title="bbox 443 917 2086 997">
    <p class='ocr_par' dir='ltr' id='par_1_10' title="bbox 443 917 2086 997">
     <span class='ocr_line' id='line_1_10' title="bbox 443 917 2086 997; baseline -0.006 -17"><span class='ocrx_word' id='word_1_45' title='bbox 443 926 701 997; x_wconf 61' lang='lat' dir='ltr'><strong>cogitansl</strong></span> <span class='ocrx_word' id='word_1_46' title='bbox 733 923 979 980; x_wconf 87' lang='lat' dir='ltr'><strong>oraverit</strong></span> <span class='ocrx_word' id='word_1_47' title='bbox 1003 939 1102 992; x_wconf 91' lang='lat' dir='ltr'><strong>pro</strong></span> <span class='ocrx_word' id='word_1_48' title='bbox 1136 921 1391 987; x_wconf 89' lang='lat' dir='ltr'><strong>Abercio,</strong></span> <span class='ocrx_word' id='word_1_49' title='bbox 1427 921 1757 989; x_wconf 89' lang='lat' dir='ltr'><strong>quicunque</strong></span> <span class='ocrx_word' id='word_1_50' title='bbox 1788 917 2086 973; x_wconf 90' lang='lat' dir='ltr'><strong>nobiscum</strong></span> 
     </span>
    </p>
   </div>
   <div class='ocr_carea' id='block_1_11' title="bbox 442 1006 2084 1076">
    <p class='ocr_par' dir='ltr' id='par_1_11' title="bbox 442 1006 2084 1076">
     <span class='ocr_line' id='line_1_11' title="bbox 442 1006 2084 1076; baseline -0.004 -8"><span class='ocrx_word' id='word_1_51' title='bbox 442 1014 637 1068; x_wconf 84' lang='lat' dir='ltr'><strong>sentit.</strong></span> <span class='ocrx_word' id='word_1_52' title='bbox 674 1013 802 1069; x_wconf 89' lang='lat' dir='ltr'><strong>Non</strong></span> <span class='ocrx_word' id='word_1_53' title='bbox 831 1017 1027 1067; x_wconf 90' lang='lat' dir='ltr'><strong>tamen</strong></span> <span class='ocrx_word' id='word_1_54' title='bbox 1071 1009 1319 1066; x_wconf 86' lang='lat' dir='ltr'><strong>alterum</strong></span> <span class='ocrx_word' id='word_1_55' title='bbox 1362 1009 1656 1063; x_wconf 91' lang='lat' dir='ltr'><strong>tumulum</strong></span> <span class='ocrx_word' id='word_1_56' title='bbox 1700 1006 1863 1071; x_wconf 90' lang='lat' dir='ltr'><strong>mihi,</strong></span> <span class='ocrx_word' id='word_1_57' title='bbox 1898 1022 2084 1076; x_wconf 90' lang='lat' dir='ltr'><strong>neque</strong></span> 
     </span>
    </p>
   </div>
   <div class='ocr_carea' id='block_1_12' title="bbox 443 1095 2083 1172">
    <p class='ocr_par' dir='ltr' id='par_1_12' title="bbox 443 1095 2083 1172">
     <span class='ocr_line' id='line_1_12' title="bbox 443 1095 2083 1172; baseline -0.005 -16"><span class='ocrx_word' id='word_1_58' title='bbox 443 1101 602 1157; x_wconf 91' lang='lat' dir='ltr'><strong>hunc</strong></span> <span class='ocrx_word' id='word_1_59' title='bbox 652 1101 709 1156; x_wconf 92' lang='lat' dir='ltr'><strong>in</strong></span> <span class='ocrx_word' id='word_1_60' title='bbox 762 1100 1047 1172; x_wconf 86' lang='lat' dir='ltr'><strong>superiori</strong></span> <span class='ocrx_word' id='word_1_61' title='bbox 1104 1099 1228 1155; x_wconf 92' lang='lat' dir='ltr'><strong>loco</strong></span> <span class='ocrx_word' id='word_1_62' title='bbox 1259 1100 1519 1170; x_wconf 85' lang='lat' dir='ltr'><strong>imponet</strong></span> <span class='ocrx_word' id='word_1_63' title='bbox 1571 1097 1805 1167; x_wconf 89' lang='lat' dir='ltr'><strong>aliquis.</strong></span> <span class='ocrx_word' id='word_1_64' title='bbox 1840 1096 2002 1159; x_wconf 89' lang='lat' dir='ltr'><strong>Quod</strong></span> <span class='ocrx_word' id='word_1_65' title='bbox 2035 1095 2083 1148; x_wconf 91' lang='lat' dir='ltr'><strong>si</strong></span> 
     </span>
    </p>
   </div>
   <div class='ocr_carea' id='block_1_13' title="bbox 440 1184 2086 1259">
    <p class='ocr_par' dir='ltr' id='par_1_13' title="bbox 440 1184 2086 1259">
     <span class='ocr_line' id='line_1_13' title="bbox 440 1184 2086 1259; baseline -0.006 -14"><span class='ocrx_word' id='word_1_66' title='bbox 440 1190 657 1259; x_wconf 88' lang='lat' dir='ltr'><strong>fecerit,</strong></span> <span class='ocrx_word' id='word_1_67' title='bbox 692 1190 946 1245; x_wconf 82' lang='lat' dir='ltr'><strong>Romano</strong></span> <span class='ocrx_word' id='word_1_68' title='bbox 975 1188 1172 1243; x_wconf 71' lang='lat' dir='ltr'><strong>aerario</strong></span> <span class='ocrx_word' id='word_1_69' title='bbox 1206 1185 1387 1243; x_wconf 82' lang='lat' dir='ltr'><strong>solvet</strong></span> <span class='ocrx_word' id='word_1_70' title='bbox 1425 1186 1517 1241; x_wconf 88' lang='lat' dir='ltr'><strong>bis</strong></span> <span class='ocrx_word' id='word_1_71' title='bbox 1564 1184 1722 1239; x_wconf 93' lang='lat' dir='ltr'><strong>mille</strong></span> <span class='ocrx_word' id='word_1_72' title='bbox 1772 1198 1999 1247; x_wconf 88' lang='lat' dir='ltr'><strong>aureos,</strong></span> <span class='ocrx_word' id='word_1_73' title='bbox 2033 1190 2086 1236; x_wconf 91' lang='lat' dir='ltr'><strong>et</strong></span> 
     </span>
    </p>
   </div>
   <div class='ocr_carea' id='block_1_14' title="bbox 440 1270 2084 1350">
    <p class='ocr_par' dir='ltr' id='par_1_14' title="bbox 440 1270 2084 1350">
     <span class='ocr_line' id='line_1_14' title="bbox 440 1270 2084 1350; baseline -0.005 -16"><span class='ocrx_word' id='word_1_74' title='bbox 440 1278 605 1334; x_wconf 69' lang='lat' dir='ltr'><strong>bona:</strong></span> <span class='ocrx_word' id='word_1_75' title='bbox 658 1279 855 1350; x_wconf 64' lang='lat' dir='ltr'><strong>patriai</strong></span> <span class='ocrx_word' id='word_1_76' title='bbox 912 1276 1206 1346; x_wconf 81' lang='lat' dir='ltr'><strong>Hierapoli</strong></span> <span class='ocrx_word' id='word_1_77' title='bbox 1266 1274 1422 1330; x_wconf 88' lang='lat' dir='ltr'><strong>mille</strong></span> <span class='ocrx_word' id='word_1_78' title='bbox 1496 1289 1721 1328; x_wconf 88' lang='lat' dir='ltr'><strong>aureos.</strong></span> <span class='ocrx_word' id='word_1_79' title='bbox 1780 1270 2084 1341; x_wconf 85' lang='lat' dir='ltr'><strong>Inscriptio</strong></span> 
     </span>
    </p>
   </div>
   <div class='ocr_carea' id='block_1_15' title="bbox 440 1362 2140 1438">
    <p class='ocr_par' dir='ltr' id='par_1_15' title="bbox 440 1362 2140 1438">
     <span class='ocr_line' id='line_1_15' title="bbox 440 1362 2140 1438; baseline -0.005 -15"><span class='ocrx_word' id='word_1_80' title='bbox 440 1368 673 1438; x_wconf 89' lang='lat' dir='ltr'><strong>quidem</strong></span> <span class='ocrx_word' id='word_1_81' title='bbox 709 1368 793 1422; x_wconf 89' lang='lat' dir='ltr'><strong>sic</strong></span> <span class='ocrx_word' id='word_1_82' title='bbox 824 1383 887 1423; x_wconf 90' lang='lat' dir='ltr'><strong>se</strong></span> <span class='ocrx_word' id='word_1_83' title='bbox 924 1366 1173 1422; x_wconf 82' lang='lat' dir='ltr'><strong>habebat</strong></span> <span class='ocrx_word' id='word_1_84' title='bbox 1220 1365 1292 1420; x_wconf 91' lang='lat' dir='ltr'><strong>ad</strong></span> <span class='ocrx_word' id='word_1_85' title='bbox 1340 1364 1603 1430; x_wconf 86' lang='lat' dir='ltr'><strong>verbum,</strong></span> <span class='ocrx_word' id='word_1_86' title='bbox 1654 1362 1758 1419; x_wconf 88' lang='lat' dir='ltr'><strong>sed</strong></span> <span class='ocrx_word' id='word_1_87' title='bbox 1788 1366 2022 1433; x_wconf 86' lang='lat' dir='ltr'><strong>tempus</strong></span> <span class='ocrx_word' id='word_1_88' title='bbox 2073 1376 2140 1416; x_wconf 87' lang='lat' dir='ltr'><strong>ex</strong></span> 
     </span>
    </p>
   </div>
   <div class='ocr_carea' id='block_1_16' title="bbox 442 1457 891 1512">
    <p class='ocr_par' dir='ltr' id='par_1_16' title="bbox 442 1457 891 1512">
     <span class='ocr_line' id='line_1_16' title="bbox 442 1457 891 1512; baseline -0.004 -1"><span class='ocrx_word' id='word_1_89' title='bbox 442 1457 891 1512; x_wconf 84' lang='lat' dir='ltr'><strong>desideraretur.</strong></span> 
     </span>
    </p>
   </div>
   <div class='ocr_carea' id='block_1_17' title="bbox 513 1540 2083 1616">
    <p class='ocr_par' dir='ltr' id='par_1_17' title="bbox 513 1540 2083 1616">
     <span class='ocr_line' id='line_1_17' title="bbox 513 1540 2083 1616; baseline -0.004 -15"><span class='ocrx_word' id='word_1_90' title='bbox 513 1545 708 1604; x_wconf 85' lang='lat' dir='ltr'><strong>XXIX.</strong></span> <span class='ocrx_word' id='word_1_91' title='bbox 758 1546 886 1616; x_wconf 87' lang='lat' dir='ltr'><strong>Ipse</strong></span> <span class='ocrx_word' id='word_1_92' title='bbox 914 1545 1152 1599; x_wconf 87' lang='lat' dir='ltr'><strong>tandem</strong></span> <span class='ocrx_word' id='word_1_93' title='bbox 1211 1558 1343 1599; x_wconf 90' lang='lat' dir='ltr'><strong>cum</strong></span> <span class='ocrx_word' id='word_1_94' title='bbox 1406 1542 1775 1614; x_wconf 80' lang='lat' dir='ltr'><strong>presbyteros</strong></span> <span class='ocrx_word' id='word_1_95' title='bbox 1822 1540 1995 1596; x_wconf 86' lang='lat' dir='ltr'><strong>simul</strong></span> <span class='ocrx_word' id='word_1_96' title='bbox 2027 1545 2083 1595; x_wconf 92' lang='lat' dir='ltr'><strong>et</strong></span> 
     </span>
    </p>
   </div>
   <div class='ocr_carea' id='block_1_18' title="bbox 448 1628 2079 1705">
    <p class='ocr_par' dir='ltr' id='par_1_18' title="bbox 448 1628 2079 1705">
     <span class='ocr_line' id='line_1_18' title="bbox 448 1628 2079 1705; baseline -0.007 -12"><span class='ocrx_word' id='word_1_97' title='bbox 448 1638 740 1704; x_wconf 87' lang='lat' dir='ltr'><strong>diaconos,</strong></span> <span class='ocrx_word' id='word_1_98' title='bbox 771 1638 827 1689; x_wconf 88' lang='lat' dir='ltr'><strong>et</strong></span> <span class='ocrx_word' id='word_1_99' title='bbox 866 1634 1149 1705; x_wconf 91' lang='lat' dir='ltr'><strong>quosdam</strong></span> <span class='ocrx_word' id='word_1_100' title='bbox 1181 1636 1445 1688; x_wconf 88' lang='lat' dir='ltr'><strong>vocasset</strong></span> <span class='ocrx_word' id='word_1_101' title='bbox 1474 1648 1543 1686; x_wconf 84' lang='lat' dir='ltr'><strong>ex</strong></span> <span class='ocrx_word' id='word_1_102' title='bbox 1574 1631 1787 1703; x_wconf 91' lang='lat' dir='ltr'><strong>populo</strong></span> <span class='ocrx_word' id='word_1_103' title='bbox 1820 1647 1833 1685; x_wconf 87' lang='lat'><strong>:</strong></span> <span class='ocrx_word' id='word_1_104' title='bbox 1870 1628 2079 1697; x_wconf 89' lang='lat' dir='ltr'><strong>Filioli,</strong></span> 
     </span>
    </p>
   </div>
   <div class='ocr_carea' id='block_1_19' title="bbox 444 1720 2079 1797">
    <p class='ocr_par' dir='ltr' id='par_1_19' title="bbox 444 1720 2079 1797">
     <span class='ocr_line' id='line_1_19' title="bbox 444 1720 2079 1797; baseline -0.004 -16"><span class='ocrx_word' id='word_1_105' title='bbox 444 1724 657 1797; x_wconf 85' lang='lat' dir='ltr'><strong>inquit,</strong></span> <span class='ocrx_word' id='word_1_106' title='bbox 697 1723 841 1778; x_wconf 90' lang='lat' dir='ltr'><strong>mihi</strong></span> <span class='ocrx_word' id='word_1_107' title='bbox 873 1722 1107 1792; x_wconf 90' lang='lat' dir='ltr'><strong>quidem</strong></span> <span class='ocrx_word' id='word_1_108' title='bbox 1129 1723 1252 1792; x_wconf 89' lang='lat' dir='ltr'><strong>jam</strong></span> <span class='ocrx_word' id='word_1_109' title='bbox 1287 1725 1451 1776; x_wconf 90' lang='lat' dir='ltr'><strong>adest</strong></span> <span class='ocrx_word' id='word_1_110' title='bbox 1488 1721 1615 1775; x_wconf 61' lang='lat' dir='ltr'><strong>vita:</strong></span> <span class='ocrx_word' id='word_1_111' title='bbox 1650 1720 1799 1779; x_wconf 84' lang='lat' dir='ltr'><strong>ﬁnis.</strong></span> <span class='ocrx_word' id='word_1_112' title='bbox 1830 1723 1888 1774; x_wconf 90' lang='lat' dir='ltr'><strong>et</strong></span> <span class='ocrx_word' id='word_1_113' title='bbox 1916 1720 2079 1784; x_wconf 89' lang='lat' dir='ltr'><strong>abeo,</strong></span> 
     </span>
    </p>
   </div>
   <div class='ocr_carea' id='block_1_20' title="bbox 448 1809 2078 1888">
    <p class='ocr_par' dir='ltr' id='par_1_20' title="bbox 448 1809 2078 1888">
     <span class='ocr_line' id='line_1_20' title="bbox 448 1809 2078 1888; baseline -0.006 -16"><span class='ocrx_word' id='word_1_114' title='bbox 448 1834 480 1872; x_wconf 97' lang='lat' dir='ltr'><strong>o</strong></span> <span class='ocrx_word' id='word_1_115' title='bbox 509 1831 648 1888; x_wconf 83' lang='lat' dir='ltr'><strong>grex</strong></span> <span class='ocrx_word' id='word_1_116' title='bbox 678 1813 820 1869; x_wconf 91' lang='lat' dir='ltr'><strong>mihi</strong></span> <span class='ocrx_word' id='word_1_117' title='bbox 854 1812 1063 1868; x_wconf 88' lang='lat' dir='ltr'><strong>dilecte</strong></span> <span class='ocrx_word' id='word_1_118' title='bbox 1096 1829 1109 1867; x_wconf 91' lang='lat'><strong>:</strong></span> <span class='ocrx_word' id='word_1_119' title='bbox 1141 1814 1281 1867; x_wconf 90' lang='lat' dir='ltr'><strong>abeo</strong></span> <span class='ocrx_word' id='word_1_120' title='bbox 1313 1813 1385 1867; x_wconf 91' lang='lat' dir='ltr'><strong>ad</strong></span> <span class='ocrx_word' id='word_1_121' title='bbox 1424 1811 1505 1877; x_wconf 90' lang='lat' dir='ltr'><strong>id,</strong></span> <span class='ocrx_word' id='word_1_122' title='bbox 1552 1811 1702 1881; x_wconf 93' lang='lat' dir='ltr'><strong>quod</strong></span> <span class='ocrx_word' id='word_1_123' title='bbox 1755 1809 1842 1866; x_wconf 92' lang='lat' dir='ltr'><strong>vel</strong></span> <span class='ocrx_word' id='word_1_124' title='bbox 1874 1810 1944 1865; x_wconf 89' lang='lat' dir='ltr'><strong>ab</strong></span> <span class='ocrx_word' id='word_1_125' title='bbox 1990 1809 2078 1863; x_wconf 87' lang='lat' dir='ltr'><strong>in-</strong></span> 
     </span>
    </p>
   </div>
   <div class='ocr_carea' id='block_1_21' title="bbox 449 1899 2083 1970">
    <p class='ocr_par' dir='ltr' id='par_1_21' title="bbox 449 1899 2083 1970">
     <span class='ocr_line' id='line_1_21' title="bbox 449 1899 2083 1970; baseline -0.006 -9"><span class='ocrx_word' id='word_1_126' title='bbox 449 1909 621 1961; x_wconf 87' lang='lat' dir='ltr'><strong>eunte</strong></span> <span class='ocrx_word' id='word_1_127' title='bbox 650 1907 814 1958; x_wconf 68' lang='lat' dir='ltr'><strong>aetate</strong></span> <span class='ocrx_word' id='word_1_128' title='bbox 844 1900 1270 1969; x_wconf 84' lang='lat' dir='ltr'><strong>desiderabam,</strong></span> <span class='ocrx_word' id='word_1_129' title='bbox 1301 1900 1433 1955; x_wconf 57' lang='lat' dir='ltr'><strong>vitae</strong></span> <span class='ocrx_word' id='word_1_130' title='bbox 1470 1916 1692 1970; x_wconf 82' lang='lat' dir='ltr'><strong>genus:</strong></span> <span class='ocrx_word' id='word_1_131' title='bbox 1744 1904 1801 1954; x_wconf 89' lang='lat' dir='ltr'><strong>et</strong></span> <span class='ocrx_word' id='word_1_132' title='bbox 1848 1899 1915 1955; x_wconf 88' lang='lat' dir='ltr'><strong>ad</strong></span> <span class='ocrx_word' id='word_1_133' title='bbox 1950 1914 2083 1953; x_wconf 90' lang='lat' dir='ltr'><strong>eum</strong></span> 
     </span>
    </p>
   </div>
   <div class='ocr_carea' id='block_1_22' title="bbox 449 1988 2082 2064">
    <p class='ocr_par' dir='ltr' id='par_1_22' title="bbox 449 1988 2082 2064">
     <span class='ocr_line' id='line_1_22' title="bbox 449 1988 2082 2064; baseline -0.006 -14"><span class='ocrx_word' id='word_1_134' title='bbox 449 1994 619 2064; x_wconf 89' lang='lat' dir='ltr'><strong>cujus</strong></span> <span class='ocrx_word' id='word_1_135' title='bbox 650 2008 751 2062; x_wconf 94' lang='lat' dir='ltr'><strong>ego</strong></span> <span class='ocrx_word' id='word_1_136' title='bbox 784 1990 965 2046; x_wconf 90' lang='lat' dir='ltr'><strong>solius</strong></span> <span class='ocrx_word' id='word_1_137' title='bbox 1000 1995 1201 2045; x_wconf 85' lang='lat' dir='ltr'><strong>teneor</strong></span> <span class='ocrx_word' id='word_1_138' title='bbox 1249 1989 1559 2057; x_wconf 90' lang='lat' dir='ltr'><strong>desiderio,</strong></span> <span class='ocrx_word' id='word_1_139' title='bbox 1593 1993 1649 2043; x_wconf 91' lang='lat' dir='ltr'><strong>et</strong></span> <span class='ocrx_word' id='word_1_140' title='bbox 1688 1989 1858 2059; x_wconf 89' lang='lat' dir='ltr'><strong>cujus</strong></span> <span class='ocrx_word' id='word_1_141' title='bbox 1889 1988 2082 2042; x_wconf 89' lang='lat' dir='ltr'><strong>divino</strong></span> 
     </span>
    </p>
   </div>
   <div class='ocr_carea' id='block_1_23' title="bbox 447 2077 2079 2139">
    <p class='ocr_par' dir='ltr' id='par_1_23' title="bbox 447 2077 2079 2139">
     <span class='ocr_line' id='line_1_23' title="bbox 447 2077 2079 2139; baseline -0.006 -1"><span class='ocrx_word' id='word_1_142' title='bbox 447 2096 640 2139; x_wconf 89' lang='lat' dir='ltr'><strong>amore</strong></span> <span class='ocrx_word' id='word_1_143' title='bbox 672 2079 1045 2134; x_wconf 83' lang='lat' dir='ltr'><strong>vehementer</strong></span> <span class='ocrx_word' id='word_1_144' title='bbox 1078 2078 1357 2133; x_wconf 90' lang='lat' dir='ltr'><strong>incendor</strong></span> <span class='ocrx_word' id='word_1_145' title='bbox 1390 2094 1404 2133; x_wconf 89' lang='lat'><strong>:</strong></span> <span class='ocrx_word' id='word_1_146' title='bbox 1454 2078 1595 2133; x_wconf 91' lang='lat' dir='ltr'><strong>abeo</strong></span> <span class='ocrx_word' id='word_1_147' title='bbox 1652 2092 1784 2132; x_wconf 89' lang='lat' dir='ltr'><strong>eum</strong></span> <span class='ocrx_word' id='word_1_148' title='bbox 1830 2077 2079 2131; x_wconf 85' lang='lat' dir='ltr'><strong>visurus.</strong></span> 
     </span>
    </p>
   </div>
   <div class='ocr_carea' id='block_1_24' title="bbox 444 2166 2082 2237">
    <p class='ocr_par' dir='ltr' id='par_1_24' title="bbox 444 2166 2082 2237">
     <span class='ocr_line' id='line_1_24' title="bbox 444 2166 2082 2237; baseline -0.001 -13"><span class='ocrx_word' id='word_1_149' title='bbox 444 2169 624 2224; x_wconf 91' lang='lat' dir='ltr'><strong>Vobis</strong></span> <span class='ocrx_word' id='word_1_150' title='bbox 682 2172 874 2223; x_wconf 86' lang='lat' dir='ltr'><strong>autem</strong></span> <span class='ocrx_word' id='word_1_151' title='bbox 933 2167 1423 2223; x_wconf 88' lang='lat' dir='ltr'><strong>considerandum</strong></span> <span class='ocrx_word' id='word_1_152' title='bbox 1455 2172 1565 2235; x_wconf 91' lang='lat' dir='ltr'><strong>est,</strong></span> <span class='ocrx_word' id='word_1_153' title='bbox 1608 2182 1921 2237; x_wconf 88' lang='lat' dir='ltr'><strong>quemnam</strong></span> <span class='ocrx_word' id='word_1_154' title='bbox 1955 2166 2082 2223; x_wconf 87' lang='lat' dir='ltr'><strong>sitis</strong></span> 
     </span>
    </p>
   </div>
   <div class='ocr_carea' id='block_1_25' title="bbox 449 2255 2079 2327">
    <p class='ocr_par' dir='ltr' id='par_1_25' title="bbox 449 2255 2079 2327">
     <span class='ocr_line' id='line_1_25' title="bbox 449 2255 2079 2327; baseline -0.001 -15"><span class='ocrx_word' id='word_1_155' title='bbox 449 2258 612 2314; x_wconf 91' lang='lat' dir='ltr'><strong>vobis</strong></span> <span class='ocrx_word' id='word_1_156' title='bbox 637 2258 817 2312; x_wconf 90' lang='lat' dir='ltr'><strong>electu</strong></span> <span class='ocrx_word' id='word_1_157' title='bbox 829 2257 874 2310; x_wconf 90' lang='lat' dir='ltr'><strong>ri</strong></span> <span class='ocrx_word' id='word_1_158' title='bbox 894 2256 1256 2327; x_wconf 89' lang='lat' dir='ltr'><strong>episcopum,</strong></span> <span class='ocrx_word' id='word_1_159' title='bbox 1276 2255 1377 2325; x_wconf 91' lang='lat' dir='ltr'><strong>qui</strong></span> <span class='ocrx_word' id='word_1_160' title='bbox 1400 2261 1457 2310; x_wconf 89' lang='lat' dir='ltr'><strong>et</strong></span> <span class='ocrx_word' id='word_1_161' title='bbox 1476 2271 1577 2311; x_wconf 91' lang='lat' dir='ltr'><strong>vos</strong></span> <span class='ocrx_word' id='word_1_162' title='bbox 1604 2263 1731 2325; x_wconf 87' lang='lat' dir='ltr'><strong>post</strong></span> <span class='ocrx_word' id='word_1_163' title='bbox 1754 2272 1844 2311; x_wconf 88' lang='lat' dir='ltr'><strong>me</strong></span> <span class='ocrx_word' id='word_1_164' title='bbox 1864 2260 2079 2325; x_wconf 85' lang='lat' dir='ltr'><strong>pascet,</strong></span> 
     </span>
    </p>
   </div>
   <div class='ocr_carea' id='block_1_26' title="bbox 450 2342 2084 2415">
    <p class='ocr_par' dir='ltr' id='par_1_26' title="bbox 450 2342 2084 2415">
     <span class='ocr_line' id='line_1_26' title="bbox 450 2342 2084 2415; baseline -0.002 -13"><span class='ocrx_word' id='word_1_165' title='bbox 450 2351 507 2402; x_wconf 90' lang='lat' dir='ltr'><strong>et</strong></span> <span class='ocrx_word' id='word_1_166' title='bbox 536 2348 703 2415; x_wconf 90' lang='lat' dir='ltr'><strong>cujus</strong></span> <span class='ocrx_word' id='word_1_167' title='bbox 735 2359 931 2399; x_wconf 89' lang='lat' dir='ltr'><strong>vocem</strong></span> <span class='ocrx_word' id='word_1_168' title='bbox 964 2342 1201 2413; x_wconf 84' lang='lat' dir='ltr'><strong>pulchre</strong></span> <span class='ocrx_word' id='word_1_169' title='bbox 1231 2344 1465 2399; x_wconf 89' lang='lat' dir='ltr'><strong>audient</strong></span> <span class='ocrx_word' id='word_1_170' title='bbox 1498 2360 1637 2399; x_wconf 81' lang='lat' dir='ltr'><strong>meae</strong></span> <span class='ocrx_word' id='word_1_171' title='bbox 1668 2360 1824 2411; x_wconf 89' lang='lat' dir='ltr'><strong>oves,</strong></span> <span class='ocrx_word' id='word_1_172' title='bbox 1848 2359 1995 2414; x_wconf 84' lang='lat' dir='ltr'><strong>quae,</strong></span> <span class='ocrx_word' id='word_1_173' title='bbox 2021 2352 2084 2399; x_wconf 90' lang='lat' dir='ltr'><strong>ut</strong></span> 
     </span>
    </p>
   </div>
   <div class='ocr_carea' id='block_1_27' title="bbox 450 2432 2081 2505">
    <p class='ocr_par' dir='ltr' id='par_1_27' title="bbox 450 2432 2081 2505">
     <span class='ocr_line' id='line_1_27' title="bbox 450 2432 2081 2505; baseline -0.002 -14"><span class='ocrx_word' id='word_1_174' title='bbox 450 2437 564 2491; x_wconf 91' lang='lat' dir='ltr'><strong>Deo</strong></span> <span class='ocrx_word' id='word_1_175' title='bbox 595 2433 800 2505; x_wconf 87' lang='lat' dir='ltr'><strong>placet,</strong></span> <span class='ocrx_word' id='word_1_176' title='bbox 833 2432 903 2488; x_wconf 91' lang='lat' dir='ltr'><strong>ab</strong></span> <span class='ocrx_word' id='word_1_177' title='bbox 935 2448 1000 2487; x_wconf 90' lang='lat' dir='ltr'><strong>eo</strong></span> <span class='ocrx_word' id='word_1_178' title='bbox 1041 2436 1370 2503; x_wconf 80' lang='lat' dir='ltr'><strong>pascentur.</strong></span> <span class='ocrx_word' id='word_1_179' title='bbox 1405 2436 1530 2487; x_wconf 61' lang='lat' dir='ltr'><strong>Haec</strong></span> <span class='ocrx_word' id='word_1_180' title='bbox 1562 2449 1698 2487; x_wconf 89' lang='lat' dir='ltr'><strong>cum</strong></span> <span class='ocrx_word' id='word_1_181' title='bbox 1731 2438 1966 2488; x_wconf 86' lang='lat' dir='ltr'><strong>sanctus</strong></span> <span class='ocrx_word' id='word_1_182' title='bbox 1998 2433 2081 2489; x_wconf 89' lang='lat' dir='ltr'><strong>eis</strong></span> 
     </span>
    </p>
   </div>
   <div class='ocr_carea' id='block_1_28' title="bbox 445 2522 2079 2593">
    <p class='ocr_par' dir='ltr' id='par_1_28' title="bbox 445 2522 2079 2593">
     <span class='ocr_line' id='line_1_28' title="bbox 445 2522 2079 2593; baseline -0.002 -14"><span class='ocrx_word' id='word_1_183' title='bbox 445 2525 708 2591; x_wconf 87' lang='lat' dir='ltr'><strong>dixisset,</strong></span> <span class='ocrx_word' id='word_1_184' title='bbox 733 2522 816 2576; x_wconf 91' lang='lat' dir='ltr'><strong>illi</strong></span> <span class='ocrx_word' id='word_1_185' title='bbox 848 2538 982 2578; x_wconf 91' lang='lat' dir='ltr'><strong>cum</strong></span> <span class='ocrx_word' id='word_1_186' title='bbox 1016 2538 1202 2593; x_wconf 89' lang='lat' dir='ltr'><strong>pauca</strong></span> <span class='ocrx_word' id='word_1_187' title='bbox 1226 2522 1380 2577; x_wconf 89' lang='lat' dir='ltr'><strong>inter</strong></span> <span class='ocrx_word' id='word_1_188' title='bbox 1408 2539 1469 2577; x_wconf 87' lang='lat' dir='ltr'><strong>se</strong></span> <span class='ocrx_word' id='word_1_189' title='bbox 1495 2524 1883 2577; x_wconf 88' lang='lat' dir='ltr'><strong>communiter</strong></span> <span class='ocrx_word' id='word_1_190' title='bbox 1904 2522 2079 2578; x_wconf 91' lang='lat' dir='ltr'><strong>locuti</strong></span> 
     </span>
    </p>
   </div>
   <div class='ocr_carea' id='block_1_29' title="bbox 445 2608 2077 2680">
    <p class='ocr_par' dir='ltr' id='par_1_29' title="bbox 445 2608 2077 2680">
     <span class='ocr_line' id='line_1_29' title="bbox 445 2608 2077 2680; baseline -0.001 -14"><span class='ocrx_word' id='word_1_191' title='bbox 445 2615 657 2679; x_wconf 88' lang='lat' dir='ltr'><strong>essent,</strong></span> <span class='ocrx_word' id='word_1_192' title='bbox 682 2610 1249 2680; x_wconf 82' lang='lat' dir='ltr'><strong>archipresbyterum</strong></span> <span class='ocrx_word' id='word_1_193' title='bbox 1276 2608 1551 2677; x_wconf 83' lang='lat' dir='ltr'><strong>ecclesiae,</strong></span> <span class='ocrx_word' id='word_1_194' title='bbox 1576 2610 1668 2664; x_wconf 89' lang='lat' dir='ltr'><strong>cui</strong></span> <span class='ocrx_word' id='word_1_195' title='bbox 1692 2610 1853 2664; x_wconf 88' lang='lat' dir='ltr'><strong>etiam</strong></span> <span class='ocrx_word' id='word_1_196' title='bbox 1869 2626 2077 2664; x_wconf 90' lang='lat' dir='ltr'><strong>nomen</strong></span> 
     </span>
    </p>
   </div>
   <div class='ocr_carea' id='block_1_30' title="bbox 442 2696 2076 2769">
    <p class='ocr_par' dir='ltr' id='par_1_30' title="bbox 442 2696 2076 2769">
     <span class='ocr_line' id='line_1_30' title="bbox 442 2696 2076 2769; baseline -0.002 -12"><span class='ocrx_word' id='word_1_197' title='bbox 442 2708 565 2757; x_wconf 87' lang='lat' dir='ltr'><strong>erat</strong></span> <span class='ocrx_word' id='word_1_198' title='bbox 591 2700 887 2764; x_wconf 82' lang='lat' dir='ltr'><strong>Abercius,</strong></span> <span class='ocrx_word' id='word_1_199' title='bbox 920 2699 1309 2754; x_wconf 89' lang='lat' dir='ltr'><strong>communiter</strong></span> <span class='ocrx_word' id='word_1_200' title='bbox 1344 2696 1662 2769; x_wconf 90' lang='lat' dir='ltr'><strong>elegerunt.</strong></span> <span class='ocrx_word' id='word_1_201' title='bbox 1702 2698 1852 2761; x_wconf 89' lang='lat' dir='ltr'><strong>Quin</strong></span> <span class='ocrx_word' id='word_1_202' title='bbox 1900 2697 2076 2753; x_wconf 90' lang='lat' dir='ltr'><strong>etiam</strong></span> 
     </span>
    </p>
   </div>
   <div class='ocr_carea' id='block_1_31' title="bbox 442 2785 2079 2857">
    <p class='ocr_par' dir='ltr' id='par_1_31' title="bbox 442 2785 2079 2857">
     <span class='ocr_line' id='line_1_31' title="bbox 442 2785 2079 2857; baseline -0.003 -13"><span class='ocrx_word' id='word_1_203' title='bbox 442 2804 576 2845; x_wconf 89' lang='lat' dir='ltr'><strong>cum</strong></span> <span class='ocrx_word' id='word_1_204' title='bbox 633 2787 756 2857; x_wconf 89' lang='lat' dir='ltr'><strong>ipse</strong></span> <span class='ocrx_word' id='word_1_205' title='bbox 797 2802 1028 2857; x_wconf 91' lang='lat' dir='ltr'><strong>quoque</strong></span> <span class='ocrx_word' id='word_1_206' title='bbox 1084 2786 1135 2840; x_wconf 89' lang='lat' dir='ltr'><strong>ei</strong></span> <span class='ocrx_word' id='word_1_207' title='bbox 1179 2803 1287 2842; x_wconf 91' lang='lat' dir='ltr'><strong>sua</strong></span> <span class='ocrx_word' id='word_1_208' title='bbox 1332 2785 1620 2841; x_wconf 86' lang='lat' dir='ltr'><strong>sententia</strong></span> <span class='ocrx_word' id='word_1_209' title='bbox 1675 2785 2079 2841; x_wconf 85' lang='lat' dir='ltr'><strong>conﬁrmasset</strong></span> 
     </span>
    </p>
   </div>
   <div class='ocr_carea' id='block_1_32' title="bbox 443 2875 2075 2948">
    <p class='ocr_par' dir='ltr' id='par_1_32' title="bbox 443 2875 2075 2948">
     <span class='ocr_line' id='line_1_32' title="bbox 443 2875 2075 2948; baseline -0.002 -16"><span class='ocrx_word' id='word_1_210' title='bbox 443 2878 865 2948; x_wconf 84' lang='lat' dir='ltr'><strong>episcOpatum,</strong></span> <span class='ocrx_word' id='word_1_211' title='bbox 914 2875 967 2929; x_wconf 89' lang='lat' dir='ltr'><strong>ei</strong></span> <span class='ocrx_word' id='word_1_212' title='bbox 1022 2876 1267 2946; x_wconf 89' lang='lat' dir='ltr'><strong>imponit</strong></span> <span class='ocrx_word' id='word_1_213' title='bbox 1316 2891 1575 2930; x_wconf 88' lang='lat' dir='ltr'><strong>manus:</strong></span> <span class='ocrx_word' id='word_1_214' title='bbox 1617 2878 1674 2930; x_wconf 92' lang='lat' dir='ltr'><strong>et</strong></span> <span class='ocrx_word' id='word_1_215' title='bbox 1721 2891 1852 2929; x_wconf 93' lang='lat' dir='ltr'><strong>cum</strong></span> <span class='ocrx_word' id='word_1_216' title='bbox 1907 2876 2075 2930; x_wconf 87' lang='lat' dir='ltr'><strong>bene-</strong></span> 
     </span>
    </p>
   </div>
   <div class='ocr_carea' id='block_1_33' title="bbox 444 2963 2078 3036">
    <p class='ocr_par' dir='ltr' id='par_1_33' title="bbox 444 2963 2078 3036">
     <span class='ocr_line' id='line_1_33' title="bbox 444 2963 2078 3036; baseline 0 -16"><span class='ocrx_word' id='word_1_217' title='bbox 444 2965 719 3026; x_wconf 82' lang='lat' dir='ltr'><strong>dixisset:</strong></span> <span class='ocrx_word' id='word_1_218' title='bbox 752 2964 859 3031; x_wconf 91' lang='lat' dir='ltr'><strong>Tu,</strong></span> <span class='ocrx_word' id='word_1_219' title='bbox 884 2963 1096 3034; x_wconf 92' lang='lat' dir='ltr'><strong>inquit,</strong></span> <span class='ocrx_word' id='word_1_220' title='bbox 1124 2981 1155 3019; x_wconf 93' lang='grc' dir='ltr'><strong>ο</strong></span> <span class='ocrx_word' id='word_1_221' title='bbox 1182 2964 1409 3031; x_wconf 82' lang='lat' dir='ltr'><strong>Aberci,</strong></span> <span class='ocrx_word' id='word_1_222' title='bbox 1431 2982 1585 3019; x_wconf 89' lang='lat' dir='ltr'><strong>nunc</strong></span> <span class='ocrx_word' id='word_1_223' title='bbox 1614 2964 1922 3036; x_wconf 86' lang='lat' dir='ltr'><strong>episcopus</strong></span> <span class='ocrx_word' id='word_1_224' title='bbox 1945 2981 2078 3020; x_wconf 91' lang='lat' dir='ltr'><strong>con-</strong></span> 
     </span>
    </p>
   </div>
   <div class='ocr_carea' id='block_1_34' title="bbox 445 3053 2079 3125">
    <p class='ocr_par' dir='ltr' id='par_1_34' title="bbox 445 3053 2079 3125">
     <span class='ocr_line' id='line_1_34' title="bbox 445 3053 2079 3125; baseline 0 -17"><span class='ocrx_word' id='word_1_225' title='bbox 445 3054 723 3118; x_wconf 89' lang='lat' dir='ltr'><strong>stitueris,</strong></span> <span class='ocrx_word' id='word_1_226' title='bbox 774 3053 889 3108; x_wconf 91' lang='lat' dir='ltr'><strong>Deo</strong></span> <span class='ocrx_word' id='word_1_227' title='bbox 920 3053 1118 3118; x_wconf 90' lang='lat' dir='ltr'><strong>dante,</strong></span> <span class='ocrx_word' id='word_1_228' title='bbox 1149 3056 1205 3107; x_wconf 93' lang='lat' dir='ltr'><strong>et</strong></span> <span class='ocrx_word' id='word_1_229' title='bbox 1244 3068 1337 3107; x_wconf 91' lang='lat' dir='ltr'><strong>me</strong></span> <span class='ocrx_word' id='word_1_230' title='bbox 1388 3068 1641 3124; x_wconf 84' lang='lat' dir='ltr'><strong>quoque,</strong></span> <span class='ocrx_word' id='word_1_231' title='bbox 1675 3060 1957 3125; x_wconf 88' lang='lat' dir='ltr'><strong>quantum</strong></span> <span class='ocrx_word' id='word_1_232' title='bbox 1988 3058 2079 3109; x_wconf 89' lang='lat' dir='ltr'><strong>est</strong></span> 
     </span>
    </p>
   </div>
   <div class='ocr_carea' id='block_1_35' title="bbox 447 3139 2163 3251">
    <p class='ocr_par' dir='ltr' id='par_1_35' title="bbox 447 3139 2163 3251">
     <span class='ocr_line' id='line_1_35' title="bbox 447 3139 2163 3251; baseline 0.001 -55"><span class='ocrx_word' id='word_1_233' title='bbox 447 3144 507 3197; x_wconf 89' lang='lat' dir='ltr'><strong>in</strong></span> <span class='ocrx_word' id='word_1_234' title='bbox 541 3158 666 3196; x_wconf 88' lang='lat' dir='ltr'><strong>mea</strong></span> <span class='ocrx_word' id='word_1_235' title='bbox 714 3145 1013 3211; x_wconf 88' lang='lat' dir='ltr'><strong>potestate.</strong></span> <span class='ocrx_word' id='word_1_236' title='bbox 1061 3139 1278 3195; x_wconf 90' lang='lat' dir='ltr'><strong>Deinde</strong></span> <span class='ocrx_word' id='word_1_237' title='bbox 1317 3155 1449 3196; x_wconf 90' lang='lat' dir='ltr'><strong>cum</strong></span> <span class='ocrx_word' id='word_1_238' title='bbox 1491 3141 1671 3196; x_wconf 87' lang='lat' dir='ltr'><strong>simul</strong></span> <span class='ocrx_word' id='word_1_239' title='bbox 1709 3158 1843 3198; x_wconf 90' lang='lat' dir='ltr'><strong>cum</strong></span> <span class='ocrx_word' id='word_1_240' title='bbox 1891 3142 2077 3199; x_wconf 89' lang='lat' dir='ltr'><strong>oculis</strong></span> <span class='ocrx_word' id='word_1_241' title='bbox 2114 3183 2163 3251; x_wconf 66' lang='grc' dir='ltr'><strong>Ο</strong></span> 
     </span>
     <span class='ocr_line' id='line_1_36' title="bbox 447 3228 2047 3251; baseline 0 0"><span class='ocrx_word' id='word_1_242' title='bbox 447 3246 652 3251; x_wconf 65' lang='lat'><strong>_._-____</strong></span> <span class='ocrx_word' id='word_1_243' title='bbox 683 3228 737 3251; x_wconf 77' lang='lat'><strong>2..</strong></span> <span class='ocrx_word' id='word_1_244' title='bbox 780 3228 948 3251; x_wconf 76' lang='lat' dir='ltr'><strong>-_&#39;I__</strong></span> <span class='ocrx_word' id='word_1_245' title='bbox 982 3228 1305 3251; x_wconf 67' lang='lat' dir='ltr'><strong>_---L--I:__-1</strong></span> <span class='ocrx_word' id='word_1_246' title='bbox 1370 3234 1419 3251; x_wconf 61' lang='grc' dir='ltr'><strong>ΑΙ.</strong></span> <span class='ocrx_word' id='word_1_247' title='bbox 1460 3229 1635 3251; x_wconf 48' lang='lat' dir='ltr'><strong>ﬁ---“</strong></span> <span class='ocrx_word' id='word_1_248' title='bbox 1690 3235 1903 3251; x_wconf 62' lang='lat'><strong>__-_-_1</strong></span> <span class='ocrx_word' id='word_1_249' title='bbox 1966 3231 2047 3251; x_wconf 37' lang='grc' dir='ltr'><strong>,ΑΞ</strong></span> 
     </span>
    </p>
   </div>
   <div class='ocr_carea' id='block_1_36' title="bbox 446 3228 2079 3302">
    <p class='ocr_par' dir='ltr' id='par_1_36' title="bbox 446 3228 2079 3302">
     <span class='ocr_line' id='line_1_37' title="bbox 446 3228 2079 3302; baseline 0 -17"><span class='ocrx_word' id='word_1_250' title='bbox 446 3246 653 3285; x_wconf 89' lang='lat' dir='ltr'><strong>manus</strong></span> <span class='ocrx_word' id='word_1_251' title='bbox 683 3228 744 3285; x_wconf 90' lang='lat' dir='ltr'><strong>in</strong></span> <span class='ocrx_word' id='word_1_252' title='bbox 776 3228 951 3284; x_wconf 79' lang='lat' dir='ltr'><strong>ccslos</strong></span> <span class='ocrx_word' id='word_1_253' title='bbox 978 3228 1330 3298; x_wconf 88' lang='lat' dir='ltr'><strong>sustulisset,</strong></span> <span class='ocrx_word' id='word_1_254' title='bbox 1364 3234 1421 3285; x_wconf 90' lang='lat' dir='ltr'><strong>et</strong></span> <span class='ocrx_word' id='word_1_255' title='bbox 1460 3229 1641 3285; x_wconf 90' lang='lat' dir='ltr'><strong>Deum</strong></span> <span class='ocrx_word' id='word_1_256' title='bbox 1683 3235 1926 3297; x_wconf 89' lang='lat' dir='ltr'><strong>orasset,</strong></span> <span class='ocrx_word' id='word_1_257' title='bbox 1962 3231 2079 3302; x_wconf 87' lang='lat' dir='ltr'><strong>spi-</strong></span> 
     </span>
    </p>
   </div>
   <div class='ocr_carea' id='block_1_37' title="bbox 448 3318 2080 3386">
    <p class='ocr_par' dir='ltr' id='par_1_37' title="bbox 448 3318 2080 3386">
     <span class='ocr_line' id='line_1_38' title="bbox 448 3318 2080 3386; baseline 0 -12"><span class='ocrx_word' id='word_1_258' title='bbox 448 3319 563 3374; x_wconf 91' lang='lat' dir='ltr'><strong>ritu</strong></span> <span class='ocrx_word' id='word_1_259' title='bbox 594 3318 731 3374; x_wconf 90' lang='lat' dir='ltr'><strong>hinc</strong></span> <span class='ocrx_word' id='word_1_260' title='bbox 752 3319 990 3385; x_wconf 88' lang='lat' dir='ltr'><strong>recedit,</strong></span> <span class='ocrx_word' id='word_1_261' title='bbox 1031 3322 1087 3374; x_wconf 88' lang='lat' dir='ltr'><strong>et</strong></span> <span class='ocrx_word' id='word_1_262' title='bbox 1119 3319 1323 3374; x_wconf 77' lang='lat' dir='ltr'><strong>transit</strong></span> <span class='ocrx_word' id='word_1_263' title='bbox 1352 3320 1425 3375; x_wconf 89' lang='lat' dir='ltr'><strong>ad</strong></span> <span class='ocrx_word' id='word_1_264' title='bbox 1474 3320 1788 3386; x_wconf 88' lang='lat' dir='ltr'><strong>Christum,</strong></span> <span class='ocrx_word' id='word_1_265' title='bbox 1823 3322 1889 3376; x_wconf 92' lang='lat' dir='ltr'><strong>ad</strong></span> <span class='ocrx_word' id='word_1_266' title='bbox 1941 3320 2080 3374; x_wconf 89' lang='lat' dir='ltr'><strong>cho-</strong></span> 
     </span>
    </p>
   </div>
   <div class='ocr_carea' id='block_1_38' title="bbox 447 3409 2083 3481">
    <p class='ocr_par' dir='ltr' id='par_1_38' title="bbox 447 3409 2083 3481">
     <span class='ocr_line' id='line_1_39' title="bbox 447 3409 2083 3481; baseline -0.002 -17"><span class='ocrx_word' id='word_1_267' title='bbox 447 3426 542 3464; x_wconf 89' lang='lat' dir='ltr'><strong>ros</strong></span> <span class='ocrx_word' id='word_1_268' title='bbox 571 3411 910 3481; x_wconf 85' lang='lat' dir='ltr'><strong>angelorum</strong></span> <span class='ocrx_word' id='word_1_269' title='bbox 945 3410 1347 3475; x_wconf 87' lang='lat' dir='ltr'><strong>transmissus,</strong></span> <span class='ocrx_word' id='word_1_270' title='bbox 1398 3410 1492 3480; x_wconf 88' lang='lat' dir='ltr'><strong>qui</strong></span> <span class='ocrx_word' id='word_1_271' title='bbox 1527 3426 1724 3465; x_wconf 89' lang='lat' dir='ltr'><strong>revera</strong></span> <span class='ocrx_word' id='word_1_272' title='bbox 1753 3409 1971 3463; x_wconf 85' lang='lat' dir='ltr'><strong>vixerat</strong></span> <span class='ocrx_word' id='word_1_273' title='bbox 2020 3412 2083 3462; x_wconf 92' lang='lat' dir='ltr'><strong>ut</strong></span> 
     </span>
    </p>
   </div>
   <div class='ocr_carea' id='block_1_39' title="bbox 447 3497 2081 3569">
    <p class='ocr_par' dir='ltr' id='par_1_39' title="bbox 447 3497 2081 3569">
     <span class='ocr_line' id='line_1_40' title="bbox 447 3497 2081 3569; baseline -0.001 -16"><span class='ocrx_word' id='word_1_274' title='bbox 447 3498 712 3569; x_wconf 86' lang='lat' dir='ltr'><strong>angelus.</strong></span> <span class='ocrx_word' id='word_1_275' title='bbox 763 3498 1017 3568; x_wconf 88' lang='lat' dir='ltr'><strong>Populus</strong></span> <span class='ocrx_word' id='word_1_276' title='bbox 1048 3502 1260 3563; x_wconf 86' lang='lat' dir='ltr'><strong>autem,</strong></span> <span class='ocrx_word' id='word_1_277' title='bbox 1305 3497 1403 3568; x_wconf 91' lang='lat' dir='ltr'><strong>qui</strong></span> <span class='ocrx_word' id='word_1_278' title='bbox 1436 3498 1741 3553; x_wconf 87' lang='lat' dir='ltr'><strong>habitabat</strong></span> <span class='ocrx_word' id='word_1_279' title='bbox 1770 3498 2081 3564; x_wconf 87' lang='lat' dir='ltr'><strong>civitatem,</strong></span> 
     </span>
    </p>
   </div>
   <div class='ocr_carea' id='block_1_40' title="bbox 446 3586 2083 3659">
    <p class='ocr_par' dir='ltr' id='par_1_40' title="bbox 446 3586 2083 3659">
     <span class='ocr_line' id='line_1_41' title="bbox 446 3586 2083 3659; baseline -0.001 -17"><span class='ocrx_word' id='word_1_280' title='bbox 446 3591 828 3659; x_wconf 82' lang='lat' dir='ltr'><strong>congregatus</strong></span> <span class='ocrx_word' id='word_1_281' title='bbox 861 3588 932 3641; x_wconf 91' lang='lat' dir='ltr'><strong>ad</strong></span> <span class='ocrx_word' id='word_1_282' title='bbox 965 3603 1198 3643; x_wconf 89' lang='lat' dir='ltr'><strong>sacrum</strong></span> <span class='ocrx_word' id='word_1_283' title='bbox 1232 3586 1375 3642; x_wconf 92' lang='lat' dir='ltr'><strong>illud</strong></span> <span class='ocrx_word' id='word_1_284' title='bbox 1402 3587 1508 3643; x_wconf 90' lang='lat' dir='ltr'><strong>viri</strong></span> <span class='ocrx_word' id='word_1_285' title='bbox 1545 3604 1775 3659; x_wconf 90' lang='lat' dir='ltr'><strong>corpus,</strong></span> <span class='ocrx_word' id='word_1_286' title='bbox 1815 3603 1947 3644; x_wconf 91' lang='lat' dir='ltr'><strong>cum</strong></span> <span class='ocrx_word' id='word_1_287' title='bbox 1997 3586 2083 3641; x_wconf 89' lang='lat' dir='ltr'><strong>illi</strong></span> 
     </span>
    </p>
   </div>
   <div class='ocr_carea' id='block_1_41' title="bbox 446 3678 2083 3748">
    <p class='ocr_par' dir='ltr' id='par_1_41' title="bbox 446 3678 2083 3748">
     <span class='ocr_line' id='line_1_42' title="bbox 446 3678 2083 3748; baseline 0.002 -16"><span class='ocrx_word' id='word_1_288' title='bbox 446 3694 614 3733; x_wconf 87' lang='lat' dir='ltr'><strong>sacra</strong></span> <span class='ocrx_word' id='word_1_289' title='bbox 654 3678 963 3733; x_wconf 89' lang='lat' dir='ltr'><strong>cecinisset</strong></span> <span class='ocrx_word' id='word_1_290' title='bbox 1006 3680 1251 3748; x_wconf 89' lang='lat' dir='ltr'><strong>cantica,</strong></span> <span class='ocrx_word' id='word_1_291' title='bbox 1282 3687 1335 3734; x_wconf 91' lang='lat' dir='ltr'><strong>et</strong></span> <span class='ocrx_word' id='word_1_292' title='bbox 1386 3688 1663 3748; x_wconf 89' lang='lat' dir='ltr'><strong>tanquam</strong></span> <span class='ocrx_word' id='word_1_293' title='bbox 1715 3696 2083 3736; x_wconf 89' lang='lat' dir='ltr'><strong>communem</strong></span> 
     </span>
    </p>
   </div>
   <div class='ocr_carea' id='block_1_42' title="bbox 449 3763 2083 3840">
    <p class='ocr_par' dir='ltr' id='par_1_42' title="bbox 449 3763 2083 3840">
     <span class='ocr_line' id='line_1_43' title="bbox 449 3763 2083 3840; baseline 0.003 -21"><span class='ocrx_word' id='word_1_294' title='bbox 449 3763 699 3835; x_wconf 83' lang='lat' dir='ltr'><strong>aliquem</strong></span> <span class='ocrx_word' id='word_1_295' title='bbox 723 3765 1057 3819; x_wconf 88' lang='lat' dir='ltr'><strong>thesaurum</strong></span> <span class='ocrx_word' id='word_1_296' title='bbox 1089 3766 1446 3831; x_wconf 89' lang='lat' dir='ltr'><strong>sustulisset,</strong></span> <span class='ocrx_word' id='word_1_297' title='bbox 1479 3767 1749 3836; x_wconf 88' lang='lat' dir='ltr'><strong>deposuit</strong></span> <span class='ocrx_word' id='word_1_298' title='bbox 1777 3768 1835 3823; x_wconf 90' lang='lat' dir='ltr'><strong>in</strong></span> <span class='ocrx_word' id='word_1_299' title='bbox 1869 3769 2083 3840; x_wconf 88' lang='lat' dir='ltr'><strong>lapide,</strong></span> 
     </span>
    </p>
   </div>
   <div class='ocr_carea' id='block_1_43' title="bbox 448 3851 2083 3912">
    <p class='ocr_par' dir='ltr' id='par_1_43' title="bbox 448 3851 2083 3912">
     <span class='ocr_line' id='line_1_44' title="bbox 448 3851 2083 3912; baseline 0.004 -6"><span class='ocrx_word' id='word_1_300' title='bbox 448 3852 722 3907; x_wconf 90' lang='lat' dir='ltr'><strong>vicesimo</strong></span> <span class='ocrx_word' id='word_1_301' title='bbox 752 3853 1011 3908; x_wconf 89' lang='lat' dir='ltr'><strong>secundo</strong></span> <span class='ocrx_word' id='word_1_302' title='bbox 1060 3852 1279 3907; x_wconf 89' lang='lat' dir='ltr'><strong>mensis</strong></span> <span class='ocrx_word' id='word_1_303' title='bbox 1337 3851 1616 3912; x_wconf 87' lang='lat' dir='ltr'><strong>Octobris.</strong></span> <span class='ocrx_word' id='word_1_304' title='bbox 1675 3855 1892 3911; x_wconf 86' lang='lat' dir='ltr'><strong>Deinde</strong></span> <span class='ocrx_word' id='word_1_305' title='bbox 1948 3873 2083 3912; x_wconf 90' lang='lat' dir='ltr'><strong>cum</strong></span> 
     </span>
    </p>
   </div>
   <div class='ocr_carea' id='block_1_44' title="bbox 448 3941 2083 4014">
    <p class='ocr_par' dir='ltr' id='par_1_44' title="bbox 448 3941 2083 4014">
     <span class='ocr_line' id='line_1_45' title="bbox 448 3941 2083 4014; baseline 0.003 -19"><span class='ocrx_word' id='word_1_306' title='bbox 448 3956 602 4005; x_wconf 88' lang='lat' dir='ltr'><strong>eum,</strong></span> <span class='ocrx_word' id='word_1_307' title='bbox 637 3941 734 4011; x_wconf 90' lang='lat' dir='ltr'><strong>qui</strong></span> <span class='ocrx_word' id='word_1_308' title='bbox 767 3941 839 3995; x_wconf 90' lang='lat' dir='ltr'><strong>ab</strong></span> <span class='ocrx_word' id='word_1_309' title='bbox 869 3941 996 4012; x_wconf 91' lang='lat' dir='ltr'><strong>ipso</strong></span> <span class='ocrx_word' id='word_1_310' title='bbox 1036 3946 1332 4010; x_wconf 89' lang='lat' dir='ltr'><strong>acceperat</strong></span> <span class='ocrx_word' id='word_1_311' title='bbox 1369 3941 1791 4014; x_wconf 84' lang='lat' dir='ltr'><strong>episcOpatum,</strong></span> <span class='ocrx_word' id='word_1_312' title='bbox 1844 3944 1903 3999; x_wconf 88' lang='lat' dir='ltr'><strong>in</strong></span> <span class='ocrx_word' id='word_1_313' title='bbox 1956 3946 2083 4014; x_wconf 86' lang='lat' dir='ltr'><strong>ejus</strong></span> 
     </span>
    </p>
   </div>
   <div class='ocr_carea' id='block_1_45' title="bbox 448 4031 2087 4107">
    <p class='ocr_par' dir='ltr' id='par_1_45' title="bbox 448 4031 2087 4107">
     <span class='ocr_line' id='line_1_46' title="bbox 448 4031 2087 4107; baseline 0.005 -22"><span class='ocrx_word' id='word_1_314' title='bbox 448 4031 720 4086; x_wconf 85' lang='lat' dir='ltr'><strong>thronum</strong></span> <span class='ocrx_word' id='word_1_315' title='bbox 762 4032 1152 4101; x_wconf 86' lang='lat' dir='ltr'><strong>deduxissent,</strong></span> <span class='ocrx_word' id='word_1_316' title='bbox 1202 4034 1592 4090; x_wconf 90' lang='lat' dir='ltr'><strong>communiter</strong></span> <span class='ocrx_word' id='word_1_317' title='bbox 1638 4035 2087 4107; x_wconf 85' lang='lat' dir='ltr'><strong>magniﬁcarunt</strong></span> 
     </span>
    </p>
   </div>
   <div class='ocr_carea' id='block_1_46' title="bbox 449 4120 2083 4199">
    <p class='ocr_par' dir='ltr' id='par_1_46' title="bbox 449 4120 2083 4199">
     <span class='ocr_line' id='line_1_47' title="bbox 449 4120 2083 4199; baseline 0.007 -25"><span class='ocrx_word' id='word_1_318' title='bbox 449 4120 653 4188; x_wconf 90' lang='lat' dir='ltr'><strong>Deum,</strong></span> <span class='ocrx_word' id='word_1_319' title='bbox 688 4120 789 4193; x_wconf 88' lang='lat' dir='ltr'><strong>qui</strong></span> <span class='ocrx_word' id='word_1_320' title='bbox 820 4125 907 4178; x_wconf 86' lang='lat' dir='ltr'><strong>est</strong></span> <span class='ocrx_word' id='word_1_321' title='bbox 935 4138 1113 4192; x_wconf 88' lang='lat' dir='ltr'><strong>super</strong></span> <span class='ocrx_word' id='word_1_322' title='bbox 1141 4122 1420 4178; x_wconf 91' lang='lat' dir='ltr'><strong>thronum</strong></span> <span class='ocrx_word' id='word_1_323' title='bbox 1452 4123 1644 4195; x_wconf 69' lang='lat' dir='ltr'><strong>gloriae</strong></span> <span class='ocrx_word' id='word_1_324' title='bbox 1675 4127 1874 4197; x_wconf 85' lang='lat' dir='ltr'><strong>regni:</strong></span> <span class='ocrx_word' id='word_1_325' title='bbox 1909 4143 2083 4199; x_wconf 90' lang='lat' dir='ltr'><strong>quem</strong></span> 
     </span>
    </p>
   </div>
   <div class='ocr_carea' id='block_1_47' title="bbox 448 4212 2088 4287">
    <p class='ocr_par' dir='ltr' id='par_1_47' title="bbox 448 4212 2088 4287">
     <span class='ocr_line' id='line_1_48' title="bbox 448 4212 2088 4287; baseline 0.008 -22"><span class='ocrx_word' id='word_1_326' title='bbox 448 4213 610 4266; x_wconf 88' lang='lat' dir='ltr'><strong>decet</strong></span> <span class='ocrx_word' id='word_1_327' title='bbox 649 4212 836 4268; x_wconf 88' lang='lat' dir='ltr'><strong>omnis</strong></span> <span class='ocrx_word' id='word_1_328' title='bbox 893 4212 1102 4278; x_wconf 90' lang='lat' dir='ltr'><strong>honor,</strong></span> <span class='ocrx_word' id='word_1_329' title='bbox 1158 4213 1342 4285; x_wconf 89' lang='lat' dir='ltr'><strong>gloria</strong></span> <span class='ocrx_word' id='word_1_330' title='bbox 1398 4220 1456 4273; x_wconf 89' lang='lat' dir='ltr'><strong>et</strong></span> <span class='ocrx_word' id='word_1_331' title='bbox 1508 4217 1790 4287; x_wconf 88' lang='lat' dir='ltr'><strong>adoratio,</strong></span> <span class='ocrx_word' id='word_1_332' title='bbox 1844 4236 2002 4277; x_wconf 89' lang='lat' dir='ltr'><strong>nunc</strong></span> <span class='ocrx_word' id='word_1_333' title='bbox 2032 4225 2088 4278; x_wconf 89' lang='lat' dir='ltr'><strong>et</strong></span> 
     </span>
    </p>
   </div>
   <div class='ocr_carea' id='block_1_48' title="bbox 447 4301 1736 4371">
    <p class='ocr_par' dir='ltr' id='par_1_48' title="bbox 447 4301 1736 4371">
     <span class='ocr_line' id='line_1_49' title="bbox 447 4301 1736 4371; baseline 0.007 -18"><span class='ocrx_word' id='word_1_334' title='bbox 447 4314 699 4371; x_wconf 87' lang='lat' dir='ltr'><strong>semper,</strong></span> <span class='ocrx_word' id='word_1_335' title='bbox 732 4306 790 4357; x_wconf 82' lang='lat' dir='ltr'><strong>et</strong></span> <span class='ocrx_word' id='word_1_336' title='bbox 818 4301 876 4356; x_wconf 88' lang='lat' dir='ltr'><strong>in</strong></span> <span class='ocrx_word' id='word_1_337' title='bbox 900 4303 1110 4359; x_wconf 81' lang='lat' dir='ltr'><strong>saecula</strong></span> <span class='ocrx_word' id='word_1_338' title='bbox 1137 4304 1507 4361; x_wconf 83' lang='lat' dir='ltr'><strong>saeculorum.</strong></span> <span class='ocrx_word' id='word_1_339' title='bbox 1531 4307 1736 4362; x_wconf 88' lang='lat' dir='ltr'><strong>Amen.</strong></span> 
     </span>
    </p>
   </div>
   <div class='ocr_carea' id='block_1_49' title="bbox 2111 1862 2166 1928">
    <p class='ocr_par' dir='ltr' id='par_1_49' title="bbox 2111 1862 2166 1928">
     <span class='ocr_line' id='line_1_50' title="bbox 2111 1862 2166 1928; baseline 0 0"><span class='ocrx_word' id='word_1_340' title='bbox 2111 1862 2166 1928; x_wconf 92' lang='lat' dir='ltr'><strong>B</strong></span> 
     </span>
    </p>
   </div>
   <div class='ocr_carea' id='block_1_50' title="bbox 2192 552 3845 637">
    <p class='ocr_par' dir='ltr' id='par_1_50' title="bbox 2192 552 3845 637">
     <span class='ocr_line' id='line_1_51' title="bbox 2192 552 3845 637; baseline 0.001 -26"><span class='ocrx_word' id='word_1_341' title='bbox 2192 559 2331 619; x_wconf 85' lang='grc' dir='ltr'><strong>στὼς</strong></span> <span class='ocrx_word' id='word_1_342' title='bbox 2393 558 2532 612; x_wconf 77' lang='grc' dir='ltr'>εἶπεν</span> <span class='ocrx_word' id='word_1_343' title='bbox 2566 552 2849 632; x_wconf 75' lang='grc' dir='ltr'>Ἀϐέρκιος</span> <span class='ocrx_word' id='word_1_344' title='bbox 2909 555 3016 611; x_wconf 83' lang='grc' dir='ltr'>ὦδε</span> <span class='ocrx_word' id='word_1_345' title='bbox 3071 567 3366 637; x_wconf 79' lang='grc' dir='ltr'>γραφῆναι,</span> <span class='ocrx_word' id='word_1_346' title='bbox 3429 556 3845 633; x_wconf 71' lang='grc' dir='ltr'>ἑϐδομηκοστὸν</span> 
     </span>
    </p>
   </div>
   <div class='ocr_carea' id='block_1_51' title="bbox 2192 640 3849 723">
    <p class='ocr_par' dir='ltr' id='par_1_51' title="bbox 2192 640 3849 723">
     <span class='ocr_line' id='line_1_52' title="bbox 2192 640 3849 723; baseline 0.004 -24"><span class='ocrx_word' id='word_1_347' title='bbox 2192 640 2310 710; x_wconf 75' lang='grc' dir='ltr'>ἔτος</span> <span class='ocrx_word' id='word_1_348' title='bbox 2356 646 2443 702; x_wconf 86' lang='grc' dir='ltr'><strong>καὶ</strong></span> <span class='ocrx_word' id='word_1_349' title='bbox 2486 644 2731 718; x_wconf 84' lang='grc' dir='ltr'>δεύτερον</span> <span class='ocrx_word' id='word_1_350' title='bbox 2803 644 2944 723; x_wconf 77' lang='grc' dir='ltr'>ἄγων</span> <span class='ocrx_word' id='word_1_351' title='bbox 2983 646 3226 716; x_wconf 84' lang='grc' dir='ltr'>ἀληθῶς.</span> <span class='ocrx_word' id='word_1_352' title='bbox 3259 654 3366 704; x_wconf 81' lang='grc' dir='ltr'>Τοῦ</span> <span class='ocrx_word' id='word_1_353' title='bbox 3405 653 3449 704; x_wconf 86' lang='grc' dir='ltr'>θ’</span> <span class='ocrx_word' id='word_1_354' title='bbox 3485 652 3511 704; x_wconf 90' lang='grc' dir='ltr'>ὸ</span> <span class='ocrx_word' id='word_1_355' title='bbox 3560 655 3700 705; x_wconf 83' lang='grc' dir='ltr'>νοῶν</span> <span class='ocrx_word' id='word_1_356' title='bbox 3766 649 3849 705; x_wconf 70' lang='grc' dir='ltr'><strong>εἰὶ-</strong></span> 
     </span>
    </p>
   </div>
   <div class='ocr_carea' id='block_1_52' title="bbox 2193 731 3842 811">
    <p class='ocr_par' dir='ltr' id='par_1_52' title="bbox 2193 731 3842 811">
     <span class='ocr_line' id='line_1_53' title="bbox 2193 731 3842 811; baseline 0.002 -22"><span class='ocrx_word' id='word_1_357' title='bbox 2193 736 2341 806; x_wconf 79' lang='grc' dir='ltr'>ξαιτο</span> <span class='ocrx_word' id='word_1_358' title='bbox 2408 736 2555 810; x_wconf 77' lang='grc' dir='ltr'>ὑπὲρ³</span> <span class='ocrx_word' id='word_1_359' title='bbox 2612 731 2903 809; x_wconf 77' lang='grc' dir='ltr'>Ἀϐερκίου</span> <span class='ocrx_word' id='word_1_360' title='bbox 2961 740 3065 797; x_wconf 86' lang='grc' dir='ltr'>πᾶς</span> <span class='ocrx_word' id='word_1_361' title='bbox 3142 738 3169 791; x_wconf 82' lang='grc' dir='ltr'>ὁ</span> <span class='ocrx_word' id='word_1_362' title='bbox 3238 736 3497 810; x_wconf 87' lang='grc' dir='ltr'>συνῳδός.</span> <span class='ocrx_word' id='word_1_363' title='bbox 3533 740 3611 797; x_wconf 80' lang='grc' dir='ltr'>Οὐ</span> <span class='ocrx_word' id='word_1_364' title='bbox 3658 738 3842 811; x_wconf 86' lang='grc' dir='ltr'>μέντοι</span> 
     </span>
    </p>
   </div>
   <div class='ocr_carea' id='block_1_53' title="bbox 2191 821 3840 899">
    <p class='ocr_par' dir='ltr' id='par_1_53' title="bbox 2191 821 3840 899">
     <span class='ocr_line' id='line_1_54' title="bbox 2191 821 3840 899; baseline 0.003 -20"><span class='ocrx_word' id='word_1_365' title='bbox 2191 821 2401 898; x_wconf 78' lang='grc' dir='ltr'>τύμϐον</span> <span class='ocrx_word' id='word_1_366' title='bbox 2443 823 2618 899; x_wconf 82' lang='grc' dir='ltr'>ἕτερόν</span> <span class='ocrx_word' id='word_1_367' title='bbox 2649 847 2733 886; x_wconf 88' lang='grc' dir='ltr'>τις</span> <span class='ocrx_word' id='word_1_368' title='bbox 2762 828 2851 881; x_wconf 80' lang='grc' dir='ltr'><strong>ἀπ’</strong></span> <span class='ocrx_word' id='word_1_369' title='bbox 2893 828 3027 899; x_wconf 71' lang='grc' dir='ltr'><strong>ἱεμοῦ</strong></span> <span class='ocrx_word' id='word_1_370' title='bbox 3077 825 3259 882; x_wconf 79' lang='grc' dir='ltr'>ἐπάνω</span> <span class='ocrx_word' id='word_1_371' title='bbox 3309 831 3465 899; x_wconf 79' lang='grc' dir='ltr'>θήσει</span> <span class='ocrx_word' id='word_1_372' title='bbox 3498 848 3510 862; x_wconf 83' lang='grc'>⁶</span> <span class='ocrx_word' id='word_1_373' title='bbox 3556 830 3601 883; x_wconf 86' lang='grc' dir='ltr'>εἰ</span> <span class='ocrx_word' id='word_1_374' title='bbox 3643 827 3690 884; x_wconf 85' lang='grc' dir='ltr'>δ’</span> <span class='ocrx_word' id='word_1_375' title='bbox 3724 829 3840 899; x_wconf 81' lang='grc' dir='ltr'>οὖν,</span> 
     </span>
    </p>
   </div>
   <div class='ocr_carea' id='block_1_54' title="bbox 2190 913 3840 993">
    <p class='ocr_par' dir='ltr' id='par_1_54' title="bbox 2190 913 3840 993">
     <span class='ocr_line' id='line_1_55' title="bbox 2190 913 3840 993; baseline 0.001 -24"><span class='ocrx_word' id='word_1_376' title='bbox 2190 915 2480 987; x_wconf 84' lang='grc' dir='ltr'>Ῥωμαίων</span> <span class='ocrx_word' id='word_1_377' title='bbox 2528 916 2738 987; x_wconf 79' lang='grc' dir='ltr'><strong>ταμείῳ</strong></span> <span class='ocrx_word' id='word_1_378' title='bbox 2768 918 2921 985; x_wconf 70' lang='grc' dir='ltr'>θτζσει</span> <span class='ocrx_word' id='word_1_379' title='bbox 2970 913 3196 990; x_wconf 81' lang='grc' dir='ltr'>δισχίλα</span> <span class='ocrx_word' id='word_1_380' title='bbox 3234 922 3433 992; x_wconf 80' lang='grc' dir='ltr'>χρυσᾶ,</span> <span class='ocrx_word' id='word_1_381' title='bbox 3475 920 3563 973; x_wconf 82' lang='grc' dir='ltr'>καὶ</span> <span class='ocrx_word' id='word_1_382' title='bbox 3622 923 3840 993; x_wconf 73' lang='grc' dir='ltr'>χρηστῇ</span> 
     </span>
    </p>
   </div>
   <div class='ocr_carea' id='block_1_55' title="bbox 2191 1002 3842 1083">
    <p class='ocr_par' dir='ltr' id='par_1_55' title="bbox 2191 1002 3842 1083">
     <span class='ocr_line' id='line_1_56' title="bbox 2191 1002 3842 1083; baseline 0.001 -24"><span class='ocrx_word' id='word_1_383' title='bbox 2191 1002 2412 1079; x_wconf 83' lang='grc' dir='ltr'>πατρίδι</span> <span class='ocrx_word' id='word_1_384' title='bbox 2436 1004 2736 1076; x_wconf 79' lang='grc' dir='ltr'>Ἱεραπόλει</span> <span class='ocrx_word' id='word_1_385' title='bbox 2771 1005 2933 1081; x_wconf 81' lang='grc' dir='ltr'>χίλια</span> <span class='ocrx_word' id='word_1_386' title='bbox 2973 1011 3174 1083; x_wconf 81' lang='grc' dir='ltr'>χρυσᾶ.</span> <span class='ocrx_word' id='word_1_387' title='bbox 3206 1006 3279 1060; x_wconf 81' lang='grc' dir='ltr'><strong>Τὰ</strong></span> <span class='ocrx_word' id='word_1_388' title='bbox 3313 1029 3407 1081; x_wconf 83' lang='grc' dir='ltr'><strong>μεν</strong></span> <span class='ocrx_word' id='word_1_389' title='bbox 3457 1004 3523 1075; x_wconf 80' lang='grc' dir='ltr'>δή</span> <span class='ocrx_word' id='word_1_390' title='bbox 3563 1011 3660 1062; x_wconf 76' lang='grc' dir='ltr'><strong>τοῦ</strong></span> <span class='ocrx_word' id='word_1_391' title='bbox 3720 1006 3842 1061; x_wconf 82' lang='grc' dir='ltr'>ἐπι-</span> 
     </span>
    </p>
   </div>
   <div class='ocr_carea' id='block_1_56' title="bbox 2192 1090 3836 1169">
    <p class='ocr_par' dir='ltr' id='par_1_56' title="bbox 2192 1090 3836 1169">
     <span class='ocr_line' id='line_1_57' title="bbox 2192 1090 3836 1169; baseline 0.003 -24"><span class='ocrx_word' id='word_1_392' title='bbox 2192 1095 2517 1167; x_wconf 84' lang='grc' dir='ltr'><strong>γράμματος</strong></span> <span class='ocrx_word' id='word_1_393' title='bbox 2548 1090 2653 1146; x_wconf 81' lang='grc' dir='ltr'><strong>ῶδέ</strong></span> <span class='ocrx_word' id='word_1_394' title='bbox 2682 1115 2797 1154; x_wconf 79' lang='grc' dir='ltr'><strong>πῶς</strong></span> <span class='ocrx_word' id='word_1_395' title='bbox 2832 1092 2917 1147; x_wconf 85' lang='grc' dir='ltr'><strong>ἐπὶ</strong></span> <span class='ocrx_word' id='word_1_396' title='bbox 2964 1093 3160 1164; x_wconf 82' lang='grc' dir='ltr'>λέξεως</span> <span class='ocrx_word' id='word_1_397' title='bbox 3194 1096 3342 1169; x_wconf 82' lang='grc' dir='ltr'>εἶχεν</span> <span class='ocrx_word' id='word_1_398' title='bbox 3370 1116 3381 1129; x_wconf 90' lang='grc'><strong>·</strong></span> <span class='ocrx_word' id='word_1_399' title='bbox 3414 1098 3498 1150; x_wconf 81' lang='grc' dir='ltr'>δτι</span> <span class='ocrx_word' id='word_1_400' title='bbox 3538 1098 3613 1169; x_wconf 71' lang='grc' dir='ltr'>μὴ</span> <span class='ocrx_word' id='word_1_401' title='bbox 3648 1097 3675 1149; x_wconf 86' lang='grc' dir='ltr'>ὁ</span> <span class='ocrx_word' id='word_1_402' title='bbox 3700 1095 3836 1169; x_wconf 78' lang='grc' dir='ltr'>χρό-</span> 
     </span>
    </p>
   </div>
   <div class='ocr_carea' id='block_1_57' title="bbox 2194 1179 3836 1259">
    <p class='ocr_par' dir='ltr' id='par_1_57' title="bbox 2194 1179 3836 1259">
     <span class='ocr_line' id='line_1_58' title="bbox 2194 1179 3836 1259; baseline 0.004 -26"><span class='ocrx_word' id='word_1_403' title='bbox 2194 1202 2284 1241; x_wconf 85' lang='grc' dir='ltr'>νος</span> <span class='ocrx_word' id='word_1_404' title='bbox 2316 1180 2500 1259; x_wconf 80' lang='grc' dir='ltr'>ὑφεῖλε</span> <span class='ocrx_word' id='word_1_405' title='bbox 2553 1184 2671 1236; x_wconf 80' lang='grc' dir='ltr'>κατ’</span> <span class='ocrx_word' id='word_1_406' title='bbox 2719 1180 2905 1255; x_wconf 85' lang='grc' dir='ltr'><strong>ὀλίγαν</strong></span> <span class='ocrx_word' id='word_1_407' title='bbox 2946 1184 3043 1254; x_wconf 81' lang='grc' dir='ltr'><strong>τῇς</strong></span> <span class='ocrx_word' id='word_1_408' title='bbox 3098 1179 3394 1258; x_wconf 78' lang='grc' dir='ltr'>ἀκριϐείας,</span> <span class='ocrx_word' id='word_1_409' title='bbox 3438 1185 3528 1241; x_wconf 81' lang='grc' dir='ltr'><strong>καὶ</strong></span> <span class='ocrx_word' id='word_1_410' title='bbox 3580 1189 3836 1259; x_wconf 80' lang='grc' dir='ltr'>ἡμαρτη-</span> 
     </span>
    </p>
   </div>
   <div class='ocr_carea' id='block_1_58' title="bbox 2197 1264 3370 1348">
    <p class='ocr_par' dir='ltr' id='par_1_58' title="bbox 2197 1264 3370 1348">
     <span class='ocr_line' id='line_1_59' title="bbox 2197 1264 3370 1348; baseline 0.004 -25"><span class='ocrx_word' id='word_1_411' title='bbox 2197 1268 2367 1342; x_wconf 88' lang='grc' dir='ltr'>μένως</span> <span class='ocrx_word' id='word_1_412' title='bbox 2398 1264 2543 1344; x_wconf 80' lang='grc' dir='ltr'>ἔχειν</span> <span class='ocrx_word' id='word_1_413' title='bbox 2573 1272 2672 1338; x_wconf 80' lang='grc' dir='ltr'><strong>τὴν</strong></span> <span class='ocrx_word' id='word_1_414' title='bbox 2714 1273 2927 1348; x_wconf 79' lang='grc' dir='ltr'>γραφὴν</span> <span class='ocrx_word' id='word_1_415' title='bbox 2960 1273 3370 1347; x_wconf 81' lang='grc' dir='ltr'>παρεσκεύασεν.</span> 
     </span>
    </p>
   </div>
   <div class='ocr_carea' id='block_1_59' title="bbox 2188 1360 3840 1437">
    <p class='ocr_par' dir='ltr' id='par_1_59' title="bbox 2188 1360 3840 1437">
     <span class='ocr_line' id='line_1_60' title="bbox 2188 1360 3840 1437; baseline 0.002 -21"><span class='ocrx_word' id='word_1_416' title='bbox 2188 1376 2256 1417; x_wconf 88' lang='lat' dir='ltr'><strong>ea</strong></span> <span class='ocrx_word' id='word_1_417' title='bbox 2304 1360 2527 1433; x_wconf 92' lang='lat' dir='ltr'><strong>aliquid</strong></span> <span class='ocrx_word' id='word_1_418' title='bbox 2569 1364 2833 1429; x_wconf 85' lang='lat' dir='ltr'><strong>detraxit,</strong></span> <span class='ocrx_word' id='word_1_419' title='bbox 2884 1368 2942 1419; x_wconf 90' lang='lat' dir='ltr'><strong>et</strong></span> <span class='ocrx_word' id='word_1_420' title='bbox 2988 1364 3175 1419; x_wconf 76' lang='lat' dir='ltr'><strong>effecit.</strong></span> <span class='ocrx_word' id='word_1_421' title='bbox 3220 1372 3279 1420; x_wconf 91' lang='lat' dir='ltr'><strong>ut</strong></span> <span class='ocrx_word' id='word_1_422' title='bbox 3319 1364 3585 1420; x_wconf 87' lang='lat' dir='ltr'><strong>nonnihil</strong></span> <span class='ocrx_word' id='word_1_423' title='bbox 3640 1370 3840 1437; x_wconf 88' lang='lat' dir='ltr'><strong>postea</strong></span> 
     </span>
    </p>
   </div>
   <div class='ocr_carea' id='block_1_60' title="bbox 2259 1536 3837 1617">
    <p class='ocr_par' dir='ltr' id='par_1_60' title="bbox 2259 1536 3837 1617">
     <span class='ocr_line' id='line_1_61' title="bbox 2259 1536 3837 1617; baseline 0.001 -23"><span class='ocrx_word' id='word_1_424' title='bbox 2259 1540 2385 1595; x_wconf 90' lang='grc' dir='ltr'><strong>ΚΘ’.</strong></span> <span class='ocrx_word' id='word_1_425' title='bbox 2427 1539 2601 1600; x_wconf 78' lang='grc' dir='ltr'>Αὐτὸς</span> <span class='ocrx_word' id='word_1_426' title='bbox 2651 1538 2729 1608; x_wconf 78' lang='grc' dir='ltr'>δὲ,</span> <span class='ocrx_word' id='word_1_427' title='bbox 2769 1540 2899 1603; x_wconf 80' lang='grc' dir='ltr'>τοὺς</span> <span class='ocrx_word' id='word_1_428' title='bbox 2928 1536 3322 1617; x_wconf 77' lang='grc' dir='ltr'>πρεσϐυτέρους</span> <span class='ocrx_word' id='word_1_429' title='bbox 3374 1541 3449 1601; x_wconf 82' lang='grc' dir='ltr'>εἷς</span> <span class='ocrx_word' id='word_1_430' title='bbox 3498 1542 3693 1595; x_wconf 82' lang='grc' dir='ltr'>ταυτὸν</span> <span class='ocrx_word' id='word_1_431' title='bbox 3746 1542 3837 1596; x_wconf 79' lang='grc' dir='ltr'><strong>καὶ</strong></span> 
     </span>
    </p>
   </div>
   <div class='ocr_carea' id='block_1_61' title="bbox 2187 1626 3833 1700">
    <p class='ocr_par' dir='ltr' id='par_1_61' title="bbox 2187 1626 3833 1700">
     <span class='ocr_line' id='line_1_62' title="bbox 2187 1626 3833 1700; baseline 0.002 -20"><span class='ocrx_word' id='word_1_432' title='bbox 2187 1628 2314 1689; x_wconf 80' lang='grc' dir='ltr'>τοὺς</span> <span class='ocrx_word' id='word_1_433' title='bbox 2383 1626 2681 1698; x_wconf 83' lang='grc' dir='ltr'>διακόνους,</span> <span class='ocrx_word' id='word_1_434' title='bbox 2741 1631 2831 1684; x_wconf 89' lang='grc' dir='ltr'><strong>καί</strong></span> <span class='ocrx_word' id='word_1_435' title='bbox 2887 1652 3032 1692; x_wconf 87' lang='grc' dir='ltr'>τινας</span> <span class='ocrx_word' id='word_1_436' title='bbox 3094 1635 3190 1685; x_wconf 78' lang='grc' dir='ltr'>τοῦ</span> <span class='ocrx_word' id='word_1_437' title='bbox 3254 1630 3503 1700; x_wconf 68' lang='grc' dir='ltr'>πλήθους</span> <span class='ocrx_word' id='word_1_438' title='bbox 3559 1629 3833 1690; x_wconf 82' lang='grc' dir='ltr'><strong>καλέσας·</strong></span> 
     </span>
    </p>
   </div>
   <div class='ocr_carea' id='block_1_62' title="bbox 2188 1714 3832 1795">
    <p class='ocr_par' dir='ltr' id='par_1_62' title="bbox 2188 1714 3832 1795">
     <span class='ocr_line' id='line_1_63' title="bbox 2188 1714 3832 1795; baseline 0.001 -23"><span class='ocrx_word' id='word_1_439' title='bbox 2188 1716 2379 1786; x_wconf 87' lang='grc' dir='ltr'>Τέκνα,</span> <span class='ocrx_word' id='word_1_440' title='bbox 2414 1714 2540 1795; x_wconf 79' lang='grc' dir='ltr'>ἔφη,</span> <span class='ocrx_word' id='word_1_441' title='bbox 2574 1718 2698 1793; x_wconf 86' lang='grc' dir='ltr'>ἐμοὶ</span> <span class='ocrx_word' id='word_1_442' title='bbox 2729 1721 2821 1791; x_wconf 74' lang='grc' dir='ltr'>μὲν</span> <span class='ocrx_word' id='word_1_443' title='bbox 2854 1721 2916 1775; x_wconf 89' lang='grc' dir='ltr'><strong>τὸ</strong></span> <span class='ocrx_word' id='word_1_444' title='bbox 2945 1725 3042 1775; x_wconf 83' lang='grc' dir='ltr'>τοῦ</span> <span class='ocrx_word' id='word_1_445' title='bbox 3080 1722 3201 1793; x_wconf 88' lang='grc' dir='ltr'>βίου</span> <span class='ocrx_word' id='word_1_446' title='bbox 3232 1718 3393 1783; x_wconf 78' lang='grc' dir='ltr'>τέλος</span> <span class='ocrx_word' id='word_1_447' title='bbox 3424 1718 3533 1790; x_wconf 80' lang='grc' dir='ltr'>ἤδη</span> <span class='ocrx_word' id='word_1_448' title='bbox 3586 1720 3832 1794; x_wconf 76' lang='grc' dir='ltr'>πάρεστι,</span> 
     </span>
    </p>
   </div>
   <div class='ocr_carea' id='block_1_63' title="bbox 2188 1805 3831 1886">
    <p class='ocr_par' dir='ltr' id='par_1_63' title="bbox 2188 1805 3831 1886">
     <span class='ocr_line' id='line_1_64' title="bbox 2188 1805 3831 1886; baseline 0.001 -26"><span class='ocrx_word' id='word_1_449' title='bbox 2188 1807 2277 1860; x_wconf 90' lang='grc' dir='ltr'>καὶ</span> <span class='ocrx_word' id='word_1_450' title='bbox 2316 1805 2529 1881; x_wconf 79' lang='grc' dir='ltr'>ἄπειμι,</span> <span class='ocrx_word' id='word_1_451' title='bbox 2571 1810 2616 1862; x_wconf 83' lang='grc' dir='ltr'>ὦ</span> <span class='ocrx_word' id='word_1_452' title='bbox 2661 1808 2825 1886; x_wconf 84' lang='grc' dir='ltr'>φίλον</span> <span class='ocrx_word' id='word_1_453' title='bbox 2875 1809 3000 1881; x_wconf 79' lang='grc' dir='ltr'>ἐμοὶ</span> <span class='ocrx_word' id='word_1_454' title='bbox 3038 1809 3317 1882; x_wconf 81' lang='grc' dir='ltr'>ποίμνιον,</span> <span class='ocrx_word' id='word_1_455' title='bbox 3352 1807 3541 1881; x_wconf 80' lang='grc' dir='ltr'>ἄπειμι</span> <span class='ocrx_word' id='word_1_456' title='bbox 3590 1811 3724 1884; x_wconf 88' lang='grc' dir='ltr'>πρὸς</span> <span class='ocrx_word' id='word_1_457' title='bbox 3772 1812 3831 1877; x_wconf 75' lang='grc' dir='ltr'>ἣν</span> 
     </span>
    </p>
   </div>
   <div class='ocr_carea' id='block_1_64' title="bbox 2190 1894 3830 1975">
    <p class='ocr_par' dir='ltr' id='par_1_64' title="bbox 2190 1894 3830 1975">
     <span class='ocr_line' id='line_1_65' title="bbox 2190 1894 3830 1975; baseline 0.002 -26"><span class='ocrx_word' id='word_1_458' title='bbox 2190 1894 2417 1959; x_wconf 83' lang='grc' dir='ltr'>ἐπόθουν</span> <span class='ocrx_word' id='word_1_459' title='bbox 2460 1896 2520 1950; x_wconf 80' lang='grc' dir='ltr'>ἐκ</span> <span class='ocrx_word' id='word_1_460' title='bbox 2563 1899 2684 1952; x_wconf 89' lang='grc' dir='ltr'>νέου</span> <span class='ocrx_word' id='word_1_461' title='bbox 2724 1896 3031 1975; x_wconf 81' lang='grc' dir='ltr'>διαγωγὴν,</span> <span class='ocrx_word' id='word_1_462' title='bbox 3078 1898 3167 1952; x_wconf 85' lang='grc' dir='ltr'><strong>γαὶ</strong></span> <span class='ocrx_word' id='word_1_463' title='bbox 3210 1899 3347 1973; x_wconf 86' lang='grc' dir='ltr'>πρὸς</span> <span class='ocrx_word' id='word_1_464' title='bbox 3406 1900 3463 1953; x_wconf 84' lang='grc' dir='ltr'>ὃν</span> <span class='ocrx_word' id='word_1_465' title='bbox 3507 1898 3669 1971; x_wconf 80' lang='grc' dir='ltr'>μόνον</span> <span class='ocrx_word' id='word_1_466' title='bbox 3720 1896 3830 1972; x_wconf 80' lang='grc' dir='ltr'>ἐγὼ</span> 
     </span>
    </p>
   </div>
   <div class='ocr_carea' id='block_1_65' title="bbox 2189 1983 3829 2065">
    <p class='ocr_par' dir='ltr' id='par_1_65' title="bbox 2189 1983 3829 2065">
     <span class='ocr_line' id='line_1_66' title="bbox 2189 1983 3829 2065; baseline 0.002 -27"><span class='ocrx_word' id='word_1_467' title='bbox 2189 1987 2289 2054; x_wconf 79' lang='grc' dir='ltr'>τήν</span> <span class='ocrx_word' id='word_1_468' title='bbox 2322 1983 2497 2064; x_wconf 78' lang='grc' dir='ltr'>ἔφεσιν</span> <span class='ocrx_word' id='word_1_469' title='bbox 2528 1986 2664 2065; x_wconf 80' lang='grc' dir='ltr'><strong>ἔχω,</strong></span> <span class='ocrx_word' id='word_1_470' title='bbox 2698 1989 2787 2042; x_wconf 79' lang='grc' dir='ltr'><strong>καὶ</strong></span> <span class='ocrx_word' id='word_1_471' title='bbox 2820 1988 2880 2042; x_wconf 83' lang='grc' dir='ltr'><strong>οὗ</strong></span> <span class='ocrx_word' id='word_1_472' title='bbox 2920 2010 2985 2061; x_wconf 87' lang='grc' dir='ltr'><strong>με</strong></span> <span class='ocrx_word' id='word_1_473' title='bbox 3025 1985 3273 2065; x_wconf 77' lang='grc' dir='ltr'><strong>σφοδρῶς</strong></span> <span class='ocrx_word' id='word_1_474' title='bbox 3304 1989 3331 2041; x_wconf 86' lang='grc' dir='ltr'>ὁ</span> <span class='ocrx_word' id='word_1_475' title='bbox 3366 1992 3509 2051; x_wconf 88' lang='grc' dir='ltr'>θεῖος</span> <span class='ocrx_word' id='word_1_476' title='bbox 3558 1987 3829 2059; x_wconf 70' lang='grc' dir='ltr'>ἐξέκαυσεν</span> 
     </span>
    </p>
   </div>
   <div class='ocr_carea' id='block_1_66' title="bbox 2190 2072 3831 2152">
    <p class='ocr_par' dir='ltr' id='par_1_66' title="bbox 2190 2072 3831 2152">
     <span class='ocr_line' id='line_1_67' title="bbox 2190 2072 3831 2152; baseline 0.002 -24"><span class='ocrx_word' id='word_1_477' title='bbox 2190 2072 2349 2149; x_wconf 82' lang='grc' dir='ltr'><strong>ἔρως,</strong></span> <span class='ocrx_word' id='word_1_478' title='bbox 2381 2073 2594 2148; x_wconf 80' lang='grc' dir='ltr'>ἄπειμι,</span> <span class='ocrx_word' id='word_1_479' title='bbox 2623 2081 2816 2132; x_wconf 75' lang='grc' dir='ltr'>τοῦτον</span> <span class='ocrx_word' id='word_1_480' title='bbox 2868 2077 3157 2150; x_wconf 77' lang='grc' dir='ltr'>ὀψόμενος.</span> <span class='ocrx_word' id='word_1_481' title='bbox 3200 2078 3367 2150; x_wconf 81' lang='grc' dir='ltr'>Ὑμᾶς</span> <span class='ocrx_word' id='word_1_482' title='bbox 3427 2075 3485 2131; x_wconf 74' lang='grc' dir='ltr'>δὲ</span> <span class='ocrx_word' id='word_1_483' title='bbox 3550 2080 3661 2152; x_wconf 83' lang='grc' dir='ltr'>χρή</span> <span class='ocrx_word' id='word_1_484' title='bbox 3703 2098 3831 2132; x_wconf 87' lang='grc' dir='ltr'>σκο-</span> 
     </span>
    </p>
   </div>
   <div class='ocr_carea' id='block_1_67' title="bbox 2188 2167 3837 2241">
    <p class='ocr_par' dir='ltr' id='par_1_67' title="bbox 2188 2167 3837 2241">
     <span class='ocr_line' id='line_1_68' title="bbox 2188 2167 3837 2241; baseline 0.001 -21"><span class='ocrx_word' id='word_1_485' title='bbox 2188 2171 2331 2237; x_wconf 82' lang='grc' dir='ltr'>πεῖν,</span> <span class='ocrx_word' id='word_1_486' title='bbox 2362 2168 2417 2221; x_wconf 82' lang='grc' dir='ltr'><strong>ὅν</strong></span> <span class='ocrx_word' id='word_1_487' title='bbox 2458 2189 2578 2222; x_wconf 88' lang='grc' dir='ltr'>τινα</span> <span class='ocrx_word' id='word_1_488' title='bbox 2630 2169 2844 2230; x_wconf 70' lang='grc' dir='ltr'>ἑαυτοῖς</span> <span class='ocrx_word' id='word_1_489' title='bbox 2893 2167 3185 2222; x_wconf 79' lang='grc' dir='ltr'>ἐπίσκοπον</span> <span class='ocrx_word' id='word_1_490' title='bbox 3230 2170 3519 2241; x_wconf 77' lang='grc' dir='ltr'>ψηφιεῖσθε</span> <span class='ocrx_word' id='word_1_491' title='bbox 3552 2185 3565 2197; x_wconf 87' lang='grc'><em>’</em></span> <span class='ocrx_word' id='word_1_492' title='bbox 3599 2168 3657 2227; x_wconf 78' lang='grc' dir='ltr'><strong>’ὸς</strong></span> <span class='ocrx_word' id='word_1_493' title='bbox 3714 2188 3837 2222; x_wconf 84' lang='grc' dir='ltr'>ποι-</span> 
     </span>
    </p>
   </div>
   <div class='ocr_carea' id='block_1_68' title="bbox 2193 2256 3833 2332">
    <p class='ocr_par' dir='ltr' id='par_1_68' title="bbox 2193 2256 3833 2332">
     <span class='ocr_line' id='line_1_69' title="bbox 2193 2256 3833 2332; baseline 0.001 -22"><span class='ocrx_word' id='word_1_494' title='bbox 2193 2262 2348 2328; x_wconf 90' lang='grc' dir='ltr'><strong>μανεῖ</strong></span> <span class='ocrx_word' id='word_1_495' title='bbox 2393 2278 2451 2311; x_wconf 87' lang='grc' dir='ltr'><strong>τε</strong></span> <span class='ocrx_word' id='word_1_496' title='bbox 2502 2258 2639 2329; x_wconf 81' lang='grc' dir='ltr'>ὑμᾶς</span> <span class='ocrx_word' id='word_1_497' title='bbox 2698 2258 2813 2329; x_wconf 75' lang='grc' dir='ltr'>μετ’</span> <span class='ocrx_word' id='word_1_498' title='bbox 2844 2256 2961 2329; x_wconf 75' lang='grc' dir='ltr'>ἐμὲ,</span> <span class='ocrx_word' id='word_1_499' title='bbox 2993 2258 3082 2311; x_wconf 81' lang='grc' dir='ltr'>καὶ</span> <span class='ocrx_word' id='word_1_500' title='bbox 3132 2257 3193 2311; x_wconf 79' lang='grc' dir='ltr'><strong>οὗ</strong></span> <span class='ocrx_word' id='word_1_501' title='bbox 3242 2263 3340 2323; x_wconf 77' lang='grc' dir='ltr'>τῆς</span> <span class='ocrx_word' id='word_1_502' title='bbox 3373 2260 3559 2332; x_wconf 77' lang='grc' dir='ltr'>φωνῆς</span> <span class='ocrx_word' id='word_1_503' title='bbox 3617 2256 3833 2311; x_wconf 75' lang='grc' dir='ltr'>ἀκούσει</span> 
     </span>
    </p>
   </div>
   <div class='ocr_carea' id='block_1_69' title="bbox 2188 2340 3829 2424">
    <p class='ocr_par' dir='ltr' id='par_1_69' title="bbox 2188 2340 3829 2424">
     <span class='ocr_line' id='line_1_70' title="bbox 2188 2340 3829 2424; baseline 0.001 -26"><span class='ocrx_word' id='word_1_504' title='bbox 2188 2346 2254 2398; x_wconf 84' lang='grc' dir='ltr'><strong>τὰ</strong></span> <span class='ocrx_word' id='word_1_505' title='bbox 2286 2346 2388 2416; x_wconf 79' lang='grc' dir='ltr'><strong>ἐμὰ</strong></span> <span class='ocrx_word' id='word_1_506' title='bbox 2418 2340 2665 2420; x_wconf 80' lang='grc' dir='ltr'>πρόϐατα</span> <span class='ocrx_word' id='word_1_507' title='bbox 2710 2345 2896 2410; x_wconf 87' lang='grc' dir='ltr'>καλῶς</span> <span class='ocrx_word' id='word_1_508' title='bbox 2926 2346 3017 2400; x_wconf 83' lang='grc' dir='ltr'>καὶ</span> <span class='ocrx_word' id='word_1_509' title='bbox 3069 2347 3143 2408; x_wconf 85' lang='grc' dir='ltr'>ὡς</span> <span class='ocrx_word' id='word_1_510' title='bbox 3195 2351 3311 2417; x_wconf 85' lang='grc' dir='ltr'><strong>Θεῴ</strong></span> <span class='ocrx_word' id='word_1_511' title='bbox 3349 2344 3510 2424; x_wconf 87' lang='grc' dir='ltr'>φίλον</span> <span class='ocrx_word' id='word_1_512' title='bbox 3546 2345 3632 2399; x_wconf 81' lang='grc' dir='ltr'><strong>ὑπ’</strong></span> <span class='ocrx_word' id='word_1_513' title='bbox 3665 2344 3829 2400; x_wconf 77' lang='grc' dir='ltr'>αὐτοῦ</span> 
     </span>
    </p>
   </div>
   <div class='ocr_carea' id='block_1_70' title="bbox 2188 2433 3829 2511">
    <p class='ocr_par' dir='ltr' id='par_1_70' title="bbox 2188 2433 3829 2511">
     <span class='ocr_line' id='line_1_71' title="bbox 2188 2433 3829 2511; baseline 0.001 -24"><span class='ocrx_word' id='word_1_514' title='bbox 2188 2435 2608 2507; x_wconf 82' lang='grc' dir='ltr'>ποιμαινόμενα.</span> <span class='ocrx_word' id='word_1_515' title='bbox 2644 2439 2820 2491; x_wconf 80' lang='grc' dir='ltr'>Ταῦτα</span> <span class='ocrx_word' id='word_1_516' title='bbox 2874 2440 2971 2490; x_wconf 76' lang='grc' dir='ltr'>τοῦ</span> <span class='ocrx_word' id='word_1_517' title='bbox 3018 2434 3174 2511; x_wconf 86' lang='grc' dir='ltr'>ἁγίου</span> <span class='ocrx_word' id='word_1_518' title='bbox 3219 2436 3356 2508; x_wconf 90' lang='grc' dir='ltr'>πρὸς</span> <span class='ocrx_word' id='word_1_519' title='bbox 3402 2434 3597 2495; x_wconf 80' lang='grc' dir='ltr'>αὐτοὺς</span> <span class='ocrx_word' id='word_1_520' title='bbox 3646 2433 3829 2488; x_wconf 76' lang='grc' dir='ltr'>εἶπόν-</span> 
     </span>
    </p>
   </div>
   <div class='ocr_carea' id='block_1_71' title="bbox 2189 2522 3829 2598">
    <p class='ocr_par' dir='ltr' id='par_1_71' title="bbox 2189 2522 3829 2598">
     <span class='ocr_line' id='line_1_72' title="bbox 2189 2522 3829 2598; baseline 0.001 -21"><span class='ocrx_word' id='word_1_521' title='bbox 2189 2543 2302 2591; x_wconf 85' lang='grc' dir='ltr'>τος,</span> <span class='ocrx_word' id='word_1_522' title='bbox 2347 2524 2556 2597; x_wconf 77' lang='grc' dir='ltr'><strong>βραχέα</strong></span> <span class='ocrx_word' id='word_1_523' title='bbox 2612 2524 2806 2579; x_wconf 79' lang='grc' dir='ltr'>ἐκεῖνοι</span> <span class='ocrx_word' id='word_1_524' title='bbox 2860 2524 2998 2598; x_wconf 85' lang='grc' dir='ltr'>πρὸς</span> <span class='ocrx_word' id='word_1_525' title='bbox 3043 2523 3329 2594; x_wconf 73' lang='grc' dir='ltr'>ἀλλήλους</span> <span class='ocrx_word' id='word_1_526' title='bbox 3385 2522 3542 2587; x_wconf 76' lang='grc' dir='ltr'>εὐθὺς</span> <span class='ocrx_word' id='word_1_527' title='bbox 3579 2523 3829 2578; x_wconf 88' lang='grc' dir='ltr'>κοινολο-</span> 
     </span>
    </p>
   </div>
   <div class='ocr_carea' id='block_1_72' title="bbox 2184 2610 3827 2691">
    <p class='ocr_par' dir='ltr' id='par_1_72' title="bbox 2184 2610 3827 2691">
     <span class='ocr_line' id='line_1_73' title="bbox 2184 2610 3827 2691; baseline 0.002 -28"><span class='ocrx_word' id='word_1_528' title='bbox 2184 2611 2505 2682; x_wconf 76' lang='grc' dir='ltr'>γησάμενοι,</span> <span class='ocrx_word' id='word_1_529' title='bbox 2580 2613 2670 2666; x_wconf 85' lang='grc' dir='ltr'><strong>τὸν</strong></span> <span class='ocrx_word' id='word_1_530' title='bbox 2750 2610 3250 2691; x_wconf 67' lang='grc' dir='ltr'>ἀρχιπρεσϐότερον</span> <span class='ocrx_word' id='word_1_531' title='bbox 3326 2620 3425 2682; x_wconf 83' lang='grc' dir='ltr'>τῆς</span> <span class='ocrx_word' id='word_1_532' title='bbox 3516 2610 3827 2679; x_wconf 68' lang='grc' dir='ltr'>ἐκκλησίας,</span> 
     </span>
    </p>
   </div>
   <div class='ocr_carea' id='block_1_73' title="bbox 2187 2695 3830 2777">
    <p class='ocr_par' dir='ltr' id='par_1_73' title="bbox 2187 2695 3830 2777">
     <span class='ocr_line' id='line_1_74' title="bbox 2187 2695 3830 2777; baseline 0.002 -25"><span class='ocrx_word' id='word_1_533' title='bbox 2187 2695 2362 2771; x_wconf 73' lang='grc' dir='ltr'>ὄνομα</span> <span class='ocrx_word' id='word_1_534' title='bbox 2409 2701 2498 2753; x_wconf 83' lang='grc' dir='ltr'>καὶ</span> <span class='ocrx_word' id='word_1_535' title='bbox 2543 2701 2708 2754; x_wconf 84' lang='grc' dir='ltr'>αὐτὸν</span> <span class='ocrx_word' id='word_1_536' title='bbox 2741 2697 3045 2775; x_wconf 80' lang='grc' dir='ltr'>’Λϐέρκιον,</span> <span class='ocrx_word' id='word_1_537' title='bbox 3087 2706 3281 2765; x_wconf 81' lang='grc' dir='ltr'>κοινῶς</span> <span class='ocrx_word' id='word_1_538' title='bbox 3327 2701 3657 2777; x_wconf 71' lang='grc' dir='ltr'>ἐψηφίσαντο</span> <span class='ocrx_word' id='word_1_539' title='bbox 3683 2721 3695 2734; x_wconf 86' lang='grc'><strong>·</strong></span> <span class='ocrx_word' id='word_1_540' title='bbox 3738 2702 3830 2755; x_wconf 85' lang='grc' dir='ltr'><strong>καὶ</strong></span> 
     </span>
    </p>
   </div>
   <div class='ocr_carea' id='block_1_74' title="bbox 2186 2785 3832 2867">
    <p class='ocr_par' dir='ltr' id='par_1_74' title="bbox 2186 2785 3832 2867">
     <span class='ocr_line' id='line_1_75' title="bbox 2186 2785 3832 2867; baseline 0.004 -27"><span class='ocrx_word' id='word_1_541' title='bbox 2186 2788 2352 2849; x_wconf 81' lang='grc' dir='ltr'>αὐτὸς</span> <span class='ocrx_word' id='word_1_542' title='bbox 2402 2785 2457 2842; x_wconf 77' lang='grc' dir='ltr'>δὲ</span> <span class='ocrx_word' id='word_1_543' title='bbox 2518 2793 2598 2859; x_wconf 82' lang='grc' dir='ltr'><strong>τῷ</strong></span> <span class='ocrx_word' id='word_1_544' title='bbox 2648 2788 2800 2862; x_wconf 81' lang='grc' dir='ltr'>ἄνδρὶ</span> <span class='ocrx_word' id='word_1_545' title='bbox 2847 2792 2945 2858; x_wconf 81' lang='grc' dir='ltr'><strong>τὴν</strong></span> <span class='ocrx_word' id='word_1_546' title='bbox 2990 2790 3289 2859; x_wconf 77' lang='grc' dir='ltr'>ἔπισκοπὴν</span> <span class='ocrx_word' id='word_1_547' title='bbox 3334 2790 3832 2867; x_wconf 73' lang='grc' dir='ltr'>ἐπιψηφισάμενος,</span> 
     </span>
    </p>
   </div>
   <div class='ocr_carea' id='block_1_75' title="bbox 2186 2876 3830 2954">
    <p class='ocr_par' dir='ltr' id='par_1_75' title="bbox 2186 2876 3830 2954">
     <span class='ocr_line' id='line_1_76' title="bbox 2186 2876 3830 2954; baseline 0.004 -25"><span class='ocrx_word' id='word_1_548' title='bbox 2186 2876 2458 2946; x_wconf 81' lang='grc' dir='ltr'>έπιτίθησί</span> <span class='ocrx_word' id='word_1_549' title='bbox 2511 2898 2567 2932; x_wconf 90' lang='grc' dir='ltr'><strong>τε</strong></span> <span class='ocrx_word' id='word_1_550' title='bbox 2619 2877 2763 2950; x_wconf 76' lang='grc' dir='ltr'><strong>αὐτῷ</strong></span> <span class='ocrx_word' id='word_1_551' title='bbox 2808 2881 2903 2941; x_wconf 80' lang='grc' dir='ltr'>τὰς</span> <span class='ocrx_word' id='word_1_552' title='bbox 2950 2886 3162 2954; x_wconf 87' lang='grc' dir='ltr'>χεῖρας,</span> <span class='ocrx_word' id='word_1_553' title='bbox 3194 2881 3285 2934; x_wconf 82' lang='grc' dir='ltr'>καὶ</span> <span class='ocrx_word' id='word_1_554' title='bbox 3334 2878 3660 2954; x_wconf 77' lang='grc' dir='ltr'>εὐλογήσας,</span> <span class='ocrx_word' id='word_1_555' title='bbox 3702 2882 3830 2951; x_wconf 81' lang='grc' dir='ltr'>Σοὶ,</span> 
     </span>
    </p>
   </div>
   <div class='ocr_carea' id='block_1_76' title="bbox 2186 2960 3833 3042">
    <p class='ocr_par' dir='ltr' id='par_1_76' title="bbox 2186 2960 3833 3042">
     <span class='ocr_line' id='line_1_77' title="bbox 2186 2960 3833 3042; baseline 0.004 -23"><span class='ocrx_word' id='word_1_556' title='bbox 2186 2960 2314 3042; x_wconf 79' lang='grc' dir='ltr'>ἔφη,</span> <span class='ocrx_word' id='word_1_557' title='bbox 2366 2967 2409 3019; x_wconf 83' lang='grc' dir='ltr'><strong>ὦ</strong></span> <span class='ocrx_word' id='word_1_558' title='bbox 2458 2962 2723 3041; x_wconf 72' lang='grc' dir='ltr'>Ἀϐέρκιε,</span> <span class='ocrx_word' id='word_1_559' title='bbox 2774 2967 3053 3041; x_wconf 83' lang='grc' dir='ltr'>ἐπισκόπῳ</span> <span class='ocrx_word' id='word_1_560' title='bbox 3113 2969 3245 3024; x_wconf 84' lang='grc' dir='ltr'>εἶναι</span> <span class='ocrx_word' id='word_1_561' title='bbox 3304 2966 3531 3042; x_wconf 81' lang='grc' dir='ltr'>δίδωμι,</span> <span class='ocrx_word' id='word_1_562' title='bbox 3584 2973 3717 3024; x_wconf 73' lang='grc' dir='ltr'>Θεοῦ</span> <span class='ocrx_word' id='word_1_563' title='bbox 3774 2992 3833 3025; x_wconf 82' lang='grc' dir='ltr'>τε</span> 
     </span>
    </p>
   </div>
   <div class='ocr_carea' id='block_1_77' title="bbox 2187 3053 3828 3132">
    <p class='ocr_par' dir='ltr' id='par_1_77' title="bbox 2187 3053 3828 3132">
     <span class='ocr_line' id='line_1_78' title="bbox 2187 3053 3828 3132; baseline 0.002 -23"><span class='ocrx_word' id='word_1_564' title='bbox 2187 3053 2429 3117; x_wconf 83' lang='grc' dir='ltr'>διδόντος</span> <span class='ocrx_word' id='word_1_565' title='bbox 2476 3055 2565 3111; x_wconf 86' lang='grc' dir='ltr'><strong>καὶ</strong></span> <span class='ocrx_word' id='word_1_566' title='bbox 2616 3054 2750 3128; x_wconf 77' lang='grc' dir='ltr'>ἐμοῦ</span> <span class='ocrx_word' id='word_1_567' title='bbox 2800 3056 2923 3112; x_wconf 80' lang='grc' dir='ltr'>ὅσον</span> <span class='ocrx_word' id='word_1_568' title='bbox 2974 3057 3055 3112; x_wconf 77' lang='grc' dir='ltr'><strong>ἐπ’</strong></span> <span class='ocrx_word' id='word_1_569' title='bbox 3107 3058 3251 3131; x_wconf 76' lang='grc' dir='ltr'>ἐμοί.</span> <span class='ocrx_word' id='word_1_570' title='bbox 3284 3059 3416 3115; x_wconf 79' lang='grc' dir='ltr'><strong>Εἶτα</strong></span> <span class='ocrx_word' id='word_1_571' title='bbox 3457 3058 3532 3121; x_wconf 85' lang='grc' dir='ltr'>εἷς</span> <span class='ocrx_word' id='word_1_572' title='bbox 3566 3058 3828 3132; x_wconf 80' lang='grc' dir='ltr'>οὐρανοὺς</span> 
     </span>
    </p>
   </div>
   <div class='ocr_carea' id='block_1_78' title="bbox 2187 3142 3826 3222">
    <p class='ocr_par' dir='ltr' id='par_1_78' title="bbox 2187 3142 3826 3222">
     <span class='ocr_line' id='line_1_79' title="bbox 2187 3142 3826 3222; baseline 0.002 -25"><span class='ocrx_word' id='word_1_573' title='bbox 2187 3144 2281 3199; x_wconf 86' lang='grc' dir='ltr'><strong>σὺν</strong></span> <span class='ocrx_word' id='word_1_574' title='bbox 2310 3149 2427 3205; x_wconf 86' lang='grc' dir='ltr'>τοῖς</span> <span class='ocrx_word' id='word_1_575' title='bbox 2466 3142 2677 3218; x_wconf 75' lang='grc' dir='ltr'>ὄμμασι</span> <span class='ocrx_word' id='word_1_576' title='bbox 2715 3147 2802 3200; x_wconf 74' lang='grc' dir='ltr'>κάξ</span> <span class='ocrx_word' id='word_1_577' title='bbox 2839 3153 3027 3221; x_wconf 86' lang='grc' dir='ltr'>χεῖρας</span> <span class='ocrx_word' id='word_1_578' title='bbox 3080 3148 3351 3222; x_wconf 81' lang='grc' dir='ltr'>ἀνασχὼν,</span> <span class='ocrx_word' id='word_1_579' title='bbox 3382 3149 3473 3202; x_wconf 84' lang='grc' dir='ltr'>καὶ</span> <span class='ocrx_word' id='word_1_580' title='bbox 3530 3149 3826 3221; x_wconf 80' lang='grc' dir='ltr'>προσευξά-</span> 
     </span>
    </p>
   </div>
   <div class='ocr_carea' id='block_1_79' title="bbox 2192 3236 3827 3309">
    <p class='ocr_par' dir='ltr' id='par_1_79' title="bbox 2192 3236 3827 3309">
     <span class='ocr_line' id='line_1_80' title="bbox 2192 3236 3827 3309; baseline 0.003 -23"><span class='ocrx_word' id='word_1_581' title='bbox 2192 3254 2350 3306; x_wconf 89' lang='grc' dir='ltr'>μενος</span> <span class='ocrx_word' id='word_1_582' title='bbox 2415 3238 2494 3303; x_wconf 81' lang='grc' dir='ltr'><strong>τῷ</strong></span> <span class='ocrx_word' id='word_1_583' title='bbox 2551 3239 2687 3306; x_wconf 82' lang='grc' dir='ltr'>Θεῷ,</span> <span class='ocrx_word' id='word_1_584' title='bbox 2720 3236 2934 3309; x_wconf 82' lang='grc' dir='ltr'>ἀπαίρει</span> <span class='ocrx_word' id='word_1_585' title='bbox 2981 3256 3039 3291; x_wconf 90' lang='grc' dir='ltr'>τε</span> <span class='ocrx_word' id='word_1_586' title='bbox 3088 3243 3196 3292; x_wconf 84' lang='grc' dir='ltr'>τῶν</span> <span class='ocrx_word' id='word_1_587' title='bbox 3252 3237 3478 3301; x_wconf 80' lang='grc' dir='ltr'>ἐνταῦθα</span> <span class='ocrx_word' id='word_1_588' title='bbox 3539 3242 3618 3309; x_wconf 78' lang='grc' dir='ltr'><strong>τῷ</strong></span> <span class='ocrx_word' id='word_1_589' title='bbox 3665 3237 3827 3291; x_wconf 76' lang='grc' dir='ltr'>πνεύ-</span> 
     </span>
    </p>
   </div>
   <div class='ocr_carea' id='block_1_80' title="bbox 2193 3321 3828 3401">
    <p class='ocr_par' dir='ltr' id='par_1_80' title="bbox 2193 3321 3828 3401">
     <span class='ocr_line' id='line_1_81' title="bbox 2193 3321 3828 3401; baseline 0.002 -27"><span class='ocrx_word' id='word_1_590' title='bbox 2193 3342 2342 3393; x_wconf 88' lang='grc' dir='ltr'>ματι,</span> <span class='ocrx_word' id='word_1_591' title='bbox 2374 3322 2464 3376; x_wconf 82' lang='grc' dir='ltr'>καὶ</span> <span class='ocrx_word' id='word_1_592' title='bbox 2533 3324 2669 3397; x_wconf 86' lang='grc' dir='ltr'>πρὸς</span> <span class='ocrx_word' id='word_1_593' title='bbox 2732 3325 2958 3398; x_wconf 83' lang='grc' dir='ltr'>Χρίστὸν</span> <span class='ocrx_word' id='word_1_594' title='bbox 3005 3321 3287 3399; x_wconf 73' lang='grc' dir='ltr'>διαϐαίνει,</span> <span class='ocrx_word' id='word_1_595' title='bbox 3322 3331 3517 3401; x_wconf 86' lang='grc' dir='ltr'>χοροῖς</span> <span class='ocrx_word' id='word_1_596' title='bbox 3577 3325 3828 3401; x_wconf 74' lang='grc' dir='ltr'>ἀγγέλων</span> 
     </span>
    </p>
   </div>
   <div class='ocr_carea' id='block_1_81' title="bbox 2190 3413 3828 3495">
    <p class='ocr_par' dir='ltr' id='par_1_81' title="bbox 2190 3413 3828 3495">
     <span class='ocr_line' id='line_1_82' title="bbox 2190 3413 3828 3495; baseline 0.007 -29"><span class='ocrx_word' id='word_1_597' title='bbox 2190 3414 2217 3466; x_wconf 84' lang='grc' dir='ltr'>ὁ</span> <span class='ocrx_word' id='word_1_598' title='bbox 2276 3415 2392 3468; x_wconf 83' lang='grc' dir='ltr'>κατ’</span> <span class='ocrx_word' id='word_1_599' title='bbox 2449 3413 2682 3490; x_wconf 77' lang='grc' dir='ltr'>ἄγγελον</span> <span class='ocrx_word' id='word_1_600' title='bbox 2752 3416 2975 3487; x_wconf 78' lang='grc' dir='ltr'>ἀληθῶς</span> <span class='ocrx_word' id='word_1_601' title='bbox 3036 3418 3240 3492; x_wconf 84' lang='grc' dir='ltr'>βιώσας</span> <span class='ocrx_word' id='word_1_602' title='bbox 3309 3423 3828 3495; x_wconf 83' lang='grc' dir='ltr'>παραπεμπόμενος.</span> 
     </span>
    </p>
   </div>
   <div class='ocr_carea' id='block_1_82' title="bbox 2188 3504 3830 3586">
    <p class='ocr_par' dir='ltr' id='par_1_82' title="bbox 2188 3504 3830 3586">
     <span class='ocr_line' id='line_1_83' title="bbox 2188 3504 3830 3586; baseline 0.003 -27"><span class='ocrx_word' id='word_1_603' title='bbox 2188 3504 2266 3559; x_wconf 91' lang='grc' dir='ltr'>Τὸ</span> <span class='ocrx_word' id='word_1_604' title='bbox 2327 3506 2513 3576; x_wconf 87' lang='grc' dir='ltr'>μέντοι</span> <span class='ocrx_word' id='word_1_605' title='bbox 2562 3507 2661 3574; x_wconf 77' lang='grc' dir='ltr'><strong>τήν</strong></span> <span class='ocrx_word' id='word_1_606' title='bbox 2701 3504 2861 3561; x_wconf 90' lang='grc' dir='ltr'>πόλιν</span> <span class='ocrx_word' id='word_1_607' title='bbox 2911 3507 3091 3562; x_wconf 74' lang='grc' dir='ltr'>οἰκοῦν</span> <span class='ocrx_word' id='word_1_608' title='bbox 3142 3507 3359 3578; x_wconf 79' lang='grc' dir='ltr'>πλῆθος</span> <span class='ocrx_word' id='word_1_609' title='bbox 3406 3512 3552 3586; x_wconf 86' lang='grc' dir='ltr'>παρᾶ</span> <span class='ocrx_word' id='word_1_610' title='bbox 3594 3512 3654 3566; x_wconf 83' lang='grc' dir='ltr'><strong>τὸ</strong></span> <span class='ocrx_word' id='word_1_611' title='bbox 3685 3512 3830 3586; x_wconf 78' lang='grc' dir='ltr'>ἱερὸν</span> 
     </span>
    </p>
   </div>
   <div class='ocr_carea' id='block_1_83' title="bbox 2195 3591 3832 3674">
    <p class='ocr_par' dir='ltr' id='par_1_83' title="bbox 2195 3591 3832 3674">
     <span class='ocr_line' id='line_1_84' title="bbox 2195 3591 3832 3674; baseline 0.004 -27"><span class='ocrx_word' id='word_1_612' title='bbox 2195 3591 2364 3647; x_wconf 79' lang='grc' dir='ltr'>ἐκεῖνο</span> <span class='ocrx_word' id='word_1_613' title='bbox 2429 3597 2524 3647; x_wconf 79' lang='grc' dir='ltr'>τοῦ</span> <span class='ocrx_word' id='word_1_614' title='bbox 2590 3591 2785 3669; x_wconf 85' lang='grc' dir='ltr'>ἀνδρὸς</span> <span class='ocrx_word' id='word_1_615' title='bbox 2844 3600 3000 3669; x_wconf 86' lang='grc' dir='ltr'>σῶμα</span> <span class='ocrx_word' id='word_1_616' title='bbox 3069 3599 3553 3673; x_wconf 85' lang='grc' dir='ltr'>συναθροισθέντες,</span> <span class='ocrx_word' id='word_1_617' title='bbox 3604 3600 3719 3674; x_wconf 78' lang='grc' dir='ltr'>ἱερά</span> <span class='ocrx_word' id='word_1_618' title='bbox 3775 3621 3832 3654; x_wconf 82' lang='grc' dir='ltr'>τε</span> 
     </span>
    </p>
   </div>
   <div class='ocr_carea' id='block_1_84' title="bbox 2193 3682 3833 3765">
    <p class='ocr_par' dir='ltr' id='par_1_84' title="bbox 2193 3682 3833 3765">
     <span class='ocr_line' id='line_1_85' title="bbox 2193 3682 3833 3765; baseline 0.003 -28"><span class='ocrx_word' id='word_1_619' title='bbox 2193 3685 2340 3755; x_wconf 80' lang='grc' dir='ltr'><strong>αὐτῷ</strong></span> <span class='ocrx_word' id='word_1_620' title='bbox 2398 3682 2684 3755; x_wconf 73' lang='grc' dir='ltr'>έπᾷσαντες</span> <span class='ocrx_word' id='word_1_621' title='bbox 2744 3686 2976 3760; x_wconf 79' lang='grc' dir='ltr'>ᾅσματα,</span> <span class='ocrx_word' id='word_1_622' title='bbox 3030 3688 3119 3741; x_wconf 85' lang='grc' dir='ltr'><strong>καὶ</strong></span> <span class='ocrx_word' id='word_1_623' title='bbox 3170 3688 3441 3765; x_wconf 81' lang='grc' dir='ltr'>λαμπρῶς</span> <span class='ocrx_word' id='word_1_624' title='bbox 3514 3690 3833 3763; x_wconf 83' lang='grc' dir='ltr'>ἀνελόμενοι</span> 
     </span>
    </p>
   </div>
   <div class='ocr_carea' id='block_1_85' title="bbox 2196 3772 3833 3853">
    <p class='ocr_par' dir='ltr' id='par_1_85' title="bbox 2196 3772 3833 3853">
     <span class='ocr_line' id='line_1_86' title="bbox 2196 3772 3833 3853; baseline 0.004 -27"><span class='ocrx_word' id='word_1_625' title='bbox 2196 3772 2375 3847; x_wconf 83' lang='grc' dir='ltr'>ὥσπερ</span> <span class='ocrx_word' id='word_1_626' title='bbox 2419 3773 2538 3828; x_wconf 79' lang='grc' dir='ltr'>τινὰ</span> <span class='ocrx_word' id='word_1_627' title='bbox 2575 3775 2751 3829; x_wconf 87' lang='grc' dir='ltr'>κοινὸν</span> <span class='ocrx_word' id='word_1_628' title='bbox 2804 3778 3071 3852; x_wconf 88' lang='grc' dir='ltr'>θησαυρὸν</span> <span class='ocrx_word' id='word_1_629' title='bbox 3121 3776 3173 3833; x_wconf 83' lang='grc' dir='ltr'><strong>έν</strong></span> <span class='ocrx_word' id='word_1_630' title='bbox 3223 3784 3304 3851; x_wconf 81' lang='grc' dir='ltr'><strong>τῷ</strong></span> <span class='ocrx_word' id='word_1_631' title='bbox 3353 3780 3490 3853; x_wconf 85' lang='grc' dir='ltr'>λίθῳ</span> <span class='ocrx_word' id='word_1_632' title='bbox 3528 3780 3833 3847; x_wconf 82' lang='grc' dir='ltr'>κατέθεντο,</span> 
     </span>
    </p>
   </div>
   <div class='ocr_carea' id='block_1_86' title="bbox 2195 3859 3830 3944">
    <p class='ocr_par' dir='ltr' id='par_1_86' title="bbox 2195 3859 3830 3944">
     <span class='ocr_line' id='line_1_87' title="bbox 2195 3859 3830 3944; baseline 0.006 -29"><span class='ocrx_word' id='word_1_633' title='bbox 2195 3859 2444 3936; x_wconf 81' lang='grc' dir='ltr'>δευτέραν</span> <span class='ocrx_word' id='word_1_634' title='bbox 2482 3867 2578 3917; x_wconf 75' lang='grc' dir='ltr'>τοῦ</span> <span class='ocrx_word' id='word_1_635' title='bbox 2612 3860 2949 3938; x_wconf 79' lang='grc' dir='ltr'>Ὀκτωϐρίου</span> <span class='ocrx_word' id='word_1_636' title='bbox 2980 3867 3117 3942; x_wconf 86' lang='grc' dir='ltr'>πρὸς</span> <span class='ocrx_word' id='word_1_637' title='bbox 3152 3873 3270 3928; x_wconf 85' lang='grc' dir='ltr'>ταῖς</span> <span class='ocrx_word' id='word_1_638' title='bbox 3313 3867 3510 3925; x_wconf 84' lang='grc' dir='ltr'>εἶ’κοσιν</span> <span class='ocrx_word' id='word_1_639' title='bbox 3567 3867 3791 3944; x_wconf 76' lang='grc' dir='ltr'>ἄγοντος</span> <span class='ocrx_word' id='word_1_640' title='bbox 3817 3888 3830 3899; x_wconf 88' lang='grc'><strong>·</strong></span> 
     </span>
    </p>
   </div>
   <div class='ocr_carea' id='block_1_87' title="bbox 2195 3951 3836 4028">
    <p class='ocr_par' dir='ltr' id='par_1_87' title="bbox 2195 3951 3836 4028">
     <span class='ocr_line' id='line_1_88' title="bbox 2195 3951 3836 4028; baseline 0.004 -23"><span class='ocrx_word' id='word_1_641' title='bbox 2195 3951 2306 4005; x_wconf 73' lang='grc' dir='ltr'>εἶτα</span> <span class='ocrx_word' id='word_1_642' title='bbox 2346 3952 2436 4005; x_wconf 88' lang='grc' dir='ltr'><strong>τὸν</strong></span> <span class='ocrx_word' id='word_1_643' title='bbox 2489 3952 2577 4005; x_wconf 84' lang='grc' dir='ltr'><strong>ὑπ’</strong></span> <span class='ocrx_word' id='word_1_644' title='bbox 2627 3952 2787 4007; x_wconf 77' lang='grc' dir='ltr'>αὐτοῦ</span> <span class='ocrx_word' id='word_1_645' title='bbox 2849 3952 3135 4028; x_wconf 81' lang='grc' dir='ltr'>δεξάμενον</span> <span class='ocrx_word' id='word_1_646' title='bbox 3192 3959 3290 4027; x_wconf 77' lang='grc' dir='ltr'><strong>τήν</strong></span> <span class='ocrx_word' id='word_1_647' title='bbox 3370 3958 3687 4027; x_wconf 74' lang='grc' dir='ltr'>ἐπισκοπὴν,</span> <span class='ocrx_word' id='word_1_648' title='bbox 3745 3958 3836 4012; x_wconf 85' lang='grc' dir='ltr'><strong>ἐπὶ</strong></span> 
     </span>
    </p>
   </div>
   <div class='ocr_carea' id='block_1_88' title="bbox 2194 4039 3835 4122">
    <p class='ocr_par' dir='ltr' id='par_1_88' title="bbox 2194 4039 3835 4122">
     <span class='ocr_line' id='line_1_89' title="bbox 2194 4039 3835 4122; baseline 0.005 -29"><span class='ocrx_word' id='word_1_649' title='bbox 2194 4039 2288 4094; x_wconf 85' lang='grc' dir='ltr'><strong>τὸν</strong></span> <span class='ocrx_word' id='word_1_650' title='bbox 2328 4039 2492 4095; x_wconf 76' lang='grc' dir='ltr'>αὐτοῦ</span> <span class='ocrx_word' id='word_1_651' title='bbox 2524 4041 2712 4115; x_wconf 86' lang='grc' dir='ltr'>θρόνον</span> <span class='ocrx_word' id='word_1_652' title='bbox 2744 4043 3125 4119; x_wconf 86' lang='grc' dir='ltr'>ἀναγαγόντες,</span> <span class='ocrx_word' id='word_1_653' title='bbox 3158 4053 3315 4122; x_wconf 80' lang='grc' dir='ltr'>κοινῇ</span> <span class='ocrx_word' id='word_1_654' title='bbox 3366 4049 3455 4102; x_wconf 85' lang='grc' dir='ltr'><strong>τὸν</strong></span> <span class='ocrx_word' id='word_1_655' title='bbox 3494 4048 3581 4102; x_wconf 80' lang='grc' dir='ltr'><strong>ἐπὶ</strong></span> <span class='ocrx_word' id='word_1_656' title='bbox 3639 4049 3835 4119; x_wconf 87' lang='grc' dir='ltr'>θρόνου</span> 
     </span>
    </p>
   </div>
   <div class='ocr_carea' id='block_1_89' title="bbox 2197 4123 3835 4211">
    <p class='ocr_par' dir='ltr' id='par_1_89' title="bbox 2197 4123 3835 4211">
     <span class='ocr_line' id='line_1_90' title="bbox 2197 4123 3835 4211; baseline 0.004 -29"><span class='ocrx_word' id='word_1_657' title='bbox 2197 4123 2356 4199; x_wconf 77' lang='grc' dir='ltr'>δόξης</span> <span class='ocrx_word' id='word_1_658' title='bbox 2413 4136 2513 4197; x_wconf 84' lang='grc' dir='ltr'>τῆς</span> <span class='ocrx_word' id='word_1_659' title='bbox 2575 4131 2855 4205; x_wconf 86' lang='grc' dir='ltr'>βασιλείας</span> <span class='ocrx_word' id='word_1_660' title='bbox 2912 4135 3039 4189; x_wconf 88' lang='grc' dir='ltr'>Θεὸν</span> <span class='ocrx_word' id='word_1_661' title='bbox 3124 4134 3472 4211; x_wconf 80' lang='grc' dir='ltr'>ἐμεγάλυνον,</span> <span class='ocrx_word' id='word_1_662' title='bbox 3532 4137 3577 4207; x_wconf 84' lang='grc' dir='ltr'>ᾧ</span> <span class='ocrx_word' id='word_1_663' title='bbox 3638 4137 3835 4209; x_wconf 79' lang='grc' dir='ltr'>πρέπει</span> 
     </span>
    </p>
   </div>
   <div class='ocr_carea' id='block_1_90' title="bbox 2195 4217 3836 4298">
    <p class='ocr_par' dir='ltr' id='par_1_90' title="bbox 2195 4217 3836 4298">
     <span class='ocr_line' id='line_1_91' title="bbox 2195 4217 3836 4298; baseline 0.004 -25"><span class='ocrx_word' id='word_1_664' title='bbox 2195 4225 2339 4274; x_wconf 87' lang='grc' dir='ltr'><strong>πᾶσα</strong></span> <span class='ocrx_word' id='word_1_665' title='bbox 2402 4217 2550 4289; x_wconf 81' lang='grc' dir='ltr'>δόξα,</span> <span class='ocrx_word' id='word_1_666' title='bbox 2581 4224 2717 4297; x_wconf 88' lang='grc' dir='ltr'><strong>τιμή</strong></span> <span class='ocrx_word' id='word_1_667' title='bbox 2770 4224 2859 4277; x_wconf 84' lang='grc' dir='ltr'>καὶ</span> <span class='ocrx_word' id='word_1_668' title='bbox 2908 4226 3273 4298; x_wconf 77' lang='grc' dir='ltr'>προσκύνησις</span> <span class='ocrx_word' id='word_1_669' title='bbox 3328 4229 3415 4279; x_wconf 80' lang='grc' dir='ltr'>νῦν</span> <span class='ocrx_word' id='word_1_670' title='bbox 3463 4224 3551 4278; x_wconf 83' lang='grc' dir='ltr'><strong>καὶ</strong></span> <span class='ocrx_word' id='word_1_671' title='bbox 3602 4224 3684 4278; x_wconf 84' lang='grc' dir='ltr'>ἀεὶ</span> <span class='ocrx_word' id='word_1_672' title='bbox 3738 4226 3836 4279; x_wconf 84' lang='grc' dir='ltr'><strong>καὶ</strong></span> 
     </span>
    </p>
   </div>
   <div class='ocr_carea' id='block_1_91' title="bbox 2196 4308 3318 4388">
    <p class='ocr_par' dir='ltr' id='par_1_91' title="bbox 2196 4308 3318 4388">
     <span class='ocr_line' id='line_1_92' title="bbox 2196 4308 3318 4388; baseline 0.002 -23"><span class='ocrx_word' id='word_1_673' title='bbox 2196 4308 2272 4372; x_wconf 86' lang='grc' dir='ltr'>εἷς</span> <span class='ocrx_word' id='word_1_674' title='bbox 2301 4308 2429 4373; x_wconf 81' lang='grc' dir='ltr'>τοὺς</span> <span class='ocrx_word' id='word_1_675' title='bbox 2461 4310 2661 4374; x_wconf 85' lang='grc' dir='ltr'>αἰῶνας</span> <span class='ocrx_word' id='word_1_676' title='bbox 2700 4316 2806 4369; x_wconf 86' lang='grc' dir='ltr'>τῶν</span> <span class='ocrx_word' id='word_1_677' title='bbox 2840 4312 3075 4371; x_wconf 77' lang='grc' dir='ltr'><strong>αἶ’ώνων.</strong></span> <span class='ocrx_word' id='word_1_678' title='bbox 3122 4316 3318 4388; x_wconf 81' lang='grc' dir='ltr'>Ἀμήν.</span> 
     </span>
    </p>
   </div>
  </div>
