4128 6274
208 317 366 382 1249

1411 307 1890 371 MARTYBIUM
1939 311 2004 370 S.
2050 309 2411 374 ARETHIE.

3443 329 3464 385 i
3481 326 3599 387 250

1379 619 2418 755 ΜΑΡΤΥΡΙΟΝ

1724 856 1850 914 ΤΟΥ
1889 858 2098 914 ΑΓΙΟΥ

363 1036 2568 1212 ΜΕΓΑΛΟΜΑΡΤΥΡΟΣ
2665 1041 3436 1215 ΑΡΕΘΑ

1304 1312 1426 1368 ΚΑΙ
1462 1313 1604 1366 ΤΩΝ
1645 1313 1778 1365 zrx
1817 1312 1992 1387 ΑΙἼᾨ
2029 1311 2502 1366 ΔΘΑΗΣΔΝΤΩΝ

1321 1487 1708 1584 ΑΓΙΩΝ

1811 1488 2490 1586 ΜΑΡΤΥΡΟΝ

961 1693 1076 1748 ΚΑΙ
1117 1691 1406 1748 ΙΣΤΟΡΙΑ
1447 1691 1584 1747 ΤΩΝ
1623 1691 1810 1747 ΚΑΤΑ
1849 1690 2076 1748 ΧΩΡΑΣ
2119 1693 2290 1748 ΤΟΤΕ
2329 1694 2825 1751 ΠΡΑΧΘΕΝΤΩΝ.

1531 2001 2270 2117 MAHTYRIUM

1771 2201 2028 2258 SANCTI

375 2378 630 2538 ET
705 2375 1358 2538 MAGNI
1433 2373 2466 2538 MARTYBIS
2549 2376 3472 2542 ARETH/E.

1197 2641 1283 2696 ET
1322 2640 1572 2697 EORUM
1619 2639 1740 2704 QUI
1779 2639 1924 2696 CUM
1963 2640 2052 2696 ΕΟ
2093 2640 2622 2696 DECERTABUNT

1037 2803 1886 2892 SANCTORUM
2015 2803 2774 2890 MARTYBUM

447 2983 548 3044 ET
591 2981 961 3043 HISTORIA
1013 2978 1286 3040 EORUM
1331 2977 1514 3049 QUIE
1554 2976 1762 3039 TUNC
1807 2976 2062 3036 FACTA
2113 2975 2319 3036 SUNT
2363 2975 2440 3036 ΙΝ
2485 2974 2838 3036 REGIONE
2883 2975 3360 3039 HOMERITIDE

1675 3093 1830 3152 VEL
1874 3090 2152 3152 SABZEA

763 3247 966 3309 (Latine
995 3259 1080 3308 ap.
1109 3243 1326 3294 Surium
1357 3243 1424 3294 ad
1453 3243 1596 3294 diem
1623 3241 1686 3294 24
1715 3242 1987 3304 Octobris;
2017 3242 2202 3292 Grece
2233 3256 2300 3292 ex
2331 3242 2446 3292 cod.
2481 3255 2578 3296 ms.
2613 3243 2774 3294 Paris.
2809 3257 2862 3295 u.
2897 3243 3064 3306 1483.)

295 3579 374 3636 Α’.
406 3579 566 3639 Ἔτος
602 3577 694 3649 μὶν
737 3572 846 3645 ἢδη
895 3572 1140 3646 πὲμπτον
1194 3572 1486 3642 ἐνειστήκει
1533 3575 1612 3642 τῷ
1658 3565 1861 3626 εὐσεϐεῖ

2043 3575 2088 3628 I.
2117 3573 2512 3643 Instabatjam
2543 3574 2784 3646 quintus
2814 3592 3024 3644 annus,
3057 3594 3124 3634 ex
3173 3596 3288 3651 quo
3339 3579 3620 3636 Justinus

213 3667 511 3738 Ἰουστίνῳ,
575 3671 674 3733 τῆς
737 3661 1024 3735 Ῥωμαίων
1117 3661 1295 3734 ἀρχῆς
1389 3664 1496 3716 τῶν
1572 3661 1860 3734 σκήπτρων

211 3753 618 3827 ἐπειλημμένῳ,
651 3751 812 3821 ἡνίκα
854 3751 948 3804 καῖ
993 3748 1268 3806 Αἰθιόπων
1317 3743 1610 3804 Ἐλεσϐαδιν
1663 3749 1856 3822 ἦρχεν,

214 3847 352 3918 ἀνὴρ
421 3843 502 3898 ἐπ’
563 3836 802 3911 εὐσεϐείᾳ
858 3840 947 3893 καὶ
1007 3837 1319 3912 δικαιοσύνῃ
1399 3835 1660 3892 πλείστου
1717 3837 1862 3912 παρὰ

215 3939 375 3990 πᾶσιν
433 3931 738 4004 ¹ἦξιωριένος
795 3928 1081 4002 ὀνόματος,
1141 3927 1194 3981 ἐν
1267 3926 1523 4000 Αὐξούμῃ
1577 3927 1738 3981 πόλει
1793 3927 1862 3980 τὰ

217 4019 469 4097 βασίλεια
551 4018 980 4079 κατεσκευακὼς.
1087 4017 1328 4091 Ἐκράτει
1423 4013 1478 4070 δὲ
1574 4015 1663 4070 καὶ
1759 4021 1860 4084 τῆς

217 4107 560 4182 Εὐδαίμονος
617 4102 894 4178 Ἀραϐίας,
971 4114 1070 4176 τῆς
1121 4105 1290 4162 πάλαι
1352 4105 1444 4177 μὲν
1529 4099 1692 4172 Σαϐἄ,
1746 4103 1858 4158 νυνὶ

218 4197 276 4253 δὲ
336 4193 688 4271 Ὀμηρίτιδος
743 4195 1110 4270 καλουμένης,
1171 4192 1398 4250 Δουναάν
1458 4212 1539 4252 τις
1613 4186 1862 4264 Ἐϐραῖος

219 4288 356 4360 ἀνὴρ
407 4281 672 4353 δυσσεϐὴς
723 4284 814 4340 καὶ
870 4289 948 4354 τῷ
1001 4288 1108 4338 τῶν
1163 4285 1492 4354 Χριστιανῶν
1551 4279 1690 4353 γένει
1745 4275 1863 4332 δια-

223 4374 496 4450 φερόντως
535 4371 826 4446 πολέμιος.
865 4377 960 4432 Ὀς
999 4373 1088 4424 καί
1127 4369 1252 4430 τοὺς
1307 4369 1408 4422 ὑπὸ
1456 4373 1618 4442 χεῖρα
1664 4365 1863 4426 πάντας

228 4463 622 4536 ἐκπεριτόμους
692 4463 863 4534 εἶχεν,
930 4457 1023 4520 οὕς
1075 4459 1167 4530 μὲν
1217 4455 1615 4526 ἰουδαΐζοντας,
1667 4455 1760 4517 οῧς
1806 4451 1863 4508 δὲ

221 4551 312 4606 καὶ
371 4543 608 4624 ἀκριϐῶς
661 4545 1070 4616 ἓλληνὶζοντας,
1139 4544 1360 4608 θύοντας
1423 4542 1572 4615 ἡλίῳ
1631 4541 1719 4596 καὶ
1779 4562 1863 4594 σε-

219 4641 366 4712 λήνῃ
402 4638 491 4692 καὶ
526 4635 797 4709 δαίμοσιν,
831 4634 924 4697 οὓς
953 4633 1058 4710 ἂρα
1088 4635 1178 4688 καὶ
1232 4633 1368 4688 κατὰ
1414 4633 1506 4687 τὸν
1561 4631 1863 4706 ἐπιχώριον

217 4729 426 4802 τρόπον
469 4725 746 4801 ἀγάλμασι
797 4724 888 4778 καὶ
945 4721 1174 4794 στήλαις
1221 4721 1444 4796 ἐτίμων.
1493 4721 1864 4795 Ἀπηχθάνετο

226 4813 284 4870 δὲ
325 4815 414 4868 καὶ
464 4817 545 4884 τῷ
604 4807 898 4869 Ἐλεσϐαὰν
959 4813 986 4866 ὁ
1041 4805 1313 4886 Ἐϐραῖος,
1382 4809 1466 4864 ὅτι
1524 4805 1590 4878 δὴ
1649 4807 1861 4862 πάντων

1965 3665 2266 3732 acceperat
2305 3667 2532 3732 sceptra
2577 3663 2824 3719 Romani
2879 3666 3150 3736 imperii:
3204 3683 3313 3736 quo
3368 3667 3606 3736 quidem

1962 3754 2224 3822 tempore
2239 3751 2564 3822 imperabat
2583 3753 2754 3808 etiam
2771 3753 3144 3824 Ethiopibus
3161 3755 3440 3810 Elesbaan
3454 3797 3466 3820 ,
3492 3757 3582 3810 vir
3595 3798 3609 3822 ,

1963 3838 2062 3909 qui
2086 3845 2318 3909 propter
2339 3839 2612 3910 pietatem
2629 3841 3010 3910 etjustitiam,
3029 3843 3182 3914 apud
3206 3859 3404 3898 omnes
3432 3844 3610 3898 maxi-

1963 3944 2127 3983 mum
2159 3944 2370 3983 nomen
2429 3928 2538 3983 fuit
2595 3935 2944 3986 consecutus
2979 3947 2992 3985 :
3030 3931 3088 3985 in
3146 3931 3380 3987 civitate
3411 3937 3605 3987 autem

1961 4021 2224 4072 Auxume
2254 4017 2471 4090 regiam
2503 4023 2926 4075 construxerat.
2961 4021 3187 4076 Ditionc
3213 4023 3442 4076 tenebat
3472 4023 3606 4076 Ara-

1965 4105 2116 4160 biam
2148 4105 2392 4160 Felicem
2427 4123 2552 4176 quae
2582 4107 2720 4162 olim
2755 4107 2992 4178 quidem
3024 4107 3194 4172 Saba,
3227 4124 3384 4162 nunc
3415 4113 3604 4163 autem

1965 4199 2200 4247 vocatur
2220 4193 2548 4258 Homeritis,
2583 4193 2824 4248 Dunaan
2852 4195 3139 4260 Hebraeus,
3172 4195 3514 4265 virimpius,
3547 4201 3604 4252 et

1965 4279 2424 4334 Christianorum
2482 4281 2676 4349 generi
2729 4281 3223 4350 inimicissimus;
3269 4283 3368 4354 qui
3427 4284 3602 4338 etiam

1966 4384 2189 4433 omnes,
2240 4369 2338 4440 qui
2371 4377 2531 4424 erant
2561 4368 2621 4424 in
2680 4386 2788 4425 sua
2845 4373 3148 4441 potestate,
3209 4371 3455 4426 habebat
3495 4374 3607 4428 cir-

1967 4457 2276 4522 cumeisos,
2313 4458 2520 4528 partim
2552 4459 2785 4529 quidem
2819 4459 3122 4515 Judaicam
3164 4465 3476 4532 sequentes
3506 4478 3610 4517 su-

1967 4546 2389 4618 perstitionem,
2425 4548 2634 4618 partim
2665 4553 2862 4603 autem
2900 4547 3072 4619 plane
3114 4550 3360 4620 gentiles
3408 4549 3519 4604 soli
3551 4554 3608 4604 et

1967 4636 2118 4690 lunae
2148 4635 2543 4691 sacrificantes
2564 4639 2621 4691 et
2645 4636 3034 4704 demonibus,
3069 4653 3215 4708 quos
3247 4637 3420 4692 etiam
3453 4653 3610 4692 more

1967 4724 2158 4794 gentis
2189 4723 2556 4779 honorabant
2581 4725 2789 4780 statuis
2811 4729 2866 4780 et
2889 4723 3190 4780 columnis.
3218 4725 3393 4780 Porro
3417 4729 3608 4780 autem

1969 4811 2039 4867 ab
2073 4811 2352 4867 Elesbaan
2387 4811 2518 4866 odio
2549 4811 2870 4868 habebatur
2911 4812 3198 4880 Hebraeus,
3231 4814 3384 4882 quod
3416 4815 3604 4868 omni-

227 4901 423 4982 σχεδὸν
477 4905 582 4957 τῶν
641 4901 728 4956 ὑπ’
781 4901 1002 4975 οὐρανὸν
1059 4902 1150 4956 τὸν
1205 4900 1434 4972 Χριστὸν
1492 4895 1861 4971 κηρυττόντων

1971 4901 2082 4956 bus
2116 4901 2253 4970 fere,
2287 4900 2387 4972 qui
2419 4903 2554 4956 sunt
2585 4901 2690 4956 sub
2714 4901 2879 4970 caelo,
2919 4901 3216 4956 Christum
3246 4905 3426 4955 Deum
3461 4917 3606 4970 pras-

227 4993 354 5049 Θεὸν
387 4993 473 5046 καὶ
524 4996 657 5046 Θεοῦ
705 4991 828 5046 Υἱὸν
877 4990 1082 5060 ἀληθῆ,
1141 4989 1228 5043 καὶ
1281 4991 1418 5060 ἡμῖν
1476 4987 1672 5061 ὅμοιον
1729 4987 1864 5041 κατά

221 5083 322 5151 τὴν
375 5081 543 5154 σάρκα
589 5079 900 5154 γενόμενον,
961 5078 1121 5138 αὐτὸς
1171 5078 1370 5132 ἀθετῶν
1426 5077 1718 5150 ἀπηρνεῖτο
1773 5075 1862 5129 καὶ

220 5172 314 5226 τὸν
365 5171 486 5225 Υὶὸν
543 5170 632 5224 καὶ
670 5170 766 5237 τήν
829 5169 1120 5243 σάρκωσιν,
1177 5167 1476 5235 συσκιάζων
1523 5167 1586 5220 τὸ
1645 5165 1729 5220 ἐπὶ
1783 5169 1861 5236 τῷ

221 5263 436 5334 σταυρῷ
507 5263 614 5312 τῶν
671 5257 917 5332 πατέρων
969 5255 1252 5328 ἀνόμημα,
1311 5253 1385 5316 ὡς
1445 5253 1533 5308 καὶ
1591 5251 1862 5314 πολλᾶκις

223 5349 374 5420 αὐτῷ
426 5343 774 5422 συμϐαλὸντα
837 5347 929 5401 τὸν
997 5339 1188 5414 εὐσεϐῆ
1267 5342 1513 5418 βασιλέα,
1571 5341 1860 5417 τρέψασθαί

215 5459 276 5494 τε
307 5437 487 5493 αὐτὸν·
521 5437 620 5494 ἀνὰ
662 5437 878 5512 κράτος,
928 5437 1016 5491 καὶ
1064 5435 1264 5514 φόρους
1323 5433 1616 5506 ἀναγκάσαι
1663 5431 1858 5488 τελεῖν.

219 5527 340 5584 Εἶθ’
401 5526 577 5588 οὕτως
644 5525 846 5581 ἐκεῖνον
904 5525 997 5598 μὲν
1053 5523 1149 5585 τάς
1205 5523 1474 5592 συνθήκας
1532 5519 1859 5590 ἠθετηκότα,

219 5617 672 5686 κατεξαναστῆναι
736 5613 831 5668 τοῦ
912 5611 1177 5681 βασιλέως
1247 5604 1563 5668 Ἐλεσὸαάν.
1632 5609 1736 5667 Τὸν
1804 5605 1861 5664 δὶ

1973 4989 2324 5056 dicentibus,
2357 4994 2414 5045 et
2435 5005 2632 5045 verum
2665 4989 2764 5045 Dei
2805 4988 3034 5057 Filium,
3067 4996 3124 5044 et
3171 4989 3338 5044 nobis
3385 4991 3604 5046 factum

1973 5095 2144 5135 carne
2191 5077 2465 5146 similem,
2496 5077 2622 5148 ipse
2649 5095 2785 5134 eum
2815 5076 3202 5146 vilipendens,
3235 5075 3604 5133 inﬁciabatur

1977 5169 2093 5222 haec
2122 5167 2552 5234 omnia,velans
2582 5171 2638 5222 et
2669 5167 3026 5222 adumbrans
3049 5180 3287 5219 suorum
3312 5166 3603 5235 majorum

1973 5254 2184 5322 scelus,
2211 5257 2360 5326 quod
2393 5255 2451 5310 in
2482 5270 2651 5310 cruce
2680 5254 3059 5318 admiserant,
3093 5254 3231 5307 adeo
3265 5257 3330 5307 ut
3359 5269 3458 5307 rex
3479 5254 3606 5322 pius

1973 5359 2124 5414 saepe
2152 5360 2285 5399 cum
2317 5360 2382 5400 eo
2405 5343 2554 5399 bello
2587 5357 2954 5414 congressus,
2978 5341 3032 5395 vi
3057 5341 3347 5396 fuderitac
3371 5342 3604 5413 fugarit,

1971 5435 2028 5489 et
2055 5433 2332 5488 tributum
2372 5433 2621 5504 pendere
2670 5431 2941 5504 coegerit.
2971 5429 3186 5486 Verum
3237 5427 3332 5486 ille
3371 5432 3600 5502 quidem

1971 5539 2086 5578 non
2110 5527 2270 5577 stans
2293 5521 2473 5591 pactis
2495 5521 2809 5592 conventis,
2842 5519 3158 5576 insurrexit
3188 5523 3391 5575 contra
3411 5534 3598 5591 regem

1969 5611 2270 5668 Elesbaan.
2308 5611 2587 5666 Etesbaan
2614 5613 2808 5666 autem
2842 5623 2973 5666 eum
2997 5623 3196 5664 rursus
3224 5605 3410 5664 valido
3439 5609 3604 5664 ador-
