4128 6274
515 326 665 385 1251

1864 316 2150 378 MENSIS
2197 315 2575 378 OCTOBER.

3761 312 3937 373 i252

509 493 599 544 tus
630 489 902 555 exercitu,
936 486 1161 541 fortiter
1191 483 1563 555 expugnavit,
1596 486 1652 537 et
1681 482 1738 535 in
1766 482 1961 552 fugam
2010 498 2142 537 con-

2267 478 2417 533 τάλιν
2453 481 2610 552 βαρεῖ
2654 482 2864 550 στρατῶ
2913 479 3029 532 κατ’
3076 479 3243 533 αὐτοῦ
3286 477 3612 549 ἐπελθόντα,
3658 499 3931 552 καταγω-

505 579 693 632 vertit.
728 576 986 646 Denique
1009 574 1079 629 ad
1103 573 1273 628 illum
1298 572 1615 627 cavendum
1643 570 1837 626 relicto
1868 570 2142 637 exercitu,

510 667 568 721 in
601 680 769 721 suam
794 664 964 719 rediit
993 662 1295 718 ditionem.

585 847 651 902 II.
689 844 925 901 Interim
960 859 1074 897 non
1127 845 1348 912 poterat
1395 839 1666 896 Hebraeus
1699 840 2011 912 quiescere,
2044 839 2145 895 sed

513 943 578 993 ut
618 941 864 1007 acceptae
904 934 1086 989 cladis
1138 932 1352 987 deleret
1381 931 1788 1003 ignominiam,
1829 946 1961 986 cum
2010 947 2146 985 suos

511 1027 854 1099 collegisset,
887 1028 943 1079 et
981 1040 1099 1091 eos,
1132 1023 1232 1093 qui
1283 1028 1449 1077 erant
1481 1023 1540 1076 in
1589 1022 1878 1092 praesidio,
1912 1022 2148 1079 invasis-

510 1122 616 1186 set,
651 1131 853 1170 omnes
894 1112 1041 1168 bello
1075 1110 1343 1182 perdidit,
1380 1112 1633 1180 etjussit
1673 1127 1898 1175 omnes,
1932 1111 2033 1182 qui
2067 1112 2150 1165 in-

511 1204 889 1259 veniebantur
920 1200 1211 1255 Christum
1245 1215 1369 1254 esse
1399 1199 1577 1253 Deum
1612 1199 1975 1264 conﬁtentes,
2009 1199 2150 1252 citra

514 1292 691 1347 ullam
724 1290 961 1345 interire
991 1288 1460 1355 misericordiam.
1493 1287 1704 1342 Nullus
1727 1292 1917 1341 autem
1946 1287 2056 1341 fuit
2083 1303 2152 1341 ex

516 1383 608 1444 iis,
644 1380 742 1452 qui
773 1386 933 1435 erant
963 1379 1072 1432 sub
1095 1379 1242 1448 ipso,
1273 1376 1642 1439 Christianis,
1664 1376 1763 1447 qui
1786 1393 1847 1432 se
1879 1393 1992 1431 non
2016 1375 2151 1429 huic

519 1471 700 1541 impio
732 1469 918 1525 edicto
951 1467 1295 1522 submiserit
1322 1466 1479 1520 illius
1510 1465 1690 1521 animi
1716 1465 2035 1521 formidans
2054 1482 2155 1519 sae-

515 1561 737 1615 vitiam.
764 1558 1032 1623 Quaedam
1056 1561 1250 1611 tamen
1273 1555 1475 1609 civitas
1500 1556 1766 1624 frequens
1782 1553 2015 1625 populo,
2040 1554 2154 1608 sita

514 1651 575 1705 in
601 1647 975 1711 Homeritide,
1002 1662 1128 1716 quae
1151 1648 1385 1699 vocatur
1406 1643 1663 1715 Nagran,
1688 1659 1819 1697 cum
1844 1644 1954 1715 iam
1978 1642 2151 1713 longo

518 1737 731 1793 abhinc
760 1740 1021 1805 tempore
1069 1733 1323 1789 venisset
1366 1735 1436 1788 ad
1476 1732 1831 1803 agnitionem
1872 1732 2153 1795 veritatis,

2254 566 2497 629 νίσασθαί
2561 587 2619 621 τε
2684 567 2966 643 γενναίως,
3043 567 3131 621 καὶ
3228 565 3443 644 φυγάδα
3509 567 3930 641 παρασκεόάσαι

2254 656 2513 731 γενέσθαι.
2575 657 2713 711 Εἶτα
2768 655 2903 727 πρὸς
2960 654 3205 730 φυλακὴν
3269 655 3477 711 ἐκείνου
3536 651 3932 711 καταλιπόντα

2256 746 2505 819 στρατὸν,
2531 745 2607 806 εἰς
2636 744 2734 811 τήν
2769 742 2966 798 οἰκείαν
2997 743 3151 805 αὖθις
3185 743 3367 818 ἀρχὴν
3405 745 3763 819 ὑποστρέψαι.

2330 837 2398 891 Β¹.
2431 835 2516 890 Ἐν
2549 833 2765 894 τούτοις
2798 834 2890 887 τὸν
2920 828 3176 907 Ἑϐραῖον
3210 833 3311 888 οὐκ
3365 836 3429 905 ἦν
3476 837 3724 908 ἠρεμεῖν·
3790 826 3930 888 ἀλλ’

2256 922 2437 997 ὥσπερ
2465 924 2564 991 τὴν
2610 925 2779 991 ἧτταν
2820 921 3287 993 ἀνακαλούμενον,
3335 920 3735 995 συλλεξάμενον
3790 922 3926 983 τοὺς

2257 1012 2512 1081 οἰκείους,
2571 1013 2659 1065 καὶ
2708 1016 2825 1072 τοῖς
2865 1012 2963 1078 τὴν
3011 1010 3258 1086 φυλακὴν
3311 1007 3530 1085 ἔχουσιν
3571 1011 3925 1082 ἐπιθέμενον,

2256 1100 2489 1173 πολέμῳ
2549 1121 2605 1154 τε
2654 1102 2891 1161 ἅπαντας
2950 1096 3277 1175 διαφθεῖραι,
3334 1101 3425 1154 καὶ
3482 1099 3731 1156 κελεῦσαι
3788 1104 3925 1164 τους

2260 1188 2676 1264 εὑρισκομένους
2709 1189 2836 1243 Θεὸν
2887 1188 2977 1242 τὸν
3029 1188 3257 1263 Χριστὸν
3311 1189 3717 1262 ὁμολογοῦντας
3770 1192 3923 1265 παρὰ

2259 1285 2361 1333 πᾶν
2422 1275 2574 1341 ἕλεος
2635 1276 3050 1353 διαφθείρεσθαι.
3114 1280 3213 1335 Ἢν
3273 1278 3363 1334 οὗν
3420 1278 3601 1337 οὐδεὶς
3660 1284 3773 1335 τῶν
3834 1283 3923 1335 ὑπ’

2260 1368 2407 1441 αύτῷ
2462 1368 2767 1423 τελούντων
2814 1370 3167 1443 Χριστιανῶν,
3228 1370 3286 1430 ὃς
3341 1368 3451 1443 οὐχ
3508 1370 3781 1425 ὑπέκυπτε
3839 1376 3923 1442 τῷ

2263 1454 2511 1512 δυσσεϐεῖ
2573 1458 2751 1529 τούτῳ
2817 1457 3218 1533 προστάγματι,
3285 1465 3384 1527 τῆς
3455 1461 3639 1533 ψυχῆς
3698 1457 3918 1528 ἐκείνης

2263 1547 2479 1621 τρέμων
2510 1548 2608 1613 τὴν
2643 1546 2958 1621 ἀγριότητα.
3016 1546 3182 1608 Πόλις
3231 1546 3291 1621 γέ
3338 1568 3419 1608 τις
3476 1545 3921 1621 πολυάνθρωπος

2265 1636 2366 1690 ὑπὸ
2397 1636 2485 1690 τὸν
2519 1636 2825 1709 Ὁμηρίτην
2878 1634 3102 1708 κειμένη
3152 1634 3465 1707 καλουμένη
3518 1637 3759 1710 Ναγράν,
3812 1658 3919 1691 συ-

2264 1724 2393 1798 χνὸν
2442 1723 2549 1793 ἤδη
2603 1724 2799 1799 χρόνον
2852 1724 2929 1785 εἷς
2988 1724 3276 1798 ἐπίγνωσιν
3336 1723 3568 1779 ἐλθοῦσα
3613 1733 3710 1794 τῆς
3768 1724 3920 1796 ἀλη-

520 1832 577 1882 et
608 1827 875 1895 pietatem
910 1822 1280 1893 suscepisset,
1300 1837 1506 1891 nempe
1536 1836 1603 1874 ex
1634 1836 1747 1891 quo
1780 1822 2154 1875 Constantius

2267 1814 2432 1881 θείας,
2498 1814 2587 1867 καὶ
2652 1816 2751 1881 τήν
2822 1808 3090 1868 εὐσέϐειαν
3175 1812 3567 1886 ἐπανελομένη,
3656 1815 3706 1884 ἐξ
3782 1814 3917 1870 ὅτου

521 1914 717 1985 magni
751 1911 1119 1967 Constantini
1156 1911 1333 1975 ﬁlius,
1366 1912 1431 1964 ad
1466 1910 1718 1977 Sabaeos,
1747 1908 1843 1979 qui
1875 1926 2029 1964 nunc
2061 1926 2159 1964 vo-

522 2006 728 2055 cantur
758 2000 1083 2062 Homeritaa,
1112 1999 1220 2053 orti
1252 2014 1386 2053 vero
1417 2001 1557 2052 sunt
1577 2012 1644 2051 ex
1666 1996 1872 2051 Getura
1893 1995 2157 2062 Abrahae,

525 2090 686 2145 misit
718 2090 939 2159 legatos
972 2104 984 2143 :
1017 2092 1073 2142 et
1104 2102 1234 2158 rege
1266 2086 1425 2141 illius
1456 2087 1649 2157 gentis
1682 2086 2017 2141 muneribus
2048 2084 2158 2139 sibi

521 2176 882 2244 conciliatos,
919 2176 1223 2231 aediﬁcavit
1252 2175 1439 2230 hacin
1482 2174 1710 2229 civitate
1763 2174 2059 2240 ecclesias,
2104 2178 2162 2228 et

518 2270 836 2340 quemdam
889 2267 1078 2320 virum
1134 2267 1316 2336 pium,
1374 2264 1472 2336 qui
1506 2265 1574 2319 ad
1635 2265 1807 2318 vitam
1843 2263 2160 2319 declinarat

520 2357 929 2422 monasticam,
956 2360 1014 2411 et
1045 2354 1366 2410 moralibus
1396 2359 1452 2409 et
1482 2354 1681 2409 activis
1700 2353 2012 2408 virtutibus
2036 2356 2159 2408 erat

522 2463 794 2517 magnus,
817 2450 991 2516 atque
1012 2445 1154 2499 adeo
1176 2444 1448 2499 omnibus
1470 2444 1559 2497 sui
1582 2443 1858 2513 temporis
1879 2442 2157 2512 superior,

524 2537 706 2601 misit,
742 2545 803 2591 ut
854 2538 1123 2607 praeesset
1171 2534 1262 2599 iis,
1296 2534 1395 2604 qui
1439 2535 1509 2588 ad
1549 2550 1735 2589 veram
1794 2536 2160 2589 accesserant

524 2624 885 2695 religionem.
920 2624 1039 2687 Quo
1071 2621 1300 2691 quidem
1337 2627 1594 2691 tempore
1626 2620 1842 2675 Judaeis
1879 2620 2156 2674 resisten-

522 2715 698 2782 tibus,
731 2722 784 2766 et
818 2711 1055 2766 barbaro
1078 2709 1482 2775 suadentibus,
1517 2724 1589 2763 ne
1619 2712 1741 2763 tam
1776 2708 1939 2763 facile
1960 2706 2161 2776 hospi-

522 2807 639 2858 tem
670 2799 1069 2856 admitleretin
1113 2799 1427 2864 civitatem,
1470 2812 1649 2866 neque
1690 2796 1845 2850 circa
1886 2812 1976 2850 res
2015 2795 2159 2850 divi-

523 2906 627 2945 nas
657 2890 877 2960 aliquid
904 2888 1225 2953 innovaret,
1260 2886 1374 2941 nisi
1406 2886 1571 2957 prius
1602 2884 1686 2938 vir
1715 2884 2023 2955 religiosus
2056 2884 2157 2939 ali-

519 2981 670 3052 quod
706 2979 936 3048 signum
988 2977 1339 3039 ostenderet,
1380 2974 1697 3045 (quomodo
1728 2972 1916 3028 solent
1946 2973 2038 3027 isti
2069 2988 2162 3042 pe-

521 3076 663 3136 tere,
698 3072 761 3121 ut
790 3066 889 3137 qui
922 3067 1039 3120 sint
1066 3064 1371 3133 increduli)
1404 3065 1555 3132 quod
1592 3062 1821 3130 quidem
1856 3062 1905 3116 si
1945 3062 2164 3132 praesti-

522 3159 680 3223 terit,
713 3161 851 3211 tunc
884 3155 935 3210 ei
966 3154 1305 3209 concederet
1352 3152 1682 3223 ingressum
1726 3151 1784 3206 in
1818 3151 2107 3206 civitatem
2146 3167 2158 3204 :

521 3246 618 3301 ille
652 3244 861 3300 divinis
893 3244 1073 3299 fretus
1102 3241 1432 3314 promissis,
1466 3241 1619 3311 quod
1644 3240 1812 3311 signa
1844 3245 2164 3312 sequentur

521 3352 643 3404 eos,
667 3334 763 3405 qui
788 3335 1158 3399 crediderint,
1176 3332 1512 3387 annuitcira
1527 3331 1701 3386 ullam
1725 3332 2159 3389 dubitationem:

518 3428 575 3480 et
613 3440 813 3478 eorum
848 3439 977 3493 quae
1027 3422 1390 3493 petebantur,
1437 3420 1849 3475 miraculorum
1886 3437 2161 3491 magnam

518 3513 768 3570 ostendit
799 3511 1217 3583 operationem.
1264 3510 1349 3563 Ab
1382 3508 1480 3563 illo
1505 3509 1628 3579 jam
1675 3513 1935 3580 tempore
1967 3510 2164 3568 civitas

517 3604 831 3657 Dominum
863 3617 1004 3673 pure
1022 3599 1241 3666 colens,
1278 3606 1334 3653 et
1365 3599 1682 3653 orthodoxa
1712 3598 2041 3655 divinorum
2068 3602 2165 3655 Pa-

518 3697 678 3747 trum
702 3707 949 3761 sequens
980 3690 1272 3761 dogmata,
1312 3688 1727 3758 perseverabat,
1763 3689 1808 3743 si
1858 3690 1997 3759 quid
2040 3694 2163 3746 erat

522 3780 679 3847 mali,
747 3778 1046 3850 repellere,
1104 3782 1159 3831 et
1208 3776 1455 3830 alienam
1507 3776 1754 3845 effugere
1804 3778 2160 3847 religionem,

520 3871 664 3925 adeo
697 3872 757 3923 ut
787 3866 992 3921 sineret
1025 3865 1260 3936 quidem
1294 3879 1423 3918 eam
1463 3865 1533 3918 ad
1567 3880 1737 3919 aures
1771 3869 2086 3934 pervenire.

594 4045 688 4099 lII.
715 4044 981 4098 Invideas
1004 4056 1138 4113 ergo
1172 4038 1486 4112 malignus,
1506 4043 1713 4107 totum,
1743 4046 1996 4112 quantus
2016 4052 2159 4111 erat,

516 4137 754 4194 subiens
790 4133 1114 4201 Hebraeum,
1149 4148 1280 4186 eum
1312 4136 1501 4187 armat
1542 4131 1816 4186 adversus
1847 4131 2156 4201 civitatem,

515 4225 723 4296 partim
760 4223 997 4294 quidem
1030 4221 1276 4291 Opinans
1308 4221 1449 4287 fore,
1485 4224 1545 4275 ut
1574 4220 1629 4275 id.
1662 4224 1816 4276 esset
1846 4222 2154 4278 molestum

516 4314 610 4384 pio
644 4314 763 4383 regi
798 4312 1127 4383 {Ethiopum
1156 4325 1169 4366 :
1204 4313 1414 4380 partim
1449 4314 1640 4364 autem
1673 4324 1738 4366 eo
1770 4314 2060 4381 spectans,
2096 4317 2156 4368 ut

513 4402 575 4457 in
636 4401 927 4457 Christum
972 4416 1133 4454 suam
1192 4399 1443 4467 expleret
1499 4398 1810 4465 insaniam,
1863 4408 1916 4453 et
1973 4416 2155 4470 genus

515 4490 982 4546 Christianorum
1006 4486 1243 4542 omnino
1282 4491 1580 4540 everteret.
1616 4486 1815 4555 Itaque
1835 4487 1992 4542 venit
2013 4490 2151 4543 vali-

3298 1903 3709 1959 Κωνσταντίνου
3792 1907 3917 1966 υἱὸς

2268 1994 2403 2066 πρὸς
2456 1989 2729 2053 Σαϐαίους
2782 1990 2909 2053 τοὺς
2966 1996 3054 2045 νῦν
3111 1993 3436 2067 Ὀμηρῖτας,
3493 1994 3626 2055 τοὺς
3697 1992 3755 2048 ἐκ
3810 1999 3915 2059 τῆς

2268 2082 2536 2157 Χετούρας
2584 2086 2661 2153 τῷ
2719 2076 2969 2155 Ἀϐραὰμ
3023 2081 3346 2156 γενομένους
3402 2082 3686 2154 πρεσοείαν
3746 2080 3915 2138 ἐστεί-

2269 2170 2422 2234 λατο,
2456 2172 2545 2226 καί
2579 2169 2777 2245 δώροις
2807 2171 3226 2243 οἶκειωσάμενος
3255 2171 3345 2226 τὸν
3381 2176 3476 2225 τοῦ
3527 2169 3708 2235 ἔθνους
3759 2173 3914 2245 βασι-

2269 2260 2387 2331 λέα,
2422 2259 2714 2330 ἐκκλησίας
2744 2281 2802 2314 τε
2831 2257 3105 2332 ἐδείματο,
3137 2261 3225 2314 καί
3276 2281 3395 2315 τινα
3445 2259 3698 2334 θεόφιλον
3747 2258 3914 2335 ἄνδρα

2267 2352 2403 2424 πρὸς
2460 2352 2548 2404 τὸν
2612 2347 2903 2421 μοναδικὸν
2963 2348 3330 2405 ἀποκλίναντα
3392 2349 3534 2424 βίον,
3593 2351 3683 2404 καὶ
3745 2353 3911 2425 μέγαν

2268 2440 2317 2493 ἐν
2362 2440 2577 2508 ἠθικαῖς
2631 2458 2689 2491 τε
2752 2437 2840 2491 καὶ
2926 2443 3248 2511 πρακτικαῖς
3314 2438 3555 2513 ἀρεταῖς,
3621 2438 3707 2492 καί
3780 2439 3911 2512 ὑπὲρ

2266 2532 2393 2589 τοὺς
2424 2528 2546 2581 τότε
2576 2526 2777 2589 πάντας
2820 2526 3128 2598 γενόμενον,
3180 2527 3257 2588 εἷς
3299 2527 3625 2601 προστασίαν
3677 2531 3786 2582 τῶν
3840 2532 3910 2602 τῇ

2268 2611 2513 2686 εὐσεϐείᾳ
2589 2616 2973 2687 συντιθεμένων
3071 2616 3382 2689 ἐξέπεμπεν.
3459 2618 3588 2673 "Ore
3657 2618 3743 2671 καὶ
3801 2624 3909 2672 τῶν

2269 2704 2546 2760 Ἰουδαίων
2648 2703 3052 2777 ἀνθισταμένων
3153 2707 3242 2760 καὶ
3353 2706 3741 2762 ἀναπειθόντων
3817 2706 3910 2761 τὺν

2273 2791 2567 2870 βάρϐαρον,
2615 2796 2690 2868 μὴ
2738 2794 3052 2871 προχείρως
3105 2795 3248 2849 οὕτω
3296 2796 3437 2868 ξένον
3487 2796 3562 2857 εἰς
3610 2797 3706 2865 τήν
3758 2795 3915 2851 πολι-

2267 2885 2408 2939 τείαν
2466 2880 2815 2953 εἰσδέξασθαι,
2878 2882 3017 2955 μηδὲ
3072 2884 3197 2958 περὶ
3253 2886 3319 2938 τὰ
3386 2890 3499 2947 θεῖα
3559 2885 3913 2959 νεωτερίζειν,

2272 2972 2316 3027 εί
2370 2975 2443 3044 μή
2486 2993 2556 3025 τι
2596 2971 2856 3046 πρότερον
2904 2977 3132 3044 σημεῖον
3183 2974 3209 3026 ὁ
3260 2973 3515 3050 θεόφιλος
3566 2971 3912 3042 ἐπιδείξαιτο,

2271 3062 2363 3115 οἷα
2394 3058 2459 3128 δὴ
2515 3059 2703 3114 πολλά
2757 3058 2976 3121 τούτοις
3036 3061 3108 3122 ὡς
3168 3060 3413 3122 ἀπίστοις
3472 3063 3711 3116 ἀπαιτεῖν
3768 3057 3914 3131 ἔθος,

2271 3152 2360 3204 καὶ
2428 3150 2548 3205 τότε
2612 3156 3012 3225 παραχωρῆσαι
3072 3150 3217 3222 αὐτῷ
3274 3158 3373 3219 τῆς
3443 3151 3517 3213 εἷς
3593 3154 3690 3220 τήν
3748 3150 3909 3207 πόλιν

2274 3236 2513 3306 εἶ’σόδου,
2546 3237 2744 3293 ἐκεῖνον
2790 3244 2907 3301 ταῖς
2941 3239 3106 3302 θείαις
3148 3238 3496 3315 ἐπαγγελίαις
3547 3241 3909 3317 θαῤῥήσαντα,

2273 3326 2354 3380 ὅτι
2424 3332 2628 3398 σημεῖα
2690 3333 2805 3387 τοῖς
2862 3327 3173 3382 πιστεύσασι
3237 3328 3734 3403 παρακολουθήσει,
3793 3328 3910 3383 ἐπι-

2270 1903 2635 1965 Κωνστάντιος
2711 1904 2738 1956 ὁ
2802 1907 2898 1957 τοῦ
2968 1901 3208 1979 μεγάλου

2270 3418 2445 3472 νεῦσαί
2503 3440 2561 3472 τε
2626 3416 3072 3484 ἀνεππδοιάστως,
3139 3420 3230 3473 καὶ
3298 3419 3515 3488 πολλὴν
3581 3425 3685 3474 τῶν
3751 3421 3912 3475 ἀπαι-

2268 3507 2543 3578 τουμένων
2614 3506 2900 3579 θαυμάτων
2994 3503 3356 3576 ἐπιδείξασθαι
3452 3509 3551 3575 τὴν
3626 3506 3907 3582 ἐνεργειαν.

2269 3595 2358 3665 Ἐξ
2390 3594 2603 3648 ἐκείνων
2644 3592 2751 3664 ἤδη
2804 3599 2911 3649 τῶν
2968 3594 3183 3669 χρόνων
3226 3593 3455 3664 ἡπόλις
3501 3597 3747 3668 καθαρῶς
3802 3594 3909 3649 λα-

2270 3686 2532 3764 τρεύουσα
2576 3690 2656 3757 τῷ
2708 3689 2841 3755 Θεῷ,
2896 3685 2985 3737 καὶ
3040 3689 3156 3746 τοῖς
3214 3683 3523 3759 ὀρθοδόξοις
3587 3688 3693 3739 τῶν
3753 3686 3908 3739 θείων

2271 3778 2520 3850 Πατέρων
2591 3777 2886 3849 στοιχοῦσα
2962 3771 3218 3848 δόγμασι,
3301 3771 3529 3828 διετέλει
3597 3780 3698 3827 πᾶν
3764 3775 3792 3828 δ
3856 3794 3909 3827 τι

2268 3867 2503 3939 πονηρὸν
2536 3864 2919 3934 ἀπωθουμένη,
2969 3863 3056 3916 καὶ
3107 3863 3393 3937 θρησκείαν
3436 3861 3737 3918 ἀλλόκοτον
3778 3860 3909 3937 ἄχρι

2268 3959 2398 4030 γοῦν
2430 3955 2518 4007 καί
2550 3953 2717 4021 ἀκοῆς
2749 3951 3147 4027 ἀποφεύγουσα.

2342 4048 2410 4102 Γ”.
2445 4045 2727 4113 Φθονήσας
2782 4042 2957 4097 τοίνυν
3012 4043 3039 4096 ὁ
3088 4043 3349 4117 πονηρὸς,
3398 4044 3486 4098 καὶ
3538 4040 3667 4097 ὅλον
3720 4042 3907 4096 ὑπεισ-

2268 4132 2359 4197 δὺς
2418 4134 2506 4187 τὸν
2565 4127 2843 4205 Ἑϐραῖον,
2903 4129 3118 4199 ὁπλίζει
3176 4133 3310 4186 κατὰ
3366 4139 3463 4200 τῆς
3519 4130 3756 4199 πόλεως,
3815 4132 3907 4185 καὶ

2266 4223 2425 4285 αὐτὸς
2456 4226 2615 4277 τοῦτο
2660 4222 2752 4295 μὶν
2785 4218 3170 4291 προσδοκήσας
3206 4220 3395 4276 λυπεῖν
3422 4223 3513 4276 τὸν
3558 4225 3666 4274 τῶν
3713 4220 3907 4283 Αἰθιό-

2265 4335 2381 4368 πων
2439 4305 2633 4375 εύσεϐἦ
2687 4309 2909 4385 βασιλέα
2964 4314 3123 4363 τοῦτο
3183 4307 3239 4363 δῖε
3298 4309 3387 4364 καὶ
3440 4310 3536 4378 τήν
3594 4309 3731 4363 κατά
3768 4315 3907 4381 Χρι-

2267 4407 2393 4456 στοῦ
2429 4400 2617 4473 μανίαν
2677 4398 2994 4468 ἀποπλῆσαι
3042 4403 3281 4467 σκοπῶν,
3329 4399 3418 4454 καὶ
3459 4400 3520 4452 τὸ
3571 4400 3903 4472 Χριστιανῶν

2262 4493 2413 4565 γένος
2448 4488 2523 4551 εἷς
2571 4490 2704 4543 ἅπαν
2752 4487 3017 4563 ἐκτρίψαι,
3081 4488 3244 4563 βαρὸν
3294 4488 3632 4566 ἐπαγόμενος
3680 4488 3902 4562 στρατὸν

513 4580 650 4634 dum
677 4577 969 4631 adducens
992 4573 1337 4630 exercitum:
1366 4577 1576 4628 etcum
1601 4575 1974 4631 circumcirca
2002 4586 2148 4633 esset

2267 4580 2583 4657 ἀφικνεῖται,
2640 4576 2727 4630 καὶ
2792 4573 3388 4649 στρατοπεδευσάμενος
3449 4578 3595 4652 παρᾶ
3650 4578 3712 4630 τὸ
3751 4577 3906 4647 περί-

511 4672 984 4729 castrametatus,
1016 4662 1286 4732 valloque
1316 4669 1369 4716 et
1399 4662 1555 4717 fossa
1586 4663 1797 4718 moenia
1826 4665 2153 4721 circumde-

513 4757 713 4821 disset,
739 4753 961 4809 obsedit
989 4753 1242 4823 Nagran,
1277 4751 1558 4805 minitans
1590 4768 1652 4806 se
1675 4750 1833 4807 illam
1866 4771 2157 4827 expugna-

511 4851 732 4912 turum,
758 4849 813 4899 et
834 4859 1059 4908 omnes,
1086 4841 1183 4912 qui
1208 4844 1264 4896 in
1290 4841 1418 4912 ipsa
1438 4846 1618 4905 erant,
1645 4842 2152 4915 interempturum,

515 4936 626 4990 nisi
685 4948 855 4988 cruce
913 4931 1166 4997 Domini,
1204 4949 1236 4985 a
1286 4931 1509 4986 civibus
1541 4930 1599 4984 in
1659 4933 1885 4987 excelso
1945 4935 2152 5003 posita,

520 5040 692 5095 quam
716 5021 1127 5078 exsecrationis
1146 5020 1379 5091 signum
1405 5019 1571 5090 (proh
1589 5020 1810 5091 dolor!)
1835 5021 2051 5078 stultus
2066 5041 2155 5080 vo-

515 5112 706 5177 cabat,
742 5112 810 5166 ad
858 5110 1111 5164 nihilum
1148 5109 1400 5172 redacta,
1442 5108 1649 5163 deinde
1680 5108 1973 5164 Christum
2007 5129 2153 5182 quo-

516 5216 624 5269 que
655 5203 984 5267 negassent,
1021 5198 1120 5269 qui
1154 5199 1333 5251 fuerat
1354 5197 1410 5251 in
1444 5212 1507 5250 ea
1537 5212 1877 5267 suspensus.
1903 5199 2061 5261 Quod
2088 5218 2152 5257 eo

517 5286 753 5357 quidem
777 5286 1017 5342 consilio
1038 5285 1301 5351 faciebat,
1325 5287 1387 5338 ut
1419 5301 1551 5339 cum
1582 5301 1678 5339 eos
1698 5283 1816 5352 illo,
1841 5288 1994 5355 quod
2022 5289 2153 5347 inde

520 5374 800 5444 veniebat,
862 5374 1129 5446 praesidio
1188 5375 1485 5433 nudasset.
1524 5373 1628 5427 hoc
1684 5377 1800 5427 tam
1833 5373 2020 5430 valido
2052 5378 2151 5434 de-

518 5464 694 5516 fectos
726 5462 933 5518 auxilio
964 5463 1170 5518 deinde
1199 5461 1513 5518 invaderet.
1548 5459 1788 5525 Quidam
1820 5478 1955 5534 ergo
1981 5480 2151 5523 exse-

520 5548 722 5603 crandi
780 5551 958 5621 hujus
991 5551 1141 5621 regis
1207 5547 1505 5615 satellites,
1536 5548 1597 5602 in
1638 5547 1836 5606 orbem
1870 5552 2151 5613 obeuntes

521 5635 835 5703 civitatem,
883 5637 1085 5693 eadem
1130 5634 1628 5695 vociferabantur:
1660 5640 1735 5705 et,
1788 5640 1837 5693 si
1887 5650 2153 5712 parerent

2262 4664 2455 4737 ϐολον,
2487 4668 2577 4721 καὶ
2626 4666 2840 4740 χάρακα
2894 4664 3102 4739 βαλῶν,
3150 4665 3239 4719 καὶ
3289 4666 3734 4743 περιταφρεύσας,
3780 4664 3904 4719 ἐπο-

2262 4758 2469 4831 λιόρκει
2515 4754 2722 4831 Νεγράν
2778 4752 2919 4808 ἑλεῖν
2976 4775 3034 4808 τε
3080 4754 3251 4824 αὐτὴν
3307 4753 3574 4826 ἀπειλῶν,
3632 4756 3721 4809 καὶ
3777 4756 3902 4816 τοὺς

2260 4846 2312 4902 ἐν
2344 4845 2481 4918 αὐτῇ
2512 4845 2709 4904 πάντας
2750 4841 2983 4913 ἀνελεῖν,
3042 4843 3087 4896 εί
3136 4848 3211 4913 μή
3256 4842 3345 4899 τὸν
3400 4839 3501 4914 ἔξω
3556 4850 3757 4919 τειχῶν
3796 4843 3906 4898 ἀνε-

2261 4931 2611 5006 στηλωμένον
2668 4929 2720 4985 ἐν
2780 4931 3037 5004 μετεώρῳ
3095 4936 3193 4986 τοῦ
3250 4932 3447 5007 Κυρίου
3534 4933 3785 5007 σταυρὸν,
3844 4933 3901 4986 ὅν

2258 5024 2388 5098 ἀρᾶς
2435 5020 2633 5094 (οἴμοι)
2692 5024 2920 5092 σημεῖον
2976 5021 3003 5073 ὁ
3067 5020 3295 5090 ἀνόητος
3356 5022 3637 5090 ἀπεκάλει,
3696 5018 3904 5090 ἐξουδεο

2259 5112 2541 5176 νώσαντες,
2602 5109 2717 5162 εἶτα
2774 5108 2868 5162 τὸν
2927 5106 2979 5161 ἐν
3047 5107 3193 5179 αὐτῷ
3246 5108 3612 5182 κρεμασθέντα
3673 5110 3901 5183 Χριστὸν

2260 5202 2605 5275 ἀρνήσαιντο·
2652 5195 2841 5257 δεινῶς
2888 5200 3049 5251 τοῦτο
3096 5197 3187 5251 καὶ
3235 5199 3558 5272 πανούργως
3611 5197 3902 5267 ἐπινοήσας

2260 5291 2287 5345 ὁ
2344 5288 2654 5360 ἀλιτήριος,
2707 5284 2794 5339 τίνα
2849 5292 2950 5354 τῆς
3007 5285 3206 5340 ἐκεῖθεν
3260 5285 3556 5365 ἀσφαλείας
3593 5286 3903 5361 γυμνώσας,

2260 5378 2355 5442 εἶθ’
2423 5377 2564 5431 οὕτω
2628 5380 2727 5443 τῆς
2796 5373 3022 5448 ἰσχυρᾶς
3080 5374 3283 5446 ταύτης
3352 5375 3607 5450 βοηθείας
3671 5374 3903 5449 ἐρήμοις

2260 5467 2407 5522 οὖσιν
2455 5464 2719 5520 ἐπίθοιτο.
2778 5462 2936 5523 Τινὲς
2993 5461 3085 5518 οὖν
3135 5467 3241 5519 τῶν
3294 5468 3390 5519 τοῦ
3451 5468 3650 5539 μιαροῦ
3705 5462 3903 5519 τούτου

2263 5553 2529 5631 βασιλέως
2563 5551 2934 5617 ὑπασπιστῶν,
2974 5551 3308 5626 περιθέοντες
3336 5551 3525 5625 κύκλῳ
3552 5553 3653 5621 τήν
3712 5550 3904 5627 πόλιν,

2254 5649 2320 5704 τὰ
2351 5644 2484 5699 αὐτὰ
2510 5646 2676 5697 ταῦτα
2722 5635 2917 5697 ἐϐόωνο
2971 5642 3058 5696 καὶ
3116 5643 3469 5717 πειθομένους
3522 5644 3639 5718 μὶν,
3681 5640 3903 5719 δωρεῶν
