  <div class='ocr_page' id='page_1' title='image "/cluster/home/n/w/nwhite01/storage/ocr_20150623/115/mdp.39015028574336/650.png"; bbox 0 0 4128 6274; ppageno 0'>
   <div class='ocr_carea' id='block_1_1' title="bbox 189 269 342 334">
    <p class='ocr_par' dir='ltr' id='par_1_1' title="bbox 189 269 342 334">
     <span class='ocr_line' id='line_1_1' title="bbox 189 269 342 334; baseline 0.013 -4"><span class='ocrx_word' id='word_1_1' title='bbox 189 269 342 334; x_wconf 74' lang='grc'>1253</span> 
     </span>
    </p>
   </div>
   <div class='ocr_carea' id='block_1_2' title="bbox 1401 279 2386 344">
    <p class='ocr_par' dir='ltr' id='par_1_2' title="bbox 1401 279 2386 344">
     <span class='ocr_line' id='line_1_2' title="bbox 1401 279 2386 344; baseline 0.006 -6"><span class='ocrx_word' id='word_1_2' title='bbox 1401 279 1870 344; x_wconf 78' lang='lat' dir='ltr'>MARTYRIUM</span> <span class='ocrx_word' id='word_1_3' title='bbox 1915 282 1976 343; x_wconf 93' lang='lat' dir='ltr'>S.</span> <span class='ocrx_word' id='word_1_4' title='bbox 2022 284 2386 344; x_wconf 63' lang='lat' dir='ltr'>ARETHJE.</span> 
     </span>
    </p>
   </div>
   <div class='ocr_carea' id='block_1_3' title="bbox 3430 288 3586 347">
    <p class='ocr_par' dir='ltr' id='par_1_3' title="bbox 3430 288 3586 347">
     <span class='ocr_line' id='line_1_3' title="bbox 3430 288 3586 347; baseline 0 -1"><span class='ocrx_word' id='word_1_5' title='bbox 3430 288 3586 347; x_wconf 77' lang='grc'>1254</span> 
     </span>
    </p>
   </div>
   <div class='ocr_carea' id='block_1_4' title="bbox 187 429 1850 516">
    <p class='ocr_par' dir='ltr' id='par_1_4' title="bbox 187 429 1847 511">
     <span class='ocr_line' id='line_1_4' title="bbox 187 429 1847 511; baseline 0.004 -23"><span class='ocrx_word' id='word_1_6' title='bbox 187 429 378 508; x_wconf 79' lang='grc' dir='ltr'>ἔλεγον</span> <span class='ocrx_word' id='word_1_7' title='bbox 436 434 831 506; x_wconf 75' lang='grc' dir='ltr'>ἀξιωθήσεσθαι</span> <span class='ocrx_word' id='word_1_8' title='bbox 895 435 1197 511; x_wconf 80' lang='grc' dir='ltr'>βασιλικῶν</span> <span class='ocrx_word' id='word_1_9' title='bbox 1271 437 1360 491; x_wconf 84' lang='grc' dir='ltr'>καὶ</span> <span class='ocrx_word' id='word_1_10' title='bbox 1428 440 1626 510; x_wconf 82' lang='grc' dir='ltr'><strong>τιμῶν·</strong></span> <span class='ocrx_word' id='word_1_11' title='bbox 1691 440 1847 494; x_wconf 87' lang='grc' dir='ltr'>ἀπει-</span> 
     </span>
    </p>
   </div>
   <div class='ocr_carea' id='block_1_5' title="bbox 1963 429 3592 516">
    <p class='ocr_par' dir='ltr' id='par_1_5' title="bbox 1963 439 3592 516">
     <span class='ocr_line' id='line_1_5' title="bbox 1963 439 3592 516; baseline 0.004 -21"><span class='ocrx_word' id='word_1_12' title='bbox 1963 439 2209 510; x_wconf 83' lang='lat' dir='ltr'>quidem,</span> <span class='ocrx_word' id='word_1_13' title='bbox 2244 441 2516 498; x_wconf 84' lang='lat' dir='ltr'>dicebant</span> <span class='ocrx_word' id='word_1_14' title='bbox 2563 444 2681 500; x_wconf 84' lang='lat' dir='ltr'>fore</span> <span class='ocrx_word' id='word_1_15' title='bbox 2726 449 2790 500; x_wconf 92' lang='lat' dir='ltr'>ut</span> <span class='ocrx_word' id='word_1_16' title='bbox 2835 446 2990 500; x_wconf 91' lang='lat' dir='ltr'>dona</span> <span class='ocrx_word' id='word_1_17' title='bbox 3019 449 3076 502; x_wconf 90' lang='lat' dir='ltr'>et</span> <span class='ocrx_word' id='word_1_18' title='bbox 3113 445 3362 502; x_wconf 87' lang='lat' dir='ltr'>honores</span> <span class='ocrx_word' id='word_1_19' title='bbox 3393 463 3426 499; x_wconf 89' lang='lat' dir='ltr'>a</span> <span class='ocrx_word' id='word_1_20' title='bbox 3455 460 3592 516; x_wconf 88' lang='lat' dir='ltr'>rege</span> 
     </span>
    </p>
   </div>
   <div class='ocr_carea' id='block_1_6' title="bbox 187 522 1834 602">
    <p class='ocr_par' dir='ltr' id='par_1_6' title="bbox 187 522 1834 602">
     <span class='ocr_line' id='line_1_6' title="bbox 187 522 1834 602; baseline 0.002 -24"><span class='ocrx_word' id='word_1_21' title='bbox 187 527 408 588; x_wconf 85' lang='grc' dir='ltr'>θοῦντας</span> <span class='ocrx_word' id='word_1_22' title='bbox 466 522 522 578; x_wconf 76' lang='grc' dir='ltr'>δὲ</span> <span class='ocrx_word' id='word_1_23' title='bbox 578 525 668 578; x_wconf 86' lang='grc' dir='ltr'>καὶ</span> <span class='ocrx_word' id='word_1_24' title='bbox 726 529 806 597; x_wconf 82' lang='grc' dir='ltr'>τῷ</span> <span class='ocrx_word' id='word_1_25' title='bbox 867 523 1146 597; x_wconf 85' lang='grc' dir='ltr'>Γαλιλαίῳ</span> <span class='ocrx_word' id='word_1_26' title='bbox 1221 526 1658 602; x_wconf 72' lang='grc' dir='ltr'>προσανέχοντας</span> <span class='ocrx_word' id='word_1_27' title='bbox 1715 528 1834 582; x_wconf 85' lang='grc' dir='ltr'>ἀντὶ</span> 
     </span>
    </p>
   </div>
   <div class='ocr_carea' id='block_1_7' title="bbox 193 611 1833 690">
    <p class='ocr_par' dir='ltr' id='par_1_7' title="bbox 193 611 1833 690">
     <span class='ocr_line' id='line_1_7' title="bbox 193 611 1833 690; baseline 0.004 -25"><span class='ocrx_word' id='word_1_28' title='bbox 193 613 495 686; x_wconf 83' lang='grc' dir='ltr'>μοναρχίας</span> <span class='ocrx_word' id='word_1_29' title='bbox 552 633 610 667; x_wconf 81' lang='grc' dir='ltr'>τε</span> <span class='ocrx_word' id='word_1_30' title='bbox 711 611 1055 688; x_wconf 84' lang='grc' dir='ltr'>πολυαρχίαν</span> <span class='ocrx_word' id='word_1_31' title='bbox 1142 613 1472 688; x_wconf 73' lang='grc' dir='ltr'>εἰσάγοντας,</span> <span class='ocrx_word' id='word_1_32' title='bbox 1558 617 1688 690; x_wconf 89' lang='grc' dir='ltr'>πυρὶ</span> <span class='ocrx_word' id='word_1_33' title='bbox 1745 618 1833 671; x_wconf 81' lang='grc' dir='ltr'>καὶ</span> 
     </span>
    </p>
   </div>
   <div class='ocr_carea' id='block_1_8' title="bbox 192 697 1834 775">
    <p class='ocr_par' dir='ltr' id='par_1_8' title="bbox 192 697 1834 775">
     <span class='ocr_line' id='line_1_8' title="bbox 192 697 1834 775; baseline 0.004 -21"><span class='ocrx_word' id='word_1_34' title='bbox 192 701 438 774; x_wconf 76' lang='grc' dir='ltr'>μαχαίρᾳ</span> <span class='ocrx_word' id='word_1_35' title='bbox 491 697 891 772; x_wconf 82' lang='grc' dir='ltr'>παραδοθῆναι.</span> <span class='ocrx_word' id='word_1_36' title='bbox 981 701 1077 755; x_wconf 79' lang='grc' dir='ltr'>Καὶ</span> <span class='ocrx_word' id='word_1_37' title='bbox 1158 701 1320 764; x_wconf 83' lang='grc' dir='ltr'>αὐτὸς</span> <span class='ocrx_word' id='word_1_38' title='bbox 1395 700 1452 757; x_wconf 76' lang='grc' dir='ltr'>δὲ</span> <span class='ocrx_word' id='word_1_39' title='bbox 1510 706 1745 760; x_wconf 76' lang='grc' dir='ltr'>Δουναὰν</span> <span class='ocrx_word' id='word_1_40' title='bbox 1799 707 1834 775; x_wconf 78' lang='grc' dir='ltr'>ἡ</span> 
     </span>
    </p>
   </div>
   <div class='ocr_carea' id='block_1_9' title="bbox 186 787 1840 866">
    <p class='ocr_par' dir='ltr' id='par_1_9' title="bbox 186 787 1840 866">
     <span class='ocr_line' id='line_1_9' title="bbox 186 787 1840 866; baseline 0.003 -22"><span class='ocrx_word' id='word_1_41' title='bbox 186 787 506 863; x_wconf 84' lang='grc' dir='ltr'>πάντολμος</span> <span class='ocrx_word' id='word_1_42' title='bbox 536 789 760 862; x_wconf 78' lang='grc' dir='ltr'>γλῶσσα</span> <span class='ocrx_word' id='word_1_43' title='bbox 788 799 877 844; x_wconf 78' lang='grc' dir='ltr'>καί</span> <span class='ocrx_word' id='word_1_44' title='bbox 932 792 1099 864; x_wconf 84' lang='grc' dir='ltr'>μιαρά</span> <span class='ocrx_word' id='word_1_45' title='bbox 1149 791 1477 866; x_wconf 83' lang='grc' dir='ltr'>προσετίθει.</span> <span class='ocrx_word' id='word_1_46' title='bbox 1519 791 1668 863; x_wconf 86' lang='grc' dir='ltr'>Μηδ’</span> <span class='ocrx_word' id='word_1_47' title='bbox 1723 795 1840 849; x_wconf 86' lang='grc' dir='ltr'>ὁτι-</span> 
     </span>
    </p>
   </div>
   <div class='ocr_carea' id='block_1_10' title="bbox 189 877 1838 954">
    <p class='ocr_par' dir='ltr' id='par_1_10' title="bbox 189 877 1838 954">
     <span class='ocr_line' id='line_1_10' title="bbox 189 877 1838 954; baseline 0.001 -22"><span class='ocrx_word' id='word_1_48' title='bbox 189 883 278 932; x_wconf 92' lang='grc' dir='ltr'>οῦν</span> <span class='ocrx_word' id='word_1_49' title='bbox 312 878 512 952; x_wconf 81' lang='grc' dir='ltr'>ἀμῦναι</span> <span class='ocrx_word' id='word_1_50' title='bbox 540 880 632 934; x_wconf 86' lang='grc' dir='ltr'>τὸν</span> <span class='ocrx_word' id='word_1_51' title='bbox 673 880 883 948; x_wconf 89' lang='grc' dir='ltr'>Ἰησοῦν</span> <span class='ocrx_word' id='word_1_52' title='bbox 935 877 1190 944; x_wconf 82' lang='grc' dir='ltr'>δύνασθαι</span> <span class='ocrx_word' id='word_1_53' title='bbox 1241 887 1356 942; x_wconf 88' lang='grc' dir='ltr'>τοῖς</span> <span class='ocrx_word' id='word_1_54' title='bbox 1407 881 1510 936; x_wconf 84' lang='grc' dir='ltr'>ὑπὸ</span> <span class='ocrx_word' id='word_1_55' title='bbox 1557 883 1655 950; x_wconf 77' lang='grc' dir='ltr'>τήν</span> <span class='ocrx_word' id='word_1_56' title='bbox 1702 881 1838 954; x_wconf 84' lang='grc' dir='ltr'>ἐμὴν</span> 
     </span>
    </p>
   </div>
   <div class='ocr_carea' id='block_1_11' title="bbox 189 967 1839 1046">
    <p class='ocr_par' dir='ltr' id='par_1_11' title="bbox 189 967 1839 1046">
     <span class='ocr_line' id='line_1_11' title="bbox 189 967 1839 1046; baseline 0.004 -26"><span class='ocrx_word' id='word_1_57' title='bbox 189 973 351 1046; x_wconf 81' lang='grc' dir='ltr'>χεῖρα</span> <span class='ocrx_word' id='word_1_58' title='bbox 398 972 776 1042; x_wconf 86' lang='grc' dir='ltr'>Χριστιανοῖς,</span> <span class='ocrx_word' id='word_1_59' title='bbox 845 967 939 1030; x_wconf 76' lang='grc' dir='ltr'>οὓς</span> <span class='ocrx_word' id='word_1_60' title='bbox 1006 969 1240 1032; x_wconf 61' lang='grc' dir='ltr'>ἅπαντας</span> <span class='ocrx_word' id='word_1_61' title='bbox 1306 971 1397 1024; x_wconf 74' lang='grc' dir='ltr'>καῖ</span> <span class='ocrx_word' id='word_1_62' title='bbox 1459 970 1654 1033; x_wconf 71' lang='grc' dir='ltr'>αὐτοὺς</span> <span class='ocrx_word' id='word_1_63' title='bbox 1709 973 1839 1034; x_wconf 81' lang='grc' dir='ltr'>τοὺς</span> 
     </span>
    </p>
   </div>
   <div class='ocr_carea' id='block_1_12' title="bbox 183 1056 1840 1136">
    <p class='ocr_par' dir='ltr' id='par_1_12' title="bbox 183 1056 1840 1136">
     <span class='ocr_line' id='line_1_12' title="bbox 183 1056 1840 1136; baseline 0.004 -26"><span class='ocrx_word' id='word_1_64' title='bbox 183 1056 398 1112; x_wconf 81' lang='grc' dir='ltr'>ἐκείνων</span> <span class='ocrx_word' id='word_1_65' title='bbox 465 1058 626 1132; x_wconf 77' lang='grc' dir='ltr'>ἱερεῖς</span> <span class='ocrx_word' id='word_1_66' title='bbox 693 1058 784 1111; x_wconf 82' lang='grc' dir='ltr'>καὶ</span> <span class='ocrx_word' id='word_1_67' title='bbox 853 1058 1185 1130; x_wconf 81' lang='grc' dir='ltr'>μονάζοντας</span> <span class='ocrx_word' id='word_1_68' title='bbox 1255 1059 1390 1136; x_wconf 82' lang='grc' dir='ltr'>ξίφει</span> <span class='ocrx_word' id='word_1_69' title='bbox 1480 1059 1840 1130; x_wconf 79' lang='grc' dir='ltr'>κατανήλωσα</span> 
     </span>
    </p>
   </div>
   <div class='ocr_carea' id='block_1_13' title="bbox 185 1144 1837 1226">
    <p class='ocr_par' dir='ltr' id='par_1_13' title="bbox 185 1144 1837 1226">
     <span class='ocr_line' id='line_1_13' title="bbox 185 1144 1837 1226; baseline 0.001 -24"><span class='ocrx_word' id='word_1_70' title='bbox 185 1147 273 1202; x_wconf 86' lang='grc' dir='ltr'>καί</span> <span class='ocrx_word' id='word_1_71' title='bbox 303 1147 456 1220; x_wconf 78' lang='grc' dir='ltr'>πυρὶ,</span> <span class='ocrx_word' id='word_1_72' title='bbox 496 1144 638 1220; x_wconf 76' lang='grc' dir='ltr'>μηδὲ</span> <span class='ocrx_word' id='word_1_73' title='bbox 682 1147 791 1201; x_wconf 80' lang='grc' dir='ltr'>τῶν</span> <span class='ocrx_word' id='word_1_74' title='bbox 831 1149 957 1221; x_wconf 88' lang='grc' dir='ltr'>παρ’</span> <span class='ocrx_word' id='word_1_75' title='bbox 1007 1147 1238 1210; x_wconf 86' lang='grc' dir='ltr'>ἐκείνοις</span> <span class='ocrx_word' id='word_1_76' title='bbox 1289 1149 1608 1226; x_wconf 74' lang='grc' dir='ltr'>φεισάμενος</span> <span class='ocrx_word' id='word_1_77' title='bbox 1652 1151 1837 1223; x_wconf 77' lang='grc' dir='ltr'>ἱερῶν,</span> 
     </span>
    </p>
   </div>
   <div class='ocr_carea' id='block_1_14' title="bbox 188 1235 1838 1312">
    <p class='ocr_par' dir='ltr' id='par_1_14' title="bbox 188 1235 1838 1312">
     <span class='ocr_line' id='line_1_14' title="bbox 188 1235 1838 1312; baseline 0.002 -24"><span class='ocrx_word' id='word_1_78' title='bbox 188 1235 278 1289; x_wconf 80' lang='grc' dir='ltr'>καὶ</span> <span class='ocrx_word' id='word_1_79' title='bbox 308 1239 396 1289; x_wconf 89' lang='grc' dir='ltr'>νῦν</span> <span class='ocrx_word' id='word_1_80' title='bbox 429 1235 686 1290; x_wconf 87' lang='grc' dir='ltr'>πλεῖστον</span> <span class='ocrx_word' id='word_1_81' title='bbox 719 1237 840 1290; x_wconf 77' lang='grc' dir='ltr'>ὅσον</span> <span class='ocrx_word' id='word_1_82' title='bbox 889 1235 1206 1312; x_wconf 78' lang='grc' dir='ltr'>συναγείρας</span> <span class='ocrx_word' id='word_1_83' title='bbox 1261 1238 1506 1312; x_wconf 80' lang='grc' dir='ltr'>στρατὸν,</span> <span class='ocrx_word' id='word_1_84' title='bbox 1558 1239 1680 1312; x_wconf 89' lang='grc' dir='ltr'>περί</span> <span class='ocrx_word' id='word_1_85' title='bbox 1733 1259 1838 1294; x_wconf 88' lang='grc' dir='ltr'>που</span> 
     </span>
    </p>
   </div>
   <div class='ocr_carea' id='block_1_15' title="bbox 189 1322 1838 1406">
    <p class='ocr_par' dir='ltr' id='par_1_15' title="bbox 189 1322 1838 1406">
     <span class='ocr_line' id='line_1_15' title="bbox 189 1322 1838 1406; baseline 0.002 -27"><span class='ocrx_word' id='word_1_86' title='bbox 189 1322 508 1380; x_wconf 81' lang='grc' dir='ltr'>δυοκαίδεκα</span> <span class='ocrx_word' id='word_1_87' title='bbox 555 1323 844 1400; x_wconf 76' lang='grc' dir='ltr'>μυριάδας,</span> <span class='ocrx_word' id='word_1_88' title='bbox 893 1328 1042 1401; x_wconf 82' lang='grc' dir='ltr'>χειρὶ</span> <span class='ocrx_word' id='word_1_89' title='bbox 1091 1325 1282 1400; x_wconf 80' lang='grc' dir='ltr'>πολλῇ</span> <span class='ocrx_word' id='word_1_90' title='bbox 1332 1327 1471 1401; x_wconf 88' lang='grc' dir='ltr'>πρὸς</span> <span class='ocrx_word' id='word_1_91' title='bbox 1523 1329 1663 1402; x_wconf 81' lang='grc' dir='ltr'>ὑμᾶς</span> <span class='ocrx_word' id='word_1_92' title='bbox 1713 1329 1838 1406; x_wconf 83' lang='grc' dir='ltr'>ἀφι-</span> 
     </span>
    </p>
   </div>
   <div class='ocr_carea' id='block_1_16' title="bbox 185 1413 1358 1490">
    <p class='ocr_par' dir='ltr' id='par_1_16' title="bbox 185 1413 1358 1490">
     <span class='ocr_line' id='line_1_16' title="bbox 185 1413 1358 1490; baseline 0.004 -21"><span class='ocrx_word' id='word_1_93' title='bbox 185 1413 390 1490; x_wconf 83' lang='grc' dir='ltr'>κόμην,</span> <span class='ocrx_word' id='word_1_94' title='bbox 421 1413 457 1484; x_wconf 69' lang='grc' dir='ltr'>ἤ</span> <span class='ocrx_word' id='word_1_95' title='bbox 489 1416 689 1470; x_wconf 87' lang='grc' dir='ltr'>πείσων</span> <span class='ocrx_word' id='word_1_96' title='bbox 723 1417 956 1487; x_wconf 78' lang='grc' dir='ltr'>πάντως,</span> <span class='ocrx_word' id='word_1_97' title='bbox 988 1417 1022 1488; x_wconf 73' lang='grc' dir='ltr'><strong>ἢ</strong></span> <span class='ocrx_word' id='word_1_98' title='bbox 1051 1415 1358 1474; x_wconf 87' lang='grc' dir='ltr'>ἀπολέσων.</span> 
     </span>
    </p>
   </div>
   <div class='ocr_carea' id='block_1_17' title="bbox 262 1591 1839 1674">
    <p class='ocr_par' dir='ltr' id='par_1_17' title="bbox 262 1591 1839 1674">
     <span class='ocr_line' id='line_1_17' title="bbox 262 1591 1839 1674; baseline 0.003 -25"><span class='ocrx_word' id='word_1_99' title='bbox 262 1595 333 1650; x_wconf 89' lang='grc' dir='ltr'>Δ’.</span> <span class='ocrx_word' id='word_1_100' title='bbox 376 1594 438 1646; x_wconf 79' lang='grc' dir='ltr'><strong>Οἱ</strong></span> <span class='ocrx_word' id='word_1_101' title='bbox 489 1591 544 1649; x_wconf 78' lang='grc' dir='ltr'>δὲ</span> <span class='ocrx_word' id='word_1_102' title='bbox 592 1601 690 1662; x_wconf 82' lang='grc' dir='ltr'>τῆς</span> <span class='ocrx_word' id='word_1_103' title='bbox 738 1593 976 1656; x_wconf 80' lang='grc' dir='ltr'>πόλεως’</span> <span class='ocrx_word' id='word_1_104' title='bbox 1033 1597 1300 1670; x_wconf 82' lang='grc' dir='ltr'>Ὁρῶμεν,</span> <span class='ocrx_word' id='word_1_105' title='bbox 1361 1591 1585 1674; x_wconf 77' lang='grc' dir='ltr'>ἔφησαν,</span> <span class='ocrx_word' id='word_1_106' title='bbox 1635 1599 1680 1652; x_wconf 86' lang='grc' dir='ltr'>ὧ</span> <span class='ocrx_word' id='word_1_107' title='bbox 1739 1599 1839 1674; x_wconf 89' lang='grc' dir='ltr'>βα-</span> 
     </span>
    </p>
   </div>
   <div class='ocr_carea' id='block_1_18' title="bbox 189 1681 1837 1760">
    <p class='ocr_par' dir='ltr' id='par_1_18' title="bbox 189 1681 1837 1760">
     <span class='ocr_line' id='line_1_18' title="bbox 189 1681 1837 1760; baseline 0.002 -23"><span class='ocrx_word' id='word_1_108' title='bbox 189 1681 364 1751; x_wconf 86' lang='grc' dir='ltr'>σιλεῦ,</span> <span class='ocrx_word' id='word_1_109' title='bbox 429 1687 498 1748; x_wconf 83' lang='grc' dir='ltr'>τῆ</span> <span class='ocrx_word' id='word_1_110' title='bbox 555 1683 775 1758; x_wconf 80' lang='grc' dir='ltr'>γλώττῃ</span> <span class='ocrx_word' id='word_1_111' title='bbox 835 1705 891 1738; x_wconf 86' lang='grc' dir='ltr'>σε</span> <span class='ocrx_word' id='word_1_112' title='bbox 939 1684 1008 1740; x_wconf 78' lang='grc' dir='ltr'>τὰ</span> <span class='ocrx_word' id='word_1_113' title='bbox 1063 1684 1250 1740; x_wconf 79' lang='grc' dir='ltr'>πολλὰ</span> <span class='ocrx_word' id='word_1_114' title='bbox 1307 1685 1688 1760; x_wconf 86' lang='grc' dir='ltr'>χαριζόμενον,</span> <span class='ocrx_word' id='word_1_115' title='bbox 1747 1688 1837 1742; x_wconf 87' lang='grc' dir='ltr'>καὶ</span> 
     </span>
    </p>
   </div>
   <div class='ocr_carea' id='block_1_19' title="bbox 187 1773 1926 1872">
    <p class='ocr_par' dir='ltr' id='par_1_19' title="bbox 187 1773 1926 1872">
     <span class='ocr_line' id='line_1_19' title="bbox 187 1773 1926 1872; baseline 0.003 -46"><span class='ocrx_word' id='word_1_116' title='bbox 187 1773 457 1826; x_wconf 65' lang='grc' dir='ltr'>ἀσθένειαι</span> <span class='ocrx_word' id='word_1_117' title='bbox 513 1777 592 1844; x_wconf 76' lang='grc' dir='ltr'>τῷ</span> <span class='ocrx_word' id='word_1_118' title='bbox 645 1774 794 1846; x_wconf 83' lang='grc' dir='ltr'>μόνῳ</span> <span class='ocrx_word' id='word_1_119' title='bbox 850 1779 967 1846; x_wconf 84' lang='grc' dir='ltr'>Θεῷ</span> <span class='ocrx_word' id='word_1_120' title='bbox 1041 1773 1420 1848; x_wconf 82' lang='grc' dir='ltr'>περιὸίπτοντα.</span> <span class='ocrx_word' id='word_1_121' title='bbox 1479 1773 1660 1830; x_wconf 87' lang='grc' dir='ltr'>Ἀλλά</span> <span class='ocrx_word' id='word_1_122' title='bbox 1714 1777 1838 1834; x_wconf 87' lang='grc' dir='ltr'>Ῥα-</span> <span class='ocrx_word' id='word_1_123' title='bbox 1871 1807 1926 1872; x_wconf 86' lang='grc' dir='ltr'><strong>Β</strong></span> 
     </span>
    </p>
   </div>
   <div class='ocr_carea' id='block_1_20' title="bbox 185 1861 1840 1938">
    <p class='ocr_par' dir='ltr' id='par_1_20' title="bbox 185 1861 1840 1938">
     <span class='ocr_line' id='line_1_20' title="bbox 185 1861 1840 1938; baseline 0.003 -24"><span class='ocrx_word' id='word_1_124' title='bbox 185 1861 365 1932; x_wconf 77' lang='grc' dir='ltr'>ψάκης</span> <span class='ocrx_word' id='word_1_125' title='bbox 397 1881 482 1916; x_wconf 90' lang='grc' dir='ltr'>σοι</span> <span class='ocrx_word' id='word_1_126' title='bbox 513 1862 730 1924; x_wconf 77' lang='grc' dir='ltr'>πάντως</span> <span class='ocrx_word' id='word_1_127' title='bbox 782 1863 810 1917; x_wconf 84' lang='grc' dir='ltr'>ὁ</span> <span class='ocrx_word' id='word_1_128' title='bbox 855 1867 950 1916; x_wconf 90' lang='grc' dir='ltr'>τοῦ</span> <span class='ocrx_word' id='word_1_129' title='bbox 1001 1865 1353 1938; x_wconf 86' lang='grc' dir='ltr'>Σεναχηρεὶμ</span> <span class='ocrx_word' id='word_1_130' title='bbox 1399 1863 1462 1918; x_wconf 79' lang='grc' dir='ltr'>οὐ</span> <span class='ocrx_word' id='word_1_131' title='bbox 1518 1865 1714 1938; x_wconf 88' lang='grc' dir='ltr'>μικρὸς</span> <span class='ocrx_word' id='word_1_132' title='bbox 1765 1865 1840 1927; x_wconf 81' lang='grc' dir='ltr'>είς</span> 
     </span>
    </p>
   </div>
   <div class='ocr_carea' id='block_1_21' title="bbox 189 1947 1844 2028">
    <p class='ocr_par' dir='ltr' id='par_1_21' title="bbox 189 1947 1844 2028">
     <span class='ocr_line' id='line_1_21' title="bbox 189 1947 1844 2028; baseline 0.003 -26"><span class='ocrx_word' id='word_1_133' title='bbox 189 1947 520 2023; x_wconf 77' lang='grc' dir='ltr'>ὑπόδειγμα,</span> <span class='ocrx_word' id='word_1_134' title='bbox 553 1951 612 2012; x_wconf 82' lang='grc' dir='ltr'>ὃς</span> <span class='ocrx_word' id='word_1_135' title='bbox 645 1951 734 2004; x_wconf 87' lang='grc' dir='ltr'>καὶ</span> <span class='ocrx_word' id='word_1_136' title='bbox 765 1949 926 2014; x_wconf 83' lang='grc' dir='ltr'>αὐτός</span> <span class='ocrx_word' id='word_1_137' title='bbox 955 1972 1090 2005; x_wconf 80' lang='grc' dir='ltr'>ποτε</span> <span class='ocrx_word' id='word_1_138' title='bbox 1125 1953 1264 2006; x_wconf 85' lang='grc' dir='ltr'>κατά</span> <span class='ocrx_word' id='word_1_139' title='bbox 1311 1957 1444 2006; x_wconf 84' lang='grc' dir='ltr'>Θεοῦ</span> <span class='ocrx_word' id='word_1_140' title='bbox 1491 1953 1844 2028; x_wconf 74' lang='grc' dir='ltr'>μεγαλορῥή-</span> 
     </span>
    </p>
   </div>
   <div class='ocr_carea' id='block_1_22' title="bbox 194 2037 1840 2114">
    <p class='ocr_par' dir='ltr' id='par_1_22' title="bbox 194 2037 1840 2114">
     <span class='ocr_line' id='line_1_22' title="bbox 194 2037 1840 2114; baseline 0.003 -23"><span class='ocrx_word' id='word_1_141' title='bbox 194 2059 335 2109; x_wconf 89' lang='grc' dir='ltr'>μονα</span> <span class='ocrx_word' id='word_1_142' title='bbox 379 2037 630 2112; x_wconf 78' lang='grc' dir='ltr'>γλῶσσαν</span> <span class='ocrx_word' id='word_1_143' title='bbox 699 2040 876 2114; x_wconf 78' lang='grc' dir='ltr'>ἀφεὶς,</span> <span class='ocrx_word' id='word_1_144' title='bbox 935 2039 1060 2102; x_wconf 81' lang='grc' dir='ltr'>ὅσας</span> <span class='ocrx_word' id='word_1_145' title='bbox 1118 2040 1368 2096; x_wconf 84' lang='grc' dir='ltr'>ἀπώλεσε</span> <span class='ocrx_word' id='word_1_146' title='bbox 1411 2039 1694 2114; x_wconf 85' lang='grc' dir='ltr'>μυριάδας,</span> <span class='ocrx_word' id='word_1_147' title='bbox 1753 2044 1840 2096; x_wconf 81' lang='grc' dir='ltr'>καὶ</span> 
     </span>
    </p>
   </div>
   <div class='ocr_carea' id='block_1_23' title="bbox 192 2127 1844 2204">
    <p class='ocr_par' dir='ltr' id='par_1_23' title="bbox 192 2127 1844 2204">
     <span class='ocr_line' id='line_1_23' title="bbox 192 2127 1844 2204; baseline 0.004 -24"><span class='ocrx_word' id='word_1_148' title='bbox 192 2127 341 2189; x_wconf 78' lang='grc' dir='ltr'>ὅπως</span> <span class='ocrx_word' id='word_1_149' title='bbox 405 2127 647 2200; x_wconf 83' lang='grc' dir='ltr'>ἀνέζευξε</span> <span class='ocrx_word' id='word_1_150' title='bbox 725 2129 838 2200; x_wconf 85' lang='grc' dir='ltr'>μετ’</span> <span class='ocrx_word' id='word_1_151' title='bbox 906 2127 1198 2203; x_wconf 78' lang='grc' dir='ltr'>αἰσχύνης,</span> <span class='ocrx_word' id='word_1_152' title='bbox 1261 2129 1486 2204; x_wconf 85' lang='grc' dir='ltr'>ὀλίγοις</span> <span class='ocrx_word' id='word_1_153' title='bbox 1549 2127 1844 2204; x_wconf 73' lang='grc' dir='ltr'>ἄγνωστος.</span> 
     </span>
    </p>
   </div>
   <div class='ocr_carea' id='block_1_24' title="bbox 185 2213 1846 2293">
    <p class='ocr_par' dir='ltr' id='par_1_24' title="bbox 185 2213 1846 2293">
     <span class='ocr_line' id='line_1_24' title="bbox 185 2213 1846 2293; baseline 0 -21"><span class='ocrx_word' id='word_1_154' title='bbox 185 2217 308 2272; x_wconf 85' lang='grc' dir='ltr'>’Ότι</span> <span class='ocrx_word' id='word_1_155' title='bbox 377 2213 432 2270; x_wconf 76' lang='grc' dir='ltr'>δὲ</span> <span class='ocrx_word' id='word_1_156' title='bbox 501 2219 853 2292; x_wconf 80' lang='grc' dir='ltr'>πολυαρχίαν</span> <span class='ocrx_word' id='word_1_157' title='bbox 921 2215 956 2284; x_wconf 77' lang='grc' dir='ltr'>ἤ</span> <span class='ocrx_word' id='word_1_158' title='bbox 1025 2218 1318 2272; x_wconf 78' lang='grc' dir='ltr'>πολυθεῖαν</span> <span class='ocrx_word' id='word_1_159' title='bbox 1423 2221 1846 2293; x_wconf 84' lang='grc' dir='ltr'>κατα-γινώσκεις</span> 
     </span>
    </p>
   </div>
   <div class='ocr_carea' id='block_1_25' title="bbox 191 2304 1850 2381">
    <p class='ocr_par' dir='ltr' id='par_1_25' title="bbox 191 2304 1850 2381">
     <span class='ocr_line' id='line_1_25' title="bbox 191 2304 1850 2381; baseline 0.003 -24"><span class='ocrx_word' id='word_1_160' title='bbox 191 2307 381 2375; x_wconf 76' lang='grc' dir='ltr'>ἡμῶν,</span> <span class='ocrx_word' id='word_1_161' title='bbox 431 2305 624 2377; x_wconf 69' lang='grc' dir='ltr'>ἡμεῖς,</span> <span class='ocrx_word' id='word_1_162' title='bbox 685 2307 886 2360; x_wconf 82' lang='grc' dir='ltr'>ἄνωθεν</span> <span class='ocrx_word' id='word_1_163' title='bbox 944 2307 1034 2360; x_wconf 88' lang='grc' dir='ltr'>καὶ</span> <span class='ocrx_word' id='word_1_164' title='bbox 1085 2304 1145 2360; x_wconf 76' lang='grc' dir='ltr'>ἐκ</span> <span class='ocrx_word' id='word_1_165' title='bbox 1188 2305 1432 2381; x_wconf 89' lang='grc' dir='ltr'>πατέρων</span> <span class='ocrx_word' id='word_1_166' title='bbox 1492 2305 1674 2380; x_wconf 82' lang='grc' dir='ltr'>ὣσπερ</span> <span class='ocrx_word' id='word_1_167' title='bbox 1727 2308 1850 2362; x_wconf 81' lang='grc' dir='ltr'>τινὰ</span> 
     </span>
    </p>
   </div>
   <div class='ocr_carea' id='block_1_26' title="bbox 188 2392 986 2467">
    <p class='ocr_par' dir='ltr' id='par_1_26' title="bbox 188 2392 986 2467">
     <span class='ocr_line' id='line_1_26' title="bbox 188 2392 986 2467; baseline 0 -19"><span class='ocrx_word' id='word_1_168' title='bbox 188 2394 294 2462; x_wconf 78' lang='grc' dir='ltr'>κλῆ</span> <span class='ocrx_word' id='word_1_169' title='bbox 306 2411 398 2467; x_wconf 84' lang='grc' dir='ltr'>ρον</span> <span class='ocrx_word' id='word_1_170' title='bbox 463 2392 809 2467; x_wconf 80' lang='grc' dir='ltr'>ἐκδεξαμενοι</span> <span class='ocrx_word' id='word_1_171' title='bbox 885 2397 986 2463; x_wconf 77' lang='grc' dir='ltr'>τήν</span> 
     </span>
    </p>
   </div>
   <div class='ocr_carea' id='block_1_27' title="bbox 187 2485 933 2556">
    <p class='ocr_par' dir='ltr' id='par_1_27' title="bbox 187 2485 933 2556">
     <span class='ocr_line' id='line_1_27' title="bbox 187 2485 933 2556; baseline 0.003 -20"><span class='ocrx_word' id='word_1_172' title='bbox 187 2487 613 2556; x_wconf 86' lang='grc' dir='ltr'>καταστενοῦμεν</span> <span class='ocrx_word' id='word_1_173' title='bbox 682 2485 933 2554; x_wconf 87' lang='grc' dir='ltr'>θεότητα,</span> 
     </span>
    </p>
   </div>
   <div class='ocr_carea' id='block_1_28' title="bbox 1079 2391 1848 2470">
    <p class='ocr_par' dir='ltr' id='par_1_28' title="bbox 1079 2391 1848 2470">
     <span class='ocr_line' id='line_1_28' title="bbox 1079 2391 1848 2470; baseline -0.001 -20"><span class='ocrx_word' id='word_1_174' title='bbox 1079 2391 1374 2467; x_wconf 83' lang='grc' dir='ltr'>εὐσέϐειαν,</span> <span class='ocrx_word' id='word_1_175' title='bbox 1443 2395 1504 2450; x_wconf 77' lang='grc' dir='ltr'>οὗ</span> <span class='ocrx_word' id='word_1_176' title='bbox 1566 2396 1848 2470; x_wconf 83' lang='grc' dir='ltr'>μοσαρχίᾳ</span> 
     </span>
    </p>
   </div>
   <div class='ocr_carea' id='block_1_29' title="bbox 1027 2481 1844 2560">
    <p class='ocr_par' dir='ltr' id='par_1_29' title="bbox 1027 2481 1844 2560">
     <span class='ocr_line' id='line_1_29' title="bbox 1027 2481 1844 2560; baseline 0.001 -22"><span class='ocrx_word' id='word_1_177' title='bbox 1027 2481 1152 2539; x_wconf 74' lang='grc' dir='ltr'>οὐδὲ</span> <span class='ocrx_word' id='word_1_178' title='bbox 1244 2485 1472 2560; x_wconf 80' lang='grc' dir='ltr'>ἀφθονίᾳ</span> <span class='ocrx_word' id='word_1_179' title='bbox 1532 2487 1844 2559; x_wconf 81' lang='grc' dir='ltr'>προσώπων</span> 
     </span>
    </p>
   </div>
   <div class='ocr_carea' id='block_1_30' title="bbox 191 2571 1846 2648">
    <p class='ocr_par' dir='ltr' id='par_1_30' title="bbox 191 2571 1846 2648">
     <span class='ocr_line' id='line_1_30' title="bbox 191 2571 1846 2648; baseline 0.001 -22"><span class='ocrx_word' id='word_1_180' title='bbox 191 2571 537 2646; x_wconf 83' lang='grc' dir='ltr'>πολυαρχίαν</span> <span class='ocrx_word' id='word_1_181' title='bbox 569 2571 880 2648; x_wconf 80' lang='grc' dir='ltr'>εἰσάγομεν,</span> <span class='ocrx_word' id='word_1_182' title='bbox 933 2571 1080 2626; x_wconf 80' lang='grc' dir='ltr'>ἀλλὰ</span> <span class='ocrx_word' id='word_1_183' title='bbox 1117 2574 1214 2641; x_wconf 79' lang='grc' dir='ltr'>τὴν</span> <span class='ocrx_word' id='word_1_184' title='bbox 1277 2573 1399 2645; x_wconf 86' lang='grc' dir='ltr'>μίαν</span> <span class='ocrx_word' id='word_1_185' title='bbox 1452 2574 1608 2646; x_wconf 79' lang='grc' dir='ltr'>φύσιν</span> <span class='ocrx_word' id='word_1_186' title='bbox 1667 2571 1846 2628; x_wconf 88' lang='grc' dir='ltr'>ἀδιαι-</span> 
     </span>
    </p>
   </div>
   <div class='ocr_carea' id='block_1_31' title="bbox 193 2660 1846 2736">
    <p class='ocr_par' dir='ltr' id='par_1_31' title="bbox 193 2660 1846 2736">
     <span class='ocr_line' id='line_1_31' title="bbox 193 2660 1846 2736; baseline 0 -20"><span class='ocrx_word' id='word_1_187' title='bbox 193 2663 360 2734; x_wconf 81' lang='grc' dir='ltr'>ρέτως</span> <span class='ocrx_word' id='word_1_188' title='bbox 427 2661 504 2722; x_wconf 79' lang='grc' dir='ltr'>εἷς</span> <span class='ocrx_word' id='word_1_189' title='bbox 567 2661 688 2734; x_wconf 81' lang='grc' dir='ltr'>τρία</span> <span class='ocrx_word' id='word_1_190' title='bbox 756 2660 1086 2735; x_wconf 88' lang='grc' dir='ltr'>διαιροῦντες</span> <span class='ocrx_word' id='word_1_191' title='bbox 1144 2663 1428 2736; x_wconf 85' lang='grc' dir='ltr'>πρόσωπα.</span> <span class='ocrx_word' id='word_1_192' title='bbox 1491 2663 1702 2730; x_wconf 76' lang='grc' dir='ltr'>Πατέρα</span> <span class='ocrx_word' id='word_1_193' title='bbox 1756 2664 1846 2716; x_wconf 82' lang='grc' dir='ltr'>καὶ</span> 
     </span>
    </p>
   </div>
   <div class='ocr_carea' id='block_1_32' title="bbox 195 2747 1846 2824">
    <p class='ocr_par' dir='ltr' id='par_1_32' title="bbox 195 2747 1846 2824">
     <span class='ocr_line' id='line_1_32' title="bbox 195 2747 1796 2803; baseline -0.003 -33"><span class='ocrx_word' id='word_1_194' title='bbox 195 2749 290 2803; x_wconf 60' lang='grc' dir='ltr'>Υὶκ</span> <span class='ocrx_word' id='word_1_195' title='bbox 427 2749 442 2768; x_wconf 76' lang='lat'><em>\</em></span> <span class='ocrx_word' id='word_1_196' title='bbox 483 2747 511 2768; x_wconf 64' lang='grc' dir='ltr'><strong><em>ν</em></strong></span> <span class='ocrx_word' id='word_1_197' title='bbox 773 2755 800 2765; x_wconf 74' lang='grc' dir='ltr'>-ο</span> <span class='ocrx_word' id='word_1_198' title='bbox 892 2770 904 2782; x_wconf 55' lang='grc'><strong>⁸</strong></span> <span class='ocrx_word' id='word_1_199' title='bbox 995 2751 1007 2768; x_wconf 61' lang='grc' dir='ltr'>ς</span> <span class='ocrx_word' id='word_1_200' title='bbox 1039 2771 1044 2774; x_wconf 34' lang='grc' dir='ltr'><strong><em>η</em></strong></span> <span class='ocrx_word' id='word_1_201' title='bbox 1125 2758 1138 2770; x_wconf 80' lang='lat'>.</span> <span class='ocrx_word' id='word_1_202' title='bbox 1173 2751 1184 2766; x_wconf 61' lang='grc' dir='ltr'>η</span> <span class='ocrx_word' id='word_1_203' title='bbox 1331 2751 1345 2772; x_wconf 77' lang='lat'><strong>,</strong></span> <span class='ocrx_word' id='word_1_204' title='bbox 1425 2752 1446 2769; x_wconf 69' lang='grc' dir='ltr'><em>η</em></span> <span class='ocrx_word' id='word_1_205' title='bbox 1539 2752 1552 2770; x_wconf 72' lang='grc' dir='ltr'>ε</span> <span class='ocrx_word' id='word_1_206' title='bbox 1637 2756 1658 2767; x_wconf 87' lang='grc'>...</span> <span class='ocrx_word' id='word_1_207' title='bbox 1789 2773 1796 2786; x_wconf 47' lang='grc' dir='ltr'>ι</span> 
     </span>
     <span class='ocr_line' id='line_1_33' title="bbox 263 2750 1846 2824; baseline 0.001 -20"><span class='ocrx_word' id='word_1_208' title='bbox 263 2771 319 2804; x_wconf 90' lang='grc' dir='ltr'>ον</span> <span class='ocrx_word' id='word_1_209' title='bbox 351 2770 443 2803; x_wconf 85' lang='grc' dir='ltr'>και</span> <span class='ocrx_word' id='word_1_210' title='bbox 477 2770 625 2824; x_wconf 86' lang='grc' dir='ltr'>αγιον</span> <span class='ocrx_word' id='word_1_211' title='bbox 667 2753 886 2823; x_wconf 85' lang='grc' dir='ltr'>Ηνευμα</span> <span class='ocrx_word' id='word_1_212' title='bbox 954 2773 1046 2806; x_wconf 90' lang='grc' dir='ltr'>τον</span> <span class='ocrx_word' id='word_1_213' title='bbox 1099 2752 1248 2818; x_wconf 75' lang='grc' dir='ltr'>ἱὶον,</span> <span class='ocrx_word' id='word_1_214' title='bbox 1302 2772 1378 2812; x_wconf 90' lang='grc' dir='ltr'>εις</span> <span class='ocrx_word' id='word_1_215' title='bbox 1425 2773 1482 2806; x_wconf 92' lang='grc' dir='ltr'>ον</span> <span class='ocrx_word' id='word_1_216' title='bbox 1533 2771 1688 2822; x_wconf 90' lang='grc' dir='ltr'>υμεις</span> <span class='ocrx_word' id='word_1_217' title='bbox 1729 2750 1846 2806; x_wconf 73' lang='grc' dir='ltr'>έν.)-</span> 
     </span>
    </p>
   </div>
   <div class='ocr_carea' id='block_1_33' title="bbox 197 2833 1848 2914">
    <p class='ocr_par' dir='ltr' id='par_1_33' title="bbox 197 2833 1848 2914">
     <span class='ocr_line' id='line_1_34' title="bbox 197 2833 1848 2914; baseline 0 -22"><span class='ocrx_word' id='word_1_218' title='bbox 197 2833 434 2912; x_wconf 79' lang='grc' dir='ltr'>ϐρίζετε,</span> <span class='ocrx_word' id='word_1_219' title='bbox 505 2839 889 2914; x_wconf 82' lang='grc' dir='ltr'>ὁμολογοῦμεν</span> <span class='ocrx_word' id='word_1_220' title='bbox 957 2840 1094 2894; x_wconf 85' lang='grc' dir='ltr'>κατά</span> <span class='ocrx_word' id='word_1_221' title='bbox 1147 2839 1277 2900; x_wconf 79' lang='grc' dir='ltr'>τοὺς</span> <span class='ocrx_word' id='word_1_222' title='bbox 1338 2838 1512 2901; x_wconf 84' lang='grc' dir='ltr'>θείους</span> <span class='ocrx_word' id='word_1_223' title='bbox 1582 2837 1848 2912; x_wconf 80' lang='grc' dir='ltr'>ἐνανθρω-</span> 
     </span>
    </p>
   </div>
   <div class='ocr_carea' id='block_1_34' title="bbox 198 2925 1849 3000">
    <p class='ocr_par' dir='ltr' id='par_1_34' title="bbox 198 2925 1849 3000">
     <span class='ocr_line' id='line_1_35' title="bbox 198 2925 1849 3000; baseline -0.001 -19"><span class='ocrx_word' id='word_1_224' title='bbox 198 2930 369 2992; x_wconf 81' lang='grc' dir='ltr'>πῆσαι</span> <span class='ocrx_word' id='word_1_225' title='bbox 431 2926 741 3000; x_wconf 70' lang='grc' dir='ltr'>χρησμοὺς,</span> <span class='ocrx_word' id='word_1_226' title='bbox 800 2926 889 2980; x_wconf 79' lang='grc' dir='ltr'>καὶ</span> <span class='ocrx_word' id='word_1_227' title='bbox 951 2927 1052 2981; x_wconf 86' lang='grc' dir='ltr'>ὑπὸ</span> <span class='ocrx_word' id='word_1_228' title='bbox 1108 2931 1215 2980; x_wconf 83' lang='grc' dir='ltr'>τῶν</span> <span class='ocrx_word' id='word_1_229' title='bbox 1273 2925 1547 2999; x_wconf 82' lang='grc' dir='ltr'>ὑμετέρων</span> <span class='ocrx_word' id='word_1_230' title='bbox 1605 2946 1849 3000; x_wconf 87' lang='grc' dir='ltr'>σταυρω-</span> 
     </span>
    </p>
   </div>
   <div class='ocr_carea' id='block_1_35' title="bbox 199 3011 1848 3088">
    <p class='ocr_par' dir='ltr' id='par_1_35' title="bbox 199 3011 1848 3088">
     <span class='ocr_line' id='line_1_36' title="bbox 199 3011 1848 3088; baseline -0.001 -19"><span class='ocrx_word' id='word_1_231' title='bbox 199 3017 360 3084; x_wconf 80' lang='grc' dir='ltr'>θῆναι</span> <span class='ocrx_word' id='word_1_232' title='bbox 405 3014 652 3088; x_wconf 85' lang='grc' dir='ltr'>πατέρων</span> <span class='ocrx_word' id='word_1_233' title='bbox 709 3021 809 3083; x_wconf 84' lang='grc' dir='ltr'>τῆς</span> <span class='ocrx_word' id='word_1_234' title='bbox 863 3019 972 3068; x_wconf 79' lang='grc' dir='ltr'>τῶν</span> <span class='ocrx_word' id='word_1_235' title='bbox 1029 3015 1278 3069; x_wconf 75' lang='grc' dir='ltr'>ἁπάντων</span> <span class='ocrx_word' id='word_1_236' title='bbox 1335 3011 1494 3068; x_wconf 70' lang='grc' dir='ltr'>ἕνεκα</span> <span class='ocrx_word' id='word_1_237' title='bbox 1550 3015 1848 3088; x_wconf 77' lang='grc' dir='ltr'>σωτηρίας,</span> 
     </span>
    </p>
   </div>
   <div class='ocr_carea' id='block_1_36' title="bbox 200 3103 1850 3178">
    <p class='ocr_par' dir='ltr' id='par_1_36' title="bbox 200 3103 1850 3178">
     <span class='ocr_line' id='line_1_37' title="bbox 200 3103 1850 3178; baseline -0.001 -20"><span class='ocrx_word' id='word_1_238' title='bbox 200 3103 580 3178; x_wconf 80' lang='grc' dir='ltr'>ἀγνοησάντων</span> <span class='ocrx_word' id='word_1_239' title='bbox 661 3107 842 3164; x_wconf 80' lang='grc' dir='ltr'>κακῶς</span> <span class='ocrx_word' id='word_1_240' title='bbox 936 3103 1155 3158; x_wconf 76' lang='grc' dir='ltr'>ἐκείνων</span> <span class='ocrx_word' id='word_1_241' title='bbox 1223 3103 1286 3158; x_wconf 88' lang='grc' dir='ltr'>τὸ</span> <span class='ocrx_word' id='word_1_242' title='bbox 1351 3110 1450 3171; x_wconf 80' lang='grc' dir='ltr'>τῆς</span> <span class='ocrx_word' id='word_1_243' title='bbox 1525 3103 1850 3175; x_wconf 72' lang='grc' dir='ltr'>οἰκονομίας</span> 
     </span>
    </p>
   </div>
   <div class='ocr_carea' id='block_1_37' title="bbox 206 3191 1846 3268">
    <p class='ocr_par' dir='ltr' id='par_1_37' title="bbox 206 3191 1846 3268">
     <span class='ocr_line' id='line_1_38' title="bbox 206 3191 1846 3268; baseline -0.001 -22"><span class='ocrx_word' id='word_1_244' title='bbox 206 3195 525 3268; x_wconf 67' lang='grc' dir='ltr'>μυστήριον,</span> <span class='ocrx_word' id='word_1_245' title='bbox 573 3191 632 3246; x_wconf 78' lang='grc' dir='ltr'>ἐκ</span> <span class='ocrx_word' id='word_1_246' title='bbox 677 3197 882 3264; x_wconf 73' lang='grc' dir='ltr'>νεκρῶν</span> <span class='ocrx_word' id='word_1_247' title='bbox 927 3213 985 3247; x_wconf 89' lang='grc' dir='ltr'>τε</span> <span class='ocrx_word' id='word_1_248' title='bbox 1037 3193 1336 3265; x_wconf 73' lang='grc' dir='ltr'>τριήμερον</span> <span class='ocrx_word' id='word_1_249' title='bbox 1380 3191 1694 3262; x_wconf 73' lang='grc' dir='ltr'>ἀναστῆναι,</span> <span class='ocrx_word' id='word_1_250' title='bbox 1755 3191 1846 3245; x_wconf 84' lang='grc' dir='ltr'>καὶ</span> 
     </span>
    </p>
   </div>
   <div class='ocr_carea' id='block_1_38' title="bbox 201 3277 1842 3360">
    <p class='ocr_par' dir='ltr' id='par_1_38' title="bbox 201 3277 1842 3360">
     <span class='ocr_line' id='line_1_39' title="bbox 201 3277 1842 3360; baseline 0 -24"><span class='ocrx_word' id='word_1_251' title='bbox 201 3282 339 3358; x_wconf 88' lang='grc' dir='ltr'>πρὸς</span> <span class='ocrx_word' id='word_1_252' title='bbox 395 3281 656 3355; x_wconf 76' lang='grc' dir='ltr'>οὐρανοὺς</span> <span class='ocrx_word' id='word_1_253' title='bbox 714 3282 1090 3360; x_wconf 78' lang='grc' dir='ltr'>ἀναληφθῆναι</span> <span class='ocrx_word' id='word_1_254' title='bbox 1147 3280 1332 3354; x_wconf 83' lang='grc' dir='ltr'>πάλιν,</span> <span class='ocrx_word' id='word_1_255' title='bbox 1398 3282 1488 3336; x_wconf 84' lang='grc' dir='ltr'>καὶ</span> <span class='ocrx_word' id='word_1_256' title='bbox 1555 3281 1646 3336; x_wconf 87' lang='grc' dir='ltr'>τὸν</span> <span class='ocrx_word' id='word_1_257' title='bbox 1700 3277 1842 3336; x_wconf 77' lang='grc' dir='ltr'>’ίδιον</span> 
     </span>
    </p>
   </div>
   <div class='ocr_carea' id='block_1_39' title="bbox 201 3371 820 3448">
    <p class='ocr_par' dir='ltr' id='par_1_39' title="bbox 201 3371 820 3448">
     <span class='ocr_line' id='line_1_40' title="bbox 201 3371 820 3448; baseline 0 -23"><span class='ocrx_word' id='word_1_258' title='bbox 201 3371 558 3445; x_wconf 77' lang='grc' dir='ltr'>ἀνυψωθῆναι</span> <span class='ocrx_word' id='word_1_259' title='bbox 590 3371 820 3448; x_wconf 84' lang='grc' dir='ltr'>Πατέρα.</span> 
     </span>
    </p>
   </div>
   <div class='ocr_carea' id='block_1_40' title="bbox 1949 532 3589 606">
    <p class='ocr_par' dir='ltr' id='par_1_40' title="bbox 1949 532 3589 606">
     <span class='ocr_line' id='line_1_41' title="bbox 1949 532 3589 606; baseline 0.004 -22"><span class='ocrx_word' id='word_1_260' title='bbox 1949 535 2437 600; x_wconf 78' lang='lat' dir='ltr'>consequerentur</span> <span class='ocrx_word' id='word_1_261' title='bbox 2468 548 2481 587; x_wconf 92' lang='lat'><strong>:</strong></span> <span class='ocrx_word' id='word_1_262' title='bbox 2507 532 2600 586; x_wconf 90' lang='lat' dir='ltr'>sin</span> <span class='ocrx_word' id='word_1_263' title='bbox 2617 537 2812 589; x_wconf 89' lang='lat' dir='ltr'>autem</span> <span class='ocrx_word' id='word_1_264' title='bbox 2835 551 2946 589; x_wconf 88' lang='lat' dir='ltr'>non</span> <span class='ocrx_word' id='word_1_265' title='bbox 2973 539 3260 606; x_wconf 87' lang='lat' dir='ltr'>parerent,</span> <span class='ocrx_word' id='word_1_266' title='bbox 3284 540 3340 590; x_wconf 90' lang='lat' dir='ltr'>et</span> <span class='ocrx_word' id='word_1_267' title='bbox 3355 534 3589 591; x_wconf 67' lang='lat' dir='ltr'>Galitteo</span> 
     </span>
    </p>
   </div>
   <div class='ocr_carea' id='block_1_41' title="bbox 1949 619 3587 693">
    <p class='ocr_par' dir='ltr' id='par_1_41' title="bbox 1949 619 3587 693">
     <span class='ocr_line' id='line_1_42' title="bbox 1949 619 3587 693; baseline 0.003 -20"><span class='ocrx_word' id='word_1_268' title='bbox 1949 619 2203 674; x_wconf 89' lang='lat' dir='ltr'>animum</span> <span class='ocrx_word' id='word_1_269' title='bbox 2261 619 2626 688; x_wconf 83' lang='lat' dir='ltr'>adhiberent,</span> <span class='ocrx_word' id='word_1_270' title='bbox 2689 639 2790 693; x_wconf 91' lang='lat' dir='ltr'>pro</span> <span class='ocrx_word' id='word_1_271' title='bbox 2851 623 3187 678; x_wconf 88' lang='lat' dir='ltr'>monarchia</span> <span class='ocrx_word' id='word_1_272' title='bbox 3245 623 3587 678; x_wconf 88' lang='lat' dir='ltr'>inducentes</span> 
     </span>
    </p>
   </div>
   <div class='ocr_carea' id='block_1_42' title="bbox 1951 707 3586 783">
    <p class='ocr_par' dir='ltr' id='par_1_42' title="bbox 1951 707 3586 783">
     <span class='ocr_line' id='line_1_43' title="bbox 1951 707 3586 783; baseline 0.002 -21"><span class='ocrx_word' id='word_1_273' title='bbox 1951 707 2266 763; x_wconf 89' lang='lat' dir='ltr'>multorum</span> <span class='ocrx_word' id='word_1_274' title='bbox 2301 709 2714 779; x_wconf 83' lang='lat' dir='ltr'>principatum,</span> <span class='ocrx_word' id='word_1_275' title='bbox 2747 711 2868 782; x_wconf 85' lang='lat' dir='ltr'>igni</span> <span class='ocrx_word' id='word_1_276' title='bbox 2901 716 2956 766; x_wconf 92' lang='lat' dir='ltr'>et</span> <span class='ocrx_word' id='word_1_277' title='bbox 2987 712 3180 783; x_wconf 89' lang='lat' dir='ltr'>gladio</span> <span class='ocrx_word' id='word_1_278' title='bbox 3206 712 3586 768; x_wconf 87' lang='lat' dir='ltr'>traderentur.</span> 
     </span>
    </p>
   </div>
   <div class='ocr_carea' id='block_1_43' title="bbox 1951 795 3590 871">
    <p class='ocr_par' dir='ltr' id='par_1_43' title="bbox 1951 795 3590 871">
     <span class='ocr_line' id='line_1_44' title="bbox 1951 795 3590 871; baseline 0.003 -20"><span class='ocrx_word' id='word_1_279' title='bbox 1951 795 2124 852; x_wconf 88' lang='lat' dir='ltr'>Porro</span> <span class='ocrx_word' id='word_1_280' title='bbox 2171 801 2364 853; x_wconf 88' lang='lat' dir='ltr'>autem</span> <span class='ocrx_word' id='word_1_281' title='bbox 2411 799 2536 868; x_wconf 91' lang='lat' dir='ltr'>ipse</span> <span class='ocrx_word' id='word_1_282' title='bbox 2576 815 2810 871; x_wconf 90' lang='lat' dir='ltr'>quoque</span> <span class='ocrx_word' id='word_1_283' title='bbox 2859 800 3102 855; x_wconf 88' lang='lat' dir='ltr'>Dunaan</span> <span class='ocrx_word' id='word_1_284' title='bbox 3147 803 3503 856; x_wconf 85' lang='lat' dir='ltr'>exsecranda</span> <span class='ocrx_word' id='word_1_285' title='bbox 3533 805 3590 856; x_wconf 92' lang='lat' dir='ltr'>et</span> 
     </span>
    </p>
   </div>
   <div class='ocr_carea' id='block_1_44' title="bbox 1951 886 3592 960">
    <p class='ocr_par' dir='ltr' id='par_1_44' title="bbox 1951 886 3592 960">
     <span class='ocr_line' id='line_1_45' title="bbox 1951 886 3592 960; baseline 0.002 -20"><span class='ocrx_word' id='word_1_286' title='bbox 1951 886 2158 941; x_wconf 84' lang='lat' dir='ltr'>audaci</span> <span class='ocrx_word' id='word_1_287' title='bbox 2187 886 2393 954; x_wconf 84' lang='lat' dir='ltr'>lingua</span> <span class='ocrx_word' id='word_1_288' title='bbox 2421 887 2510 942; x_wconf 91' lang='lat' dir='ltr'>his</span> <span class='ocrx_word' id='word_1_289' title='bbox 2537 886 2692 944; x_wconf 85' lang='lat' dir='ltr'>falsa</span> <span class='ocrx_word' id='word_1_290' title='bbox 2709 889 2976 959; x_wconf 68' lang='lat' dir='ltr'>quaedam</span> <span class='ocrx_word' id='word_1_291' title='bbox 2997 889 3272 956; x_wconf 79' lang='lat' dir='ltr'>addebat,</span> <span class='ocrx_word' id='word_1_292' title='bbox 3296 891 3592 960; x_wconf 82' lang='lat' dir='ltr'>etjactan-</span> 
     </span>
    </p>
   </div>
   <div class='ocr_carea' id='block_1_45' title="bbox 1949 975 3590 1049">
    <p class='ocr_par' dir='ltr' id='par_1_45' title="bbox 1949 975 3590 1049">
     <span class='ocr_line' id='line_1_46' title="bbox 1949 975 3590 1049; baseline 0.002 -20"><span class='ocrx_word' id='word_1_293' title='bbox 1949 977 2038 1030; x_wconf 84' lang='lat' dir='ltr'>ter</span> <span class='ocrx_word' id='word_1_294' title='bbox 2065 975 2328 1031; x_wconf 89' lang='lat' dir='ltr'>dicebat:</span> <span class='ocrx_word' id='word_1_295' title='bbox 2364 975 2594 1034; x_wconf 84' lang='lat' dir='ltr'>Nullam</span> <span class='ocrx_word' id='word_1_296' title='bbox 2629 979 2817 1048; x_wconf 89' lang='lat' dir='ltr'>potuit</span> <span class='ocrx_word' id='word_1_297' title='bbox 2846 978 3019 1033; x_wconf 87' lang='lat' dir='ltr'>Jesus</span> <span class='ocrx_word' id='word_1_298' title='bbox 3048 994 3216 1049; x_wconf 90' lang='lat' dir='ltr'>opem</span> <span class='ocrx_word' id='word_1_299' title='bbox 3251 980 3398 1033; x_wconf 82' lang='lat' dir='ltr'>ferre</span> <span class='ocrx_word' id='word_1_300' title='bbox 3427 978 3590 1033; x_wconf 82' lang='lat' dir='ltr'>Chri-</span> 
     </span>
    </p>
   </div>
   <div class='ocr_carea' id='block_1_46' title="bbox 1952 1064 3590 1137">
    <p class='ocr_par' dir='ltr' id='par_1_46' title="bbox 1952 1064 3590 1137">
     <span class='ocr_line' id='line_1_47' title="bbox 1952 1064 3590 1137; baseline 0.001 -17"><span class='ocrx_word' id='word_1_301' title='bbox 1952 1064 2156 1120; x_wconf 88' lang='lat' dir='ltr'>stianis</span> <span class='ocrx_word' id='word_1_302' title='bbox 2203 1065 2262 1120; x_wconf 92' lang='lat' dir='ltr'>in</span> <span class='ocrx_word' id='word_1_303' title='bbox 2307 1081 2435 1120; x_wconf 88' lang='lat' dir='ltr'>mea</span> <span class='ocrx_word' id='word_1_304' title='bbox 2479 1070 2764 1136; x_wconf 81' lang='lat' dir='ltr'>potestate</span> <span class='ocrx_word' id='word_1_305' title='bbox 2805 1067 3156 1134; x_wconf 82' lang='lat' dir='ltr'>constitutis,</span> <span class='ocrx_word' id='word_1_306' title='bbox 3191 1083 3334 1137; x_wconf 88' lang='lat' dir='ltr'>quos</span> <span class='ocrx_word' id='word_1_307' title='bbox 3365 1083 3590 1134; x_wconf 90' lang='lat' dir='ltr'>omnes,</span> 
     </span>
    </p>
   </div>
   <div class='ocr_carea' id='block_1_47' title="bbox 1951 1153 3592 1226">
    <p class='ocr_par' dir='ltr' id='par_1_47' title="bbox 1951 1153 3592 1226">
     <span class='ocr_line' id='line_1_48' title="bbox 1951 1153 3592 1226; baseline 0.002 -17"><span class='ocrx_word' id='word_1_308' title='bbox 1951 1159 2008 1209; x_wconf 91' lang='lat' dir='ltr'>et</span> <span class='ocrx_word' id='word_1_309' title='bbox 2034 1153 2195 1225; x_wconf 89' lang='lat' dir='ltr'>ipsos</span> <span class='ocrx_word' id='word_1_310' title='bbox 2225 1153 2456 1208; x_wconf 87' lang='lat' dir='ltr'>illorum</span> <span class='ocrx_word' id='word_1_311' title='bbox 2488 1157 2818 1210; x_wconf 81' lang='lat' dir='ltr'>sacerdotes</span> <span class='ocrx_word' id='word_1_312' title='bbox 2847 1160 2904 1210; x_wconf 91' lang='lat' dir='ltr'>et</span> <span class='ocrx_word' id='word_1_313' title='bbox 2954 1155 3271 1211; x_wconf 84' lang='lat' dir='ltr'>monachos</span> <span class='ocrx_word' id='word_1_314' title='bbox 3319 1155 3513 1226; x_wconf 86' lang='lat' dir='ltr'>gladio</span> <span class='ocrx_word' id='word_1_315' title='bbox 3537 1161 3592 1212; x_wconf 92' lang='lat' dir='ltr'>et</span> 
     </span>
    </p>
   </div>
   <div class='ocr_carea' id='block_1_48' title="bbox 1951 1242 3594 1314">
    <p class='ocr_par' dir='ltr' id='par_1_48' title="bbox 1951 1242 3594 1314">
     <span class='ocr_line' id='line_1_49' title="bbox 1951 1242 3594 1314; baseline 0.002 -18"><span class='ocrx_word' id='word_1_316' title='bbox 1951 1242 2084 1313; x_wconf 84' lang='lat' dir='ltr'>igne</span> <span class='ocrx_word' id='word_1_317' title='bbox 2133 1242 2296 1311; x_wconf 89' lang='lat' dir='ltr'>prius</span> <span class='ocrx_word' id='word_1_318' title='bbox 2341 1244 2705 1314; x_wconf 87' lang='lat' dir='ltr'>consumpsi,</span> <span class='ocrx_word' id='word_1_319' title='bbox 2741 1260 2811 1298; x_wconf 89' lang='lat' dir='ltr'>ne</span> <span class='ocrx_word' id='word_1_320' title='bbox 2847 1259 3092 1314; x_wconf 83' lang='lat' dir='ltr'>parcens</span> <span class='ocrx_word' id='word_1_321' title='bbox 3125 1245 3360 1314; x_wconf 86' lang='lat' dir='ltr'>quidem</span> <span class='ocrx_word' id='word_1_322' title='bbox 3409 1245 3594 1300; x_wconf 89' lang='lat' dir='ltr'>acris</span> 
     </span>
    </p>
   </div>
   <div class='ocr_carea' id='block_1_49' title="bbox 1951 1331 3588 1402">
    <p class='ocr_par' dir='ltr' id='par_1_49' title="bbox 1951 1331 3588 1402">
     <span class='ocr_line' id='line_1_50' title="bbox 1951 1331 3588 1402; baseline 0.002 -18"><span class='ocrx_word' id='word_1_323' title='bbox 1951 1331 2184 1386; x_wconf 85' lang='lat' dir='ltr'>illorum</span> <span class='ocrx_word' id='word_1_324' title='bbox 2217 1331 2448 1402; x_wconf 84' lang='lat' dir='ltr'>templis</span> <span class='ocrx_word' id='word_1_325' title='bbox 2481 1347 2494 1385; x_wconf 92' lang='lat'><strong>:</strong></span> <span class='ocrx_word' id='word_1_326' title='bbox 2529 1335 2586 1386; x_wconf 91' lang='lat' dir='ltr'>et</span> <span class='ocrx_word' id='word_1_327' title='bbox 2609 1349 2763 1387; x_wconf 83' lang='lat' dir='ltr'>nunc</span> <span class='ocrx_word' id='word_1_328' title='bbox 2809 1335 3058 1387; x_wconf 80' lang='lat' dir='ltr'>maximo</span> <span class='ocrx_word' id='word_1_329' title='bbox 3089 1338 3284 1388; x_wconf 89' lang='lat' dir='ltr'>coacto</span> <span class='ocrx_word' id='word_1_330' title='bbox 3315 1334 3588 1402; x_wconf 79' lang='lat' dir='ltr'>exercitu,</span> 
     </span>
    </p>
   </div>
   <div class='ocr_carea' id='block_1_50' title="bbox 1953 1420 3590 1492">
    <p class='ocr_par' dir='ltr' id='par_1_50' title="bbox 1953 1420 3590 1492">
     <span class='ocr_line' id='line_1_51' title="bbox 1953 1420 3590 1492; baseline 0.004 -17"><span class='ocrx_word' id='word_1_331' title='bbox 1953 1435 2163 1490; x_wconf 87' lang='lat' dir='ltr'>nempe</span> <span class='ocrx_word' id='word_1_332' title='bbox 2194 1423 2428 1474; x_wconf 87' lang='lat' dir='ltr'>centum</span> <span class='ocrx_word' id='word_1_333' title='bbox 2451 1425 2510 1474; x_wconf 92' lang='lat' dir='ltr'>et</span> <span class='ocrx_word' id='word_1_334' title='bbox 2529 1421 2735 1492; x_wconf 82' lang='lat' dir='ltr'>viginti</span> <span class='ocrx_word' id='word_1_335' title='bbox 2765 1420 3025 1478; x_wconf 89' lang='lat' dir='ltr'>millibus</span> <span class='ocrx_word' id='word_1_336' title='bbox 3047 1422 3366 1492; x_wconf 85' lang='lat' dir='ltr'>hominum,</span> <span class='ocrx_word' id='word_1_337' title='bbox 3395 1426 3465 1480; x_wconf 88' lang='lat' dir='ltr'>ad</span> <span class='ocrx_word' id='word_1_338' title='bbox 3489 1441 3590 1481; x_wconf 85' lang='lat' dir='ltr'>vos</span> 
     </span>
    </p>
   </div>
   <div class='ocr_carea' id='block_1_51' title="bbox 1953 1509 3444 1584">
    <p class='ocr_par' dir='ltr' id='par_1_51' title="bbox 1953 1509 3444 1584">
     <span class='ocr_line' id='line_1_52' title="bbox 1953 1509 3444 1584; baseline 0.001 -17"><span class='ocrx_word' id='word_1_339' title='bbox 1953 1509 2104 1578; x_wconf 86' lang='lat' dir='ltr'>veni,</span> <span class='ocrx_word' id='word_1_340' title='bbox 2135 1514 2236 1564; x_wconf 92' lang='lat' dir='ltr'>aut</span> <span class='ocrx_word' id='word_1_341' title='bbox 2265 1510 2504 1566; x_wconf 88' lang='lat' dir='ltr'>omnino</span> <span class='ocrx_word' id='word_1_342' title='bbox 2525 1527 2935 1582; x_wconf 83' lang='lat' dir='ltr'>persuasurus,</span> <span class='ocrx_word' id='word_1_343' title='bbox 2969 1517 3070 1567; x_wconf 88' lang='lat' dir='ltr'>aut</span> <span class='ocrx_word' id='word_1_344' title='bbox 3091 1514 3444 1584; x_wconf 84' lang='lat' dir='ltr'>perditurus.</span> 
     </span>
    </p>
   </div>
   <div class='ocr_carea' id='block_1_52' title="bbox 2023 1599 3592 1670">
    <p class='ocr_par' dir='ltr' id='par_1_52' title="bbox 2023 1599 3592 1670">
     <span class='ocr_line' id='line_1_53' title="bbox 2023 1599 3592 1670; baseline 0.005 -18"><span class='ocrx_word' id='word_1_345' title='bbox 2023 1599 2112 1656; x_wconf 88' lang='lat' dir='ltr'>IV.</span> <span class='ocrx_word' id='word_1_346' title='bbox 2153 1599 2319 1656; x_wconf 89' lang='lat' dir='ltr'>Cives</span> <span class='ocrx_word' id='word_1_347' title='bbox 2375 1605 2568 1655; x_wconf 88' lang='lat' dir='ltr'>autem</span> <span class='ocrx_word' id='word_1_348' title='bbox 2603 1615 2616 1654; x_wconf 93' lang='lat'>:</span> <span class='ocrx_word' id='word_1_349' title='bbox 2651 1600 2946 1669; x_wconf 87' lang='lat' dir='ltr'>Videmus,</span> <span class='ocrx_word' id='word_1_350' title='bbox 2979 1601 3273 1669; x_wconf 85' lang='lat' dir='ltr'>dixerunt,</span> <span class='ocrx_word' id='word_1_351' title='bbox 3305 1620 3336 1658; x_wconf 91' lang='grc' dir='ltr'>ο</span> <span class='ocrx_word' id='word_1_352' title='bbox 3390 1620 3506 1670; x_wconf 82' lang='lat' dir='ltr'>rex,</span> <span class='ocrx_word' id='word_1_353' title='bbox 3535 1609 3592 1660; x_wconf 87' lang='lat' dir='ltr'>te</span> 
     </span>
    </p>
   </div>
   <div class='ocr_carea' id='block_1_53' title="bbox 1952 1687 3590 1760">
    <p class='ocr_par' dir='ltr' id='par_1_53' title="bbox 1952 1687 3590 1760">
     <span class='ocr_line' id='line_1_54' title="bbox 1952 1687 3590 1760; baseline 0.002 -18"><span class='ocrx_word' id='word_1_354' title='bbox 1952 1687 2164 1758; x_wconf 80' lang='lat' dir='ltr'>linguas</span> <span class='ocrx_word' id='word_1_355' title='bbox 2210 1688 2458 1744; x_wconf 90' lang='lat' dir='ltr'>multum</span> <span class='ocrx_word' id='word_1_356' title='bbox 2493 1689 2818 1760; x_wconf 89' lang='lat' dir='ltr'>indulgere,</span> <span class='ocrx_word' id='word_1_357' title='bbox 2855 1695 2910 1744; x_wconf 90' lang='lat' dir='ltr'>et</span> <span class='ocrx_word' id='word_1_358' title='bbox 2941 1690 3258 1745; x_wconf 87' lang='lat' dir='ltr'>attribuere</span> <span class='ocrx_word' id='word_1_359' title='bbox 3283 1691 3590 1746; x_wconf 89' lang='lat' dir='ltr'>imbecilli-</span> 
     </span>
    </p>
   </div>
   <div class='ocr_carea' id='block_1_54' title="bbox 1951 1777 3592 1849">
    <p class='ocr_par' dir='ltr' id='par_1_54' title="bbox 1951 1777 3592 1849">
     <span class='ocr_line' id='line_1_55' title="bbox 1951 1777 3592 1849; baseline 0.002 -17"><span class='ocrx_word' id='word_1_360' title='bbox 1951 1781 2132 1832; x_wconf 84' lang='lat' dir='ltr'>tatem</span> <span class='ocrx_word' id='word_1_361' title='bbox 2163 1777 2234 1845; x_wconf 91' lang='lat' dir='ltr'>ei,</span> <span class='ocrx_word' id='word_1_362' title='bbox 2269 1777 2370 1849; x_wconf 85' lang='lat' dir='ltr'>qui</span> <span class='ocrx_word' id='word_1_363' title='bbox 2426 1784 2510 1833; x_wconf 88' lang='lat' dir='ltr'>est</span> <span class='ocrx_word' id='word_1_364' title='bbox 2567 1778 2724 1833; x_wconf 86' lang='lat' dir='ltr'>solus</span> <span class='ocrx_word' id='word_1_365' title='bbox 2765 1779 2937 1833; x_wconf 88' lang='lat' dir='ltr'>Deus.</span> <span class='ocrx_word' id='word_1_366' title='bbox 2981 1779 3090 1832; x_wconf 79' lang='lat' dir='ltr'>Sed</span> <span class='ocrx_word' id='word_1_367' title='bbox 3151 1779 3444 1849; x_wconf 83' lang='lat' dir='ltr'>Rapsaces</span> <span class='ocrx_word' id='word_1_368' title='bbox 3475 1781 3592 1836; x_wconf 86' lang='lat' dir='ltr'>dux</span> 
     </span>
    </p>
   </div>
   <div class='ocr_carea' id='block_1_55' title="bbox 1949 1865 3592 1937">
    <p class='ocr_par' dir='ltr' id='par_1_55' title="bbox 1949 1865 3592 1937">
     <span class='ocr_line' id='line_1_56' title="bbox 1949 1865 3592 1937; baseline 0.001 -15"><span class='ocrx_word' id='word_1_369' title='bbox 1949 1865 2236 1923; x_wconf 81' lang='lat' dir='ltr'>exercitus</span> <span class='ocrx_word' id='word_1_370' title='bbox 2295 1866 2691 1921; x_wconf 89' lang='lat' dir='ltr'>Sennacherib</span> <span class='ocrx_word' id='word_1_371' title='bbox 2751 1883 2865 1921; x_wconf 93' lang='lat' dir='ltr'>non</span> <span class='ocrx_word' id='word_1_372' title='bbox 2919 1882 3161 1937; x_wconf 88' lang='lat' dir='ltr'>parvum</span> <span class='ocrx_word' id='word_1_373' title='bbox 3211 1867 3318 1921; x_wconf 87' lang='lat' dir='ltr'>tibi</span> <span class='ocrx_word' id='word_1_374' title='bbox 3371 1869 3592 1924; x_wconf 79' lang='lat' dir='ltr'>dederit</span> 
     </span>
    </p>
   </div>
   <div class='ocr_carea' id='block_1_56' title="bbox 1949 1955 3590 2027">
    <p class='ocr_par' dir='ltr' id='par_1_56' title="bbox 1949 1955 3590 2027">
     <span class='ocr_line' id='line_1_57' title="bbox 1949 1955 3590 2027; baseline 0.001 -16"><span class='ocrx_word' id='word_1_375' title='bbox 1949 1955 2280 2027; x_wconf 86' lang='lat' dir='ltr'>exemplum</span> <span class='ocrx_word' id='word_1_376' title='bbox 2323 1973 2336 2010; x_wconf 90' lang='lat'><strong>:</strong></span> <span class='ocrx_word' id='word_1_377' title='bbox 2372 1955 2471 2026; x_wconf 90' lang='lat' dir='ltr'>qui</span> <span class='ocrx_word' id='word_1_378' title='bbox 2525 1971 2660 2011; x_wconf 90' lang='lat' dir='ltr'>cum</span> <span class='ocrx_word' id='word_1_379' title='bbox 2713 1955 2833 2026; x_wconf 90' lang='lat' dir='ltr'>ipse</span> <span class='ocrx_word' id='word_1_380' title='bbox 2892 1971 3126 2026; x_wconf 80' lang='lat' dir='ltr'>quoque</span> <span class='ocrx_word' id='word_1_381' title='bbox 3185 1957 3499 2026; x_wconf 87' lang='lat' dir='ltr'>aliquando</span> <span class='ocrx_word' id='word_1_382' title='bbox 3531 1957 3590 2012; x_wconf 92' lang='lat' dir='ltr'>in</span> 
     </span>
    </p>
   </div>
   <div class='ocr_carea' id='block_1_57' title="bbox 1951 2045 3593 2116">
    <p class='ocr_par' dir='ltr' id='par_1_57' title="bbox 1951 2045 3593 2116">
     <span class='ocr_line' id='line_1_58' title="bbox 1951 2045 3593 2116; baseline -0.001 -14"><span class='ocrx_word' id='word_1_383' title='bbox 1951 2045 2156 2113; x_wconf 88' lang='lat' dir='ltr'>Deum,</span> <span class='ocrx_word' id='word_1_384' title='bbox 2191 2061 2404 2116; x_wconf 89' lang='lat' dir='ltr'>magna</span> <span class='ocrx_word' id='word_1_385' title='bbox 2459 2045 2796 2116; x_wconf 83' lang='lat' dir='ltr'>loquentem</span> <span class='ocrx_word' id='word_1_386' title='bbox 2829 2050 2884 2100; x_wconf 91' lang='lat' dir='ltr'>et</span> <span class='ocrx_word' id='word_1_387' title='bbox 2934 2045 3254 2114; x_wconf 88' lang='lat' dir='ltr'>jactantem</span> <span class='ocrx_word' id='word_1_388' title='bbox 3303 2046 3593 2100; x_wconf 82' lang='lat' dir='ltr'>vibrasset</span> 
     </span>
    </p>
   </div>
   <div class='ocr_carea' id='block_1_58' title="bbox 1952 2133 3588 2205">
    <p class='ocr_par' dir='ltr' id='par_1_58' title="bbox 1952 2133 3588 2205">
     <span class='ocr_line' id='line_1_59' title="bbox 1952 2133 3588 2205; baseline 0.001 -17"><span class='ocrx_word' id='word_1_389' title='bbox 1952 2134 2238 2204; x_wconf 87' lang='lat' dir='ltr'>linguam,</span> <span class='ocrx_word' id='word_1_390' title='bbox 2270 2134 2424 2205; x_wconf 92' lang='lat' dir='ltr'>quod</span> <span class='ocrx_word' id='word_1_391' title='bbox 2456 2134 2760 2189; x_wconf 88' lang='lat' dir='ltr'>hominum</span> <span class='ocrx_word' id='word_1_392' title='bbox 2794 2133 2974 2189; x_wconf 87' lang='lat' dir='ltr'>millia</span> <span class='ocrx_word' id='word_1_393' title='bbox 3006 2133 3424 2205; x_wconf 88' lang='lat' dir='ltr'>perdiderit,et</span> <span class='ocrx_word' id='word_1_394' title='bbox 3455 2149 3588 2189; x_wconf 91' lang='lat' dir='ltr'>cum</span> 
     </span>
    </p>
   </div>
   <div class='ocr_carea' id='block_1_59' title="bbox 1953 2222 3590 2292">
    <p class='ocr_par' dir='ltr' id='par_1_59' title="bbox 1953 2222 3590 2292">
     <span class='ocr_line' id='line_1_60' title="bbox 1953 2222 3590 2292; baseline 0.001 -15"><span class='ocrx_word' id='word_1_395' title='bbox 1953 2226 2168 2292; x_wconf 87' lang='lat' dir='ltr'>quanto</span> <span class='ocrx_word' id='word_1_396' title='bbox 2199 2223 2478 2278; x_wconf 83' lang='lat' dir='ltr'>dedecore</span> <span class='ocrx_word' id='word_1_397' title='bbox 2499 2223 2824 2290; x_wconf 84' lang='lat' dir='ltr'>recesserit,</span> <span class='ocrx_word' id='word_1_398' title='bbox 2841 2222 3010 2292; x_wconf 87' lang='lat' dir='ltr'>pauci</span> <span class='ocrx_word' id='word_1_399' title='bbox 3033 2223 3281 2292; x_wconf 83' lang='lat' dir='ltr'>suntqui</span> <span class='ocrx_word' id='word_1_400' title='bbox 3305 2222 3590 2278; x_wconf 88' lang='lat' dir='ltr'>nesciant.</span> 
     </span>
    </p>
   </div>
   <div class='ocr_carea' id='block_1_60' title="bbox 1955 2310 3592 2380">
    <p class='ocr_par' dir='ltr' id='par_1_60' title="bbox 1955 2310 3592 2380">
     <span class='ocr_line' id='line_1_61' title="bbox 1955 2310 3592 2380; baseline 0.001 -15"><span class='ocrx_word' id='word_1_401' title='bbox 1955 2312 2116 2376; x_wconf 88' lang='lat' dir='ltr'>Quod</span> <span class='ocrx_word' id='word_1_402' title='bbox 2149 2315 2339 2365; x_wconf 89' lang='lat' dir='ltr'>autem</span> <span class='ocrx_word' id='word_1_403' title='bbox 2369 2327 2475 2365; x_wconf 88' lang='lat' dir='ltr'>nos</span> <span class='ocrx_word' id='word_1_404' title='bbox 2503 2325 2767 2379; x_wconf 89' lang='lat' dir='ltr'>accusas,</span> <span class='ocrx_word' id='word_1_405' title='bbox 2799 2312 2951 2380; x_wconf 91' lang='lat' dir='ltr'>quod</span> <span class='ocrx_word' id='word_1_406' title='bbox 3015 2310 3330 2366; x_wconf 89' lang='lat' dir='ltr'>multorum</span> <span class='ocrx_word' id='word_1_407' title='bbox 3381 2311 3592 2380; x_wconf 87' lang='lat' dir='ltr'>princi-</span> 
     </span>
    </p>
   </div>
   <div class='ocr_carea' id='block_1_61' title="bbox 1955 2398 3597 2470">
    <p class='ocr_par' dir='ltr' id='par_1_61' title="bbox 1955 2398 3597 2470">
     <span class='ocr_line' id='line_1_62' title="bbox 1955 2398 3597 2470; baseline 0 -16"><span class='ocrx_word' id='word_1_408' title='bbox 1955 2405 2180 2470; x_wconf 88' lang='lat' dir='ltr'>patum,</span> <span class='ocrx_word' id='word_1_409' title='bbox 2210 2404 2267 2453; x_wconf 90' lang='lat' dir='ltr'>et</span> <span class='ocrx_word' id='word_1_410' title='bbox 2297 2398 2514 2454; x_wconf 89' lang='lat' dir='ltr'>multos</span> <span class='ocrx_word' id='word_1_411' title='bbox 2545 2399 2683 2452; x_wconf 89' lang='lat' dir='ltr'>deos</span> <span class='ocrx_word' id='word_1_412' title='bbox 2715 2398 3082 2465; x_wconf 87' lang='lat' dir='ltr'>inducamus,</span> <span class='ocrx_word' id='word_1_413' title='bbox 3109 2415 3237 2465; x_wconf 87' lang='lat' dir='ltr'>nos,</span> <span class='ocrx_word' id='word_1_414' title='bbox 3273 2398 3372 2468; x_wconf 89' lang='lat' dir='ltr'>qui</span> <span class='ocrx_word' id='word_1_415' title='bbox 3400 2399 3597 2456; x_wconf 90' lang='lat' dir='ltr'>multis</span> 
     </span>
    </p>
   </div>
   <div class='ocr_carea' id='block_1_62' title="bbox 1955 2486 3597 2557">
    <p class='ocr_par' dir='ltr' id='par_1_62' title="bbox 1955 2486 3597 2557">
     <span class='ocr_line' id='line_1_63' title="bbox 1955 2486 3597 2557; baseline -0.001 -14"><span class='ocrx_word' id='word_1_416' title='bbox 1955 2488 2168 2544; x_wconf 89' lang='lat' dir='ltr'>abhinc</span> <span class='ocrx_word' id='word_1_417' title='bbox 2190 2486 2440 2552; x_wconf 61' lang='lat' dir='ltr'>saeculis,</span> <span class='ocrx_word' id='word_1_418' title='bbox 2465 2495 2742 2557; x_wconf 89' lang='lat' dir='ltr'>tanquam</span> <span class='ocrx_word' id='word_1_419' title='bbox 2773 2486 3189 2556; x_wconf 81' lang='lat' dir='ltr'>haereditatem,</span> <span class='ocrx_word' id='word_1_420' title='bbox 3214 2503 3247 2541; x_wconf 91' lang='lat' dir='ltr'>a</span> <span class='ocrx_word' id='word_1_421' title='bbox 3271 2488 3597 2555; x_wconf 85' lang='lat' dir='ltr'>majoribus</span> 
     </span>
    </p>
   </div>
   <div class='ocr_carea' id='block_1_63' title="bbox 1953 2575 3597 2646">
    <p class='ocr_par' dir='ltr' id='par_1_63' title="bbox 1953 2575 3597 2646">
     <span class='ocr_line' id='line_1_64' title="bbox 1953 2575 3597 2646; baseline -0.001 -13"><span class='ocrx_word' id='word_1_422' title='bbox 1953 2592 2148 2634; x_wconf 87' lang='lat' dir='ltr'>veram</span> <span class='ocrx_word' id='word_1_423' title='bbox 2197 2575 2528 2646; x_wconf 91' lang='lat' dir='ltr'>accepimus</span> <span class='ocrx_word' id='word_1_424' title='bbox 2577 2575 2941 2645; x_wconf 89' lang='lat' dir='ltr'>religionem,</span> <span class='ocrx_word' id='word_1_425' title='bbox 2999 2590 3104 2629; x_wconf 89' lang='lat' dir='ltr'>nec</span> <span class='ocrx_word' id='word_1_426' title='bbox 3163 2575 3505 2630; x_wconf 88' lang='lat' dir='ltr'>monarchia</span> <span class='ocrx_word' id='word_1_427' title='bbox 3538 2575 3597 2632; x_wconf 89' lang='lat' dir='ltr'>in</span> 
     </span>
    </p>
   </div>
   <div class='ocr_carea' id='block_1_64' title="bbox 1953 2660 3598 2733">
    <p class='ocr_par' dir='ltr' id='par_1_64' title="bbox 1953 2660 3598 2733">
     <span class='ocr_line' id='line_1_65' title="bbox 1953 2660 3598 2733; baseline -0.001 -15"><span class='ocrx_word' id='word_1_428' title='bbox 1953 2667 2114 2718; x_wconf 88' lang='lat' dir='ltr'>arctu</span> <span class='ocrx_word' id='word_1_429' title='bbox 2125 2679 2176 2716; x_wconf 83' lang='grc' dir='ltr'>ιιι</span> <span class='ocrx_word' id='word_1_430' title='bbox 2202 2661 2550 2716; x_wconf 90' lang='lat' dir='ltr'>adducimus</span> <span class='ocrx_word' id='word_1_431' title='bbox 2569 2660 2960 2729; x_wconf 87' lang='lat' dir='ltr'>divinitatem,</span> <span class='ocrx_word' id='word_1_432' title='bbox 2975 2677 3080 2716; x_wconf 89' lang='lat' dir='ltr'>nec</span> <span class='ocrx_word' id='word_1_433' title='bbox 3097 2662 3454 2716; x_wconf 79' lang='lat' dir='ltr'>abundantia</span> <span class='ocrx_word' id='word_1_434' title='bbox 3479 2677 3598 2733; x_wconf 89' lang='lat' dir='ltr'>per-</span> 
     </span>
    </p>
   </div>
   <div class='ocr_carea' id='block_1_65' title="bbox 1955 2745 3595 2818">
    <p class='ocr_par' dir='ltr' id='par_1_65' title="bbox 1955 2745 3595 2818">
     <span class='ocr_line' id='line_1_66' title="bbox 1955 2745 3595 2818; baseline -0.001 -14"><span class='ocrx_word' id='word_1_435' title='bbox 1955 2764 2232 2804; x_wconf 89' lang='lat' dir='ltr'>sonarum</span> <span class='ocrx_word' id='word_1_436' title='bbox 2262 2746 2596 2802; x_wconf 88' lang='lat' dir='ltr'>inducimus</span> <span class='ocrx_word' id='word_1_437' title='bbox 2647 2745 2965 2802; x_wconf 90' lang='lat' dir='ltr'>multorum</span> <span class='ocrx_word' id='word_1_438' title='bbox 3017 2747 3450 2818; x_wconf 86' lang='lat' dir='ltr'>principatum:</span> <span class='ocrx_word' id='word_1_439' title='bbox 3493 2747 3595 2802; x_wconf 91' lang='lat' dir='ltr'>sed</span> 
     </span>
    </p>
   </div>
   <div class='ocr_carea' id='block_1_66' title="bbox 1956 2835 3600 2906">
    <p class='ocr_par' dir='ltr' id='par_1_66' title="bbox 1956 2835 3600 2906">
     <span class='ocr_line' id='line_1_67' title="bbox 1956 2835 3600 2906; baseline -0.001 -14"><span class='ocrx_word' id='word_1_440' title='bbox 1956 2853 2132 2892; x_wconf 88' lang='lat' dir='ltr'>unam</span> <span class='ocrx_word' id='word_1_441' title='bbox 2181 2839 2449 2889; x_wconf 88' lang='lat' dir='ltr'>naturam</span> <span class='ocrx_word' id='word_1_442' title='bbox 2493 2835 2638 2889; x_wconf 91' lang='lat' dir='ltr'>citra</span> <span class='ocrx_word' id='word_1_443' title='bbox 2683 2835 3024 2889; x_wconf 86' lang='lat' dir='ltr'>divisionem</span> <span class='ocrx_word' id='word_1_444' title='bbox 3067 2835 3129 2890; x_wconf 88' lang='lat' dir='ltr'>i&#39;n</span> <span class='ocrx_word' id='word_1_445' title='bbox 3168 2839 3283 2889; x_wconf 85' lang='lat' dir='ltr'>tres</span> <span class='ocrx_word' id='word_1_446' title='bbox 3325 2851 3600 2906; x_wconf 87' lang='lat' dir='ltr'>personas</span> 
     </span>
    </p>
   </div>
   <div class='ocr_carea' id='block_1_67' title="bbox 1956 2921 3598 2993">
    <p class='ocr_par' dir='ltr' id='par_1_67' title="bbox 1956 2921 3598 2993">
     <span class='ocr_line' id='line_1_68' title="bbox 1956 2921 3598 2993; baseline 0 -15"><span class='ocrx_word' id='word_1_447' title='bbox 1956 2925 2300 2986; x_wconf 87' lang='lat' dir='ltr'>dividentes,</span> <span class='ocrx_word' id='word_1_448' title='bbox 2327 2927 2571 2987; x_wconf 77' lang='lat' dir='ltr'>Patrem,</span> <span class='ocrx_word' id='word_1_449' title='bbox 2594 2931 2646 2976; x_wconf 91' lang='lat' dir='ltr'>et</span> <span class='ocrx_word' id='word_1_450' title='bbox 2676 2922 2912 2988; x_wconf 83' lang='lat' dir='ltr'>Filium,</span> <span class='ocrx_word' id='word_1_451' title='bbox 2945 2931 2998 2976; x_wconf 91' lang='lat' dir='ltr'>et</span> <span class='ocrx_word' id='word_1_452' title='bbox 3021 2921 3294 2993; x_wconf 83' lang='lat' dir='ltr'>Spiritum</span> <span class='ocrx_word' id='word_1_453' title='bbox 3325 2928 3598 2979; x_wconf 86' lang='lat' dir='ltr'>sanctum</span> 
     </span>
    </p>
   </div>
   <div class='ocr_carea' id='block_1_68' title="bbox 1956 3009 3594 3080">
    <p class='ocr_par' dir='ltr' id='par_1_68' title="bbox 1956 3009 3594 3080">
     <span class='ocr_line' id='line_1_69' title="bbox 1956 3009 3594 3080; baseline 0 -14"><span class='ocrx_word' id='word_1_454' title='bbox 1956 3011 2302 3066; x_wconf 85' lang='lat' dir='ltr'>confitemur</span> <span class='ocrx_word' id='word_1_455' title='bbox 2335 3026 2348 3064; x_wconf 92' lang='lat'>:</span> <span class='ocrx_word' id='word_1_456' title='bbox 2385 3009 2590 3064; x_wconf 91' lang='lat' dir='ltr'>Filium</span> <span class='ocrx_word' id='word_1_457' title='bbox 2633 3025 2763 3066; x_wconf 80' lang='lat' dir='ltr'>vero</span> <span class='ocrx_word' id='word_1_458' title='bbox 2806 3011 3020 3080; x_wconf 88' lang='lat' dir='ltr'>ipsum,</span> <span class='ocrx_word' id='word_1_459' title='bbox 3059 3025 3227 3079; x_wconf 89' lang='lat' dir='ltr'>quem</span> <span class='ocrx_word' id='word_1_460' title='bbox 3259 3027 3362 3066; x_wconf 91' lang='lat' dir='ltr'>vos</span> <span class='ocrx_word' id='word_1_461' title='bbox 3393 3017 3594 3066; x_wconf 87' lang='lat' dir='ltr'>contu-</span> 
     </span>
    </p>
   </div>
   <div class='ocr_carea' id='block_1_69' title="bbox 1959 3098 3590 3166">
    <p class='ocr_par' dir='ltr' id='par_1_69' title="bbox 1959 3098 3590 3166">
     <span class='ocr_line' id='line_1_70' title="bbox 1959 3098 3590 3166; baseline 0.001 -11"><span class='ocrx_word' id='word_1_462' title='bbox 1959 3099 2150 3155; x_wconf 90' lang='lat' dir='ltr'>meliis</span> <span class='ocrx_word' id='word_1_463' title='bbox 2179 3098 2488 3166; x_wconf 84' lang='lat' dir='ltr'>incessitis,</span> <span class='ocrx_word' id='word_1_464' title='bbox 2530 3099 2826 3154; x_wconf 89' lang='lat' dir='ltr'>hominem</span> <span class='ocrx_word' id='word_1_465' title='bbox 2857 3115 2984 3154; x_wconf 90' lang='lat' dir='ltr'>esse</span> <span class='ocrx_word' id='word_1_466' title='bbox 3017 3099 3255 3165; x_wconf 81' lang='lat' dir='ltr'>factum,</span> <span class='ocrx_word' id='word_1_467' title='bbox 3299 3103 3364 3154; x_wconf 91' lang='lat' dir='ltr'>ut</span> <span class='ocrx_word' id='word_1_468' title='bbox 3394 3101 3590 3156; x_wconf 79' lang='lat' dir='ltr'>divina</span> 
     </span>
    </p>
   </div>
   <div class='ocr_carea' id='block_1_70' title="bbox 1957 3187 3594 3260">
    <p class='ocr_par' dir='ltr' id='par_1_70' title="bbox 1957 3187 3594 3260">
     <span class='ocr_line' id='line_1_71' title="bbox 1957 3187 3594 3260; baseline 0.001 -18"><span class='ocrx_word' id='word_1_469' title='bbox 1957 3187 2342 3260; x_wconf 64' lang='lat' dir='ltr'>praedixerunt</span> <span class='ocrx_word' id='word_1_470' title='bbox 2371 3202 2669 3256; x_wconf 89' lang='lat' dir='ltr'>responsa,</span> <span class='ocrx_word' id='word_1_471' title='bbox 2695 3193 2752 3242; x_wconf 92' lang='lat' dir='ltr'>et</span> <span class='ocrx_word' id='word_1_472' title='bbox 2769 3203 2802 3241; x_wconf 90' lang='lat' dir='ltr'>a</span> <span class='ocrx_word' id='word_1_473' title='bbox 2821 3189 3026 3243; x_wconf 83' lang='lat' dir='ltr'>vestris</span> <span class='ocrx_word' id='word_1_474' title='bbox 3045 3187 3366 3257; x_wconf 83' lang='lat' dir='ltr'>majoribus</span> <span class='ocrx_word' id='word_1_475' title='bbox 3397 3192 3594 3244; x_wconf 91' lang='lat' dir='ltr'>actum</span> 
     </span>
    </p>
   </div>
   <div class='ocr_carea' id='block_1_71' title="bbox 1957 3275 3590 3346">
    <p class='ocr_par' dir='ltr' id='par_1_71' title="bbox 1957 3275 3590 3346">
     <span class='ocr_line' id='line_1_72' title="bbox 1957 3275 3590 3346; baseline 0.001 -14"><span class='ocrx_word' id='word_1_476' title='bbox 1957 3277 2131 3334; x_wconf 78' lang='lat' dir='ltr'>fuisse</span> <span class='ocrx_word' id='word_1_477' title='bbox 2161 3278 2222 3332; x_wconf 90' lang='lat' dir='ltr'>in</span> <span class='ocrx_word' id='word_1_478' title='bbox 2253 3291 2483 3330; x_wconf 87' lang='lat' dir='ltr'>crucem</span> <span class='ocrx_word' id='word_1_479' title='bbox 2513 3279 2746 3346; x_wconf 82' lang='lat' dir='ltr'>prapter</span> <span class='ocrx_word' id='word_1_480' title='bbox 2767 3275 3008 3330; x_wconf 88' lang='lat' dir='ltr'>salutem</span> <span class='ocrx_word' id='word_1_481' title='bbox 3043 3275 3331 3343; x_wconf 87' lang='lat' dir='ltr'>omnium,</span> <span class='ocrx_word' id='word_1_482' title='bbox 3353 3293 3482 3331; x_wconf 88' lang='lat' dir='ltr'>cum</span> <span class='ocrx_word' id='word_1_483' title='bbox 3505 3278 3590 3334; x_wconf 90' lang='lat' dir='ltr'>illi</span> 
     </span>
    </p>
   </div>
   <div class='ocr_carea' id='block_1_72' title="bbox 1959 3365 3589 3440">
    <p class='ocr_par' dir='ltr' id='par_1_72' title="bbox 1959 3365 3589 3440">
     <span class='ocr_line' id='line_1_73' title="bbox 1959 3365 3589 3440; baseline -0.002 -14"><span class='ocrx_word' id='word_1_484' title='bbox 1959 3369 2105 3426; x_wconf 83' lang='lat' dir='ltr'>male</span> <span class='ocrx_word' id='word_1_485' title='bbox 2127 3368 2497 3440; x_wconf 85' lang='lat' dir='ltr'>ignorassent</span> <span class='ocrx_word' id='word_1_486' title='bbox 2518 3365 2974 3436; x_wconf 84' lang='lat' dir='ltr'>dispensationis</span> <span class='ocrx_word' id='word_1_487' title='bbox 2995 3367 3202 3420; x_wconf 84' lang='lat' dir='ltr'>divinae</span> <span class='ocrx_word' id='word_1_488' title='bbox 3225 3367 3589 3438; x_wconf 83' lang='lat' dir='ltr'>mysterium,</span> 
     </span>
    </p>
   </div>
   <div class='ocr_carea' id='block_1_73' title="bbox 209 3454 3591 3532">
    <p class='ocr_par' dir='ltr' id='par_1_73' title="bbox 209 3454 3591 3532">
     <span class='ocr_line' id='line_1_74' title="bbox 209 3454 3591 3532; baseline -0.002 -14"><span class='ocrx_word' id='word_1_489' title='bbox 209 3469 265 3518; x_wconf 86' lang='lat' dir='ltr'>et</span> <span class='ocrx_word' id='word_1_490' title='bbox 313 3464 480 3519; x_wconf 86' lang='lat' dir='ltr'>tertio</span> <span class='ocrx_word' id='word_1_491' title='bbox 538 3465 631 3519; x_wconf 91' lang='lat' dir='ltr'>die</span> <span class='ocrx_word' id='word_1_492' title='bbox 673 3465 1060 3524; x_wconf 80' lang='lat' dir='ltr'>resurrexisse</span> <span class='ocrx_word' id='word_1_493' title='bbox 1105 3482 1140 3520; x_wconf 76' lang='grc' dir='ltr'>θ,</span> <span class='ocrx_word' id='word_1_494' title='bbox 1191 3464 1458 3532; x_wconf 89' lang='lat' dir='ltr'>mortuis,</span> <span class='ocrx_word' id='word_1_495' title='bbox 1482 3469 1539 3520; x_wconf 91' lang='lat' dir='ltr'>et</span> <span class='ocrx_word' id='word_1_496' title='bbox 1587 3479 1784 3519; x_wconf 88' lang='lat' dir='ltr'>rursus</span> <span class='ocrx_word' id='word_1_497' title='bbox 1823 3464 1892 3519; x_wconf 87' lang='lat' dir='ltr'>ad</span> <span class='ocrx_word' id='word_1_498' title='bbox 1927 3463 2136 3517; x_wconf 84' lang='lat' dir='ltr'>coelum</span> <span class='ocrx_word' id='word_1_499' title='bbox 2167 3455 2518 3523; x_wconf 86' lang='lat' dir='ltr'>ascendisse,</span> <span class='ocrx_word' id='word_1_500' title='bbox 2551 3459 2606 3510; x_wconf 89' lang='lat' dir='ltr'>et</span> <span class='ocrx_word' id='word_1_501' title='bbox 2634 3455 2694 3510; x_wconf 90' lang='lat' dir='ltr'>in</span> <span class='ocrx_word' id='word_1_502' title='bbox 2743 3454 2927 3511; x_wconf 88' lang='lat' dir='ltr'>altum</span> <span class='ocrx_word' id='word_1_503' title='bbox 2979 3454 3268 3511; x_wconf 87' lang='lat' dir='ltr'>sublatum</span> <span class='ocrx_word' id='word_1_504' title='bbox 3308 3456 3488 3511; x_wconf 80' lang='lat' dir='ltr'>fuisse</span> <span class='ocrx_word' id='word_1_505' title='bbox 3517 3458 3591 3512; x_wconf 89' lang='lat' dir='ltr'>ad</span> 
     </span>
    </p>
   </div>
   <div class='ocr_carea' id='block_1_74' title="bbox 207 3556 1616 3626">
    <p class='ocr_par' dir='ltr' id='par_1_74' title="bbox 207 3556 1616 3626">
     <span class='ocr_line' id='line_1_75' title="bbox 207 3556 1616 3626; baseline 0 -15"><span class='ocrx_word' id='word_1_506' title='bbox 207 3572 380 3611; x_wconf 90' lang='lat' dir='ltr'>suum</span> <span class='ocrx_word' id='word_1_507' title='bbox 416 3557 665 3622; x_wconf 83' lang='lat' dir='ltr'>Patrem,</span> <span class='ocrx_word' id='word_1_508' title='bbox 699 3563 750 3610; x_wconf 86' lang='lat' dir='ltr'>et</span> <span class='ocrx_word' id='word_1_509' title='bbox 782 3556 1091 3622; x_wconf 90' lang='lat' dir='ltr'>credimus,</span> <span class='ocrx_word' id='word_1_510' title='bbox 1124 3559 1180 3608; x_wconf 90' lang='lat' dir='ltr'>et</span> <span class='ocrx_word' id='word_1_511' title='bbox 1210 3556 1616 3626; x_wconf 74' lang='lat' dir='ltr'>praedicamus.</span> 
     </span>
    </p>
   </div>
   <div class='ocr_carea' id='block_1_75' title="bbox 280 3641 1846 3717">
    <p class='ocr_par' dir='ltr' id='par_1_75' title="bbox 280 3641 1846 3717">
     <span class='ocr_line' id='line_1_76' title="bbox 280 3641 1846 3717; baseline -0.001 -19"><span class='ocrx_word' id='word_1_512' title='bbox 280 3645 354 3700; x_wconf 76' lang='lat' dir='ltr'>E&#39;.</span> <span class='ocrx_word' id='word_1_513' title='bbox 388 3645 478 3713; x_wconf 80' lang='grc' dir='ltr'>Μή</span> <span class='ocrx_word' id='word_1_514' title='bbox 529 3643 874 3717; x_wconf 85' lang='grc' dir='ltr'>ἀνασχομένη</span> <span class='ocrx_word' id='word_1_515' title='bbox 923 3642 1100 3697; x_wconf 83' lang='grc' dir='ltr'>τοίνυν</span> <span class='ocrx_word' id='word_1_516' title='bbox 1149 3641 1224 3697; x_wconf 81' lang='grc' dir='ltr'>ἔτι</span> <span class='ocrx_word' id='word_1_517' title='bbox 1273 3647 1381 3698; x_wconf 83' lang='grc' dir='ltr'>τῶν</span> <span class='ocrx_word' id='word_1_518' title='bbox 1432 3643 1590 3716; x_wconf 80' lang='grc' dir='ltr'>ἱερῶν</span> <span class='ocrx_word' id='word_1_519' title='bbox 1641 3643 1846 3696; x_wconf 78' lang='grc' dir='ltr'>τούτων</span> 
     </span>
    </p>
   </div>
   <div class='ocr_carea' id='block_1_76' title="bbox 208 3727 1856 3807">
    <p class='ocr_par' dir='ltr' id='par_1_76' title="bbox 208 3727 1856 3807">
     <span class='ocr_line' id='line_1_77' title="bbox 208 3727 1856 3807; baseline 0 -23"><span class='ocrx_word' id='word_1_520' title='bbox 208 3733 420 3786; x_wconf 72' lang='grc' dir='ltr'>ἀκούειν</span> <span class='ocrx_word' id='word_1_521' title='bbox 454 3730 637 3805; x_wconf 83' lang='grc' dir='ltr'>λόγων</span> <span class='ocrx_word' id='word_1_522' title='bbox 687 3734 721 3800; x_wconf 75' lang='grc' dir='ltr'><strong>ἡ</strong></span> <span class='ocrx_word' id='word_1_523' title='bbox 777 3727 1016 3806; x_wconf 84' lang='grc' dir='ltr'>βέϐηλος</span> <span class='ocrx_word' id='word_1_524' title='bbox 1070 3733 1227 3800; x_wconf 81' lang='grc' dir='ltr'>ἀκοὴ,</span> <span class='ocrx_word' id='word_1_525' title='bbox 1292 3727 1454 3807; x_wconf 76' lang='grc' dir='ltr'>ἔργου</span> <span class='ocrx_word' id='word_1_526' title='bbox 1505 3729 1705 3804; x_wconf 70' lang='grc' dir='ltr'>ε’ῖχετο.</span> <span class='ocrx_word' id='word_1_527' title='bbox 1757 3729 1856 3785; x_wconf 86' lang='grc' dir='ltr'>Καὶ</span> 
     </span>
    </p>
   </div>
   <div class='ocr_carea' id='block_1_77' title="bbox 212 3819 1854 3895">
    <p class='ocr_par' dir='ltr' id='par_1_77' title="bbox 212 3819 1854 3895">
     <span class='ocr_line' id='line_1_78' title="bbox 212 3819 1854 3895; baseline 0 -21"><span class='ocrx_word' id='word_1_528' title='bbox 212 3819 279 3888; x_wconf 79' lang='grc' dir='ltr'>δὴ</span> <span class='ocrx_word' id='word_1_529' title='bbox 338 3820 472 3893; x_wconf 85' lang='grc' dir='ltr'>πρὸς</span> <span class='ocrx_word' id='word_1_530' title='bbox 533 3819 862 3893; x_wconf 87' lang='grc' dir='ltr'>πολιορκίαν</span> <span class='ocrx_word' id='word_1_531' title='bbox 913 3821 1278 3895; x_wconf 86' lang='grc' dir='ltr'>τραπόμενος,</span> <span class='ocrx_word' id='word_1_532' title='bbox 1361 3825 1532 3874; x_wconf 85' lang='grc' dir='ltr'>πᾶσαν</span> <span class='ocrx_word' id='word_1_533' title='bbox 1601 3819 1854 3875; x_wconf 74' lang='grc' dir='ltr'>ἑλέπολιν</span> 
     </span>
    </p>
   </div>
   <div class='ocr_carea' id='block_1_78' title="bbox 215 3906 1859 3988">
    <p class='ocr_par' dir='ltr' id='par_1_78' title="bbox 215 3906 1859 3988">
     <span class='ocr_line' id='line_1_79' title="bbox 215 3906 1859 3988; baseline -0.001 -23"><span class='ocrx_word' id='word_1_534' title='bbox 215 3909 377 3965; x_wconf 79' lang='grc' dir='ltr'>ἐκίνει</span> <span class='ocrx_word' id='word_1_535' title='bbox 433 3911 569 3963; x_wconf 80' lang='grc' dir='ltr'>κατὰ</span> <span class='ocrx_word' id='word_1_536' title='bbox 633 3913 732 3978; x_wconf 74' lang='grc' dir='ltr'>τῆς</span> <span class='ocrx_word' id='word_1_537' title='bbox 789 3908 1029 3980; x_wconf 86' lang='grc' dir='ltr'>πόλεως,</span> <span class='ocrx_word' id='word_1_538' title='bbox 1088 3908 1346 3988; x_wconf 75' lang='grc' dir='ltr'>ἀσφαλῶς</span> <span class='ocrx_word' id='word_1_539' title='bbox 1429 3911 1524 3971; x_wconf 73' lang='grc' dir='ltr'>τὰς</span> <span class='ocrx_word' id='word_1_540' title='bbox 1586 3906 1859 3980; x_wconf 83' lang='grc' dir='ltr'>διεξόδους</span> 
     </span>
    </p>
   </div>
   <div class='ocr_carea' id='block_1_79' title="bbox 215 3995 1860 4072">
    <p class='ocr_par' dir='ltr' id='par_1_79' title="bbox 215 3995 1860 4072">
     <span class='ocr_line' id='line_1_80' title="bbox 215 3995 1860 4072; baseline -0.001 -20"><span class='ocrx_word' id='word_1_541' title='bbox 215 3997 489 4072; x_wconf 78' lang='grc' dir='ltr'>φρουρῶν,</span> <span class='ocrx_word' id='word_1_542' title='bbox 521 3997 609 4051; x_wconf 82' lang='grc' dir='ltr'>καὶ</span> <span class='ocrx_word' id='word_1_543' title='bbox 660 3999 914 4070; x_wconf 77' lang='grc' dir='ltr'>οίόμενος</span> <span class='ocrx_word' id='word_1_544' title='bbox 963 4000 1088 4058; x_wconf 86' lang='grc' dir='ltr'>τοὺς</span> <span class='ocrx_word' id='word_1_545' title='bbox 1129 3995 1274 4054; x_wconf 79' lang='grc' dir='ltr'>ἔνδον</span> <span class='ocrx_word' id='word_1_546' title='bbox 1317 3995 1658 4072; x_wconf 84' lang='grc' dir='ltr'>πολυημέρῳ</span> <span class='ocrx_word' id='word_1_547' title='bbox 1707 3997 1860 4071; x_wconf 76' lang='grc' dir='ltr'>λιμῷ</span> 
     </span>
    </p>
   </div>
   <div class='ocr_carea' id='block_1_80' title="bbox 213 4085 1856 4162">
    <p class='ocr_par' dir='ltr' id='par_1_80' title="bbox 213 4085 1856 4162">
     <span class='ocr_line' id='line_1_81' title="bbox 213 4085 1856 4162; baseline -0.001 -21"><span class='ocrx_word' id='word_1_548' title='bbox 213 4086 678 4161; x_wconf 69' lang='grc' dir='ltr'>παραστήσασθαισ</span> <span class='ocrx_word' id='word_1_549' title='bbox 720 4085 858 4149; x_wconf 80' lang='grc' dir='ltr'>Τοός</span> <span class='ocrx_word' id='word_1_550' title='bbox 905 4107 964 4142; x_wconf 89' lang='grc' dir='ltr'>τε</span> <span class='ocrx_word' id='word_1_551' title='bbox 1011 4085 1061 4140; x_wconf 85' lang='grc' dir='ltr'>έν</span> <span class='ocrx_word' id='word_1_552' title='bbox 1117 4086 1304 4162; x_wconf 86' lang='grc' dir='ltr'>ἀγροῖς</span> <span class='ocrx_word' id='word_1_553' title='bbox 1360 4087 1450 4141; x_wconf 80' lang='grc' dir='ltr'>καὶ</span> <span class='ocrx_word' id='word_1_554' title='bbox 1515 4086 1856 4160; x_wconf 83' lang='grc' dir='ltr'>προαστείοις</span> 
     </span>
    </p>
   </div>
   <div class='ocr_carea' id='block_1_81' title="bbox 215 4173 1856 4252">
    <p class='ocr_par' dir='ltr' id='par_1_81' title="bbox 215 4173 1856 4252">
     <span class='ocr_line' id='line_1_82' title="bbox 215 4173 1856 4252; baseline -0.002 -21"><span class='ocrx_word' id='word_1_555' title='bbox 215 4173 572 4250; x_wconf 80' lang='grc' dir='ltr'>Χριστιανοὺς</span> <span class='ocrx_word' id='word_1_556' title='bbox 631 4176 834 4238; x_wconf 82' lang='grc' dir='ltr'>πάντας</span> <span class='ocrx_word' id='word_1_557' title='bbox 903 4176 1219 4252; x_wconf 88' lang='grc' dir='ltr'>συναγαγὼν</span> <span class='ocrx_word' id='word_1_558' title='bbox 1305 4179 1394 4237; x_wconf 79' lang='grc' dir='ltr'>οῦς</span> <span class='ocrx_word' id='word_1_559' title='bbox 1467 4176 1558 4246; x_wconf 75' lang='grc' dir='ltr'>μὲν</span> <span class='ocrx_word' id='word_1_560' title='bbox 1625 4173 1856 4240; x_wconf 72' lang='grc' dir='ltr'>ἀνεῖλεν,</span> 
     </span>
    </p>
   </div>
   <div class='ocr_carea' id='block_1_82' title="bbox 218 4259 1859 4340">
    <p class='ocr_par' dir='ltr' id='par_1_82' title="bbox 218 4259 1859 4340">
     <span class='ocr_line' id='line_1_83' title="bbox 218 4259 1859 4340; baseline -0.001 -22"><span class='ocrx_word' id='word_1_561' title='bbox 218 4263 310 4324; x_wconf 70' lang='grc' dir='ltr'>οὓς</span> <span class='ocrx_word' id='word_1_562' title='bbox 355 4261 412 4318; x_wconf 72' lang='grc' dir='ltr'>δὲ</span> <span class='ocrx_word' id='word_1_563' title='bbox 459 4271 574 4326; x_wconf 86' lang='grc' dir='ltr'>τοῖς</span> <span class='ocrx_word' id='word_1_564' title='bbox 625 4265 711 4320; x_wconf 82' lang='grc' dir='ltr'>ὑπ’</span> <span class='ocrx_word' id='word_1_565' title='bbox 757 4267 919 4320; x_wconf 83' lang='grc' dir='ltr'>αὐτὸν</span> <span class='ocrx_word' id='word_1_566' title='bbox 974 4266 1109 4340; x_wconf 87' lang='grc' dir='ltr'>πρὸς</span> <span class='ocrx_word' id='word_1_567' title='bbox 1171 4262 1416 4318; x_wconf 88' lang='grc' dir='ltr'>δουλείαν</span> <span class='ocrx_word' id='word_1_568' title='bbox 1477 4259 1729 4319; x_wconf 74' lang='grc' dir='ltr'>ἀπέδοτο.</span> <span class='ocrx_word' id='word_1_569' title='bbox 1771 4263 1859 4323; x_wconf 82' lang='grc' dir='ltr'>Ὠς</span> 
     </span>
    </p>
   </div>
   <div class='ocr_carea' id='block_1_83' title="bbox 219 4347 1864 4427">
    <p class='ocr_par' dir='ltr' id='par_1_83' title="bbox 219 4347 1864 4427">
     <span class='ocr_line' id='line_1_84' title="bbox 219 4347 1864 4427; baseline -0.004 -19"><span class='ocrx_word' id='word_1_570' title='bbox 219 4353 276 4408; x_wconf 76' lang='grc' dir='ltr'>δὲ</span> <span class='ocrx_word' id='word_1_571' title='bbox 308 4352 448 4425; x_wconf 82' lang='grc' dir='ltr'>πρὸς</span> <span class='ocrx_word' id='word_1_572' title='bbox 493 4353 666 4409; x_wconf 67' lang='grc' dir='ltr'>πάντα</span> <span class='ocrx_word' id='word_1_573' title='bbox 716 4352 978 4427; x_wconf 88' lang='grc' dir='ltr'>γενναίως</span> <span class='ocrx_word' id='word_1_574' title='bbox 1028 4353 1079 4406; x_wconf 78' lang='grc' dir='ltr'>οἱ</span> <span class='ocrx_word' id='word_1_575' title='bbox 1138 4347 1373 4412; x_wconf 82' lang='grc' dir='ltr'>εὐσεϐεῖς</span> <span class='ocrx_word' id='word_1_576' title='bbox 1431 4349 1654 4405; x_wconf 87' lang='grc' dir='ltr'>πολῖται</span> <span class='ocrx_word' id='word_1_577' title='bbox 1711 4349 1864 4421; x_wconf 76' lang='grc' dir='ltr'>ἠμύ-</span> 
     </span>
    </p>
   </div>
   <div class='ocr_carea' id='block_1_84' title="bbox 220 4434 1862 4516">
    <p class='ocr_par' dir='ltr' id='par_1_84' title="bbox 220 4434 1862 4516">
     <span class='ocr_line' id='line_1_85' title="bbox 220 4434 1862 4516; baseline -0.004 -18"><span class='ocrx_word' id='word_1_578' title='bbox 220 4464 402 4512; x_wconf 88' lang='grc' dir='ltr'>νοντο,</span> <span class='ocrx_word' id='word_1_579' title='bbox 461 4442 550 4498; x_wconf 69' lang='grc' dir='ltr'>ὅτε</span> <span class='ocrx_word' id='word_1_580' title='bbox 603 4442 809 4516; x_wconf 81' lang='grc' dir='ltr'>χρόνος</span> <span class='ocrx_word' id='word_1_581' title='bbox 865 4438 1186 4513; x_wconf 87' lang='grc' dir='ltr'>τριϐόμενος</span> <span class='ocrx_word' id='word_1_582' title='bbox 1243 4434 1520 4511; x_wconf 72' lang='grc' dir='ltr'>ἤμϐλυνεν</span> <span class='ocrx_word' id='word_1_583' title='bbox 1566 4437 1712 4510; x_wconf 77' lang='grc' dir='ltr'>αὐτῷ</span> <span class='ocrx_word' id='word_1_584' title='bbox 1765 4438 1862 4498; x_wconf 84' lang='grc' dir='ltr'>τὰς</span> 
     </span>
    </p>
   </div>
   <div class='ocr_carea' id='block_1_85' title="bbox 2027 3636 3597 3698">
    <p class='ocr_par' dir='ltr' id='par_1_85' title="bbox 2027 3636 3597 3698">
     <span class='ocr_line' id='line_1_86' title="bbox 2027 3636 3597 3698; baseline -0.004 -1"><span class='ocrx_word' id='word_1_585' title='bbox 2027 3640 2091 3698; x_wconf 80' lang='grc' dir='ltr'>ν.</span> <span class='ocrx_word' id='word_1_586' title='bbox 2123 3639 2248 3694; x_wconf 90' lang='lat' dir='ltr'>Non</span> <span class='ocrx_word' id='word_1_587' title='bbox 2280 3637 2634 3693; x_wconf 88' lang='lat' dir='ltr'>sustinentes</span> <span class='ocrx_word' id='word_1_588' title='bbox 2666 3639 2859 3693; x_wconf 89' lang='lat' dir='ltr'>autem</span> <span class='ocrx_word' id='word_1_589' title='bbox 2879 3636 2984 3693; x_wconf 92' lang='lat' dir='ltr'>hos</span> <span class='ocrx_word' id='word_1_590' title='bbox 3018 3651 3214 3694; x_wconf 81' lang='lat' dir='ltr'>sacros</span> <span class='ocrx_word' id='word_1_591' title='bbox 3246 3637 3448 3691; x_wconf 83' lang='lat' dir='ltr'>audire</span> <span class='ocrx_word' id='word_1_592' title='bbox 3479 3653 3597 3691; x_wconf 88' lang='lat' dir='ltr'>ser-</span> 
     </span>
    </p>
   </div>
   <div class='ocr_carea' id='block_1_86' title="bbox 1960 3723 3596 3796">
    <p class='ocr_par' dir='ltr' id='par_1_86' title="bbox 1960 3723 3596 3796">
     <span class='ocr_line' id='line_1_87' title="bbox 1960 3723 3596 3796; baseline -0.004 -12"><span class='ocrx_word' id='word_1_593' title='bbox 1960 3743 2162 3784; x_wconf 89' lang='lat' dir='ltr'>mones</span> <span class='ocrx_word' id='word_1_594' title='bbox 2188 3743 2358 3782; x_wconf 89' lang='lat' dir='ltr'>aures</span> <span class='ocrx_word' id='word_1_595' title='bbox 2387 3725 2658 3796; x_wconf 71' lang='lat' dir='ltr'>profanze,</span> <span class='ocrx_word' id='word_1_596' title='bbox 2701 3726 2772 3779; x_wconf 86' lang='lat' dir='ltr'>ad</span> <span class='ocrx_word' id='word_1_597' title='bbox 2807 3725 2958 3781; x_wconf 80' lang='lat' dir='ltr'>facta</span> <span class='ocrx_word' id='word_1_598' title='bbox 2987 3742 3048 3780; x_wconf 90' lang='lat' dir='ltr'>se</span> <span class='ocrx_word' id='word_1_599' title='bbox 3071 3725 3463 3781; x_wconf 88' lang='lat' dir='ltr'>contulerunt.</span> <span class='ocrx_word' id='word_1_600' title='bbox 3487 3723 3596 3778; x_wconf 85' lang='lat' dir='ltr'>lta-</span> 
     </span>
    </p>
   </div>
   <div class='ocr_carea' id='block_1_87' title="bbox 1961 3813 3600 3889">
    <p class='ocr_par' dir='ltr' id='par_1_87' title="bbox 1961 3813 3600 3889">
     <span class='ocr_line' id='line_1_88' title="bbox 1961 3813 3600 3889; baseline -0.003 -17"><span class='ocrx_word' id='word_1_601' title='bbox 1961 3833 2073 3889; x_wconf 91' lang='lat' dir='ltr'>que</span> <span class='ocrx_word' id='word_1_602' title='bbox 2103 3817 2174 3871; x_wconf 88' lang='lat' dir='ltr'>ad</span> <span class='ocrx_word' id='word_1_603' title='bbox 2197 3815 2582 3871; x_wconf 89' lang='lat' dir='ltr'>obsidendum</span> <span class='ocrx_word' id='word_1_604' title='bbox 2611 3831 2709 3869; x_wconf 87' lang='lat' dir='ltr'>rex</span> <span class='ocrx_word' id='word_1_605' title='bbox 2729 3829 3042 3870; x_wconf 87' lang='lat' dir='ltr'>conversus</span> <span class='ocrx_word' id='word_1_606' title='bbox 3065 3814 3377 3881; x_wconf 85' lang='lat' dir='ltr'>civitatem,</span> <span class='ocrx_word' id='word_1_607' title='bbox 3403 3813 3600 3868; x_wconf 87' lang='lat' dir='ltr'>adver-</span> 
     </span>
    </p>
   </div>
   <div class='ocr_carea' id='block_1_88' title="bbox 1960 3902 3598 3968">
    <p class='ocr_par' dir='ltr' id='par_1_88' title="bbox 1960 3902 3598 3968">
     <span class='ocr_line' id='line_1_89' title="bbox 1960 3902 3598 3968; baseline -0.004 -6"><span class='ocrx_word' id='word_1_608' title='bbox 1960 3923 2060 3962; x_wconf 87' lang='lat' dir='ltr'>sus</span> <span class='ocrx_word' id='word_1_609' title='bbox 2099 3921 2225 3960; x_wconf 89' lang='lat' dir='ltr'>eam</span> <span class='ocrx_word' id='word_1_610' title='bbox 2267 3904 2538 3961; x_wconf 89' lang='lat' dir='ltr'>movebat</span> <span class='ocrx_word' id='word_1_611' title='bbox 2575 3919 2777 3959; x_wconf 88' lang='lat' dir='ltr'>omnes</span> <span class='ocrx_word' id='word_1_612' title='bbox 2818 3903 3143 3968; x_wconf 86' lang='lat' dir='ltr'>machinas,</span> <span class='ocrx_word' id='word_1_613' title='bbox 3175 3919 3378 3957; x_wconf 89' lang='lat' dir='ltr'>omnes</span> <span class='ocrx_word' id='word_1_614' title='bbox 3407 3902 3598 3957; x_wconf 87' lang='lat' dir='ltr'>exitus</span> 
     </span>
    </p>
   </div>
   <div class='ocr_carea' id='block_1_89' title="bbox 1961 3995 3604 4068">
    <p class='ocr_par' dir='ltr' id='par_1_89' title="bbox 1961 3995 3604 4068">
     <span class='ocr_line' id='line_1_90' title="bbox 1961 3995 3604 4068; baseline -0.003 -16"><span class='ocrx_word' id='word_1_615' title='bbox 1961 3997 2267 4068; x_wconf 78' lang='lat' dir='ltr'>diligenter</span> <span class='ocrx_word' id='word_1_616' title='bbox 2305 3995 2632 4052; x_wconf 88' lang='lat' dir='ltr'>custodiens</span> <span class='ocrx_word' id='word_1_617' title='bbox 2661 3999 2718 4049; x_wconf 93' lang='lat' dir='ltr'>et</span> <span class='ocrx_word' id='word_1_618' title='bbox 2764 3995 3059 4061; x_wconf 90' lang='lat' dir='ltr'>muniens,</span> <span class='ocrx_word' id='word_1_619' title='bbox 3083 3998 3140 4048; x_wconf 91' lang='lat' dir='ltr'>et</span> <span class='ocrx_word' id='word_1_620' title='bbox 3164 3998 3375 4063; x_wconf 87' lang='lat' dir='ltr'>putans</span> <span class='ocrx_word' id='word_1_621' title='bbox 3397 3995 3516 4048; x_wconf 83' lang='lat' dir='ltr'>fore</span> <span class='ocrx_word' id='word_1_622' title='bbox 3539 3995 3604 4047; x_wconf 93' lang='lat' dir='ltr'>ut</span> 
     </span>
    </p>
   </div>
   <div class='ocr_carea' id='block_1_90' title="bbox 1963 4082 3602 4152">
    <p class='ocr_par' dir='ltr' id='par_1_90' title="bbox 1963 4082 3602 4152">
     <span class='ocr_line' id='line_1_91' title="bbox 1963 4082 3602 4152; baseline -0.002 -12"><span class='ocrx_word' id='word_1_623' title='bbox 1963 4086 2280 4142; x_wconf 88' lang='lat' dir='ltr'>multorum</span> <span class='ocrx_word' id='word_1_624' title='bbox 2323 4086 2542 4140; x_wconf 90' lang='lat' dir='ltr'>dierum</span> <span class='ocrx_word' id='word_1_625' title='bbox 2573 4083 2724 4138; x_wconf 85' lang='lat' dir='ltr'>fame</span> <span class='ocrx_word' id='word_1_626' title='bbox 2754 4099 2851 4139; x_wconf 80' lang='lat' dir='ltr'>eos</span> <span class='ocrx_word' id='word_1_627' title='bbox 2881 4083 2942 4138; x_wconf 89' lang='lat' dir='ltr'>in</span> <span class='ocrx_word' id='word_1_628' title='bbox 2974 4099 3136 4138; x_wconf 89' lang='lat' dir='ltr'>suam</span> <span class='ocrx_word' id='word_1_629' title='bbox 3179 4082 3468 4152; x_wconf 88' lang='lat' dir='ltr'>redigeret</span> <span class='ocrx_word' id='word_1_630' title='bbox 3496 4097 3602 4152; x_wconf 84' lang='lat' dir='ltr'>po-</span> 
     </span>
    </p>
   </div>
   <div class='ocr_carea' id='block_1_91' title="bbox 1961 4167 3604 4240">
    <p class='ocr_par' dir='ltr' id='par_1_91' title="bbox 1961 4167 3604 4240">
     <span class='ocr_line' id='line_1_92' title="bbox 1961 4167 3604 4240; baseline -0.004 -12"><span class='ocrx_word' id='word_1_631' title='bbox 1961 4178 2251 4228; x_wconf 88' lang='lat' dir='ltr'>testatem.</span> <span class='ocrx_word' id='word_1_632' title='bbox 2285 4172 2352 4225; x_wconf 91' lang='lat' dir='ltr'>Et</span> <span class='ocrx_word' id='word_1_633' title='bbox 2374 4189 2507 4225; x_wconf 91' lang='lat' dir='ltr'>cum</span> <span class='ocrx_word' id='word_1_634' title='bbox 2530 4171 2858 4240; x_wconf 88' lang='lat' dir='ltr'>collegisset</span> <span class='ocrx_word' id='word_1_635' title='bbox 2879 4187 3082 4225; x_wconf 89' lang='lat' dir='ltr'>omnes</span> <span class='ocrx_word' id='word_1_636' title='bbox 3104 4168 3482 4234; x_wconf 89' lang='lat' dir='ltr'>Christianos,</span> <span class='ocrx_word' id='word_1_637' title='bbox 3502 4167 3604 4239; x_wconf 89' lang='lat' dir='ltr'>qui</span> 
     </span>
    </p>
   </div>
   <div class='ocr_carea' id='block_1_92' title="bbox 1964 4257 3601 4330">
    <p class='ocr_par' dir='ltr' id='par_1_92' title="bbox 1964 4257 3601 4330">
     <span class='ocr_line' id='line_1_93' title="bbox 1964 4257 3601 4330; baseline -0.004 -13"><span class='ocrx_word' id='word_1_638' title='bbox 1964 4265 2129 4317; x_wconf 83' lang='lat' dir='ltr'>erant</span> <span class='ocrx_word' id='word_1_639' title='bbox 2151 4261 2208 4314; x_wconf 91' lang='lat' dir='ltr'>in</span> <span class='ocrx_word' id='word_1_640' title='bbox 2241 4259 2395 4330; x_wconf 86' lang='lat' dir='ltr'>agris</span> <span class='ocrx_word' id='word_1_641' title='bbox 2427 4263 2484 4312; x_wconf 92' lang='lat' dir='ltr'>et</span> <span class='ocrx_word' id='word_1_642' title='bbox 2511 4257 2835 4324; x_wconf 89' lang='lat' dir='ltr'>suburbiis,</span> <span class='ocrx_word' id='word_1_643' title='bbox 2853 4257 2997 4312; x_wconf 88' lang='lat' dir='ltr'>alios</span> <span class='ocrx_word' id='word_1_644' title='bbox 3020 4257 3253 4328; x_wconf 87' lang='lat' dir='ltr'>quidem</span> <span class='ocrx_word' id='word_1_645' title='bbox 3289 4257 3601 4325; x_wconf 85' lang='lat' dir='ltr'>interemit,</span> 
     </span>
    </p>
   </div>
   <div class='ocr_carea' id='block_1_93' title="bbox 1967 4344 3600 4416">
    <p class='ocr_par' dir='ltr' id='par_1_93' title="bbox 1967 4344 3600 4416">
     <span class='ocr_line' id='line_1_94' title="bbox 1967 4344 3600 4416; baseline -0.003 -13"><span class='ocrx_word' id='word_1_646' title='bbox 1967 4347 2110 4403; x_wconf 88' lang='lat' dir='ltr'>alios</span> <span class='ocrx_word' id='word_1_647' title='bbox 2141 4361 2272 4401; x_wconf 91' lang='lat' dir='ltr'>vero</span> <span class='ocrx_word' id='word_1_648' title='bbox 2302 4344 2395 4412; x_wconf 88' lang='lat' dir='ltr'>iis,</span> <span class='ocrx_word' id='word_1_649' title='bbox 2430 4344 2532 4416; x_wconf 91' lang='lat' dir='ltr'>qui</span> <span class='ocrx_word' id='word_1_650' title='bbox 2561 4347 2730 4398; x_wconf 87' lang='lat' dir='ltr'>erant</span> <span class='ocrx_word' id='word_1_651' title='bbox 2751 4344 2808 4398; x_wconf 89' lang='lat' dir='ltr'>in</span> <span class='ocrx_word' id='word_1_652' title='bbox 2831 4344 2959 4413; x_wconf 89' lang='lat' dir='ltr'>ejus</span> <span class='ocrx_word' id='word_1_653' title='bbox 2989 4344 3232 4412; x_wconf 90' lang='lat' dir='ltr'>ditione,</span> <span class='ocrx_word' id='word_1_654' title='bbox 3255 4345 3512 4400; x_wconf 88' lang='lat' dir='ltr'>vendidit</span> <span class='ocrx_word' id='word_1_655' title='bbox 3539 4344 3600 4398; x_wconf 90' lang='lat' dir='ltr'>in</span> 
     </span>
    </p>
   </div>
   <div class='ocr_carea' id='block_1_94' title="bbox 1966 4433 3604 4506">
    <p class='ocr_par' dir='ltr' id='par_1_94' title="bbox 1966 4433 3604 4506">
     <span class='ocr_line' id='line_1_95' title="bbox 1966 4433 3604 4506; baseline -0.004 -13"><span class='ocrx_word' id='word_1_656' title='bbox 1966 4437 2323 4494; x_wconf 87' lang='lat' dir='ltr'>servitutem.</span> <span class='ocrx_word' id='word_1_657' title='bbox 2357 4438 2493 4491; x_wconf 90' lang='lat' dir='ltr'>Cum</span> <span class='ocrx_word' id='word_1_658' title='bbox 2525 4442 2716 4490; x_wconf 89' lang='lat' dir='ltr'>autem</span> <span class='ocrx_word' id='word_1_659' title='bbox 2743 4435 2820 4506; x_wconf 91' lang='lat' dir='ltr'>pii</span> <span class='ocrx_word' id='word_1_660' title='bbox 2840 4434 2992 4489; x_wconf 90' lang='lat' dir='ltr'>cives</span> <span class='ocrx_word' id='word_1_661' title='bbox 3015 4450 3076 4490; x_wconf 90' lang='lat' dir='ltr'>se</span> <span class='ocrx_word' id='word_1_662' title='bbox 3098 4435 3376 4488; x_wconf 88' lang='lat' dir='ltr'>adversus</span> <span class='ocrx_word' id='word_1_663' title='bbox 3407 4433 3604 4488; x_wconf 89' lang='lat' dir='ltr'>omnia</span> 
     </span>
    </p>
   </div>
   <div class='ocr_carea' id='block_1_95' title="bbox 222 4521 1850 4600">
    <p class='ocr_par' dir='ltr' id='par_1_95' title="bbox 222 4525 1850 4600">
     <span class='ocr_line' id='line_1_96' title="bbox 222 4525 1850 4600; baseline -0.004 -14"><span class='ocrx_word' id='word_1_664' title='bbox 222 4532 466 4600; x_wconf 83' lang='grc' dir='ltr'>ἐλπίδας,</span> <span class='ocrx_word' id='word_1_665' title='bbox 527 4528 676 4600; x_wconf 86' lang='grc' dir='ltr'>δόλῳ</span> <span class='ocrx_word' id='word_1_666' title='bbox 752 4531 850 4596; x_wconf 79' lang='grc' dir='ltr'>τὴν</span> <span class='ocrx_word' id='word_1_667' title='bbox 909 4527 1110 4582; x_wconf 84' lang='grc' dir='ltr'>ἅλωσιν</span> <span class='ocrx_word' id='word_1_668' title='bbox 1176 4527 1422 4582; x_wconf 86' lang='grc' dir='ltr'>ὑπελθεῖν</span> <span class='ocrx_word' id='word_1_669' title='bbox 1507 4525 1701 4600; x_wconf 83' lang='grc' dir='ltr'>ἐκρινε,</span> <span class='ocrx_word' id='word_1_670' title='bbox 1768 4525 1850 4580; x_wconf 77' lang='grc' dir='ltr'>καῖ</span> 
     </span>
    </p>
   </div>
   <div class='ocr_carea' id='block_1_96' title="bbox 1963 4521 3604 4600">
    <p class='ocr_par' dir='ltr' id='par_1_96' title="bbox 1970 4521 3604 4594">
     <span class='ocr_line' id='line_1_97' title="bbox 1970 4521 3604 4594; baseline -0.006 -10"><span class='ocrx_word' id='word_1_671' title='bbox 1970 4527 2194 4584; x_wconf 81' lang='lat' dir='ltr'>fortiter</span> <span class='ocrx_word' id='word_1_672' title='bbox 2223 4525 2618 4592; x_wconf 75' lang='lat' dir='ltr'>defenderent,</span> <span class='ocrx_word' id='word_1_673' title='bbox 2649 4528 2706 4579; x_wconf 91' lang='lat' dir='ltr'>et</span> <span class='ocrx_word' id='word_1_674' title='bbox 2746 4529 2976 4594; x_wconf 89' lang='lat' dir='ltr'>tempus</span> <span class='ocrx_word' id='word_1_675' title='bbox 3004 4523 3156 4594; x_wconf 88' lang='lat' dir='ltr'>quod</span> <span class='ocrx_word' id='word_1_676' title='bbox 3187 4521 3492 4588; x_wconf 88' lang='lat' dir='ltr'>terebatur,</span> <span class='ocrx_word' id='word_1_677' title='bbox 3516 4526 3604 4594; x_wconf 80' lang='lat' dir='ltr'>ty-</span> 
     </span>
    </p>
   </div>
   <div class='ocr_carea' id='block_1_97' title="bbox 227 4612 1860 4694">
    <p class='ocr_par' dir='ltr' id='par_1_97' title="bbox 227 4612 1860 4694">
     <span class='ocr_line' id='line_1_98' title="bbox 227 4612 1860 4694; baseline -0.004 -18"><span class='ocrx_word' id='word_1_678' title='bbox 227 4621 396 4694; x_wconf 75' lang='grc' dir='ltr'>μόνην</span> <span class='ocrx_word' id='word_1_679' title='bbox 429 4623 526 4688; x_wconf 82' lang='grc' dir='ltr'>τήν</span> <span class='ocrx_word' id='word_1_680' title='bbox 577 4618 652 4678; x_wconf 82' lang='grc' dir='ltr'>εἷς</span> <span class='ocrx_word' id='word_1_681' title='bbox 701 4619 797 4687; x_wconf 77' lang='grc' dir='ltr'>τήν</span> <span class='ocrx_word' id='word_1_682' title='bbox 843 4612 1005 4672; x_wconf 90' lang='grc' dir='ltr'>πόλιν</span> <span class='ocrx_word' id='word_1_683' title='bbox 1059 4617 1200 4672; x_wconf 83' lang='grc' dir='ltr'>αἰτεῖ</span> <span class='ocrx_word' id='word_1_684' title='bbox 1254 4613 1489 4688; x_wconf 81' lang='grc' dir='ltr'>πάροδον</span> <span class='ocrx_word' id='word_1_685' title='bbox 1547 4617 1682 4670; x_wconf 85' lang='grc' dir='ltr'>κατά</span> <span class='ocrx_word' id='word_1_686' title='bbox 1739 4616 1860 4670; x_wconf 86' lang='grc' dir='ltr'>θέαν</span> 
     </span>
    </p>
   </div>
   <div class='ocr_carea' id='block_1_98' title="bbox 227 4703 1862 4784">
    <p class='ocr_par' dir='ltr' id='par_1_98' title="bbox 227 4703 1862 4784">
     <span class='ocr_line' id='line_1_99' title="bbox 227 4703 1862 4784; baseline -0.004 -20"><span class='ocrx_word' id='word_1_687' title='bbox 227 4709 382 4778; x_wconf 81' lang='grc' dir='ltr'>δῆθεν</span> <span class='ocrx_word' id='word_1_688' title='bbox 432 4713 538 4764; x_wconf 80' lang='grc' dir='ltr'>τῶν</span> <span class='ocrx_word' id='word_1_689' title='bbox 590 4706 642 4762; x_wconf 86' lang='grc' dir='ltr'>ἐν</span> <span class='ocrx_word' id='word_1_690' title='bbox 691 4708 848 4780; x_wconf 58' lang='grc' dir='ltr'>αὐτῇ</span> <span class='ocrx_word' id='word_1_691' title='bbox 897 4703 1152 4783; x_wconf 87' lang='grc' dir='ltr'>φοϐεροῖς</span> <span class='ocrx_word' id='word_1_692' title='bbox 1201 4707 1462 4780; x_wconf 90' lang='grc' dir='ltr'>πρότερον</span> <span class='ocrx_word' id='word_1_693' title='bbox 1518 4705 1862 4784; x_wconf 82' lang='grc' dir='ltr'>χρησάμενος</span> 
     </span>
    </p>
   </div>
   <div class='ocr_carea' id='block_1_99' title="bbox 227 4795 1866 4874">
    <p class='ocr_par' dir='ltr' id='par_1_99' title="bbox 227 4795 1866 4874">
     <span class='ocr_line' id='line_1_100' title="bbox 227 4795 1866 4874; baseline -0.004 -19"><span class='ocrx_word' id='word_1_694' title='bbox 227 4799 432 4874; x_wconf 81' lang='grc' dir='ltr'>ὅρκοις,</span> <span class='ocrx_word' id='word_1_695' title='bbox 482 4797 570 4854; x_wconf 85' lang='grc' dir='ltr'>καὶ</span> <span class='ocrx_word' id='word_1_696' title='bbox 633 4798 793 4870; x_wconf 85' lang='grc' dir='ltr'>μέσον</span> <span class='ocrx_word' id='word_1_697' title='bbox 849 4799 1122 4871; x_wconf 77' lang='grc' dir='ltr'>παρενθεὶς</span> <span class='ocrx_word' id='word_1_698' title='bbox 1177 4801 1284 4852; x_wconf 82' lang='grc' dir='ltr'>τῶν</span> <span class='ocrx_word' id='word_1_699' title='bbox 1339 4795 1652 4873; x_wconf 77' lang='grc' dir='ltr'>λεγομένων</span> <span class='ocrx_word' id='word_1_700' title='bbox 1705 4795 1866 4850; x_wconf 79' lang='grc' dir='ltr'>αὐτὸν</span> 
     </span>
    </p>
   </div>
   <div class='ocr_carea' id='block_1_100' title="bbox 227 4881 1864 4959">
    <p class='ocr_par' dir='ltr' id='par_1_100' title="bbox 227 4881 1864 4959">
     <span class='ocr_line' id='line_1_101' title="bbox 227 4881 1864 4959; baseline -0.003 -16"><span class='ocrx_word' id='word_1_701' title='bbox 227 4889 317 4944; x_wconf 89' lang='grc' dir='ltr'>τὸν</span> <span class='ocrx_word' id='word_1_702' title='bbox 346 4891 442 4942; x_wconf 79' lang='grc' dir='ltr'>τοῦ</span> <span class='ocrx_word' id='word_1_703' title='bbox 481 4881 653 4959; x_wconf 88' lang='grc' dir='ltr'>νόμου</span> <span class='ocrx_word' id='word_1_704' title='bbox 691 4887 841 4954; x_wconf 89' lang='grc' dir='ltr'>Θεὸν,</span> <span class='ocrx_word' id='word_1_705' title='bbox 887 4887 960 4948; x_wconf 83' lang='grc' dir='ltr'>ὡς</span> <span class='ocrx_word' id='word_1_706' title='bbox 1019 4883 1144 4942; x_wconf 73' lang='grc' dir='ltr'>οὔτε</span> <span class='ocrx_word' id='word_1_707' title='bbox 1199 4907 1249 4941; x_wconf 90' lang='grc' dir='ltr'>τι</span> <span class='ocrx_word' id='word_1_708' title='bbox 1297 4885 1462 4940; x_wconf 85' lang='grc' dir='ltr'>πλέον</span> <span class='ocrx_word' id='word_1_709' title='bbox 1513 4885 1710 4946; x_wconf 74' lang='grc' dir='ltr'>αὖτοὺς</span> <span class='ocrx_word' id='word_1_710' title='bbox 1759 4890 1864 4939; x_wconf 82' lang='grc' dir='ltr'>τῶν</span> 
     </span>
    </p>
   </div>
   <div class='ocr_carea' id='block_1_101' title="bbox 233 4973 1866 5049">
    <p class='ocr_par' dir='ltr' id='par_1_101' title="bbox 233 4973 1866 5049">
     <span class='ocr_line' id='line_1_102' title="bbox 233 4973 1866 5049; baseline -0.003 -17"><span class='ocrx_word' id='word_1_711' title='bbox 233 4979 476 5048; x_wconf 82' lang='grc' dir='ltr'>συνήθων</span> <span class='ocrx_word' id='word_1_712' title='bbox 519 4973 733 5049; x_wconf 79' lang='grc' dir='ltr'>δρᾶσαι,</span> <span class='ocrx_word' id='word_1_713' title='bbox 777 4973 898 5030; x_wconf 70' lang='grc' dir='ltr'>οὔτε</span> <span class='ocrx_word' id='word_1_714' title='bbox 948 4977 1055 5048; x_wconf 75' lang='grc' dir='ltr'>μὴν</span> <span class='ocrx_word' id='word_1_715' title='bbox 1109 4976 1170 5029; x_wconf 89' lang='grc' dir='ltr'>τὸ</span> <span class='ocrx_word' id='word_1_716' title='bbox 1228 4975 1453 5049; x_wconf 80' lang='grc' dir='ltr'>πάτριον</span> <span class='ocrx_word' id='word_1_717' title='bbox 1512 4974 1866 5048; x_wconf 78' lang='grc' dir='ltr'>ἐξομόσασθαι</span> 
     </span>
    </p>
   </div>
   <div class='ocr_carea' id='block_1_102' title="bbox 233 5060 1868 5139">
    <p class='ocr_par' dir='ltr' id='par_1_102' title="bbox 233 5060 1868 5139">
     <span class='ocr_line' id='line_1_103' title="bbox 233 5060 1868 5139; baseline -0.002 -19"><span class='ocrx_word' id='word_1_718' title='bbox 233 5062 390 5127; x_wconf 85' lang='grc' dir='ltr'>σϐέας</span> <span class='ocrx_word' id='word_1_719' title='bbox 445 5064 849 5139; x_wconf 85' lang='grc' dir='ltr'>καταναγκάσει,</span> <span class='ocrx_word' id='word_1_720' title='bbox 903 5061 1026 5118; x_wconf 78' lang='grc' dir='ltr'>οὐδὲ</span> <span class='ocrx_word' id='word_1_721' title='bbox 1073 5064 1236 5118; x_wconf 88' lang='grc' dir='ltr'>κακόν</span> <span class='ocrx_word' id='word_1_722' title='bbox 1269 5085 1320 5117; x_wconf 88' lang='grc' dir='ltr'>τι</span> <span class='ocrx_word' id='word_1_723' title='bbox 1364 5061 1546 5136; x_wconf 69' lang='grc' dir='ltr'>ἕτερον</span> <span class='ocrx_word' id='word_1_724' title='bbox 1602 5065 1794 5138; x_wconf 85' lang='grc' dir='ltr'>μικρὸν</span> <span class='ocrx_word' id='word_1_725' title='bbox 1831 5060 1868 5130; x_wconf 77' lang='grc' dir='ltr'>ἤ</span> 
     </span>
    </p>
   </div>
   <div class='ocr_carea' id='block_1_103' title="bbox 238 5149 1871 5230">
    <p class='ocr_par' dir='ltr' id='par_1_103' title="bbox 238 5149 1871 5230">
     <span class='ocr_line' id='line_1_104' title="bbox 238 5149 1871 5230; baseline -0.004 -21"><span class='ocrx_word' id='word_1_726' title='bbox 238 5159 421 5230; x_wconf 86' lang='grc' dir='ltr'>μεῖζον</span> <span class='ocrx_word' id='word_1_727' title='bbox 471 5153 746 5228; x_wconf 80' lang='grc' dir='ltr'>ἐργάσεται</span> <span class='ocrx_word' id='word_1_728' title='bbox 795 5156 1013 5224; x_wconf 87' lang='grc' dir='ltr'>τούτου,</span> <span class='ocrx_word' id='word_1_729' title='bbox 1062 5149 1208 5206; x_wconf 83' lang='grc' dir='ltr'>ἀλλὰ</span> <span class='ocrx_word' id='word_1_730' title='bbox 1254 5151 1424 5224; x_wconf 83' lang='grc' dir='ltr'>μόνης</span> <span class='ocrx_word' id='word_1_731' title='bbox 1473 5171 1529 5204; x_wconf 92' lang='grc' dir='ltr'>τε</span> <span class='ocrx_word' id='word_1_732' title='bbox 1575 5150 1871 5206; x_wconf 75' lang='grc' dir='ltr'>ἀπολαύσει</span> 
     </span>
    </p>
   </div>
   <div class='ocr_carea' id='block_1_104' title="bbox 232 5238 1874 5314">
    <p class='ocr_par' dir='ltr' id='par_1_104' title="bbox 232 5238 1874 5314">
     <span class='ocr_line' id='line_1_105' title="bbox 232 5238 1874 5314; baseline -0.004 -14"><span class='ocrx_word' id='word_1_733' title='bbox 232 5251 342 5300; x_wconf 80' lang='grc' dir='ltr'>τῶν</span> <span class='ocrx_word' id='word_1_734' title='bbox 385 5241 437 5296; x_wconf 82' lang='grc' dir='ltr'>ἐν</span> <span class='ocrx_word' id='word_1_735' title='bbox 487 5246 556 5314; x_wconf 79' lang='grc' dir='ltr'>τῇ</span> <span class='ocrx_word' id='word_1_736' title='bbox 600 5243 758 5298; x_wconf 88' lang='grc' dir='ltr'>πόλει</span> <span class='ocrx_word' id='word_1_737' title='bbox 821 5245 962 5314; x_wconf 82' lang='grc' dir='ltr'>θέας,</span> <span class='ocrx_word' id='word_1_738' title='bbox 1019 5241 1106 5298; x_wconf 67' lang='grc' dir='ltr'>καὶ</span> <span class='ocrx_word' id='word_1_739' title='bbox 1164 5243 1254 5297; x_wconf 81' lang='grc' dir='ltr'>τὸν</span> <span class='ocrx_word' id='word_1_740' title='bbox 1311 5240 1523 5312; x_wconf 76' lang='grc' dir='ltr'>ἐτήσιον</span> <span class='ocrx_word' id='word_1_741' title='bbox 1583 5238 1874 5298; x_wconf 85' lang='grc' dir='ltr'>ἀπολαϐὼν</span> 
     </span>
    </p>
   </div>
   <div class='ocr_carea' id='block_1_105' title="bbox 237 5329 1876 5411">
    <p class='ocr_par' dir='ltr' id='par_1_105' title="bbox 237 5329 1876 5411">
     <span class='ocr_line' id='line_1_106' title="bbox 237 5329 1876 5411; baseline -0.002 -24"><span class='ocrx_word' id='word_1_742' title='bbox 237 5334 424 5411; x_wconf 85' lang='grc' dir='ltr'>φόρον,</span> <span class='ocrx_word' id='word_1_743' title='bbox 484 5332 544 5393; x_wconf 77' lang='grc' dir='ltr'>’ὀς</span> <span class='ocrx_word' id='word_1_744' title='bbox 602 5331 692 5386; x_wconf 83' lang='grc' dir='ltr'>καὶ</span> <span class='ocrx_word' id='word_1_745' title='bbox 747 5333 938 5406; x_wconf 82' lang='grc' dir='ltr'>πρώην</span> <span class='ocrx_word' id='word_1_746' title='bbox 998 5329 1230 5402; x_wconf 84' lang='grc' dir='ltr'>ἐδίδοτο,</span> <span class='ocrx_word' id='word_1_747' title='bbox 1289 5330 1402 5384; x_wconf 82' lang='grc' dir='ltr'>εἶτα</span> <span class='ocrx_word' id='word_1_748' title='bbox 1469 5329 1666 5394; x_wconf 82' lang='grc' dir='ltr'>ἐκεῖθεν</span> <span class='ocrx_word' id='word_1_749' title='bbox 1723 5329 1876 5394; x_wconf 80' lang='grc' dir='ltr'>εὐθὺς</span> 
     </span>
    </p>
   </div>
   <div class='ocr_carea' id='block_1_106' title="bbox 245 5419 553 5490">
    <p class='ocr_par' dir='ltr' id='par_1_106' title="bbox 245 5419 553 5490">
     <span class='ocr_line' id='line_1_107' title="bbox 245 5419 553 5490; baseline -0.003 -10"><span class='ocrx_word' id='word_1_750' title='bbox 245 5419 553 5490; x_wconf 81' lang='grc' dir='ltr'>ὑπεξέλθοι.</span> 
     </span>
    </p>
   </div>
   <div class='ocr_carea' id='block_1_107' title="bbox 313 5594 1876 5670">
    <p class='ocr_par' dir='ltr' id='par_1_107' title="bbox 313 5594 1876 5670">
     <span class='ocr_line' id='line_1_108' title="bbox 313 5594 1876 5670; baseline -0.004 -13"><span class='ocrx_word' id='word_1_751' title='bbox 313 5607 376 5664; x_wconf 85' lang='grc' dir='ltr'>ς’.</span> <span class='ocrx_word' id='word_1_752' title='bbox 435 5601 615 5657; x_wconf 81' lang='grc' dir='ltr'>Ταῦτα</span> <span class='ocrx_word' id='word_1_753' title='bbox 671 5597 860 5670; x_wconf 74' lang='grc' dir='ltr'>εἷπὼν,</span> <span class='ocrx_word' id='word_1_754' title='bbox 914 5596 1004 5654; x_wconf 89' lang='grc' dir='ltr'>καὶ</span> <span class='ocrx_word' id='word_1_755' title='bbox 1063 5594 1374 5668; x_wconf 82' lang='grc' dir='ltr'>διαθέμενος</span> <span class='ocrx_word' id='word_1_756' title='bbox 1430 5599 1524 5660; x_wconf 77' lang='grc' dir='ltr'>τὰς</span> <span class='ocrx_word' id='word_1_757' title='bbox 1591 5595 1876 5669; x_wconf 82' lang='grc' dir='ltr'>συνθήκας,</span> 
     </span>
    </p>
   </div>
   <div class='ocr_carea' id='block_1_108' title="bbox 1970 4611 3606 4685">
    <p class='ocr_par' dir='ltr' id='par_1_108' title="bbox 1970 4611 3606 4685">
     <span class='ocr_line' id='line_1_109' title="bbox 1970 4611 3606 4685; baseline -0.004 -12"><span class='ocrx_word' id='word_1_758' title='bbox 1970 4633 2153 4673; x_wconf 87' lang='lat' dir='ltr'>ranno</span> <span class='ocrx_word' id='word_1_759' title='bbox 2193 4630 2352 4685; x_wconf 90' lang='lat' dir='ltr'>spem</span> <span class='ocrx_word' id='word_1_760' title='bbox 2388 4613 2740 4670; x_wconf 84' lang='lat' dir='ltr'>reddidisset</span> <span class='ocrx_word' id='word_1_761' title='bbox 2784 4613 2949 4668; x_wconf 90' lang='lat' dir='ltr'>valde</span> <span class='ocrx_word' id='word_1_762' title='bbox 2980 4612 3208 4678; x_wconf 89' lang='lat' dir='ltr'>exilem,</span> <span class='ocrx_word' id='word_1_763' title='bbox 3243 4612 3447 4666; x_wconf 86' lang='lat' dir='ltr'>statuit</span> <span class='ocrx_word' id='word_1_764' title='bbox 3476 4611 3606 4666; x_wconf 90' lang='lat' dir='ltr'>dolo</span> 
     </span>
    </p>
   </div>
   <div class='ocr_carea' id='block_1_109' title="bbox 1972 4699 3607 4777">
    <p class='ocr_par' dir='ltr' id='par_1_109' title="bbox 1972 4699 3607 4777">
     <span class='ocr_line' id='line_1_110' title="bbox 1972 4699 3607 4777; baseline -0.004 -16"><span class='ocrx_word' id='word_1_765' title='bbox 1972 4721 2176 4777; x_wconf 91' lang='lat' dir='ltr'>capere</span> <span class='ocrx_word' id='word_1_766' title='bbox 2228 4703 2540 4760; x_wconf 85' lang='lat' dir='ltr'>civitatem.</span> <span class='ocrx_word' id='word_1_767' title='bbox 2577 4703 2776 4773; x_wconf 86' lang='lat' dir='ltr'>Itaque</span> <span class='ocrx_word' id='word_1_768' title='bbox 2809 4703 2946 4772; x_wconf 87' lang='lat' dir='ltr'>petit</span> <span class='ocrx_word' id='word_1_769' title='bbox 2975 4705 3040 4755; x_wconf 91' lang='lat' dir='ltr'>ut</span> <span class='ocrx_word' id='word_1_770' title='bbox 3072 4701 3122 4754; x_wconf 90' lang='lat' dir='ltr'>ei</span> <span class='ocrx_word' id='word_1_771' title='bbox 3153 4700 3351 4755; x_wconf 88' lang='lat' dir='ltr'>liceret</span> <span class='ocrx_word' id='word_1_772' title='bbox 3379 4699 3607 4769; x_wconf 87' lang='lat' dir='ltr'>ingredi</span> 
     </span>
    </p>
   </div>
   <div class='ocr_carea' id='block_1_110' title="bbox 1973 4789 3606 4862">
    <p class='ocr_par' dir='ltr' id='par_1_110' title="bbox 1973 4789 3606 4862">
     <span class='ocr_line' id='line_1_111' title="bbox 1973 4789 3606 4862; baseline -0.004 -14"><span class='ocrx_word' id='word_1_773' title='bbox 1973 4794 2282 4862; x_wconf 88' lang='lat' dir='ltr'>civitatem,</span> <span class='ocrx_word' id='word_1_774' title='bbox 2315 4801 2376 4847; x_wconf 90' lang='lat' dir='ltr'>ut</span> <span class='ocrx_word' id='word_1_775' title='bbox 2427 4793 2648 4847; x_wconf 83' lang='lat' dir='ltr'>videret</span> <span class='ocrx_word' id='word_1_776' title='bbox 2694 4791 2917 4846; x_wconf 91' lang='lat' dir='ltr'>scilicet</span> <span class='ocrx_word' id='word_1_777' title='bbox 2974 4805 3061 4856; x_wconf 82' lang='lat' dir='ltr'>ea,</span> <span class='ocrx_word' id='word_1_778' title='bbox 3105 4805 3231 4859; x_wconf 70' lang='lat' dir='ltr'>quae</span> <span class='ocrx_word' id='word_1_779' title='bbox 3286 4789 3366 4842; x_wconf 91' lang='lat' dir='ltr'>ibi</span> <span class='ocrx_word' id='word_1_780' title='bbox 3423 4793 3606 4856; x_wconf 86' lang='lat' dir='ltr'>erant,</span> 
     </span>
    </p>
   </div>
   <div class='ocr_carea' id='block_1_111' title="bbox 1977 4875 3610 4953">
    <p class='ocr_par' dir='ltr' id='par_1_111' title="bbox 1977 4875 3610 4953">
     <span class='ocr_line' id='line_1_112' title="bbox 1977 4875 3610 4953; baseline -0.006 -15"><span class='ocrx_word' id='word_1_781' title='bbox 1977 4884 2132 4953; x_wconf 87' lang='lat' dir='ltr'>prius</span> <span class='ocrx_word' id='word_1_782' title='bbox 2181 4881 2427 4937; x_wconf 88' lang='lat' dir='ltr'>terribili</span> <span class='ocrx_word' id='word_1_783' title='bbox 2461 4880 2682 4952; x_wconf 87' lang='lat' dir='ltr'>prolato</span> <span class='ocrx_word' id='word_1_784' title='bbox 2709 4879 3114 4950; x_wconf 86' lang='lat' dir='ltr'>jurejurando.</span> <span class='ocrx_word' id='word_1_785' title='bbox 3148 4880 3203 4932; x_wconf 89' lang='lat' dir='ltr'>et</span> <span class='ocrx_word' id='word_1_786' title='bbox 3233 4875 3327 4943; x_wconf 91' lang='lat' dir='ltr'>iis,</span> <span class='ocrx_word' id='word_1_787' title='bbox 3360 4891 3486 4946; x_wconf 71' lang='lat' dir='ltr'>quas</span> <span class='ocrx_word' id='word_1_788' title='bbox 3517 4875 3610 4930; x_wconf 91' lang='lat' dir='ltr'>di-</span> 
     </span>
    </p>
   </div>
   <div class='ocr_carea' id='block_1_112' title="bbox 1977 4963 3608 5042">
    <p class='ocr_par' dir='ltr' id='par_1_112' title="bbox 1977 4963 3608 5042">
     <span class='ocr_line' id='line_1_113' title="bbox 1977 4963 3608 5042; baseline -0.006 -14"><span class='ocrx_word' id='word_1_789' title='bbox 1977 4972 2270 5038; x_wconf 86' lang='lat' dir='ltr'>cebantur,</span> <span class='ocrx_word' id='word_1_790' title='bbox 2303 4971 2644 5042; x_wconf 86' lang='lat' dir='ltr'>interposito</span> <span class='ocrx_word' id='word_1_791' title='bbox 2685 4969 2812 5040; x_wconf 90' lang='lat' dir='ltr'>ipso</span> <span class='ocrx_word' id='word_1_792' title='bbox 2861 4967 3004 5038; x_wconf 90' lang='lat' dir='ltr'>legis</span> <span class='ocrx_word' id='word_1_793' title='bbox 3051 4966 3188 5032; x_wconf 92' lang='lat' dir='ltr'>Deo,</span> <span class='ocrx_word' id='word_1_794' title='bbox 3235 4981 3296 5019; x_wconf 81' lang='lat' dir='ltr'>se</span> <span class='ocrx_word' id='word_1_795' title='bbox 3349 4963 3494 5018; x_wconf 89' lang='lat' dir='ltr'>nihil</span> <span class='ocrx_word' id='word_1_796' title='bbox 3524 4965 3608 5020; x_wconf 90' lang='lat' dir='ltr'>eis</span> 
     </span>
    </p>
   </div>
   <div class='ocr_carea' id='block_1_113' title="bbox 1979 5055 3610 5130">
    <p class='ocr_par' dir='ltr' id='par_1_113' title="bbox 1979 5055 3610 5130">
     <span class='ocr_line' id='line_1_114' title="bbox 1979 5055 3610 5130; baseline -0.005 -13"><span class='ocrx_word' id='word_1_797' title='bbox 1979 5077 2105 5117; x_wconf 88' lang='lat' dir='ltr'>esse</span> <span class='ocrx_word' id='word_1_798' title='bbox 2139 5061 2423 5115; x_wconf 80' lang='lat' dir='ltr'>facturum</span> <span class='ocrx_word' id='word_1_799' title='bbox 2457 5063 2663 5130; x_wconf 68' lang='lat' dir='ltr'>praeter</span> <span class='ocrx_word' id='word_1_800' title='bbox 2695 5073 2782 5127; x_wconf 90' lang='lat' dir='ltr'>ea,</span> <span class='ocrx_word' id='word_1_801' title='bbox 2806 5073 2934 5128; x_wconf 70' lang='lat' dir='ltr'>quas</span> <span class='ocrx_word' id='word_1_802' title='bbox 2957 5055 3370 5109; x_wconf 87' lang='lat' dir='ltr'>consueverant</span> <span class='ocrx_word' id='word_1_803' title='bbox 3391 5070 3404 5107; x_wconf 88' lang='lat'><strong>:</strong></span> <span class='ocrx_word' id='word_1_804' title='bbox 3425 5069 3610 5124; x_wconf 89' lang='lat' dir='ltr'>neque</span> 
     </span>
    </p>
   </div>
   <div class='ocr_carea' id='block_1_114' title="bbox 1979 5142 3614 5216">
    <p class='ocr_par' dir='ltr' id='par_1_114' title="bbox 1979 5142 3614 5216">
     <span class='ocr_line' id='line_1_115' title="bbox 1979 5142 3614 5216; baseline -0.004 -11"><span class='ocrx_word' id='word_1_805' title='bbox 1979 5157 2314 5206; x_wconf 90' lang='lat' dir='ltr'>coacturum</span> <span class='ocrx_word' id='word_1_806' title='bbox 2339 5153 2402 5203; x_wconf 87' lang='lat' dir='ltr'>ut</span> <span class='ocrx_word' id='word_1_807' title='bbox 2423 5148 2668 5216; x_wconf 88' lang='lat' dir='ltr'>patriam</span> <span class='ocrx_word' id='word_1_808' title='bbox 2693 5142 3398 5216; x_wconf 83' lang='lat' dir='ltr'>abjurarentreligionem:</span> <span class='ocrx_word' id='word_1_809' title='bbox 3423 5157 3614 5214; x_wconf 85' lang='lat' dir='ltr'>neque</span> 
     </span>
    </p>
   </div>
   <div class='ocr_carea' id='block_1_115' title="bbox 1983 5231 3612 5310">
    <p class='ocr_par' dir='ltr' id='par_1_115' title="bbox 1983 5231 3612 5310">
     <span class='ocr_line' id='line_1_116' title="bbox 1983 5231 3612 5310; baseline -0.004 -16"><span class='ocrx_word' id='word_1_810' title='bbox 1983 5239 2218 5310; x_wconf 88' lang='lat' dir='ltr'>aliquod</span> <span class='ocrx_word' id='word_1_811' title='bbox 2242 5238 2398 5294; x_wconf 87' lang='lat' dir='ltr'>aliud</span> <span class='ocrx_word' id='word_1_812' title='bbox 2431 5235 2652 5292; x_wconf 89' lang='lat' dir='ltr'>malum</span> <span class='ocrx_word' id='word_1_813' title='bbox 2675 5250 2968 5305; x_wconf 83' lang='lat' dir='ltr'>magnum,</span> <span class='ocrx_word' id='word_1_814' title='bbox 2991 5235 3088 5288; x_wconf 91' lang='lat' dir='ltr'>aut</span> <span class='ocrx_word' id='word_1_815' title='bbox 3109 5247 3347 5303; x_wconf 90' lang='lat' dir='ltr'>parvum</span> <span class='ocrx_word' id='word_1_816' title='bbox 3376 5231 3460 5288; x_wconf 88' lang='lat' dir='ltr'>eis</span> <span class='ocrx_word' id='word_1_817' title='bbox 3482 5247 3612 5288; x_wconf 90' lang='lat' dir='ltr'>esse</span> 
     </span>
    </p>
   </div>
   <div class='ocr_carea' id='block_1_116' title="bbox 1980 5320 3610 5393">
    <p class='ocr_par' dir='ltr' id='par_1_116' title="bbox 1980 5320 3610 5393">
     <span class='ocr_line' id='line_1_117' title="bbox 1980 5320 3610 5393; baseline -0.005 -9"><span class='ocrx_word' id='word_1_818' title='bbox 1980 5329 2296 5392; x_wconf 86' lang='lat' dir='ltr'>facturum,</span> <span class='ocrx_word' id='word_1_819' title='bbox 2329 5326 2428 5380; x_wconf 90' lang='lat' dir='ltr'>sed</span> <span class='ocrx_word' id='word_1_820' title='bbox 2487 5323 2677 5380; x_wconf 90' lang='lat' dir='ltr'>solum</span> <span class='ocrx_word' id='word_1_821' title='bbox 2711 5340 2776 5379; x_wconf 89' lang='lat' dir='ltr'>ea</span> <span class='ocrx_word' id='word_1_822' title='bbox 2805 5323 3084 5391; x_wconf 88' lang='lat' dir='ltr'>visurum,</span> <span class='ocrx_word' id='word_1_823' title='bbox 3117 5337 3246 5393; x_wconf 69' lang='lat' dir='ltr'>quae</span> <span class='ocrx_word' id='word_1_824' title='bbox 3275 5326 3414 5376; x_wconf 90' lang='lat' dir='ltr'>sunt</span> <span class='ocrx_word' id='word_1_825' title='bbox 3442 5320 3502 5377; x_wconf 92' lang='lat' dir='ltr'>in</span> <span class='ocrx_word' id='word_1_826' title='bbox 3529 5321 3610 5377; x_wconf 93' lang='lat' dir='ltr'>ci-</span> 
     </span>
    </p>
   </div>
   <div class='ocr_carea' id='block_1_117' title="bbox 1983 5411 3612 5485">
    <p class='ocr_par' dir='ltr' id='par_1_117' title="bbox 1983 5411 3612 5485">
     <span class='ocr_line' id='line_1_118' title="bbox 1983 5411 3612 5485; baseline -0.004 -11"><span class='ocrx_word' id='word_1_827' title='bbox 1983 5417 2158 5474; x_wconf 89' lang='lat' dir='ltr'>vitate</span> <span class='ocrx_word' id='word_1_828' title='bbox 2182 5421 2274 5485; x_wconf 90' lang='lat' dir='ltr'>;et</span> <span class='ocrx_word' id='word_1_829' title='bbox 2301 5429 2566 5471; x_wconf 89' lang='lat' dir='ltr'>annuum</span> <span class='ocrx_word' id='word_1_830' title='bbox 2583 5413 2864 5468; x_wconf 90' lang='lat' dir='ltr'>tributum</span> <span class='ocrx_word' id='word_1_831' title='bbox 2889 5414 3264 5483; x_wconf 88' lang='lat' dir='ltr'>accepturum</span> <span class='ocrx_word' id='word_1_832' title='bbox 3276 5411 3426 5481; x_wconf 91' lang='lat' dir='ltr'>quod</span> <span class='ocrx_word' id='word_1_833' title='bbox 3449 5411 3612 5482; x_wconf 88' lang='lat' dir='ltr'>prius</span> 
     </span>
    </p>
   </div>
   <div class='ocr_carea' id='block_1_118' title="bbox 1985 5501 3612 5564">
    <p class='ocr_par' dir='ltr' id='par_1_118' title="bbox 1985 5501 3612 5564">
     <span class='ocr_line' id='line_1_119' title="bbox 1985 5501 3612 5564; baseline -0.003 -1"><span class='ocrx_word' id='word_1_834' title='bbox 1985 5507 2260 5564; x_wconf 86' lang='lat' dir='ltr'>dabatur:</span> <span class='ocrx_word' id='word_1_835' title='bbox 2292 5505 2501 5562; x_wconf 90' lang='lat' dir='ltr'>deinde</span> <span class='ocrx_word' id='word_1_836' title='bbox 2526 5507 2719 5560; x_wconf 89' lang='lat' dir='ltr'>autem</span> <span class='ocrx_word' id='word_1_837' title='bbox 2741 5519 2804 5560; x_wconf 88' lang='lat' dir='ltr'>se</span> <span class='ocrx_word' id='word_1_838' title='bbox 2817 5501 2976 5559; x_wconf 88' lang='lat' dir='ltr'>illinc</span> <span class='ocrx_word' id='word_1_839' title='bbox 2995 5501 3188 5558; x_wconf 88' lang='lat' dir='ltr'>statim</span> <span class='ocrx_word' id='word_1_840' title='bbox 3213 5517 3612 5559; x_wconf 85' lang='lat' dir='ltr'>excessurum.</span> 
     </span>
    </p>
   </div>
   <div class='ocr_carea' id='block_1_119' title="bbox 2019 5589 3616 5664">
    <p class='ocr_par' dir='ltr' id='par_1_119' title="bbox 2019 5589 3616 5664">
     <span class='ocr_line' id='line_1_120' title="bbox 2019 5589 3616 5664; baseline -0.002 -14"><span class='ocrx_word' id='word_1_841' title='bbox 2019 5631 2022 5636; x_wconf 92' lang='lat'><strong><em>-</em></strong></span> <span class='ocrx_word' id='word_1_842' title='bbox 2054 5595 2148 5650; x_wconf 86' lang='lat' dir='ltr'>VI.</span> <span class='ocrx_word' id='word_1_843' title='bbox 2182 5595 2313 5650; x_wconf 66' lang='lat' dir='ltr'>Haec</span> <span class='ocrx_word' id='word_1_844' title='bbox 2361 5609 2495 5650; x_wconf 91' lang='lat' dir='ltr'>cum</span> <span class='ocrx_word' id='word_1_845' title='bbox 2526 5593 2786 5662; x_wconf 86' lang='lat' dir='ltr'>dixisset,</span> <span class='ocrx_word' id='word_1_846' title='bbox 2829 5596 2886 5650; x_wconf 91' lang='lat' dir='ltr'>et</span> <span class='ocrx_word' id='word_1_847' title='bbox 2915 5595 3083 5664; x_wconf 89' lang='lat' dir='ltr'>pacta</span> <span class='ocrx_word' id='word_1_848' title='bbox 3137 5597 3412 5649; x_wconf 86' lang='lat' dir='ltr'>conventa</span> <span class='ocrx_word' id='word_1_849' title='bbox 3453 5589 3616 5647; x_wconf 88' lang='lat' dir='ltr'>iniis-</span> 
     </span>
    </p>
   </div>
  </div>
