  <div class='ocr_page' id='page_1' title='image "/cluster/home/n/w/nwhite01/storage/ocr_20150623/115/mdp.39015028574336/651.png"; bbox 0 0 4128 6274; ppageno 0'>
   <div class='ocr_carea' id='block_1_1' title="bbox 1875 253 2577 319">
    <p class='ocr_par' dir='ltr' id='par_1_1' title="bbox 1875 253 2577 319">
     <span class='ocr_line' id='line_1_1' title="bbox 1875 253 2577 319; baseline 0.003 -2"><span class='ocrx_word' id='word_1_1' title='bbox 1875 254 2158 317; x_wconf 87' lang='lat' dir='ltr'>MENSIS</span> <span class='ocrx_word' id='word_1_2' title='bbox 2202 253 2577 319; x_wconf 84' lang='lat' dir='ltr'>OCTOBER.</span> 
     </span>
    </p>
   </div>
   <div class='ocr_carea' id='block_1_2' title="bbox 545 266 4083 335">
    <p class='ocr_par' dir='ltr' id='par_1_2' title="bbox 545 266 4083 335">
     <span class='ocr_line' id='line_1_2' title="bbox 545 266 4083 335; baseline -0.004 -11"><span class='ocrx_word' id='word_1_3' title='bbox 545 266 699 325; x_wconf 65' lang='lat'>{255</span> <span class='ocrx_word' id='word_1_4' title='bbox 1877 266 2158 317; x_wconf 74' lang='lat' dir='ltr'>MENSIS</span> <span class='ocrx_word' id='word_1_5' title='bbox 2202 266 2577 319; x_wconf 81' lang='lat' dir='ltr'>UOTUBER.</span> <span class='ocrx_word' id='word_1_6' title='bbox 3782 274 3946 335; x_wconf 53' lang='lat'>4256</span> <span class='ocrx_word' id='word_1_7' title='bbox 4081 266 4083 325; x_wconf 46' lang='grc' dir='ltr'>ι</span> 
     </span>
    </p>
   </div>
   <div class='ocr_carea' id='block_1_3' title="bbox 535 416 2146 509">
    <p class='ocr_par' dir='ltr' id='par_1_3' title="bbox 535 419 2146 509">
     <span class='ocr_line' id='line_1_3' title="bbox 535 419 2146 509; baseline -0.009 -24"><span class='ocrx_word' id='word_1_8' title='bbox 535 434 645 498; x_wconf 89' lang='lat' dir='ltr'>set,</span> <span class='ocrx_word' id='word_1_9' title='bbox 666 431 721 483; x_wconf 92' lang='lat' dir='ltr'>et</span> <span class='ocrx_word' id='word_1_10' title='bbox 753 428 1115 497; x_wconf 88' lang='lat' dir='ltr'>postremum</span> <span class='ocrx_word' id='word_1_11' title='bbox 1140 422 1403 492; x_wconf 86' lang='lat' dir='ltr'>jurasset</span> <span class='ocrx_word' id='word_1_12' title='bbox 1440 419 1882 509; x_wconf 71' lang='lat' dir='ltr'>jusjurandum,</span> <span class='ocrx_word' id='word_1_13' title='bbox 1919 431 2146 509; x_wconf 78' lang='lat' dir='ltr'>persua</span> 
     </span>
    </p>
   </div>
   <div class='ocr_carea' id='block_1_4' title="bbox 2261 416 3943 509">
    <p class='ocr_par' dir='ltr' id='par_1_4' title="bbox 2261 418 3943 509">
     <span class='ocr_line' id='line_1_4' title="bbox 2261 418 3943 509; baseline 0.012 -39"><span class='ocrx_word' id='word_1_14' title='bbox 2261 418 2375 484; x_wconf 86' lang='lat' dir='ltr'>_xui</span> <span class='ocrx_word' id='word_1_15' title='bbox 2403 418 2748 482; x_wconf 77' lang='grc' dir='ltr'>τελευταίους</span> <span class='ocrx_word' id='word_1_16' title='bbox 2784 422 3041 496; x_wconf 84' lang='grc' dir='ltr'>ὑποσχὼν</span> <span class='ocrx_word' id='word_1_17' title='bbox 3090 424 3308 499; x_wconf 83' lang='grc' dir='ltr'>ὅρκους,</span> <span class='ocrx_word' id='word_1_18' title='bbox 3356 427 3531 492; x_wconf 91' lang='grc' dir='ltr'>πείθει</span> <span class='ocrx_word' id='word_1_19' title='bbox 3592 432 3721 495; x_wconf 80' lang='grc' dir='ltr'>τοὺς</span> <span class='ocrx_word' id='word_1_20' title='bbox 3768 432 3823 489; x_wconf 81' lang='grc' dir='ltr'>ἐν</span> <span class='ocrx_word' id='word_1_21' title='bbox 3868 441 3943 509; x_wconf 84' lang='grc' dir='ltr'>τῇ</span> 
     </span>
    </p>
   </div>
   <div class='ocr_carea' id='block_1_5' title="bbox 529 506 2146 599">
    <p class='ocr_par' dir='ltr' id='par_1_5' title="bbox 529 506 2146 583">
     <span class='ocr_line' id='line_1_5' title="bbox 529 506 2146 583; baseline -0.009 -10"><span class='ocrx_word' id='word_1_22' title='bbox 529 520 627 573; x_wconf 91' lang='lat' dir='ltr'>det</span> <span class='ocrx_word' id='word_1_23' title='bbox 653 517 748 583; x_wconf 90' lang='lat' dir='ltr'>iis,</span> <span class='ocrx_word' id='word_1_24' title='bbox 781 514 882 583; x_wconf 88' lang='lat' dir='ltr'>qui</span> <span class='ocrx_word' id='word_1_25' title='bbox 914 516 1051 568; x_wconf 87' lang='lat' dir='ltr'>sunt</span> <span class='ocrx_word' id='word_1_26' title='bbox 1090 511 1150 564; x_wconf 90' lang='lat' dir='ltr'>in</span> <span class='ocrx_word' id='word_1_27' title='bbox 1197 508 1451 573; x_wconf 80' lang='lat' dir='ltr'>civitate,</span> <span class='ocrx_word' id='word_1_28' title='bbox 1482 524 1615 562; x_wconf 89' lang='lat' dir='ltr'>cum</span> <span class='ocrx_word' id='word_1_29' title='bbox 1664 507 1778 561; x_wconf 90' lang='lat' dir='ltr'>Deo</span> <span class='ocrx_word' id='word_1_30' title='bbox 1835 506 2146 559; x_wconf 89' lang='lat' dir='ltr'>universun</span> 
     </span>
    </p>
   </div>
   <div class='ocr_carea' id='block_1_6' title="bbox 2261 506 3941 599">
    <p class='ocr_par' dir='ltr' id='par_1_6' title="bbox 2284 506 3941 599">
     <span class='ocr_line' id='line_1_6' title="bbox 2284 506 3941 599; baseline 0.011 -40"><span class='ocrx_word' id='word_1_31' title='bbox 2284 506 2467 561; x_wconf 80' lang='grc' dir='ltr'>πόλει.</span> <span class='ocrx_word' id='word_1_32' title='bbox 2530 513 2646 580; x_wconf 79' lang='grc' dir='ltr'>Θεῷ</span> <span class='ocrx_word' id='word_1_33' title='bbox 2701 512 2765 564; x_wconf 89' lang='grc' dir='ltr'>τὸ</span> <span class='ocrx_word' id='word_1_34' title='bbox 2823 517 2926 565; x_wconf 82' lang='grc' dir='ltr'>πᾶν</span> <span class='ocrx_word' id='word_1_35' title='bbox 2986 512 3375 589; x_wconf 70' lang='grc' dir='ltr'>ἐπιτρέψαντας</span> <span class='ocrx_word' id='word_1_36' title='bbox 3433 524 3514 591; x_wconf 78' lang='grc' dir='ltr'>τῷ</span> <span class='ocrx_word' id='word_1_37' title='bbox 3586 526 3693 576; x_wconf 79' lang='grc' dir='ltr'>τῶν</span> <span class='ocrx_word' id='word_1_38' title='bbox 3760 522 3941 599; x_wconf 81' lang='grc' dir='ltr'>ὅρκων</span> 
     </span>
    </p>
   </div>
   <div class='ocr_carea' id='block_1_7' title="bbox 532 593 2172 678">
    <p class='ocr_par' dir='ltr' id='par_1_7' title="bbox 532 593 2172 678">
     <span class='ocr_line' id='line_1_7' title="bbox 532 593 2172 678; baseline -0.009 -17"><span class='ocrx_word' id='word_1_39' title='bbox 532 604 951 678; x_wconf 83' lang='lat' dir='ltr'>permisissent,</span> <span class='ocrx_word' id='word_1_40' title='bbox 986 601 1087 671; x_wconf 87' lang='lat' dir='ltr'>qui</span> <span class='ocrx_word' id='word_1_41' title='bbox 1119 602 1209 653; x_wconf 90' lang='lat' dir='ltr'>est</span> <span class='ocrx_word' id='word_1_42' title='bbox 1238 597 1406 652; x_wconf 91' lang='lat' dir='ltr'>testis</span> <span class='ocrx_word' id='word_1_43' title='bbox 1438 594 1806 663; x_wconf 90' lang='lat' dir='ltr'>sacramenti,</span> <span class='ocrx_word' id='word_1_44' title='bbox 1840 597 1896 648; x_wconf 89' lang='lat' dir='ltr'>et</span> <span class='ocrx_word' id='word_1_45' title='bbox 1928 593 2039 649; x_wconf 92' lang='lat' dir='ltr'>hoc</span> <span class='ocrx_word' id='word_1_46' title='bbox 2077 609 2172 647; x_wconf 87' lang='lat' dir='ltr'>so-</span> 
     </span>
    </p>
   </div>
   <div class='ocr_carea' id='block_1_8' title="bbox 531 681 2172 759">
    <p class='ocr_par' dir='ltr' id='par_1_8' title="bbox 531 681 2172 759">
     <span class='ocr_line' id='line_1_8' title="bbox 531 681 2172 759; baseline -0.009 -9"><span class='ocrx_word' id='word_1_47' title='bbox 531 696 653 750; x_wconf 88' lang='lat' dir='ltr'>lum</span> <span class='ocrx_word' id='word_1_48' title='bbox 687 692 990 756; x_wconf 74' lang='lat' dir='ltr'>dixissent,</span> <span class='ocrx_word' id='word_1_49' title='bbox 1024 687 1263 759; x_wconf 85' lang='lat' dir='ltr'>regibus</span> <span class='ocrx_word' id='word_1_50' title='bbox 1286 702 1392 741; x_wconf 91' lang='lat' dir='ltr'>nos</span> <span class='ocrx_word' id='word_1_51' title='bbox 1423 687 1623 740; x_wconf 84' lang='lat' dir='ltr'>cedere</span> <span class='ocrx_word' id='word_1_52' title='bbox 1654 682 1986 739; x_wconf 88' lang='lat' dir='ltr'>didicimus.</span> <span class='ocrx_word' id='word_1_53' title='bbox 2009 681 2172 746; x_wconf 89' lang='lat' dir='ltr'>Quod</span> 
     </span>
    </p>
   </div>
   <div class='ocr_carea' id='block_1_9' title="bbox 534 771 2170 843">
    <p class='ocr_par' dir='ltr' id='par_1_9' title="bbox 534 771 2170 843">
     <span class='ocr_line' id='line_1_9' title="bbox 534 771 2170 843; baseline -0.008 -5"><span class='ocrx_word' id='word_1_54' title='bbox 534 784 583 839; x_wconf 90' lang='lat' dir='ltr'>si</span> <span class='ocrx_word' id='word_1_55' title='bbox 634 786 695 837; x_wconf 90' lang='lat' dir='ltr'>tu</span> <span class='ocrx_word' id='word_1_56' title='bbox 753 795 919 836; x_wconf 86' lang='lat' dir='ltr'>secus</span> <span class='ocrx_word' id='word_1_57' title='bbox 975 776 1245 832; x_wconf 90' lang='lat' dir='ltr'>statueris</span> <span class='ocrx_word' id='word_1_58' title='bbox 1295 775 1503 839; x_wconf 88' lang='lat' dir='ltr'>facere,</span> <span class='ocrx_word' id='word_1_59' title='bbox 1547 789 1718 843; x_wconf 90' lang='lat' dir='ltr'>quam</span> <span class='ocrx_word' id='word_1_60' title='bbox 1753 772 1920 829; x_wconf 89' lang='lat' dir='ltr'>nobis</span> <span class='ocrx_word' id='word_1_61' title='bbox 1952 771 2170 839; x_wconf 82' lang='lat' dir='ltr'>dixisti,</span> 
     </span>
    </p>
   </div>
   <div class='ocr_carea' id='block_1_10' title="bbox 535 862 2170 941">
    <p class='ocr_par' dir='ltr' id='par_1_10' title="bbox 535 862 2170 941">
     <span class='ocr_line' id='line_1_10' title="bbox 535 862 2170 941; baseline -0.008 -12"><span class='ocrx_word' id='word_1_62' title='bbox 535 873 710 940; x_wconf 88' lang='lat' dir='ltr'>Deus,</span> <span class='ocrx_word' id='word_1_63' title='bbox 762 871 858 941; x_wconf 88' lang='lat' dir='ltr'>qui</span> <span class='ocrx_word' id='word_1_64' title='bbox 916 872 1003 923; x_wconf 89' lang='lat' dir='ltr'>est</span> <span class='ocrx_word' id='word_1_65' title='bbox 1061 871 1356 937; x_wconf 81' lang='lat' dir='ltr'>spectator</span> <span class='ocrx_word' id='word_1_66' title='bbox 1382 864 1791 935; x_wconf 87' lang='lat' dir='ltr'>jurisjurandi,</span> <span class='ocrx_word' id='word_1_67' title='bbox 1834 864 1888 919; x_wconf 89' lang='lat' dir='ltr'>id</span> <span class='ocrx_word' id='word_1_68' title='bbox 1932 862 2170 918; x_wconf 88' lang='lat' dir='ltr'>omnino</span> 
     </span>
    </p>
   </div>
   <div class='ocr_carea' id='block_1_11' title="bbox 529 951 2169 1026">
    <p class='ocr_par' dir='ltr' id='par_1_11' title="bbox 529 951 2169 1026">
     <span class='ocr_line' id='line_1_11' title="bbox 529 951 2169 1026; baseline -0.005 -11"><span class='ocrx_word' id='word_1_69' title='bbox 529 961 868 1025; x_wconf 75' lang='lat' dir='ltr'>ulciscatur,</span> <span class='ocrx_word' id='word_1_70' title='bbox 924 971 1116 1026; x_wconf 89' lang='lat' dir='ltr'>neque</span> <span class='ocrx_word' id='word_1_71' title='bbox 1168 954 1265 1008; x_wconf 92' lang='lat' dir='ltr'>diu</span> <span class='ocrx_word' id='word_1_72' title='bbox 1324 953 1547 1007; x_wconf 73' lang='lat' dir='ltr'>differet</span> <span class='ocrx_word' id='word_1_73' title='bbox 1603 953 1941 1007; x_wconf 84' lang='lat' dir='ltr'>vindictam.</span> <span class='ocrx_word' id='word_1_74' title='bbox 1991 951 2169 1006; x_wconf 86' lang='lat' dir='ltr'>Nobis</span> 
     </span>
    </p>
   </div>
   <div class='ocr_carea' id='block_1_12' title="bbox 532 1039 2170 1112">
    <p class='ocr_par' dir='ltr' id='par_1_12' title="bbox 532 1039 2170 1112">
     <span class='ocr_line' id='line_1_12' title="bbox 532 1039 2170 1112; baseline -0.006 -8"><span class='ocrx_word' id='word_1_75' title='bbox 532 1048 711 1112; x_wconf 89' lang='lat' dir='ltr'>enim,</span> <span class='ocrx_word' id='word_1_76' title='bbox 744 1046 1013 1101; x_wconf 85' lang='lat' dir='ltr'>dicebant</span> <span class='ocrx_word' id='word_1_77' title='bbox 1064 1060 1095 1098; x_wconf 91' lang='grc' dir='ltr'>υ</span> <span class='ocrx_word' id='word_1_78' title='bbox 1135 1041 1361 1097; x_wconf 88' lang='lat' dir='ltr'>Christe</span> <span class='ocrx_word' id='word_1_79' title='bbox 1402 1039 1683 1108; x_wconf 81' lang='lat' dir='ltr'>Salvator,</span> <span class='ocrx_word' id='word_1_80' title='bbox 1730 1046 1786 1095; x_wconf 90' lang='lat' dir='ltr'>et</span> <span class='ocrx_word' id='word_1_81' title='bbox 1823 1040 1932 1095; x_wconf 88' lang='lat' dir='ltr'>Fili</span> <span class='ocrx_word' id='word_1_82' title='bbox 1964 1039 2082 1107; x_wconf 91' lang='lat' dir='ltr'>Dei,</span> <span class='ocrx_word' id='word_1_83' title='bbox 2117 1046 2170 1094; x_wconf 91' lang='lat' dir='ltr'>et</span> 
     </span>
    </p>
   </div>
   <div class='ocr_carea' id='block_1_13' title="bbox 541 1128 2166 1205">
    <p class='ocr_par' dir='ltr' id='par_1_13' title="bbox 541 1128 2166 1205">
     <span class='ocr_line' id='line_1_13' title="bbox 541 1128 2166 1205; baseline -0.006 -15"><span class='ocrx_word' id='word_1_84' title='bbox 541 1137 711 1201; x_wconf 90' lang='lat' dir='ltr'>Deus,</span> <span class='ocrx_word' id='word_1_85' title='bbox 772 1150 877 1205; x_wconf 92' lang='lat' dir='ltr'>pro</span> <span class='ocrx_word' id='word_1_86' title='bbox 930 1136 987 1186; x_wconf 89' lang='lat' dir='ltr'>te</span> <span class='ocrx_word' id='word_1_87' title='bbox 1043 1130 1128 1185; x_wconf 88' lang='lat' dir='ltr'>vel</span> <span class='ocrx_word' id='word_1_88' title='bbox 1186 1130 1454 1185; x_wconf 87' lang='lat' dir='ltr'>omnibus</span> <span class='ocrx_word' id='word_1_89' title='bbox 1513 1128 1727 1198; x_wconf 89' lang='lat' dir='ltr'>privari</span> <span class='ocrx_word' id='word_1_90' title='bbox 1774 1128 2166 1195; x_wconf 82' lang='lat' dir='ltr'>facultatibus,</span> 
     </span>
    </p>
   </div>
   <div class='ocr_carea' id='block_1_14' title="bbox 537 1215 2169 1294">
    <p class='ocr_par' dir='ltr' id='par_1_14' title="bbox 537 1215 2169 1294">
     <span class='ocr_line' id='line_1_14' title="bbox 537 1215 2169 1294; baseline -0.004 -17"><span class='ocrx_word' id='word_1_91' title='bbox 537 1228 712 1294; x_wconf 89' lang='lat' dir='ltr'>atque</span> <span class='ocrx_word' id='word_1_92' title='bbox 756 1223 897 1277; x_wconf 90' lang='lat' dir='ltr'>adeo</span> <span class='ocrx_word' id='word_1_93' title='bbox 947 1220 1071 1290; x_wconf 80' lang='lat' dir='ltr'>ipsa</span> <span class='ocrx_word' id='word_1_94' title='bbox 1113 1219 1248 1285; x_wconf 88' lang='lat' dir='ltr'>vita,</span> <span class='ocrx_word' id='word_1_95' title='bbox 1282 1234 1399 1273; x_wconf 90' lang='lat' dir='ltr'>non</span> <span class='ocrx_word' id='word_1_96' title='bbox 1437 1217 1556 1271; x_wconf 87' lang='lat' dir='ltr'>leve</span> <span class='ocrx_word' id='word_1_97' title='bbox 1586 1222 1675 1271; x_wconf 89' lang='lat' dir='ltr'>est</span> <span class='ocrx_word' id='word_1_98' title='bbox 1724 1216 1973 1272; x_wconf 88' lang='lat' dir='ltr'>lucrum.</span> <span class='ocrx_word' id='word_1_99' title='bbox 2006 1215 2169 1270; x_wconf 89' lang='lat' dir='ltr'>Absit</span> 
     </span>
    </p>
   </div>
   <div class='ocr_carea' id='block_1_15' title="bbox 532 1305 2165 1378">
    <p class='ocr_par' dir='ltr' id='par_1_15' title="bbox 532 1305 2165 1378">
     <span class='ocr_line' id='line_1_15' title="bbox 532 1305 2165 1378; baseline -0.005 -12"><span class='ocrx_word' id='word_1_100' title='bbox 532 1315 749 1378; x_wconf 83' lang='lat' dir='ltr'>autem,</span> <span class='ocrx_word' id='word_1_101' title='bbox 783 1313 845 1363; x_wconf 85' lang='lat' dir='ltr'>ut</span> <span class='ocrx_word' id='word_1_102' title='bbox 867 1313 1031 1363; x_wconf 91' lang='lat' dir='ltr'>tuum</span> <span class='ocrx_word' id='word_1_103' title='bbox 1065 1323 1276 1362; x_wconf 90' lang='lat' dir='ltr'>nomen</span> <span class='ocrx_word' id='word_1_104' title='bbox 1308 1321 1612 1377; x_wconf 88' lang='lat' dir='ltr'>negemus,</span> <span class='ocrx_word' id='word_1_105' title='bbox 1648 1308 1712 1359; x_wconf 88' lang='lat' dir='ltr'>ut</span> <span class='ocrx_word' id='word_1_106' title='bbox 1732 1310 1819 1360; x_wconf 88' lang='lat' dir='ltr'>est</span> <span class='ocrx_word' id='word_1_107' title='bbox 1851 1305 2165 1376; x_wconf 88' lang='lat' dir='ltr'>impiorum</span> 
     </span>
    </p>
   </div>
   <div class='ocr_carea' id='block_1_16' title="bbox 532 1393 2163 1466">
    <p class='ocr_par' dir='ltr' id='par_1_16' title="bbox 532 1393 2163 1466">
     <span class='ocr_line' id='line_1_16' title="bbox 532 1393 2163 1466; baseline -0.004 -13"><span class='ocrx_word' id='word_1_108' title='bbox 532 1399 871 1454; x_wconf 89' lang='lat' dir='ltr'>institutum</span> <span class='ocrx_word' id='word_1_109' title='bbox 895 1398 906 1451; x_wconf 94' lang='lat' dir='ltr'>l</span> <span class='ocrx_word' id='word_1_110' title='bbox 933 1413 1035 1451; x_wconf 92' lang='lat' dir='ltr'>nec</span> <span class='ocrx_word' id='word_1_111' title='bbox 1068 1396 1116 1451; x_wconf 91' lang='lat' dir='ltr'>si</span> <span class='ocrx_word' id='word_1_112' title='bbox 1157 1394 1274 1451; x_wconf 87' lang='lat' dir='ltr'>tale</span> <span class='ocrx_word' id='word_1_113' title='bbox 1304 1395 1442 1466; x_wconf 90' lang='lat' dir='ltr'>quid</span> <span class='ocrx_word' id='word_1_114' title='bbox 1475 1393 1805 1458; x_wconf 83' lang='lat' dir='ltr'>fecerimus,</span> <span class='ocrx_word' id='word_1_115' title='bbox 1831 1410 1957 1460; x_wconf 92' lang='lat' dir='ltr'>nos,</span> <span class='ocrx_word' id='word_1_116' title='bbox 1989 1410 2021 1447; x_wconf 90' lang='grc' dir='ltr'>ο</span> <span class='ocrx_word' id='word_1_117' title='bbox 2053 1393 2163 1459; x_wconf 89' lang='lat' dir='ltr'>sol,</span> 
     </span>
    </p>
   </div>
   <div class='ocr_carea' id='block_1_17' title="bbox 531 1483 2165 1558">
    <p class='ocr_par' dir='ltr' id='par_1_17' title="bbox 531 1483 2165 1558">
     <span class='ocr_line' id='line_1_17' title="bbox 531 1483 2165 1558; baseline -0.004 -15"><span class='ocrx_word' id='word_1_118' title='bbox 531 1487 801 1558; x_wconf 86' lang='lat' dir='ltr'>aspicias.</span> <span class='ocrx_word' id='word_1_119' title='bbox 836 1486 973 1548; x_wconf 69' lang='lat' dir='ltr'>Quae</span> <span class='ocrx_word' id='word_1_120' title='bbox 1021 1485 1200 1540; x_wconf 91' lang='lat' dir='ltr'>simul</span> <span class='ocrx_word' id='word_1_121' title='bbox 1234 1492 1407 1554; x_wconf 89' lang='lat' dir='ltr'>atque</span> <span class='ocrx_word' id='word_1_122' title='bbox 1437 1483 1743 1549; x_wconf 87' lang='lat' dir='ltr'>dixissent,</span> <span class='ocrx_word' id='word_1_123' title='bbox 1777 1487 1928 1538; x_wconf 88' lang='lat' dir='ltr'>totas</span> <span class='ocrx_word' id='word_1_124' title='bbox 1970 1487 2165 1554; x_wconf 91' lang='lat' dir='ltr'>portas</span> 
     </span>
    </p>
   </div>
   <div class='ocr_carea' id='block_1_18' title="bbox 532 1570 2165 1645">
    <p class='ocr_par' dir='ltr' id='par_1_18' title="bbox 532 1570 2165 1645">
     <span class='ocr_line' id='line_1_18' title="bbox 532 1570 2165 1645; baseline -0.003 -15"><span class='ocrx_word' id='word_1_125' title='bbox 532 1574 797 1645; x_wconf 85' lang='lat' dir='ltr'>aperiunt</span> <span class='ocrx_word' id='word_1_126' title='bbox 828 1579 885 1629; x_wconf 88' lang='lat' dir='ltr'>et</span> <span class='ocrx_word' id='word_1_127' title='bbox 911 1574 1065 1628; x_wconf 85' lang='lat' dir='ltr'>intra</span> <span class='ocrx_word' id='word_1_128' title='bbox 1088 1574 1277 1643; x_wconf 89' lang='lat' dir='ltr'>ipsam</span> <span class='ocrx_word' id='word_1_129' title='bbox 1312 1573 1626 1634; x_wconf 87' lang='lat' dir='ltr'>civitatem,</span> <span class='ocrx_word' id='word_1_130' title='bbox 1662 1578 1935 1642; x_wconf 88' lang='lat' dir='ltr'>tanquam</span> <span class='ocrx_word' id='word_1_131' title='bbox 1963 1570 2165 1641; x_wconf 90' lang='lat' dir='ltr'>lupum</span> 
     </span>
    </p>
   </div>
   <div class='ocr_carea' id='block_1_19' title="bbox 531 1659 2165 1732">
    <p class='ocr_par' dir='ltr' id='par_1_19' title="bbox 531 1659 2165 1732">
     <span class='ocr_line' id='line_1_19' title="bbox 531 1659 2165 1732; baseline -0.001 -15"><span class='ocrx_word' id='word_1_132' title='bbox 531 1664 593 1717; x_wconf 92' lang='lat' dir='ltr'>in</span> <span class='ocrx_word' id='word_1_133' title='bbox 626 1662 941 1732; x_wconf 83' lang='lat' dir='ltr'>stabulum,</span> <span class='ocrx_word' id='word_1_134' title='bbox 989 1660 1206 1716; x_wconf 87' lang='lat' dir='ltr'>malum</span> <span class='ocrx_word' id='word_1_135' title='bbox 1239 1676 1428 1729; x_wconf 82' lang='lat' dir='ltr'>regem</span> <span class='ocrx_word' id='word_1_136' title='bbox 1468 1660 1801 1716; x_wconf 88' lang='lat' dir='ltr'>admittunt.</span> <span class='ocrx_word' id='word_1_137' title='bbox 1835 1659 1937 1714; x_wconf 91' lang='lat' dir='ltr'>Ille</span> <span class='ocrx_word' id='word_1_138' title='bbox 1969 1664 2165 1715; x_wconf 88' lang='lat' dir='ltr'>autem</span> 
     </span>
    </p>
   </div>
   <div class='ocr_carea' id='block_1_20' title="bbox 2289 598 3939 682">
    <p class='ocr_par' dir='ltr' id='par_1_20' title="bbox 2289 598 3939 682">
     <span class='ocr_line' id='line_1_20' title="bbox 2289 598 3939 682; baseline 0.012 -34"><span class='ocrx_word' id='word_1_139' title='bbox 2289 598 2540 670; x_wconf 79' lang='grc' dir='ltr'>μάρτυρι,</span> <span class='ocrx_word' id='word_1_140' title='bbox 2609 598 2698 652; x_wconf 78' lang='grc' dir='ltr'>καὶ</span> <span class='ocrx_word' id='word_1_141' title='bbox 2766 604 2930 655; x_wconf 87' lang='grc' dir='ltr'>τοῦτο</span> <span class='ocrx_word' id='word_1_142' title='bbox 3000 603 3323 668; x_wconf 84' lang='grc' dir='ltr'>ὑπειπόντας</span> <span class='ocrx_word' id='word_1_143' title='bbox 3386 610 3575 682; x_wconf 90' lang='grc' dir='ltr'>μόνον,</span> <span class='ocrx_word' id='word_1_144' title='bbox 3662 611 3746 667; x_wconf 77' lang='grc' dir='ltr'>ὅτι</span> <span class='ocrx_word' id='word_1_145' title='bbox 3805 617 3939 677; x_wconf 83' lang='grc' dir='ltr'>Τοῖς</span> 
     </span>
    </p>
   </div>
   <div class='ocr_carea' id='block_1_21' title="bbox 2288 684 3933 768">
    <p class='ocr_par' dir='ltr' id='par_1_21' title="bbox 2288 684 3933 768">
     <span class='ocr_line' id='line_1_21' title="bbox 2288 684 3933 768; baseline 0.012 -31"><span class='ocrx_word' id='word_1_146' title='bbox 2288 684 2598 759; x_wconf 85' lang='grc' dir='ltr'>βασιλεῦσιν</span> <span class='ocrx_word' id='word_1_147' title='bbox 2631 688 2868 744; x_wconf 86' lang='grc' dir='ltr'>ὑπείκειν</span> <span class='ocrx_word' id='word_1_148' title='bbox 2923 690 3217 765; x_wconf 77' lang='grc' dir='ltr'>ἐμάθομεν,</span> <span class='ocrx_word' id='word_1_149' title='bbox 3283 697 3375 750; x_wconf 78' lang='grc' dir='ltr'>καὶ</span> <span class='ocrx_word' id='word_1_150' title='bbox 3435 698 3532 768; x_wconf 88' lang='grc' dir='ltr'>ὡς,</span> <span class='ocrx_word' id='word_1_151' title='bbox 3592 699 3663 756; x_wconf 76' lang='lat' dir='ltr'>Ei&#39;</span> <span class='ocrx_word' id='word_1_152' title='bbox 3710 723 3761 757; x_wconf 91' lang='grc' dir='ltr'>τι</span> <span class='ocrx_word' id='word_1_153' title='bbox 3820 709 3933 759; x_wconf 80' lang='grc' dir='ltr'>τῶν</span> 
     </span>
    </p>
   </div>
   <div class='ocr_carea' id='block_1_22' title="bbox 2282 775 3933 861">
    <p class='ocr_par' dir='ltr' id='par_1_22' title="bbox 2282 775 3933 861">
     <span class='ocr_line' id='line_1_22' title="bbox 2282 775 3933 861; baseline 0.013 -34"><span class='ocrx_word' id='word_1_154' title='bbox 2282 775 2419 847; x_wconf 90' lang='grc' dir='ltr'>πρὸς</span> <span class='ocrx_word' id='word_1_155' title='bbox 2486 778 2633 849; x_wconf 79' lang='grc' dir='ltr'>ἡμᾶς</span> <span class='ocrx_word' id='word_1_156' title='bbox 2701 776 2883 853; x_wconf 87' lang='grc' dir='ltr'>λόγων</span> <span class='ocrx_word' id='word_1_157' title='bbox 2954 778 3116 843; x_wconf 78' lang='grc' dir='ltr'>οὗτος</span> <span class='ocrx_word' id='word_1_158' title='bbox 3205 781 3717 861; x_wconf 76' lang='grc' dir='ltr'>μεταϐουλεύσεται,</span> <span class='ocrx_word' id='word_1_159' title='bbox 3781 791 3933 849; x_wconf 75' lang='grc' dir='ltr'>ἀλλὰ</span> 
     </span>
    </p>
   </div>
   <div class='ocr_carea' id='block_1_23' title="bbox 2282 865 3926 952">
    <p class='ocr_par' dir='ltr' id='par_1_23' title="bbox 2282 865 3926 952">
     <span class='ocr_line' id='line_1_23' title="bbox 2282 865 3926 952; baseline 0.012 -34"><span class='ocrx_word' id='word_1_160' title='bbox 2282 866 2411 927; x_wconf 84' lang='grc' dir='ltr'>Θεὸς</span> <span class='ocrx_word' id='word_1_161' title='bbox 2451 865 2609 921; x_wconf 73' lang='grc' dir='ltr'>αὑτὸν</span> <span class='ocrx_word' id='word_1_162' title='bbox 2660 868 2871 930; x_wconf 82' lang='grc' dir='ltr'>πάντως</span> <span class='ocrx_word' id='word_1_163' title='bbox 2921 871 2947 924; x_wconf 92' lang='grc' dir='ltr'>ὁ</span> <span class='ocrx_word' id='word_1_164' title='bbox 2992 876 3099 925; x_wconf 80' lang='grc' dir='ltr'>τῶν</span> <span class='ocrx_word' id='word_1_165' title='bbox 3148 871 3328 947; x_wconf 72' lang='grc' dir='ltr'>ὅρκων</span> <span class='ocrx_word' id='word_1_166' title='bbox 3379 871 3575 951; x_wconf 75' lang='grc' dir='ltr'>ἔφορος</span> <span class='ocrx_word' id='word_1_167' title='bbox 3622 880 3926 952; x_wconf 81' lang='grc' dir='ltr'>ἀμυνεῖται,</span> 
     </span>
    </p>
   </div>
   <div class='ocr_carea' id='block_1_24' title="bbox 2279 953 3928 1048">
    <p class='ocr_par' dir='ltr' id='par_1_24' title="bbox 2279 953 3928 1048">
     <span class='ocr_line' id='line_1_24' title="bbox 2279 953 3928 1048; baseline 0.013 -42"><span class='ocrx_word' id='word_1_168' title='bbox 2279 953 2369 1007; x_wconf 83' lang='grc' dir='ltr'>καὶ</span> <span class='ocrx_word' id='word_1_169' title='bbox 2402 956 2465 1008; x_wconf 85' lang='grc' dir='ltr'>οὐ</span> <span class='ocrx_word' id='word_1_170' title='bbox 2499 954 2699 1029; x_wconf 83' lang='grc' dir='ltr'>βραδὺς</span> <span class='ocrx_word' id='word_1_171' title='bbox 2728 954 2873 1012; x_wconf 78' lang='grc' dir='ltr'>ἔσται</span> <span class='ocrx_word' id='word_1_172' title='bbox 2922 960 3059 1033; x_wconf 82' lang='grc' dir='ltr'>πρὸς</span> <span class='ocrx_word' id='word_1_173' title='bbox 3097 962 3198 1029; x_wconf 75' lang='grc' dir='ltr'>τὴν</span> <span class='ocrx_word' id='word_1_174' title='bbox 3248 961 3547 1034; x_wconf 79' lang='grc' dir='ltr'>ἐκδίκησιν.</span> <span class='ocrx_word' id='word_1_175' title='bbox 3593 970 3755 1043; x_wconf 83' lang='grc' dir='ltr'>Ἡμῖν</span> <span class='ocrx_word' id='word_1_176' title='bbox 3801 972 3928 1048; x_wconf 80' lang='grc' dir='ltr'>γάρ,</span> 
     </span>
    </p>
   </div>
   <div class='ocr_carea' id='block_1_25' title="bbox 2280 1041 3930 1131">
    <p class='ocr_par' dir='ltr' id='par_1_25' title="bbox 2280 1041 3930 1131">
     <span class='ocr_line' id='line_1_25' title="bbox 2280 1041 3930 1131; baseline 0.015 -37"><span class='ocrx_word' id='word_1_177' title='bbox 2280 1041 2324 1094; x_wconf 84' lang='grc' dir='ltr'>ὦ</span> <span class='ocrx_word' id='word_1_178' title='bbox 2358 1047 2562 1116; x_wconf 80' lang='grc' dir='ltr'>Σῶτερ,</span> <span class='ocrx_word' id='word_1_179' title='bbox 2598 1043 2805 1119; x_wconf 81' lang='grc' dir='ltr'>ἔλεγον,</span> <span class='ocrx_word' id='word_1_180' title='bbox 2839 1050 3057 1124; x_wconf 74' lang='grc' dir='ltr'>Χριστὲ,</span> <span class='ocrx_word' id='word_1_181' title='bbox 3101 1050 3190 1105; x_wconf 81' lang='grc' dir='ltr'>καὶ</span> <span class='ocrx_word' id='word_1_182' title='bbox 3238 1055 3369 1107; x_wconf 69' lang='grc' dir='ltr'>Θεοῦ</span> <span class='ocrx_word' id='word_1_183' title='bbox 3422 1055 3509 1109; x_wconf 76' lang='grc' dir='ltr'>Υἱὲ</span> <span class='ocrx_word' id='word_1_184' title='bbox 3558 1056 3649 1112; x_wconf 83' lang='grc' dir='ltr'>καὶ</span> <span class='ocrx_word' id='word_1_185' title='bbox 3700 1060 3815 1131; x_wconf 75' lang='grc' dir='ltr'>Θεὶ,</span> <span class='ocrx_word' id='word_1_186' title='bbox 3865 1066 3930 1117; x_wconf 84' lang='grc' dir='ltr'>τὸ</span> 
     </span>
    </p>
   </div>
   <div class='ocr_carea' id='block_1_26' title="bbox 2283 1130 3929 1219">
    <p class='ocr_par' dir='ltr' id='par_1_26' title="bbox 2283 1130 3929 1219">
     <span class='ocr_line' id='line_1_26' title="bbox 2283 1130 3929 1219; baseline 0.013 -37"><span class='ocrx_word' id='word_1_187' title='bbox 2283 1130 2414 1204; x_wconf 72' lang='grc' dir='ltr'>ὑπὲρ</span> <span class='ocrx_word' id='word_1_188' title='bbox 2447 1136 2541 1185; x_wconf 90' lang='grc' dir='ltr'>σοῦ</span> <span class='ocrx_word' id='word_1_189' title='bbox 2580 1134 2667 1187; x_wconf 83' lang='grc' dir='ltr'>καὶ</span> <span class='ocrx_word' id='word_1_190' title='bbox 2713 1137 3025 1210; x_wconf 87' lang='grc' dir='ltr'>περιουσίας</span> <span class='ocrx_word' id='word_1_191' title='bbox 3071 1141 3249 1209; x_wconf 79' lang='grc' dir='ltr'>πάσης</span> <span class='ocrx_word' id='word_1_192' title='bbox 3308 1147 3631 1217; x_wconf 73' lang='grc' dir='ltr'>στερηθῆναι</span> <span class='ocrx_word' id='word_1_193' title='bbox 3682 1148 3771 1201; x_wconf 80' lang='grc' dir='ltr'>καὶ</span> <span class='ocrx_word' id='word_1_194' title='bbox 3826 1158 3929 1219; x_wconf 74' lang='grc' dir='ltr'>τῆς</span> 
     </span>
    </p>
   </div>
   <div class='ocr_carea' id='block_1_27' title="bbox 2284 1221 3930 1308">
    <p class='ocr_par' dir='ltr' id='par_1_27' title="bbox 2284 1221 3930 1308">
     <span class='ocr_line' id='line_1_27' title="bbox 2284 1221 3930 1308; baseline 0.014 -35"><span class='ocrx_word' id='word_1_195' title='bbox 2284 1225 2427 1290; x_wconf 84' lang='grc' dir='ltr'>ζωῆς</span> <span class='ocrx_word' id='word_1_196' title='bbox 2494 1221 2683 1296; x_wconf 81' lang='grc' dir='ltr'>κέρδος</span> <span class='ocrx_word' id='word_1_197' title='bbox 2738 1228 2869 1282; x_wconf 80' lang='grc' dir='ltr'>αὐτὸ</span> <span class='ocrx_word' id='word_1_198' title='bbox 2935 1230 3124 1304; x_wconf 89' lang='grc' dir='ltr'>τυχόν.</span> <span class='ocrx_word' id='word_1_199' title='bbox 3208 1230 3364 1303; x_wconf 74' lang='grc' dir='ltr'>Μηδὲ</span> <span class='ocrx_word' id='word_1_200' title='bbox 3429 1241 3642 1308; x_wconf 83' lang='grc' dir='ltr'>γένοιτο</span> <span class='ocrx_word' id='word_1_201' title='bbox 3716 1240 3778 1295; x_wconf 84' lang='grc' dir='ltr'>τὸ</span> <span class='ocrx_word' id='word_1_202' title='bbox 3838 1243 3930 1296; x_wconf 82' lang='grc' dir='ltr'>σὸν</span> 
     </span>
    </p>
   </div>
   <div class='ocr_carea' id='block_1_28' title="bbox 2280 1310 3929 1397">
    <p class='ocr_par' dir='ltr' id='par_1_28' title="bbox 2280 1310 3929 1397">
     <span class='ocr_line' id='line_1_28' title="bbox 2280 1310 3929 1397; baseline 0.014 -35"><span class='ocrx_word' id='word_1_203' title='bbox 2280 1310 2427 1382; x_wconf 79' lang='grc' dir='ltr'>ἡμᾶς</span> <span class='ocrx_word' id='word_1_204' title='bbox 2460 1312 2863 1387; x_wconf 65' lang='grc' dir='ltr'>ἄπηρνήσασθαι</span> <span class='ocrx_word' id='word_1_205' title='bbox 2895 1317 3088 1391; x_wconf 76' lang='grc' dir='ltr'>ὄνομα,</span> <span class='ocrx_word' id='word_1_206' title='bbox 3147 1320 3221 1383; x_wconf 87' lang='grc' dir='ltr'>ὠς</span> <span class='ocrx_word' id='word_1_207' title='bbox 3272 1327 3386 1382; x_wconf 80' lang='grc' dir='ltr'>τοῖς</span> <span class='ocrx_word' id='word_1_208' title='bbox 3441 1321 3656 1381; x_wconf 75' lang='grc' dir='ltr'>ἀσεϐέσι</span> <span class='ocrx_word' id='word_1_209' title='bbox 3701 1330 3929 1397; x_wconf 85' lang='grc' dir='ltr'>σκοπὸς,</span> 
     </span>
    </p>
   </div>
   <div class='ocr_carea' id='block_1_29' title="bbox 2284 1396 3931 1486">
    <p class='ocr_par' dir='ltr' id='par_1_29' title="bbox 2284 1396 3931 1486">
     <span class='ocr_line' id='line_1_29' title="bbox 2284 1396 3931 1486; baseline 0.014 -35"><span class='ocrx_word' id='word_1_210' title='bbox 2284 1396 2423 1470; x_wconf 77' lang='grc' dir='ltr'>μηδὲ</span> <span class='ocrx_word' id='word_1_211' title='bbox 2513 1403 2761 1457; x_wconf 82' lang='grc' dir='ltr'>τοιοῦτον</span> <span class='ocrx_word' id='word_1_212' title='bbox 2844 1408 3372 1482; x_wconf 79' lang='grc' dir='ltr'>καταπραξαμένους,</span> <span class='ocrx_word' id='word_1_213' title='bbox 3444 1412 3488 1466; x_wconf 87' lang='grc' dir='ltr'>ὦ</span> <span class='ocrx_word' id='word_1_214' title='bbox 3555 1414 3704 1486; x_wconf 78' lang='grc' dir='ltr'>ἤλιε,</span> <span class='ocrx_word' id='word_1_215' title='bbox 3782 1396 3931 1483; x_wconf 77' lang='grc' dir='ltr'>’ἰδοις</span> 
     </span>
    </p>
   </div>
   <div class='ocr_carea' id='block_1_30' title="bbox 2279 1488 3927 1572">
    <p class='ocr_par' dir='ltr' id='par_1_30' title="bbox 2279 1488 3927 1572">
     <span class='ocr_line' id='line_1_30' title="bbox 2279 1488 3927 1572; baseline 0.015 -31"><span class='ocrx_word' id='word_1_216' title='bbox 2279 1491 2445 1560; x_wconf 77' lang='grc' dir='ltr'>ἡμᾶς.</span> <span class='ocrx_word' id='word_1_217' title='bbox 2490 1493 2592 1547; x_wconf 78' lang='grc' dir='ltr'>Καὶ</span> <span class='ocrx_word' id='word_1_218' title='bbox 2646 1488 2758 1566; x_wconf 76' lang='grc' dir='ltr'>ἅμα</span> <span class='ocrx_word' id='word_1_219' title='bbox 2816 1494 3068 1572; x_wconf 85' lang='grc' dir='ltr'>λέγοντες</span> <span class='ocrx_word' id='word_1_220' title='bbox 3122 1498 3253 1562; x_wconf 81' lang='grc' dir='ltr'>ὅλας</span> <span class='ocrx_word' id='word_1_221' title='bbox 3325 1502 3627 1559; x_wconf 83' lang='grc' dir='ltr'>ἀναπετῶσι</span> <span class='ocrx_word' id='word_1_222' title='bbox 3675 1509 3770 1570; x_wconf 84' lang='grc' dir='ltr'>τάς</span> <span class='ocrx_word' id='word_1_223' title='bbox 3827 1510 3927 1564; x_wconf 82' lang='grc' dir='ltr'>πύ-</span> 
     </span>
    </p>
   </div>
   <div class='ocr_carea' id='block_1_31' title="bbox 2279 1575 3925 1669">
    <p class='ocr_par' dir='ltr' id='par_1_31' title="bbox 2279 1575 3925 1669">
     <span class='ocr_line' id='line_1_31' title="bbox 2279 1575 3925 1669; baseline 0.014 -38"><span class='ocrx_word' id='word_1_224' title='bbox 2279 1575 2396 1647; x_wconf 87' lang='grc' dir='ltr'>λας,</span> <span class='ocrx_word' id='word_1_225' title='bbox 2429 1580 2517 1635; x_wconf 81' lang='grc' dir='ltr'>καὶ</span> <span class='ocrx_word' id='word_1_226' title='bbox 2550 1583 2720 1652; x_wconf 82' lang='grc' dir='ltr'>αὐτῆς</span> <span class='ocrx_word' id='word_1_227' title='bbox 2748 1578 2895 1639; x_wconf 80' lang='grc' dir='ltr'>ἔνδον</span> <span class='ocrx_word' id='word_1_228' title='bbox 2944 1594 3045 1657; x_wconf 80' lang='grc' dir='ltr'>τῆς</span> <span class='ocrx_word' id='word_1_229' title='bbox 3091 1588 3309 1653; x_wconf 89' lang='grc' dir='ltr'>πόλεως</span> <span class='ocrx_word' id='word_1_230' title='bbox 3360 1591 3433 1653; x_wconf 85' lang='grc' dir='ltr'>ὡς</span> <span class='ocrx_word' id='word_1_231' title='bbox 3467 1592 3517 1647; x_wconf 89' lang='grc' dir='ltr'>ἐν</span> <span class='ocrx_word' id='word_1_232' title='bbox 3557 1601 3709 1669; x_wconf 85' lang='grc' dir='ltr'>σηκῷ</span> <span class='ocrx_word' id='word_1_233' title='bbox 3753 1596 3925 1654; x_wconf 81' lang='grc' dir='ltr'>λύκον</span> 
     </span>
    </p>
   </div>
   <div class='ocr_carea' id='block_1_32' title="bbox 2274 1668 3925 1761">
    <p class='ocr_par' dir='ltr' id='par_1_32' title="bbox 2274 1668 3925 1761">
     <span class='ocr_line' id='line_1_32' title="bbox 2274 1668 3925 1761; baseline 0.012 -38"><span class='ocrx_word' id='word_1_234' title='bbox 2274 1668 2366 1723; x_wconf 88' lang='grc' dir='ltr'>τὸν</span> <span class='ocrx_word' id='word_1_235' title='bbox 2394 1671 2633 1745; x_wconf 89' lang='grc' dir='ltr'>πονηρὸν</span> <span class='ocrx_word' id='word_1_236' title='bbox 2677 1670 3011 1751; x_wconf 70' lang='grc' dir='ltr'>είσδέχονται</span> <span class='ocrx_word' id='word_1_237' title='bbox 3066 1676 3313 1751; x_wconf 84' lang='grc' dir='ltr'>βασιλέα.</span> <span class='ocrx_word' id='word_1_238' title='bbox 3344 1681 3406 1737; x_wconf 90' lang='grc' dir='ltr'>Ὁ</span> <span class='ocrx_word' id='word_1_239' title='bbox 3439 1678 3515 1751; x_wconf 76' lang='grc' dir='ltr'>δὲ,</span> <span class='ocrx_word' id='word_1_240' title='bbox 3564 1685 3653 1738; x_wconf 87' lang='lat' dir='ltr'>xui</span> <span class='ocrx_word' id='word_1_241' title='bbox 3704 1693 3925 1761; x_wconf 73' lang='grc' dir='ltr'>σχῆμα,</span> 
     </span>
    </p>
   </div>
   <div class='ocr_carea' id='block_1_33' title="bbox 533 1746 2146 1854">
    <p class='ocr_par' dir='ltr' id='par_1_33' title="bbox 533 1746 2146 1820">
     <span class='ocr_line' id='line_1_33' title="bbox 533 1746 2146 1820; baseline -0.002 -14"><span class='ocrx_word' id='word_1_242' title='bbox 533 1767 666 1806; x_wconf 92' lang='lat' dir='ltr'>cum</span> <span class='ocrx_word' id='word_1_243' title='bbox 699 1754 756 1805; x_wconf 88' lang='lat' dir='ltr'>et</span> <span class='ocrx_word' id='word_1_244' title='bbox 803 1751 1069 1820; x_wconf 85' lang='lat' dir='ltr'>ﬁguram,</span> <span class='ocrx_word' id='word_1_245' title='bbox 1105 1752 1161 1804; x_wconf 89' lang='lat' dir='ltr'>et</span> <span class='ocrx_word' id='word_1_246' title='bbox 1210 1748 1407 1813; x_wconf 91' lang='lat' dir='ltr'>situm,</span> <span class='ocrx_word' id='word_1_247' title='bbox 1450 1752 1507 1803; x_wconf 92' lang='lat' dir='ltr'>et</span> <span class='ocrx_word' id='word_1_248' title='bbox 1555 1746 1717 1802; x_wconf 87' lang='lat' dir='ltr'>illam</span> <span class='ocrx_word' id='word_1_249' title='bbox 1747 1747 1995 1803; x_wconf 85' lang='lat' dir='ltr'>civitatis</span> <span class='ocrx_word' id='word_1_250' title='bbox 2043 1747 2146 1803; x_wconf 91' lang='lat' dir='ltr'>lau</span> 
     </span>
    </p>
   </div>
   <div class='ocr_carea' id='block_1_34' title="bbox 2261 1746 3925 1854">
    <p class='ocr_par' dir='ltr' id='par_1_34' title="bbox 2275 1758 3925 1843">
     <span class='ocr_line' id='line_1_34' title="bbox 2275 1758 3925 1843; baseline 0.012 -32"><span class='ocrx_word' id='word_1_251' title='bbox 2275 1758 2364 1811; x_wconf 80' lang='lat' dir='ltr'>xui</span> <span class='ocrx_word' id='word_1_252' title='bbox 2432 1758 2595 1829; x_wconf 88' lang='grc' dir='ltr'>θέσιν,</span> <span class='ocrx_word' id='word_1_253' title='bbox 2653 1763 2742 1816; x_wconf 87' lang='lat' dir='ltr'>xui</span> <span class='ocrx_word' id='word_1_254' title='bbox 2798 1763 2861 1817; x_wconf 88' lang='grc' dir='ltr'>τὸ</span> <span class='ocrx_word' id='word_1_255' title='bbox 2907 1762 3338 1841; x_wconf 80' lang='grc' dir='ltr'>πολυάνθρωπον</span> <span class='ocrx_word' id='word_1_256' title='bbox 3417 1769 3589 1826; x_wconf 81' lang='grc' dir='ltr'>ἐκεῖνο</span> <span class='ocrx_word' id='word_1_257' title='bbox 3667 1781 3766 1843; x_wconf 78' lang='grc' dir='ltr'>τῆς</span> <span class='ocrx_word' id='word_1_258' title='bbox 3826 1778 3925 1831; x_wconf 82' lang='grc' dir='ltr'>πό-</span> 
     </span>
    </p>
   </div>
   <div class='ocr_carea' id='block_1_35' title="bbox 536 1835 2165 1907">
    <p class='ocr_par' dir='ltr' id='par_1_35' title="bbox 536 1835 2165 1907">
     <span class='ocr_line' id='line_1_35' title="bbox 536 1835 2165 1907; baseline -0.003 -12"><span class='ocrx_word' id='word_1_259' title='bbox 536 1841 732 1895; x_wconf 90' lang='lat' dir='ltr'>dasset</span> <span class='ocrx_word' id='word_1_260' title='bbox 761 1836 1167 1907; x_wconf 85' lang='lat' dir='ltr'>frequentiam,</span> <span class='ocrx_word' id='word_1_261' title='bbox 1188 1844 1244 1892; x_wconf 86' lang='lat' dir='ltr'>et</span> <span class='ocrx_word' id='word_1_262' title='bbox 1266 1836 1477 1891; x_wconf 89' lang='lat' dir='ltr'>civium</span> <span class='ocrx_word' id='word_1_263' title='bbox 1510 1851 1744 1906; x_wconf 89' lang='lat' dir='ltr'>quoque</span> <span class='ocrx_word' id='word_1_264' title='bbox 1774 1835 2165 1907; x_wconf 81' lang='lat' dir='ltr'>splendorem,</span> 
     </span>
    </p>
   </div>
   <div class='ocr_carea' id='block_1_36' title="bbox 531 1923 2165 1997">
    <p class='ocr_par' dir='ltr' id='par_1_36' title="bbox 531 1923 2165 1997">
     <span class='ocr_line' id='line_1_36' title="bbox 531 1923 2165 1997; baseline -0.002 -14"><span class='ocrx_word' id='word_1_265' title='bbox 531 1942 805 1997; x_wconf 83' lang='lat' dir='ltr'>egressus</span> <span class='ocrx_word' id='word_1_266' title='bbox 860 1929 965 1992; x_wconf 90' lang='lat' dir='ltr'>est,</span> <span class='ocrx_word' id='word_1_267' title='bbox 1026 1924 1085 1979; x_wconf 90' lang='lat' dir='ltr'>in</span> <span class='ocrx_word' id='word_1_268' title='bbox 1128 1940 1246 1992; x_wconf 88' lang='lat' dir='ltr'>eos,</span> <span class='ocrx_word' id='word_1_269' title='bbox 1308 1924 1409 1994; x_wconf 92' lang='lat' dir='ltr'>qui</span> <span class='ocrx_word' id='word_1_270' title='bbox 1462 1923 1803 1979; x_wconf 87' lang='lat' dir='ltr'>habitabant</span> <span class='ocrx_word' id='word_1_271' title='bbox 1851 1925 2165 1991; x_wconf 85' lang='lat' dir='ltr'>civitatem,</span> 
     </span>
    </p>
   </div>
   <div class='ocr_carea' id='block_1_37' title="bbox 531 2014 2166 2089">
    <p class='ocr_par' dir='ltr' id='par_1_37' title="bbox 531 2014 2166 2089">
     <span class='ocr_line' id='line_1_37' title="bbox 531 2014 2166 2089; baseline -0.001 -17"><span class='ocrx_word' id='word_1_272' title='bbox 531 2018 730 2089; x_wconf 87' lang='lat' dir='ltr'>gravia</span> <span class='ocrx_word' id='word_1_273' title='bbox 757 2032 1018 2082; x_wconf 87' lang='lat' dir='ltr'>versans,</span> <span class='ocrx_word' id='word_1_274' title='bbox 1062 2020 1125 2070; x_wconf 90' lang='lat' dir='ltr'>ut</span> <span class='ocrx_word' id='word_1_275' title='bbox 1155 2014 1429 2069; x_wconf 87' lang='lat' dir='ltr'>indicavit</span> <span class='ocrx_word' id='word_1_276' title='bbox 1483 2014 1690 2082; x_wconf 85' lang='lat' dir='ltr'>exitus,</span> <span class='ocrx_word' id='word_1_277' title='bbox 1729 2016 2166 2086; x_wconf 88' lang='lat' dir='ltr'>jusjurandum,</span> 
     </span>
    </p>
   </div>
   <div class='ocr_carea' id='block_1_38' title="bbox 526 2104 2166 2177">
    <p class='ocr_par' dir='ltr' id='par_1_38' title="bbox 526 2104 2166 2177">
     <span class='ocr_line' id='line_1_38' title="bbox 526 2104 2166 2177; baseline 0 -16"><span class='ocrx_word' id='word_1_278' title='bbox 526 2111 586 2161; x_wconf 90' lang='lat' dir='ltr'>et</span> <span class='ocrx_word' id='word_1_279' title='bbox 617 2109 786 2177; x_wconf 90' lang='lat' dir='ltr'>pacta</span> <span class='ocrx_word' id='word_1_280' title='bbox 826 2108 1130 2170; x_wconf 88' lang='lat' dir='ltr'>conventa,</span> <span class='ocrx_word' id='word_1_281' title='bbox 1162 2111 1215 2158; x_wconf 88' lang='lat' dir='ltr'>et</span> <span class='ocrx_word' id='word_1_282' title='bbox 1263 2118 1623 2173; x_wconf 83' lang='lat' dir='ltr'>quaecunque</span> <span class='ocrx_word' id='word_1_283' title='bbox 1653 2104 1763 2159; x_wconf 89' lang='lat' dir='ltr'>alia</span> <span class='ocrx_word' id='word_1_284' title='bbox 1793 2104 1875 2159; x_wconf 90' lang='lat' dir='ltr'>eis</span> <span class='ocrx_word' id='word_1_285' title='bbox 1921 2105 2166 2175; x_wconf 83' lang='lat' dir='ltr'>praebuit</span> 
     </span>
    </p>
   </div>
   <div class='ocr_carea' id='block_1_39' title="bbox 526 2191 2161 2265">
    <p class='ocr_par' dir='ltr' id='par_1_39' title="bbox 526 2191 2161 2265">
     <span class='ocr_line' id='line_1_39' title="bbox 526 2191 2161 2265; baseline -0.001 -14"><span class='ocrx_word' id='word_1_286' title='bbox 526 2195 597 2251; x_wconf 89' lang='lat' dir='ltr'>ad</span> <span class='ocrx_word' id='word_1_287' title='bbox 632 2194 803 2248; x_wconf 81' lang='lat' dir='ltr'>fidem</span> <span class='ocrx_word' id='word_1_288' title='bbox 852 2191 1197 2259; x_wconf 85' lang='lat' dir='ltr'>faciendam,</span> <span class='ocrx_word' id='word_1_289' title='bbox 1234 2207 1299 2247; x_wconf 90' lang='lat' dir='ltr'>ea</span> <span class='ocrx_word' id='word_1_290' title='bbox 1343 2208 1468 2247; x_wconf 89' lang='lat' dir='ltr'>esse</span> <span class='ocrx_word' id='word_1_291' title='bbox 1506 2192 1849 2248; x_wconf 87' lang='lat' dir='ltr'>existimans</span> <span class='ocrx_word' id='word_1_292' title='bbox 1881 2194 2161 2265; x_wconf 86' lang='lat' dir='ltr'>puerilem</span> 
     </span>
    </p>
   </div>
   <div class='ocr_carea' id='block_1_40' title="bbox 522 2282 944 2350">
    <p class='ocr_par' dir='ltr' id='par_1_40' title="bbox 522 2282 944 2350">
     <span class='ocr_line' id='line_1_40' title="bbox 522 2282 944 2350; baseline -0.005 -14"><span class='ocrx_word' id='word_1_293' title='bbox 522 2282 944 2350; x_wconf 89' lang='lat' dir='ltr'>deceptionem.</span> 
     </span>
    </p>
   </div>
   <div class='ocr_carea' id='block_1_41' title="bbox 595 2368 2160 2441">
    <p class='ocr_par' dir='ltr' id='par_1_41' title="bbox 595 2368 2160 2441">
     <span class='ocr_line' id='line_1_41' title="bbox 595 2368 2160 2441; baseline 0.004 -19"><span class='ocrx_word' id='word_1_294' title='bbox 595 2370 712 2425; x_wconf 90' lang='lat' dir='ltr'>VII.</span> <span class='ocrx_word' id='word_1_295' title='bbox 729 2368 871 2423; x_wconf 89' lang='lat' dir='ltr'>Cum</span> <span class='ocrx_word' id='word_1_296' title='bbox 897 2372 1089 2423; x_wconf 90' lang='lat' dir='ltr'>autem</span> <span class='ocrx_word' id='word_1_297' title='bbox 1107 2368 1232 2438; x_wconf 92' lang='lat' dir='ltr'>jam</span> <span class='ocrx_word' id='word_1_298' title='bbox 1258 2384 1320 2424; x_wconf 93' lang='lat' dir='ltr'>se</span> <span class='ocrx_word' id='word_1_299' title='bbox 1340 2374 1571 2438; x_wconf 89' lang='lat' dir='ltr'>pararet</span> <span class='ocrx_word' id='word_1_300' title='bbox 1593 2371 1659 2425; x_wconf 91' lang='lat' dir='ltr'>ad</span> <span class='ocrx_word' id='word_1_301' title='bbox 1684 2385 1783 2426; x_wconf 90' lang='lat' dir='ltr'>eos</span> <span class='ocrx_word' id='word_1_302' title='bbox 1805 2373 2160 2441; x_wconf 89' lang='lat' dir='ltr'>evertendos,</span> 
     </span>
    </p>
   </div>
   <div class='ocr_carea' id='block_1_42' title="bbox 521 2456 2162 2535">
    <p class='ocr_par' dir='ltr' id='par_1_42' title="bbox 521 2456 2162 2535">
     <span class='ocr_line' id='line_1_42' title="bbox 521 2456 2162 2535; baseline 0.003 -22"><span class='ocrx_word' id='word_1_303' title='bbox 521 2461 690 2513; x_wconf 86' lang='lat' dir='ltr'>vocat</span> <span class='ocrx_word' id='word_1_304' title='bbox 744 2460 905 2511; x_wconf 87' lang='lat' dir='ltr'>extra</span> <span class='ocrx_word' id='word_1_305' title='bbox 961 2456 1277 2511; x_wconf 89' lang='lat' dir='ltr'>civitatem.</span> <span class='ocrx_word' id='word_1_306' title='bbox 1338 2459 1589 2513; x_wconf 85' lang='lat' dir='ltr'>Aderant</span> <span class='ocrx_word' id='word_1_307' title='bbox 1645 2474 1777 2514; x_wconf 91' lang='lat' dir='ltr'>vero</span> <span class='ocrx_word' id='word_1_308' title='bbox 1834 2461 2162 2535; x_wconf 86' lang='lat' dir='ltr'>quicunque</span> 
     </span>
    </p>
   </div>
   <div class='ocr_carea' id='block_1_43' title="bbox 521 2545 2160 2616">
    <p class='ocr_par' dir='ltr' id='par_1_43' title="bbox 521 2545 2160 2616">
     <span class='ocr_line' id='line_1_43' title="bbox 521 2545 2160 2616; baseline 0.004 -15"><span class='ocrx_word' id='word_1_309' title='bbox 521 2550 688 2602; x_wconf 87' lang='lat' dir='ltr'>erant</span> <span class='ocrx_word' id='word_1_310' title='bbox 719 2546 981 2615; x_wconf 85' lang='lat' dir='ltr'>insignes</span> <span class='ocrx_word' id='word_1_311' title='bbox 1014 2546 1222 2615; x_wconf 86' lang='lat' dir='ltr'>opibus</span> <span class='ocrx_word' id='word_1_312' title='bbox 1253 2553 1304 2601; x_wconf 89' lang='lat' dir='ltr'>et</span> <span class='ocrx_word' id='word_1_313' title='bbox 1334 2545 1538 2616; x_wconf 88' lang='lat' dir='ltr'>gloria.</span> <span class='ocrx_word' id='word_1_314' title='bbox 1572 2547 1691 2601; x_wconf 61' lang='lat' dir='ltr'>Prae</span> <span class='ocrx_word' id='word_1_315' title='bbox 1713 2549 1934 2604; x_wconf 64' lang='lat' dir='ltr'>casteria</span> <span class='ocrx_word' id='word_1_316' title='bbox 1966 2557 2160 2608; x_wconf 90' lang='lat' dir='ltr'>autem</span> 
     </span>
    </p>
   </div>
   <div class='ocr_carea' id='block_1_44' title="bbox 519 2633 2160 2705">
    <p class='ocr_par' dir='ltr' id='par_1_44' title="bbox 519 2633 2160 2705">
     <span class='ocr_line' id='line_1_44' title="bbox 519 2633 2160 2705; baseline 0.003 -15"><span class='ocrx_word' id='word_1_317' title='bbox 519 2636 592 2700; x_wconf 90' lang='lat' dir='ltr'>is,</span> <span class='ocrx_word' id='word_1_318' title='bbox 622 2634 721 2705; x_wconf 92' lang='lat' dir='ltr'>qui</span> <span class='ocrx_word' id='word_1_319' title='bbox 753 2638 810 2688; x_wconf 91' lang='lat' dir='ltr'>et</span> <span class='ocrx_word' id='word_1_320' title='bbox 840 2633 1068 2701; x_wconf 90' lang='lat' dir='ltr'>canitie,</span> <span class='ocrx_word' id='word_1_321' title='bbox 1100 2637 1156 2688; x_wconf 91' lang='lat' dir='ltr'>et</span> <span class='ocrx_word' id='word_1_322' title='bbox 1187 2634 1493 2704; x_wconf 88' lang='lat' dir='ltr'>sapientia,</span> <span class='ocrx_word' id='word_1_323' title='bbox 1527 2638 1583 2689; x_wconf 87' lang='lat' dir='ltr'>et</span> <span class='ocrx_word' id='word_1_324' title='bbox 1614 2651 1841 2691; x_wconf 88' lang='lat' dir='ltr'>morum</span> <span class='ocrx_word' id='word_1_325' title='bbox 1873 2639 2160 2696; x_wconf 83' lang='lat' dir='ltr'>modestia</span> 
     </span>
    </p>
   </div>
   <div class='ocr_carea' id='block_1_45' title="bbox 514 2720 2155 2797">
    <p class='ocr_par' dir='ltr' id='par_1_45' title="bbox 514 2720 2155 2797">
     <span class='ocr_line' id='line_1_45' title="bbox 514 2720 2155 2797; baseline 0.004 -19"><span class='ocrx_word' id='word_1_326' title='bbox 514 2728 638 2778; x_wconf 90' lang='lat' dir='ltr'>erat</span> <span class='ocrx_word' id='word_1_327' title='bbox 693 2720 1233 2789; x_wconf 68' lang='lat' dir='ltr'>praestantissimus,</span> <span class='ocrx_word' id='word_1_328' title='bbox 1268 2722 1527 2791; x_wconf 91' lang='lat' dir='ltr'>divinus,</span> <span class='ocrx_word' id='word_1_329' title='bbox 1578 2724 1845 2795; x_wconf 89' lang='lat' dir='ltr'>inquam,</span> <span class='ocrx_word' id='word_1_330' title='bbox 1889 2728 2155 2797; x_wconf 87' lang='lat' dir='ltr'>Arethas,</span> 
     </span>
    </p>
   </div>
   <div class='ocr_carea' id='block_1_46' title="bbox 516 2810 2154 2882">
    <p class='ocr_par' dir='ltr' id='par_1_46' title="bbox 516 2810 2154 2882">
     <span class='ocr_line' id='line_1_46' title="bbox 516 2810 2154 2882; baseline 0.004 -15"><span class='ocrx_word' id='word_1_331' title='bbox 516 2812 610 2868; x_wconf 91' lang='lat' dir='ltr'>cui</span> <span class='ocrx_word' id='word_1_332' title='bbox 658 2812 769 2882; x_wconf 88' lang='lat' dir='ltr'>ipsi</span> <span class='ocrx_word' id='word_1_333' title='bbox 812 2826 1041 2881; x_wconf 89' lang='lat' dir='ltr'>quoque</span> <span class='ocrx_word' id='word_1_334' title='bbox 1084 2810 1277 2866; x_wconf 86' lang='lat' dir='ltr'>fuerat</span> <span class='ocrx_word' id='word_1_335' title='bbox 1304 2812 1622 2867; x_wconf 87' lang='lat' dir='ltr'>commissa</span> <span class='ocrx_word' id='word_1_336' title='bbox 1666 2814 1841 2869; x_wconf 90' lang='lat' dir='ltr'>rectio</span> <span class='ocrx_word' id='word_1_337' title='bbox 1884 2815 2154 2876; x_wconf 87' lang='lat' dir='ltr'>civitatis.</span> 
     </span>
    </p>
   </div>
   <div class='ocr_carea' id='block_1_47' title="bbox 513 2900 2154 2972">
    <p class='ocr_par' dir='ltr' id='par_1_47' title="bbox 513 2900 2154 2972">
     <span class='ocr_line' id='line_1_47' title="bbox 513 2900 2154 2972; baseline 0.002 -15"><span class='ocrx_word' id='word_1_338' title='bbox 513 2902 728 2957; x_wconf 88' lang='lat' dir='ltr'>Omnes</span> <span class='ocrx_word' id='word_1_339' title='bbox 778 2900 959 2972; x_wconf 88' lang='lat' dir='ltr'>igitur</span> <span class='ocrx_word' id='word_1_340' title='bbox 991 2900 1498 2968; x_wconf 89' lang='lat' dir='ltr'>commendabant,</span> <span class='ocrx_word' id='word_1_341' title='bbox 1541 2901 1914 2971; x_wconf 89' lang='lat' dir='ltr'>extollebant,</span> <span class='ocrx_word' id='word_1_342' title='bbox 1966 2904 2154 2961; x_wconf 88' lang='lat' dir='ltr'>laudi-</span> 
     </span>
    </p>
   </div>
   <div class='ocr_carea' id='block_1_48' title="bbox 513 2988 2157 3058">
    <p class='ocr_par' dir='ltr' id='par_1_48' title="bbox 513 2988 2157 3058">
     <span class='ocr_line' id='line_1_48' title="bbox 513 2988 2157 3058; baseline 0.004 -14"><span class='ocrx_word' id='word_1_343' title='bbox 513 2991 732 3058; x_wconf 87' lang='lat' dir='ltr'>busque</span> <span class='ocrx_word' id='word_1_344' title='bbox 764 2988 1157 3055; x_wconf 89' lang='lat' dir='ltr'>celebrabant,</span> <span class='ocrx_word' id='word_1_345' title='bbox 1183 2994 1240 3043; x_wconf 91' lang='lat' dir='ltr'>et</span> <span class='ocrx_word' id='word_1_346' title='bbox 1260 3004 1493 3044; x_wconf 90' lang='lat' dir='ltr'>omnem</span> <span class='ocrx_word' id='word_1_347' title='bbox 1519 2990 1797 3046; x_wconf 86' lang='lat' dir='ltr'>honorem</span> <span class='ocrx_word' id='word_1_348' title='bbox 1823 2995 2157 3051; x_wconf 88' lang='lat' dir='ltr'>tribuebant</span> 
     </span>
    </p>
   </div>
   <div class='ocr_carea' id='block_1_49' title="bbox 512 3077 2151 3148">
    <p class='ocr_par' dir='ltr' id='par_1_49' title="bbox 512 3077 2151 3148">
     <span class='ocr_line' id='line_1_49' title="bbox 512 3077 2151 3148; baseline 0.005 -16"><span class='ocrx_word' id='word_1_349' title='bbox 512 3077 585 3146; x_wconf 92' lang='lat' dir='ltr'>ei,</span> <span class='ocrx_word' id='word_1_350' title='bbox 630 3078 729 3148; x_wconf 91' lang='lat' dir='ltr'>qui</span> <span class='ocrx_word' id='word_1_351' title='bbox 777 3077 1086 3131; x_wconf 88' lang='lat' dir='ltr'>videbatur</span> <span class='ocrx_word' id='word_1_352' title='bbox 1127 3091 1255 3131; x_wconf 89' lang='lat' dir='ltr'>esse</span> <span class='ocrx_word' id='word_1_353' title='bbox 1298 3082 1553 3133; x_wconf 88' lang='lat' dir='ltr'>servator</span> <span class='ocrx_word' id='word_1_354' title='bbox 1582 3084 1638 3134; x_wconf 89' lang='lat' dir='ltr'>et</span> <span class='ocrx_word' id='word_1_355' title='bbox 1668 3096 1784 3135; x_wconf 88' lang='lat' dir='ltr'>rex.</span> <span class='ocrx_word' id='word_1_356' title='bbox 1821 3081 1919 3137; x_wconf 90' lang='lat' dir='ltr'>Ille</span> <span class='ocrx_word' id='word_1_357' title='bbox 1958 3088 2151 3140; x_wconf 90' lang='lat' dir='ltr'>autem</span> 
     </span>
    </p>
   </div>
   <div class='ocr_carea' id='block_1_50' title="bbox 512 3150 2235 3240">
    <p class='ocr_par' dir='ltr' id='par_1_50' title="bbox 512 3150 2235 3240">
     <span class='ocr_line' id='line_1_50' title="bbox 512 3150 2235 3240; baseline 0.004 -19"><span class='ocrx_word' id='word_1_358' title='bbox 512 3164 624 3221; x_wconf 88' lang='lat' dir='ltr'>sibi</span> <span class='ocrx_word' id='word_1_359' title='bbox 671 3165 857 3235; x_wconf 86' lang='lat' dir='ltr'>culpae</span> <span class='ocrx_word' id='word_1_360' title='bbox 906 3165 1164 3219; x_wconf 89' lang='lat' dir='ltr'>dandum</span> <span class='ocrx_word' id='word_1_361' title='bbox 1196 3180 1320 3221; x_wconf 91' lang='lat' dir='ltr'>esse</span> <span class='ocrx_word' id='word_1_362' title='bbox 1351 3166 1632 3235; x_wconf 89' lang='lat' dir='ltr'>tribuens,</span> <span class='ocrx_word' id='word_1_363' title='bbox 1691 3171 1842 3240; x_wconf 87' lang='lat' dir='ltr'>quod</span> <span class='ocrx_word' id='word_1_364' title='bbox 1896 3172 2152 3229; x_wconf 79' lang='lat' dir='ltr'>differret</span> <span class='ocrx_word' id='word_1_365' title='bbox 2186 3150 2235 3217; x_wconf 73' lang='grc' dir='ltr'><strong>Ο</strong></span> 
     </span>
    </p>
   </div>
   <div class='ocr_carea' id='block_1_51' title="bbox 511 3253 2145 3332">
    <p class='ocr_par' dir='ltr' id='par_1_51' title="bbox 511 3253 2145 3332">
     <span class='ocr_line' id='line_1_51' title="bbox 511 3253 2145 3332; baseline 0.004 -23"><span class='ocrx_word' id='word_1_366' title='bbox 511 3255 667 3309; x_wconf 91' lang='lat' dir='ltr'>cerni</span> <span class='ocrx_word' id='word_1_367' title='bbox 701 3253 915 3319; x_wconf 89' lang='lat' dir='ltr'>malus,</span> <span class='ocrx_word' id='word_1_368' title='bbox 977 3270 1093 3308; x_wconf 91' lang='lat' dir='ltr'>non</span> <span class='ocrx_word' id='word_1_369' title='bbox 1146 3254 1384 3325; x_wconf 81' lang='lat' dir='ltr'>amplius</span> <span class='ocrx_word' id='word_1_370' title='bbox 1434 3261 1771 3327; x_wconf 88' lang='lat' dir='ltr'>exspectans</span> <span class='ocrx_word' id='word_1_371' title='bbox 1811 3261 2013 3329; x_wconf 91' lang='lat' dir='ltr'>aperit,</span> <span class='ocrx_word' id='word_1_372' title='bbox 2047 3264 2145 3332; x_wconf 91' lang='lat' dir='ltr'>qui</span> 
     </span>
    </p>
   </div>
   <div class='ocr_carea' id='block_1_52' title="bbox 504 3341 2145 3417">
    <p class='ocr_par' dir='ltr' id='par_1_52' title="bbox 504 3341 2145 3417">
     <span class='ocr_line' id='line_1_52' title="bbox 504 3341 2145 3417; baseline 0.006 -22"><span class='ocrx_word' id='word_1_373' title='bbox 504 3342 662 3396; x_wconf 86' lang='lat' dir='ltr'>intus</span> <span class='ocrx_word' id='word_1_374' title='bbox 702 3341 932 3409; x_wconf 87' lang='lat' dir='ltr'>latebat,</span> <span class='ocrx_word' id='word_1_375' title='bbox 983 3343 1247 3413; x_wconf 87' lang='lat' dir='ltr'>Dunaan,</span> <span class='ocrx_word' id='word_1_376' title='bbox 1295 3350 1353 3399; x_wconf 90' lang='lat' dir='ltr'>et</span> <span class='ocrx_word' id='word_1_377' title='bbox 1385 3346 1567 3414; x_wconf 88' lang='lat' dir='ltr'>jussit</span> <span class='ocrx_word' id='word_1_378' title='bbox 1622 3346 1888 3417; x_wconf 89' lang='lat' dir='ltr'>protinus</span> <span class='ocrx_word' id='word_1_379' title='bbox 1945 3365 2145 3406; x_wconf 90' lang='lat' dir='ltr'>omnes</span> 
     </span>
    </p>
   </div>
   <div class='ocr_carea' id='block_1_53' title="bbox 501 3429 2139 3505">
    <p class='ocr_par' dir='ltr' id='par_1_53' title="bbox 501 3429 2139 3505">
     <span class='ocr_line' id='line_1_53' title="bbox 501 3429 2139 3505; baseline 0.006 -22"><span class='ocrx_word' id='word_1_380' title='bbox 501 3429 781 3484; x_wconf 89' lang='lat' dir='ltr'>custodiri</span> <span class='ocrx_word' id='word_1_381' title='bbox 814 3431 872 3486; x_wconf 89' lang='lat' dir='ltr'>in</span> <span class='ocrx_word' id='word_1_382' title='bbox 912 3431 1183 3487; x_wconf 90' lang='lat' dir='ltr'>vinculis.</span> <span class='ocrx_word' id='word_1_383' title='bbox 1218 3433 1440 3488; x_wconf 90' lang='lat' dir='ltr'>Deinde</span> <span class='ocrx_word' id='word_1_384' title='bbox 1470 3435 1644 3490; x_wconf 89' lang='lat' dir='ltr'>etiam</span> <span class='ocrx_word' id='word_1_385' title='bbox 1677 3435 1923 3505; x_wconf 87' lang='lat' dir='ltr'>privavit</span> <span class='ocrx_word' id='word_1_386' title='bbox 1956 3437 2139 3493; x_wconf 84' lang='lat' dir='ltr'>facul-</span> 
     </span>
    </p>
   </div>
   <div class='ocr_carea' id='block_1_54' title="bbox 498 3517 2140 3589">
    <p class='ocr_par' dir='ltr' id='par_1_54' title="bbox 498 3517 2140 3589">
     <span class='ocr_line' id='line_1_54' title="bbox 498 3517 2140 3589; baseline 0.007 -18"><span class='ocrx_word' id='word_1_387' title='bbox 498 3517 741 3586; x_wconf 85' lang='lat' dir='ltr'>tatibus,</span> <span class='ocrx_word' id='word_1_388' title='bbox 781 3524 837 3572; x_wconf 89' lang='lat' dir='ltr'>et</span> <span class='ocrx_word' id='word_1_389' title='bbox 883 3520 1106 3589; x_wconf 86' lang='lat' dir='ltr'>rogavit</span> <span class='ocrx_word' id='word_1_390' title='bbox 1164 3520 1403 3576; x_wconf 89' lang='lat' dir='ltr'>ubinam</span> <span class='ocrx_word' id='word_1_391' title='bbox 1461 3526 1612 3577; x_wconf 90' lang='lat' dir='ltr'>esset</span> <span class='ocrx_word' id='word_1_392' title='bbox 1668 3524 1885 3579; x_wconf 91' lang='lat' dir='ltr'>Paulus</span> <span class='ocrx_word' id='word_1_393' title='bbox 1942 3540 2140 3582; x_wconf 87' lang='lat' dir='ltr'>eorum</span> 
     </span>
    </p>
   </div>
   <div class='ocr_carea' id='block_1_55' title="bbox 505 3604 2142 3679">
    <p class='ocr_par' dir='ltr' id='par_1_55' title="bbox 505 3604 2142 3679">
     <span class='ocr_line' id='line_1_55' title="bbox 505 3604 2142 3679; baseline 0.007 -19"><span class='ocrx_word' id='word_1_394' title='bbox 505 3604 832 3675; x_wconf 88' lang='lat' dir='ltr'>episc0pus.</span> <span class='ocrx_word' id='word_1_395' title='bbox 876 3606 1017 3661; x_wconf 89' lang='lat' dir='ltr'>Cum</span> <span class='ocrx_word' id='word_1_396' title='bbox 1077 3612 1271 3663; x_wconf 90' lang='lat' dir='ltr'>autem</span> <span class='ocrx_word' id='word_1_397' title='bbox 1323 3610 1443 3679; x_wconf 90' lang='lat' dir='ltr'>jam</span> <span class='ocrx_word' id='word_1_398' title='bbox 1493 3611 1723 3666; x_wconf 91' lang='lat' dir='ltr'>duobus</span> <span class='ocrx_word' id='word_1_399' title='bbox 1778 3620 1914 3669; x_wconf 86' lang='lat' dir='ltr'>ante</span> <span class='ocrx_word' id='word_1_400' title='bbox 1971 3617 2142 3671; x_wconf 89' lang='lat' dir='ltr'>annis</span> 
     </span>
    </p>
   </div>
   <div class='ocr_carea' id='block_1_56' title="bbox 507 3692 2141 3761">
    <p class='ocr_par' dir='ltr' id='par_1_56' title="bbox 507 3692 2141 3761">
     <span class='ocr_line' id='line_1_56' title="bbox 507 3692 2141 3761; baseline 0.008 -15"><span class='ocrx_word' id='word_1_401' title='bbox 507 3708 637 3746; x_wconf 89' lang='lat' dir='ltr'>eum</span> <span class='ocrx_word' id='word_1_402' title='bbox 671 3692 1045 3749; x_wconf 82' lang='lat' dir='ltr'>intellexisset</span> <span class='ocrx_word' id='word_1_403' title='bbox 1100 3711 1226 3751; x_wconf 89' lang='lat' dir='ltr'>esse</span> <span class='ocrx_word' id='word_1_404' title='bbox 1267 3702 1588 3761; x_wconf 89' lang='lat' dir='ltr'>mortuum,</span> <span class='ocrx_word' id='word_1_405' title='bbox 1650 3716 1763 3753; x_wconf 91' lang='lat' dir='ltr'>non</span> <span class='ocrx_word' id='word_1_406' title='bbox 1814 3701 2033 3759; x_wconf 86' lang='lat' dir='ltr'>habens</span> <span class='ocrx_word' id='word_1_407' title='bbox 2081 3704 2141 3759; x_wconf 90' lang='lat' dir='ltr'>in</span> 
     </span>
    </p>
   </div>
   <div class='ocr_carea' id='block_1_57' title="bbox 506 3779 2141 3859">
    <p class='ocr_par' dir='ltr' id='par_1_57' title="bbox 506 3779 2141 3859">
     <span class='ocr_line' id='line_1_57' title="bbox 506 3779 2141 3859; baseline 0.01 -28"><span class='ocrx_word' id='word_1_408' title='bbox 506 3795 679 3850; x_wconf 89' lang='lat' dir='ltr'>quem</span> <span class='ocrx_word' id='word_1_409' title='bbox 711 3779 858 3833; x_wconf 90' lang='lat' dir='ltr'>iram</span> <span class='ocrx_word' id='word_1_410' title='bbox 918 3780 1277 3847; x_wconf 89' lang='lat' dir='ltr'>immitteret,</span> <span class='ocrx_word' id='word_1_411' title='bbox 1310 3786 1603 3839; x_wconf 88' lang='lat' dir='ltr'>contendit</span> <span class='ocrx_word' id='word_1_412' title='bbox 1634 3787 1704 3840; x_wconf 89' lang='lat' dir='ltr'>ad</span> <span class='ocrx_word' id='word_1_413' title='bbox 1739 3788 2049 3859; x_wconf 90' lang='lat' dir='ltr'>pulverem,</span> <span class='ocrx_word' id='word_1_414' title='bbox 2084 3799 2141 3847; x_wconf 90' lang='lat' dir='ltr'>et</span> 
     </span>
    </p>
   </div>
   <div class='ocr_carea' id='block_1_58' title="bbox 488 3867 2141 3943">
    <p class='ocr_par' dir='ltr' id='par_1_58' title="bbox 488 3867 2141 3943">
     <span class='ocr_line' id='line_1_58' title="bbox 488 3867 2141 3943; baseline 0.008 -22"><span class='ocrx_word' id='word_1_415' title='bbox 488 3867 677 3938; x_wconf 89' lang='lat' dir='ltr'>jussit</span> <span class='ocrx_word' id='word_1_416' title='bbox 707 3868 1039 3938; x_wconf 89' lang='lat' dir='ltr'>sepulcrum</span> <span class='ocrx_word' id='word_1_417' title='bbox 1073 3868 1341 3938; x_wconf 75' lang='lat' dir='ltr'>effodere,</span> <span class='ocrx_word' id='word_1_418' title='bbox 1382 3876 1440 3926; x_wconf 88' lang='lat' dir='ltr'>et</span> <span class='ocrx_word' id='word_1_419' title='bbox 1469 3871 1626 3928; x_wconf 93' lang='lat' dir='ltr'>illius</span> <span class='ocrx_word' id='word_1_420' title='bbox 1658 3890 1865 3943; x_wconf 90' lang='lat' dir='ltr'>corpus</span> <span class='ocrx_word' id='word_1_421' title='bbox 1898 3881 2141 3935; x_wconf 90' lang='lat' dir='ltr'>combu-</span> 
     </span>
    </p>
   </div>
   <div class='ocr_carea' id='block_1_59' title="bbox 496 3955 2139 4037">
    <p class='ocr_par' dir='ltr' id='par_1_59' title="bbox 496 3955 2139 4037">
     <span class='ocr_line' id='line_1_59' title="bbox 496 3955 2139 4037; baseline 0.009 -28"><span class='ocrx_word' id='word_1_422' title='bbox 496 3959 689 4010; x_wconf 88' lang='lat' dir='ltr'>rentes</span> <span class='ocrx_word' id='word_1_423' title='bbox 723 3955 779 4009; x_wconf 89' lang='lat' dir='ltr'>in</span> <span class='ocrx_word' id='word_1_424' title='bbox 815 3971 1002 4011; x_wconf 87' lang='lat' dir='ltr'>aerem</span> <span class='ocrx_word' id='word_1_425' title='bbox 1036 3956 1334 4013; x_wconf 87' lang='lat' dir='ltr'>ventilare.</span> <span class='ocrx_word' id='word_1_426' title='bbox 1368 3958 1537 4014; x_wconf 87' lang='lat' dir='ltr'>Aliud</span> <span class='ocrx_word' id='word_1_427' title='bbox 1587 3977 1818 4033; x_wconf 92' lang='lat' dir='ltr'>quoque</span> <span class='ocrx_word' id='word_1_428' title='bbox 1850 3967 2139 4037; x_wconf 82' lang='lat' dir='ltr'>excogitat</span> 
     </span>
    </p>
   </div>
   <div class='ocr_carea' id='block_1_60' title="bbox 495 4044 2138 4123">
    <p class='ocr_par' dir='ltr' id='par_1_60' title="bbox 495 4044 2138 4123">
     <span class='ocr_line' id='line_1_60' title="bbox 495 4044 2138 4123; baseline 0.009 -26"><span class='ocrx_word' id='word_1_429' title='bbox 495 4044 717 4098; x_wconf 84' lang='lat' dir='ltr'>furiosa</span> <span class='ocrx_word' id='word_1_430' title='bbox 745 4044 962 4113; x_wconf 86' lang='lat' dir='ltr'>anima,</span> <span class='ocrx_word' id='word_1_431' title='bbox 996 4060 1101 4099; x_wconf 91' lang='lat' dir='ltr'>nec</span> <span class='ocrx_word' id='word_1_432' title='bbox 1130 4061 1255 4100; x_wconf 89' lang='lat' dir='ltr'>eam</span> <span class='ocrx_word' id='word_1_433' title='bbox 1284 4048 1437 4118; x_wconf 89' lang='lat' dir='ltr'>capit</span> <span class='ocrx_word' id='word_1_434' title='bbox 1467 4049 1705 4105; x_wconf 89' lang='lat' dir='ltr'>satietas</span> <span class='ocrx_word' id='word_1_435' title='bbox 1748 4050 1962 4123; x_wconf 85' lang='lat' dir='ltr'>aliquid</span> <span class='ocrx_word' id='word_1_436' title='bbox 2016 4072 2138 4112; x_wconf 88' lang='lat' dir='ltr'>mo-</span> 
     </span>
    </p>
   </div>
   <div class='ocr_carea' id='block_1_61' title="bbox 494 4132 2134 4210">
    <p class='ocr_par' dir='ltr' id='par_1_61' title="bbox 494 4132 2134 4210">
     <span class='ocr_line' id='line_1_61' title="bbox 494 4132 2134 4210; baseline 0.009 -23"><span class='ocrx_word' id='word_1_437' title='bbox 494 4132 671 4187; x_wconf 91' lang='lat' dir='ltr'>liendi</span> <span class='ocrx_word' id='word_1_438' title='bbox 704 4132 984 4187; x_wconf 89' lang='lat' dir='ltr'>adversus</span> <span class='ocrx_word' id='word_1_439' title='bbox 1015 4134 1396 4203; x_wconf 88' lang='lat' dir='ltr'>Christianos,</span> <span class='ocrx_word' id='word_1_440' title='bbox 1432 4138 1531 4193; x_wconf 91' lang='lat' dir='ltr'>sed</span> <span class='ocrx_word' id='word_1_441' title='bbox 1564 4139 1734 4210; x_wconf 88' lang='lat' dir='ltr'>jubet</span> <span class='ocrx_word' id='word_1_442' title='bbox 1779 4145 2014 4199; x_wconf 90' lang='lat' dir='ltr'>accendi</span> <span class='ocrx_word' id='word_1_443' title='bbox 2047 4162 2134 4201; x_wconf 88' lang='lat' dir='ltr'>ro-</span> 
     </span>
    </p>
   </div>
   <div class='ocr_carea' id='block_1_62' title="bbox 494 4221 2133 4297">
    <p class='ocr_par' dir='ltr' id='par_1_62' title="bbox 494 4221 2133 4297">
     <span class='ocr_line' id='line_1_62' title="bbox 494 4221 2133 4297; baseline 0.01 -25"><span class='ocrx_word' id='word_1_444' title='bbox 494 4236 658 4291; x_wconf 89' lang='lat' dir='ltr'>gum,</span> <span class='ocrx_word' id='word_1_445' title='bbox 692 4222 788 4291; x_wconf 88' lang='lat' dir='ltr'>qui</span> <span class='ocrx_word' id='word_1_446' title='bbox 824 4221 1007 4276; x_wconf 88' lang='lat' dir='ltr'>multa</span> <span class='ocrx_word' id='word_1_447' title='bbox 1035 4222 1291 4278; x_wconf 88' lang='lat' dir='ltr'>aleretur</span> <span class='ocrx_word' id='word_1_448' title='bbox 1318 4227 1581 4297; x_wconf 88' lang='lat' dir='ltr'>materia,</span> <span class='ocrx_word' id='word_1_449' title='bbox 1606 4234 1661 4283; x_wconf 91' lang='lat' dir='ltr'>et</span> <span class='ocrx_word' id='word_1_450' title='bbox 1694 4230 1896 4286; x_wconf 89' lang='lat' dir='ltr'>statim</span> <span class='ocrx_word' id='word_1_451' title='bbox 1938 4234 2133 4290; x_wconf 87' lang='lat' dir='ltr'>civita-</span> 
     </span>
    </p>
   </div>
   <div class='ocr_carea' id='block_1_63' title="bbox 493 4307 2134 4388">
    <p class='ocr_par' dir='ltr' id='par_1_63' title="bbox 493 4307 2134 4388">
     <span class='ocr_line' id='line_1_63' title="bbox 493 4307 2134 4388; baseline 0.01 -26"><span class='ocrx_word' id='word_1_452' title='bbox 493 4307 593 4367; x_wconf 89' lang='lat' dir='ltr'>tis,</span> <span class='ocrx_word' id='word_1_453' title='bbox 628 4313 683 4362; x_wconf 91' lang='lat' dir='ltr'>et</span> <span class='ocrx_word' id='word_1_454' title='bbox 725 4310 872 4377; x_wconf 90' lang='lat' dir='ltr'>ejus,</span> <span class='ocrx_word' id='word_1_455' title='bbox 902 4327 1028 4379; x_wconf 64' lang='lat' dir='ltr'>quae</span> <span class='ocrx_word' id='word_1_456' title='bbox 1061 4315 1149 4365; x_wconf 89' lang='lat' dir='ltr'>est</span> <span class='ocrx_word' id='word_1_457' title='bbox 1189 4313 1585 4382; x_wconf 88' lang='lat' dir='ltr'>circumcirca,</span> <span class='ocrx_word' id='word_1_458' title='bbox 1639 4319 1893 4388; x_wconf 87' lang='lat' dir='ltr'>regionis</span> <span class='ocrx_word' id='word_1_459' title='bbox 1943 4338 2134 4378; x_wconf 90' lang='lat' dir='ltr'>sacer-</span> 
     </span>
    </p>
   </div>
   <div class='ocr_carea' id='block_1_64' title="bbox 490 4396 2129 4480">
    <p class='ocr_par' dir='ltr' id='par_1_64' title="bbox 490 4396 2129 4480">
     <span class='ocr_line' id='line_1_64' title="bbox 490 4396 2129 4480; baseline 0.011 -32"><span class='ocrx_word' id='word_1_460' title='bbox 490 4396 669 4461; x_wconf 90' lang='lat' dir='ltr'>dotes,</span> <span class='ocrx_word' id='word_1_461' title='bbox 704 4402 761 4450; x_wconf 89' lang='lat' dir='ltr'>et</span> <span class='ocrx_word' id='word_1_462' title='bbox 810 4398 1145 4467; x_wconf 84' lang='lat' dir='ltr'>monachos,</span> <span class='ocrx_word' id='word_1_463' title='bbox 1178 4404 1234 4452; x_wconf 91' lang='lat' dir='ltr'>et</span> <span class='ocrx_word' id='word_1_464' title='bbox 1291 4401 1406 4456; x_wconf 90' lang='lat' dir='ltr'>Deo</span> <span class='ocrx_word' id='word_1_465' title='bbox 1438 4412 1801 4460; x_wconf 90' lang='lat' dir='ltr'>consecratas</span> <span class='ocrx_word' id='word_1_466' title='bbox 1855 4408 2129 4480; x_wconf 86' lang='lat' dir='ltr'>virgines,</span> 
     </span>
    </p>
   </div>
   <div class='ocr_carea' id='block_1_65' title="bbox 492 4484 2130 4562">
    <p class='ocr_par' dir='ltr' id='par_1_65' title="bbox 492 4484 2130 4562">
     <span class='ocr_line' id='line_1_65' title="bbox 492 4484 2130 4562; baseline 0.013 -28"><span class='ocrx_word' id='word_1_467' title='bbox 492 4484 631 4553; x_wconf 87' lang='lat' dir='ltr'>quin</span> <span class='ocrx_word' id='word_1_468' title='bbox 662 4484 837 4537; x_wconf 87' lang='lat' dir='ltr'>etiam</span> <span class='ocrx_word' id='word_1_469' title='bbox 870 4484 1107 4540; x_wconf 87' lang='lat' dir='ltr'>feminas</span> <span class='ocrx_word' id='word_1_470' title='bbox 1154 4502 1283 4555; x_wconf 75' lang='lat' dir='ltr'>quae</span> <span class='ocrx_word' id='word_1_471' title='bbox 1331 4490 1502 4543; x_wconf 82' lang='lat' dir='ltr'>vitam</span> <span class='ocrx_word' id='word_1_472' title='bbox 1529 4490 1820 4562; x_wconf 90' lang='lat' dir='ltr'>elegerant</span> <span class='ocrx_word' id='word_1_473' title='bbox 1850 4500 2130 4555; x_wconf 86' lang='lat' dir='ltr'>monasti-</span> 
     </span>
    </p>
   </div>
   <div class='ocr_carea' id='block_1_66' title="bbox 487 4572 2123 4657">
    <p class='ocr_par' dir='ltr' id='par_1_66' title="bbox 487 4572 2123 4657">
     <span class='ocr_line' id='line_1_66' title="bbox 487 4572 2123 4657; baseline 0.01 -31"><span class='ocrx_word' id='word_1_474' title='bbox 487 4586 638 4635; x_wconf 88' lang='lat' dir='ltr'>cam,</span> <span class='ocrx_word' id='word_1_475' title='bbox 678 4588 882 4626; x_wconf 87' lang='lat' dir='ltr'>omnes</span> <span class='ocrx_word' id='word_1_476' title='bbox 913 4572 1085 4626; x_wconf 84' lang='lat' dir='ltr'>simul</span> <span class='ocrx_word' id='word_1_477' title='bbox 1137 4574 1193 4627; x_wconf 89' lang='lat' dir='ltr'>in</span> <span class='ocrx_word' id='word_1_478' title='bbox 1240 4590 1373 4629; x_wconf 90' lang='lat' dir='ltr'>eum</span> <span class='ocrx_word' id='word_1_479' title='bbox 1406 4577 1589 4647; x_wconf 90' lang='lat' dir='ltr'>injici.</span> <span class='ocrx_word' id='word_1_480' title='bbox 1626 4580 1668 4634; x_wconf 89' lang='lat' dir='ltr'>Ii</span> <span class='ocrx_word' id='word_1_481' title='bbox 1701 4583 1881 4649; x_wconf 88' lang='lat' dir='ltr'>enim,</span> <span class='ocrx_word' id='word_1_482' title='bbox 1917 4586 2123 4657; x_wconf 88' lang='lat' dir='ltr'>inqult,</span> 
     </span>
    </p>
   </div>
   <div class='ocr_carea' id='block_1_67' title="bbox 489 4658 2125 4741">
    <p class='ocr_par' dir='ltr' id='par_1_67' title="bbox 489 4658 2125 4741">
     <span class='ocr_line' id='line_1_67' title="bbox 489 4658 2125 4741; baseline 0.012 -28"><span class='ocrx_word' id='word_1_483' title='bbox 489 4662 627 4713; x_wconf 89' lang='lat' dir='ltr'>sunt</span> <span class='ocrx_word' id='word_1_484' title='bbox 658 4658 826 4727; x_wconf 83' lang='lat' dir='ltr'>plane</span> <span class='ocrx_word' id='word_1_485' title='bbox 854 4675 1028 4714; x_wconf 90' lang='lat' dir='ltr'>causa</span> <span class='ocrx_word' id='word_1_486' title='bbox 1080 4660 1331 4717; x_wconf 88' lang='lat' dir='ltr'>aliorum</span> <span class='ocrx_word' id='word_1_487' title='bbox 1384 4664 1675 4736; x_wconf 89' lang='lat' dir='ltr'>interitus,</span> <span class='ocrx_word' id='word_1_488' title='bbox 1709 4677 2125 4741; x_wconf 72' lang='lat' dir='ltr'>persuatlentes</span> 
     </span>
    </p>
   </div>
   <div class='ocr_carea' id='block_1_68' title="bbox 488 4747 2125 4836">
    <p class='ocr_par' dir='ltr' id='par_1_68' title="bbox 488 4747 2125 4836">
     <span class='ocr_line' id='line_1_68' title="bbox 488 4747 2125 4836; baseline 0.012 -35"><span class='ocrx_word' id='word_1_489' title='bbox 488 4747 825 4801; x_wconf 82' lang='lat' dir='ltr'>crucifixum</span> <span class='ocrx_word' id='word_1_490' title='bbox 877 4749 1083 4818; x_wconf 89' lang='lat' dir='ltr'>colere,</span> <span class='ocrx_word' id='word_1_491' title='bbox 1116 4754 1396 4821; x_wconf 89' lang='lat' dir='ltr'>tanquam</span> <span class='ocrx_word' id='word_1_492' title='bbox 1448 4755 1649 4811; x_wconf 90' lang='lat' dir='ltr'>Deum.</span> <span class='ocrx_word' id='word_1_493' title='bbox 1708 4760 1791 4814; x_wconf 87' lang='lat' dir='ltr'>Ad</span> <span class='ocrx_word' id='word_1_494' title='bbox 1839 4761 1957 4817; x_wconf 66' lang='lat' dir='ltr'>haec</span> <span class='ocrx_word' id='word_1_495' title='bbox 2004 4782 2125 4836; x_wconf 88' lang='lat' dir='ltr'>per-</span> 
     </span>
    </p>
   </div>
   <div class='ocr_carea' id='block_1_69' title="bbox 484 4835 2119 4923">
    <p class='ocr_par' dir='ltr' id='par_1_69' title="bbox 484 4835 2119 4923">
     <span class='ocr_line' id='line_1_69' title="bbox 484 4835 2119 4923; baseline 0.013 -33"><span class='ocrx_word' id='word_1_496' title='bbox 484 4835 618 4891; x_wconf 88' lang='lat' dir='ltr'>inde</span> <span class='ocrx_word' id='word_1_497' title='bbox 650 4853 714 4891; x_wconf 91' lang='lat' dir='ltr'>ac</span> <span class='ocrx_word' id='word_1_498' title='bbox 763 4837 811 4890; x_wconf 91' lang='lat' dir='ltr'>si</span> <span class='ocrx_word' id='word_1_499' title='bbox 846 4853 961 4891; x_wconf 89' lang='lat' dir='ltr'>non</span> <span class='ocrx_word' id='word_1_500' title='bbox 1013 4839 1326 4907; x_wconf 86' lang='lat' dir='ltr'>sufficeret,</span> <span class='ocrx_word' id='word_1_501' title='bbox 1361 4843 1515 4913; x_wconf 92' lang='lat' dir='ltr'>quod</span> <span class='ocrx_word' id='word_1_502' title='bbox 1564 4844 1779 4903; x_wconf 86' lang='lat' dir='ltr'>factum</span> <span class='ocrx_word' id='word_1_503' title='bbox 1823 4835 2018 4923; x_wconf 84' lang='lat' dir='ltr'>fuerat,</span> <span class='ocrx_word' id='word_1_504' title='bbox 2052 4859 2119 4912; x_wconf 93' lang='lat' dir='ltr'>ad</span> 
     </span>
    </p>
   </div>
   <div class='ocr_carea' id='block_1_70' title="bbox 487 4927 2116 5015">
    <p class='ocr_par' dir='ltr' id='par_1_70' title="bbox 487 4927 2116 5015">
     <span class='ocr_line' id='line_1_70' title="bbox 487 4927 2116 5015; baseline 0.013 -36"><span class='ocrx_word' id='word_1_505' title='bbox 487 4927 610 4997; x_wconf 92' lang='lat' dir='ltr'>ejus</span> <span class='ocrx_word' id='word_1_506' title='bbox 641 4927 1159 4998; x_wconf 87' lang='lat' dir='ltr'>incomparabilem</span> <span class='ocrx_word' id='word_1_507' title='bbox 1190 4934 1609 4992; x_wconf 90' lang='lat' dir='ltr'>ostendendam</span> <span class='ocrx_word' id='word_1_508' title='bbox 1660 4940 2116 5015; x_wconf 88' lang='lat' dir='ltr'>improbitatem,</span> 
     </span>
    </p>
   </div>
   <div class='ocr_carea' id='block_1_71' title="bbox 486 5014 2117 5093">
    <p class='ocr_par' dir='ltr' id='par_1_71' title="bbox 486 5014 2117 5093">
     <span class='ocr_line' id='line_1_71' title="bbox 486 5014 2117 5093; baseline 0.013 -26"><span class='ocrx_word' id='word_1_509' title='bbox 486 5019 549 5068; x_wconf 92' lang='lat' dir='ltr'>ut</span> <span class='ocrx_word' id='word_1_510' title='bbox 578 5014 721 5070; x_wconf 82' lang='lat' dir='ltr'>alios</span> <span class='ocrx_word' id='word_1_511' title='bbox 754 5031 983 5086; x_wconf 88' lang='lat' dir='ltr'>quoque</span> <span class='ocrx_word' id='word_1_512' title='bbox 1017 5018 1128 5072; x_wconf 91' lang='lat' dir='ltr'>sibi</span> <span class='ocrx_word' id='word_1_513' title='bbox 1150 5020 1549 5093; x_wconf 88' lang='lat' dir='ltr'>subjungeret,</span> <span class='ocrx_word' id='word_1_514' title='bbox 1582 5026 1949 5085; x_wconf 90' lang='lat' dir='ltr'>vehementer</span> <span class='ocrx_word' id='word_1_515' title='bbox 1981 5051 2117 5090; x_wconf 87' lang='lat' dir='ltr'>con-</span> 
     </span>
    </p>
   </div>
   <div class='ocr_carea' id='block_1_72' title="bbox 480 5102 2113 5193">
    <p class='ocr_par' dir='ltr' id='par_1_72' title="bbox 480 5102 2113 5193">
     <span class='ocr_line' id='line_1_72' title="bbox 480 5102 2113 5193; baseline 0.013 -37"><span class='ocrx_word' id='word_1_516' title='bbox 480 5102 683 5169; x_wconf 86' lang='lat' dir='ltr'>tendit,</span> <span class='ocrx_word' id='word_1_517' title='bbox 718 5108 773 5157; x_wconf 92' lang='lat' dir='ltr'>et</span> <span class='ocrx_word' id='word_1_518' title='bbox 798 5104 978 5170; x_wconf 86' lang='lat' dir='ltr'>jussit</span> <span class='ocrx_word' id='word_1_519' title='bbox 1011 5122 1304 5175; x_wconf 71' lang='lat' dir='ltr'>praecones</span> <span class='ocrx_word' id='word_1_520' title='bbox 1336 5111 1496 5166; x_wconf 89' lang='lat' dir='ltr'>obire</span> <span class='ocrx_word' id='word_1_521' title='bbox 1526 5113 1811 5172; x_wconf 89' lang='lat' dir='ltr'>civitatem</span> <span class='ocrx_word' id='word_1_522' title='bbox 1843 5124 1900 5174; x_wconf 91' lang='lat' dir='ltr'>et</span> <span class='ocrx_word' id='word_1_523' title='bbox 1931 5123 2113 5193; x_wconf 91' lang='lat' dir='ltr'>regio-</span> 
     </span>
    </p>
   </div>
   <div class='ocr_carea' id='block_1_73' title="bbox 483 5191 2114 5273">
    <p class='ocr_par' dir='ltr' id='par_1_73' title="bbox 483 5191 2114 5273">
     <span class='ocr_line' id='line_1_73' title="bbox 483 5191 2114 5273; baseline 0.014 -29"><span class='ocrx_word' id='word_1_524' title='bbox 483 5206 613 5244; x_wconf 91' lang='lat' dir='ltr'>nem</span> <span class='ocrx_word' id='word_1_525' title='bbox 649 5191 1075 5259; x_wconf 84' lang='lat' dir='ltr'>proclamantes</span> <span class='ocrx_word' id='word_1_526' title='bbox 1125 5200 1185 5249; x_wconf 90' lang='lat' dir='ltr'>ut</span> <span class='ocrx_word' id='word_1_527' title='bbox 1216 5197 1507 5254; x_wconf 88' lang='lat' dir='ltr'>Christum</span> <span class='ocrx_word' id='word_1_528' title='bbox 1541 5210 1839 5273; x_wconf 86' lang='lat' dir='ltr'>negarent,</span> <span class='ocrx_word' id='word_1_529' title='bbox 1890 5213 1946 5264; x_wconf 89' lang='lat' dir='ltr'>et</span> <span class='ocrx_word' id='word_1_530' title='bbox 1970 5191 2114 5267; x_wconf 81' lang='lat' dir='ltr'>vive-</span> 
     </span>
    </p>
   </div>
   <div class='ocr_carea' id='block_1_74' title="bbox 478 5278 1767 5357">
    <p class='ocr_par' dir='ltr' id='par_1_74' title="bbox 478 5278 1767 5357">
     <span class='ocr_line' id='line_1_74' title="bbox 478 5278 1767 5357; baseline 0.016 -26"><span class='ocrx_word' id='word_1_531' title='bbox 478 5284 603 5332; x_wconf 88' lang='lat' dir='ltr'>rent</span> <span class='ocrx_word' id='word_1_532' title='bbox 623 5278 651 5330; x_wconf 88' lang='lat' dir='ltr'>J</span> <span class='ocrx_word' id='word_1_533' title='bbox 665 5278 888 5345; x_wconf 88' lang='lat' dir='ltr'>udaice,</span> <span class='ocrx_word' id='word_1_534' title='bbox 922 5283 1120 5339; x_wconf 89' lang='lat' dir='ltr'>eadem</span> <span class='ocrx_word' id='word_1_535' title='bbox 1152 5302 1279 5357; x_wconf 69' lang='lat' dir='ltr'>quae</span> <span class='ocrx_word' id='word_1_536' title='bbox 1302 5304 1400 5344; x_wconf 86' lang='lat' dir='ltr'>rex</span> <span class='ocrx_word' id='word_1_537' title='bbox 1426 5290 1767 5351; x_wconf 91' lang='lat' dir='ltr'>sentientes.</span> 
     </span>
    </p>
   </div>
   <div class='ocr_carea' id='block_1_75' title="bbox 550 5365 2107 5452">
    <p class='ocr_par' dir='ltr' id='par_1_75' title="bbox 550 5365 2107 5452">
     <span class='ocr_line' id='line_1_75' title="bbox 550 5365 2107 5452; baseline 0.018 -33"><span class='ocrx_word' id='word_1_538' title='bbox 550 5365 699 5420; x_wconf 84' lang='lat' dir='ltr'>VllI.</span> <span class='ocrx_word' id='word_1_539' title='bbox 751 5367 925 5425; x_wconf 90' lang='lat' dir='ltr'>Porro</span> <span class='ocrx_word' id='word_1_540' title='bbox 954 5380 1148 5431; x_wconf 92' lang='lat' dir='ltr'>autem</span> <span class='ocrx_word' id='word_1_541' title='bbox 1198 5378 1321 5448; x_wconf 88' lang='lat' dir='ltr'>ipse</span> <span class='ocrx_word' id='word_1_542' title='bbox 1378 5396 1609 5452; x_wconf 89' lang='lat' dir='ltr'>quoque</span> <span class='ocrx_word' id='word_1_543' title='bbox 1639 5401 1735 5440; x_wconf 87' lang='lat' dir='ltr'>rex</span> <span class='ocrx_word' id='word_1_544' title='bbox 1764 5389 1991 5446; x_wconf 83' lang='lat' dir='ltr'>Arethae</span> <span class='ocrx_word' id='word_1_545' title='bbox 2030 5394 2107 5448; x_wconf 91' lang='lat' dir='ltr'>si-</span> 
     </span>
    </p>
   </div>
   <div class='ocr_carea' id='block_1_76' title="bbox 474 5452 2106 5549">
    <p class='ocr_par' dir='ltr' id='par_1_76' title="bbox 474 5452 2106 5549">
     <span class='ocr_line' id='line_1_76' title="bbox 474 5452 2106 5549; baseline 0.018 -41"><span class='ocrx_word' id='word_1_546' title='bbox 474 5452 1036 5549; x_wconf 35' lang='lat' dir='ltr'>miliaﬁconsulebat,</span> <span class='ocrx_word' id='word_1_547' title='bbox 1070 5466 1374 5537; x_wconf 83' lang='lat' dir='ltr'>adjiciens,</span> <span class='ocrx_word' id='word_1_548' title='bbox 1418 5471 1572 5539; x_wconf 91' lang='lat' dir='ltr'>quod</span> <span class='ocrx_word' id='word_1_549' title='bbox 1604 5471 1715 5541; x_wconf 91' lang='lat' dir='ltr'>ipsi</span> <span class='ocrx_word' id='word_1_550' title='bbox 1746 5492 1974 5549; x_wconf 90' lang='lat' dir='ltr'>quoque</span> <span class='ocrx_word' id='word_1_551' title='bbox 2007 5497 2106 5537; x_wconf 92' lang='lat' dir='ltr'>no-</span> 
     </span>
    </p>
   </div>
   <div class='ocr_carea' id='block_1_77' title="bbox 474 5540 2109 5639">
    <p class='ocr_par' dir='ltr' id='par_1_77' title="bbox 474 5540 2109 5639">
     <span class='ocr_line' id='line_1_77' title="bbox 474 5540 2109 5639; baseline 0.02 -44"><span class='ocrx_word' id='word_1_552' title='bbox 474 5546 604 5599; x_wconf 84' lang='lat' dir='ltr'>rant</span> <span class='ocrx_word' id='word_1_553' title='bbox 634 5540 906 5611; x_wconf 85' lang='lat' dir='ltr'>Romani,</span> <span class='ocrx_word' id='word_1_554' title='bbox 940 5548 1098 5608; x_wconf 86' lang='lat' dir='ltr'>illius</span> <span class='ocrx_word' id='word_1_555' title='bbox 1130 5557 1382 5624; x_wconf 88' lang='lat' dir='ltr'>majores</span> <span class='ocrx_word' id='word_1_556' title='bbox 1421 5558 1481 5614; x_wconf 89' lang='lat' dir='ltr'>in</span> <span class='ocrx_word' id='word_1_557' title='bbox 1529 5540 1978 5639; x_wconf 33' lang='lat' dir='ltr'>crucem‘egisse</span> <span class='ocrx_word' id='word_1_558' title='bbox 2008 5571 2109 5627; x_wconf 88' lang='lat' dir='ltr'>ho-</span> 
     </span>
    </p>
   </div>
   <div class='ocr_carea' id='block_1_78' title="bbox 2156 4512 2216 4578">
    <p class='ocr_par' dir='ltr' id='par_1_78' title="bbox 2156 4512 2216 4578">
     <span class='ocr_line' id='line_1_78' title="bbox 2156 4512 2216 4578; baseline 0 0"><span class='ocrx_word' id='word_1_559' title='bbox 2156 4512 2216 4578; x_wconf 92' lang='lat' dir='ltr'><strong>D</strong></span> 
     </span>
    </p>
   </div>
   <div class='ocr_carea' id='block_1_79' title="bbox 2278 1846 3921 1929">
    <p class='ocr_par' dir='ltr' id='par_1_79' title="bbox 2278 1846 3921 1929">
     <span class='ocr_line' id='line_1_79' title="bbox 2278 1846 3921 1929; baseline 0.012 -29"><span class='ocrx_word' id='word_1_560' title='bbox 2278 1846 2415 1908; x_wconf 88' lang='grc' dir='ltr'>λεως</span> <span class='ocrx_word' id='word_1_561' title='bbox 2446 1849 2519 1911; x_wconf 82' lang='grc' dir='ltr'>ὼς</span> <span class='ocrx_word' id='word_1_562' title='bbox 2568 1846 2624 1903; x_wconf 76' lang='grc' dir='ltr'>δὲ</span> <span class='ocrx_word' id='word_1_563' title='bbox 2670 1851 2758 1905; x_wconf 83' lang='grc' dir='ltr'>καὶ</span> <span class='ocrx_word' id='word_1_564' title='bbox 2824 1855 2887 1907; x_wconf 87' lang='grc' dir='ltr'>τὸ</span> <span class='ocrx_word' id='word_1_565' title='bbox 2952 1857 3237 1929; x_wconf 78' lang='grc' dir='ltr'>περιφανὲς</span> <span class='ocrx_word' id='word_1_566' title='bbox 3290 1862 3400 1913; x_wconf 83' lang='grc' dir='ltr'>τῶν</span> <span class='ocrx_word' id='word_1_567' title='bbox 3455 1859 3696 1917; x_wconf 84' lang='grc' dir='ltr'>πολιτῶν</span> <span class='ocrx_word' id='word_1_568' title='bbox 3754 1862 3921 1919; x_wconf 77' lang='grc' dir='ltr'>ἐπαι-</span> 
     </span>
    </p>
   </div>
   <div class='ocr_carea' id='block_1_80' title="bbox 2273 1937 3921 2020">
    <p class='ocr_par' dir='ltr' id='par_1_80' title="bbox 2273 1937 3921 2020">
     <span class='ocr_line' id='line_1_80' title="bbox 2273 1937 3921 2020; baseline 0.011 -30"><span class='ocrx_word' id='word_1_569' title='bbox 2273 1937 2448 2007; x_wconf 83' lang='grc' dir='ltr'>νέσας,</span> <span class='ocrx_word' id='word_1_570' title='bbox 2498 1937 2662 2013; x_wconf 79' lang='grc' dir='ltr'>ἐξῄει,</span> <span class='ocrx_word' id='word_1_571' title='bbox 2707 1937 2849 1994; x_wconf 83' lang='grc' dir='ltr'>δεινὰ</span> <span class='ocrx_word' id='word_1_572' title='bbox 2897 1946 3014 1997; x_wconf 74' lang='grc' dir='ltr'>κατ’</span> <span class='ocrx_word' id='word_1_573' title='bbox 3066 1945 3244 1999; x_wconf 79' lang='grc' dir='ltr'>αὐτῶν</span> <span class='ocrx_word' id='word_1_574' title='bbox 3303 1944 3404 2020; x_wconf 81' lang='grc' dir='ltr'>ἄρα</span> <span class='ocrx_word' id='word_1_575' title='bbox 3448 1952 3555 2002; x_wconf 83' lang='grc' dir='ltr'>τῶν</span> <span class='ocrx_word' id='word_1_576' title='bbox 3604 1952 3701 2019; x_wconf 74' lang='grc' dir='ltr'>τήν</span> <span class='ocrx_word' id='word_1_577' title='bbox 3755 1954 3921 2008; x_wconf 71' lang='grc' dir='ltr'>πόλιν</span> 
     </span>
    </p>
   </div>
   <div class='ocr_carea' id='block_1_81' title="bbox 2276 2022 3919 2110">
    <p class='ocr_par' dir='ltr' id='par_1_81' title="bbox 2276 2022 3919 2110">
     <span class='ocr_line' id='line_1_81' title="bbox 2276 2022 3919 2110; baseline 0.01 -34"><span class='ocrx_word' id='word_1_578' title='bbox 2276 2022 2566 2077; x_wconf 77' lang='grc' dir='ltr'>οἰκούντων</span> <span class='ocrx_word' id='word_1_579' title='bbox 2633 2026 2707 2087; x_wconf 85' lang='grc' dir='ltr'>ὡς</span> <span class='ocrx_word' id='word_1_580' title='bbox 2772 2026 2834 2079; x_wconf 86' lang='grc' dir='ltr'>τὸ</span> <span class='ocrx_word' id='word_1_581' title='bbox 2900 2028 3065 2101; x_wconf 81' lang='grc' dir='ltr'>πέρας</span> <span class='ocrx_word' id='word_1_582' title='bbox 3132 2026 3315 2102; x_wconf 81' lang='grc' dir='ltr'>ἔδειξε,</span> <span class='ocrx_word' id='word_1_583' title='bbox 3386 2032 3648 2110; x_wconf 85' lang='grc' dir='ltr'>στρέφων,</span> <span class='ocrx_word' id='word_1_584' title='bbox 3721 2039 3919 2110; x_wconf 77' lang='grc' dir='ltr'>ὅρκους</span> 
     </span>
    </p>
   </div>
   <div class='ocr_carea' id='block_1_82' title="bbox 2274 2111 3923 2194">
    <p class='ocr_par' dir='ltr' id='par_1_82' title="bbox 2274 2111 3923 2194">
     <span class='ocr_line' id='line_1_82' title="bbox 2274 2111 3923 2194; baseline 0.01 -31"><span class='ocrx_word' id='word_1_585' title='bbox 2274 2111 2362 2164; x_wconf 82' lang='grc' dir='ltr'>καὶ</span> <span class='ocrx_word' id='word_1_586' title='bbox 2430 2115 2717 2185; x_wconf 77' lang='grc' dir='ltr'>συνθήκας,</span> <span class='ocrx_word' id='word_1_587' title='bbox 2782 2115 2870 2169; x_wconf 84' lang='grc' dir='ltr'>καὶ</span> <span class='ocrx_word' id='word_1_588' title='bbox 2934 2115 3031 2170; x_wconf 79' lang='grc' dir='ltr'>ὅσα</span> <span class='ocrx_word' id='word_1_589' title='bbox 3095 2114 3241 2173; x_wconf 71' lang='grc' dir='ltr'>ἄλλα</span> <span class='ocrx_word' id='word_1_590' title='bbox 3304 2123 3439 2194; x_wconf 82' lang='grc' dir='ltr'>πρὸς</span> <span class='ocrx_word' id='word_1_591' title='bbox 3492 2122 3668 2178; x_wconf 83' lang='grc' dir='ltr'>πίστιν</span> <span class='ocrx_word' id='word_1_592' title='bbox 3738 2125 3923 2191; x_wconf 75' lang='grc' dir='ltr'>αὐτοῖς</span> 
     </span>
    </p>
   </div>
   <div class='ocr_carea' id='block_1_83' title="bbox 2273 2200 3916 2285">
    <p class='ocr_par' dir='ltr' id='par_1_83' title="bbox 2273 2200 3916 2285">
     <span class='ocr_line' id='line_1_83' title="bbox 2273 2200 3916 2285; baseline 0.011 -33"><span class='ocrx_word' id='word_1_593' title='bbox 2273 2200 2600 2275; x_wconf 88' lang='grc' dir='ltr'>παρέσχετο,</span> <span class='ocrx_word' id='word_1_594' title='bbox 2657 2201 2865 2258; x_wconf 85' lang='grc' dir='ltr'>παίδων</span> <span class='ocrx_word' id='word_1_595' title='bbox 2926 2206 3134 2276; x_wconf 83' lang='grc' dir='ltr'>ἀπάτην</span> <span class='ocrx_word' id='word_1_596' title='bbox 3190 2207 3321 2263; x_wconf 77' lang='grc' dir='ltr'>εἶναι</span> <span class='ocrx_word' id='word_1_597' title='bbox 3368 2212 3616 2283; x_wconf 80' lang='grc' dir='ltr'>νομίσάς,</span> <span class='ocrx_word' id='word_1_598' title='bbox 3657 2215 3747 2268; x_wconf 78' lang='grc' dir='ltr'>καὶ</span> <span class='ocrx_word' id='word_1_599' title='bbox 3807 2213 3916 2285; x_wconf 68' lang='grc' dir='ltr'>ἤδη</span> 
     </span>
    </p>
   </div>
   <div class='ocr_carea' id='block_1_84' title="bbox 2273 2290 3546 2372">
    <p class='ocr_par' dir='ltr' id='par_1_84' title="bbox 2273 2290 3546 2372">
     <span class='ocr_line' id='line_1_84' title="bbox 2273 2290 3546 2372; baseline 0.011 -30"><span class='ocrx_word' id='word_1_600' title='bbox 2273 2290 2408 2362; x_wconf 85' lang='grc' dir='ltr'>πρὸς</span> <span class='ocrx_word' id='word_1_601' title='bbox 2439 2290 2748 2365; x_wconf 80' lang='grc' dir='ltr'>ἀνατροπὴν</span> <span class='ocrx_word' id='word_1_602' title='bbox 2782 2291 2955 2348; x_wconf 77' lang='grc' dir='ltr'>αὒτῶν</span> <span class='ocrx_word' id='word_1_603' title='bbox 2985 2300 3546 2372; x_wconf 82' lang='grc' dir='ltr'>παρασκευαζόμενος.</span> 
     </span>
    </p>
   </div>
   <div class='ocr_carea' id='block_1_85' title="bbox 2343 2379 3913 2462">
    <p class='ocr_par' dir='ltr' id='par_1_85' title="bbox 2343 2379 3913 2462">
     <span class='ocr_line' id='line_1_85' title="bbox 2343 2379 3819 2433; baseline 0.011 -38"><span class='ocrx_word' id='word_1_604' title='bbox 2343 2379 2393 2431; x_wconf 74' lang='grc' dir='ltr'>Ζ,</span> <span class='ocrx_word' id='word_1_605' title='bbox 2444 2380 2509 2433; x_wconf 76' lang='grc' dir='ltr'>Ἓ</span> <span class='ocrx_word' id='word_1_606' title='bbox 2740 2381 2766 2399; x_wconf 67' lang='grc' dir='ltr'>τι</span> <span class='ocrx_word' id='word_1_607' title='bbox 2872 2384 2879 2398; x_wconf 69' lang='grc' dir='ltr'>ι</span> <span class='ocrx_word' id='word_1_608' title='bbox 3129 2386 3144 2403; x_wconf 62' lang='grc' dir='ltr'><em>κ</em></span> <span class='ocrx_word' id='word_1_609' title='bbox 3198 2384 3220 2403; x_wconf 65' lang='lat' dir='ltr'>vr</span> <span class='ocrx_word' id='word_1_610' title='bbox 3484 2394 3510 2404; x_wconf 78' lang='grc'>..</span> <span class='ocrx_word' id='word_1_611' title='bbox 3652 2393 3665 2409; x_wconf 66' lang='grc' dir='ltr'>ι</span> <span class='ocrx_word' id='word_1_612' title='bbox 3808 2394 3819 2411; x_wconf 76' lang='grc' dir='ltr'>ι</span> 
     </span>
     <span class='ocr_line' id='line_1_86' title="bbox 2400 2384 3913 2462; baseline 0.01 -29"><span class='ocrx_word' id='word_1_613' title='bbox 2400 2420 2411 2433; x_wconf 95' lang='grc'>.</span> <span class='ocrx_word' id='word_1_614' title='bbox 2512 2390 2643 2443; x_wconf 87' lang='grc' dir='ltr'>ωθεν</span> <span class='ocrx_word' id='word_1_615' title='bbox 2706 2401 2795 2435; x_wconf 89' lang='grc' dir='ltr'>ουν</span> <span class='ocrx_word' id='word_1_616' title='bbox 2847 2384 2957 2454; x_wconf 85' lang='grc' dir='ltr'>ἁμα</span> <span class='ocrx_word' id='word_1_617' title='bbox 3006 2405 3145 2460; x_wconf 84' lang='grc' dir='ltr'>φωτι</span> <span class='ocrx_word' id='word_1_618' title='bbox 3196 2386 3296 2456; x_wconf 80' lang='grc' dir='ltr'>εξω</span> <span class='ocrx_word' id='word_1_619' title='bbox 3342 2408 3551 2462; x_wconf 88' lang='grc' dir='ltr'>τενχων</span> <span class='ocrx_word' id='word_1_620' title='bbox 3606 2412 3705 2459; x_wconf 90' lang='grc' dir='ltr'>την</span> <span class='ocrx_word' id='word_1_621' title='bbox 3750 2390 3913 2448; x_wconf 88' lang='grc' dir='ltr'>πολιν</span> 
     </span>
    </p>
   </div>
   <div class='ocr_carea' id='block_1_86' title="bbox 2270 2464 3915 2558">
    <p class='ocr_par' dir='ltr' id='par_1_86' title="bbox 2270 2464 3915 2558">
     <span class='ocr_line' id='line_1_87' title="bbox 2270 2464 3915 2558; baseline 0.011 -39"><span class='ocrx_word' id='word_1_622' title='bbox 2270 2464 2471 2521; x_wconf 68' lang='grc' dir='ltr'>ἐκάλει·</span> <span class='ocrx_word' id='word_1_623' title='bbox 2528 2468 2617 2522; x_wconf 82' lang='grc' dir='ltr'>καὶ</span> <span class='ocrx_word' id='word_1_624' title='bbox 2664 2477 2907 2543; x_wconf 73' lang='grc' dir='ltr'>παρῆσαν</span> <span class='ocrx_word' id='word_1_625' title='bbox 2968 2471 3086 2526; x_wconf 81' lang='grc' dir='ltr'>ὅσοι</span> <span class='ocrx_word' id='word_1_626' title='bbox 3144 2476 3369 2548; x_wconf 84' lang='grc' dir='ltr'>πΛούτῳ</span> <span class='ocrx_word' id='word_1_627' title='bbox 3412 2477 3501 2531; x_wconf 84' lang='grc' dir='ltr'>καὶ</span> <span class='ocrx_word' id='word_1_628' title='bbox 3564 2477 3689 2553; x_wconf 78' lang='grc' dir='ltr'>δόξῃ</span> <span class='ocrx_word' id='word_1_629' title='bbox 3739 2480 3915 2558; x_wconf 71' lang='grc' dir='ltr'>διαφέ-</span> 
     </span>
    </p>
   </div>
   <div class='ocr_carea' id='block_1_87' title="bbox 2269 2559 3909 2632">
    <p class='ocr_par' dir='ltr' id='par_1_87' title="bbox 2269 2559 3909 2632">
     <span class='ocr_line' id='line_1_88' title="bbox 2269 2559 3909 2632; baseline 0.01 -24"><span class='ocrx_word' id='word_1_630' title='bbox 2269 2575 2452 2628; x_wconf 90' lang='grc' dir='ltr'>ροντες</span> <span class='ocrx_word' id='word_1_631' title='bbox 2484 2560 2633 2625; x_wconf 72' lang='grc' dir='ltr'>ἦσαν·</span> <span class='ocrx_word' id='word_1_632' title='bbox 2689 2559 2777 2612; x_wconf 82' lang='grc' dir='ltr'>καὶ</span> <span class='ocrx_word' id='word_1_633' title='bbox 2834 2561 2939 2632; x_wconf 87' lang='grc' dir='ltr'>πρὸ</span> <span class='ocrx_word' id='word_1_634' title='bbox 2986 2566 3093 2616; x_wconf 82' lang='grc' dir='ltr'>τῶν</span> <span class='ocrx_word' id='word_1_635' title='bbox 3146 2562 3332 2619; x_wconf 77' lang='grc' dir='ltr'>ἄλλων</span> <span class='ocrx_word' id='word_1_636' title='bbox 3378 2565 3541 2629; x_wconf 81' lang='grc' dir='ltr'>αὐτὸς</span> <span class='ocrx_word' id='word_1_637' title='bbox 3572 2570 3600 2622; x_wconf 87' lang='lat'>6</span> <span class='ocrx_word' id='word_1_638' title='bbox 3630 2570 3719 2623; x_wconf 83' lang='lat' dir='ltr'>xui</span> <span class='ocrx_word' id='word_1_639' title='bbox 3776 2573 3909 2626; x_wconf 69' lang='grc' dir='ltr'>πάν.</span> 
     </span>
    </p>
   </div>
   <div class='ocr_carea' id='block_1_88' title="bbox 2265 2645 3907 2733">
    <p class='ocr_par' dir='ltr' id='par_1_88' title="bbox 2265 2645 3907 2733">
     <span class='ocr_line' id='line_1_89' title="bbox 2265 2645 3907 2733; baseline 0.012 -36"><span class='ocrx_word' id='word_1_640' title='bbox 2265 2665 2373 2698; x_wconf 89' lang='grc' dir='ltr'>των</span> <span class='ocrx_word' id='word_1_641' title='bbox 2401 2645 2573 2715; x_wconf 84' lang='grc' dir='ltr'>πολιᾷ</span> <span class='ocrx_word' id='word_1_642' title='bbox 2609 2647 2698 2701; x_wconf 79' lang='grc' dir='ltr'>καὶ</span> <span class='ocrx_word' id='word_1_643' title='bbox 2756 2649 2978 2719; x_wconf 83' lang='grc' dir='ltr'>συνέσει,</span> <span class='ocrx_word' id='word_1_644' title='bbox 3032 2650 3120 2705; x_wconf 90' lang='grc' dir='ltr'>καὶ</span> <span class='ocrx_word' id='word_1_645' title='bbox 3166 2654 3245 2723; x_wconf 84' lang='grc' dir='ltr'>τῷ</span> <span class='ocrx_word' id='word_1_646' title='bbox 3296 2658 3403 2709; x_wconf 80' lang='grc' dir='ltr'>τῶν</span> <span class='ocrx_word' id='word_1_647' title='bbox 3454 2657 3604 2725; x_wconf 61' lang='grc' dir='ltr'>ἠθῶν</span> <span class='ocrx_word' id='word_1_648' title='bbox 3658 2659 3907 2733; x_wconf 79' lang='grc' dir='ltr'>εὐκόσμῳ</span> 
     </span>
    </p>
   </div>
   <div class='ocr_carea' id='block_1_89' title="bbox 2267 2729 3908 2819">
    <p class='ocr_par' dir='ltr' id='par_1_89' title="bbox 2267 2729 3908 2819">
     <span class='ocr_line' id='line_1_90' title="bbox 2267 2729 3908 2819; baseline 0.011 -33"><span class='ocrx_word' id='word_1_649' title='bbox 2267 2729 2694 2810; x_wconf 84' lang='grc' dir='ltr'>διαφορώτατος,</span> <span class='ocrx_word' id='word_1_650' title='bbox 2740 2736 2960 2812; x_wconf 86' lang='grc' dir='ltr'>Ἀρέθας</span> <span class='ocrx_word' id='word_1_651' title='bbox 3013 2740 3040 2793; x_wconf 98' lang='lat'>6</span> <span class='ocrx_word' id='word_1_652' title='bbox 3095 2742 3259 2807; x_wconf 83' lang='grc' dir='ltr'>θεῖος,</span> <span class='ocrx_word' id='word_1_653' title='bbox 3309 2743 3474 2819; x_wconf 80' lang='grc' dir='ltr'>φημὶ,</span> <span class='ocrx_word' id='word_1_654' title='bbox 3527 2747 3554 2799; x_wconf 90' lang='lat'>6</span> <span class='ocrx_word' id='word_1_655' title='bbox 3602 2749 3689 2801; x_wconf 82' lang='lat' dir='ltr'>xui</span> <span class='ocrx_word' id='word_1_656' title='bbox 3740 2729 3908 2818; x_wconf 75' lang='grc' dir='ltr'>αὐτην</span> 
     </span>
    </p>
   </div>
   <div class='ocr_carea' id='block_1_90' title="bbox 2268 2819 3911 2910">
    <p class='ocr_par' dir='ltr' id='par_1_90' title="bbox 2268 2819 3911 2910">
     <span class='ocr_line' id='line_1_91' title="bbox 2268 2819 3911 2910; baseline 0.01 -34"><span class='ocrx_word' id='word_1_657' title='bbox 2268 2819 2443 2891; x_wconf 84' lang='grc' dir='ltr'>δήπου</span> <span class='ocrx_word' id='word_1_658' title='bbox 2485 2826 2584 2893; x_wconf 80' lang='grc' dir='ltr'>τὴν</span> <span class='ocrx_word' id='word_1_659' title='bbox 2635 2825 2812 2901; x_wconf 75' lang='grc' dir='ltr'>ἀρχὴν</span> <span class='ocrx_word' id='word_1_660' title='bbox 2871 2835 2971 2896; x_wconf 78' lang='grc' dir='ltr'>τῆς</span> <span class='ocrx_word' id='word_1_661' title='bbox 3026 2828 3240 2893; x_wconf 86' lang='grc' dir='ltr'>πόλεως</span> <span class='ocrx_word' id='word_1_662' title='bbox 3290 2832 3784 2910; x_wconf 85' lang='grc' dir='ltr'>ἐγκεχειρισμένος.</span> <span class='ocrx_word' id='word_1_663' title='bbox 3843 2841 3911 2897; x_wconf 78' lang='grc' dir='ltr'><strong>Οἱ</strong></span> 
     </span>
    </p>
   </div>
   <div class='ocr_carea' id='block_1_91' title="bbox 2265 2912 3914 2997">
    <p class='ocr_par' dir='ltr' id='par_1_91' title="bbox 2265 2912 3914 2997">
     <span class='ocr_line' id='line_1_92' title="bbox 2265 2912 3914 2997; baseline 0.008 -32"><span class='ocrx_word' id='word_1_664' title='bbox 2265 2912 2355 2965; x_wconf 83' lang='grc' dir='ltr'>καὶ</span> <span class='ocrx_word' id='word_1_665' title='bbox 2420 2913 2554 2980; x_wconf 77' lang='grc' dir='ltr'>ἦσαν</span> <span class='ocrx_word' id='word_1_666' title='bbox 2626 2913 3038 2986; x_wconf 80' lang='grc' dir='ltr'>ἐπιθειάζοντες,</span> <span class='ocrx_word' id='word_1_667' title='bbox 3135 2919 3525 2997; x_wconf 67' lang='grc' dir='ltr'>εὐφημοῦντες,</span> <span class='ocrx_word' id='word_1_668' title='bbox 3592 2927 3680 2979; x_wconf 75' lang='grc' dir='ltr'>καὶ</span> <span class='ocrx_word' id='word_1_669' title='bbox 3741 2931 3914 2981; x_wconf 80' lang='grc' dir='ltr'>πᾶσαν</span> 
     </span>
    </p>
   </div>
   <div class='ocr_carea' id='block_1_92' title="bbox 2262 3000 3909 3089">
    <p class='ocr_par' dir='ltr' id='par_1_92' title="bbox 2262 3000 3909 3089">
     <span class='ocr_line' id='line_1_93' title="bbox 2262 3000 3909 3089; baseline 0.012 -37"><span class='ocrx_word' id='word_1_670' title='bbox 2262 3003 2428 3072; x_wconf 77' lang='grc' dir='ltr'>τιμὴν</span> <span class='ocrx_word' id='word_1_671' title='bbox 2451 3000 2811 3076; x_wconf 80' lang='grc' dir='ltr'>ἀπονέμοντες</span> <span class='ocrx_word' id='word_1_672' title='bbox 2840 3010 2919 3077; x_wconf 77' lang='grc' dir='ltr'>τῷ</span> <span class='ocrx_word' id='word_1_673' title='bbox 2970 3004 3218 3063; x_wconf 78' lang='grc' dir='ltr'>δοκοῦντι</span> <span class='ocrx_word' id='word_1_674' title='bbox 3272 3018 3477 3085; x_wconf 81' lang='grc' dir='ltr'>σωτῆρι</span> <span class='ocrx_word' id='word_1_675' title='bbox 3532 3013 3621 3067; x_wconf 80' lang='grc' dir='ltr'>καὶ</span> <span class='ocrx_word' id='word_1_676' title='bbox 3676 3014 3909 3089; x_wconf 84' lang='grc' dir='ltr'>βασιλεῖ.</span> 
     </span>
    </p>
   </div>
   <div class='ocr_carea' id='block_1_93' title="bbox 2262 3088 3911 3180">
    <p class='ocr_par' dir='ltr' id='par_1_93' title="bbox 2262 3088 3911 3180">
     <span class='ocr_line' id='line_1_94' title="bbox 2262 3088 3911 3180; baseline 0.008 -35"><span class='ocrx_word' id='word_1_677' title='bbox 2262 3090 2323 3145; x_wconf 80' lang='grc' dir='ltr'>Ὀ</span> <span class='ocrx_word' id='word_1_678' title='bbox 2356 3088 2410 3144; x_wconf 75' lang='grc' dir='ltr'>δὲ</span> <span class='ocrx_word' id='word_1_679' title='bbox 2444 3090 2652 3164; x_wconf 79' lang='grc' dir='ltr'>μέμψιὸ</span> <span class='ocrx_word' id='word_1_680' title='bbox 2680 3094 2811 3147; x_wconf 71' lang='grc' dir='ltr'>εἶναι</span> <span class='ocrx_word' id='word_1_681' title='bbox 2843 3097 3070 3167; x_wconf 81' lang='grc' dir='ltr'>νομίσας</span> <span class='ocrx_word' id='word_1_682' title='bbox 3113 3098 3174 3151; x_wconf 87' lang='grc' dir='ltr'>τὸ</span> <span class='ocrx_word' id='word_1_683' title='bbox 3224 3098 3298 3161; x_wconf 86' lang='grc' dir='ltr'>εἷς</span> <span class='ocrx_word' id='word_1_684' title='bbox 3350 3096 3624 3165; x_wconf 74' lang='grc' dir='ltr'>ἀναϐολὰς</span> <span class='ocrx_word' id='word_1_685' title='bbox 3678 3105 3911 3180; x_wconf 79' lang='grc' dir='ltr'>ὀφθῆναι</span> 
     </span>
    </p>
   </div>
   <div class='ocr_carea' id='block_1_94' title="bbox 2261 3179 3907 3257">
    <p class='ocr_par' dir='ltr' id='par_1_94' title="bbox 2261 3179 3907 3257">
     <span class='ocr_line' id='line_1_95' title="bbox 2261 3179 3907 3257; baseline 0.011 -26"><span class='ocrx_word' id='word_1_686' title='bbox 2261 3180 2444 3243; x_wconf 85' lang='grc' dir='ltr'>κακὸς,</span> <span class='ocrx_word' id='word_1_687' title='bbox 2502 3179 2590 3233; x_wconf 86' lang='grc' dir='ltr'>καὶ</span> <span class='ocrx_word' id='word_1_688' title='bbox 2655 3185 2729 3254; x_wconf 76' lang='grc' dir='ltr'>μὴ</span> <span class='ocrx_word' id='word_1_689' title='bbox 2798 3182 3114 3257; x_wconf 81' lang='grc' dir='ltr'>ἀναμείνας,</span> <span class='ocrx_word' id='word_1_690' title='bbox 3175 3186 3539 3245; x_wconf 78' lang='grc' dir='ltr'>ἀνακᾶλύπτει</span> <span class='ocrx_word' id='word_1_691' title='bbox 3606 3194 3696 3246; x_wconf 87' lang='grc' dir='ltr'>τὸν</span> <span class='ocrx_word' id='word_1_692' title='bbox 3756 3191 3907 3249; x_wconf 79' lang='grc' dir='ltr'>ἔνδον</span> 
     </span>
    </p>
   </div>
   <div class='ocr_carea' id='block_1_95' title="bbox 2254 3268 3908 3344">
    <p class='ocr_par' dir='ltr' id='par_1_95' title="bbox 2254 3268 3908 3344">
     <span class='ocr_line' id='line_1_96' title="bbox 2254 3268 3908 3344; baseline 0.013 -26"><span class='ocrx_word' id='word_1_693' title='bbox 2254 3268 2630 3339; x_wconf 82' lang='grc' dir='ltr'>κρυπτόμενον</span> <span class='ocrx_word' id='word_1_694' title='bbox 2697 3272 2951 3344; x_wconf 78' lang='grc' dir='ltr'>Δουναάν,</span> <span class='ocrx_word' id='word_1_695' title='bbox 3016 3275 3105 3328; x_wconf 86' lang='grc' dir='ltr'>καὶ</span> <span class='ocrx_word' id='word_1_696' title='bbox 3184 3278 3383 3341; x_wconf 80' lang='grc' dir='ltr'>πάντας</span> <span class='ocrx_word' id='word_1_697' title='bbox 3470 3280 3626 3341; x_wconf 73' lang='grc' dir='ltr'>εὐθὺς</span> <span class='ocrx_word' id='word_1_698' title='bbox 3694 3280 3908 3339; x_wconf 80' lang='grc' dir='ltr'>ἐκέλευε</span> 
     </span>
    </p>
   </div>
   <div class='ocr_carea' id='block_1_96' title="bbox 2256 3350 3903 3446">
    <p class='ocr_par' dir='ltr' id='par_1_96' title="bbox 2256 3350 3903 3446">
     <span class='ocr_line' id='line_1_97' title="bbox 2256 3350 3903 3446; baseline 0.013 -39"><span class='ocrx_word' id='word_1_699' title='bbox 2256 3350 2498 3417; x_wconf 85' lang='grc' dir='ltr'>δεθέντας</span> <span class='ocrx_word' id='word_1_700' title='bbox 2558 3362 2929 3434; x_wconf 78' lang='grc' dir='ltr'>φρουρεῖσθαι.</span> <span class='ocrx_word' id='word_1_701' title='bbox 3018 3366 3148 3419; x_wconf 79' lang='grc' dir='ltr'>Εἶτα</span> <span class='ocrx_word' id='word_1_702' title='bbox 3205 3365 3296 3419; x_wconf 76' lang='grc' dir='ltr'>καὶ</span> <span class='ocrx_word' id='word_1_703' title='bbox 3360 3372 3467 3422; x_wconf 84' lang='grc' dir='ltr'>τῶν</span> <span class='ocrx_word' id='word_1_704' title='bbox 3543 3370 3903 3446; x_wconf 86' lang='grc' dir='ltr'>ὑπαρχόντων</span> 
     </span>
    </p>
   </div>
   <div class='ocr_carea' id='block_1_97' title="bbox 2254 3441 3899 3527">
    <p class='ocr_par' dir='ltr' id='par_1_97' title="bbox 2254 3441 3899 3527">
     <span class='ocr_line' id='line_1_98' title="bbox 2254 3441 3899 3527; baseline 0.012 -31"><span class='ocrx_word' id='word_1_705' title='bbox 2254 3441 2509 3519; x_wconf 84' lang='grc' dir='ltr'>ἐγύμνου,</span> <span class='ocrx_word' id='word_1_706' title='bbox 2570 3448 2657 3501; x_wconf 86' lang='grc' dir='ltr'>καὶ</span> <span class='ocrx_word' id='word_1_707' title='bbox 2718 3447 3113 3525; x_wconf 82' lang='grc' dir='ltr'>διεπυνθάνετο,</span> <span class='ocrx_word' id='word_1_708' title='bbox 3173 3459 3280 3510; x_wconf 84' lang='grc' dir='ltr'>ποῦ</span> <span class='ocrx_word' id='word_1_709' title='bbox 3337 3459 3398 3511; x_wconf 71' lang='grc' dir='ltr'>ἂν</span> <span class='ocrx_word' id='word_1_710' title='bbox 3466 3457 3548 3527; x_wconf 70' lang='grc' dir='ltr'>εἴη</span> <span class='ocrx_word' id='word_1_711' title='bbox 3611 3460 3823 3523; x_wconf 85' lang='grc' dir='ltr'>Παῦλος</span> <span class='ocrx_word' id='word_1_712' title='bbox 3870 3463 3899 3515; x_wconf 90' lang='lat'>6</span> 
     </span>
    </p>
   </div>
   <div class='ocr_carea' id='block_1_98' title="bbox 2250 3534 3892 3623">
    <p class='ocr_par' dir='ltr' id='par_1_98' title="bbox 2250 3534 3892 3623">
     <span class='ocr_line' id='line_1_99' title="bbox 2250 3534 3892 3623; baseline 0.012 -38"><span class='ocrx_word' id='word_1_713' title='bbox 2250 3534 2455 3589; x_wconf 88' lang='grc' dir='ltr'>τούτων</span> <span class='ocrx_word' id='word_1_714' title='bbox 2512 3536 2829 3601; x_wconf 64' lang='grc' dir='ltr'>ἐπίσκοπος.</span> <span class='ocrx_word' id='word_1_715' title='bbox 2888 3542 2977 3603; x_wconf 77' lang='grc' dir='ltr'>Ὠς</span> <span class='ocrx_word' id='word_1_716' title='bbox 3038 3539 3094 3597; x_wconf 77' lang='grc' dir='ltr'>δὲ</span> <span class='ocrx_word' id='word_1_717' title='bbox 3131 3544 3374 3599; x_wconf 82' lang='grc' dir='ltr'>τεθνάναι</span> <span class='ocrx_word' id='word_1_718' title='bbox 3434 3544 3679 3623; x_wconf 82' lang='grc' dir='ltr'>δεύτερον</span> <span class='ocrx_word' id='word_1_719' title='bbox 3731 3550 3892 3605; x_wconf 75' lang='grc' dir='ltr'>αὐτὸν</span> 
     </span>
    </p>
   </div>
   <div class='ocr_carea' id='block_1_99' title="bbox 2250 3618 3893 3714">
    <p class='ocr_par' dir='ltr' id='par_1_99' title="bbox 2250 3618 3893 3714">
     <span class='ocr_line' id='line_1_100' title="bbox 2250 3618 3893 3714; baseline 0.012 -41"><span class='ocrx_word' id='word_1_720' title='bbox 2250 3618 2357 3690; x_wconf 75' lang='grc' dir='ltr'>ἢδη</span> <span class='ocrx_word' id='word_1_721' title='bbox 2414 3624 2612 3697; x_wconf 90' lang='grc' dir='ltr'>χρόνον</span> <span class='ocrx_word' id='word_1_722' title='bbox 2671 3626 2946 3697; x_wconf 86' lang='grc' dir='ltr'>ἐμάνθανε,</span> <span class='ocrx_word' id='word_1_723' title='bbox 3006 3633 3081 3703; x_wconf 81' lang='grc' dir='ltr'>μή</span> <span class='ocrx_word' id='word_1_724' title='bbox 3142 3626 3288 3711; x_wconf 82' lang='grc' dir='ltr'>ἔχων</span> <span class='ocrx_word' id='word_1_725' title='bbox 3376 3636 3511 3689; x_wconf 77' lang='grc' dir='ltr'>ὅπου</span> <span class='ocrx_word' id='word_1_726' title='bbox 3723 3638 3893 3714; x_wconf 71' lang='grc' dir='ltr'>ὀργὴν</span> 
     </span>
    </p>
   </div>
   <div class='ocr_carea' id='block_1_100' title="bbox 2251 3708 3892 3799">
    <p class='ocr_par' dir='ltr' id='par_1_100' title="bbox 2251 3708 3892 3799">
     <span class='ocr_line' id='line_1_101' title="bbox 2251 3708 3892 3799; baseline 0.013 -36"><span class='ocrx_word' id='word_1_727' title='bbox 2251 3708 2427 3787; x_wconf 78' lang='grc' dir='ltr'>ἐπαφῇ</span> <span class='ocrx_word' id='word_1_728' title='bbox 2460 3716 2596 3787; x_wconf 86' lang='grc' dir='ltr'>πρὸς</span> <span class='ocrx_word' id='word_1_729' title='bbox 2641 3716 2739 3782; x_wconf 77' lang='grc' dir='ltr'>τήν</span> <span class='ocrx_word' id='word_1_730' title='bbox 2794 3718 2942 3772; x_wconf 82' lang='grc' dir='ltr'>κόνιν</span> <span class='ocrx_word' id='word_1_731' title='bbox 2997 3708 3215 3795; x_wconf 71' lang='grc' dir='ltr'>ἐχώρει,</span> <span class='ocrx_word' id='word_1_732' title='bbox 3278 3723 3365 3777; x_wconf 87' lang='grc' dir='ltr'>καὶ</span> <span class='ocrx_word' id='word_1_733' title='bbox 3427 3725 3735 3799; x_wconf 73' lang='grc' dir='ltr'>ἀνορύττειν</span> <span class='ocrx_word' id='word_1_734' title='bbox 3799 3730 3892 3783; x_wconf 85' lang='grc' dir='ltr'>τὸν</span> 
     </span>
    </p>
   </div>
   <div class='ocr_carea' id='block_1_101' title="bbox 2248 3801 3894 3889">
    <p class='ocr_par' dir='ltr' id='par_1_101' title="bbox 2248 3801 3894 3889">
     <span class='ocr_line' id='line_1_102' title="bbox 2248 3801 3894 3889; baseline 0.012 -36"><span class='ocrx_word' id='word_1_735' title='bbox 2248 3801 2414 3875; x_wconf 83' lang='grc' dir='ltr'>τάφον</span> <span class='ocrx_word' id='word_1_736' title='bbox 2481 3805 2828 3873; x_wconf 86' lang='grc' dir='ltr'>προσέταττε,</span> <span class='ocrx_word' id='word_1_737' title='bbox 2896 3808 2986 3861; x_wconf 83' lang='grc' dir='ltr'>καὶ</span> <span class='ocrx_word' id='word_1_738' title='bbox 3053 3810 3145 3864; x_wconf 86' lang='grc' dir='ltr'>τὸν</span> <span class='ocrx_word' id='word_1_739' title='bbox 3211 3810 3416 3865; x_wconf 82' lang='grc' dir='ltr'>ἐκείνου</span> <span class='ocrx_word' id='word_1_740' title='bbox 3483 3816 3668 3889; x_wconf 86' lang='grc' dir='ltr'>νεκρὸν</span> <span class='ocrx_word' id='word_1_741' title='bbox 3722 3838 3894 3871; x_wconf 87' lang='grc' dir='ltr'>κατα-</span> 
     </span>
    </p>
   </div>
   <div class='ocr_carea' id='block_1_102' title="bbox 2249 3888 3893 3974">
    <p class='ocr_par' dir='ltr' id='par_1_102' title="bbox 2249 3888 3893 3974">
     <span class='ocr_line' id='line_1_103' title="bbox 2249 3888 3893 3974; baseline 0.013 -34"><span class='ocrx_word' id='word_1_742' title='bbox 2249 3888 2514 3954; x_wconf 81' lang='grc' dir='ltr'>καίοντας,</span> <span class='ocrx_word' id='word_1_743' title='bbox 2547 3892 2622 3954; x_wconf 87' lang='grc' dir='ltr'>εἰς</span> <span class='ocrx_word' id='word_1_744' title='bbox 2668 3894 2797 3962; x_wconf 83' lang='grc' dir='ltr'>ἀέρα</span> <span class='ocrx_word' id='word_1_745' title='bbox 2834 3895 3056 3968; x_wconf 78' lang='grc' dir='ltr'>λικμᾷν.</span> <span class='ocrx_word' id='word_1_746' title='bbox 3106 3898 3357 3973; x_wconf 87' lang='grc' dir='ltr'>Εὑρίσκει</span> <span class='ocrx_word' id='word_1_747' title='bbox 3408 3902 3496 3956; x_wconf 82' lang='grc' dir='ltr'>καὶ</span> <span class='ocrx_word' id='word_1_748' title='bbox 3540 3888 3715 3974; x_wconf 74' lang='grc' dir='ltr'>ἃλλην</span> <span class='ocrx_word' id='word_1_749' title='bbox 3771 3906 3893 3961; x_wconf 80' lang='grc' dir='ltr'>ἐπί-</span> 
     </span>
    </p>
   </div>
   <div class='ocr_carea' id='block_1_103' title="bbox 2246 3979 3892 4067">
    <p class='ocr_par' dir='ltr' id='par_1_103' title="bbox 2246 3979 3892 4067">
     <span class='ocr_line' id='line_1_104' title="bbox 2246 3979 3892 4067; baseline 0.013 -38"><span class='ocrx_word' id='word_1_750' title='bbox 2246 3996 2393 4029; x_wconf 88' lang='grc' dir='ltr'>νοιαν</span> <span class='ocrx_word' id='word_1_751' title='bbox 2424 3981 2457 4045; x_wconf 77' lang='grc' dir='ltr'><strong>ἡ</strong></span> <span class='ocrx_word' id='word_1_752' title='bbox 2494 3979 2776 4050; x_wconf 85' lang='grc' dir='ltr'>μανιώδης</span> <span class='ocrx_word' id='word_1_753' title='bbox 2809 3986 2986 4061; x_wconf 79' lang='grc' dir='ltr'>ψυχὴ,</span> <span class='ocrx_word' id='word_1_754' title='bbox 3013 3986 3102 4039; x_wconf 81' lang='grc' dir='ltr'>καὶ</span> <span class='ocrx_word' id='word_1_755' title='bbox 3136 3988 3197 4041; x_wconf 83' lang='grc' dir='ltr'>ού</span> <span class='ocrx_word' id='word_1_756' title='bbox 3230 3985 3500 4062; x_wconf 78' lang='grc' dir='ltr'>λαμϐάνει</span> <span class='ocrx_word' id='word_1_757' title='bbox 3541 3994 3701 4067; x_wconf 89' lang='grc' dir='ltr'>κόρον</span> <span class='ocrx_word' id='word_1_758' title='bbox 3754 3999 3892 4051; x_wconf 82' lang='grc' dir='ltr'>κατά</span> 
     </span>
    </p>
   </div>
   <div class='ocr_carea' id='block_1_104' title="bbox 2244 4065 3886 4160">
    <p class='ocr_par' dir='ltr' id='par_1_104' title="bbox 2244 4065 3886 4160">
     <span class='ocr_line' id='line_1_105' title="bbox 2244 4065 3886 4160; baseline 0.012 -40"><span class='ocrx_word' id='word_1_759' title='bbox 2244 4065 2578 4139; x_wconf 82' lang='grc' dir='ltr'>Χριστιανῶν</span> <span class='ocrx_word' id='word_1_760' title='bbox 2647 4071 2786 4125; x_wconf 82' lang='grc' dir='ltr'>κακᾶ</span> <span class='ocrx_word' id='word_1_761' title='bbox 2866 4073 3237 4131; x_wconf 76' lang='grc' dir='ltr'>τεκταίνουσαο</span> <span class='ocrx_word' id='word_1_762' title='bbox 3334 4079 3477 4134; x_wconf 70' lang='grc' dir='ltr'>ἀλλὰ</span> <span class='ocrx_word' id='word_1_763' title='bbox 3551 4082 3720 4155; x_wconf 75' lang='grc' dir='ltr'>πυρὰν</span> <span class='ocrx_word' id='word_1_764' title='bbox 3778 4084 3886 4160; x_wconf 77' lang='grc' dir='ltr'>ὕλῃ</span> 
     </span>
    </p>
   </div>
   <div class='ocr_carea' id='block_1_105' title="bbox 2244 4153 3890 4245">
    <p class='ocr_par' dir='ltr' id='par_1_105' title="bbox 2244 4153 3890 4245">
     <span class='ocr_line' id='line_1_106' title="bbox 2244 4153 3890 4245; baseline 0.01 -36"><span class='ocrx_word' id='word_1_765' title='bbox 2244 4153 2431 4229; x_wconf 81' lang='grc' dir='ltr'>πολλῇ</span> <span class='ocrx_word' id='word_1_766' title='bbox 2499 4158 2856 4235; x_wconf 75' lang='grc' dir='ltr'>τρεφομένην,</span> <span class='ocrx_word' id='word_1_767' title='bbox 2915 4162 3201 4219; x_wconf 77' lang='grc' dir='ltr'>ἀνακαῦσαι</span> <span class='ocrx_word' id='word_1_768' title='bbox 3268 4166 3497 4239; x_wconf 85' lang='grc' dir='ltr'>κελεύει,</span> <span class='ocrx_word' id='word_1_769' title='bbox 3562 4170 3649 4223; x_wconf 85' lang='lat' dir='ltr'>xui</span> <span class='ocrx_word' id='word_1_770' title='bbox 3714 4192 3890 4245; x_wconf 84' lang='grc' dir='ltr'>παρα-</span> 
     </span>
    </p>
   </div>
   <div class='ocr_carea' id='block_1_106' title="bbox 2246 4245 3886 4334">
    <p class='ocr_par' dir='ltr' id='par_1_106' title="bbox 2246 4245 3886 4334">
     <span class='ocr_line' id='line_1_107' title="bbox 2246 4245 3886 4334; baseline 0.012 -38"><span class='ocrx_word' id='word_1_771' title='bbox 2246 4251 2440 4319; x_wconf 79' lang='grc' dir='ltr'>χρῆμα</span> <span class='ocrx_word' id='word_1_772' title='bbox 2468 4245 2593 4308; x_wconf 87' lang='grc' dir='ltr'>τούς</span> <span class='ocrx_word' id='word_1_773' title='bbox 2646 4268 2704 4301; x_wconf 91' lang='grc' dir='ltr'>τε</span> <span class='ocrx_word' id='word_1_774' title='bbox 2753 4256 2853 4317; x_wconf 81' lang='grc' dir='ltr'>τῆς</span> <span class='ocrx_word' id='word_1_775' title='bbox 2911 4249 3125 4314; x_wconf 84' lang='grc' dir='ltr'>πόλεως</span> <span class='ocrx_word' id='word_1_776' title='bbox 3184 4255 3275 4308; x_wconf 82' lang='grc' dir='ltr'>καὶ</span> <span class='ocrx_word' id='word_1_777' title='bbox 3332 4255 3665 4331; x_wconf 83' lang='grc' dir='ltr'>περιοικίδας</span> <span class='ocrx_word' id='word_1_778' title='bbox 3719 4259 3886 4334; x_wconf 79' lang='grc' dir='ltr'>ἱερεῖς</span> 
     </span>
    </p>
   </div>
   <div class='ocr_carea' id='block_1_107' title="bbox 2242 4333 3881 4421">
    <p class='ocr_par' dir='ltr' id='par_1_107' title="bbox 2242 4333 3881 4421">
     <span class='ocr_line' id='line_1_108' title="bbox 2242 4333 3881 4421; baseline 0.01 -35"><span class='ocrx_word' id='word_1_779' title='bbox 2242 4333 2331 4386; x_wconf 83' lang='grc' dir='ltr'>καὶ</span> <span class='ocrx_word' id='word_1_780' title='bbox 2366 4333 2715 4405; x_wconf 76' lang='grc' dir='ltr'>μονάζοντας,</span> <span class='ocrx_word' id='word_1_781' title='bbox 2779 4337 2875 4401; x_wconf 73' lang='grc' dir='ltr'>τὰς</span> <span class='ocrx_word' id='word_1_782' title='bbox 2920 4343 2997 4411; x_wconf 80' lang='grc' dir='ltr'>τῷ</span> <span class='ocrx_word' id='word_1_783' title='bbox 3048 4344 3163 4411; x_wconf 83' lang='grc' dir='ltr'>Θεῷ</span> <span class='ocrx_word' id='word_1_784' title='bbox 3221 4341 3517 4416; x_wconf 75' lang='grc' dir='ltr'>ἱερωμένας</span> <span class='ocrx_word' id='word_1_785' title='bbox 3562 4333 3881 4421; x_wconf 72' lang='grc' dir='ltr'>παρθένους,</span> 
     </span>
    </p>
   </div>
   <div class='ocr_carea' id='block_1_108' title="bbox 2241 4420 3882 4502">
    <p class='ocr_par' dir='ltr' id='par_1_108' title="bbox 2241 4420 3882 4502">
     <span class='ocr_line' id='line_1_109' title="bbox 2241 4420 3882 4502; baseline 0.011 -27"><span class='ocrx_word' id='word_1_786' title='bbox 2241 4423 2377 4495; x_wconf 86' lang='grc' dir='ltr'>πρὸς</span> <span class='ocrx_word' id='word_1_787' title='bbox 2437 4420 2620 4478; x_wconf 78' lang='grc' dir='ltr'>δὲκαὶ</span> <span class='ocrx_word' id='word_1_788' title='bbox 2675 4431 2952 4499; x_wconf 84' lang='grc' dir='ltr'>γυναῖκας,</span> <span class='ocrx_word' id='word_1_789' title='bbox 3007 4429 3127 4483; x_wconf 83' lang='grc' dir='ltr'>ὃσαι</span> <span class='ocrx_word' id='word_1_790' title='bbox 3185 4430 3277 4485; x_wconf 83' lang='grc' dir='ltr'>τὸν</span> <span class='ocrx_word' id='word_1_791' title='bbox 3334 4431 3623 4502; x_wconf 85' lang='grc' dir='ltr'>ἀσκητικὸν</span> <span class='ocrx_word' id='word_1_792' title='bbox 3665 4434 3882 4494; x_wconf 77' lang='grc' dir='ltr'>εἴλοντο</span> 
     </span>
    </p>
   </div>
   <div class='ocr_carea' id='block_1_109' title="bbox 2244 4509 3879 4592">
    <p class='ocr_par' dir='ltr' id='par_1_109' title="bbox 2244 4509 3879 4592">
     <span class='ocr_line' id='line_1_110' title="bbox 2244 4509 3879 4592; baseline 0.01 -29"><span class='ocrx_word' id='word_1_793' title='bbox 2244 4509 2384 4584; x_wconf 86' lang='grc' dir='ltr'>βίον,</span> <span class='ocrx_word' id='word_1_794' title='bbox 2419 4511 2647 4581; x_wconf 80' lang='grc' dir='ltr'>ἀθρόους</span> <span class='ocrx_word' id='word_1_795' title='bbox 2678 4514 2817 4585; x_wconf 87' lang='grc' dir='ltr'>ὁμοῦ</span> <span class='ocrx_word' id='word_1_796' title='bbox 2858 4517 3055 4579; x_wconf 86' lang='grc' dir='ltr'>πάντας</span> <span class='ocrx_word' id='word_1_797' title='bbox 3090 4516 3141 4571; x_wconf 79' lang='grc' dir='ltr'>ἐν</span> <span class='ocrx_word' id='word_1_798' title='bbox 3187 4518 3324 4585; x_wconf 80' lang='grc' dir='ltr'>αὐτῆ</span> <span class='ocrx_word' id='word_1_799' title='bbox 3376 4517 3657 4592; x_wconf 79' lang='grc' dir='ltr'>ἐμϐαλεῖν.</span> <span class='ocrx_word' id='word_1_800' title='bbox 3709 4525 3879 4582; x_wconf 75' lang='grc' dir='ltr'>Οὗτοι</span> 
     </span>
    </p>
   </div>
   <div class='ocr_carea' id='block_1_110' title="bbox 2237 4598 3877 4676">
    <p class='ocr_par' dir='ltr' id='par_1_110' title="bbox 2237 4598 3877 4676">
     <span class='ocr_line' id='line_1_111' title="bbox 2237 4598 3877 4676; baseline 0.012 -26"><span class='ocrx_word' id='word_1_801' title='bbox 2237 4598 2363 4673; x_wconf 79' lang='grc' dir='ltr'>γὰρ,</span> <span class='ocrx_word' id='word_1_802' title='bbox 2396 4600 2579 4676; x_wconf 85' lang='grc' dir='ltr'>φησὶν.</span> <span class='ocrx_word' id='word_1_803' title='bbox 2636 4603 2877 4676; x_wconf 84' lang='grc' dir='ltr'>ἀτεχνῶς</span> <span class='ocrx_word' id='word_1_804' title='bbox 2935 4604 3099 4659; x_wconf 82' lang='grc' dir='ltr'>αἷ¹τιοι</span> <span class='ocrx_word' id='word_1_805' title='bbox 3152 4614 3252 4676; x_wconf 85' lang='grc' dir='ltr'>τῆς</span> <span class='ocrx_word' id='word_1_806' title='bbox 3317 4614 3424 4664; x_wconf 82' lang='grc' dir='ltr'>τῶν</span> <span class='ocrx_word' id='word_1_807' title='bbox 3477 4609 3664 4666; x_wconf 84' lang='grc' dir='ltr'>ἃλλων</span> <span class='ocrx_word' id='word_1_808' title='bbox 3720 4614 3877 4669; x_wconf 87' lang='grc' dir='ltr'>ἀπω-</span> 
     </span>
    </p>
   </div>
   <div class='ocr_carea' id='block_1_111' title="bbox 2238 4686 3874 4772">
    <p class='ocr_par' dir='ltr' id='par_1_111' title="bbox 2238 4686 3874 4772">
     <span class='ocr_line' id='line_1_112' title="bbox 2238 4686 3874 4772; baseline 0.01 -30"><span class='ocrx_word' id='word_1_809' title='bbox 2238 4686 2409 4757; x_wconf 86' lang='grc' dir='ltr'>λείας,</span> <span class='ocrx_word' id='word_1_810' title='bbox 2468 4689 2843 4754; x_wconf 82' lang='grc' dir='ltr'>ἀναπείθοντες</span> <span class='ocrx_word' id='word_1_811' title='bbox 2890 4694 3245 4771; x_wconf 82' lang='grc' dir='ltr'>προσανέχειν</span> <span class='ocrx_word' id='word_1_812' title='bbox 3285 4698 3357 4759; x_wconf 84' lang='grc' dir='ltr'>ὡς</span> <span class='ocrx_word' id='word_1_813' title='bbox 3406 4701 3512 4772; x_wconf 83' lang='grc' dir='ltr'>θεῷ</span> <span class='ocrx_word' id='word_1_814' title='bbox 3556 4705 3637 4772; x_wconf 81' lang='grc' dir='ltr'>τῷ</span> <span class='ocrx_word' id='word_1_815' title='bbox 3683 4702 3874 4757; x_wconf 81' lang='grc' dir='ltr'>ἐσταυ-</span> 
     </span>
    </p>
   </div>
   <div class='ocr_carea' id='block_1_112' title="bbox 2236 4778 3875 4866">
    <p class='ocr_par' dir='ltr' id='par_1_112' title="bbox 2236 4778 3875 4866">
     <span class='ocr_line' id='line_1_113' title="bbox 2236 4778 3875 4866; baseline 0.011 -36"><span class='ocrx_word' id='word_1_816' title='bbox 2236 4778 2480 4851; x_wconf 85' lang='grc' dir='ltr'>ρωμένῳ.</span> <span class='ocrx_word' id='word_1_817' title='bbox 2550 4782 2686 4835; x_wconf 78' lang='grc' dir='ltr'>Εἶτα</span> <span class='ocrx_word' id='word_1_818' title='bbox 2749 4784 2988 4859; x_wconf 88' lang='grc' dir='ltr'>καθάπερ</span> <span class='ocrx_word' id='word_1_819' title='bbox 3056 4787 3158 4841; x_wconf 85' lang='grc' dir='ltr'>οὐκ</span> <span class='ocrx_word' id='word_1_820' title='bbox 3222 4787 3515 4861; x_wconf 87' lang='grc' dir='ltr'>ἀρκοῦντος</span> <span class='ocrx_word' id='word_1_821' title='bbox 3570 4794 3667 4846; x_wconf 91' lang='grc' dir='ltr'>τοῦ</span> <span class='ocrx_word' id='word_1_822' title='bbox 3722 4814 3875 4866; x_wconf 86' lang='grc' dir='ltr'>γενο-</span> 
     </span>
    </p>
   </div>
   <div class='ocr_carea' id='block_1_113' title="bbox 2234 4865 3870 4954">
    <p class='ocr_par' dir='ltr' id='par_1_113' title="bbox 2234 4865 3870 4954">
     <span class='ocr_line' id='line_1_114' title="bbox 2234 4865 3870 4954; baseline 0.01 -36"><span class='ocrx_word' id='word_1_823' title='bbox 2234 4865 2394 4954; x_wconf 79' lang='grc' dir='ltr'>μένου</span> <span class='ocrx_word' id='word_1_824' title='bbox 2427 4867 2811 4942; x_wconf 88' lang='grc' dir='ltr'>ἀπαράμιλλον</span> <span class='ocrx_word' id='word_1_825' title='bbox 2845 4871 3008 4927; x_wconf 80' lang='grc' dir='ltr'>αὐτοῦ</span> <span class='ocrx_word' id='word_1_826' title='bbox 3058 4872 3336 4946; x_wconf 80' lang='grc' dir='ltr'>ἀποδεῖξαι</span> <span class='ocrx_word' id='word_1_827' title='bbox 3386 4879 3485 4946; x_wconf 80' lang='grc' dir='ltr'>τήν</span> <span class='ocrx_word' id='word_1_828' title='bbox 3535 4881 3870 4954; x_wconf 86' lang='grc' dir='ltr'>μοχθηρίαν·</span> 
     </span>
    </p>
   </div>
   <div class='ocr_carea' id='block_1_114' title="bbox 2224 4949 3871 5034">
    <p class='ocr_par' dir='ltr' id='par_1_114' title="bbox 2224 4949 3871 5034">
     <span class='ocr_line' id='line_1_115' title="bbox 2224 4949 3871 5034; baseline 0.01 -29"><span class='ocrx_word' id='word_1_829' title='bbox 2224 4949 2308 5005; x_wconf 71' lang='grc' dir='ltr'>’ἶνα</span> <span class='ocrx_word' id='word_1_830' title='bbox 2337 4952 2430 5007; x_wconf 71' lang='grc' dir='ltr'>κᾶν</span> <span class='ocrx_word' id='word_1_831' title='bbox 2471 4959 2595 5027; x_wconf 88' lang='grc' dir='ltr'>γοῦν</span> <span class='ocrx_word' id='word_1_832' title='bbox 2641 4957 2767 5021; x_wconf 87' lang='grc' dir='ltr'>τοὺς</span> <span class='ocrx_word' id='word_1_833' title='bbox 2826 4959 3029 5022; x_wconf 84' lang='grc' dir='ltr'>ἄλλους</span> <span class='ocrx_word' id='word_1_834' title='bbox 3090 4962 3511 5034; x_wconf 82' lang='grc' dir='ltr'>ὑποποιήσαιτο.</span> <span class='ocrx_word' id='word_1_835' title='bbox 3568 4967 3627 5024; x_wconf 75' lang='grc' dir='ltr'><strong>Ὀ</strong></span> <span class='ocrx_word' id='word_1_836' title='bbox 3668 4965 3726 5022; x_wconf 77' lang='grc' dir='ltr'>δὲ</span> <span class='ocrx_word' id='word_1_837' title='bbox 3776 4968 3871 5023; x_wconf 79' lang='grc' dir='ltr'>καὶ</span> 
     </span>
    </p>
   </div>
   <div class='ocr_carea' id='block_1_115' title="bbox 2226 5044 3869 5124">
    <p class='ocr_par' dir='ltr' id='par_1_115' title="bbox 2226 5044 3869 5124">
     <span class='ocr_line' id='line_1_116' title="bbox 2226 5044 3869 5124; baseline 0.011 -30"><span class='ocrx_word' id='word_1_838' title='bbox 2226 5044 2704 5118; x_wconf 81' lang='grc' dir='ltr'>προσαγωνίζεται,</span> <span class='ocrx_word' id='word_1_839' title='bbox 2761 5050 2850 5101; x_wconf 86' lang='grc' dir='ltr'>καὶ</span> <span class='ocrx_word' id='word_1_840' title='bbox 2906 5051 3147 5124; x_wconf 81' lang='grc' dir='ltr'>κήρυκας</span> <span class='ocrx_word' id='word_1_841' title='bbox 3232 5051 3329 5106; x_wconf 78' lang='grc' dir='ltr'>ἂνά</span> <span class='ocrx_word' id='word_1_842' title='bbox 3392 5055 3494 5122; x_wconf 83' lang='grc' dir='ltr'>τήν</span> <span class='ocrx_word' id='word_1_843' title='bbox 3549 5055 3711 5111; x_wconf 88' lang='grc' dir='ltr'>πόλιν</span> <span class='ocrx_word' id='word_1_844' title='bbox 3774 5058 3869 5112; x_wconf 78' lang='grc' dir='ltr'>καὶ</span> 
     </span>
    </p>
   </div>
   <div class='ocr_carea' id='block_1_116' title="bbox 2223 5131 3871 5218">
    <p class='ocr_par' dir='ltr' id='par_1_116' title="bbox 2223 5131 3871 5218">
     <span class='ocr_line' id='line_1_117' title="bbox 2223 5131 3871 5218; baseline 0.01 -35"><span class='ocrx_word' id='word_1_845' title='bbox 2223 5131 2321 5197; x_wconf 78' lang='grc' dir='ltr'>την</span> <span class='ocrx_word' id='word_1_846' title='bbox 2380 5132 2566 5206; x_wconf 89' lang='grc' dir='ltr'>χώραν</span> <span class='ocrx_word' id='word_1_847' title='bbox 2626 5134 2837 5191; x_wconf 83' lang='grc' dir='ltr'>ἐκέλευε</span> <span class='ocrx_word' id='word_1_848' title='bbox 2894 5135 3147 5209; x_wconf 86' lang='grc' dir='ltr'>διαθέειν,</span> <span class='ocrx_word' id='word_1_849' title='bbox 3208 5136 3544 5215; x_wconf 78' lang='grc' dir='ltr'>ἐμϐοῶντας,</span> <span class='ocrx_word' id='word_1_850' title='bbox 3603 5142 3871 5218; x_wconf 72' lang='grc' dir='ltr'>ἀπαρνου-</span> 
     </span>
    </p>
   </div>
   <div class='ocr_carea' id='block_1_117' title="bbox 2227 5218 3870 5308">
    <p class='ocr_par' dir='ltr' id='par_1_117' title="bbox 2227 5218 3870 5308">
     <span class='ocr_line' id='line_1_118' title="bbox 2227 5218 3870 5308; baseline 0.009 -36"><span class='ocrx_word' id='word_1_851' title='bbox 2227 5218 2415 5289; x_wconf 84' lang='grc' dir='ltr'>μένους</span> <span class='ocrx_word' id='word_1_852' title='bbox 2471 5220 2561 5274; x_wconf 85' lang='grc' dir='ltr'>τὸν</span> <span class='ocrx_word' id='word_1_853' title='bbox 2612 5225 2843 5296; x_wconf 85' lang='grc' dir='ltr'>Χριστὸν</span> <span class='ocrx_word' id='word_1_854' title='bbox 2906 5227 2998 5296; x_wconf 81' lang='grc' dir='ltr'>ζῇν</span> <span class='ocrx_word' id='word_1_855' title='bbox 3059 5224 3372 5299; x_wconf 82' lang='grc' dir='ltr'>ἱουδαϊκῶς,</span> <span class='ocrx_word' id='word_1_856' title='bbox 3425 5229 3492 5283; x_wconf 85' lang='grc' dir='ltr'>τά</span> <span class='ocrx_word' id='word_1_857' title='bbox 3548 5228 3680 5285; x_wconf 77' lang='grc' dir='ltr'>αὐτὰ</span> <span class='ocrx_word' id='word_1_858' title='bbox 3728 5251 3870 5308; x_wconf 81' lang='grc' dir='ltr'>φρο-</span> 
     </span>
    </p>
   </div>
   <div class='ocr_carea' id='block_1_118' title="bbox 2221 5310 2825 5384">
    <p class='ocr_par' dir='ltr' id='par_1_118' title="bbox 2221 5310 2825 5384">
     <span class='ocr_line' id='line_1_119' title="bbox 2221 5310 2825 5384; baseline 0.012 -23"><span class='ocrx_word' id='word_1_859' title='bbox 2221 5311 2446 5370; x_wconf 86' lang='grc' dir='ltr'>νοῦντας</span> <span class='ocrx_word' id='word_1_860' title='bbox 2477 5314 2555 5379; x_wconf 83' lang='grc' dir='ltr'>τῷ</span> <span class='ocrx_word' id='word_1_861' title='bbox 2591 5310 2825 5384; x_wconf 88' lang='grc' dir='ltr'>βασιλεῖ.</span> 
     </span>
    </p>
   </div>
   <div class='ocr_carea' id='block_1_119' title="bbox 2290 5396 3869 5481">
    <p class='ocr_par' dir='ltr' id='par_1_119' title="bbox 2290 5396 3869 5481">
     <span class='ocr_line' id='line_1_120' title="bbox 2290 5396 3869 5481; baseline 0.009 -31"><span class='ocrx_word' id='word_1_862' title='bbox 2290 5398 2372 5452; x_wconf 86' lang='grc' dir='ltr'>Η’.</span> <span class='ocrx_word' id='word_1_863' title='bbox 2427 5396 2603 5459; x_wconf 83' lang='grc' dir='ltr'>Αὐτὸς</span> <span class='ocrx_word' id='word_1_864' title='bbox 2659 5396 2716 5454; x_wconf 76' lang='grc' dir='ltr'>δὲ</span> <span class='ocrx_word' id='word_1_865' title='bbox 2776 5401 3053 5476; x_wconf 76' lang='grc' dir='ltr'>βασιλεὺς,</span> <span class='ocrx_word' id='word_1_866' title='bbox 3121 5410 3238 5467; x_wconf 84' lang='grc' dir='ltr'>τοῖς</span> <span class='ocrx_word' id='word_1_867' title='bbox 3331 5409 3457 5481; x_wconf 88' lang='grc' dir='ltr'>περὶ</span> <span class='ocrx_word' id='word_1_868' title='bbox 3516 5406 3735 5480; x_wconf 83' lang='grc' dir='ltr'>Ἀρέθαν</span> <span class='ocrx_word' id='word_1_869' title='bbox 3798 5412 3869 5465; x_wconf 70' lang='grc' dir='ltr'>τὰ</span> 
     </span>
    </p>
   </div>
   <div class='ocr_carea' id='block_1_120' title="bbox 2218 5482 3869 5576">
    <p class='ocr_par' dir='ltr' id='par_1_120' title="bbox 2218 5482 3869 5576">
     <span class='ocr_line' id='line_1_121' title="bbox 2218 5482 3869 5576; baseline 0.01 -38"><span class='ocrx_word' id='word_1_870' title='bbox 2218 5482 2384 5558; x_wconf 74' lang='grc' dir='ltr'>ὅμοια</span> <span class='ocrx_word' id='word_1_871' title='bbox 2442 5483 2811 5559; x_wconf 76' lang='grc' dir='ltr'>συνεϐούλευε,</span> <span class='ocrx_word' id='word_1_872' title='bbox 2852 5494 3161 5565; x_wconf 80' lang='grc' dir='ltr'>προστιθεὶς</span> <span class='ocrx_word' id='word_1_873' title='bbox 3212 5494 3294 5550; x_wconf 81' lang='grc' dir='ltr'>ὅτι</span> <span class='ocrx_word' id='word_1_874' title='bbox 3344 5497 3433 5551; x_wconf 86' lang='grc' dir='ltr'>καὶ</span> <span class='ocrx_word' id='word_1_875' title='bbox 3486 5496 3639 5552; x_wconf 76' lang='grc' dir='ltr'>αὐτοὶ</span> <span class='ocrx_word' id='word_1_876' title='bbox 3686 5492 3869 5576; x_wconf 72' lang='grc' dir='ltr'>ἔγνω-</span> 
     </span>
    </p>
   </div>
   <div class='ocr_carea' id='block_1_121' title="bbox 2216 5575 3473 5659">
    <p class='ocr_par' dir='ltr' id='par_1_121' title="bbox 2216 5575 3473 5659">
     <span class='ocr_line' id='line_1_122' title="bbox 2216 5575 3473 5659; baseline 0.01 -32"><span class='ocrx_word' id='word_1_877' title='bbox 2216 5595 2314 5651; x_wconf 85' lang='grc' dir='ltr'>φαν</span> <span class='ocrx_word' id='word_1_878' title='bbox 2381 5575 2643 5648; x_wconf 78' lang='grc' dir='ltr'>Ῥωμαῖοι</span> <span class='ocrx_word' id='word_1_879' title='bbox 2721 5579 3000 5651; x_wconf 80' lang='grc' dir='ltr'>ἄνθρωπον</span> <span class='ocrx_word' id='word_1_880' title='bbox 3085 5582 3473 5659; x_wconf 73' lang='grc' dir='ltr'>ἐσταυρωκέναι</span> 
     </span>
    </p>
   </div>
   <div class='ocr_carea' id='block_1_122' title="bbox 3561 5585 3864 5651">
    <p class='ocr_par' dir='ltr' id='par_1_122' title="bbox 3561 5585 3864 5651">
     <span class='ocr_line' id='line_1_123' title="bbox 3561 5585 3864 5651; baseline 0.017 -11"><span class='ocrx_word' id='word_1_881' title='bbox 3561 5585 3691 5651; x_wconf 80' lang='grc' dir='ltr'>τοὺς</span> <span class='ocrx_word' id='word_1_882' title='bbox 3756 5609 3864 5644; x_wconf 82' lang='grc' dir='ltr'>πα-</span> 
     </span>
    </p>
   </div>
  </div>
