4128 6274
242 355 394 419 1257

1439 358 1916 422 MARTYBIUM
1963 365 2028 425 S.
2075 366 2441 430 ARETH/E.

3485 391 3639 452 1258

240 513 399 590 τέρας
429 517 612 588 ἡμῶν.
646 517 773 576 ΙΙῶς
823 516 928 590 γὰρ
985 513 1070 584 ἄν,
1125 516 1497 591 μαστιγωθείη
1549 519 1702 622 Θεὸς,
1752 519 1886 622 ἀσώ-

2006 524 2242 580 minem.
2298 528 2596 591 Quomodo
2659 536 2838 604 enim,
2884 540 3132 608 dicebat,
3197 545 3398 604 fuisset
3443 549 3641 622 ﬂagris

251 624 421 676 ματον
456 602 615 677 φύσιν
655 599 841 676 ἕχων;
894 609 1019 666 Πῶς
1067 602 1124 658 δὲ
1165 604 1254 660 καὶ
1304 606 1534 669 θανάτου
1581 606 1668 660 καὶ
1720 605 1892 668 οὕτως

245 689 442 764 ἀτίμου
508 690 600 746 καί
667 689 956 753 δυσκλεῶς
1023 692 1282 753 ἀθάνατος
1349 691 1409 747 ἃν
1490 693 1736 766 γεύσαιτο
1794 695 1897 772 φύ-

245 801 366 850 σις;
400 779 628 842 ’Ἄλλως
659 801 719 836 τε
762 777 819 835 δὲ
847 781 938 835 καὶ
978 779 1189 836 πολλοὶ
1236 783 1362 856 παρ’
1411 785 1545 854 ἡμῖν
1606 788 1712 838 τῶν
1758 784 1894 840 Ῥω-

246 869 443 942 μαίων.
486 869 786 943 Νεστόριον
842 869 1141 944 αὐχοῦντες
1191 868 1544 941 δίδάσκαλον,
1594 872 1683 926 καὶ
1737 872 1891 927 αὐτοὶ

242 958 459 1032 λέγουσι
499 955 688 1028 πάλιν,
721 956 834 1032 οὑχ
865 959 939 1019 ὼς
971 957 1123 1026 Θεὸν,
1154 958 1280 1015 ἀλλ’
1323 960 1394 1021 ὡς
1449 959 1731 1035 ἄνθρωπον
1781 958 1889 1015 δεῖν

241 1046 332 1100 καὶ
388 1048 682 1125 προφήτην
739 1046 861 1110 τινὰ
915 1052 1080 1118 τιμᾷν
1138 1048 1231 1102 τὸν
1285 1049 1541 1122 Χριστόν.
1617 1050 1775 1124 Κάγὼ
1835 1048 1894 1106 δὲ

242 1136 342 1189 οὐκ
387 1134 464 1196 εἷς
519 1138 783 1189 τοσοῦτον
852 1134 1092 1210 ἐξήχθην
1171 1136 1382 1209 μανίας,
1452 1137 1590 1193 ὥστε
1649 1141 1748 1209 τήν
1815 1139 1891 1203 εἷς

241 1224 372 1277 Θεὸν
403 1222 580 1278 πίστιν
632 1223 790 1286 αὐτός
841 1245 900 1279 τε
947 1224 1379 1299 ἀπαρνήσασθαι,
1428 1225 1517 1281 καί
1567 1227 1705 1300 ὑμᾶς
1753 1229 1891 1303 πρὸς

235 1313 336 1381 τήν
398 1312 593 1383 ὁμοίαν
649 1311 871 1386 ἄρνησιν
930 1311 1291 1372 ἐκκαλεῖσθαι.
1351 1321 1478 1377 Ηῶς
1533 1317 1656 1391 γὰρ,
1717 1318 1775 1379 ὃς
1831 1337 1893 1392 γε

238 1403 338 1454 τοῖ’)
384 1401 560 1471 νὸμου
621 1402 715 1473 μὲν
775 1399 1080 1477 ἀντέχομαι
1135 1403 1226 1457 καὶ
1285 1407 1391 1458 τῶν
1451 1404 1693 1478 πατρίων
1754 1404 1891 1460 ἐθῶν

243 1489 486 1564 ἰσχυρῶς
542 1488 896 1564 περιέχομαι,
953 1495 1058 1546 πᾶν
1110 1489 1167 1546 δὲ
1214 1490 1261 1546 εἲ
1320 1512 1368 1546 τι
1433 1494 1693 1567 νεώτερον
1746 1495 1893 1548 ἀπω-

239 1579 460 1649 θοῦμαι,
503 1577 594 1632 καὶ
634 1573 724 1631 διὰ
770 1582 932 1632 τοῦτο
989 1577 1368 1654 ἀπεχθάνομαι
1419 1580 1509 1635 καὶ
1556 1584 1636 1651 τῷ
1685 1579 1888 1651 Ἰησοῦ,

238 1664 535 1739 ἀνθρώπῳ,
613 1665 844 1736 θεότητα
912 1665 1087 1739 ἐαυτῷ
1149 1666 1452 1742 τολμηρῶς
1510 1669 1886 1742 περιάψαντι;

238 1751 378 1812 Οὐδὲ
406 1755 512 1829 γὰρ
545 1752 694 1826 ἡλίῳ
723 1756 814 1810 καὶ
845 1754 1068 1828 σελήνῃ,
1114 1756 1206 1810 καὶ
1256 1761 1372 1818 τοῖς
1413 1756 1608 1818 ἄλλοις
1654 1757 1891 1830 κτίσμα-

2004 628 2188 669 caesus
2219 615 2395 688 Deus,
2431 620 2531 691 qui
2555 629 2638 678 est
2667 631 2876 682 natura
2909 629 3278 702 incorporeus
3299 635 3326 690 ?
3357 642 3643 706 quomodo

2003 706 2198 758 autem
2234 703 2476 764 mortem
2508 711 2651 767 adeo
2693 717 2929 786 turpem
2967 722 3024 773 et
3056 703 3494 790 ignominiosam
3527 745 3642 784 na-

2001 792 2134 847 tura
2180 797 2431 864 gustarit
2462 797 2864 859 immortalis?
2903 805 3174 879 Alioquin
3230 817 3423 870 autem
3473 819 3640 873 multi

2003 897 2234 972 quoque
2268 899 2336 939 ex
2368 884 2664 955 Romanis,
2697 892 2793 961 qui
2835 900 2972 949 sunt
2999 898 3154 968 apud
3188 915 3308 969 vos,
3345 903 3642 972 jactantes

2000 985 2060 1024 se
2089 970 2422 1029 Nestorium
2457 975 2672 1034 habere
2705 981 3068 1053 magistrum,
3103 986 3216 1057 ipsi
3249 970 3481 1062 quoque
3511 1009 3639 1048 rur-

1999 1073 2103 1112 sus
2134 1059 2354 1128 dicunt,
2397 1079 2460 1119 se
2489 1080 2604 1120 non
2637 1071 2701 1121 ut
2730 1073 2936 1136 Deum,
2971 1075 3071 1127 sed
3105 1059 3402 1134 hominem
3430 1085 3487 1135 et
3508 1098 3640 1152 pro-

1999 1145 2235 1215 phetam
2286 1151 2591 1217 quemdam
2640 1160 2905 1224 oportere
2961 1158 3255 1218 Christum
3331 1145 3636 1224 honor-are.

1999 1235 2133 1298 Qum
2168 1235 2282 1290 nisi
2311 1254 2445 1293 vera
2472 1245 2692 1306 essent,
2733 1259 2839 1299 nec
2888 1261 2994 1317 ego
3025 1249 3098 1304 ad
3154 1255 3375 1308 tantam
3409 1271 3638 1325 proces-

1962 1318 2202 1376 'sissem
2261 1322 2579 1394 insaniam,
2621 1331 2684 1383 ut
2739 1329 2860 1400 ipse
2917 1349 3184 1404 negarem
3240 1339 3299 1393 in
3339 1318 3637 1397 Christum

1998 1406 2192 1474 ﬁdem,
2240 1418 2296 1465 et
2342 1427 2444 1466 vos
2491 1415 2561 1468 ad
2613 1415 2861 1474 similem
2923 1437 3190 1478 vocarem
3247 1428 3635 1495 negationem.

1997 1497 2295 1559 Quomodo
2327 1500 2506 1570 enim,
2538 1503 2640 1573 qui
2684 1503 2871 1576 legem
2923 1512 3090 1566 teneo
3129 1528 3195 1567 ac
3239 1517 3419 1583 tueor,
3453 1520 3513 1572 et
3543 1534 3639 1588 pa-

1997 1587 2140 1641 trios
2171 1602 2361 1644 mores
2395 1605 2460 1644 ac
2491 1591 2641 1646 ritus
2685 1594 2852 1650 valde
2902 1596 3244 1668 amplector,
3286 1603 3501 1674 repello
3533 1587 3638 1661 au-
3715 1648 3724 1657 .

1996 1677 2113 1728 tem
2157 1677 2402 1746 quiquid
2452 1678 2627 1734 fuerit
2667 1682 2838 1738 novi:
2883 1688 2940 1739 et
2987 1685 3111 1742 ideo
3158 1689 3362 1746 Jesum
3412 1709 3638 1766 quoque

1996 1761 2128 1817 odio
2159 1763 2343 1820 habeo
2391 1765 2711 1836 hominem,
2746 1771 2848 1841 qui
2900 1773 3269 1833 divinitatem
3300 1779 3410 1834 sibi
3428 1761 3636 1854 impu-

237 1866 342 1914 σιν,
377 1842 504 1900 οὐδὲ
546 1850 664 1907 τοῖς
725 1845 869 1906 θεοῖς
923 1850 1031 1900 τῶν
1085 1845 1247 1901 ἐθνῶν
1309 1841 1467 1909 σέϐας
1531 1848 1670 1919 ὑμᾶς
1710 1868 1883 1921 προσ-

283 1934 293 1951 .
777 1932 828 1951 ν..
983 1934 995 1951 ι
1060 1934 1074 1951 ι
1227 1935 1248 1951 η
1472 1933 1519 1951 π..
1812 1940 1840 1950 ..

1997 1851 2198 1906 denter
2227 1854 2493 1939 attribuit
2519 1857 2547 1910 ?
2591 1857 2788 1929 Neque
2821 1861 2975 1916 enim
3019 1863 3130 1918 soli
3158 1870 3214 1920 et
3243 1866 3415 1936 lunai,
3448 1841 3638 1942 neque

236 1934 414 2010 φέρειν
489 1932 876 2009 καταναγγάζω
979 1934 1082 2006 (μὴ
1195 1935 1368 1995 οὓτως
1471 1933 1571 2008 ἔξω
1673 1940 1880 2011 φρενῶν

237 2023 506 2096 πέσοιμι),
557 2019 703 2077 ἄλλᾶ
763 2026 880 2094 Θεῷ
940 2022 1093 2094 μόνῳ
1149 2027 1229 2095 τῷ
1283 2024 1350 2078 τὰ
1405 2024 1583 2078 πάντα
1638 2044 1885 2100 παραγα-

235 2109 409 2184 γόντι,
439 2110 530 2165 καὶ
563 2109 732 2184 Πατρὶ
761 2115 867 2164 τῶν
899 2114 1173 2186 γεννητῶν
1205 2111 1527 2186 ὑπάρχοντι,
1559 2109 1638 2182 ὅς,
1669 2112 1881 2182 ἀπαθὴς

233 2197 307 2253 ὢν
338 2201 425 2254 καὶ
460 2197 647 2270 ἅὺλος,
680 2198 957 2272 ἐμπαθῶς,
991 2201 1092 2255 οὐκ
1123 2197 1239 2256 οἶδε
1270 2205 1479 2279 γεννᾷν.

306 2377 379 2434 Θ’.
413 2377 554 2450 Πρὸς
580 2376 638 2431 ’ὸν
687 2377 739 2432 οἱ
788 2382 1050 2451 γενναῖοι,
1081 2379 1142 2432 Τί
1171 2382 1338 2433 ταῦτα
1390 2379 1743 2453 ὑπὲκρουσας,
1797 2378 1885 2431 εἷ-

233 2486 358 2538 πον,
392 2463 436 2519 ὦ
471 2465 700 2540 βασελεῦ
727 2484 742 2534 ;
775 2465 919 2522 Οὐδὲ
947 2469 1114 2540 ἡμεῖς
1139 2467 1370 2543 λὲγομεν
1399 2468 1536 2522 κατά
1565 2467 1702 2523 πάθο
1734 2486 1881 2542 ;γεν-

231 2558 320 2624 νᾷν
353 2554 443 2609 τὸν
478 2555 628 2622 Θεὸν,
659 2553 786 2609 ἀλλ’
813 2557 1036 2617 ἀπαθῶς
1067 2555 1147 2609 ὡσ
1177 2552 1344 2630 λόγον
1375 2554 1435 2610 ἐκ
1483 2560 1598 2614 νοῦ.
1647 2558 1745 2613 "Ov
1791 2557 1880 2610 καὶ

233 2643 308 2706 εἷς
369 2644 550 2699 οἶκτον
617 2650 719 2712 τῆς
783 2644 1054 2718 ἡμετέρας
1114 2643 1338 2700 ἐλθόντα
1393 2645 1626 2721 φύσεως,
1685 2645 1882 2715 ἐξαπο-

230 2731 440 2787 στεῖλαι
469 2732 561 2787 τὸν
596 2733 716 2787 Υἱὸν
757 2731 840 2788 ἐπ’
880 2732 1159 2807 εὐεργεσίᾳ
1206 2733 1350 2809 φημὶ
1399 2738 1505 2788 τῶν
1557 2735 1880 2808 ἀνθρώπων,

233 2819 371 2876 ὥστε
423 2821 514 2876 καὶ
583 2822 754 2894 σάρκα
819 2816 1008 2876 λαϐεῖν
1073 2819 1134 2874 ἐκ
1197 2821 1366 2894 κόρης
1431 2823 1721 2893 παρθένου,
1789 2824 1881 2876 καὶ

233 2909 369 2965 κατὰ
396 2907 572 2964 πάντα
619 2908 816 2980 ὅμοιον
864 2911 1000 2981 ἡμῖν
1056 2908 1302 2984 γενέσθαι
1362 2908 1538 2983 χωρὶς
1591 2908 1882 2982 ἁμαρτίας,

233 2999 324 3053 καὶ
353 2998 523 3053 πάντα
551 2995 843 3072 πληρῶσαι
891 2997 957 3050 τά
1002 3017 1062 3071 γε
1106 2997 1208 3050 ὑπὸ
1254 3000 1362 3050 τῶν
1411 3001 1708 3073 προφητῶν
1757 2999 1881 3072 περὶ

236 3089 410 3143 αὐτοῦ
447 3084 683 3147 πολλοῖς
733 3083 999 3160 πρότερον
1045 3083 1306 3158 εἰρημένα
1364 3085 1584 3159 χρόνοις
1638 3084 1762 3158 περί
1805 3086 1878 3139 ὠν

235 3178 326 3232 καὶ
358 3175 522 3238 αὐτὸς
560 3171 716 3236 οἶδας
771 3177 890 3234 ταῖς
939 3171 1152 3227 ἐκείνων
1205 3171 1480 3248 ἒγκύπτων
1536 3169 1772 3248 βίϐλοις·
1823 3175 1880 3236 ὃς

1993 1939 2124 1996 aliis
2181 1942 2355 1997 rebus
2402 1936 2631 2012 creatis,
2679 1962 2869 2018 neque
2912 1949 3025 2007 diis
3055 1953 3317 2024 gentium
3357 1970 3494 2028 rogo
3533 1936 3636 2016 vos

1993 2029 2220 2084 cultum
2244 2031 2502 2088 tribuere
2521 2033 2719 2102 (absit,
2745 2041 2810 2092 ut
2831 2037 2941 2093 sim
2969 2040 3110 2096 adeo
3131 2047 3334 2098 emota:
3357 2046 3633 2117 mentis!)

1991 2119 2093 2172 sed
2124 2117 2241 2174 Deo
2272 2119 2402 2190 soli,
2441 2123 2538 2192 qui
2579 2125 2774 2180 omnia
2805 2127 3098 2198 producit,
3139 2135 3196 2186 et
3239 2136 3331 2187 est
3360 2132 3522 2189 Pater
3552 2151 3638 2190 re-

1989 2221 2120 2261 rum
2179 2213 2587 2279 generatarum
2641 2229 2654 2269 :
2701 2214 2826 2285 qui,
2865 2231 2999 2271 cum
3054 2219 3132 2273 sit
3173 2218 3521 2291 impatibilis
3577 2227 3637 2280 et

1991 2310 2191 2364 expers
2215 2298 2488 2365 materias,
2520 2315 2800 2370 generare
2833 2305 3020 2358 nescit
3043 2307 3381 2376 patibiliter.

2061 2382 2148 2438 IX.
2177 2384 2279 2440 Cui
2327 2402 2640 2455 generosus
2672 2390 2890 2444 Aretha
2925 2407 3058 2447 cum
3097 2395 3272 2450 sociis
3306 2412 3319 2449 :
3356 2397 3467 2453 Cur
3513 2398 3634 2456 haec

1991 2471 2206 2539 dixisti,
2238 2490 2270 2530 ο
2303 2474 2446 2530 rex?
2497 2480 2693 2548 Neque
2725 2495 2831 2534 nos
2883 2480 3135 2536 dicimus
3185 2482 3370 2539 Deum
3401 2485 3636 2556 gignere

1989 2560 2326 2630 patibiliter,
2385 2565 2486 2619 sed
2520 2564 2945 2636 impatibiliter,
2983 2573 3046 2625 ut
3089 2586 3256 2626 mens
3305 2588 3634 2633 sermonem

1987 2649 2194 2720 gignit.
2226 2649 2396 2706 Illum
2429 2657 2621 2708 autem
2655 2655 2998 2723 asserimus,
3027 2663 3237 2714 nostra
3266 2666 3483 2718 naturis
3514 2680 3638 2720 mo-

1987 2741 2112 2793 tum
2173 2738 2584 2809 misericordia,
2621 2744 2849 2800 misisse
2907 2747 3142 2816 Filium,
3202 2750 3275 2806 ad
3307 2750 3638 2822 hominum,

1988 2827 2251 2896 inquam,
2286 2830 2652 2896 beneﬁcium,
2705 2836 2846 2890 adeo
2880 2840 2944 2890 ut
2991 2842 3051 2893 et
3087 2855 3326 2896 carnem
3357 2844 3642 2913 acceperit

1988 2929 2057 2968 ex
2087 2915 2281 2984 puella
2311 2917 2552 2988 virgine,
2587 2924 2644 2974 et
2668 2936 2770 2990 per
2789 2923 2985 2978 omnia
3009 2925 3178 2981 nobis
3211 2928 3427 2986 similis
3447 2931 3639 2989 factus

1989 3001 2065 3055 sit
2095 3003 2313 3072 absque
2357 3011 2614 3076 peccato,
2675 3012 2730 3064 et
2773 3012 2973 3068 omnia
3015 3013 3358 3086 impleverit,
3410 3035 3535 3090 quae
3566 3022 3637 3079 de

1989 3087 2116 3159 ipso
2157 3105 2190 3143 a
2247 3091 2545 3163 prophetis
2585 3093 2790 3152 multis
2851 3103 2989 3155 ante
3037 3100 3209 3156 annis
3258 3087 3634 3162 dicta—sunt:

1993 3192 2118 3247 quae
2153 3179 2392 3248 quidem
2445 3190 2506 3234 tu
2565 3197 2793 3253 quoque
2823 3186 2962 3255 scis,
3018 3189 3119 3258 qui
3178 3190 3371 3262 legisti
3404 3191 3635 3250 illorum

235 3265 324 3320 καὶ
373 3261 651 3325 πολλάκις
718 3260 807 3317 διὰ
871 3267 979 3317 τῶν
1050 3263 1182 3337 ὑπὶρ
1245 3263 1528 3336 ἄνθρωπον
1586 3263 1876 3336 θαυμάτων

1997 3243 2192 3322 libros.
2218 3266 2326 3332 Qui
2355 3268 2528 3323 etiam
2553 3286 2707 3340 saepe
2748 3288 2847 3341 per
2894 3274 3181 3331 miracula
3209 3295 3334 3349 que
3365 3285 3506 3336 sunt
3534 3298 3636 3338 su-

239 3353 404 3425 αὐτήν
431 3373 489 3407 τε
535 3354 930 3429 παρεγύμνωσε
973 3353 1076 3421 τήν
1129 3352 1379 3422 θεότητα,
1431 3352 1522 3406 καὶ
1553 3351 1586 3406 ἄ
1615 3359 1712 3420 τῆς
1761 3371 1884 3427 σαρ-

239 3445 333 3507 γὸς
385 3443 676 3520 ἀνείληφεν
722 3442 820 3498 οὐκ
881 3444 1179 3517 ἠρνήσατο.
1231 3442 1328 3497 Καί
1375 3464 1427 3498 τι
1477 3440 1558 3498 δεῖ
1610 3441 1880 3498 πλειόνων

239 3533 460 3610 λόγων;
493 3536 702 3591 Τοῦτον
732 3535 897 3605 ἡμεῖς
929 3533 1017 3586 καὶ
1060 3533 1210 3601 Θεὸν,
1258 3531 1347 3586 καὶ
1397 3535 1528 3586 Θεοῦ
1572 3532 1693 3586 Υἱὸν
1743 3534 1884 3604 ὁμο-

239 3623 537 3698 λογοῦμεν,
581 3622 670 3676 καὶ
727 3621 859 3695 ὑπὲρ
907 3622 1117 3691 ἁπάσης
1166 3618 1586 3692 ἀπολογούμεθα
1631 3626 1733 3690 τῆς
1777 3621 1882 3674 πό-

241 3709 405 3780 λεως,
436 3712 525 3765 καὶ
555 3715 661 3765 τῶν
695 3709 881 3763 ἄλλων
913 3712 1023 3764 τῶν
1055 3709 1140 3782 ὑφ’
1190 3709 1338 3781 ἡμᾶς
1385 3707 1687 3763 τελούντων
1743 3713 1881 3782 Χρι-

241 3803 487 3856 στιάνῶν·
522 3797 742 3853 καὶούκ
792 3791 905 3851 ἔστι
960 3817 1012 3851 τι
1064 3796 1308 3872 βασάνων
1355 3793 1522 3866 εἶδος,
1572 3797 1600 3851 ὃ
1654 3798 1728 3870 μὴ
1791 3797 1882 3853 καὶ

238 3891 427 3944 παθεῖν
459 3890 624 3960 ἡμεῖς
655 3881 867 3959 ἕτοιμοι
899 3882 969 3940 δι’
995 3883 1180 3942 αὐτόν.
1213 3884 1281 3942 Τί
1311 3885 1413 3960 γὰρ
1455 3883 1514 3939 ἄν
1562 3884 1652 3941 καὶ
1709 3886 1882 3961 χωρί.

241 3998 351 4032 σειε
377 3983 478 4045 τῆς
511 3979 609 4031 τοῦ
652 3978 886 4050 Χρισνοῦ
931 3974 1144 4050 ἀγάπης
1194 3975 1382 4047 ὴμᾶς;
1425 3972 1593 4032 Οὐδὲν
1647 3971 1703 4029 δὲ
1750 3978 1884 4050 ἡμῖν

243 4065 333 4121 καὶ
379 4063 660 4139 Νεστορίῳ
690 4065 725 4134 ἤ
757 4069 874 4126 τοῖς
922 4061 1115 4124 ἄλλοις
1167 4067 1282 4124 τοῖς
1329 4063 1397 4118 τὰ
1439 4061 1644 4118 ἐκείνου
1694 4069 1885 4119 νοσοῦ-

243 4175 345 4210 σιν·
380 4152 435 4210 o'i
465 4152 558 4210 τόν
613 4151 922 4228 ἂδιαιρέτω,
975 4151 1237 4208 ἐνωθὲντα
1283 4151 1372 4206 καὶ
1422 4154 1541 4216 καθ’
1592 4151 1882 4208 ὑπόστασιν

244 4244 525 4319 ἄνθρωπον
563 4248 644 4316 τῷ
685 4247 800 4315 Θεῷ
830 4243 1012 4318 Λόγῳ,
1043 4240 1344 4314 τολμηρῶς
1386 4237 1736 4302 διασπῶντως
1785 4247 1883 4310 τῆς

243 4337 340 4388 τοῦ
371 4333 555 4408 Λόγου
613 4330 758 4395 θείας
809 4329 1175 4396 ὑποστάσεως,
1230 4325 1641 4382 ἶδιοϋπόστατόν
1688 4348 1747 4383 τε
1793 4328 1885 4383 καὶ

244 4419 409 4495 ψιλὸν
441 4420 723 4493 ἄνθρωπον
765 4419 858 4474 τὸν
915 4417 1071 4492 σαρκὶ
1121 4415 1442 4491 ἐπιφανέντα
1491 4416 1664 4491 Λόγον
1715 4416 1882 4472 εἰπεῖν

247 4509 578 4583 ἐτόλμησαν·
640 4506 694 4561 o'i
752 4528 815 4582 γε
871 4505 1032 4578 ἀξίως
1079 4507 1223 4579 παρὰ
1267 4509 1374 4559 τῶν
1423 4503 1580 4560 θείων
1640 4505 1885 4580 πνευμά-

1993 3370 2100 3424 pra
2154 3355 2472 3424 hominem,
2516 3357 2705 3427 ipsam
2736 3361 2990 3417 ostendit
3045 3363 3407 3423 divinitatem
3452 3374 3510 3425 et
3573 3386 3633 3427 se

1993 3443 2321 3514 suscepisse
2368 3460 2626 3515 carnem,
2658 3463 2773 3503 non
2804 3453 2893 3504 est
2949 3450 3266 3510 inﬁciatus.
3310 3457 3453 3522 Quid
3485 3475 3633 3530 opus

1993 3535 2082 3586 est
2123 3531 2440 3602 pluribus?
2491 3534 2606 3590 Nos
2643 3551 2775 3591 eum
2832 3542 2890 3593 et
2934 3538 3140 3611 Deum,
3192 3547 3251 3598 et
3293 3543 3393 3600 Dei
3423 3546 3633 3604 Filium

1993 3619 2363 3688 conﬁtemur,
2398 3625 2455 3676 et
2484 3639 2586 3692 pro
2617 3624 2894 3680 universa
2924 3631 3342 3699 respondemus
3381 3633 3634 3706 civitate,

1993 3715 2048 3764 et
2075 3708 2204 3765 aliis
2235 3711 2598 3780 Christianis,
2645 3715 2746 3786 qui
2804 3722 2944 3773 sunt
2997 3720 3166 3776 nobis
3197 3722 3448 3794 subjecti
3482 3740 3495 3779 :
3530 3742 3634 3780 ne-

1994 3815 2108 3871 que
2159 3805 2248 3856 est
2279 3801 2465 3858 ullum
2496 3819 2683 3875 genus
2709 3809 3007 3876 tormenti,
3039 3811 3198 3881 quod
3236 3830 3351 3869 non
3400 3819 3635 3888 propter

1991 3888 2190 3962 ipsum
2230 3893 2414 3962 parati
2446 3893 2630 3950 simus
2665 3896 2800 3968 pati.
2848 3896 2993 3960 Quid
3051 3901 3208 3956 enim
3266 3918 3370 3958 nos
3399 3918 3637 3975 separa-

1995 3979 2133 4035 verit
2163 3996 2198 4036 a
2225 3980 2506 4037 charitate
2538 3982 2802 4039 Christi?
2828 3986 2984 4042 Nihil
3009 3992 3202 4046 autem
3235 3991 3316 4046 rei
3347 3996 3436 4046 est
3465 3994 3635 4050 nobis

1993 4083 2124 4122 cum
2171 4067 2461 4135 Nestorio,
2493 4077 2592 4125 aut
2638 4088 2773 4126 cum
2832 4073 2984 4143 aliis,
3017 4077 3114 4147 qui
3164 4077 3367 4134 eodem
3410 4080 3631 4149 morbo,

1993 4171 2106 4225 quo
2120 4156 2267 4226 ipse,
2282 4156 2568 4227 laborant,
2585 4160 2687 4229 qui
2701 4160 3018 4232 hominem,
3033 4164 3131 4234 qui
3145 4165 3286 4220 citra
3297 4167 3637 4226 divisionem

1993 4247 2049 4297 et
2080 4257 2181 4312 per
2209 4242 2573 4314 hypostasim
2632 4247 2833 4302 unitus
2863 4256 2947 4303 est
3007 4252 3118 4306 Deo
3161 4252 3368 4322 Verbo,
3400 4273 3635 4315 summa

1993 4329 2358 4402 impudentia
2414 4330 2756 4390 divellentes
2790 4351 2824 4390 a
2850 4335 3021 4392 Verbi
3054 4337 3252 4396 divina
3309 4342 3632 4415 bypostasi,

1995 4434 2095 4490 per
2124 4433 2187 4473 se
2235 4417 2674 4489 consistentem,
2707 4424 2763 4476 et
2792 4423 2979 4479 solum
3011 4423 3308 4483 hominem
3340 4432 3468 4487 ausi
3499 4440 3638 4488 sunt

1995 4506 2186 4562 dicere
2240 4507 2514 4576 Verbum,
2579 4510 2733 4580 quod
2791 4511 2850 4566 in
2922 4529 3092 4570 carne
3137 4518 3408 4588 apparuit
3462 4536 3476 4575 :
3534 4521 3638 4592 qui

245 4621 350 4657 των
399 4598 606 4654 τούτων
655 4595 955 4673 ὀρθοδύξων
1001 4591 1387 4666 ἀπεϐλήθησαν
1445 4595 1754 4670 καταλόγου
1797 4595 1885 4651 καὶ

1997 4595 2192 4662 etiam,
2235 4599 2298 4650 ut
2354 4595 2746 4669 merebantur,
2805 4617 2838 4655 a
2893 4600 3106 4659 divinis
3137 4605 3415 4664 Patribus
3471 4591 3638 4680 ejecti

248 4686 318 4744 δι’
349 4688 546 4748 αἱῶνος
601 4683 890 4757 ἀναθέματι
946 4681 1344 4757 παρεδόθησαν.
1404 4683 1558 4752 Πλὴν
1615 4683 1740 4739 ἀλλ’
1788 4684 1888 4739 οὐκ

248 4776 484 4846 ἀνέξεται
533 4772 669 4846 (ἴσθι
718 4775 746 4828 ὁ
797 4774 902 4828 ὐπὸ
951 4776 1088 4844 σοῦ),
1143 4771 1642 4850 βλασφημούμενος
1689 4773 1888 4847 Κύριος

254 4867 328 4940 μὴ
376 4865 506 4939 οὐχὶ
554 4861 645 4918 καὶ
703 4863 760 4916 σὲ
805 4862 950 4936 παρὰ
1005 4857 1176 4922 πόδας
1230 4860 1524 4930 ἀπαιτῆσαι
1582 4858 1733 4926 δίκας
1785 4867 1891 4917 τῶν

248 4951 646 5025 τολμωμένων,
685 4956 785 5018 τῆς
823 4969 881 5003 τε
929 4947 1109 5017 ἄλλης
1161 4946 1538 5027 βλασφημίας,
1588 4949 1753 5026 φημὶ,
1798 4948 1889 5004 καὶ

253 5039 322 5109 δὴ
372 5037 464 5094 καὶ
518 5042 624 5094 τῶν
674 5036 1162 5104 καταπατηθέντων
1204 5035 1306 5090 ὑπὸ
1363 5037 1458 5090 eo?)
1520 5037 1609 5091 καὶ
1662 5036 1888 5110 ἀνατρα-

253 5127 464 5184 πέντων
519 5126 714 5202 ὅρκων,
768 5123 1100 5179 ἀνοσιώτατε
1153 5122 1452 5197 ἀνθρώπων
1511 5127 1601 5179 καί
1656 5145 1888 5200 πανουρ-

250 5218 468 5294 γόσατε.

321 5394 380 5450 1'.
411 5394 468 5450 Ὁ
519 5389 575 5447 δὲ
621 5396 722 5460 τῆς
776 5387 1080 5466 παῤῥησίας
1125 5389 1216 5442 τὸν
1269 5385 1478 5463 ἀνδρῶν
1534 5388 1726 5462 μικρὸν
1773 5389 1892 5444 ἀνα-

251 5483 544 5559 σχόμενος,
609 5479 847 5554 μάλιστα
896 5476 952 5533 δὲ
991 5484 1095 5547 τῆς
1135 5474 1392 5541 συνέσεως
1437 5478 1524 5532 καὶ
1571 5485 1672 5548 τῆς
1712 5477 1893 5549 ἃλλης

252 5569 558 5649 ἐπιφανείας
615 5569 706 5626 τὸν
757 5568 979 5644 Ἀρέθαν
1029 5565 1365 5639 δυσωπηθεῖς
1411 5567 1641 5645 ἡμέροις
1687 5589 1745 5623 τε
1793 5567 1894 5624 λό-

251 5682 373 5737 γοις
443 5659 782 5716 ὑποΛεαίνειν
856 5657 1074 5734 ἤρξατο,
1137 5655 1227 5711 καὶ
1294 5654 1498 5731 δωρεὰς
1574 5657 1662 5714 καὶ
1726 5660 1890 5733 τιμὰς

565 5790 829 5850 ΡΑΤιιοι..
874 5790 988 5849 Ga.
1034 5786 1208 5850 CXV.

1997 4687 2135 4740 sunt
2164 4699 2197 4738 a
2253 4683 2512 4756 catalogo
2569 4687 3046 4756 orthodoxorum,
3102 4696 3160 4748 et
3198 4699 3338 4749 sunt
3369 4695 3428 4751 in
3477 4705 3639 4753 aeter-

1998 4788 2136 4828 num
2193 4773 2392 4829 traditi
2451 4776 2830 4834 anathemati.
2892 4780 2998 4834 Sed
3057 4795 3171 4836 non
3237 4787 3638 4853 praetermittet

1997 4862 2128 4934 (hoc
2181 4869 2336 4919 certo
2396 4863 2566 4935 scias)
2623 4867 2721 4936 qui
2775 4867 3098 4924 maledictis
3155 4889 3190 4928 a
3234 4876 3291 4928 te
3347 4875 3636 4946 appetitur

2001 4951 2302 5023 Dominus,
2327 4952 2468 5024 quin
2492 4969 2523 5009 ε
2551 4955 2792 5026 vestigio
2823 4972 3026 5026 poenas
3058 4964 3255 5015 sumat
3283 4965 3514 5020 tuorum
3539 4982 3637 5022 au-

2000 5040 2231 5096 dacium
2280 5045 2623 5113 coeptorum,
2675 5057 2808 5098 cum
2883 5043 3141 5117 alterius,
3202 5047 3466 5120 inquam,
3525 5057 3634 5110 tuae

1999 5127 2404 5201 blasphemia,
2434 5131 2991 5202 tumjurisjurandi,
3016 5137 3167 5205 quod
3198 5153 3232 5192 a
3261 5141 3316 5192 te
3347 5139 3455 5196 fuit
3501 5157 3635 5200 con-

1999 5217 2295 5274 culcatum
2326 5223 2384 5274 et
2431 5232 2715 5288 eversum,
2750 5235 2782 5277 ο
2832 5221 3127 5293 imprimis
3173 5226 3351 5298 impie
3396 5233 3453 5286 et
3508 5247 3632 5289 sce-

1998 5305 2192 5364 lerate.

2069 5397 2143 5452 X.
2182 5395 2286 5453 Ille
2313 5399 2507 5453 autem
2566 5411 2701 5454 cum
2733 5412 2935 5456 eorum
2985 5400 3254 5470 loquendi
3303 5405 3632 5468 libertatem

1999 5500 2209 5556 parum
2267 5485 2668 5554 sustinuisset,
2702 5486 2956 5544 maxime
3011 5495 3203 5548 autem
3261 5495 3487 5552 Arethaa
3541 5516 3634 5556 sa-

1998 5572 2275 5644 pientiam
2314 5577 2372 5628 et
2401 5573 2581 5630 alium
2636 5591 2866 5631 omnem
2898 5576 3262 5648 splendorem
3309 5593 3454 5639 esset
3481 5602 3635 5644 reve-

1999 5661 2171 5732 ritus,
2231 5661 2501 5734 benignis
2556 5663 2746 5722 verbis
2774 5681 2873 5723 eos
2908 5666 3078 5740 capit
3106 5667 3310 5739 lenire,
3357 5673 3552 5745 eisque
3579 5684 3635 5735 et

3233 5800 3313 5858 40
