4128 6274
472 324 625 382 1259

1808 311 2093 371 MENSIS
2140 308 2515 369 OCTOBER.

3714 304 3878 364 1260

467 484 618 538 dona
646 485 704 537 et
734 481 983 536 honores
1029 477 1351 548 proposuit,
1381 490 1573 529 acrem
1624 473 1884 543 ipsorum
1930 468 2113 523 zelum

2229 464 2564 539 προετείνετο
2624 462 3035 541 διαψυχραίνειν
3095 462 3239 517 οὕτω
3292 463 3384 517 τὸν
3445 464 3646 537 θερμὸν
3708 463 3875 517 αὐτοῦ

476 573 533 626 in
566 572 837 642 pietatem
880 570 962 623 sic
995 568 1336 637 refrigerare
1377 564 1743 618 machinans.
1801 560 2113 628 Postquam

467 665 661 715 autem
685 658 827 712 vidit
855 661 1138 724 martyres
1197 654 1440 709 omnino
1500 668 1671 706 aures
1715 666 1828 704 non
1862 648 2116 719 praebere

469 748 795 820 promissis,
835 751 1035 801 contra
1089 750 1289 800 autem
1346 759 1523 815 quam
1582 744 1852 812 poterant
1908 738 2114 794 claris-

469 838 614 892 sima
645 853 780 891 voce
810 835 1063 891 clamare
1098 850 1111 887 :
1144 833 1272 887 Non
1302 836 1359 886 te
1391 848 1691 901 negamus,
1736 829 1836 901 qui
1868 845 1928 883 es
1962 842 2115 880 unus

467 923 793 989 Trinitatis,
827 940 859 977 o
897 922 1143 976 Verbum
1200 919 1299 974 Dei
1330 923 1387 973 et
1420 920 1646 973 Christe
1681 934 1693 971 :
1725 932 1912 986 neque
1952 919 2115 969 tuam

469 1013 782 1067 irridemus
814 1014 1096 1079 susceptae
1130 1008 1321 1063 carnis
1354 1006 1848 1079 dispensationem
1876 1021 1889 1057 ε
1926 1017 2115 1072 neque

470 1100 604 1169 tuis,
638 1116 779 1170 quas
812 1104 1047 1170 propter
1079 1113 1183 1151 nos
1215 1113 1423 1166 passus
1455 1112 1538 1160 es,
1574 1091 2045 1166 perpessionibus
2062 1097 2117 1144 et

472 1188 627 1243 cruci
693 1187 950 1241 Judaicae
1030 1184 1401 1249 insultamus,
1449 1199 1547 1238 eos
1608 1181 1841 1253 quidem
1898 1180 2117 1234 vinctos

471 1275 663 1331 adhuc
711 1275 993 1330 detinuit:
1038 1273 1096 1329 in
1156 1272 1330 1327 aliam
1390 1275 1586 1326 autem
1648 1268 2114 1333 multitudinem,

473 1381 600 1435 qua:
631 1363 870 1419 collecta
900 1362 1010 1416 fuit
1039 1378 1105 1416 ex
1138 1361 1298 1416 omni
1348 1375 1553 1430 genere
1609 1366 1663 1412 et
1719 1362 1911 1425 aetate,
1959 1372 2115 1410 mor-

472 1453 547 1507 tis
578 1451 715 1506 tulit
745 1451 1137 1517 sententiam;
1185 1449 1460 1503 uxoribus
1502 1464 1637 1503 vero
1682 1450 1736 1502 et
1795 1444 1994 1500 liberis
2026 1460 2117 1500 eo-

474 1558 622 1606 rum,
656 1541 757 1612 qui
818 1541 1246 1606 detinebantur,
1281 1543 1598 1609 martyrum
1641 1541 1772 1592 ante
1802 1537 1999 1591 oculos
2029 1551 2117 1589 eo-

473 1647 603 1684 rum
636 1630 926 1698 adductis,
970 1628 1317 1699 provocabat
1347 1629 1417 1683 ad
1463 1627 1681 1681 Christi
1730 1626 2112 1698 negationem,

473 1717 685 1788 partim
720 1717 949 1788 quidem
983 1716 1404 1786 minis,partim
1440 1720 1629 1770 autem
1663 1715 1894 1770 blandis
1928 1714 2116 1768 verbis

473 1822 569 1861 eas
604 1806 967 1876 aggrediens,
995 1820 1419 1875 nonnunquam
1444 1820 1612 1859 omne
1635 1803 1900 1874 supplicii
1934 1818 2117 1873 genus

474 1895 532 1948 in
566 1910 665 1949 eas
723 1894 1042 1962 intentans,
1103 1894 1560 1963 liberorumque,
1593 1899 1648 1948 et
1706 1898 2029 1963 parentum,
2063 1899 2118 1947 et

474 1982 833 2049 facultatum,
865 1988 921 2039 et
974 1982 1159 2053 ipsius
1220 1999 1446 2053 quoque
1500 1983 1696 2052 patriae
1745 1999 1839 2036 eas
1893 1987 2116 2037 terrens

476 2073 812 2126 amissione.
866 2071 982 2126 Illa
1014 2076 1207 2126 autem
1239 2072 1509 2126 dicebant
1542 2088 1554 2125 :
1589 2070 1897 2137 Omnibus,
1930 2086 1963 2124 ο
1995 2087 2114 2136 rex,

477 2176 608 2230 quas
638 2177 670 2214 a
713 2164 769 2213 te
817 2160 1155 2225 offeruntur,
1191 2159 1308 2213 sive
1340 2176 1405 2213 ea
1446 2158 1565 2213 sint
1596 2158 1766 2225 bona,
1799 2159 1918 2213 sive
1950 2158 2119 2213 aliter

478 2263 540 2302 se
572 2247 844 2313 habeant,
868 2246 1115 2300 libenter
1164 2246 1331 2300 hodie
1376 2246 1797 2312 renuntiantes,
1834 2262 1961 2316 quae
1998 2263 2030 2300 a
2061 2251 2117 2301 te

477 2336 801 2391 maledictis
850 2336 1174 2398 incessitur,
1209 2335 1425 2391 Christi
1457 2351 1684 2391 crucem
1737 2335 2071 2391 extollimus
2102 2352 2115 2389 :

474 2433 527 2479 et
558 2424 656 2495 qui
689 2424 747 2479 in
788 2424 918 2494 ipsa
963 2429 1223 2480 nostram
1282 2425 1615 2495 procuravit
1648 2424 1918 2491 salutem,
1950 2425 2115 2480 Chri-

474 2516 632 2566 stum
664 2512 985 2581 sequimur.
1020 2515 1183 2565 Esset
1231 2513 1385 2566 enim
1438 2528 1471 2566 a
1504 2512 1723 2566 ratione
1755 2512 2031 2577 alienum,
2064 2520 2115 2566 et

473 2600 646 2655 nimis
701 2600 1123 2667 eﬂ‘eminatum,
1158 2616 1226 2653 ex
1286 2600 1451 2654 nobis
1501 2601 1736 2671 quidem
1768 2599 1934 2660 alias,
1990 2616 2114 2669 quae

475 2704 607 2742 cum
640 2687 854 2743 talibus
887 2688 1025 2742 viris
1066 2686 1493 2753 cobabitarunt,
1527 2688 1623 2757 qui
1686 2692 1933 2743 mortem
1993 2704 2118 2757 pro-

475 2785 599 2847 pter
628 2776 922 2831 Christum
955 2776 1290 2848 elegerunt:
1324 2776 1467 2831 alias
1495 2784 1852 2848 autem,quae
1885 2779 2116 2849 virgini-

476 2873 649 2919 tatem
684 2870 973 2930 exercent,
1001 2870 1063 2919 ut
1093 2882 1218 2935 quas
1252 2864 1478 2919 Christo
1511 2865 1628 2920 sint
1658 2866 1979 2935 desponsae,
2001 2884 2114 2922 non

474 2968 600 3007 esse
633 2952 828 3007 animo
862 2952 1146 3019 masculo,
1181 2956 1237 3006 et
1259 2957 1511 3007 vestram
1546 2953 1690 3007 iram
1724 2953 1891 3023 plane
1913 2955 2113 3011 incon-

475 3042 783 3095 sideratam
820 3057 934 3094 non
969 3045 1165 3095 nostro
1198 3039 1487 3094 sustinere
1517 3057 1776 3111 corpore.

543 3129 632 3182 Χῐ.
669 3129 785 3199 Rex
817 3132 1011 3182 autem
1045 3143 1057 3181 :
1092 3127 1136 3182 Ο
1168 3127 1420 3192 feminas,
1475 3127 1686 3199 inquit,
1734 3147 1972 3201 possum
2013 3149 2115 3187 vos

2222 554 2346 629 περὶ
2375 554 2473 621 τήν
2508 549 2776 608 εὐσέϐειαν
2808 554 2976 621 ζῆλον
3027 553 3452 624 μηχανώμενος.
3495 553 3585 612 Ὧς
3633 549 3691 606 δὲ
3737 552 3873 614 τοὺς

2228 646 2501 719 μάρτυρας
2532 646 2674 719 ἐώρα
2718 642 2858 717 μηδέ
2891 643 3051 717 ὀλίγα
3078 645 3177 711 τήν
3228 646 3399 713 άκοήν
3452 641 3703 705 διδόντας
3750 651 3873 705 ταῖς

2224 733 2570 807 ὓποσχέσεσι,
2602 734 2904 788 τούναντίον
2942 734 3036 807 μὶν
3068 730 3157 786 οῦν
3189 732 3279 786 καὶ
3329 732 3559 806 λαμπρᾷ
3606 737 3674 805 τῇ
3717 740 3874 812 φωνῇ

2224 822 2297 883 ὡς
2331 823 2481 900 εἶχον
2514 819 2880 884 ἀναϐοῶντας,
2917 823 3034 879 Οὐκ
3066 821 3375 896 ἀρνούμεθα
3407 842 3465 876 σε
3495 822 3586 876 τὸν
3640 817 3728 877 ἕνα
3774 830 3875 891 τῆς

2222 909 2479 985 Τριάδος,
2512 912 2650 986 Λόγε
2681 916 2814 965 Θεοῦ
2838 910 2933 965 -καὶ
2965 911 3186 985 Χριστέ,
3220 908 3344 965 οὐδὲ
3371 912 3471 979 τήν
3503 913 3602 979 σὴν
3655 911 3877 967 οῗκονο·

2226 1002 2351 1072 μίαν
2382 997 2838 1074 διαχλευάζομεν,
2898 996 3023 1053 οὐδὲ
3073 1002 3182 1053 τῶν
3234 996 3303 1052 δι’
3352 1002 3503 1071 ἡμᾶς
3544 1020 3639 1054 σου
3686 1005 3873 1064 παθῶν

2221 1086 2561 1153 Ἰουδαϊκῶς,
2593 1089 2684 1142 καὶ
2732 1092 2827 1142 τοῦ
2878 1093 3109 1160 σταυροῦ
3160 1090 3601 1162 κατορχούμεθα”
3646 1090 3873 1151 τούτους

2225 1178 2319 1248 μὲν
2367 1176 2445 1231 ἔτι
2501 1183 2869 1251 παρακατεῖχε
2913 1175 3191 1247 δεσμίους,
3240 1181 3318 1248 τῷ
3362 1174 3418 1231 δὲ
3462 1176 3621 1249 ἄλλῳ
3669 1177 3871 1248 πλήθει

2221 1270 2300 1337 τῷ
2351 1265 2399 1334 ἐξ
2451 1267 2663 1335 ἀπάσης
2712 1264 2853 1329 ἴδίας
2900 1263 3300 1342 συνειλεγμένῳ
3342 1267 3433 1320 καὶ
3482 1265 3724 1337 ἡλικίας,
3771 1270 3873 1336 τὴν

2220 1358 2318 1409 τοῦ
2350 1354 2578 1417 θανάτου
2612 1359 2791 1431 ψῆφον
2820 1353 3114 1431 ἐπήγαγεν.
3167 1360 3425 1416 Γυναῖγας
3476 1353 3532 1409 δὲ
3577 1357 3666 1409 καὶ
3713 1355 3872 1411 τέκνα

2221 1448 2328 1497 τῶν
2380 1443 2762 1517 κατεχομένων
2818 1444 3103 1519 μαρτύρων
3150 1444 3269 1498 κατ’
3327 1441 3646 1520 ὀφθαλμοὺς
3692 1445 3865 1499 αὐτῶν

2223 1533 2435 1607 ἀγαγὼν
2466 1533 2602 1606 πρὸς
2632 1533 2855 1605 ἄρνησιν
2908 1530 3209 1601 ἐξεκαλεῖτο
3258 1536 3518 1604 Χριστοῦ,
3566 1537 3723 1587 τοῦτο
3776 1534 3873 1606 μὲν

2222 1620 2485 1690 ἀπειλῶν,
2520 1618 2773 1675 τοῦτοδὲ
2820 1620 2910 1674 καὶ
2960 1619 3273 1683 κολακείαις
3325 1617 3512 1682 δεινῶς
3560 1622 3872 1694 ὑπερχόμε-

2221 1727 2331 1770 νος·
2384 1706 2523 1763 ἔστιν
2585 1711 2673 1763 ὅτε
2725 1709 2813 1763 καὶ
2871 1714 2975 1763 πᾶν
3036 1706 3178 1770 εἶδος
3244 1708 3626 1782 κολαστηρίων
3684 1710 3873 1773 αὐταῖς

2148 1798 2735 1902 Βέπανατεινόμενος,
2780 1798 2978 1852 τέκνων
3028 1820 3085 1853 τε
3128 1798 3218 1853 καὶ
3266 1799 3464 1875 γονέων
3515 1800 3602 1854 καὶ
3649 1821 3873 1875 περιου-

2288 1892 2314 1902 -
2505 1886 2518 1902 ι
2623 1887 2636 1902 .
2688 1890 2717 1900 ο
2953 1885 2997 1902 ,κ
3148 1887 3162 1902 .
3306 1886 3318 1902 ,
3490 1890 3502 1902 .
3672 1889 3683 1902 .

2225 1892 2380 1956 σιῶν,
2429 1886 2521 1942 καὶ
2579 1887 2746 1955 αὐτῆς
2799 1885 3085 1961 πατρίδος,
3144 1886 3394 1942 ἐπισείων
3444 1890 3544 1956 τήν
3602 1889 3873 1962 στέρησιν.

2224 1976 2293 2030 Αἱ
2325 1973 2402 2042 δὲ,
2434 1980 2623 2043 Πᾶσιν,
2676 1975 2854 2045 εἶπον,
2901 1981 3017 2038 τοῖς
3068 1976 3215 2049 παρὰ
3268 1980 3362 2029 σοῦ
3415 1976 3875 2049 προτεινομένοις,

2221 2064 2266 2118 ὦ
2302 2064 2550 2133 βασιλεῦ,
2584 2063 2691 2119 εἷ’τε
2725 2065 2939 2140 χρηστᾶ
2968 2068 3091 2135 εἶεν,
3137 2065 3246 2122 εἷ’τε
3276 2068 3363 2121 xvi
3417 2067 3605 2131 ἄλλως
3651 2068 3873 2149 ἔχοντα,

2220 2153 2398 2223 ἡδέως
2435 2155 2869 2228 ἀποταττὸμεναι
2918 2158 3182 2230 σήμερον,
3230 2158 3319 2211 τὸν
3370 2158 3472 2213 ὑπὸ
3522 2164 3616 2213 σοῦ
3666 2162 3876 2236 βασφη-

2226 2245 2499 2317 μούμενον
2556 2242 2782 2317 αἷ¹ρομεν
2838 2249 2933 2299 τοῦ
2989 2245 3191 2319 Κυρίου
3242 2247 3490 2321 σταυρόν
3540 2250 3630 2303 καὶ
3685 2254 3764 2321 τῷ
3820 2251 3872 2306 ἐν

2222 2332 2370 2404 αὐτῷ
2402 2335 2501 2401 τὴν
2530 2334 2692 2405 ἡμῶν
2726 2335 3262 2407 πραγματευσαμένῳ
3294 2336 3564 2410 σωτηρίαν
3623 2338 3871 2394 ἀκολου-

2222 2424 2422 2493 θοῦμεν
2474 2425 2718 2493 Χριστῷ.
2778 2420 3015 2497 ’Ἃλογον
3070 2424 3171 2497 γὰρ
3237 2423 3459 2494 ἀληθῶς
3514 2427 3602 2480 καὶ
3659 2426 3864 2499 κομιδῆ

2222 2515 2529 2582 γυναικεοῖν
2560 2512 2654 2571 τὰς
2688 2511 2782 2581 μὲν
2833 2513 2993 2580 ἡμῶν
3044 2509 3265 2587 ἀνδράσι
3298 2512 3569 2576 τοιούτοις
3618 2536 3870 2587 συνοικη-

2222 2598 2407 2667 σάσας,
2458 2596 2510 2653 o'i
2555 2601 2617 2653 τὸ
2673 2597 2994 2654 κινδυνεύειν
3050 2599 3139 2656 διὰ
3196 2606 3426 2678 Χριστὸν
3484 2605 3718 2676 εἳλοντο,
3775 2607 3871 2670 τάς

2222 2684 2278 2740 δὲ
2342 2686 2434 2740 καὶ
2500 2690 2787 2761 παρθενίαν
2857 2689 3213 2764 ἀσκουμένας,
3276 2694 3366 2747 ἅτε
3424 2694 3872 2771 νυμιρευσαμένας

2222 2780 2462 2848 Χριστῷ,
2500 2778 2575 2849 μὴ
2610 2777 2708 2845 τήν
2737 2778 2919 2851 ψυχήν
2954 2778 3273 2854 ἀρῥενῶσαι,
3331 2782 3418 2835 καὶ
3464 2785 3556 2837 τὸν
3607 2784 3870 2859 ὑμέτερον

2221 2860 2506 2938 ἀλὸγιστον
2573 2864 2716 2920 οὕτω
2784 2866 2955 2938 θυμὸν
3014 2867 3063 2922 ἐν
3123 2873 3201 2941 τῷ
3264 2866 3390 2943 ἰδίῳ
3465 2873 3871 2942 καθυποστῆναι

2223 2953 2457 3025 σώματι.

2300 3132 2405 3188 IA'.
2475 3132 2578 3188 Καὶ
2640 3134 2667 3186 ὁ
2729 3131 3006 3206 βασιλεύς.
3069 3134 3293 3207 Πολλτςν
3348 3136 3535 3215 ἔγωγε,
3595 3149 3869 3216 γυναῖκες,

476 3218 676 3271 merito
730 3232 955 3287 magnas
1014 3231 1290 3271 accusare
1341 3215 1618 3281 stultitiae,
1661 3219 1815 3289 quod
1861 3218 2113 3275 hominis

2226 3221 2405 3273 ἀνοιαν
2444 3216 2558 3293 ἔχω
2616 3223 3032 3293 καταγινώσκειν
3095 3224 3270 3296 ὑμῶν,
3330 3225 3410 3281 ὅτι
3454 3230 3614 3303 χάριν
3664 3231 3873 3307 ἀνθρώ·

480 3306 657 3373 plani,
697 3311 752 3360 et
783 3306 1239 3375 praestigiatoris,
1273 3310 1330 3360 et
1361 3305 1461 3376 qui
1492 3307 1743 3361 violenta
1779 3318 1961 3362 morte
1988 3326 2116 3377 per-

475 3395 561 3462 iit,
594 3396 835 3463 gratiam
897 3394 1132 3465 eligitis,
1185 3398 1241 3448 et
1297 3394 1693 3463 voluptatibus
1742 3398 2119 3466 praesentibus

475 3498 661 3551 spem,
695 3482 863 3550 cujus
894 3482 1154 3536 incertus
1177 3486 1262 3536 est
1284 3483 1491 3546 exitus,
1518 3486 1780 3552 praeferre
1809 3485 2116 3541 statuistis.

476 3570 743 3634 Quasdam
791 3578 983 3623 autem
1044 3586 1110 3624 ex
1169 3570 1486 3626 acrioribus
1521 3573 1808 3627 matribus
1840 3583 1892 3629 et
1924 3590 2117 3629 mona-

475 3658 621 3721 chis,
656 3675 771 3711 non
805 3660 1050 3712 ferentes
1085 3659 1297 3713 Christi
1339 3661 1777 3730 contumeliam,
1811 3678 1925 3717 usae
1981 3668 2118 3718 sunt

475 3746 531 3798 in
569 3762 763 3815 regem
797 3743 988 3799 verbis
1021 3745 1432 3813 asperioribus,
1465 3761 1595 3800 eum
1630 3748 1837 3815 ipsum,
1873 3751 1967 3819 qui
1992 3768 2113 3806 ma-

476 3834 705 3887 ledictis
760 3832 1178 3897 incessebatur,
1222 3830 1515 3886 Christum
1550 3840 1820 3890 vocantes
1852 3839 1920 3891 ad
1955 3838 2119 3893 ultio-

478 3936 631 3976 nem.
693 3920 855 3986 Quod
888 3918 1118 3988 quidem
1158 3936 1307 3989 aegre
1352 3918 1545 3975 ferens
1602 3923 1897 3990 Hebraeus,
1930 3925 1987 3978 in
2021 3941 2119 3981 eas

476 4010 861 4065 communiter
893 4009 1233 4077 pronuntiat
1281 4011 1656 4080 sententiam,
1704 4017 1767 4066 ut
1812 4013 2002 4085 gladio
2035 4015 2118 4069 te-

477 4102 720 4154 riantur.
758 4098 984 4154 Licebat
1015 4114 1152 4169 ergo
1182 4099 1374 4156 videre
1399 4101 1676 4158 mulieres
1710 4114 1935 4159 sanctas
1964 4106 2117 4161 trahi

476 4189 753 4254 crinibus,
805 4192 861 4242 et
916 4187 999 4242 sic
1060 4189 1189 4243 duci
1234 4190 1304 4244 ad
1355 4191 1727 4261 supplicium,
1778 4192 1864 4248 vel
1924 4195 2119 4264 potius

475 4278 606 4332 ferri
628 4276 908 4347 promptis
930 4280 985 4330 et
1004 4277 1297 4332 alacribus
1318 4280 1587 4348 pedibus,
1609 4285 1664 4335 et
1686 4282 1849 4337 sitire
1872 4290 2114 4341 mortem

475 4375 707 4436 propter
737 4368 1052 4422 Christum.
1090 4368 1300 4437 Magna
1335 4386 1464 4424 vero
1497 4376 1621 4425 erat
1650 4372 1700 4426 ei
1738 4376 2117 4443 praeclarain-

475 4464 562 4510 ter
591 4471 687 4509 eas
730 4456 1041 4510 contentio.
1074 4456 1368 4509 Monachaa
1420 4458 1575 4511 enim
1611 4459 1863 4531 virgines
1895 4482 2117 4537 nequa-

2221 3328 2325 3361 που
2357 3307 2566 3362 πλάνου
2606 3310 2695 3362 καὶ
2749 3310 2955 3383 γόητος
3016 3314 3108 3366 καὶ
3164 3316 3448 3389 βιοθανοῦς
3506 3320 3729 3375 θάνατον
3786 3324 3869 3376 αἱ·

2223 3398 2416 3469 ρεῖσΘε,
2449 3397 2539 3451 καὶ
2571 3402 2677 3451 τῶν
2732 3399 3015 3471 παρόντων
3063 3402 3239 3470 ἡδέων
3292 3403 3515 3469 ἐλπίδας
3570 3406 3766 3475 ἄδηλον
3803 3413 3867 3465 τὸ

2221 3484 2384 3559 πέρας
2444 3485 2680 3564 ἐχούσας
2724 3494 2997 3563 προτιμᾷν
3056 3489 3268 3565 ἔγνωτε.
3318 3496 3412 3563 Mi,
3461 3495 3762 3572 ἐνεγκόντες
3807 3498 3866 3554 δὲ

2218 3597 2357 3637 τινες
2412 3581 2519 3630 τῶν
2568 3578 2907 3652 θερμοτέρων
2958 3580 3209 3655 Πατέρων
3258 3603 3317 3637 τε
3376 3583 3463 3639 καὶ
3517 3594 3862 3658 μοναζουσῶν

2217 3665 2316 3731 τὴν
2346 3666 2481 3719 κατᾶ
2524 3667 2759 3739 Χριστοῦ
2808 3664 2984 3742 ὕϐριν,
3029 3671 3386 3745 τραχυτέροις
3434 3676 3568 3730 κατὰ
3616 3682 3713 3731 τοῦ
3769 3680 3864 3750 βα-

2222 3753 2416 3815 σιλέως
2465 3755 2772 3831 ἐχρήσαντο
2821 3757 3081 3830 ῥήμασιν,
3140 3759 3298 3815 αὐτὸν
3352 3764 3442 3816 τὸν
3503 3762 3867 3839 βλασφημοῦ-

2221 3866 2379 3916 μενον
2432 3846 2631 3918 Κύριον
2700 3848 2774 3909 εἰς
2842 3847 3049 3920 ἄμυναν
3118 3851 3533 3927 ἐκκαλούμενοι,
3594 3858 3865 3936 ἐφ’ᾦκαὶ

2218 3931 2602 4006 χαλεπήναντα
2658 3938 2749 3990 τὸν
2806 3935 3082 4011 Ἑϐραῖον,
3150 3949 3308 4017 κοινῇ
3381 3946 3479 4013 τὴν
3539 3931 3643 4000 διὰ-
3678 3948 3865 4025 ξίφους

2217 4021 2481 4094 ἀναίρεσιν
2527 4025 2644 4076 κατ’
2699 4023 2875 4079 αὐτῶν
2935 4028 3335 4105 ἀποφήνασθαι.
3397 4036 3499 4090 ”Ἠν
3558 4033 3648 4090 οῦν
3705 4021 3870 4091 ἑλκο-

2220 4107 2378 4181 μένας
2415 4107 2543 4164 ἰδεῖν
2601 4115 2709 4165 τῶν
2769 4119 2978 4190 τριχῶν
3035 4124 3296 4190 γυναῖκας
3352 4120 3522 4191 ὁσίας,
3580 4124 3667 4176 καί
3724 4126 3867 4195 πρὸς

2217 4195 2441 4251 θάνατον
2500 4199 2676 4262 οὕτως
2735 4200 3096 4276 ἐπαγομένας,
3152 4205 3366 4277 μᾶλλον
3416 4206 3474 4263 δὲ
3514 4211 3601 4263 καὶ
3652 4213 3868 4284 προθύ-

2220 4306 2341 4357 μοις
2383 4287 2539 4341 ποσὶν
2590 4287 2751 4350 αὐτὰς
2798 4292 3120 4367 φερομένας,
3176 4296 3266 4348 καὶ
3324 4298 3424 4365 τήν
3477 4294 3566 4352 διὰ
3620 4301 3864 4373 Χριστὸν

2217 4371 2459 4447 διψώσας
2518 4380 2746 4454 σφαγήν.
2799 4378 2894 4431 Καὶ
2943 4380 3046 4453 γὰρ
3096 4381 3311 4454 ἅμιλλά
3354 4405 3436 4446 τις
3486 4386 3584 4441 οὐκ
3627 4371 3863 4462 ἀγεννής

2216 4463 2338 4536 περὶ
2380 4464 2537 4531 αὐτὰ,
2572 4464 2773 4521 ἵστατο.
2831 4467 3083 4540 Ἐπείπερ
3134 4472 3189 4524 αἱ
3238 4475 3568 4543 μονάζουσαι
3623 4477 3717 4548 μὲν
3770 4478 3864 4531 καὶ

475 4559 647 4612 quam
682 4543 1078 4596 concedebant
1106 4542 1322 4613 primas
1346 4548 1533 4613 partes
1557 4546 1629 4601 iis
1650 4565 1774 4618 quae
1795 4555 2104 4624 erantjun-

2220 4553 2468 4627 παρθένοι
2498 4554 2603 4607 τῶν
2654 4555 2936 4628 πρωτείων
2997 4556 3109 4613 οὐδ’
3153 4560 3299 4623 ὅλως
3353 4565 3474 4625 ταῖς
3536 4565 3639 4619 ὑπὸ
3696 4568 3859 4640 ζυγὸν

473 4642 576 4687 ctaa
602 4630 1000 4685 matrimonio:
1024 4632 1445 4700 Recordemini,
1467 4634 1747 4705 dicentes,
1769 4643 1919 4711 quod
1948 4644 2106 4712 prius

471 4720 633 4775 vobis
693 4719 910 4773 fuimus
945 4721 1277 4790 propositis,
1310 4724 1365 4776 et
1416 4721 1473 4776 in
1507 4725 1711 4796 templi
1741 4729 2025 4799 ingressu,
2059 4741 2112 4789 et

472 4808 530 4862 in
562 4812 1058 4863 sacramentorum
1092 4808 1553 4879 participatione,
1587 4817 1644 4866 et
1686 4814 1741 4869 in
1768 4818 2032 4887 statione,
2057 4827 2112 4876 et

472 4898 529 4951 in
591 4897 849 4951 sessione
892 4901 993 4951 :et
1052 4898 1179 4951 ideo
1216 4904 1440 4967 oportet
1503 4917 1657 4956 nunc
1718 4920 1948 4976 quoque
2005 4927 2110 4965 nos

472 4991 601 5039 ante
632 5003 728 5040 vos
768 4989 824 5039 et
857 4991 1073 5040 vestros
1124 4987 1367 5043 maritos
1415 4992 1693 5060 consequi
1739 4997 2102 5066 martyrium.

473 5073 788 5143 Martyrum
825 5078 1015 5127 autem
1051 5090 1279 5142 uxores,
1313 5092 1432 5142 quae
1463 5077 1583 5143 jam
1615 5080 1788 5134 etiam
1822 5085 2106 5140 vocaban-

470 5165 567 5213 tur
599 5166 827 5226 matres,
859 5178 1227 5232 nequaquam
1262 5164 1524 5219 ferebant
1564 5166 1620 5219 in
1675 5174 1981 5237 praesentia
2010 5175 2107 5230 ha-

474 5249 605 5302 bere
637 5250 921 5303 secundas
947 5255 1157 5319 partes.
1186 5254 1440 5308 Infantes
1467 5271 1697 5324 quoque
1719 5256 2104 5319 balbutientes

473 5346 681 5389 matres
723 5340 1258 5406 prastercurrebant,
1300 5345 1355 5395 et
1412 5342 1522 5411 ipsi
1583 5358 1815 5413 quoque
1871 5352 2104 5405 carnifi-

472 5437 594 5476 cem
643 5425 1029 5491 provocabant
1060 5427 1129 5480 ad
1163 5435 1427 5484 mortem.
1457 5429 1730 5484 Sciebant
1775 5436 1927 5491 enim
1964 5440 2106 5496 alias

472 5526 704 5581 quoque
734 5528 944 5582 pueros
977 5516 1153 5570 fuisse
1182 5517 1410 5572 Christo
1429 5522 1663 5587 propter
1693 5521 1883 5591 ipsum
1909 5544 2103 5588 sacras

472 5597 695 5654 oblatas
748 5600 1031 5660 victimas.
1092 5603 1185 5659 Sic
1235 5607 1417 5661 beatas
1474 5604 1583 5659 illa:
1629 5617 1870 5667 mortem
1906 5619 2102 5685 praeri-

2221 4639 2233 4657 ,

2216 4642 2506 4713 ἐξίσταντο,
2545 4643 2979 4714 Ἀναμνήσοητε,
3028 4645 3305 4723 λέγουσαι,
3362 4650 3443 4706 ὅτι
3502 4653 3593 4707 καὶ
3652 4674 3859 4729 προτε-

2215 4750 2306 4803 ρον
2342 4731 2472 4803 ὑπὲρ
2506 4730 2642 4802 ὑμᾶς
2675 4731 2761 4784 ἐπί
2805 4752 2862 4785 τε
2904 4740 2971 4808 τῇ
3016 4741 3122 4790 τῶν
3172 4739 3330 4812 ἱερῶν
3380 4738 3599 4813 εἰσόδῳ,
3648 4743 3739 4796 καὶ
3784 4748 3853 4817 τῇ

2209 4823 2316 4873 τῶν
2352 4820 2516 4893 ἁγίων
2552 4821 2880 4894 μεταλήψει,
2920 4829 2987 4898 τῇ
3038 4827 3218 4881 στάσει
3266 4848 3322 4883 τε
3370 4830 3458 4883 καὶ
3625 4830 3857 4906 καθέδρᾳ

2213 4910 2684 4980 προτετιμήμεθα·
2722 4911 2810 4964 καὶ
2872 4909 2959 4967 διὰ
3008 4919 3169 4970 τοῦτο
3219 4919 3330 4994 χρὴ
3362 4919 3450 4972 καὶ
3482 4920 3549 4974 τὰ
3579 4924 3669 4972 νῦν
3699 4924 3854 4993 ἡμᾶς

2210 4996 2316 5068 πρὸ
2350 4997 2497 5068 ὑμῶν
2540 5018 2597 5051 τε
2655 5000 2742 5051 καὶ
2800 5004 2908 5055 τῶν
2973 5003 3245 5079 ὑμετέρων
3295 5005 3501 5081 ἀνδρῶν
3562 5010 3851 5079 καταξιοῦ-

2211 5092 2327 5141 σθαι
2378 5093 2475 5142 τοῦ
2528 5090 2855 5165 μαρτυρίου.
2889 5094 2959 5147 Αἱ
3013 5093 3069 5149 δέ
3099 5098 3385 5171 μαρτύρων
3436 5106 3681 5172 γυναῖκες
3740 5100 3851 5172 ἤδη

2209 5178 2297 5230 καὶ
2334 5178 2560 5251 μητέρες
2603 5177 2937 5253 καλούμεναι
2982 5180 3297 5257 δευτερείων
3350 5186 3471 5242 οὐδ’
3520 5189 3665 5252 ὅλως
3719 5194 3858 5246 κατά

2208 5266 2268 5319 τὸ
2308 5266 2475 5339 παρὸν
2528 5266 2836 5340 ἡνείγοντο.
2896 5271 3248 5345 Ὗπεψέλλιζε
3302 5273 3358 5330 δὲ
3411 5277 3498 5330 καὶ
3547 5280 3614 5332 τὰ
3659 5278 3853 5335 παιδία

2208 5353 2538 5427 παραθέοντα
2577 5360 2692 5416 ταῖς
2744 5360 3001 5432 μητράσι,
3051 5363 3138 5415 καὶ
3186 5365 3275 5419 τὸν
3334 5362 3530 5438 δήμιον
3577 5365 3850 5437 ἐξεκαλεῖ-

2206 5464 2271 5497 το
2303 5443 2392 5496 καὶ
2444 5443 2575 5497 αὐτὰ
2633 5445 2768 5517 πρὸς
2840 5448 2933 5501 τὸν
3002 5461 3245 5513 θανατον.
3314 5452 3539 5523 ᾚδεσαν
3596 5458 3696 5531 γὰρ
3755 5459 3849 5513 καὶ

2208 5530 2410 5587 ἄλλοτε
2457 5529 2652 5593 παῖδας
2702 5534 2817 5608 ἱερά
2867 5538 3085 5613 Χριστῷ
3131 5546 3577 5619 προσενεχθέντας
3625 5529 3694 5600 δι’
3752 5548 3856 5602 αὖ,

2207 5622 2295 5675 τὸν
2332 5623 2550 5698 σφάγια,
2605 5622 2762 5678 Οὕτω
2812 5622 2876 5693 δὴ
2924 5629 3012 5682 καὶ
3062 5630 3150 5685 τὸν
3193 5634 3411 5689 θάνατον
3471 5636 3525 5688 αἱ
3585 5638 3852 5709 μακάριαι
