4128 6274
344 347 494 409 1261

1545 351 2020 416 MARTYBIUM
2067 358 2130 417 S.
2177 359 2541 422 ARETH/‘E.

3563 370 3723 432 1262

337 510 804 584 προαρπάζουσαι,
849 509 1022 566 πολὺν
1074 505 1335 566 ἐνέϐαλον
1384 514 1501 572 τοῖς
1541 512 1708 585 ὁρῶσι
1761 515 1971 587 θρῆνον,

2096 517 2342 588 pientes,
2376 521 2468 588 iis,
2503 523 2597 593 qui
2632 523 2924 595 videbant,
2961 544 3232 599 magnam
3283 531 3600 587 efferebant
3638 533 3724 590 la-

339 599 413 659 ὡς
441 599 653 652 καὶτὸν
705 598 991 669 ὠμότατον
1039 598 1267 674 βασιλέα
1311 599 1570 670 τοιαύτην
1608 599 1814 677 ἀφεῖναι
1865 623 1984 678 φω-

335 689 434 757 τὴν
467 687 601 760 μετᾶ
631 686 909 760 θαύματος
950 707 963 720 ·
995 685 1126 745 Ο’ίαν
1168 689 1196 742 ὁ
1220 685 1537 748 ,Γσλιλαῖος
1585 693 1782 764 μικροῦ
1819 695 1980 744 πᾶσιν

336 777 643 850 ἀνθρώποις
698 777 969 851 ένέσπειρε
1049 773 1290 847 πλάνην,
1357 776 1446 832 καὶ
1522 777 1686 832 αὐτοῦ
1753 780 1980 842 θανάτου

336 867 526 929 πείσας
593 871 974 943 καταφρονεῖν,
1005 865 1095 920 καὶ
1160 865 1255 928 τὰς
1311 866 1513 922 ἑαυτῶν
1583 866 1712 941 ὑπὲρ
1774 865 1979 922 ἐκείνου

334 953 656 1031 προδιδόναι
688 957 870 1034 ψυχὰς
911 955 1000 1010 καὶ
1029 955 1096 1010 τὰ
1127 955 1376 1028 σώματα.

405 1048 510 1102 ΙΒ’.
541 1047 629 1102 Ἐν
668 1047 846 1118 τούτῳ
885 1046 974 1100 καί
1019 1065 1102 1106 τις
1148 1047 1302 1117 γυνὴ,
1332 1049 1439 1101 τῶν
1490 1043 1541 1100 ἒν
1590 1049 1658 1119 τῇ
1697 1045 1857 1101 πόλει
1913 1047 1980 1102 τὰ

334 1141 576 1209 πρωτεῖα
656 1133 833 1212 φέρειν
909 1132 1299 1206 πιστευομένη,
1347 1135 1488 1209 γένει
1562 1134 1652 1188 καὶ
1728 1133 1974 1206 πλούτῳ,

332 1225 424 1278 καὶ
475 1223 629 1297 δόξῃ,
660 1224 750 1278 καὶ
800 1221 1057 1298 ὥρᾳττῶν
1113 1223 1300 1278 ἅΛλων
1372 1227 1562 1295 μακρῷ
1627 1220 1973 1301 διαφέρουσα,

334 1311 387 1367 ἐν
460 1313 721 1386 νεαζούσῃ
766 1309 844 1366 ἔτι
900 1316 969 1386 τῇ
1027 1311 1241 1384 ἡλικίᾳ,
1281 1306 1694 1367 ἐνδιαϐάλλεται
1749 1317 1828 1382 τῷ
1882 1334 1976 1366 τυ-

335 1401 528 1477 ράννῳ.
563 1401 665 1458 Καὶ
724 1400 911 1455 αὐτίκα
949 1400 1157 1456 κελεύει
1231 1406 1349 1462 τοῖς
1410 1401 1500 1456 ὑπ’
1553 1399 1710 1456 αὐτὸν
1771 1399 1973 1464 ἐκεῖνος

336 1493 470 1563 μετά
529 1511 677 1552 τινος
726 1486 911 1551 αἰδοῦς
961 1489 1055 1544 καὶ
1095 1497 1265 1562 τιμῆς
1319 1489 1485 1558 αὐτὴν
1536 1489 1784 1564 ἀγαγεῖν,
1826 1487 1972 1545 εὔθε-

329 1581 422 1634 τόν
463 1601 521 1635 τε
560 1579 699 1652 αὐτῇ
748 1579 1144 1651 παρασκευάσαι
1192 1580 1292 1647 τήν
1338 1579 1475 1654 πρὸς
1525 1578 1682 1633 αὑτὸν
1743 1575 1970 1634 εἷ’σοδον.

329 1671 393 1726 Ἥ
422 1666 500 1736 δὲ,
531 1667 710 1723 καίτοι
736 1668 830 1722 τὸν
861 1667 1062 1743 τρόπον
1092 1672 1284 1723 τοῦτον
1331 1667 1562 1743 ἀχθεῖσα
1608 1667 1698 1722 καὶ
1743 1665 1972 1740 μηδέπω

331 1761 406 1823 εἷς
440 1756 564 1834 ὄψιν
595 1761 632 1830 ἢ
665 1757 866 1833 λόγους
917 1757 1148 1813 έλθοῦσα
1183 1763 1263 1830 τῷ
1289 1755 1560 1831 Ἰουδαίῳ,
1594 1759 1746 1830 ὅμως
1778 1759 1970 1826 ἠνιᾶτο

329 1851 430 1917 τῆς
484 1852 591 1902 τῶν
643 1845 829 1901 ἄλλων
887 1850 1156 1920 γυναικῶν
1223 1847 1521 1922 μαρτυρίας
1581 1845 1972 1922 ἀπολειφθεῖσα

331 1939 477 1995 Μετὰ
561 1934 618 1991 δὲ
684 1935 872 2010 τρίτην
940 1934 1152 2010 ἡμέραν
1211 1935 1349 1990 κατᾶ
1403 1936 1465 1989 τὸ
1520 1934 1802 1999 κελευσθὲν
1858 1935 1971 1990 εἰσ-

329 2027 514 2102 άγεται
592 2026 724 2099 μετὰ
797 2031 964 2097 τιμῆς
1041 2026 1178 2099 πρὸς
1261 2025 1352 2079 τὸν
1421 2021 1666 2100 βασιλέα.
1729 2024 1826 2082 Καὶ
1889 2026 1968 2092 ὃς,

327 2116 536 2190 ἥμερον
619 2113 786 2183 αὐτὴν
873 2108 1246 2188 προσϐλέψας,
1314 2113 1404 2168 καὶ
1485 2113 1838 2168 ὑποκλέπτειν
1910 2113 1971 2168 ἔκ

328 2205 640 2280 προοιμίων
748 2202 1086 2276 ἀρξάμενος,
1160 2203 1227 2258 Ἠ
1327 2204 1524 2279 φήμη,
1601 2203 1732 2280 φησὶ
1769 2247 1784 2273 ,
1871 2205 1972 2256 σώ-

326 2294 499 2375 φρονά
571 2315 628 2349 σε
697 2290 1037 2368 διαγγέλλει,
1106 2292 1195 2346 καὶ
1253 2292 1485 2364 κοσμίαν
1551 2291 1640 2345 καὶ
1728 2293 1966 2361 συνετὴν,

324 2384 414 2439 καὶ
458 2382 588 2439 αὐτὸ
637 2381 696 2438 δὲ
741 2382 804 2438 τὸ
855 2382 1189 2456 παράστημα
1235 2381 1327 2435 καὶ
1373 2383 1408 2449 ἡ
1461 2376 1584 2454 ὄψις
1638 2385 1757 2443 τοῖς
1809 2381 1968 2454 λεγο-

327 2473 510 2546 μένοις
569 2475 965 2546 συμμαρτυρεῖ.
1028 2469 1207 2525 Ἀλλὰ
1271 2470 1361 2524 καὶ
1447 2468 1623 2532 πολὺς
1687 2471 1816 2543 περὶ
1869 2475 1967 2524 τοῦ

325 2558 599 2636 διατρέχει
633 2558 795 2634 λόγος
835 2556 1021 2636 γένους
1072 2555 1222 2613 ἕνεκα
1277 2558 1367 2613 καὶ
1413 2557 1682 2625 πλούτου,
1731 2559 1820 2612 καὶ
1869 2562 1967 2623 τῆς

323 2651 504 2721 ἄλλης
570 2649 934 2727 περιφανείας.
985 2650 1074 2718 Μὴ
1135 2648 1227 2702 οὗν
1306 2646 1448 2703 οὕτω
1515 2653 1632 2707 ταῖς
1691 2647 1967 2710 ἀσυνέτοις

324 2738 554 2814 ὁμοίως,
580 2739 641 2800 ’ἀς
686 2738 790 2814 ἐγὼ
832 2735 1053 2798 δικαίως
1101 2737 1384 2806 ἀπώλεσα,
1430 2735 1524 2790 τὸν
1564 2735 1968 2809 ἐσταυρωμένον

327 2829 535 2902 ἀνάσχῃ
597 2827 685 2881 καὶ
759 2826 892 2894 αὑτή
944 2825 1073 2878 Θεὸν
1136 2825 1392 2891 ἄνειπεῖν,
1432 2820 1732 2894 ἄνθρωπον,
1803 2824 1965 2896 φόνον

325 2919 416 2973 καὶ
473 2915 789 2984 οἰνοπότην,
818 2912 1072 2968 τελωνῶν
1111 2913 1201 2966 καὶ
1252 2909 1594 2984 ἁμαρτωλῶν
1662 2909 1846 2983 φίλον,
1878 2911 1969 2965 καὶ

332 3005 472 3082 μηδὲ
519 3007 647 3068 τοὺς
684 3004 975 3076 πατρῴους
1024 3002 1306 3077 στέρξαντα
1352 3002 1556 3073 νόμους
1587 3019 1601 3033 ⁸
1635 2998 1764 3055 ἀλλ’
1797 3000 1969 3055 οἰκεῖα

326 3098 638 3170 πράττουσα
709 3098 810 3161 τῆς
895 3097 991 3160 σῆς
1053 3090 1335 3166 εὐγενείας,
1393 3088 1651 3161 ἆπόταξαι
1731 3089 1825 3161 μὲν
1888 3093 1966 3160 τῷ

325 3185 649 3258 Ναζωραίῳ,
693 3187 1067 3257 συμφρονῆσαι
1113 3177 1170 3235 δὲ
1206 3183 1365 3253 ἡμῖν,
1406 3179 1494 3233 καὶ
1558 3183 1790 3234 συνεῖναι
1845 3177 1968 3252 περί

325 3275 393 3330 τὰ
444 3272 691 3349 βασίλεια
749 3270 1002 3341 θέλησον,
1033 3269 1186 3325 Οὕτω
1237 3269 1340 3344 γὰρ
1407 3267 1856 3344 ἐλευθεριώτερον
1903 3267 1966 3322 τὸ

329 3365 434 3419 ἀπὸ
489 3359 647 3417 τοῦδε
690 3362 928 3437 βιώσεις,
968 3360 1057 3415 καὶ
1105 3364 1210 3414 τῶν
1260 3357 1319 3414 ἔκ
1365 3365 1467 3427 τῆς
1515 3359 1746 3434 χηρείας
1793 3359 1967 3414 ἁπαλ-

327 3451 552 3528 λαγεῖσα
589 3455 788 3523 κακῶν,
818 3449 908 3505 καὶ
967 3447 1164 3510 ἄλλοις
1211 3448 1463 3522 ἐπαρκεῖν
1500 3445 1712 3521 μᾶλλον
1743 3445 1962 3520 δυνήσῃ.

327 3545 483 3600 Ἦκει
535 3542 628 3613 μὲν
670 3542 774 3616 γὰρ
825 3541 853 3594 ὁ
903 3537 1066 3613 λόγος
1123 3537 1213 3592 καί
1275 3536 1349 3599 εἲς
1387 3539 1561 3606 ἡμᾶς,
1605 3541 1863 3609 μαρτυρεῖ
1911 3535 1967 3591 δὲ

328 3633 414 3686 καὶ
466 3630 602 3685 αὑτᾶ
652 3630 718 3684 τὰ
765 3629 1080 3704 πράγματα,
1130 3625 1217 3680 ὅτῖ
1271 3626 1357 3679 καὶ
1399 3623 1627 3696 πλούτῳ
1682 3625 1966 3697 βαθυτάτῳ

329 3725 581 3793 κομῶσα,
630 3717 720 3773 καὶ
778 3715 997 3784 πολλὴν
1055 3715 1114 3770 ἐκ
1169 3715 1456 3790 προγόνων
1508 3715 1816 3786 κεκτημένη
1866 3715 1964 3782 τὴν

329 3807 665 3882 περιουσίαν,
697 3804 944 3867 πολλοὺς
970 3825 1028 3860 τε
1065 3805 1191 3866 τοὺς
1243 3804 1715 3878 ὑπηρετουμένους
1754 3823 1839 3857 σοι
1878 3801 1967 3858 καὶ

332 3893 724 3968 θεραπεύοντας
796 3887 1020 3968 ἔχουσα,
1074 3891 1228 3966 ὅμως
1301 3890 1522 3967 δεύτερα
1597 3899 1698 3961 τῆς
1765 3892 1966 3954 οἰκείας

331 3982 516 4045 αἰδοῦς
573 3983 663 4037 καὶ
707 3982 904 4056 ἀρετῆς
952 3982 1129 4037 πάντα
1168 3982 1364 4054 θεμένη
1401 3978 1579 4035 οὐδενὶ
1637 3985 1746 4036 τῶν
1803 3981 1966 4036 ἀπάν-

329 4094 436 4128 των
485 4071 650 4144 έτέρῳ
694 4069 819 4126 οὐδὲ
855 4072 971 4126 κατ’
1012 4066 1134 4145 ὄψιν
1186 4069 1357 4143 μόνην
1406 4067 1576 4139 ἦλθες
1635 4067 1807 4144 ἀνδρὶ,
1840 4068 1967 4124 ἀλλ’

330 4164 367 4233 ἢ
425 4165 506 4232 τῷ
560 4159 808 4234 νομίμως
873 4160 1221 4237 συζευχθέντι
1280 4179 1364 4212 σοι
1431 4159 1518 4212 καὶ
1595 4159 1730 4230 πρὸς
1791 4158 1966 4232 γάμον

331 4250 670 4325 ἀγαγομένῳ.
709 4251 798 4318 Μὴ
843 4245 978 4317 δῆτα
1029 4243 1170 4319 μηδὲ
1224 4250 1338 4314 νῦν,
1380 4241 1695 4318 σύμϐουλος
1725 4244 1834 4319 ἐγώ
1884 4263 1968 4298 σοι

331 4338 540 4392 τούτων
595 4337 946 4408 καθίσταμαι,
998 4338 1096 4405 τήν
1153 4355 1210 4388 τε
1267 4332 1466 4388 οἰκείαν
1531 4331 1674 4406 ὥραν
1731 4333 1821 4387 καὶ
1872 4333 1971 4400 τήν

332 4427 582 4496 νεότητα,
610 4426 700 4479 καὶ
742 4426 842 4494 τὴν
886 4429 998 4478 τῶν
1062 4423 1364 4498 θυγατέρων
1423 4421 1703 4495 παρθενίαν
1759 4419 1972 4494 δημίων

335 4515 492 4592 ’χερσὶ
531 4510 806 4586 παραδῷς,
838 4516 935 4566 τοῦ
963 4511 1212 4581 κολάζειν
1253 4511 1419 4567 πλέον
1449 4511 1512 4565 τὸ
1538 4505 1774 4585 ὑϐρίζειν
1807 4508 1970 4585 ἑχού-

2094 609 2531 680 mentationem,
2591 613 2735 668 adeo
2795 618 2856 668 ut
2913 630 3010 670 rex
3093 617 3533 675 crudelissimus
3589 638 3722 677 cum

2091 696 2472 754 admiratione
2528 700 2705 756 talem
2739 719 2930 758 vocem
2962 705 3222 760 emiserit
3255 723 3267 760 :
3302 708 3540 774 Qualem
3598 728 3723 766 om-

2092 782 2266 837 nibus
2298 784 2414 839 fere
2453 785 2791 842 hominibus
2823 804 3078 844 errorem
3136 791 3380 847 immisit
3422 793 3720 863 Galilaeus,

2090 874 2155 925 ut
2185 872 2284 941 qui
2315 874 2398 928 vel
2433 874 2620 944 ipsam
2669 881 2913 932 mortem
2945 887 3312 934 contemnere
3343 886 3718 954 persuaserit,

2088 963 2145 1012 et
2173 976 2274 1029 pro
2305 960 2404 1015 illo
2437 964 2676 1032 prodere
2707 979 2844 1019 suas
2874 966 3099 1021 animas
3121 971 3176 1021 et
3196 969 3470 1039 corpora!

2158 1047 2280 1103 XII.
2341 1049 2578 1106 Interim
2638 1057 2832 1108 autem
2883 1055 3141 1124 quaedam
3196 1073 3428 1128 quoque
3479 1059 3716 1132 femina,

2087 1153 2214 1207 quae
2271 1139 2416 1194 duas
2475 1140 2624 1196 ﬁlias
2668 1141 2937 1211 habebat,
2979 1147 3036 1198 et
3091 1145 3312 1215 primas
3344 1153 3536 1216 partes
3570 1149 3720 1206 inter

2086 1241 2208 1295 eas,
2266 1246 2389 1298 qua
2447 1237 2608 1285 erant
2667 1231 2724 1285 in
2775 1231 3025 1300 civitate,
3083 1233 3401 1302 obtinebat,
3431 1237 3720 1310 longeque

2085 1317 2402 1386 prestabat
2448 1317 2579 1374 aliis
2607 1335 2837 1390 genere,
2869 1322 3102 1392 divitiis,
3135 1323 3321 1394 gloria
3350 1328 3405 1380 et
3454 1327 3720 1396 pulchri-

2084 1402 2304 1472 tudine,
2337 1406 2592 1476 atquein
2616 1407 2860 1476 juvenili
2895 1408 3082 1464 adhuc
3114 1415 3281 1466 (state
3313 1411 3486 1468 vidua
3517 1415 3720 1470 relicta

2083 1491 2293 1559 fuerat,
2326 1492 2637 1549 insectatur
2667 1499 2996 1566 tyrannum.
3040 1497 3140 1554 Ille
3170 1504 3362 1556 autem
3396 1502 3596 1556 statim
3617 1503 3717 1573 ju-

2082 1579 2178 1635 bet
2208 1581 2331 1637 suis
2363 1582 2669 1650 ministris,
2703 1589 2768 1640 ut
2796 1602 2923 1640 eam
2956 1586 3027 1642 ad
3051 1604 3110 1643 se
3140 1588 3431 1644 adducant
3459 1606 3587 1644 cum
3619 1591 3717 1647 ho-

2083 1686 2221 1726 nore
2251 1676 2308 1726 et
2337 1673 2676 1742 reverentia,
2729 1678 2785 1729 et
2814 1675 2864 1729 ei
2905 1675 3160 1732 efﬁciant
3191 1679 3565 1733 commodum
3597 1681 3714 1734 adi-

2080 1761 2226 1813 tum.
2264 1760 2365 1814 Illa
2394 1777 2549 1828 vero,
2596 1762 2705 1817 etsi
2748 1763 2857 1818 hoc
2898 1765 3065 1819 modo
3115 1766 3520 1835 adduceretur,
3568 1784 3714 1838 aegre

1999 1847 2296 1936 Bferebat
2353 1853 2544 1904 tamen
2603 1867 2666 1906 se
2717 1851 2788 1906 ab
2845 1852 3092 1907 aliarum
3155 1854 3460 1909 mulierum
3511 1856 3714 1913 abesse

2080 1937 2376 2009 martyrio.
2422 1939 2611 1994 Tertio
2646 1948 2837 1994 autem
2887 1942 2979 1996 die
3028 1946 3158 2012 post
3190 1941 3536 2012 jussionem,
3578 1961 3711 2001 cum

2079 2026 2296 2082 honore
2336 2027 2407 2082 ad
2443 2043 2630 2098 regem
2664 2029 2973 2084 adducitur
3002 2047 3136 2085 cum
3168 2031 3420 2087 ﬁliabus.
3451 2032 3553 2088 llle
3581 2049 3712 2088 vero

2079 2113 2304 2185 placide
2332 2131 2460 2170 eam
2494 2116 2730 2172 intuens
2767 2121 2826 2172 et
2844 2134 2971 2173 eam
3003 2119 3074 2173 ab
3105 2118 3271 2174 initio
3319 2119 3600 2190 incipiens
3628 2120 3710 2176 al-

2079 2203 2306 2258 licere:
2357 2204 2552 2268 Fama,
2613 2205 2822 2276 inquit,
2878 2207 3188 2262 annuntiat
3242 2212 3300 2264 te
3337 2223 3464 2263 esse
3504 2210 3712 2264 mode-

2078 2292 2250 2354 stam,
2291 2295 2555 2344 ornatam
2591 2295 2647 2345 et
2686 2292 3030 2361 prudentem
3051 2311 3068 2346 :
3091 2293 3234 2362 quin
3254 2294 3426 2348 etiam
3450 2294 3574 2365 ipse
3595 2294 3716 2349 vul-

2077 2381 2171 2432 tus
2225 2384 2280 2432 et
2310 2382 2581 2448 aspectus
2623 2379 2732 2434 fert
2790 2379 2883 2447 iis,
2942 2396 3070 2450 quas
3119 2381 3419 2450 dicuntur,
3454 2382 3712 2438 testimo-

2077 2465 2260 2520 nium.
2319 2467 2596 2523 Przsterea
2654 2473 2850 2524 autem
2909 2469 3080 2540 vulgo
3140 2469 3320 2525 fertur
3378 2478 3430 2525 te
3487 2487 3715 2541 quoque

2076 2570 2202 2611 esse
2258 2570 2467 2625 genere
2524 2555 2760 2623 claram,
2795 2562 2852 2612 et
2906 2557 3202 2612 abundare
3243 2557 3487 2625 divitiis,
3519 2563 3576 2613 et
3604 2560 3712 2614 tibi

2077 2660 2194 2700 non
2226 2645 2430 2701 deesse
2468 2645 2860 2716 splendorem.
2895 2647 2976 2703 Ne
3005 2664 3136 2718 ergo
3169 2649 3458 2718 quomodo
3498 2651 3710 2713 stultas.

2077 2751 2222 2804 quas
2246 2750 2348 2804 ego
2380 2734 2624 2804 perdidi,
2660 2735 2955 2791 sustineas
2983 2737 3110 2806 ipsa
3150 2753 3380 2808 quoque
3411 2738 3592 2794 Deum
3623 2739 3713 2794 di-

2076 2837 2203 2876 cere
2243 2838 2398 2889 eum,
2457 2825 2555 2892 qui
2613 2823 2718 2878 fuit
2769 2823 3123 2892 cruciﬁxus;
3163 2825 3271 2880 fuit
3297 2830 3495 2881 autem
3539 2826 3710 2883 homo

2076 2924 2268 2974 vorax,
2325 2913 2380 2964 et
2421 2909 2539 2963 vini
2587 2914 2835 2980 potator,
2869 2911 3210 2981 amicusque
3267 2913 3709 2982 publicanorum

2076 3003 2130 3050 et
2168 3002 2558 3067 peccatorum,
2590 3002 2646 3052 et
2679 3015 2781 3054 nec
2831 2999 3032 3069 patriis
3087 3001 3197 3056 fuit
3225 3006 3534 3056 contentus
3564 3002 3710 3074 legi-

2078 3086 2187 3139 bus
2221 3102 2234 3138 :
2293 3087 2394 3140 sed
2443 3090 2554 3141 tua:
2586 3086 2874 3142 nobilitati
2907 3088 3123 3143 faciens
3160 3090 3582 3158 convenientia,
3615 3108 3712 3146 rs-

2077 3173 2285 3229 nuntia
2313 3175 2549 3244 quidem
2597 3176 2926 3243 Nazaraano,
2958 3182 3014 3232 et
3061 3177 3202 3234 velis
3240 3179 3546 3234 nobiscum
3577 3196 3710 3236 sen-

1999 3226 2050 3292 C
2075 3261 2201 3328 tire,
2225 3267 2283 3318 et
2306 3262 2479 3316 simul
2501 3279 2630 3318 cum
2665 3265 2860 3331 regina
2889 3265 3104 3319 versari
3131 3266 3190 3320 in
3223 3267 3400 3337 regia.
3431 3268 3524 3324 Sic
3553 3269 3708 3324 enim

2072 3351 2227 3406 vives
2258 3351 2532 3422 deinceps
2585 3351 2824 3406 liberius
2854 3356 2912 3407 et
2963 3353 3207 3409 liberata
3264 3372 3298 3410 a
3349 3355 3522 3412 malis
3581 3374 3706 3428 quas

2074 3441 2343 3496 oriuntur
2391 3457 2458 3495 ex
2514 3439 2814 3511 viduitate,
2875 3441 3061 3512 magis
3119 3443 3336 3513 poteris
3367 3443 3496 3499 aliis
3539 3461 3706 3515 opem

2073 3529 2241 3584 ferre.
2275 3529 2446 3585 Venit
2501 3529 2657 3586 enim
2688 3530 2760 3585 ad
2819 3546 2925 3586 nos
2956 3530 3128 3601 fama,
3184 3531 3320 3603 ipsae
3361 3537 3554 3588 autem
3613 3550 3704 3588 res

2073 3634 2302 3690 quoque
2328 3623 2627 3687 testantur,
2659 3620 2809 3688 quod
2841 3635 2974 3673 cum
3006 3624 3064 3674 et
3095 3635 3336 3690 magnas
3366 3621 3580 3677 habeas
3609 3622 3705 3676 di—

2071 3706 2264 3776 vitias,
2295 3711 2352 3762 et
2382 3707 2660 3778 plurimas
2703 3707 3004 3764 facultates
3057 3708 3348 3779 acceperis
3377 3726 3408 3764 a
3467 3709 3705 3780 majori-

2073 3797 2184 3852 bus
2236 3801 2296 3853 et
2325 3796 2445 3853 sint
2474 3797 2666 3866 multi,
2694 3798 2794 3868 qui
2833 3797 2938 3853 tibi
2970 3797 3246 3866 serviant,
3279 3799 3483 3870 pudori
3513 3807 3703 3855 tamen

2072 3891 2128 3941 et
2156 3885 2356 3941 virtuti
2408 3885 2682 3941 omnibus
2743 3887 3094 3958 postpositis,
3126 3887 3184 3941 in
3218 3886 3438 3942 nullius
3469 3887 3706 3942 alterius

2072 3974 2178 4030 viri
2228 3990 2300 4030 ne
2354 3975 2416 4029 in
2472 3980 2847 4044 conspectum
2907 3975 3142 4044 quidem
3175 3974 3406 4040 venisti,
3439 3974 3551 4029 nisi
3579 3976 3706 4044 ejus

2074 4065 2173 4134 qui
2207 4064 2318 4118 fuit
2347 4065 2453 4119 tibi
2483 4063 2739 4134 legitimo
2788 4065 3138 4133 conjunctus
3186 4065 3576 4120 matrimonio.
3627 4064 3710 4120 Ne

2075 4168 2232 4206 nunc
2287 4168 2446 4222 ergo,
2487 4168 2560 4206 ne
2616 4169 2772 4208 nunc
2818 4153 2950 4224 (hoc
3009 4169 3114 4224 ego
3147 4153 3246 4208 tibi
3295 4152 3556 4221 consulo)
3587 4153 3712 4223 pul-

2073 4238 2463 4294 chritudinem
2491 4243 2654 4293 tuam
2685 4243 2741 4294 et
2775 4241 3161 4309 juventutem,
3212 4245 3269 4296 et
3299 4241 3550 4296 ﬁliarum
3583 4242 3708 4297 vir-

2076 4327 2379 4397 ginitatem
2410 4326 2681 4382 lictorum
2715 4327 2982 4384 manibus
3011 4329 3338 4396 tradideris,
3364 4346 3490 4400 quae
3522 4332 3710 4400 magis

2076 4415 2426 4473 contumelia
2456 4416 2720 4473 afﬁciunt
2749 4434 2926 4489 quam
2960 4417 3214 4488 puniunt
3246 4437 3260 4475 :
3295 4421 3396 4475 sed
3428 4418 3712 4474 dcsistens

2076 4506 2350 4564 crucifixo
2377 4505 2618 4578 gloriam
2658 4507 2936 4578 tribuere,
2969 4511 3025 4563 et
3072 4508 3290 4563 nostris
3319 4508 3532 4564 cedens
3565 4508 3712 4579 legi-

337 4581 454 4667 $13.;
485 4622 499 4635 °
534 4581 679 4657 ἀλλὰ
705 4581 805 4670 τῆς
835 4604 931 4656 τοῦ
971 4599 1384 4675 ἐσταυρωμένου
1433 4581 1618 4670 δόξης⁷
1648 4581 1966 4674 ἀποσχομέ-

2082 4597 2215 4665 bus,
2246 4604 2298 4652 et
2332 4597 2436 4653 tibi
2467 4599 2525 4654 et
2557 4596 2756 4654 liberis
2799 4598 3064 4669 prospice
3093 4613 3224 4668 quas
3254 4602 3391 4654 sunt
3420 4597 3604 4654 utilia.

335 4715 402 4763 νη
461 4691 549 4746 καὶ
597 4690 788 4764 νόμοις
823 4694 939 4753 τοῖς
979 4688 1269 4766 ἡμετέροις
1307 4688 1510 4760 εἴξασα,
1541 4689 1704 4754 έαυτῆ
1759 4709 1817 4742 τε
1880 4689 1970 4744 καὶ

336 4781 545 4843 τέκνοις
573 4780 641 4835 τὰ
671 4778 930 4849 λυσιτελῆ
963 4780 1339 4854 περιποίησαι.

409 4871 510 4928 ΙΓ’.
542 4868 646 4924 Καὶ
686 4869 721 4938 ἡ
767 4867 1003 4943 μακαρία
1050 4867 1306 4941 ἐμμελῶς
1373 4869 1484 4940 ἅμα
1535 4867 1623 4922 καὶ
1684 4864 1974 4923 πεπαιδευ-

343 4960 518 5034 μένως
555 4956 933 5030 ὑπολαϐοῦσα,
966 4959 1028 5017 El
1068 4960 1125 5015 ’ὸν
1169 4957 1275 5015 ἔδει
1313 4964 1502 5032 τιμᾷν,
1534 4960 1700 5017 εἶπεν.
1732 4957 1776 5014 ὦ
1820 4960 1975 5034 βασι-

339 5050 456 5119 λεῦ,
489 5051 564 5112 ὡς
592 5051 654 5106 τὸ
686 5051 884 5126 κράτος
935 5071 1018 5104 σοι
1059 5047 1444 5126 χαρισάμενον,
1473 5050 1562 5102 καὶ
1608 5049 1708 5118 τὴν
1765 5068 1978 5124 πορφυ-

341 5137 462 5213 ρίδα
497 5139 699 5209 ταύτην
738 5138 829 5193 καὶ
871 5139 934 5193 τὸ
966 5135 1229 5210 διάδημα,
1257 5135 1468 5210 μᾶλλον
1519 5135 1576 5191 δὲ
1623 5137 1711 5192 καὶ
1756 5137 1888 5191 αὐτὸ
1914 5137 1976 5192 τὸ

341 5229 473 5284 εἶναι
521 5229 612 5284 καὶ
667 5232 785 5301 ζῇν,
846 5228 939 5282 ἅτε
987 5232 1119 5283 Θεοῦ
1174 5228 1296 5282 Υἱὸν
1346 5230 1436 5282 καὶ
1495 5227 1646 5297 Θεὸν,
1706 5227 1978 5303 ἀγνώμονι

340 5322 494 5392 ψυχῇ
557 5318 789 5386 ἆθετήσα
843 5315 1100 5391 τολμηρᾷ
1165 5317 1386 5392 γλώττῃ
1458 5314 1822 5390 καθυϐρίζεις,
1890 5315 1980 5370 καὶ

343 5407 404 5462 οὐ
446 5403 622 5466 δεδιας
660 5406 734 5478 μή
776 5405 882 5458 πού
923 5425 980 5459 σε
1010 5406 1249 5475 σκηπτὸς
1281 5407 1390 5460 ἄνω
1421 5404 1548 5468 Θεὸς
1603 5403 1837 5479 ἐνεχθεὶς
1885 5424 1984 5458 κα-

342 5494 674 5573 ταφλέξειεν,
715 5493 810 5568 ἐμὲ
837 5497 1088 5568 τιμήσεις
1119 5495 1302 5566 αὐτὸς,
1333 5495 1455 5564 ἥτις
1497 5495 1731 5570 ἐσχάτην
1769 5493 1980 5569 μᾶλλον

346 5582 562 5656 ἀτιμίαν
602 5585 700 5652 τὴν
755 5584 1013 5657 ὑμετέραν
1058 5586 1301 5659 ἡγοῦμαι
1350 5587 1539 5659 τιμήν.
1591 5589 1793 5639 Παῦσαι
1849 5585 1986 5639 κατά

347 5675 542 5728 σαυτοῦ
573 5673 634 5728 τὸ
675 5671 823 5750 ξίφος
867 5672 1046 5732 ὠθῶν.
1077 5671 1235 5742 Μηδὲ
1262 5673 1474 5748 γένοιτό
1525 5694 1618 5748 μοι
1669 5674 1815 5750 παρὰ
1869 5692 1984 5729 τοι·

2155 4868 2316 4927 ΧΙΙΙ.
2348 4869 2519 4925 Beata
2560 4874 2752 4926 autem
2807 4869 2910 4925 illa
2965 4871 3230 4942 apposite
3260 4873 3318 4925 et
3374 4870 3597 4926 erudite
3625 4887 3714 4927 re-

2085 4958 2377 5028 spondens
2411 4974 2425 5014 :
2475 4959 2616 5014 Cum
2647 4974 2802 5025 eum,
2834 4957 3042 5027 inquit,
3074 4974 3105 5012 ο
3137 4974 3257 5024 rex,
3314 4971 3487 5028 quem
3547 4974 3714 5030 opor-

2086 5050 2230 5102 teret
2257 5047 2560 5114 honorare,
2605 5051 2666 5102 ut
2720 5047 2822 5118 qui
2851 5046 2958 5102 tibi
3013 5045 3232 5102 dederit
3288 5047 3605 5116 potentiam
3660 5051 3718 5104 et

2088 5135 2238 5190 hanc
2277 5152 2592 5208 purpuram
2636 5135 2829 5192 ethoc
2877 5135 3163 5199 diadema,
3195 5133 3313 5190 imo
3343 5151 3476 5191 vero
3526 5135 3716 5206 ipsam

2090 5239 2321 5296 quoque
2361 5223 2688 5294 essentiam,
2739 5228 2794 5279 et
2829 5224 3034 5290 vitam,
3082 5227 3359 5294 tanquam
3399 5223 3500 5279 Dei
3543 5224 3719 5281 Filius

2090 5318 2148 5370 et
2204 5313 2381 5383 Deus,
2413 5312 2641 5383 ingrato
2671 5314 2868 5369 animo
2926 5316 3323 5384 contemptum
3373 5314 3577 5369 audaci
3609 5314 3718 5371 lin-

2090 5421 2203 5476 gua
2230 5401 2449 5473 injuria
2496 5401 2737 5466 afﬁcias,
2778 5419 2892 5458 non
2937 5403 3148 5457 timens
3188 5418 3258 5457 ne
3302 5401 3520 5457 fulmen
3554 5404 3718 5472 deje-

2093 5498 2248 5548 ctum
2279 5497 2335 5546 te
2382 5491 2704 5558 comburat,
2735 5499 2788 5546 et
2819 5508 2910 5549 me
2960 5492 3240 5547 honorare
3268 5490 3429 5558 velis,
3460 5496 3721 5546 vestrum

2091 5599 2197 5655 ego
2252 5581 2525 5638 honorem
2565 5597 2857 5638 summam
2906 5582 3054 5638 duco
3110 5580 3514 5653 ignominiam.
3548 5579 3724 5636 Cessa

2097 5670 2360 5747 gladium
2407 5671 2468 5728 in
2497 5670 2753 5744 teipsum
2801 5671 3110 5746 impellere.
3173 5669 3337 5728 Absit
3381 5671 3597 5739 autem,
3659 5672 3725 5726 ut

2115 5879 2149 5910 ,ο
