4128 6274
430 298 584 361 1263

1776 294 2051 354 MENSIS
2095 293 2477 353 ()CTOBER.

3670 298 3835 357 1264

423 476 525 529 ego
558 476 591 515 a
620 458 718 514 tali
766 457 973 514 lauder
1004 457 1220 528 lingua,
1254 472 1381 526 quas
1440 470 1501 509 se
1560 454 1806 509 armavit
1860 460 2057 508 contra

2172 450 2339 520 αύτης
2394 452 2691 522 τιμηθῆναι
2749 449 3030 525 γλώττης,
3087 458 3187 520 τῆς
3244 449 3627 523 ὁπλισαμένης
3685 453 3829 507 κατᾶ

422 550 623 613 Deum,
683 565 871 619 neque
930 564 996 602 eo
1056 546 1363 618 procedam
1422 543 1711 609 amentia,
1766 547 1828 598 ut
1877 558 2070 598 verser

426 654 553 692 cum
586 638 680 705 iis,
713 637 811 706 qui
845 641 957 690 Deo
1008 640 1149 690 sunt
1179 635 1320 689 adeo
1376 633 1617 696 inimici,
1652 637 1708 686 et
1756 632 1814 685 in
1866 647 2067 701 pecca-

425 731 617 780 torum
676 724 928 779 habitem
970 722 1382 779 tabernaculis.
1433 721 1577 775 Cum
1639 736 1737 774 rex
1784 719 1905 774 haec
1965 736 2066 773 au-

430 815 634 881 disset,
684 814 772 868 ira
817 812 988 867 corde
1042 826 1345 878 accensus,
1397 810 1616 879 aspexit
1673 808 1744 862 ad
1820 823 1920 863 eos
1970 806 2069 878 qui

431 903 688 967 aderant,
748 904 804 955 et
861 916 995 955 cum
1044 898 1303 964 dixisset,
1337 899 1521 962 Quam
1580 897 1950 966 impudenter
2007 896 2067 949 in

432 1007 541 1046 nos
586 1006 648 1045 se
688 990 835 1062 gerit
874 989 994 1043 hac
1055 989 1413 1043 exsecranda
1471 984 1855 1042 muliercula!
1901 986 2070 1056 jubet

433 1079 563 1146 ejus
594 1077 768 1147 capiti
800 1075 1008 1130 auferri
1050 1079 1467 1146 tegumentum,
1500 1080 1557 1128 et
1608 1074 1731 1145 ejus
1772 1074 2019 1128 ﬁliarum
2051 1091 2064 1140 ;

433 1169 491 1218 et
515 1165 599 1218 sic
629 1180 724 1219 eas
756 1165 911 1218 nudo
936 1163 1142 1234 capite,
1174 1167 1230 1218 et
1250 1163 1536 1233 promissa
1566 1178 1751 1229 coma,
1784 1162 1846 1218 in
1876 1168 2070 1217 castra

436 1252 568 1307 duci
591 1267 693 1324 per
714 1252 1115 1324 ignominiam.

501 1431 642 1488 XIV.
685 1432 998 1503 Egrediens
1047 1448 1181 1503 ergo
1228 1447 1509 1503 generosa
1540 1431 1771 1495 mulier,
1805 1446 1937 1485 cum
1986 1430 2069 1486 vi-

431 1521 615 1577 disset
650 1538 916 1591 magnam
972 1521 1317 1576 feminarum
1350 1520 1784 1576 multitudinem
1835 1521 2066 1574 ﬂentem

435 1620 489 1665 et
520 1610 858 1681 ejulantem,
894 1611 1047 1681 quod
1083 1610 1217 1665 talis
1269 1610 1539 1665 nobilitas
1571 1611 1898 1665 afficeretur
1928 1625 2065 1663 conv

436 1699 696 1767 tumelia,
750 1697 847 1751 illa
911 1715 1008 1753 eas
1066 1715 1259 1754 severe
1313 1708 1364 1753 et
1424 1698 1731 1769 magnifice
1788 1698 2063 1752 intuens:

2179 543 2355 592 Θεοῦ·
2418 536 2558 611 μηδὲ
2622 541 2766 615 παρὰ
2832 544 3089 595 τοσοῦτον
3140 540 3321 601 ἀνοίας
3387 534 3635 613 ἔλθοιμι,
3688 540 3833 596 ὥστε

2178 628 2590 703 ἀναστρέφεσθαι
2639 633 2756 690 τοῖς
2802 626 2973 690 οὕτως
3027 628 3375 702 ἐχθραίνουσι
3433 628 3514 701 τῷ
3567 634 3703 701 Θεῷ,
3732 630 3828 685 xui

2178 714 2230 769 ἐν
2305 719 2653 789 σκηνώμασιν
2734 717 3077 788 ἁμαρτωλῶν
3154 724 3449 774 κατοικεῖν.
3515 719 3730 773 Τούτων
3798 720 3827 774 ὁ

2181 806 2436 882 βασιλεὺς
2476 810 2548 870 ὡς
2580 810 2780 877 ἤκουσε
2835 811 2991 881 θυμῷ
3044 810 3147 879 τήν
3203 806 3425 883 καρδίαν
3480 809 3825 879 ἀνακαυθεὶς,

2177 895 2450 964 ἀπέϐλεψε
2498 902 2634 976 πρὸς
2681 901 2807 964 τοὺς
2858 901 3148 975 παρόντας,
3182 903 3294 971 xui,
3345 903 3451 958 Οἴα
3494 903 3615 956 καθ’
3662 904 3830 975 ἡμῶν

2178 986 2508 1043 ἀναιδεύεται
2568 990 2629 1043 τὸ
2696 990 2997 1063 κατάρατον
3066 991 3217 1044 τουτὶ
3270 989 3513 1065 γύναιον,
3566 989 3829 1063 εἰρηκὼς,

2175 1076 2385 1132 κελεύει
2440 1078 2538 1144 τήν
2602 1084 2700 1146 τῆς
2774 1077 3017 1154 κεφαλῆς
3090 1078 3436 1156 ἀφαιρεῖσθαι
3508 1076 3821 1152 καλύπτραν

2177 1163 2345 1231 αὐτῆς
2399 1184 2457 1217 τε
2512 1163 2600 1217 xui
2656 1167 2762 1217 τῶν
2820 1163 3144 1238 θυγατέρων,
3192 1166 3284 1218 xui
3346 1164 3521 1226 οὕτως
3576 1164 3827 1226 ἀσκεπεῖς

2177 1251 2267 1304 καὶ
2318 1252 2454 1324 βαθὺ
2511 1252 2769 1324 καμώσας
2816 1250 2897 1305 ἐπ’
2929 1252 3162 1326 αἰσχύνῃ
3208 1253 3353 1326 παρὰ
3410 1252 3474 1306 τὸ
3522 1251 3825 1327 στρατόπε-

2182 1337 2273 1393 δον
2312 1338 2556 1416 ἄγεσθαι.

2251 1432 2347 1485 ΙΔ’.
2402 1431 2653 1484 Ἐκιοῦσα
2689 1432 2870 1484 τοίνυν
2931 1432 2965 1500 ἡ
3043 1429 3263 1505 γενναία
3321 1430 3411 1485 καὶ
3460 1430 3674 1496 πλῆθος
3737 1431 3821 1485 ὅτι

2177 1515 2320 1571 πολὺ
2369 1524 2638 1592 γυναικῶν
2687 1515 2878 1574 ί’δοῦσα
2939 1520 3061 1596 περὶ
3120 1520 3290 1588 αὐτὴν
3355 1520 3662 1592 ἀνοιμῶζον
3726 1522 3820 1574 xui

2175 1607 2585 1679 παθαινόμενον.
2633 1609 2707 1670 ὡς
2752 1609 3009 1678 τοιαύτης
3060 1606 3215 1675 δῆθεν
3273 1608 3542 1685 εὐγενείας
3596 1605 3816 1683 ὑϐριζο-

2180 1696 2367 1767 μένης,
2416 1699 2605 1767 σεμνὸν
2657 1696 2830 1767 ἒκείνη
2876 1700 3015 1771 πρὸς
3064 1698 3225 1759 αὐτὰς
3272 1695 3464 1752 ἴδοῦσα
3510 1699 3600 1752 καὶ
3652 1719 3819 1772 μεγα-

439 1788 591 1851 Scio,
624 1786 834 1857 inquit,
875 1803 907 1840 ο
948 1786 1170 1850 amicae,
1205 1787 1353 1857 quod
1403 1791 1634 1858 propter
1674 1803 1776 1841 nos
1808 1786 2057 1841 dolorem

2178 1782 2404 1861 λόφρον,
2435 1783 2551 1842 Οἶδ’
2584 1787 2686 1856 ὅτι,
2744 1788 2929 1864 φησὶν⁹
2962 1786 3117 1863 φίλαι
3174 1792 3444 1862 γυναῖκες,
3508 1789 3820 1861 περιπαθεῖς

437 1875 718 1946 accipitis,
752 1874 959 1944 partim
999 1875 1233 1945 quidem
1288 1876 1531 1930 fortasse
1568 1880 1804 1946 propter
1851 1878 2068 1929 naturae

436 1962 868 2033 cognationem,
902 1963 1111 2033 partim
1154 1968 1344 2019 autem
1385 1965 1539 2034 quod
1591 1964 1831 2035 indigna
1862 1980 1925 2018 ac
1956 1980 2068 2034 pu-

438 2054 626 2106 denda
663 2051 861 2105 videar
892 2050 1007 2121 pati
1057 2068 1190 2106 cum
1225 2051 1474 2109 filiabus.
1532 2053 1642 2108 Sed
1678 2070 1748 2108 ne
1802 2052 2064 2108 doleatis.

434 2138 551 2193 Nos
603 2138 758 2193 enim
796 2154 909 2193 non
960 2138 1086 2193 ideo
1136 2141 1540 2208 negaverimus
1582 2142 1906 2195 eﬂ'ectorem
1938 2140 2067 2193 cmli

435 2232 492 2283 et
521 2231 709 2293 terra,
733 2242 914 2295 neque
945 2244 1071 2297 quas
1104 2233 1241 2282 sunt
1280 2229 1351 2283 ad
1396 2233 1628 2299 tempus
1659 2229 1890 2284 aeternis
1922 2245 2067 2299 pras-

432 2314 763 2370 tulerimus.
822 2314 963 2369 Nam
1025 2315 1166 2369 mihi
1216 2316 1451 2387 quidem
1500 2335 1532 2371 a
1590 2317 1907 2387 majoribus
1965 2333 2067 2387 per

433 2403 864 2458 successionem
924 2402 1103 2473 pietas
1132 2408 1189 2459 et
1218 2421 1347 2459 vera
1405 2404 1630 2476 religio,
1661 2412 1717 2460 et
1745 2425 1777 2459 a
1833 2406 2063 2462 Christo

431 2491 817 2555 denominari,
852 2496 909 2545 et
938 2507 1071 2545 eum
1103 2507 1274 2547 nosse
1296 2492 1501 2559 Deum,
1534 2494 1745 2548 tradita
1762 2494 1905 2549 mihi
1940 2496 2064 2549 fue-

431 2582 571 2633 runt
601 2578 657 2632 in
702 2578 1131 2646 hatredilatem;
1178 2596 1291 2633 non
1349 2580 1493 2634 mihi
1548 2587 1741 2636 autem
1797 2582 1925 2650 soli,
1961 2584 2058 2637 sed

433 2668 714 2723 universis
774 2682 1006 2737 quoque
1037 2682 1178 2722 meas
1236 2668 1582 2739 cognationi.
1617 2672 1858 2739 Propter
1886 2687 2057 2741 quem

430 2770 535 2823 ego
567 2754 828 2825 amplexa
848 2755 1285 2823 continentiam,
1312 2756 1653 2813 viduitatem
1685 2759 1907 2828 praetuli
1939 2777 2062 2815 ma-

431 2842 708 2898 trimonio
744 2858 757 2897 :
790 2847 845 2898 et
891 2859 955 2897 ex
991 2844 1384 2913 facultatibus,
1419 2863 1560 2917 quas
1592 2848 1896 2915 habebam,
1931 2849 2061 2921 plu—

431 2931 646 2985 rimum
672 2931 944 2986 distribui
976 2933 1344 3003 pauperibus.
1370 2935 1516 2989 Sunt
1548 2952 1676 2991 vero
1707 2938 1896 2992 adhuc
1920 2940 2060 2995 mihi

429 3035 651 3089 magnas
692 3019 898 3073 divitiae
930 3020 991 3074 in
1031 3037 1172 3075 auro
1199 3026 1254 3075 et
1284 3029 1538 3090 argento,
1573 3030 1629 3078 et
1661 3041 1869 3096 magna
1910 3028 2060 3082 mul-

426 3106 616 3162 titudo
675 3123 993 3174 servorum,
1054 3108 1251 3163 multas
1304 3114 1499 3166 autem
1559 3116 1950 3183 possessiones
2006 3124 2060 3171 et

2178 1875 2259 1951 ἐφ’
2315 1879 2450 1948 ἡμῖν
2510 1877 2795 1952 γεγένησθε
2826 1895 2841 1910 ·
2907 1881 3068 1931 τοῦτο
3140 1878 3232 1949 μὲν
3283 1876 3411 1939 ἴσως
3466 1878 3555 1931 καὶ
3628 1875 3716 1931 διὰ
3757 1879 3819 1932 τὸ

2179 1966 2426 2042 συγγενὲς
2456 1974 2555 2036 τῆς
2595 1967 2826 2042 φύσεως,
2858 1972 3018 2022 τοῦτο
3050 1966 3106 2022 δὲ
3152 1968 3243 2022 καὶ
3289 1967 3352 2022 τδ
3398 1965 3575 2022 δοκεῖν
3623 1967 3816 2042 αἷσχῦ-

2176 2074 2274 2123 νης
2348 2052 2467 2124 ἄξια
2535 2055 2669 2127 μετᾶ
2724 2060 2830 2109 τῶν
2893 2058 3198 2130 θυγατέρων
3277 2058 3428 2128 ἡμᾶς
3506 2055 3815 2127 ὑπομένειν.

2176 2142 2334 2199 Ἀλλ’
2372 2144 2435 2198 οὐ
2504 2146 2648 2218 παρὰ
2715 2149 2875 2201 τοῦτο
2947 2145 3007 2199 ἂν
3064 2146 3224 2218 ἡμεῖς
3290 2144 3658 2219 ἀρνησαίμεθα
3721 2147 3814 2199 τὸν

2175 2234 2412 2303 ποιητὴν
2445 2234 2676 2309 οὐρανοῦ
2706 2236 2795 2289 xui
2827 2242 2952 2309 γῆς,
2986 2233 3113 2289 οὐδέ
3141 2240 3247 2289 τῶν
3298 2232 3486 2290 ἀϊδίων
3527 2236 3593 2289 τὰ
3642 2234 3816 2308 πρόσ-

2174 2341 2335 2395 καιρα
2372 2325 2832 2396 προτιμήσαιμεν.
2877 2322 3037 2396 Ἐμοέ
3082 2325 3181 2399 γὰρ
3240 2323 3300 2378 ἐκ
3342 2323 3623 2398 προγόνων
3676 2321 3814 2392 κλῆ-

2175 2431 2267 2484 ρος
2327 2408 2624 2488 ἆδιάδοχος
2670 2413 2703 2480 ἡ
2766 2407 3026 2483 εὐσέϐεια,
3083 2413 3170 2467 καὶ
3267 2414 3328 2467 τὸ
3414 2414 3519 2468 ἀπὸ
3577 2414 3813 2487 Χριστοῦ

2171 2498 2466 2567 καλεῖσθσι,
2527 2501 2613 2553 xui
2671 2505 2862 2555 τοῦτον
2919 2500 3115 2556 εἰδέναι
3190 2504 3341 2558 Θεόν.
3405 2502 3520 2560 Οὐκ
3571 2503 3695 2577 ἐμοὶ
3753 2500 3812 2557 δὲ

2174 2589 2338 2659 μόνῃ,
2372 2586 2517 2642 ἀλλὰ
2569 2589 2658 2642 xui
2711 2590 2856 2663 πάσῃ
2908 2592 2979 2660 τῇ
3018 2590 3291 2665 συγγενείᾳ
3348 2588 3413 2661 δὴ
3464 2597 3533 2665 τῇ
3566 2591 3694 2664 ἐμῇ.
3728 2593 3809 2646 Δι’

2169 2677 2226 2731 ’ὸν
2312 2675 2416 2751 ἐγὼ
2482 2678 2835 2755 σωφροσύνην
2918 2680 3295 2753 ἀσπασαμένη,
3365 2682 3595 2756 χηρείαν
3672 2702 3809 2754 προ-

2171 2764 2339 2836 έθηκα
2391 2767 2593 2841 γάμου,
2624 2769 2714 2821 xui
2758 2771 2857 2837 τήν
2908 2768 3089 2823 οὐσίαν
3147 2770 3365 2839 πολλήν
3421 2771 3581 2825 οὖσαν
3626 2768 3816 2825 διενει-

2176 2854 2362 2928 μάμην
2412 2861 2526 2917 τοῖς
2585 2856 2828 2927 πένησιν.
2863 2859 3013 2914 Ἔστι
3073 2856 3129 2913 δέ
3188 2880 3283 2932 μοι
3338 2859 3427 2913 καὶ
3471 2859 3670 2937 συχνὸς
3725 2858 3809 2913 ἔτι

2170 2943 2409 3004 πλοῦτος
2449 2944 2498 2998 ἐν
2528 2944 2751 3019 ἀργύρῳ
2804 2968 2863 3002 τε
2921 2947 3009 3002 καὶ
3068 2953 3281 3022 χρυσῷ,
3314 2948 3457 3004 πολύ
3496 2969 3554 3003 τε
3584 2949 3805 3002 οἰκείων

2169 3033 2406 3103 πλῆθος,
2437 3034 2624 3090 πολλὰ
2664 3034 2720 3092 δὲ
2765 3039 3017 3109 κτήματα
3062 3040 3151 3093 xui
3189 3040 3530 3113 βοσκήματα,
3564 3038 3655 3092 xui
3714 3059 3814 3092 το-

2170 3123 2383 3185 σούτοις
2416 3130 2645 3197 κομῶσα
2705 3132 2821 3186 τοῖς
2880 3128 3125 3201 ἀγαθοῖς,
3168 3128 3321 3193 ὅμως
3383 3128 3494 3201 οὐχ
3549 3126 3811 3199 εἱλόμην,

425 3210 630 3265 greges
656 3212 669 3262 ;
694 3212 892 3250 verum
926 3196 1056 3251 licet
1080 3202 1163 3251 tot
1194 3198 1343 3253 bona
1374 3200 1517 3255 mihi
1541 3209 1871 3273 suppetant,
1897 3205 2055 3259 nolui

2374 3184 2377 3185 ν
2489 3184 2499 3197 ,
2809 3184 2817 3186 .
2929 3184 2938 3201 ,
3091 3184 3124 3193 -,
3204 3184 3212 3193 .
3309 3184 3319 3188 -
3456 3184 3494 3201 ν,
3605 3184 3616 3186 -
3678 3184 3688 3199 .
3741 3184 3752 3197 .
3799 3184 3811 3198 ,

2169 3213 2303 3265 κατᾶ
2354 3213 2449 3273 τὰς
2490 3212 2703 3274 πολλὰς
2743 3219 2849 3268 τῶν
2898 3221 3188 3289 γυναικῶν,
3228 3216 3367 3289 πρὸς
3414 3213 3595 3287 ἕτερον
3648 3213 3815 3289 ἄνδρα

428 3289 651 3351 tamen,
685 3289 750 3338 ut
802 3286 999 3339 multa:
1032 3286 1159 3340 alia:
1216 3287 1485 3343 mulieres
1533 3292 1742 3357 solent,
1776 3297 1845 3345 ad
1880 3292 2055 3348 alium

426 3375 701 3428 maritum
731 3375 963 3442 intueri,
994 3376 1224 3431 etiamsi
1246 3394 1377 3434 cum
1411 3381 1609 3435 multis
1631 3382 1861 3436 casibus
1885 3388 1939 3438 et
1965 3400 2060 3438 ca-

424 3462 821 3531 lamitatibus,
871 3480 997 3534 quae
1053 3466 1243 3520 viduis
1300 3468 1526 3523 evenire
1610 3478 2059 3539 consueverunt,

427 3566 577 3619 saepe
600 3550 710 3603 sim
743 3550 1263 3623 colluctata:quod
1298 3556 1531 3625 quidem
1566 3559 1651 3613 vel
1685 3560 1874 3615 solum
1895 3564 2057 3618 suffi-

426 3640 505 3693 cit
543 3639 615 3692 ad
659 3638 887 3692 mollem
921 3641 1112 3695 adhuc
1142 3647 1199 3696 et
1228 3648 1491 3699 tenerum
1524 3648 1785 3703 animum
1811 3650 2059 3705 incitan—

426 3727 566 3780 dum
620 3727 690 3780 ad
757 3729 1040 3781 secundas
1100 3730 1353 3799 nuptias.
1441 3735 1507 3786 Et
1566 3736 1810 3791 fortasse
1864 3741 2058 3793 nullus

419 3829 610 3867 meam
653 3815 985 3869 damnasset
1028 3815 1416 3885 juventutem,
1451 3836 1576 3891 quae
1606 3824 1799 3890 ipsum
1834 3828 1905 3880 ad
1948 3829 2055 3881 hoc

413 3903 667 3957 habebat
718 3907 1025 3973 patronum
1069 3904 1328 3961 divinum
1382 3908 1746 3979 Apostolum,
1791 3914 1901 3968 Sed
1936 3915 2055 3971 haec

413 3992 608 4046 omnia
642 3993 1046 4063 parvifaciens,
1066 3993 1125 4050 in
1158 3993 1264 4050 hoc
1289 3996 1479 4053 solum
1503 3998 1763 4056 animum
1793 4000 2052 4074 intendo,

414 4084 479 4132 ut
510 4095 643 4133 cum
676 4081 903 4135 Christo
936 4082 1047 4137 sim
1080 4098 1192 4138 una
1223 4100 1352 4140 cum
1385 4088 1625 4153 sanctis,
1661 4106 1785 4160 qua:
1821 4108 2057 4162 praeces-

411 4171 632 4233 serunt,
669 4170 1012 4225 mulieribus
1034 4176 1089 4226 et
1120 4175 1495 4245 martyribus.
1518 4177 1635 4247 Ego
1666 4186 1858 4235 autem
1892 4182 2054 4237 vobis

404 4254 526 4323 jam
560 4257 815 4312 secundo
869 4275 1134 4327 appareo.
1169 4262 1314 4316 Nam
1350 4266 1506 4335 prius
1564 4266 1623 4320 in
1683 4271 2052 4326 matrimonio

412 4342 634 4411 sponsi,
668 4345 769 4413 qui
815 4352 936 4400 erat
968 4349 1036 4400 ad
1066 4354 1338 4419 tempus:
1385 4369 1539 4408 nunc
1564 4369 1699 4408 vero
1740 4356 1795 4409 in
1834 4359 2052 4428 nuptiis

408 4428 762 4485 immortalis
795 4438 849 4485 et
898 4432 1070 4487 alieni
1104 4436 1176 4487 ab
1224 4438 1479 4500 interitu,
1510 4442 1579 4493 ad
1614 4457 1786 4510 quem
1820 4444 2047 4515 festino,

2172 3301 2390 3375 βλέψαι,
2431 3303 2691 3377 καίτοιγε
2725 3304 2939 3378 μυρίαις
2986 3305 3328 3379 περιστάσεσί
3367 3326 3425 3360 τε
3466 3305 3555 3360 xui
3596 3327 3810 3382 συμφο-

2169 3409 2285 3461 ραις
2332 3391 2420 3444 οἷα
2468 3394 2535 3446 τὰ
2579 3396 2677 3456 τῆς
2732 3392 2983 3470 χηρείας,
3035 3393 3306 3455 πολλάκις
3385 3391 3808 3466 διαπαλαίσασα,

2169 3478 2301 3550 ὅπερ
2346 3479 2526 3534 ἱκανὸν
2573 3482 2663 3535 καὶ
2718 3482 2877 3553 μόνον
2939 3479 3153 3551 ἁπαλὴν
3209 3481 3286 3536 ἔτι
3332 3483 3419 3536 καὶ
3472 3482 3593 3537 νέαν
3623 3485 3807 3557 ψυχὴν

2165 3569 2302 3640 πρὸς
2348 3566 2626 3643 δευτέρους
2684 3571 2897 3646 γάμους
2957 3568 3269 3646 διερεθίσαι.
3298 3571 3399 3628 Καὶ
3438 3570 3570 3632 ἴσως
3624 3569 3805 3633 οὐδεὶς

2166 3655 2225 3711 ἄν
2299 3679 2401 3729 μου
2463 3665 2564 3728 τῆς
2644 3660 2898 3728 νεότητος
2981 3659 3367 3736 κατεγίνωσκεν
3442 3661 3604 3714 αὐτὸν
3668 3662 3807 3733 πρὸς

2163 3748 2322 3799 τοῦτο
2396 3747 2486 3800 τὸν
2563 3752 2704 3811 θεῖον
2765 3747 3105 3804 Ἀπόστολον
3175 3752 3474 3823 συνήγορον
3537 3748 3800 3823 ἐχούσης.

2167 3830 2338 3888 Ἀλλὰ
2392 3837 2559 3887 tui-cu
2613 3836 2736 3908 περὶ
2800 3834 3087 3899 ἐλάττονος
3160 3838 3331 3892 πάντα
3394 3839 3615 3909 θεμένη,
3683 3838 3801 3899 ένὸς

2164 3918 2278 3990 εἷθμι
2338 3920 2528 3991 μόνου,
2573 3926 2670 3975 τοῦ
2736 3928 2964 3977 συνεῖναι
3016 3928 3247 3997 Χρςστῷ
3303 3929 3420 3984 ταῖς
3487 3920 3800 3997 προλαὸού-

2163 4026 2277 4066 σαις
2337 4006 2448 4081 ἁμα
2503 4010 2738 4082 γυναιξὶν
2795 4011 2971 4085 ἁγίαις
3036 4011 3126 4065 xui
3193 4014 3472 4083 μάρτυσιν.
3521 4013 3666 4087 Ἐγὼ
3743 4012 3801 4067 δὲ

2163 4093 2290 4165 ὑμῖν
2342 4092 2449 4163 ἤδη
2501 4093 2743 4171 δεύτερον
2794 4096 3157 4174 ἐμφανίζομαι
3199 4096 3249 4152 ἓν
3290 4119 3348 4152 τε
3391 4102 3470 4169 τῷ
3498 4102 3596 4151 τοῦ
3626 4118 3795 4172 προσ-

2161 4186 2351 4255 καίρου
2390 4184 2623 4261 νυμφίου
2679 4188 2865 4260 γάμῳ,
2917 4186 3006 4241 xui
3064 4191 3152 4240 νῦν
3204 4187 3257 4241 ἐν
3322 4191 3399 4258 τῷ
3442 4191 3537 4241 τοῦ
3594 4186 3795 4264 ἀφθάρ-

2157 4282 2254 4325 του
2311 4273 2399 4327 xui
2457 4274 2738 4344 ἀθανάτου,
2797 4277 2932 4351 πρὸς
2982 4276 3038 4330 ὃε
3094 4274 3405 4350 ἐπείγομαι,
3454 4275 3544 4329 καὶ
3594 4275 3638 4345 ᾧ
3688 4276 3790 4343 τὴν

2160 4361 2507 4437 σωφροσύνην
2592 4362 2820 4418 ἄσπιλον
2898 4362 3218 4439 διετήρησα,
3282 4365 3617 4439 μαρτυρήσει
3693 4384 3791 4435 μοι

2156 4449 2244 4502 xui
2286 4448 2466 4519 αὐτὸς,
2495 4452 2540 4523 ᾧ
2587 4451 2674 4506 xui
2714 4454 2807 4512 τὰς
2859 4452 3152 4526 θυγατέρας
3202 4454 3578 4528 νυμφευθῆναι
3627 4472 3792 4505 σπουο

407 4521 462 4570 et
493 4519 587 4572 cui
639 4518 1073 4575 immaculatam
1115 4525 1449 4578 conservavi
1490 4531 1926 4601 continentiam,
1960 4551 2046 4588 me

2168 4535 2323 4607 Ξάζω,
2358 4539 2486 4612 ὑγιῆ
2536 4540 2623 4592 καὶ
2675 4539 2846 4593 αὐτῶν
2900 4542 2975 4602 εἰς
3023 4538 3177 4615 δεῦρο
3216 4541 3315 4608 τὴν
3360 4540 3647 4615 παρθενίαν
3690 4562 3792 4615 φυ-

412 4605 638 4661 videtis.
691 4606 869 4662 Filias
901 4626 1129 4681 quoque
1174 4611 1278 4680 ipsi
1328 4615 1529 4670 studeo
1578 4618 1951 4689 despondere,
1990 4629 2048 4678 ut

412 4710 539 4763 qua
574 4711 773 4749 earum
810 4696 1111 4769 hucusque
1160 4699 1442 4771 integram
1494 4704 1567 4759 ad
1599 4706 1703 4762 hoc
1743 4710 2045 4780 virginita-

416 4785 527 4835 tem
573 4783 984 4853 conservarim.
1038 4786 1181 4843 Hinc
1225 4789 1365 4845 mihi
1422 4791 1629 4862 plenus
1680 4798 1768 4848 est
1814 4798 2046 4853 animus

409 4868 706 4941 voluptate
750 4877 806 4926 et
838 4872 984 4928 bona
1015 4892 1133 4944 spe.
1170 4876 1325 4949 Rogo
1375 4896 1475 4935 vos
1534 4882 1723 4951 igitur,
1783 4891 1846 4939 ut
1902 4888 2045 4943 mihi

406 4957 600 5025 potius
639 4961 1151 5030 congratulemini,
1197 4982 1384 5036 neque
1431 4973 1550 5024 tam
1599 4970 1822 5041 abjecto
1854 4976 2045 5032 animo

405 5045 835 5115 lumentemini,
870 5054 925 5106 et
975 5053 1115 5108 mihi
1149 5058 1545 5114 transmuletis
1596 5060 1804 5115 festum
1840 5063 1897 5117 in
1944 5066 2041 5119 tri-

406 5134 651 5189 stitiam.
703 5137 874 5193 Porro
921 5147 1114 5197 autem
1166 5144 1328 5201 vobis
1368 5164 1596 5219 quoque
1625 5154 2040 5224 consuluerim,

408 5225 471 5273 ut
502 5237 601 5307 vos
644 5224 903 5296 undique
954 5229 1252 5297 muniatis,
1301 5238 1358 5287 et
1401 5252 1670 5307 magnam
1719 5240 2040 5299 adhibentis

404 5306 761 5393 cautionem,
814 5330 905 5383 ne,
947 5317 1108 5371 vobis
1158 5335 1273 5375 non
1306 5306 1758 5393 advertentibus,
1820 5330 2043 5388 auferat

402 5392 514 5445 mei
543 5392 906 5467 thesaurum,
941 5405 1034 5471 qui
1084 5411 1173 5460 est
1229 5409 1470 5466 callidus
1528 5392 1845 5473 suﬂ‘urandi
1896 5422 2038 5475 arti-

396 5480 599 5579 {extet
632 5484 949 5579 maximum
984 5492 1147 5547 vobis
1179 5495 1286 5551 hoc
1316 5498 1592 5557 damnum
1627 5507 1846 5573 afferat,
1880 5511 2033 5579 quod

395 5567 679 5631 partingit
712 5582 893 5641 usque
925 5579 994 5632 ad
1024 5578 1210 5647 ipsam
1244 5585 1519 5643 animam.
1554 5590 1684 5648 Jam
1716 5567 1848 5649 vero
1880 5567 2037 5665 quaa-

2159 4624 2381 4694 λάξασα.
2413 4627 2679 4681 Ἐντεῦθεν
2719 4625 2921 4696 ἡδονῆς
2954 4627 3057 4703 ἐγὼ
3106 4630 3195 4684 καὶ
3244 4634 3502 4703 χρηστῶν
3554 4625 3794 4683 ἐλπίδων

2156 4715 2253 4781 τήν
2324 4717 2509 4787 ψυχὴν
2568 4713 2819 4785 ἔμπλεως
2853 4717 2987 4789 εἶμι,
3026 4718 3113 4772 καί
3175 4738 3269 4790 μοι
3326 4716 3645 4787 συνήδεσθαι
3701 4718 3789 4771 xui

2160 4802 2300 4873 ὑμᾶς
2356 4802 2509 4870 ἀξιῶ,
2562 4800 2703 4873 μηδέ
2760 4805 2988 4880 ἀγεννῶς
3045 4805 3187 4860 οὕτω
3258 4808 3494 4879 θρηνεῖν,
3540 4806 3631 4861 xui
3688 4809 3789 4873 τὴν

2156 4890 2345 4961 έυρτήν
2397 4889 2522 4961 ἐμοὶ
2561 4892 2696 4964 πρὸς
2756 4895 3048 4971 κατήφειαν
3117 4890 3499 4966 μεταϐάλλειν.
3544 4889 3797 4965 Συμϐου-

2155 4978 2410 5050 λεύσαιμι
2441 4976 2486 5032 δ’
2528 4980 2586 5033 ἂν
2633 4982 2720 5035 xui
2780 4983 2904 5055 ὑμῖν
2950 4982 3166 5052 πολλὴν
3212 4984 3551 5058 πανταχόθεν
3595 4982 3799 5037 ἐπιδείο

2152 5077 2370 5129 κνυσθαι
2402 5069 2498 5136 τήν
2532 5068 2850 5145 ἀσφάλειαν,
2888 5074 2963 5143 μή
3006 5092 3109 5127 που
3160 5070 3300 5146 λάθῃ
3332 5075 3421 5126 καί
3449 5091 3596 5131 τινος
3630 5072 3793 5143 ὑμῶν

2149 5154 2239 5207 τὸν
2283 5161 2383 5224 τῆς
2431 5156 2663 5219 πίστεως
2712 5160 2979 5233 θησαυρὸν
3020 5162 3047 5214 ὁ
3097 5160 3265 5222 ὸεινὸς
3320 5156 3652 5234 ὑποϐλέψαι,
3691 5161 3794 5213 καὶ

2147 5242 2245 5309 τὴν
2301 5244 2560 5318 μεγίστην
2608 5245 2810 5315 ταύτην
2861 5248 3060 5318 ζημίαν
3099 5248 3189 5303 καὶ
3244 5249 3319 5310 εἷς
3350 5250 3521 5317 αὐτὴν
3550 5247 3794 5317 ἤκουσαν

2148 5332 2247 5399 τὴν
2292 5334 2475 5407 ψυχὴν
2537 5339 2832 5405 ζημιῶσαι.
2878 5336 2975 5389 Καὶ
3022 5335 3140 5391 ὅσαι
3193 5334 3249 5392 δὲ
3293 5341 3402 5392 τῶν
3443 5334 3786 5405 Ἑλληνίδων

2147 5426 2410 5493 γυναικῶν
2462 5421 2688 5477 ἐνταῦθα
2750 5424 2839 5476 xui
2885 5419 3183 5495 Ἑϐραΐδων
3235 5423 3465 5499 (πολλαὶ
3528 5424 3655 5499 γὰρ,
3708 5427 3793 5491 ὡς

2147 5508 2279 5581 ὁρῶ.
2336 5508 2424 5563 ἐπὶ
2489 5515 2557 5583 τῇ
2625 5513 2717 5581 θέᾳ
2782 5508 3010 5585 πάρεστε
3072 5513 3254 5587 ταύεῃ)
3307 5511 3635 5585 ἀποθέμεναι
3691 5516 3788 5569 xui

2147 5598 2327 5670 ὑμεῖς,
2360 5602 2413 5655 ui
2469 5602 2562 5673 μὲν
2602 5603 2727 5665 τοὺς
2777 5603 3016 5677 μακροὺς
3071 5608 3269 5678 μύθους
3316 5606 3404 5659 καὶ
3456 5603 3659 5679 λήρους
3691 5607 3789 5661 xui
