4128 6274
301 313 455 372 1265

1520 315 1986 381 MARTYRIUM
2034 319 2095 380 S.
2142 323 2506 384 ARETH/E.

3531 331 3690 392 1266

291 473 420 535 τοὺς
468 473 708 545 ὀνόματα
758 471 918 546 μόνον
961 469 1116 535 ὄντας
1167 475 1341 538 θεοός’
1401 477 1458 530 αἱ
1515 473 1571 531 δὲ
1617 479 1716 548 τὴν
1765 480 1933 548 σκιὰν,

2048 500 2276 554 cunque
2334 485 2427 541 hic
2485 487 2626 543 estis
2683 488 2954 545 mulieres
3010 492 3280 562 gentiles,
3331 497 3386 549 et
3435 495 3683 553 Hebraeos

291 562 390 635 ὀψὲ
436 565 567 637 γοῦν
599 563 734 617 ποτὶ
793 563 880 617 καὶ
935 561 1138 624 τύπους
1183 563 1274 618 καὶ
1325 565 1392 618 τὰ
1440 564 1730 641 αἰνίγματα
1788 589 1944 639 μετα-

303 651 497 722 μάθετε
523 651 626 718 τήν
657 648 916 721 ἀλήθειαν
966 652 1054 704 καὶ
1102 655 1180 722 τῷ
1227 651 1386 726 Λόγω
1425 653 1516 706 καὶ
1559 659 1675 726 Θεῷ
1715 659 1794 726 τῷ
1840 663 1940 725 τῆς

291 736 531 813 Τριάδος
562 737 641 793 ἐνὶ
700 738 1118 813 προσελθοῦσαι,
1177 740 1486 816 φωτίσθητε
1543 739 1634 796 διὰ
1689 749 1790 812 τῆς
1849 743 1943 798 αύ-

291 831 391 881 τοῦ
423 825 673 902 λατρείας
722 827 811 882 καί
865 830 964 897 τῆς
1024 832 1122 884 τοῦ
1178 828 1322 884 θείου
1385 830 1756 904 βαπτίσματος
1816 833 1940 887 ἀνα-

291 918 625 990 γεννήσεως,
674 915 762 971 καὶ
807 919 883 990 μή
931 915 1074 973 οὕτω
1127 923 1249 980 ταῖς
1310 915 1579 983 ἀσεϐείαις
1630 922 1785 994 ὑμῶν
1830 944 1945 977 συν-

289 1003 594 1075 απόλησθε.

280 1097 502 1153 cultum
542 1097 955 1155 illuminemini
999 1103 1056 1155 et
1106 1099 1288 1156 divini
1333 1100 1702 1172 baptismatis
1734 1105 2253 1176 regenerationem,
2291 1122 2478 1178 neque
2519 1107 2603 1162 sic
2633 1107 2807 1162 simul
2838 1110 3085 1178 pereatis
3144 1110 3203 1165 in
3234 1113 3442 1169 vestris
3473 1113 3652 1186 impie

283 1186 528 1243 tatibus.

356 1276 454 1331 lE’.
508 1278 686 1330 Ταῦτα
739 1281 840 1344 τῆς
901 1276 1176 1352 μάρτυρος
1224 1280 1314 1333 καὶ
1374 1276 1519 1334 ἄλλα
1575 1279 1754 1336 πλείω
1810 1287 1929 1344 ταῖς

285 1362 670 1426 συνελθούσαις
739 1365 944 1437 γυναιξὶ
1013 1363 1427 1440 διαλεγομένης,
1493 1371 1635 1431 τινὲς
1694 1375 1804 1425 τῶν
1869 1372 1935 1425 τὰ

290 1451 558 1526 βασιλέως
597 1453 942 1531 φρονούντων
1000 1453 1191 1528 ἐκείνῳ
1245 1457 1752 1534 προσαγγειλάντων
1795 1461 1935 1514 αὐτὰ

284 1541 377 1596 καὶ
406 1541 492 1598 ὅτι
551 1539 860 1620 διαστρέφοι
890 1543 953 1597 τὸ
999 1543 1238 1613 πλῆθος.
1278 1545 1339 1602 Ὀ
1391 1545 1644 1621 βασιλεὺς
1693 1549 1783 1602 καὶ
1831 1549 1932 1603 αὗ-

2052 573 2274 642 (multaa
2298 573 2478 642 enim,
2510 579 2573 630 ut
2595 575 2778 644 video,
2804 577 2894 633 hic
2911 579 3124 634 adestis
3148 581 3217 634 ad
3243 583 3693 656 spectaculum),

2051 677 2151 716 vos
2200 677 2431 733 quoque
2514 663 2813 734 depositis,
2873 667 3120 736 gentiles
3187 668 3442 739 quidem,
3500 671 3692 743 longis

2054 750 2262 804 fabulis
2293 756 2350 805 et
2406 751 2597 823 nugis,
2631 756 2685 807 et
2735 753 2869 822 diis,
2904 755 2998 823 qui
3039 760 3179 809 sunt
3237 757 3359 812 solo
3408 760 3685 816 nomine:

2051 838 2304 893 Hebraeae
2332 843 2554 906 autem,
2588 840 2792 895 umbra
2845 843 3077 897 tandem
3111 849 3168 898 et
3227 843 3430 915 figuris
3461 850 3519 900 et
3547 848 3684 902 aeni-

2051 927 2367 998 gmatibus,
2401 928 2606 984 discite
2636 931 2959 998 veritatem,
2991 935 3048 987 et
3079 934 3413 989 accedentes
3449 935 3523 991 ad
3556 937 3688 992 Ver-

2052 1015 2192 1070 bum
2224 1021 2282 1071 et
2319 1018 2520 1088 Deum,
2550 1018 2646 1088 qui
2695 1024 2780 1075 est
2818 1035 2970 1075 unus
3026 1017 3342 1090 Trinitatis,
3402 1039 3504 1094 per
3559 1027 3686 1094 ejus

2114 1285 2236 1340 XV.
2270 1286 2413 1342 Cum
2447 1293 2664 1358 martyr
2697 1286 2818 1342 haec
2848 1292 2906 1342 et
2934 1288 3047 1344 alia
3079 1289 3248 1360 plura
3301 1291 3519 1348 diceret
3550 1309 3682 1348 mu-

2045 1372 2305 1440 lieribus,
2338 1375 2574 1444 quidam
2622 1391 2690 1430 ex
2721 1375 2810 1441 iis,
2842 1377 2938 1446 qui
2981 1393 3111 1432 cum
3166 1395 3298 1450 rege
3329 1380 3681 1451 sentiebant,

2041 1461 2125 1517 illi
2160 1465 2276 1517 haec
2307 1464 2738 1532 renuntiarunt,
2771 1468 2829 1519 et
2857 1465 3009 1535 quod
3046 1472 3393 1535 perverteret
3420 1468 3682 1523 multitu-

2044 1551 2261 1604 dinem.
2296 1550 2413 1606 Rex
2448 1551 2660 1622 itaque,
2698 1567 2764 1607 ea
2808 1569 3008 1608 rursus
3041 1555 3344 1624 accersita,
3387 1557 3679 1613 simulans

286 1632 368 1692 θις
429 1629 775 1703 μετάκλητον
833 1631 999 1701 αὐτὴν
1059 1635 1428 1708 ποιησάμενος
1483 1636 1573 1690 καὶ
1621 1638 1713 1691 τὸν
1760 1642 1929 1711 πρᾶον

2045 1640 2554 1696 mansuetudinem
2589 1657 2601 1695 :
2637 1640 2867 1712 Magna,
2925 1640 3133 1712 inquit,
3176 1659 3316 1699 usus
3347 1661 3476 1700 sum
3508 1644 3566 1699 in
3623 1649 3678 1700 te

290 1719 630 1794 ὑποκριθείς.
692 1719 910 1793 Πολλῇ,
964 1723 1152 1800 φησὶν,
1210 1721 1536 1799 ἐχρησάμην
1586 1724 1671 1781 ἐπί
1730 1747 1814 1781 σοι
1861 1732 1930 1802 τῇ

287 1807 659 1883 μακροθυμίᾳ,
735 1811 974 1883 προνοίᾳ
1033 1815 1201 1866 τοῦτο
1269 1810 1642 1890 φιλανθρώπῳ
1694 1815 1784 1869 καὶ
1835 1815 1934 1871 οὐκ

284 1897 500 1975 ἀλόγως
530 1903 726 1968 ποιῶν,
755 1899 927 1970 ὅπως,
958 1899 1004 1954 εἰ
1039 1902 1114 1972 μή
1147 1923 1200 1956 τι
1231 1899 1392 1972 ἄλλο,
1426 1902 1573 1958 ἀλλᾶ
1591 1911 1706 1967 τοῖς
1738 1905 1824 1960 ἐπὶ
1847 1907 1931 1962 σοὶ

279 1988 368 2042 καὶ
408 1993 526 2050 ταῖς
576 1988 871 2062 θυγατράσι
926 1988 1355 2063 καταχεομένοις
1401 1989 1652 2066 δάκρυσιν
1703 1993 1933 2050 ἐπικλα-

281 2078 486 2144 σθεῖσα,
517 2078 799 2146 πεισθείης
829 2079 987 2150 ἡμῖν.
1019 2079 1080 2135 Ἣ
1115 2074 1190 2136 δέ.
1234 2081 1338 2133 Καὶ
1385 2081 1468 2142 τίς
1504 2102 1592 2154 με,
1641 2078 1768 2159 ἔφη,
1812 2105 1933 2138 πει-

276 2167 485 2220 σθεῖσάν
525 2188 630 2236 σοι,
686 2166 934 2242 βασιλεῦ,
991 2173 1088 2223 τοῦ
1136 2170 1306 2244 πυρὸς
1373 2171 1589 2244 ῥύσεται
1637 2177 1734 2227 τοῦ
1779 2170 1934 2228 ἀσϐέ-

282 2275 450 2324 στους
486 2253 677 2316 Οὕτως
716 2252 884 2328 ἔλεξε,
923 2256 1013 2310 καὶ
1046 2255 1122 2318 εἷς
1159 2257 1385 2331 οὐρανὸν
1436 2259 1592 2322 εὐθὺς
1640 2257 1931 2328 ἀπιδοῦσα,

287 2343 377 2409 Μὴ
417 2341 628 2419 γένοιτό
689 2364 804 2416 μοι,
865 2345 1047 2420 φησὶν,
1105 2345 1334 2409 ἂθάνατε
1394 2346 1638 2421 βασιλεῦ,
1691 2350 1934 2424 ἀπαρνή-

292 2442 482 2494 σασθαι
525 2452 582 2485 σε
629 2433 724 2487 τὸν
772 2437 871 2487 τοῦ
919 2438 1052 2488 Θεοῦ
1115 2441 1375 2510 μονογενῆ
1433 2437 1575 2505 Υἰὸν,
1634 2438 1723 2492 καὶ
1781 2435 1928 2514 ἀνδρὶ

292 2527 601 2589 πεισθῆναι,
669 2525 749 2592 τῷ
813 2522 870 2575 σέ
932 2543 991 2577 τε
1057 2525 1395 2593 ἂθετήσαντι,
1464 2526 1553 2580 καὶ
1630 2526 1932 2601 ἐπιορκίαις

287 2612 438 2683 ἡμᾶς
484 2609 841 2681 ἀπατήσαντι.
884 2614 997 2682 Τὴν
1055 2613 1360 2688 παρρησίαν
1412 2613 1587 2671 τοίνυν
1622 2619 1650 2671 ὁ
1679 2613 1932 2691 Ἐϐραῖος

284 2702 388 2765 τῆς
426 2697 670 2772 γενναίας
700 2698 802 2752 οὐκ
828 2696 1082 2773 ἐνεγκὼν,
1125 2699 1270 2756 ἀλλᾶ
1327 2702 1426 2770 τήν
1478 2705 1682 2773 σκηνὴν
1729 2704 1820 2759 καὶ
1869 2705 1931 2760 τὸ

285 2785 514 2858 πλάσμα
555 2786 744 2858 λύσας,
801 2789 891 2842 καὶ
947 2787 1131 2862 ἄγριόν
1181 2810 1234 2843 τι
1284 2791 1491 2863 βλέψας
1542 2794 1633 2846 καὶ
1690 2795 1932 2869 φονικὸν,

286 2873 694 2948 Τολμηροτάτη
751 2874 1042 2950 γύναικῶν,
1100 2870 1225 2951 ἔφη,
1277 2875 1384 2949 ἐγώ
1434 2898 1528 2932 σου
1574 2878 1670 2940 τὰς
1731 2881 1932 2953 σάρκας

289 2961 413 3037 ἄρτι
468 2965 766 3034 καταξανῶ,
823 2965 913 3017 καὶ
971 2961 1376 3036 διαψηλαφήσω
1440 2967 1506 3019 τὰ
1562 2962 1776 3040 ἔγκατα,
1843 2968 1932 3021 καὶ

293 3051 422 3108 εἴτι
452 3048 508 3105 δὲ
534 3051 739 3106 τούτων
800 3052 1126 3129 ὑποΛειφθῇ,
1175 3053 1293 3107 κυσὶ
1343 3055 1640 3128 παραθήσω
1703 3057 1931 3130 τροφήν.

298 3140 396 3195 Καὶ
449 3137 551 3194 ί²3ω
607 3137 689 3201 τίς
741 3141 906 3195 ὁτῶν
965 3141 1110 3214 ἐμῶν
1169 3139 1544 3214 ἐξαιρούμενος
1601 3164 1659 3198 σε
1710 3148 1936 3221 χειρῶν,

296 3227 392 3284 κείν
452 3230 609 3284 εἰ-τὰ
667 3229 904 3302 μάλιστα
961 3229 1255 3306 σύμμαχον
1309 3230 1648 3306 παραστῆναί
1705 3253 1790 3287 σοι
1844 3234 1936 3288 τὸν

303 3321 624 3395 Ναζωραῖον
655 3316 872 3394 ἄμαχον
903 3317 1228 3394 προσδοκᾷς.
1262 3321 1520 3377 Ἐνταῦθα
1570 3322 1645 3395 μὴ
1695 3322 1938 3397 ἀνασχο-

307 3409 438 3481 μένη
472 3412 582 3464 τῶν
622 3412 718 3464 τοῦ
782 3414 982 3484 μιαροῦ
1037 3408 1218 3484 λόγων
1256 3412 1291 3479 ἡ
1337 3412 1528 3486 πρώτη
1575 3415 1682 3465 τῶν
1725 3413 1942 3488 θυγατέ-

301 3519 410 3572 ρων
440 3506 541 3568 τῆς
583 3501 872 3574 μάρτυρος,
908 3497 1207 3555 δωδέκατον
1259 3497 1367 3570 ἤδη
1416 3522 1523 3556 που
1567 3508 1668 3570 τῆς
1716 3501 1937 3571 ἡλικίας

294 3584 500 3663 ἄγουσα
545 3590 771 3666 ’χρόνονὶ
821 3587 1005 3644 σιέλου
1049 3589 1111 3642 τὸ
1166 3589 1341 3662 στόμα
1387 3587 1664 3659 πλήσασα,
1713 3593 1939 3665 κατέχεε

289 3687 388 3749 τῆς
429 3678 607 3753 ὅψεως
633 3683 730 3734 τοῦ
759 3679 1042 3753 τυράννου.
1075 3679 1141 3736 Οἱ
1173 3675 1230 3733 δὲ
1260 3676 1699 3752 περιεστηκότες,
1733 3681 1797 3734 ού
1843 3681 1934 3734 τὸν

293 3770 463 3840 ζῆλον
497 3770 583 3823 ναὶ
621 3768 684 3824 τὰ
736 3767 962 3830 δικαίως
1011 3770 1298 3842 γενόμενον
1353 3770 1743 3842 ἐπαινέσαντες,
1792 3771 1938 3828 ἀλλά

286 3857 378 3910 τὸν
404 3857 591 3929 καιρὸν
631 3853 1038 3929 θεραπεύοντες,
1088 3854 1254 3926 αὐτήν
1307 3877 1365 3910 τε
1412 3855 1499 3911 καὶ
1547 3859 1646 3926 τὴν
1691 3855 1934 3937 ἀδελφὴν

287 3945 483 4000 αὐτίκα
513 3944 651 4021 ξίφει
692 3941 1134 4020 διαχειρίζονται,
1187 3945 1277 3999 καὶ
1325 3946 1444 4008 ταῖς
1494 3947 1680 4022 χερσὶν
1730 3947 1790 4003 ἐκ
1837 3952 1935 4004 τοῦ

287 4033 679 4108 καταρρέοντος
771 4031 1000 4107 α’ίματος
1067 4035 1120 4089 oi
1187 4032 1477 4110 θηριώδεις
1564 4032 1933 4100 ὑπολαϐόντες

289 4123 654 4200 προσφέρουσι
722 4126 788 4196 τῇ
861 4123 1050 4198 μητρί·
1116 4128 1278 4179 τοῦτο
1343 4126 1642 4199 προσταγὲν
1724 4125 1784 4179 ἐκ
1839 4130 1935 4181 τοῦ

295 4209 564 4289 βασιλέως
588 4256 602 4270 .
633 4213 696 4270 Ἥ
730 4209 786 4268 δὲ
816 4211 880 4283 (ὢ
912 4217 1097 4289 ψυχῆς
1144 4212 1403 4289 γενναίας)
1439 4217 1450 4270 1
1477 4211 1652 4281 ἡδέως
1699 4233 1758 4267 τε
1786 4212 1934 4266 ἀπο-

288 4300 520 4377 γεύεται,
579 4303 671 4356 καὶ
726 4302 862 4374 πρὸς
913 4301 1137 4375 οὐρανὸν
1185 4301 1502 4375 άνασχοῦσα
1563 4299 1690 4362 τοὺς
1737 4300 1936 4380 ὀφθαλ-

2043 1728 2340 1800 patientia,
2367 1729 2472 1784 hoc
2493 1728 2760 1784 consulto
2792 1734 2848 1785 et
2877 1746 2993 1786 non
3016 1732 3439 1788 inconsiderate
3462 1733 3678 1788 faciens

2041 1821 2272 1889 propter
2292 1817 2733 1887 benignitatem,
2758 1821 2820 1872 ut
2851 1819 3028 1874 fracta
3061 1819 3354 1890 lacrymis,
3388 1838 3514 1892 quas
3547 1837 3677 1892 pro-

2041 1912 2169 1978 pter
2198 1909 2252 1960 te
2276 1906 2624 1974 funduntur,
2656 1911 2714 1961 et
2745 1911 2978 1978 propter
3019 1907 3187 1976 tilias,
3221 1909 3388 1964 nobis
3448 1925 3672 1978 pareas.

2041 1995 2144 2050 Illa
2175 2000 2366 2050 autem
2402 2011 2415 2048 :
2449 1993 2594 2060 Quis
2627 2011 2738 2060 me,
2768 1996 2978 2066 inquit,
3021 2013 3053 2052 ο
3088 2013 3207 2064 rex,
3242 1998 3291 2052 si
3332 1997 3436 2051 tibi
3468 2013 3673 2067 parue-

2040 2085 2174 2152 rim,
2206 2083 2468 2138 liberarit
2499 2084 2571 2138 ab
2629 2082 2781 2155 igne,
2813 2084 2908 2154 qui
2943 2100 3059 2140 non
3092 2089 3279 2153 potest
3335 2084 3677 2156 exstingui?

2040 2172 2133 2228 Sic
2163 2172 2329 2236 dixit,
2362 2176 2419 2227 et
2445 2171 2652 2226 coelum
2695 2171 2894 2227 statim
2939 2172 3176 2228 intuens
3209 2173 3433 2240 :Absit,
3465 2173 3674 2242 inquit,

2040 2278 2072 2316 ο
2105 2265 2218 2316 Rex
2251 2260 2623 2329 immortalis,
2652 2264 2718 2314 ut
2747 2264 2804 2315 te
2839 2275 3064 2330 negem,
3097 2261 3192 2329 qui
3224 2266 3313 2316 est
3351 2261 3510 2316 solus
3541 2260 3677 2315 uni-

2041 2350 2275 2421 genitus
2325 2349 2424 2404 Dei
2447 2347 2650 2417 Filius,
2699 2353 2756 2404 et
2787 2350 3017 2406 credam
3047 2349 3190 2414 viro,
3224 2349 3325 2420 qui
3370 2356 3423 2404 te
3469 2349 3677 2404 habuit

2041 2437 2424 2508 contemptui,
2479 2442 2537 2493 et
2582 2453 2688 2493 nos
2711 2437 2936 2508 decepit
2989 2437 3262 2508 perjurio.
3297 2438 3420 2492 Non
3484 2438 3675 2493 ferens

2039 2527 2233 2596 itaque
2265 2525 2538 2581 Hebraeus
2575 2525 2900 2582 libertatem
2954 2525 3219 2595 loquendi
3265 2541 3552 2597 generosa:
3601 2526 3678 2581 fe-

2041 2617 2229 2681 mina,
2265 2615 2362 2668 sed
2392 2614 2656 2686 deposita
2685 2629 2878 2680 scena,
2911 2617 2968 2669 et
2997 2613 3189 2669 ablata
3219 2613 3466 2682 ﬁctione,
3493 2619 3676 2668 torve-

2041 2719 2152 2775 que
2173 2719 2302 2758 eam
2333 2706 2391 2756 et
2429 2702 2644 2758 furiose
2672 2703 2904 2758 intuens
2931 2721 2948 2756 :
2993 2701 3420 2770 Audacissima,
3461 2701 3670 2772 inquit,

2040 2793 2273 2858 mulier,
2307 2807 2412 2861 ego
2441 2792 2547 2847 tibi
2593 2793 2717 2860 jam
2757 2807 2958 2848 carnes
3014 2791 3338 2862 discerpam
3371 2808 3438 2846 ac
3467 2791 3674 2847 dilace-

2042 2879 2200 2945 rabo,
2249 2887 2305 2932 et
2331 2879 2603 2934 intestina
2651 2879 3014 2935 contrectabo
3047 2896 3060 2933 :
3093 2882 3152 2934 et
3203 2877 3253 2933 si
3307 2879 3444 2950 quid
3487 2894 3554 2934 ex
3601 2879 3674 2934 iis

2045 2965 2217 3021 fuerit
2237 2965 2548 3037 reliquum,
2575 2967 2631 3021 id
2666 2983 2954 3038 apponam
2984 2968 3373 3023 devorandum
3407 2967 3672 3022 canibus.

2045 3015 2548 3037 __-_______1___,
2577 3015 2631 3021 __
2667 3015 2954 3038 _,,-___
2987 3015 3373 3023 _---._____-
3410 3015 3672 3022 --η-η-

1963 3015 2014 3081 C
2043 3053 2260 3109 Videbo
2292 3061 2506 3118 autem,
2538 3055 2806 3124 quisnam
2839 3059 2895 3109 te
2925 3055 2999 3109 sit
3027 3071 3058 3110 e
3087 3056 3228 3110 meis
3259 3055 3531 3110 manibus
3553 3071 3676 3110 ere-

2048 3149 2272 3215 pturus,
2303 3143 2535 3200 etiamsi
2568 3147 2819 3199 maxime
2847 3153 3109 3216 expectas
3156 3145 3275 3200 fore
3331 3148 3393 3199 ut
3422 3145 3516 3198 det
3571 3145 3677 3199 tibi

2046 3231 2325 3288 auxilium
2344 3232 2709 3288 Nazarmnus.
2732 3236 2892 3288 Tunc
2911 3232 3241 3288 exsecrandi
3259 3233 3484 3301 tyranni
3505 3233 3680 3287 verba

2047 3338 2162 3377 non
2193 3322 2384 3376 ferens
2415 3320 2602 3392 prima
2651 3320 2902 3375 filiarum
2963 3321 3255 3392 martyris,
3315 3337 3530 3374 annum
3553 3322 3676 3390 jam

2044 3426 2225 3483 agens
2246 3409 2679 3476 duodecimum,
2696 3409 2922 3482 tyranni
2944 3409 3141 3465 oculos
3164 3409 3550 3481 conspulavit.
3574 3408 3679 3472 Qui

2045 3507 2240 3558 autem
2283 3498 2809 3566 circumsistebant,
2867 3515 2982 3555 non
3040 3497 3244 3565 zelum,
3276 3503 3332 3554 et
3384 3498 3466 3564 id,
3525 3499 3676 3568 quod

2036 3596 2173 3665 jure
2203 3593 2394 3648 fuerat
2450 3593 2690 3661 factum,
2757 3591 3081 3659 laudantes,
3131 3591 3230 3646 sed
3262 3590 3503 3660 tempori
3555 3605 3676 3644 ser-

2043 3685 2284 3749 vientes,
2319 3683 2500 3754 ipsam
2555 3684 2612 3736 et
2640 3696 2894 3736 sororem
2938 3695 3078 3735 ense
3125 3695 3256 3734 mox
3311 3677 3668 3734 coniiciunt:

2042 3776 2100 3828 et
2129 3787 2262 3826 cum
2294 3787 2363 3826 ex
2383 3769 2672 3826 deﬂuente
2703 3767 2989 3838 sanguine
3036 3767 3310 3823 manibus
3367 3765 3537 3838 plane
3569 3765 3671 3820 feri

2042 3861 2310 3916 homines
2332 3858 2712 3929 accepissent,
2734 3873 2865 3912 eum
2890 3855 3056 3912 matri
3081 3855 3351 3910 offerunt.
3375 3853 3492 3909 Rex
3520 3855 3676 3908 enim

2042 3953 2119 4004 ita
2143 3950 2419 4020 jusserat.
2468 3947 2576 4002 Illa
2605 3962 2736 4002 vero
2767 3948 2824 4014 (ο
2857 3945 3061 4001 fortem
3091 3947 3149 3998 et
3176 3958 3524 4014 generosum
3557 3941 3676 3996 ani-

2043 4037 2240 4094 mum!
2276 4037 2369 4108 )et
2398 4035 2643 4091 libenter
2673 4049 2806 4088 eum
2837 4039 3052 4102 gustat,
3082 4035 3161 4100 et,
3193 4046 3326 4086 cum
3355 4031 3425 4085 ad
3461 4028 3672 4084 caelum

2042 4126 2378 4183 sustulisset
2427 4125 2626 4178 oculos
2661 4138 2674 4177 :
2709 4121 2865 4189 Tibi,
2897 4119 3106 4191 inquit,
3149 4119 3391 4174 Domine
3431 4118 3676 4174 Christe.

2044 4216 2150 4270 hoc
2180 4229 2376 4268 meum
2399 4212 2574 4267 oll‘ero
2606 4209 2976 4276 sacrificium,
2998 4212 3053 4264 et
3087 4207 3190 4263 tibi
3226 4211 3506 4276 martyres
3527 4207 3681 4263 exhi-

2041 4303 2146 4358 beo
2165 4305 2358 4357 castas
2378 4299 2651 4371 virgines,
2675 4314 2801 4369 quas
2823 4313 3070 4368 egressas
3093 4301 3230 4350 sunt
3253 4311 3321 4350 ex
3338 4300 3500 4352 utero
3521 4312 3642 4352 meo
3663 4314 3675 4351 :

291 4389 448 4464 μοὺς.
483 4391 580 4445 Σοὶ
628 4393 734 4459 τήν
781 4391 919 4462 ἐμὴν
965 4388 1192 4460 ταύτην,
1239 4383 1361 4463 ἔφη,
1416 4389 1658 4444 Δέσποτα
1705 4390 1932 4466 Χριστὲ,

2045 4406 2176 4448 cum
2191 4390 2408 4461 quibus
2429 4404 2522 4444 me
2552 4402 2786 4458 quoque
2815 4392 3289 4442 connumeratam
3319 4384 3590 4440 introduc
3620 4386 3680 4440 in

287 4478 577 4557 προσφέρω
620 4478 800 4543 θυσίαν
869 4477 958 4532 καὶ
1015 4479 1290 4554 μάρτυρας
1343 4483 1587 4552 παριστῶ
1645 4499 1729 4534 σοι
1786 4500 1928 4554 παρ-

290 4569 475 4634 θένους
508 4568 696 4643 ἁγνάς,
723 4567 817 4629 τὰς
868 4565 928 4621 ἐκ
975 4573 1079 4636 τῆς
1130 4565 1329 4644 ὀσφύος
1379 4565 1445 4636 δὴ
1494 4573 1594 4636 τῆς
1632 4565 1793 4641 ἐμῆς⁶
1842 4569 1932 4632 αἶς

2039 4486 2207 4537 tuum
2233 4477 2586 4546 thalamum,
2609 4481 2686 4546 et,
2711 4480 2775 4531 ut
2795 4473 2932 4530 dicit
2957 4472 3188 4529 divinus
3217 4471 3415 4541 David,
3440 4475 3680 4529 ostende

2040 4573 2286 4627 matrem
2319 4570 2553 4638 propter
2584 4564 2732 4620 ﬁlios
2762 4564 3078 4620 laetantem.

286 4661 427 4734 κᾶμέ
467 4661 888 4733 συναριθμήσας,
945 4655 996 4712 έν
1063 4662 1143 4731 τῷ
1199 4663 1450 4736 νυμφῶνι
1505 4659 1585 4732 τῷ
1645 4657 2150 4737 σῷσυνεισάγαγεο
2208 4658 2298 4713 καὶ
2355 4659 2417 4712 τὸ
2481 4660 2579 4712 τοῦ
2635 4652 2779 4710 θέίου
2837 4650 3024 4725 Δαυίδ,
3083 4650 3299 4728 μητέρα
3355 4648 3528 4721 δεῖξον
3592 4649 3680 4706 ἐπὶ

286 4749 492 4810 τέκνοις
525 4749 973 4827 εὑφραινομένην.

363 4841 454 4903 ἶς’.
503 4840 599 4894 Καὶ
643 4840 669 4894 ὁ
727 4838 1003 4914 βασιλεὺς,
1062 4839 1346 4915 βαρυτάτῳ
1401 4839 1604 4916 κέντρῳ
1657 4847 1757 4910 τῆς
1803 4840 1936 4896 ἀθυ-

297 4929 422 5004 μίας
453 4929 710 5005 πληγεῖς,
743 4932 835 4985 ἅτε
864 4929 1034 4992 πάσας
1065 4929 1334 5004 ἀπογνοὺς
1363 4930 1457 4993 τὰς
1507 4929 1755 5000 ἐλπίδας,
1796 4931 1929 4986 ἀπο-

293 5019 532 5098 φαίνετάι
557 5021 674 5074 κατ’
719 5019 909 5089 αὐτῆς,
956 5015 1138 5073 τοιάδε
1185 5019 1316 5092 πρὸς
1369 5019 1495 5080 τοὺς
1543 5020 1798 5079 συνόντας
1857 5021 1934 5074 εἷ-

292 5108 428 5163 πών·
481 5109 899 5181 Ἐθαυμάσαμεν
953 5113 1051 5163 τοῦ
1095 5106 1337 5170 κάλλους
1376 5111 1542 5179 αὐτήν
1594 5131 1652 5164 τε
1699 5111 1787 5163 καὶ
1834 5110 1929 5172 τὰς

294 5195 590 5269 θυγατέρας
622 5194 789 5264 αὐτῆς
815 5195 1172 5268 (ὁμολογήσω
1213 5196 1314 5270 γάρ
1363 5197 1406 5251 τ’
1447 5196 1692 5272 ἀληθές)’
1732 5196 1929 5269 πολλῷ

293 5279 348 5337 δὲ
379 5287 476 5337 τοῦ
506 5281 788 5361 σώφρονος
819 5281 996 5336 αὑτῶν
1035 5281 1200 5336 πλέον
1247 5283 1489 5355 ἣττημαι
1534 5284 1622 5338 καὶ
1671 5283 1923 5357 κοσμίου.

289 5370 387 5424 Καὶ
429 5367 518 5425 διὰ
567 5375 726 5425 τοῦτο
768 5370 1063 5443 θαυμάζειν
1112 5391 1207 5443 μοι
1262 5367 1486 5440 ἔπεισιν,
1539 5371 1615 5433 εἲς
1665 5369 1787 5427 ὅσον
1826 5371 1928 5447 ἂρα

291 5457 486 5534 μανίας
545 5461 596 5515 οἱ
652 5459 968 5535 Χριστιανοὶ
1050 5461 1453 5535 κεχωρήκασιν,
1527 5461 1600 5522 ὡς
1655 5461 1926 5538 ἀνθρώπῳ

282 5547 572 5625 προσέχειν
600 5550 863 5623 βιοθανεῖ,
896 5547 986 5602 καὶ
1025 5549 1123 5616 τήν
1175 5546 1375 5604 οἷκείαν
1423 5549 1725 5626 ἐπιτρέπειν
1776 5555 1923 5624 αυτῷ

283 5639 581 5711 σωτηρίαν,
640 5636 828 5709 πλάνῳ
886 5635 976 5691 καὶ
1031 5637 1190 5714 γόητι
1244 5638 1538 5714 γενομένῳ,
1595 5641 1684 5695 καὶ
1745 5642 1918 5715 μάτην

285 5726 472 5783 ἰαυτὸν
511 5726 783 5782 ἆνειπόντι
812 5727 941 5782 Θεόν
953 5770 966 5784 .

2115 4840 2258 4899 XVI.
2320 4839 2439 4896 Rex
2476 4842 2671 4895 autem
2725 4834 3073 4907 gravissimo
3111 4830 3472 4906 aegritudinis
3500 4829 3680 4887 animi

2042 4929 2280 4986 stimulo
2300 4928 2618 4992 sauciatus,
2652 4931 2714 4980 ut
2742 4923 2841 4995 qui
2875 4937 3105 4978 omnem
3139 4936 3299 4992 spem
3322 4918 3493 4990 plane
3522 4917 3678 4989 abje-

2041 5018 2232 5086 cisset,
2257 5018 2318 5073 in
2345 5033 2470 5074 eam
2498 5017 2605 5071 fert
2625 5011 2998 5077 sententiam,
3022 5025 3156 5065 cum
3179 5010 3300 5065 haec
3321 5007 3559 5064 dixisset
3580 5008 3670 5070 iis,

2040 5109 2141 5180 qui
2172 5106 2350 5164 simul
2380 5109 2546 5164 erant
2577 5120 2591 5159 :
2648 5103 2790 5174 Ejus
2822 5100 3057 5172 quidem
3102 5102 3157 5154 et
3187 5097 3436 5153 ﬁliarum
3481 5097 3673 5152 mirati

2039 5213 2246 5254 sumus
2264 5193 2756 5268 pulchritudinem
2783 5190 3005 5261 (verum
3028 5187 3180 5243 enim
3207 5186 3468 5258 fatebor),
3493 5185 3672 5242 multo

2039 5291 2233 5343 autem
2267 5283 2452 5354 magis
2481 5283 2671 5337 victus
2703 5295 2834 5336 sum
2877 5279 2948 5334 ab
2980 5291 3176 5332 earum
3211 5275 3593 5345 temperantia
3614 5280 3670 5331 et

2037 5374 2452 5431 moderatione.
2479 5371 2551 5426 Et
2592 5369 2719 5425 ideo
2753 5367 2897 5422 mihi
2927 5365 3085 5420 venit
3114 5365 3171 5418 in
3195 5367 3448 5419 mentem
3479 5364 3670 5418 admi-

2035 5463 2173 5528 rari,
2187 5463 2257 5518 ad
2272 5464 2549 5532 quantam
2567 5457 2882 5516 amentiam
2899 5457 3305 5529 processerunt
3325 5453 3655 5517 Christiani,

2034 5556 2100 5608 ut
2143 5551 2332 5607 colant
2389 5549 2712 5618 hominem,
2746 5546 2848 5620 qui
2894 5548 3076 5600 morte
3111 5543 3280 5616 periit
3306 5541 3576 5600 violenta.
3612 5545 3665 5592 et

2032 5659 2199 5700 suam
2231 5642 2282 5698 ei
2317 5641 2654 5714 permittant
2675 5638 2944 5705 salutem,
2963 5636 3064 5708 qui
3085 5634 3195 5691 fuit
3215 5634 3421 5704 planus
3442 5636 3496 5686 et
3522 5645 3659 5701 prae-

2030 5731 2312 5804 stigiator,
2341 5735 2399 5788 et
2427 5745 2489 5788 se
2528 5733 2710 5786 Deum
2731 5732 2945 5785 temere
2973 5723 3304 5798 appellavit.
