4128 6274
448 277 601 339 1267

518 438 718 495 XVIII.
769 438 1044 510 Sequenti
1091 441 1288 493 autem
1320 437 1411 493 die
1443 451 1572 492 eum
1606 436 1664 490 in
1695 435 1820 490 loco
1851 432 2081 489 excelso
2110 432 2167 497 A

448 528 827 594 consedisset,
858 528 1074 583 vocavit
1098 526 1368 582 Aretbam
1389 542 1521 581 cum
1553 524 1747 589 sociis,
1766 540 1891 594 quae
1913 528 2079 577 erant

449 632 691 671 numero
722 617 959 670 trecenti
996 620 1054 670 et
1082 617 1481 685 quadraginta.
1515 616 1621 680 Qui
1653 629 1786 669 cum
1819 611 2076 667 adstitis-

449 710 597 767 sent,
632 720 907 774 magnum
943 704 1176 759 intuens
1204 704 1500 771 Aretham,
1524 704 1624 774 qui
1655 707 1778 758 erat
1805 700 2076 766 affabilis,

448 798 504 848 et
534 793 969 863 moderatus,.et
990 795 1246 849 moribus
1268 793 1582 848 maximam
1605 791 1946 849 ostendebat
1974 789 2083 844 vir—

447 885 632 937 tutem
669 896 680 932 :
714 883 829 937 Cur
855 889 1011 936 tanta
1050 899 1131 951 es,
1165 883 1375 953 inquit,
1417 881 1682 945 audacia,
1715 898 1747 935 o
1778 882 1952 952 caput
1980 893 2080 933 ex-

448 971 813 1041 secrandum,
846 974 911 1025 ut
939 972 997 1025 in
1030 976 1290 1026 nostram
1323 971 1556 1040 quidem
1584 970 1852 1041 insurgas
1886 971 2087 1039 poten-

447 1059 613 1125 tiam,
647 1058 750 1113 toti
808 1063 1001 1114 autem
1049 1058 1269 1113 civitati
1301 1063 1357 1113 et
1384 1062 1558 1113 tanta:
1610 1058 1955 1128 persuadeas
1990 1070 2085 1110 re-

448 1148 627 1219 gioni,
663 1151 728 1202 ut
767 1151 822 1203 te
861 1148 1047 1202 solum
1080 1146 1273 1202 colant
1328 1150 1607 1217 tanquam
1664 1154 1997 1217 tyrannum,
2031 1146 2089 1198 et

449 1235 644 1290 verbis
674 1236 790 1290 tuis
850 1239 1091 1291 utantur
1133 1242 1409 1306 tanquam
1443 1235 1671 1305 legibus
1706 1252 1718 1288 :
1754 1240 2085 1290 nostrarum

451 1341 584 1380 vero
613 1324 808 1396 legum
840 1329 895 1380 et
923 1327 1230 1380 verborum
1265 1324 1486 1379 nullam
1529 1325 1749 1379 ducant
1778 1323 2086 1391 rationem,

453 1417 509 1467 et
537 1414 955 1467 exsecrandum
979 1412 1271 1469 hominem
1292 1414 1473 1467 Deum
1502 1412 1812 1483 appellent,
1837 1412 1937 1482 qui
1958 1428 2087 1466 eum

454 1500 565 1555 sibi
599 1501 880 1555 auxilium
932 1503 1079 1557 ferre
1109 1519 1218 1557 non
1279 1502 1549 1573 potuerit,
1582 1517 1682 1555 vos
1739 1516 1872 1556 eum
1929 1500 2092 1555 vobis

453 1588 804 1644 adhibuistis
826 1590 1186 1660 adjutorem:
1212 1594 1398 1645 etnec
1429 1593 1597 1643 tuum
1629 1592 1853 1659 patrem
1884 1604 1945 1644 es
1967 1588 2092 1643 imi-

455 1680 635 1743 tatus,
668 1678 765 1746 qui
801 1683 935 1732 ante
964 1683 1019 1732 te
1049 1679 1355 1748 imperavit
1383 1678 1585 1748 Nagrzn
1613 1694 1625 1731 :
1659 1678 1731 1732 iis
1755 1681 1971 1748 autem,
1994 1676 2093 1747 qui

1784 271 2063 333 MENSIS
2110 267 2490 329 OCTOBEB.

3687 257 3859 317 1268

2264 429 2360 486 1Ζ’.
2392 427 2491 482 Καὶ
2522 428 2591 498 τῇ
2623 423 2745 493 ἐξῆς
2776 423 2863 477 ἐπὶ
2917 423 3193 496 μετεώρου
3242 421 3489 487 καθίσας,
3536 416 3665 479 τοὺς
3714 415 3855 488 περὶ

2186 518 2413 592 Ἀρέθαν
2473 512 2680 583 ἐκάλει,
2738 512 3091 588 τριπκοσίους
3144 510 3235 564 καὶ
3292 508 3695 582 τεσσαράκοντα
3752 506 3856 559 τὸν

2186 607 2416 680 ἀριθμὸν
2474 602 2654 665 ὄντας.
2732 602 2831 656 Καὶ
2886 599 3294 673 παραστάντων,
3350 603 3431 669 τῷ
3494 594 3726 674 μεγάλῳ
3794 593 3855 648 ἐν

2191 694 2319 751 ἰδῶν
2354 693 2565 767 Ἀρέθᾳ,
2614 693 2871 763 εὖσυνέτῳ
2917 712 2973 745 τε
3022 684 3138 743 ὄντι
3186 689 3286 757 τήν
3334 685 3563 757 ἔντευξιν
3612 687 3698 740 καὶ
3754 704 3854 738 x0-

2191 787 2337 858 σμὲῳ
2385 782 2473 837 καί
2528 781 2746 849 πολλὴν
2804 779 2933 850 ὅσην
2990 780 3186 847 ἀρετὴν
3252 781 3333 849 τῷ
3400 777 3521 844 ἤθει
3579 771 3851 848 παραδει-

2190 874 2391 943 κνόντι,
2432 871 2527 935 Εἷς
2572 871 2623 926 τί
2669 874 2951 940 τοσοῦτον,
3010 869 3178 938 εἶπεν,
3230 864 3606 939 ἀπεθρ-κσόνω,
3668 863 3850 937 μιαρὰ

2192 963 2427 1036 κεφαλὴ,
2459 958 2597 1014 ὥστε
2646 964 2743 1013 τοῦ
2799 960 3031 1031 κράτους
3083 959 3179 1028 μέν
3227 960 3323 1010 τοῦ
3379 954 3651 1028 ἡμετέρου
3708 972 3853 1007 κατ-

2195 1053 2513 1123 επαρθῆναι,
2545 1046 2707 1101 πόλιν
2743 1043 2799 1099 δὲ
2831 1047 2966 1114 ὅλην
3012 1044 3102 1099 καὶ
3149 1045 3338 1119 χώραν
3382 1041 3654 1112 τοσαύτην
3704 1038 3849 1094 ἀνά-

2196 1145 2377 1195 πεῖσαι
2413 1137 2561 1210 μόνῳ
2608 1135 2969 1210 προσανέχειν
3022 1135 3107 1189 σοὶ
3148 1136 3222 1195 ὼς
3270 1133 3540 1206 τυράννῳ,
3590 1131 3679 1185 καὶ
3718 1135 3851 1191 τοῖς

2200 1233 2391 1305 λόγοις
2420 1230 2691 1290 τοιοότοις
2724 1230 2797 1290 ὡς
2838 1228 3031 1300 νόμοις
3061 1228 3385 1303 κεχρῆσθαι·
3410 1223 3626 1298 ἀλογεῖν
3661 1221 3717 1276 δὲ
3748 1224 3854 1275 νό-

2205 1343 2320 1393 μων
2375 1317 2654 1393 ἡμετέρων
2700 1318 2789 1373 καὶ
2839 1315 3042 1392 λόγων,
3100 1315 3191 1369 καὶ
3240 1312 3524 1387 ἄνθρωπον
3580 1312 3849 1385 ἐπάρατον

2202 1407 2552 1486 ἐπιφημίζειν
2612 1408 2761 1475 Θεὸν,
2829 1407 2887 1460 ὃν
2934 1405 3025 1459 καὶ
3077 1399 3386 1473 ἀϐοήθητον
3437 1401 3586 1472 ὄντα,
3640 1402 3851 1476 βοήθὸν

2204 1500 2360 1571 ὑμεῖς
2415 1497 2800 1572 ἐπεγράψασθε·
2886 1496 2976 1549 καὶ
3036 1491 3162 1548 οὐδὲ
3244 1493 3335 1546 τὸν
3412 1491 3502 1546 σὸν
3584 1490 3854 1565 ἐμιμήσω

2201 1590 2408 1662 πατέρα
2467 1588 2558 1642 τὸν
2626 1586 2854 1659 ἄρξαντα
2906 1584 3013 1659 πρὸ
3073 1588 3170 1637 σοῦ
3245 1585 3342 1650 τῆς
3409 1580 3621 1655 Νεγρὰν
3696 1579 3856 1642 ὅπως

2205 1679 2369 1754 ἐφάνη
2430 1682 2547 1739 τοῖς
2602 1676 2708 1749 πρὸ
2760 1678 2919 1746 ἡμῶν
2982 1670 3260 1748 βασιλεῦσι
3325 1670 3471 1743 μάλα
3526 1670 3856 1741 πειθήνιος;

459 1780 565 1819 nos
598 1770 1042 1835 praecesserunt,
1084 1766 1319 1836 regibus
1363 1766 1470 1820 fuit
1511 1764 2026 1820 obedientissimus
2069 1765 2096 1817 ?

2206 1765 2360 1823 Ἀλλ’
2418 1765 2571 1837 εἰμὴ
2634 1758 2953 1837 μεταϐαλὼν
3013 1764 3101 1815 καὶ
3158 1759 3452 1836 γενόμενος
3503 1759 3696 1813 ἑαυτοῦ
3743 1760 3853 1826 τήν

460 1854 567 1907 Sed
627 1854 740 1907 nisi
774 1858 1057 1922 mutatus,
1089 1862 1142 1909 et
1174 1855 1246 1909 ad
1304 1859 1359 1909 te
1407 1855 1657 1920 rediens,
1699 1854 1850 1909 hanc
1889 1870 2092 1908 vanam

461 1941 749 2013 repuleris
806 1943 1158 2012 Opinionem,
1192 1960 1307 1998 non
1368 1951 1419 1998 te
1477 1944 1765 2015 profunda
1821 1948 2092 1998 senectus

464 2045 569 2085 nec
591 2030 903 2085 simulatus
935 2031 1028 2086 hic
1061 2031 1293 2086 habitus
1316 2032 1643 2101 juvabunt:
1678 2033 1777 2087 sed
1797 2036 1855 2087 tu
1888 2036 1945 2087 et
1974 2048 2095 2085 om-

465 2136 568 2175 nes
628 2120 711 2175 tui
769 2122 969 2175 eadem
1039 2122 1359 2192 patiemini,
1412 2139 1539 2192 quae
1595 2122 1701 2177 viri
1760 2130 1813 2176 et
1868 2122 2096 2177 feminas

464 2206 628 2277 prius
656 2207 942 2261 interfecti
971 2224 984 2261 :
1018 2223 1165 2278 quos
1188 2212 1472 2279 quantum
1489 2210 1707 2279 juverit
1726 2208 1920 2263 Mariae
1944 2213 2001 2264 et
2024 2210 2101 2263 fa-

462 2294 552 2348 bri
579 2293 758 2361 ﬁlius,
783 2310 986 2349 omnes
1009 2297 1221 2350 sciunt.
1248 2297 1428 2351 Senex
1462 2303 1681 2365 autem,
1702 2303 1865 2353 stans
1886 2296 2101 2368 cogita-

462 2383 722 2451 bundus,
756 2386 812 2438 et
870 2389 1062 2455 aperte
1095 2387 1409 2441 ostendens
1454 2403 1516 2442 se
1546 2402 1696 2457 aegre
1727 2387 1871 2441 ferre
1902 2402 2101 2456 super-

463 2472 619 2527 biam
650 2474 958 2529 verborum
1011 2476 1184 2545 regis,
1218 2492 1339 2531 cum
1374 2492 1436 2531 se
1488 2476 1872 2531 sustinuisset
1901 2479 1957 2530 et
1986 2476 2103 2530 col—

468 2560 708 2631 legisset
752 2562 1043 2632 spiritum,
1076 2569 1133 2618 et
1162 2580 1229 2618 ex
1277 2566 1393 2619 imo
1426 2565 1779 2633 suspirasset
1811 2581 1823 2619 :
1859 2565 1984 2619 Non
2015 2579 2097 2632 es,

463 2651 678 2720 inquit,
707 2668 738 2704 o
770 2667 886 2717 rex,
911 2667 1086 2707 causa
1104 2669 1325 2722 eorum,
1358 2670 1484 2724 qua:
1509 2655 1784 2709 dicuntur
1800 2659 1901 2708 aut
1931 2656 2097 2715 tiunt,

464 2742 563 2795 sed
599 2739 778 2795 nostri
810 2742 981 2796 cives.
1016 2743 1114 2812 qui
1148 2758 1337 2797 meam
1362 2749 1838 2815 contempserunt
1867 2748 2098 2799 senten-

462 2832 628 2897 tiam,
679 2847 805 2901 qua:
836 2832 941 2886 tibi
982 2849 1093 2887 non
1132 2832 1471 2904 pertimebat
1524 2834 1749 2907 ingredi
1780 2834 2096 2900 civitatem,

463 2924 664 2974 contra
712 2928 901 2975 autem
943 2921 1221 2976 adversus
1251 2926 1307 2976 te
1347 2924 1683 2994 depugnare
1714 2921 2014 2991 incitabat,
2044 2927 2102 2979 et

462 3022 597 3061 cum
628 3008 749 3062 tuis
777 3012 895 3061 tam
923 3008 1125 3063 multis
1157 3009 1415 3065 millibus
1448 3026 1658 3065 manus
1689 3026 2012 3078 conserere,
2037 3021 2102 3068 ut

2204 1857 2364 1925 κενὴν
2390 1854 2593 1923 ταύτην
2626 1854 2819 1926 ἀπώσῃ
2851 1849 3032 1920 δόξαν,
3083 1849 3207 1905 οὕτε
3255 1849 3316 1903 τὸ
3371 1847 3505 1922 βαθύ
3548 1868 3605 1901 σε
3649 1853 3851 1920 γῆρας,

2204 1942 2327 2000 οὔτε
2368 1946 2430 1999 τὸ
2481 1940 2953 2016 διαπεπλασμένον
3012 1944 3173 1996 τοῦτο
3223 1943 3320 1993 τοῦ
3369 1939 3657 2012 σχήματος
3702 1936 3853 2013 ὠφε-

2203 2031 2489 2104 λήσουσιν·
2525 2032 2669 2087 ἆλλᾶ
2696 2035 2763 2085 τα
2812 2032 2978 2103 ὅμοια
3029 2029 3091 2084 σύ
3138 2049 3196 2084 τε
3235 2027 3325 2082 xui
3366 2028 3416 2082 οἱ
3466 2025 3586 2099 περί
3633 2027 3688 2081 σὶ
3718 2026 3853 2080 πάν-

2204 2143 2290 2183 τες
2338 2127 2454 2183 τοῖς
2500 2118 2978 2195 προανῃρημένοις
3038 2117 3260 2191 ἀνδράσι
3326 2118 3415 2171 καὶ
3467 2115 3673 2191 γυναιξὶ
3729 2116 3856 2170 πεί-

2206 2213 2374 2266 σεσθε·
2418 2212 2509 2272 οὓς
2556 2209 2654 2264 ὅσα
2699 2212 2726 2264 6
2766 2208 2824 2263 έκ
2874 2214 2974 2278 τῆς
3029 2206 3239 2279 Μαρίας
3286 2206 3377 2261 καὶ
3432 2209 3528 2259 τοῦ
3581 2204 3855 2272 τέκτονος,

2207 2302 2403 2370 ὤνησε,
2455 2300 2647 2360 πάντες
2706 2297 2896 2352 ἴσασιν.
2966 2297 3027 2353 Ὀ
3090 2292 3147 2349 δὲ
3202 2296 3397 2369 γέρων,
3456 2292 3542 2348 ἐπὶ
3606 2292 3853 2352 συννοίας

2207 2391 2394 2457 ἑστὼς,
2436 2391 2522 2443 xui
2577 2386 2747 2457 δῆλος
2796 2384 2868 2439 ὥν
2920 2385 3007 2440 ἐπὶ
3063 2389 3131 2458 τῇ
3205 2383 3539 2459 ὑπερηφανίᾳ
3592 2387 3699 2437 τῶν
3752 2386 3851 2436 τοῦ

2209 2478 2478 2554 βασιλέως
2535 2476 2715 2552 λόγων
2774 2473 3078 2550 περιαλγὴς
3135 2473 3398 2550 γεγονὼς,
3459 2470 3701 2547 ἐπισχὼν
3757 2471 3849 2526 καὶ

2204 2567 2464 2636 συλλέξας
2497 2570 2709 2637 πνεῦμα
2747 2565 2835 2619 καὶ
2874 2564 3058 2638 βάθιον
3110 2562 3440 2637 ἀνοιμώξας,
3488 2562 3606 2618 Οὐκ
3649 2560 3849 2630 αἴτιος,

2202 2653 2327 2731 ἔφη,
2372 2659 2479 2709 τῶν
2540 2651 2895 2725 λαλουμένων
2943 2651 2979 2720 ἢ
3033 2649 3417 2725 πραττομένων
3469 2649 3552 2718 σὺ,
3604 2649 3847 2723 βασιλεῦ,

2204 2743 2333 2799 ἀλλ’
2363 2744 2419 2796 oi
2458 2749 2557 2811 τῆς
2588 2742 2804 2804 πόλεως
2834 2742 2924 2796 καὶ
2956 2742 3241 2816 ἡμέτεροι,
3275 2739 3329 2795 ο⁹ί
3378 2741 3478 2808 τήν
3526 2739 3661 2813 ἐμὴν
3722 2740 3848 2807 ἡθέο

2204 2853 2371 2902 τησαν
2438 2832 2663 2906 γνώμην
2720 2830 2780 2885 οὐ
2838 2832 3278 2904 παραχωροῦσαν
3336 2850 3422 2883 σοι
3476 2835 3575 2898 τῆς
3636 2825 3850 2883 εἰσόδου

2203 2930 2306 2991 τῆς
2362 2919 2601 2982 πόλεως’
2662 2919 2974 2975 τούναντίου
3036 2919 3128 2992 μὲν
3188 2918 3280 2973 οὖν
3332 2919 3419 2973 xui
3480 2918 3856 2994 ἀντιστρατεῦ-

2208 3013 2397 3065 σασθαι
2442 3010 2807 3085 παρορμῶσαν
2854 3009 2941 3063 xui
2997 3003 3295 3081 συμϐαλεῖν
3346 3012 3440 3062 σοῦ
3487 3012 3604 3068 ταῖς
3657 3007 3852 3081 μυριάο

463 3113 597 3153 cum
631 3098 962 3154 Madianitis
994 3100 1129 3154 olim
1176 3100 1405 3156 Gedeon
1440 3117 1570 3155 eum
1603 3102 1823 3172 paucis,
1857 3107 1912 3157 et
1937 3103 2097 3158 Chri-

2210 3123 2311 3169 σιν,
2381 3099 2560 3174 ὥσπερ
2626 3105 2743 3162 τοῖς
2810 3097 3172 3170 Μαδιηναίοις
3238 3097 3364 3159 τοὺς
3448 3099 3569 3169 περὶ
3646 3094 3849 3151 Γεδεὼν

2215 3191 2227 3205 ς
2362 3192 2385 3205 ι.
2459 3192 2470 3205 .
2746 3191 2757 3205 ,
3065 3190 3077 3205 ι
3195 3194 3220 3203 ..
3287 3189 3300 3205 ρ
3362 3190 3376 3205 κ
3499 3192 3525 3203 ..
3616 3191 3643 3203 ..
3743 3189 3793 3205 ,η

464 3192 575 3254 sto,
605 3188 705 3257 qui
737 3205 889 3242 nunc
924 3193 1040 3244 ate
1088 3191 1499 3259 contemnitur,
1541 3194 1691 3247 vires
1750 3193 2002 3249 addente
2041 3200 2097 3250 et

461 3276 865 3343 conﬁrmante,
897 3282 951 3333 te
982 3294 1334 3350 expugnare,
1358 3284 1414 3335 et
1444 3282 1756 3347 demetere,
1788 3284 2096 3337 etomnino

463 3364 671 3433 delere,
704 3365 892 3421 virum
925 3368 1170 3438 impium
1194 3376 1247 3425 et
1279 3370 1668 3439 fcedifragum,
1698 3374 1754 3425 et
1784 3370 2094 3426 immemo-

462 3468 585 3507 rem
619 3458 915 3522 paetorum
940 3461 1379 3526 conventorum,
1409 3458 1621 3529 quibus
1645 3465 1700 3514 te
1731 3459 2019 3515 civitatem
2042 3464 2098 3515 et

461 3560 568 3598 nos
589 3548 951 3599 servaturum
984 3545 1371 3616 pollicebaris.

534 3717 731 3774 XVIII.
763 3720 1007 3782 Quidam
1055 3728 1245 3775 autem
1282 3722 1470 3791 exiis,
1505 3725 1601 3793 qui
1633 3740 1763 3780 eum
1800 3742 1932 3797 rege
1964 3743 2095 3782 con-

463 3808 750 3876 sidebant,
781 3807 976 3862 volens
1026 3809 1324 3880 ingeniose
1370 3814 1549 3866 sancti
1588 3814 1756 3869 verba
1793 3816 2098 3884 reprehen-

467 3897 619 3953 dere.
654 3904 707 3951 et
736 3896 981 3966 tempori
1019 3897 1185 3952 valde
1233 3899 1490 3954 serviens
1524 3917 1538 3955 :
1570 3903 1677 3955 Sed
1713 3919 1851 3971 non,
1882 3903 2093 3976 inquit,

465 3985 547 4039 sic
598 4001 698 4040 vos
756 3984 921 4039 docet
948 3984 1037 4041 lex
1069 3985 1271 4058 Moysi,
1304 3989 1654 4045 contumelia
1679 3990 1910 4047 afﬁcere
1940 3993 2097 4049 chri-

468 4079 621 4128 stum
673 4073 921 4129 Domini.
973 4074 1113 4129 Dicit
1153 4078 1304 4130 enim
1342 4094 1354 4130 :
1389 4100 1417 4127 «
1463 4078 1716 4150 Principi
1765 4082 1963 4152 populi
2015 4084 2097 4139 lui

467 4178 580 4216 non
614 4162 924 4217 maledices
951 4166 1035 4217 ¹.››
1060 4163 1436 4220 Porroautem
1468 4166 1595 4235 ipsa
1626 4184 1854 4240 quoque
1884 4171 2099 4243 scripta

465 4256 656 4305 vestra
680 4252 845 4306 vobis
873 4251 1075 4322 iubent
1107 4270 1298 4324 regem
1322 4257 1625 4325 honorare,
1659 4275 1759 4313 seu
1784 4261 1858 4314 sit
1888 4260 2096 4326 bonus,

466 4357 563 4394 seu
592 4342 816 4395 secus’.
846 4342 948 4395 Cui
974 4348 1243 4398 sanctus:
1265 4344 1348 4398 Tu
1378 4348 1820 4417 autem,inquit,
1856 4349 2101 4405 fortasse

467 4445 577 4482 non
610 4428 844 4496 audisti,
878 4430 1026 4498 quod
1062 4433 1132 4483 ab
1165 4431 1359 4485 Achati
1396 4433 1615 4488 dictum
1656 4442 1742 4489 est
1771 4436 1927 4504 Elite,
1961 4454 2093 4492 cum

2210 3191 2604 3265 ἐναριθμήτους
2655 3191 2939 3263 πρότερον,
2990 3190 3081 3243 καὶ
3126 3194 3223 3243 τοῦ
3281 3189 3385 3243 ὑπὸ
3434 3192 3529 3243 σοῦ
3582 3191 3674 3243 νῦν
3732 3189 3851 3242 ἀθε-

3273 3277 3737 3352 καταγωνίσασθαί
3796 3296 3851 3331 σε

2205 3369 2294 3422 καὶ
2367 3365 2656 3441 ἐκθερίσαι,
2725 3368 2815 3422 καὶ
2868 3368 3157 3444 ἀφανισμῷ
3217 3368 3701 3442 παραπέμψασθαι,
3762 3366 3851 3420 ἄν·

2205 3461 2420 3533 θρωπον
2486 3452 2651 3526 ἀσεϐῆ
2722 3458 2809 3512 καὶ
2880 3454 3285 3533 παράσπονδον,
3379 3456 3468 3511 καὶ
3557 3456 3848 3530 ἀμνήμονα

2206 3278 2476 3351 τουμένου
2534 3280 2772 3352 Χριστοῦ
2828 3278 3196 3351 ἐνισχύοντος,

2208 3549 2408 3624 λόγων,
2443 3550 2527 3610 οἷς
2567 3550 2755 3618 σώζειν
2787 3550 2886 3618 τήν
2937 3547 3098 3603 πόλιν
3152 3548 3241 3603 καὶ
3295 3550 3443 3621 ἡμᾶς
3490 3551 3558 3617 ἧς
3608 3548 3849 3622 ὑποσχό-

2211 3659 2391 3710 μενος.

2278 3731 2385 3785 Hl’.
2443 3729 2545 3784 Καί
2602 3749 2685 3790 τις
2749 3732 2856 3783 τῶν
2922 3725 3343 3802 συνεδρευόντων
3398 3730 3477 3798 τῷ
3528 3725 3746 3800 βασιλεῖ
3798 3725 3848 3796 ἐξ

2206 3817 2489 3893 ἀγχινοίας
2550 3815 2707 3886 δῆθεν
2761 3812 3110 3871 ἐπιλαϐέσθαι
3154 3820 3259 3871 τῶν
3314 3820 3414 3871 τοῦ
3464 3816 3617 3892 άγίου
3674 3815 3849 3888 λόγων

2209 3907 2566 3982 βουλόμενος,
2600 3907 2689 3960 καὶ
2720 3912 2797 3979 τῷ
2829 3912 3000 3979 καιρῷ
3030 3905 3213 3962 πολλά
3262 3907 3641 3983 χαριζόμενος,
3691 3905 3852 3962 Ἀλλ’

2208 3996 2313 4070 οὐχ
2371 3995 2533 4067 οὕτω,
2594 3996 2776 4072 φησὶν,
2836 3996 2975 4068 ὑμᾶς
3009 3994 3271 4058 ὁοῗκεῖος
3330 3993 3632 4050 έκπαιδεόει
3680 3995 3849 4068 νόμος

2209 4079 2497 4157 ἐξυϐρίζειν
2532 4084 2608 4145 εἰς
2656 4084 2746 4137 τὸν
2795 4087 2891 4137 τοῦ
2949 4085 3153 4158 Κυρίου
3217 4084 3464 4157 Χριστόν.
3522 4090 3852 4158 «Ἄρχοντα

2207 4174 2311 4246 γάρ
2340 4178 2435 4226 τοῦ
2469 4171 2604 4227 λαοῦ
2637 4194 2753 4242 σου,
2788 4196 2816 4223 ››
2848 4172 3033 4249 φησὶν,
3068 4196 3095 4224 ‹‹
3130 4173 3233 4228 οὐκ
3262 4171 3400 4247 ἐρεῖς
3438 4178 3632 4230 κακῶς.
3670 4196 3698 4223 ››
3752 4173 3849 4226 Καὶ

2211 4263 2344 4316 αὐτὰ
2388 4259 2443 4315 δὲ
2473 4263 2538 4316 τὰ
2583 4262 2813 4335 ὑμέτερα
2853 4259 3147 4335 γράμματα
3192 4261 3321 4333 ὑμῖν
3372 4260 3709 4336 ἐγκελεόεται
3757 4262 3850 4315 τὸν

2212 4349 2437 4423 βασιλέα
2488 4356 2675 4423 τιμᾷν,
2742 4350 2803 4405 ἄν
2861 4370 2920 4404 τε
2963 4351 3160 4425 ἀγαθὸς
3210 4352 3266 4420 ἦ,
3327 4349 3385 4404 ἄν
3430 4371 3487 4404 τε
3532 4351 3607 4421 μὴ
3659 4347 3850 4412 οὕτως.

2212 4440 2352 4513 Πρὸς
2385 4440 2442 4493 ὃν
2487 4441 2513 4494 6
2565 4441 2736 4515 ιΞίγιος⁹
2790 4442 2863 4493 Σὺ
2918 4437 2973 4493 δὲ
3018 4444 3097 4511 τῷ
3148 4435 3359 4514 Ἀχαᾶϐ
3409 4438 3696 4513 εἰρημένον
3751 4434 3851 4516 ἔφη

468 4516 609 4571 dixit
639 4533 767 4572 eum
806 4525 1054 4572 evertere
1087 4519 1285 4574 Israel.
1316 4519 1421 4573 Cui
1453 4520 1550 4577 ille
1593 4501 1937 4593 respondit:
1971 4530 2094 4582 Non

2211 4530 2345 4604 πρὸς
2386 4527 2579 4585 Ἠλίαν
2636 4530 2737 4583 οὐκ
2785 4528 3021 4597 ἤκουσας
3088 4527 3421 4608 διαστρέφειν
3481 4532 3709 4603 φήσαντι
3762 4529 3853 4582 τὸν

467 4622 570 4675 ego
592 4613 800 4672 everlo,
828 4608 925 4662 sed
948 4610 1028 4675 tu,
1062 4615 1120 4664 et
1149 4610 1359 4666 domus
1381 4613 1561 4683 patris
1583 4614 1667 4669 tui
1690 4615 1711 4648 ⁸
1736 4632 1748 4671 :
1775 4634 1887 4673 non
1914 4637 2100 4692 usque

469 4696 539 4750 ad
574 4694 768 4750 Achab
802 4694 990 4751 solum
1007 4700 1223 4754 sistens
1246 4701 1652 4771 contumeliam,
1675 4707 1776 4761 sed
1809 4724 1906 4765 eos
1929 4712 2099 4765 etiam

470 4784 987 4853 comprehendens,
1020 4786 1118 4856 qui
1152 4793 1317 4843 erant
1346 4789 1404 4844 in
1456 4807 1521 4847 ea
1565 4794 1754 4850 domo.
1804 4798 2102 4863 Quomodo

471 4888 607 4943 ergo
638 4890 699 4927 se
729 4875 1016 4945 quispiam
1051 4877 1107 4931 in
1131 4877 1309 4933 Deum
1344 4880 1436 4951 pie
1458 4899 1684 4954 gerens,
1718 4894 1770 4940 et
1799 4902 1995 4956 gerem
2018 4904 2104 4941 ar-

472 4978 674 5031 guens,
709 4964 860 5033 quod
896 4981 957 5019 se
987 4966 1186 5037 inique
1202 4974 1378 5037 gerat,
1412 4987 1670 5043 unquam
1703 4972 2006 5030 offenderit
2037 4993 2102 5033 ac

468 5050 767 5105 violaverit
796 5052 1004 5123 legem,
1042 5056 1139 5125 qui
1174 5072 1286 5110 non
1318 5064 1404 5114 est
1451 5062 1664 5115 veritus
1697 5077 1759 5115 os
1802 5062 1860 5116 in
1894 5065 2100 5120 caelum

469 5156 701 5209 ponere,
730 5145 783 5195 et
816 5143 1143 5197 Creatorem
1177 5155 1441 5215 appetere
1474 5150 1793 5205 maledictis
1819 5149 1846 5205 ?
1871 5151 2005 5221 Sed,
2040 5158 2103 5209 ut

465 5229 653 5295 video,
688 5232 812 5299 ejus
857 5232 1189 5300 patientiam
1226 5241 1282 5290 et
1315 5237 1673 5293 tolerantiam
1708 5242 2100 5309 contemnitis,

465 5320 524 5369 et
582 5333 688 5372 nos
739 5320 924 5373 facere
984 5321 1202 5377 similia
1247 5326 1588 5393 procuratis.
1619 5328 1700 5381 Tu
1732 5334 1947 5398 autem,
1982 5348 2097 5401 rex,

467 5419 597 5459 cum
640 5406 719 5461 sis
758 5412 962 5461 natura
992 5412 1111 5462 tam
1144 5410 1426 5482 injustus,
1457 5418 1511 5467 et
1543 5416 1693 5470 male
1722 5417 1907 5476 facere
1938 5439 2100 5492 para-

539 5560 552 5591 ¹
588 5559 762 5615 Exod.
795 5575 933 5624 xxii,
966 5560 1058 5611 28.
1092 5561 1112 5593 ³
1143 5564 1335 5619 IPetr.
1371 5583 1430 5635 ιι,
1465 5568 1550 5625 18.
1585 5568 1609 5603 ⁸
1637 5570 1710 5625 ΙΙΙ
1744 5572 1879 5644 Reg.
1912 5591 2074 5631 xvm.
2108 5576 2195 5631 18.

2210 4618 2451 4692 Ἰσραήλ.
2507 4618 2596 4679 Ὠς
2652 4618 2786 4691 πρὸς
2845 4616 3000 4672 αὐτὸν
3060 4618 3259 4680 ἐκεῖνος
3319 4617 3681 4689 ἀντέκρουσεν⁹
3742 4615 3855 4673 Οὐκ

2213 4707 2318 4781 ἐγὼ
2378 4705 2704 4781 διαστρέψω,
2763 4707 3023 4783 φάμενος,
3073 4705 3219 4761 ἀλλὰ
3267 4707 3328 4761 σὺ
3376 4706 3465 4762 καὶ
3500 4709 3526 4762 6
3561 4709 3711 4767 οἶκος
3757 4710 3853 4759 τοῦ

2211 4798 2411 4871 πατρός
2445 4817 2559 4863 σου,
2597 4797 2671 4868 μή
2727 4794 2892 4873 μέχρι
2938 4802 3037 4851 τοῦ
3083 4792 3288 4851 Ἀκαὰϐ
3340 4798 3500 4870 μόνον
3549 4799 3649 4865 τήν
3700 4791 3852 4870 ὕϐριν

2211 4889 2434 4955 στήσας,
2468 4883 2615 4939 ἀλλὰ
2662 4884 2751 4938 xui
2808 4886 2935 4949 τοὺς
2998 4883 3052 4939 ἐν
3108 4890 3187 4958 τῷ
3243 4884 3382 4957 οἷ’κῳ
3438 4885 3639 4956 ταύτην
3698 4906 3857 4958 περι-

2213 4971 2418 5030 λαϐών.
2454 4978 2575 5034 Πῶς
2626 4975 2686 5028 ἄν
2742 4971 2832 5028 οὖν
2891 4996 2974 5037 τις
3039 4977 3105 5029 τά
3162 4996 3223 5051 γε
3280 4975 3354 5038 εἷς
3409 4976 3539 5029 Θεὸν
3597 4970 3853 5043 εὐσεϐῶν,

2210 5065 2299 5118 xui
2370 5060 2596 5138 βασιλέα
2663 5062 2904 5137 ἐλέγχων
2978 5069 3417 5139 παρανομοῦντα,
3475 5066 3855 5138 παρανοπήσοι

2209 5153 2361 5222 πυτὲ,
2396 5152 2487 5206 τὸν
2524 5152 2599 5223 μὴ
2634 5148 2849 5205 δεδιότα
2894 5150 2973 5213 εἷς
3023 5152 3251 5225 οὐρανὸν
3300 5153 3360 5206 τὸ
3409 5152 3583 5224 στόμα
3629 5153 3856 5222 τιθέναι,

2210 5242 2296 5296 xui
2330 5238 2520 5294 λαλεῖν
2570 5237 2920 5316 βλασφημίαν
2970 5240 3105 5294 κατὰ
3150 5245 3246 5295 τοῦ
3298 5242 3628 5310 Κτίσαντος;
3673 5241 3707 5309 ἦ
3756 5247 3859 5310 τῆς

2209 5331 2415 5405 ἀνοχῆς
2474 5328 2636 5383 αὐτοῦ
2701 5328 2790 5381 καὶ
2860 5328 3236 5403 μακροθυμίας
3302 5334 3702 5406 καταφρονεῖτε,
3762 5329 3857 5384 καὶ

2209 5424 2357 5492 ἡμᾶς
2410 5419 2475 5473 τὰ
2543 5418 2710 5491 ὅμοια
2773 5422 2946 5471 ποιεῖν
3012 5416 3349 5493 ἀναγκάζετε.
3419 5418 3490 5474 Σὺ
3559 5416 3634 5487 δὲ,
3700 5419 3859 5493 βασι-
