4128 6274
391 256 550 317 i269

1609 262 2080 323 MARTYBIUM
2129 265 2186 323 S.
2237 265 2600 326 ARETH/E.

3622 274 3778 334 1270

386 412 505 481 λεῦ,
548 414 690 469 οὕτω
746 413 846 483 τήν
893 414 1050 490 φύσιν
1096 410 1283 476 ἄδικος
1331 414 1429 485 ὢν,
1478 417 1569 470 καὶ
1617 419 1755 491 πρὸς
1809 418 1871 471 τὸ
1927 438 2008 472 κα·

2135 421 2423 489 tissimus,
2455 426 2512 476 et
2543 438 2646 478 nec
2675 432 2914 482 sanctus
2957 425 3017 481 in
3049 426 3144 493 iis,
3177 443 3302 498 qua:
3335 429 3404 483 ad
3438 427 3617 485 Deum
3649 443 3782 501 per-

383 509 637 578 κουργεῖν
666 501 1044 574 ἑτοιμότατος,
1077 504 1168 558 καὶ
1203 506 1342 576 μήτε
1382 505 1448 558 τὰ
1496 507 1630 580 πρὸς
1679 506 1808 560 Θεὸν
1857 506 2024 573 ὅσιος,

388 595 526 664 μήτε
589 593 656 648 τά
719 592 855 666 πρὸς
930 593 1214 668 ἀνθρώπος
1272 591 1535 665 ἐπιεικής,
1584 595 1674 649 τὸν
1752 595 2023 661 ἀλάθητον

380 680 590 737 ἐκείνου
621 679 810 751 λήσειν
843 678 1019 742 δοκεῖς
1052 681 1373 757 ὀφθαλμόνς
1425 683 1525 738 Καὶ
1580 685 1688 755 μὴν
1727 684 1816 738 τὸν
1871 684 2025 756 βασι-

381 769 477 826 λέα
525 771 794 846 προσήκει
857 774 1110 824 τοιοῦτον
1165 769 1345 840 ἀληθῆ
1416 771 1502 825 καὶ
1563 773 1803 846 χρηστὸν
1863 773 2021 843 εἶναι,

378 863 452 924 ὡς
491 861 596 917 ἀπὸ
646 862 742 934 μὲν
806 863 915 914 τῶν
980 858 1162 935 λόγων
1228 857 1430 915 εὔνοιαν
1499 859 1818 916 ἐπισπᾶσθαι
1877 861 2023 936 παρά

375 954 482 1005 τῶν
532 951 636 1005 ὑπὸ
684 954 866 1024 χεῖρα,
916 948 1024 1003 ἀπὸ
1073 946 1130 1003 δὲ
1171 953 1272 1005 τοῦ
1316 948 1508 1011 τέλους
1553 951 1729 1005 αὐτῶν
1781 951 1870 1004 καὶ
1917 957 2018 1018 τῆς

373 1043 482 1093 τῶν
548 1039 888 1114 πραγμάτων
944 1032 1214 1101 ἐγϐάσεως
1263 1036 1515 1107 ἀληθείας
1571 1037 1751 1093 πίστιν
1789 1039 1878 1093 καὶ
1929 1037 2016 1094 δό-

374 1130 462 1197 ξαν
528 1127 809 1198 θειότητος
883 1126 1264 1202 ἀποφέρεσθαι,
1326 1128 1547 1189 ὁποίους
1604 1126 1849 1183 κατεῖδον
1908 1127 2017 1204 ἐγὼ

376 1219 427 1272 ἐν
468 1215 633 1288 Ἰνδίᾳ
688 1237 744 1272 τε
801 1217 888 1272 καὶ
957 1217 1215 1288 Αἰθιοπίᾳ
1289 1218 1376 1272 καὶ
1435 1223 1514 1288 τῷ
1567 1219 1862 1292 Ὀμηρίτῃ·
1925 1217 2016 1280 οὓς

371 1305 460 1360 καὶ
492 1304 861 1375 ἀληθεύοντας
899 1300 1162 1380 ἀκριϐῶς,
1210 1309 1300 1360 καί
1352 1308 1477 1379 περὶ
1519 1306 1646 1368 τοὺς
1703 1307 1806 1361 ὑπὸ
1854 1311 2016 1381 χεῖρα

372 1394 872 1472 χρηστευομένους,
907 1394 1004 1450 οὐκ
1042 1395 1452 1471 ἐπιορκοῦντας,
1501 1397 1578 1458 ὡς
1631 1397 1714 1466 σὺ,
1767 1394 2012 1470 βασιλεῦ,

371 1482 518 1539 ἀλλὰ
573 1485 663 1539 καὶ
719 1485 815 1546 τὰς
870 1485 1007 1559 πρὸς
1074 1483 1288 1559 ἑτέρους
1346 1485 1553 1545 πίστεις
1627 1483 2012 1556 ἐμπεδοῦντας,

374 1571 462 1628 ἴσα
510 1577 625 1645 Θεῷ
680 1572 742 1628 τὸ
781 1570 995 1643 πλῆθος
1046 1571 1223 1647 ἐτίμα.
1279 1573 1380 1630 Καὶ
1430 1573 1487 1627 σὲ
1538 1574 1630 1646 μὲν
1683 1575 1711 1628 6
1759 1574 1908 1634 Θεὸς.
1954 1573 2012 1635 ὃς

375 1662 580 1737 μάρτυς
625 1660 739 1716 ἐστὶ
785 1666 896 1716 τῶν
953 1661 1362 1738 πραττομένων,
1415 1665 1644 1735 μισήσας
1693 1666 1792 1727 τῆς
1840 1683 2012 1732 πονη-

376 1751 489 1826 ρίας
521 1746 686 1820 ἀσεϐῆ
719 1752 784 1806 τὰ
811 1754 948 1826 πρὸς
976 1751 1140 1806 αὐτὸν
1193 1750 1420 1828 ὀφθέντα
1466 1752 1557 1807 καὶ
1605 1753 1852 1820 ἄπιστον,
1902 1773 2014 1806 πα-

374 1838 596 1911 ραλύσει
623 1846 722 1909 τῆς
752 1840 932 1914 ἀρχῆς
965 1841 1091 1895 ὅσον
1122 1839 1276 1894 οὔπω
1324 1837 1478 1914 ἀνδρὶ
1523 1838 1796 1914 παραδοὺς
1845 1841 2012 1910 αὐτὴν

371 1934 547 2003 πιστῷ
574 1951 634 1984 τε
683 1930 772 1984 καὶ
824 1931 1031 2005 ἀγαθῷ,
1089 1934 1340 2004 κρατυνεῖ
1388 1928 1444 1984 δὲ
1489 1930 1551 1984 τὸ
1598 1935 1703 1984 τῶν
1755 1937 2015 2003 Χριστια-

369 2023 472 2074 νῶν
533 2018 726 2092 φύλον,
775 2019 864 2073 καὶ
908 2019 1136 2092 ὑψώσει,
1184 2018 1274 2074 καὶ
1335 2018 1628 2094 μεγαλυνεῖ
1671 2021 1770 2088 τήν
1825 2021 2016 2075 ἑαυτοῦ

365 2107 723 2180 Ἐκκλησίαν,
773 2109 838 2178 ἤν
884 2109 1015 2183 πυρὶ
1067 2111 1476 2175 καταναλώσας,
1525 2108 1816 2186 ἠδάφισας.
1865 2113 2016 2188 Ἐγὼ

365 2195 421 2253 δὲ
453 2198 716 2272 μακάριός
777 2198 913 2270 εἶμι,
967 2196 1057 2254 ἅτε
1107 2201 1183 2272 μὴ
1237 2199 1400 2271 μόνον
1452 2199 1503 2254 ἐν
1560 2205 1638 2271 τῷ
1689 2201 1791 2272 βίῳ
1836 2203 2015 2272 τούτῳ

363 2284 752 2360 εῦδοκιμήσας,
785 2286 912 2342 ἀλλ’
953 2289 1036 2342 ὅτι
1085 2289 1176 2342 καὶ
1227 2285 1280 2342 ἐν
1332 2290 1490 2364 γήρει
1545 2288 1695 2344 πίονι
1743 2290 2014 2361 (πέμπτον

362 2374 467 2446 γαρ
497 2371 604 2443 ἤδη
659 2372 751 2426 καὶ
805 2373 1162 2443 ἐνενηκοστὸν
1213 2373 1414 2450 χρόνον
1461 2373 1632 2447 ἀνύω)
1679 2370 1810 2428 ἰδὼν
1864 2374 2014 2435 υἱοὺς

362 2462 496 2515 υἱῶν
526 2482 584 2516 τε
626 2462 716 2516 καὶ
776 2462 1011 2531 υἱωνῶν,
1078 2462 1412 2536 μαρτυρικὸν
1474 2463 1786 2537 ὑπέρχομαι
1833 2461 2012 2531 τέλος,

365 2549 455 2604 καὶ
521 2549 686 2605 πόλιν
754 2548 898 2606 οὕτω
957 2548 1200 2624 μεγάλην
1259 2551 1352 2604 καὶ
1408 2547 1864 2624 πολυάνθρωπον,
1925 2551 2012 2606 καὶ

361 2635 508 2700 ἔθνος
559 2638 894 2714 ὁλόκληρον,
953 2641 1216 2714 προσάγω
1274 2643 1410 2711 Θεῷ,
1456 2641 1508 2695 οἳ
1557 2639 1646 2694 καὶ
1699 2637 1769 2695 δι’
1813 2642 2011 2703 αἰῶνος

360 2729 465 2796 τὴν
498 2727 638 2800 ἐμὴν
671 2729 894 2800 μνήμην
926 2725 1165 2797 ἂληστον
1195 2725 1394 2797 ἕξουσι,
1434 2729 1497 2782 τὸ
1525 2733 1629 2783 πᾶν
1679 2727 1870 2800 ἐκείνῳ
1911 2736 2010 2798 τῆς

361 2815 710 2889 εὐχαριστίας
740 2815 1102 2878 ἀνατιθέντες.

434 2905 531 2959 ΙΘ’.
566 2904 667 2959 Καὶ
701 2902 958 2980 στραφεὶς
1007 2903 1146 2975 πρὸς
1191 2903 1253 2956 τὸ
1303 2900 1516 2971 πλῆθος
1564 2903 1654 2957 καὶ
1695 2903 1822 2966 τοὺς
1873 2924 2012 2976 συμ-

372 2993 648 3066 μάρτυρας
701 2994 787 3061 (ἦν
844 2991 949 3065 γὰρ
1005 2991 1068 3044 οὐ
1141 2990 1311 3062 μόνον
1372 2988 1501 3046 ἰδεῖν
1568 2989 1809 3064 ἥδιστος,
1865 2992 2011 3048 ἀλλά

359 3083 450 3136 καὶ
509 3081 774 3152 πλήθεσιν
834 3077 1052 3152 ὁμιλεῖν
1122 3079 1526 3155 χαριέστατος),
1576 3078 1755 3150 ἔλεξεν
1809 3080 2006 3144 οὕτως’

359 3168 583 3244 ’Ἄνδρες
644 3174 982 3243 συμπολῖται
1040 3169 1130 3224 καὶ
1189 3167 1344 3243 φίλοι
1401 3170 1491 3224 καὶ
1551 3175 1850 3245 συγγενεῖς,
1917 3171 2009 3225 καὶ

364 3259 482 3315 ὅσοι
513 3260 648 3314 κατά
675 3261 956 3330 συνήθειαν
1015 3259 1106 3314 καὶ
1153 3261 1488 3336 πραγμάτων
1538 3258 1824 3314 κοινωνίαν
1874 3263 2009 3330 ἡμῖν

362 3351 758 3424 προσήκοντες,
801 3349 899 3403 ὅσα
933 3349 1026 3422 μὲν
1066 3349 1320 3402 συνέπεσε
1363 3351 1434 3421 τῇ
1474 3345 1692 3420 πανρίδι
1736 3347 1823 3403 καὶ
1871 3349 2008 3420 ἡμῖν

357 3443 475 3499 τοῖς
528 3436 808 3506 πολίταις,
875 3434 1272 3506 διασκοπήσασι
1329 3435 1614 3510 πρότερόν,
1678 3434 1818 3508 μηδὲ
1865 3435 2010 3511 ἐρευ-

357 3527 686 3601 νησαμένοις
761 3527 825 3581 τὸ
892 3526 1277 3601 γενησόμενον,
1346 3523 1472 3579 ἀλλ’
1528 3523 1679 3598 ἀνδρὶ
1748 3528 2007 3580 πεισθεῖσι

358 3613 563 3690 ψευδεῖ,
596 3615 686 3670 καὶ
716 3613 793 3668 δι’
820 3614 1032 3683 ἀπάτης
1065 3613 1207 3668 ἑλεῖν
1237 3612 1616 3684 σπουδάζοντι,
1665 3613 1800 3688 αὐτῇ
1849 3614 2010 3688 πείρᾳ

357 3702 622 3777 ἔγνωμεν,
680 3708 798 3765 τοῖς
852 3697 1042 3773 ἔξωθεν
1098 3701 1533 3776 συμμετέχοντες
1584 3708 1691 3758 τῶν
1747 3702 2004 3778 ἀνιαρῶν,

357 3796 471 3849 Οσα
520 3789 578 3846 δὲ
641 3793 780 3847 κατά
830 3795 964 3847 Θεοῦ
1011 3793 1238 3862 κινήσας
1280 3793 1380 3860 τὴν
1444 3790 1694 3868 γλῶτταν
1755 3794 1782 3847 6
1842 3793 2008 3869 ὑπερ-

357 3883 559 3956 ήφανος
591 3881 746 3942 οὗτος
779 3878 1089 3956 ἐφθέγξατο,
1139 3880 1325 3943 αὐτοῖς
1371 3881 1501 3936 ὠσὶν
1543 3882 1830 3952 ἀκηκόατε.
1881 3883 2005 3939 ’Ότι

357 3969 413 4026 δὲ
445 3970 532 4026 καὶ
582 3970 720 4045 πρὸς
780 3968 1001 4044 ἄρνησιν
1059 3968 1366 4025 ἐκκαλεῖται
1417 3972 1653 4045 Χριστοῦ
1699 3976 1796 4026 τοῦ
1845 3977 2002 4043 Θεοῦ,

361 4064 624 4136 μαρτυρεῖ
675 4060 768 4132 μὲν
818 4060 908 4113 καὶ
940 4059 968 4113 6
996 4063 1103 4113 τῶν
1150 4056 1539 4135 προλαϐόντων
1590 4058 1765 4122 πολύς
1809 4081 1866 4114 τε
1912 4060 2001 4115 καὶ

353 4146 700 4210 παντοδαπὸς
762 4147 946 4221 φόνος·
1009 4153 1274 4224 μαρτυρεῖ
1331 4145 1386 4202 δὲ
1442 4150 1534 4202 καί
1580 4152 1748 4202 ταῦτα
1813 4146 1880 4216 δὴ
1936 4149 2004 4202 τὰ

355 4237 550 4312 δεσμὰ,
601 4235 636 4292 ἅ
696 4237 786 4291 καὶ
857 4237 986 4309 ὑπὲρ
1056 4232 1326 4296 εὐσεϐείας
1395 4236 1560 4304 αὐτῆς
1627 4235 1998 4309 περικείμεθα.

355 4327 457 4383 Καὶ
488 4327 555 4395 ἦν
619 4326 713 4399 μὶν
764 4327 978 4379 συνετὸν
1019 4325 1095 4396 μή
1148 4321 1365 4385 δειλοὺς
1423 4327 1569 4397 ἡμᾶς
1620 4324 1853 4398 ὀφθῆναι
1909 4324 2000 4380 καὶ

354 4414 721 4492 φιλοψύχους,
768 4411 906 4485 μηδὲ
956 4409 1114 4484 δεινῷ
1152 4412 1387 4484 τοιούτῳ
1433 4414 1523 4467 καὶ
1571 4415 1832 4483 κακοήθει
1876 4435 1999 4470 πει-

356 4510 572 4573 σθῆναι,
616 4501 801 4577 ὅρκοις
852 4501 932 4573 τῷ
977 4505 1087 4557 τῶν
1133 4505 1386 4575 πονηρῶν
1445 4504 1862 4578 προχειροτάτῳ
1916 4524 1998 4560 τε·

356 4593 632 4667 χνάσματι
699 4590 1085 4654 πιστεύσαντας
1176 4591 1266 4646 καὶ
1359 4593 1752 4668 θαρρήσαντας,

352 4680 598 4754 πόλεμον
650 4678 876 4754 ἄρασθαι
932 4682 1050 4735 κατ’
1117 4680 1301 4753 αὐτοῦ,
1369 4681 1458 4736 καὶ
1524 4684 1999 4758 συνεφαπτομένου

358 4778 459 4839 τῆς
495 4771 683 4845 μάχης
733 4772 869 4842 ἡμῖν
913 4772 1014 4825 τοῦ
1060 4776 1194 4825 Θεοῦ
1249 4772 1339 4827 τὸν
1395 4772 1608 4827 ἀνόσιον
1662 4771 1855 4829 τοῦτον
1909 4776 1996 4830 καὶ

353 4854 520 4930 ἀσεϐῆ
585 4860 1025 4933 τιμωσήσασθαι.
1083 4859 1236 4914 Ἐπεὶ
1294 4857 1351 4914 δὲ
1409 4862 1486 4923 εἷς
1542 4866 1702 4916 τοῦτο
1761 4863 1996 4935 ἀνάγκης

352 4948 546 5024 ἢγγισε
574 4947 641 5001 τά
687 4945 948 5021 ἡμέτέρα,
1001 4948 1074 5009 ὡς
1121 4945 1158 5016 ἤ
1203 4949 1560 5020 πειθομένους
1626 4955 1704 5022 τῷ
1751 4950 1997 5026 τυράννῳ

350 5037 442 5092 καὶ
510 5031 858 5104 ἀσεϐοῦντας,
921 5034 1037 5110 βίον
1097 5033 1283 5090 ἄθλιον
1333 5033 1543 5110 διαζῇν,
1574 5038 1608 5106 ἤ
1641 5039 1996 5100 ἀπειθοῦντας

349 5126 439 5180 καὶ
490 5120 840 5188 εὖσεϐοῦντας
899 5125 1165 5199 μακαρίου
1212 5124 1403 5187 τέλους
1461 5126 1761 5204 ἐπιτυχεῖν·
1824 5149 1996 5184 σπου-

352 5211 601 5286 δάσωμεν
669 5215 768 5282 τὴν
835 5213 1095 5269 ἀθάνατον
1162 5212 1250 5268 διὰ
1317 5216 1615 5290 μαρτυρίου
1697 5218 1996 5286 κτήσασθαι

353 5300 621 5360 εὔκλειαν.
657 5302 755 5359 Καὶ
791 5304 864 5374 μή
903 5303 970 5374 μέ
994 5324 1079 5365 τις
1126 5303 1316 5358 οἰέσθω
1360 5304 1433 5366 ὡς
1482 5304 1708 5380 γέροντα
1748 5304 1853 5376 ἣδή
1904 5308 1994 5363 καὶ

353 5395 578 5465 ἡμερῶν
641 5390 832 5466 πλήρη
899 5395 1184 5466 γενόμενον
1253 5390 1444 5447 τέλους
1537 5392 1836 5468 ἐπιθυμεῖν,
1904 5397 1990 5452 καὶ

349 5481 496 5553 παρά
525 5477 687 5534 τοῦτο
727 5478 818 5533 καὶ
861 5484 977 5540 τοῖς
1029 5479 1225 5542 ἄλλοις
1267 5478 1604 5538 ἐπισπεύδειν
1653 5485 1753 5551 τήν
1803 5483 1994 5540 τελευ-

351 5572 473 5640 τήν·
508 5566 654 5623 ἄλλά
702 5567 1004 5644 λογιζέσθω
1056 5570 1214 5640 ἡμῶν
1260 5565 1481 5634 ἕκαστος
1539 5571 1623 5627 ὅτι
1670 5573 1848 5630 κοινὸν
1897 5578 1994 5629 τοῦ

1853 4593 1999 4650 ἀλλά
2027 4563 2085 4630 D

2138 509 2342 577 tinent,
2379 526 2483 566 nec
2511 510 2565 564 in
2599 511 2866 568 homines
2914 513 3216 584 benignus,
3251 523 3416 585 putas
3467 517 3586 573 fore
3616 523 3680 573 ut
3710 519 3780 573 il-

2137 597 2257 650 lum
2289 596 2472 653 lateas
2501 599 2750 665 oculum,
2784 616 2951 671 quem
2986 602 3131 656 nihil
3163 603 3347 659 latet?
3377 607 3548 675 Atqui
3581 623 3772 674 regem

2135 700 2259 741 esse
2288 691 2511 758 oportet
2538 705 2798 744 veracem
2830 698 2884 744 et
2915 690 3251 762 benignum,
3285 698 3348 746 ut
3377 695 3564 749 verbis
3597 691 3813 751 attra-°

2135 773 2236 829 hat
2265 774 2722 832 benevolentiam
2753 794 2978 843 eorum,
3002 780 3100 850 qui
3134 781 3351 835 suntin
3383 797 3487 835 sua
3518 783 3771 839 ditione:

2133 878 2326 917 rerum
2359 871 2548 920 autem
2582 866 2696 921 ﬁne
2724 871 2781 921 et
2807 872 3011 922 eventu
3058 867 3232 923 ﬁdem
3271 870 3460 924 facere
3489 871 3774 937 veritatis,

2130 953 2369 1023 etquod
2417 969 2480 1008 se
2526 954 2718 1009 divine
2773 959 2952 1026 gerat,
2994 956 3238 1026 gloriam
3282 957 3536 1013 habere:
3573 959 3776 1029 quales

2129 1056 2234 1112 ego
2277 1041 2392 1096 vidi
2425 1043 2482 1098 in
2513 1044 2674 1099 India
2703 1048 2759 1098 et
2786 1044 3096 1116 Ethiopia,
3129 1053 3183 1101 et
3213 1050 3345 1102 ante
3374 1051 3429 1102 te
3459 1047 3518 1102 in
3559 1048 3770 1105 Home-

2131 1129 2332 1196 ritide;
2366 1147 2514 1200 quos
2553 1147 2686 1186 vera
2714 1132 2996 1201 dicentes,
3027 1139 3084 1189 et
3113 1150 3175 1188 se
3206 1135 3456 1205 benigne
3500 1143 3770 1206 gerentes

2127 1218 2186 1271 in
2239 1219 2545 1288 subjectos,
2581 1236 2694 1274 non
2729 1227 2790 1275 ut
2818 1225 2902 1287 tu,
2936 1237 3054 1289 rex,
3090 1224 3438 1292 pejerantes,
3489 1225 3590 1278 sed
3640 1223 3770 1280 aliis

2127 1306 2413 1377 promissa
2443 1307 2771 1378 implentes,
2805 1310 2968 1380 quasi
3000 1314 3064 1364 ut
3093 1310 3277 1365 Deum
3309 1310 3631 1367 honorabat
3660 1329 3764 1382 ρο-

2126 1395 2317 1464 pulus.
2352 1395 2420 1449 Et
2447 1394 2601 1451 Deus
2631 1397 2863 1467 quidem
2895 1414 3118 1465 eorum,
3142 1416 3268 1469 quae
3294 1408 3403 1454 ate
3434 1399 3606 1468 ﬁunt,
3632 1399 3766 1454 odio

2127 1481 2346 1538 habens
2377 1484 2827 1555 improbitatem,
2861 1491 2938 1552 te,
2973 1487 3071 1557 qui
3103 1487 3161 1541 in
3193 1503 3326 1542 eum
3359 1487 3518 1543 fuisti
3548 1488 3768 1558 impius

2123 1573 2180 1624 et
2207 1569 2480 1638 inﬁdelis,
2516 1588 2649 1627 mox
2680 1574 2930 1644 deponet
2961 1575 3032 1630 ab
3065 1575 3328 1646 imperio,
3361 1575 3538 1645 idque
3576 1576 3768 1630 tradet

2122 1657 2242 1712 viro
2278 1659 2430 1713 ﬁdeli
2462 1669 2517 1714 et
2547 1661 2697 1716 bono
2723 1677 2736 1715 :
2769 1662 3067 1717 roborabit
3097 1667 3290 1718 autem
3324 1667 3380 1718 et
3402 1662 3634 1717 extollet
3663 1679 3766 1732 ge-

2045 1787 2099 1852 B
2123 1762 2234 1847 nus
2255 1747 2739 1847 Christianorum,
2757 1766 3144 1821 magnamque
3164 1767 3328 1850 suam
3347 1750 3558 1852 efficiet
3572 1750 3767 1852 liccle-

2124 1837 2288 1900 siam,
2321 1853 2494 1906 quam
2527 1841 2590 1892 tu
2620 1837 2754 1908 igne
2803 1839 3233 1910 consumpsisti,
3274 1843 3329 1894 et
3358 1838 3521 1893 humi
3555 1839 3766 1908 deieci-

2125 1924 2218 1979 sti.
2251 1925 2368 1995 Ego
2399 1929 2592 1980 autem
2643 1943 2776 1981 sum
2821 1927 3045 1997 beatus,
3079 1944 3193 1983 non
3225 1928 3296 1982 ob
3327 1928 3381 1982 id
3417 1926 3759 1997 praesertim,

2124 2017 2276 2085 quod
2325 2015 2384 2070 in
2433 2017 2537 2071 hac
2584 2017 2700 2072 vita
2744 2018 2804 2072 in
2848 2017 3000 2072 bona
3041 2017 3129 2072 sui
3177 2017 3622 2081 existimatione,
3658 2017 3758 2071 sed

2125 2104 2256 2174 quia
2285 2103 2346 2158 in
2380 2106 2661 2172 profunda
2695 2114 2982 2160 senectute
3003 2107 3144 2176 (jam
3175 2106 3330 2160 enim
3363 2121 3471 2176 ago
3504 2120 3762 2175 nonage-

2124 2192 2342 2247 simum
2389 2194 2656 2264 quintum
2688 2194 2955 2265 annum),
2985 2195 3188 2249 videns
3218 2194 3369 2249 ﬁlios
3401 2193 3675 2260 ﬁliorum,
3709 2197 3766 2247 et

2125 2281 2278 2336 ﬁlias
2310 2281 2586 2351 ﬁliarum,
2619 2283 2729 2337 sub
2759 2300 2824 2338 eo
2857 2283 3223 2354 martyrium,
3255 2288 3311 2337 et
3339 2287 3458 2336 tam
3493 2298 3763 2351 magnam

2123 2373 2181 2424 et
2212 2369 2424 2441 populo
2455 2375 2574 2426 tam
2607 2372 2969 2441 frequentem
3019 2371 3334 2436 civitatem,
3366 2375 3424 2425 et
3464 2375 3638 2424 totam
3672 2386 3765 2425 re-

2124 2458 2313 2528 gionis
2362 2459 2546 2530 ipsius
2594 2469 2820 2530 gentem
2875 2461 2984 2516 Deo
3028 2459 3242 2515 oﬁ‘ero:
3277 2459 3375 2530 qui
3425 2459 3599 2512 etiam
3649 2457 3762 2512 mei

2121 2553 2461 2618 perpetuam
2513 2553 2938 2605 cunservabunt
2986 2547 3349 2615 memoriam,
3384 2562 3643 2602 summas
3683 2544 3768 2600 illi

2121 2641 2356 2708 agentes
2386 2637 2625 2708 gratias.

2193 2909 2341 2962 XIX.
2376 2906 2462 2961 Ad
2493 2907 2767 2978 populum
2819 2916 3006 2963 autem
3051 2923 3383 2976 conversus,
3416 2911 3472 2963 et
3499 2909 3571 2964 ad
3602 2923 3760 2964 com-

2122 3001 2401 3069 martyres
2422 2997 2566 3066 (erat
2596 2998 2749 3054 enim
2773 3015 2886 3053 non
2913 2997 3100 3054 solum
3123 2998 3248 3053 visu
3268 2997 3757 3067 jucundissimus,

2119 3085 2216 3139 sed
2249 3085 2424 3141 etiam
2458 3085 2516 3139 in
2549 3086 2924 3142 concionibus
2964 3087 3032 3141 ad
3081 3086 3359 3157 populum
3406 3085 3761 3140 facundissi-

2122 3174 2300 3246 mus),
2333 3175 2416 3230 sic
2473 3175 2651 3228 dixit:
2681 3175 2800 3229 Viri
2851 3177 3022 3244 cives,
3063 3183 3114 3230 et
3161 3175 3352 3243 amici,
3399 3181 3454 3230 et
3503 3175 3755 3244 cognati,

2118 3266 2175 3318 et
2231 3263 2558 3334 quicunque
2615 3268 2848 3334 propter
2914 3265 3392 3318 consuetudinem
3449 3267 3505 3317 et
3561 3279 3752 3317 rerum

2117 3354 2584 3408 communionem
2618 3355 2688 3407 ad
2714 3370 2818 3408 nos
2841 3354 3118 3420 attinetis,
3143 3369 3270 3425 quae
3301 3353 3492 3422 patriae
3516 3352 3747 3422 quidem

2117 3445 2173 3496 et
2203 3441 2368 3497 nobis
2395 3441 2614 3496 civibus
2641 3445 2974 3510 evenerunt,
2997 3458 3130 3496 cum
3152 3458 3267 3496 non
3302 3442 3457 3511 prius
3486 3439 3754 3494 conside-

2118 3530 2458 3596 raverimus,
2492 3545 2677 3600 neque
2707 3530 2952 3584 scrutati
3000 3529 3282 3584 fuerimus
3312 3529 3390 3596 id,
3425 3527 3581 3598 quod
3629 3533 3752 3583 erat

2114 3619 2400 3687 futurum,
2423 3620 2524 3674 sed
2559 3618 2744 3674 fallaci
2777 3619 3021 3687 homini,
3046 3625 3099 3674 et
3129 3619 3228 3690 qui
3262 3636 3368 3674 nos
3398 3618 3601 3673 fraude
3631 3621 3751 3672 stu-

2115 3707 2289 3763 debat
2335 3723 2559 3780 capere,
2605 3708 3048 3776 crediderimus,
3095 3708 3218 3778 ipsa
3260 3707 3528 3762 novimus
3579 3721 3751 3776 expe-

2114 3797 2343 3867 rientia,
2375 3803 2441 3852 ut
2470 3797 2565 3868 qui
2595 3813 2725 3852 cum
2759 3797 2853 3865 iis,
2885 3797 2987 3868 qui
3038 3796 3176 3852 foris
3225 3801 3408 3863 erant,
3451 3793 3748 3850 molestia-

2113 3904 2242 3943 rum
2261 3886 2542 3943 fuerimus
2559 3886 2885 3959 participes.
2907 3887 3039 3950 Quas
3060 3887 3267 3942 veroin
3284 3885 3463 3940 Deum
3485 3883 3749 3954 linguam

2111 3993 2348 4032 movens
2377 3976 2602 4032 locutus
2633 3979 2720 4031 est
2748 3975 2841 4029 hic
2872 3976 3180 4044 superbus,
3201 3973 3344 4045 ipsis
3376 3971 3613 4027 auribus
3644 3986 3746 4023 au-

2111 4066 2356 4121 divistis.
2381 4067 2542 4131 Quod
2575 4070 2766 4119 autem
2798 4065 2864 4117 ad
2897 4063 3106 4118 Christi
3139 4062 3238 4117 Dei
3269 4066 3540 4132 provocet
3571 4074 3743 4128 nega-

2110 4155 2347 4216 tionem,
2371 4156 2654 4208 testantur
2680 4152 2915 4222 quidem
2939 4167 3158 4216 eorum,
3185 4151 3281 4220 qui
3305 4155 3741 4219 praecesserunt,

2111 4241 2373 4312 plurimm
2414 4244 2471 4294 et
2509 4254 2679 4294 omne
2724 4255 2907 4310 genus
2957 4241 3142 4295 caedes
3169 4254 3182 4292 :
3209 4241 3499 4292 testantur
3549 4240 3742 4290 autem

2108 4329 2229 4383 haec
2277 4344 2503 4399 quoque
2550 4327 2801 4396 vincula,
2831 4343 2953 4397 qua
2986 4343 3088 4398 pro
3129 4325 3343 4396 pietate
3389 4325 3555 4378 nobis
3608 4326 3747 4378 sunt

2105 4417 2404 4488 imposita.
2447 4417 2516 4472 Et
2564 4417 2771 4472 fuisset
2797 4415 3029 4487 quidem
3062 4414 3440 4486 sapientium,
3470 4428 3585 4467 non
3617 4426 3745 4466 esse

2118 4508 2372 4574 timidos,
2403 4515 2455 4563 et
2487 4508 2613 4562 vitae
2643 4506 2817 4562 nimis
2861 4507 3122 4578 cupidos,
3155 4518 3342 4575 neque
3369 4502 3506 4557 huic
3536 4499 3746 4556 callido

2107 4602 2165 4653 et
2210 4597 2474 4668 improbo
2521 4596 2820 4653 veteratori
2869 4597 3121 4664 credere,
3173 4595 3345 4649 ﬁdem
3397 4590 3739 4647 adhibentes

2096 4687 2469 4757 jusjurando,
2487 4688 2639 4758 quod
2672 4691 2757 4742 est
2788 4685 3292 4757 promptissimum
3325 4680 3613 4737 malorum
3645 4693 3740 4732 ar-

2100 4775 2373 4844 tiﬁcium,
2403 4776 2506 4831 sed
2536 4774 2759 4831 bellum
2791 4776 3062 4829 adversus
3093 4772 3286 4842 ipsum
3319 4768 3630 4838 suscipere,
3655 4769 3734 4832 et,

2100 4865 2216 4922 Deo
2273 4881 2528 4936 pugnam
2584 4865 2887 4921 nobiscum
2933 4865 3286 4934 capessente,
3336 4857 3538 4914 ulcisci
3589 4856 3741 4911 hunc

2099 4955 2374 5027 impium.
2405 4956 2546 5011 Cum
2596 4959 2790 5010 autem
2839 4969 2929 5008 res
2976 4955 3186 5007 nostrae
3217 4951 3288 5005 ad
3320 4963 3448 5003 eam
3481 4945 3740 5001 adductae

2101 5048 2241 5100 sunt
2273 5044 2689 5113 necessitatem,
2725 5047 2789 5098 ut
2818 5041 2904 5098 vel
2937 5045 3182 5110 tyranno
3231 5041 3516 5109 parentes,
3548 5038 3603 5089 et
3634 5050 3741 5088 nos

2098 5132 2274 5205 impie
2305 5138 2592 5204 gerentes,
2623 5133 2796 5188 vitam
2844 5145 3087 5201 agamus
3136 5128 3448 5182 miseram:
3482 5122 3569 5178 vel
3619 5139 3733 5178 non

2099 5227 2392 5295 parentes,
2441 5227 2498 5277 et
2540 5221 2812 5293 pietatem
2872 5223 3223 5283 exercentes,
3272 5216 3498 5272 beatum
3559 5213 3735 5266 ﬁnem

2097 5313 2510 5383 adipiscamur,
2543 5311 2883 5367 studeamus
2913 5305 3298 5363 immortalem
3332 5303 3572 5374 gloriam
3605 5318 3738 5357 con-

2099 5401 2258 5473 sequi
2311 5416 2412 5471 per
2460 5399 2822 5472 martyrium.
2855 5397 2970 5454 Nec
3015 5413 3109 5452 me
3155 5393 3448 5451 existimet
3499 5390 3734 5461 aliquis,

2097 5493 2371 5561 tanquam
2392 5490 2520 5560 jam
2551 5505 2767 5559 senem,
2798 5492 2854 5544 et
2884 5487 3120 5560 plenum
3161 5484 3408 5553 dierum,
3441 5481 3614 5536 ﬁnem
3647 5495 3740 5534 cu-

2099 5595 2254 5651 pere,
2286 5585 2343 5636 et
2369 5581 2496 5637 ideo
2529 5579 2673 5636 alios
2716 5579 2786 5636 ad
2833 5585 3078 5634 mortem
3112 5574 3387 5631 incitare:
3421 5571 3518 5625 sed
3551 5567 3738 5624 consi-
