4128 6274
386 258 535 319 1271
1716 238 2002 302 MENSIS
2044 241 2073 300 ί

2186 239 2421 299 'OBEB.
3630 226 3803 285 12⁵72

380 417 543 473 deret
562 410 969 482 unusquisque
988 410 1272 471 vestrum,
1296 407 1543 461 mortem
1568 416 1696 458 esse
1716 414 2027 456 commune
2059 434 2073 465 λ

2186 397 2367 451 κνάτου
2419 394 2583 468 χρὲος
2623 391 2714 447 καὶ
2763 391 2865 463 νέῳ
2912 388 3001 444 καὶ
3059 389 3289 463 γέροντι,
3339 384 3429 439 καὶ
3483 384 3799 457 ἀπαραίτη-

381 471 666 566 debitum,
717 471 774 556 ἐι
813 471 1013 569 juveni
1061 498 1117 551 et
1164 492 1309 562 seni,
1354 495 1413 547 et
1459 506 1584 546 esse
1634 488 2025 544 inevitabilem

2186 506 2229 545 ›ς
2260 487 2295 552 ἡ
2346 484 2478 557 πρὸς
2525 481 2586 535 τὸ
2635 485 2793 551 σῶμα
2843 476 3110 538 διάλυσις.
3157 476 3295 532 Εἶτα
3346 476 3421 546 μή
3479 471 3796 544 αὐτόματον

381 556 1125 663 corporis’disso'lutionem.
1150 556 1350 652 Itaque
1375 597 1489 638 non
1512 585 1874 650 exspectetur
1894 575 2029 630 ﬁnis

2186 573 2229 626 αἲ
2261 574 2442 627 κοινὸν
2483 571 2545 626 τὸ
2576 568 2733 630 τέλος
2779 562 3107 639 ἀναμενὲτω,
3156 562 3284 619 ἀλλ’
3328 564 3404 624 ὡς
3452 557 3531 615 ἔνι
3576 556 3801 628 ἔνδοξον

2186 660 2195 663 _
2248 662 2255 663 ,
2420 661 2428 663 _
2638 658 2647 663 .
2971 652 3016 663 ...
3275 652 3284 663 .
3334 652 3355 663 λ
3498 650 3559 663 -.
3623 646 3665 663 κ.
3736 648 3760 663 ν

334 680 355 696 ⁸
383 646 740 743 communis,
773 680 831 730 et
861 675 964 745 qui
1012 688 1119 727 sua
1170 646 1375 740 sponte
1422 668 1573 724 venit
1598 646 1747 734 {sed
1800 665 2032 721 studeat

2186 660 2270 715 316
2346 661 2434 714 καὶ
2506 658 2770 732 μακάριον
2832 652 3104 710 σπευδέτω
3170 652 3440 729 φενὲσθαι.
3498 650 3560 703 Τί
3620 646 3665 703 ’δ’
3730 648 3794 701 ἄν

385 734 649 840 quilibet,
684 734 749 818 ut
780 734 1057 832 sitquam
1091 734 1217 814 ﬁeri
1250 758 1459 830 poterit
1488 756 1777 828 gloriosus
1810 759 1865 809 et
1896 755 2032 809 bea-

2186 749 2287 805 ’ποι
2327 771 2409 811 τις
2460 746 2638 822 ἕτερον
2687 749 2783 801 τοῦ
2835 743 2923 799 διὰ
2984 740 3282 817 μαρτυρίου
3330 737 3523 800 τέλους
3572 734 3802 806 ἐνδοξό-

386 826 499 912 tus.
524 826 814 920 Quidnam
842 826 1035 906 autem
1069 826 1280 903 dixerit
1301 826 1593 917 quispiam
1618 844 1891 915 martyrio
1917 842 2036 913 glo-

2186 860 2295 915 ερον
2340 840 2374 908 ἤ
2427 833 2694 892 εὐσεϐὲσιν
2757 834 3064 907 ἀνθρώποις
3132 830 3592 905 μακαριώτερονς
3656 826 3809 900 Ἐγὼ

388 944 618 1010 riosius,
649 945 749 997 aut
780 938 1199 1012 quastuosius,
1232 940 1329 990 aut
1360 935 1474 1006 piis
1518 933 1851 989 hominibus
1900 933 2035 986 bea-

2186 930 2245 1003 Ξιρ
2279 930 2323 982 εἰ
2365 926 2478 982 οἷόν
2528 947 2585 981 τε
2634 929 2699 994 ἦν
2753 922 2842 978 διὰ
2888 921 3118 999 Χριστὸν
3175 918 3447 978 πολλάκις
3505 917 3802 980 ἀποθανεῖν

390 1034 553 1089 tius?
581 1004 696 1102 Ego
746 1004 922 1093 enim,
956 1027 1005 1082 si
1037 1025 1160 1080 ﬁeri
1213 1004 1428 1095 posset,
1463 1027 1693 1094 propter
1742 1021 2037 1076 Christum

2186 1013 2541 1073 υνεϐούλευσα
2572 1013 2655 1086 ἄν,
2705 1014 2797 1068 καὶ
2846 1014 2912 1081 ἦν
2973 1012 3120 1067 οὕτω
3168 1009 3257 1063 καὶ
3306 1010 3340 1078 ἡ
3396 1004 3523 1077 δόξα
3573 1005 3800 1079 μείζων,

393 1120 543 1176 mori
591 1133 745 1189 saepe
791 1123 846 1172 et
892 1116 1015 1185 ipse
1063 1114 1356 1183 eligerem,
1387 1116 1445 1167 et
1485 1110 1612 1165 aliis
1656 1110 2038 1174 consulerem,

2186 1108 2237 1161 αὶ
2302 1109 2364 1160 τὸ
2428 1102 2619 1179 κέρδος
2675 1104 2810 1156 κατᾶ
2865 1098 3010 1155 πολὺ
3076 1096 3479 1173 δαψιλέστερον·
3558 1095 3673 1149 ἐπεὶ
3746 1091 3807 1148 δὲ

394 1210 593 1280 sicque
623 1179 773 1263 esset
799 1209 855 1259 et
884 1179 1071 1274 major
1118 1179 1320 1273 gloria,
1342 1179 1411 1256 et
1437 1200 1669 1255 lucrum
1718 1199 1889 1269 longe
1931 1212 2039 1252 co-

2186 1195 2309 1249 οὖτο
2376 1192 2521 1267 παρᾶ
2583 1198 2682 1261 τῆς
2751 1190 2959 1267 φύσεως
3024 1187 3122 1243 οὐκ
3178 1185 3287 1241 ἔστι
3357 1179 3565 1253 λαϐεῖν,
3624 1183 3652 1236 ὃ
3712 1183 3808 1235 καὶ

394 1274 640 1372 piosius.
668 1297 775 1353 Sed
808 1310 943 1351 cum
986 1294 1092 1349 hoc
1136 1292 1333 1348 haberi
1379 1307 1492 1346 non
1536 1290 1721 1361 possit
1748 1308 1781 1345 ιι
1812 1292 2042 1356 natura,

2186 1288 2313 1355 ,μῶν
2347 1284 2411 1338 οὗ
2442 1277 2811 1357 βουλομένων,
2847 1278 2937 1352 ἀφ’
2969 1279 3171 1347 ἑαυτῆς
3220 1274 3398 1345 ἐκείνη
3449 1278 3619 1342 ποιεῖ,
3673 1274 3822 1350 φθα-

396 1389 576 1460 quod,
599 1385 687 1442 vel
712 1384 928 1439 invitus
953 1382 1138 1449 nobis,
1162 1380 1263 1436 illa
1283 1397 1350 1436 ex
1376 1396 1437 1435 se
1461 1379 1621 1444 facit,
1642 1377 2046 1450 praeripiamus

397 1492 531 1533 cum
567 1474 787 1547 gloria:
815 1475 872 1528 et
891 1472 946 1527 id
974 1474 1255 1541 tanquam
1279 1469 1579 1541 preprium
1604 1466 2045 1530 constituentes,

399 1569 589 1621 astute
638 1560 913 1617 fallamus
970 1557 1402 1613 necessitatem.
1436 1556 1647 1611 Nullus
1698 1561 1981 1618 nostrum,
2015 1567 2048 1607 ο

402 1655 629 1717 fratres,
656 1652 733 1706 sit
763 1650 905 1704 adeo
929 1647 1053 1702 vitae
1085 1646 1351 1717 cupidus,
1376 1648 1431 1699 et
1462 1646 1603 1699 adeo
1635 1642 1830 1715 pusilli
1860 1646 1918 1697 et
1949 1642 2051 1696 ab-

398 1740 539 1812 jecti
567 1738 772 1806 animi,
798 1741 861 1792 ut
882 1752 985 1807 pro
1011 1735 1165 1790 brevi
1191 1743 1245 1788 et
1276 1733 1487 1788 misera
1514 1733 1629 1787 vita
1660 1730 1863 1803 perdat
1888 1734 2053 1784 aster-

406 1829 667 1895 nitatem,
698 1834 750 1882 et
780 1840 900 1895 quas
957 1838 1261 1894 nunquam
1320 1820 1563 1877 solvitur
1619 1817 2050 1874 beatitudinem.

408 1914 717 1973 Communi
749 1913 1013 1969 omnium
1045 1912 1283 1967 inimico
1308 1927 1340 1965 ε.
1363 1909 1531 1965 nobis
1559 1908 1713 1963 haud
1737 1908 1902 1963 detur
1924 1921 2058 1975 pars

412 2003 631 2074 aliqua,
665 2018 737 2057 ne
783 2016 913 2057 cum
965 2015 1148 2054 unum
1198 1998 1370 2053 fuerit
1418 1998 1753 2063 suﬂ'uratus,
1786 1992 2061 2066 glorietur

414 2107 747 2163 perversus,
767 2094 1045 2160 tanquam
1078 2086 1177 2159 qui
1208 2102 1406 2143 omnes
1436 2085 1667 2158 ceperit.
1698 2084 1809 2139 Sed
1842 2082 1941 2153 qui
1973 2084 2063 2136 est

416 2179 652 2250 quidem
686 2178 842 2245 talis,
877 2175 1077 2248 procul
1126 2177 1252 2230 sita
1274 2174 1449 2230 choro
1500 2177 1846 2245 martyrum,
1878 2184 2063 2240 neque

420 2268 497 2322 sit
524 2268 668 2322 falso
710 2265 965 2321 nominis
1004 2264 1315 2334 particeps.
1350 2262 1409 2319 Si
1441 2262 1573 2333 quis
1604 2262 1759 2318 enim
1790 2265 1869 2327 te,
1901 2260 2065 2315 Chri-

422 2361 511 2411 ste
540 2358 597 2410 et
624 2354 882 2410 Verbum
916 2353 1035 2423 Dei,
1059 2352 1353 2423 negaverit
1388 2351 1561 2421 hujus
1591 2351 1718 2405 vitae
1752 2348 2062 2416 desiderio,

424 2443 495 2499 ab
540 2443 669 2513 ipsa
712 2441 957 2509 excidat,
989 2445 1046 2496 et
1075 2440 1380 2495 dehiscens
1425 2456 1555 2495 cum
1606 2443 1763 2494 terra
1812 2438 2063 2493 devoret.

424 2533 482 2588 Si
515 2531 646 2602 quis
677 2536 874 2586 autem
899 2547 967 2585 ex
990 2545 1118 2585 mea
1137 2530 1502 2599 cognatione,
1526 2533 1625 2583 aut
1650 2527 2065 2592 familiaritate,

427 2619 712 2675 desiderio
744 2620 1026 2673 bonorum
1060 2617 1457 2688 presentium,
1481 2620 1537 2671 te
1558 2615 1755 2672 relicto
1776 2615 2067 2681 Creatore,

428 2714 700 2777 sequatur
719 2706 876 2761 hunc
899 2721 1085 2775 regem
1110 2704 1368 2760 interilui
1391 2703 1704 2759 obnoxium
1724 2707 1780 2759 et
1797 2703 2066 2773 impium,

428 2813 500 2851 ne
531 2796 579 2851 ei
613 2797 802 2863 detur,
837 2812 869 2849 ο
900 2795 1014 2849 Rex
1045 2794 1285 2862 Christe,
1318 2792 1412 2848 hic
1444 2793 1556 2847 frui
1589 2792 1681 2858 iis,
1716 2808 1845 2863 quas
1874 2790 2071 2845 viden-

427 2893 522 2939 tur
566 2884 832 2953 jucunda
879 2888 936 2939 et
985 2881 1365 2951 delectabilia,
1408 2888 1461 2937 et
1510 2882 1776 2937 tradatur
1817 2880 1911 2948 iis,
1945 2896 2073 2950 quas

428 2978 569 3029 sunt
597 2972 741 3041 illic,
774 2974 1097 3029 tormentis.

499 3061 622 3117 ΧΧ.
662 3063 786 3117 Haec
817 3061 986 3127 dixit,
1018 3065 1074 3115 et
1099 3060 1297 3115 statim
1331 3060 1601 3115 universa
1632 3059 1946 3116 multitudo
1982 3075 2076 3115 ca-

2158 1393 2345 1434 σαντες
2386 1372 2541 1439 αὐτὸ,
2599 1369 3043 1445 προαρπᾶσωμεν
3094 1366 3230 1439 μετὰ
3276 1362 3437 1435 δόξης
3486 1362 3577 1418 καὶ
3626 1361 3815 1433 ὥσπερ

2154 1460 2298 1517 ἳδιον
2358 1462 2597 1534 θέμενοι,
2659 1459 3009 1536 σοφισώμεθα
3082 1457 3181 1526 τὴν
3255 1454 3513 1528 ἀνάγκην.
3597 1447 3813 1520 Μηδεὶς

2158 1556 2318 1626 ἡμῶν
2380 1548 2554 1613 οὕτως
2611 1550 2835 1627 ὀφθήτω
2902 1545 3237 1624 φιλόψυχος,
3300 1540 3549 1620 ἀδελφοὶ,
3613 1538 3815 1613 μηδεὶς

2158 1642 2412 1717 ἀγεννὴς,
2448 1636 2641 1712 μηδεὶς
2672 1635 2938 1711 ἄτολμος,
2970 1636 3042 1697 ὡς
3077 1640 3273 1709 μικρᾶς
3307 1632 3399 1688 καὶ
3448 1630 3809 1705 ταλαιπώρου

2162 1736 2307 1800 ζωῆς
2354 1727 2523 1789 ὅλους
2581 1727 2782 1789 αἰῶνας
2840 1725 2930 1780 καὶ
3001 1722 3274 1798 μηδέποτε
3332 1721 3609 1795 λυομένην
3663 1740 3814 1795 προ-

2166 1821 2309 1874 ἐσθαι
2345 1816 2739 1891 μακαριότητα.
2773 1816 2859 1883 Μή
2895 1811 3000 1868 πού
3028 1833 3110 1874 τις
3139 1812 3229 1866 καὶ
3259 1811 3386 1886 παρ’
3417 1812 3578 1883 ἡμῶν
3624 1805 3812 1877 δοθείη

2164 1911 2243 1979 τῷ
2275 1909 2441 1976 κοινῷ
2498 1904 2711 1959 πάντων
2761 1901 3016 1976 πολεμίῳ
3077 1901 3250 1976 μερὶς,
3280 1900 3368 1954 καὶ
3408 1899 3499 1953 τὸν
3546 1894 3636 1952 ἕνα
3680 1896 3821 1952 κλέ-

2167 1999 2295 2070 ψας,
2363 1997 2437 2059 ὡς
2500 1993 2701 2055 πάντας
2750 1988 2936 2048 λαϐὼν
2994 1992 3022 2046 ὁ
3096 1989 3317 2053 σκολιὸς
3380 1988 3815 2066 ἐγκαυχήσηται.

2169 2084 2332 2141 Ἀλλ’
2364 2084 2393 2139 6'
2430 2105 2493 2158 γε
2537 2086 2786 2143 τοιοῦτος
2843 2080 3031 2157 πόρρω
3082 2084 3179 2135 τοῦ
3232 2080 3564 2153 μαρτυρικοῦ
3618 2075 3817 2131 τούτου

2169 2174 2400 2250 γενέσθω
2425 2176 2621 2248 χοροῦ,
2653 2170 2792 2243 μηδέ
2842 2168 3233 2243 συμμετεχέτω
3286 2164 3502 2242 ψευδῶς
3546 2170 3640 2221 τοῦ
3692 2164 3821 2219 ὀνό-

2178 2284 2366 2338 ματος.
2399 2263 2486 2324 Ὠς
2535 2262 2581 2315 ε“ί
2628 2263 2711 2323 τίς
2761 2282 2838 2331 σε,
2886 2258 3083 2335 Χριστὶ
3128 2259 3217 2313 καὶ
3265 2259 3410 2332 Λόγε
3457 2260 3614 2323 Θεοῦ,
3658 2257 3822 2326 πόθῳ

2179 2360 2275 2423 τῆς
2313 2352 2534 2407 ἐνταῦθα
2592 2357 2737 2420 ζωῆς
2806 2348 3200 2424 ἂπαρνήσαιτο,
3259 2348 3350 2402 καὶ
3404 2346 3608 2415 ταύτης
3663 2342 3822 2399 ἐοιπέ-

2177 2465 2288 2513 σοι,
2321 2442 2409 2498 καὶ
2444 2448 2615 2512 ζῶντα
2654 2445 2845 2495 τοῦτον
2879 2442 2913 2509 ἡ
2952 2446 3020 2513 γῆ
3073 2440 3251 2512 στόμα
3295 2436 3612 2507 διανοίξασα
3657 2456 3828 2490 κατα-

2175 2532 2315 2586 πίοι.
2378 2530 2473 2584 Καὶ
2520 2527 2566 2584 ε⁹ί
2612 2549 2695 2591 τις
2749 2526 2807 2582 δέ
2849 2535 2948 2597 τῆς
2992 2527 3130 2599 ἐμῆς
3182 2523 3489 2601 συγγενείας
3519 2526 3555 2594 ἢ
3587 2523 3831 2595 ἑταιρίας

2176 2618 2437 2692 ἐπιθυμίᾳ
2465 2624 2572 2672 τῶν
2602 2618 2883 2694 παρόντων
2916 2614 3119 2686 ἡδέων,
3155 2617 3212 2670 σὲ
3262 2616 3354 2670 τὸν
3407 2611 3638 2680 Κτίστην
3691 2612 3831 2665 ἀπο-

2178 2708 2383 2780 λιπὼν,
2453 2707 2628 2762 ὀπίσω
2695 2710 2790 2762 τοῦ
2848 2708 3084 2783 φθαρτοῦ
3141 2704 3339 2760 τούτου
3394 2703 3485 2757 καὶ
3538 2694 3831 2761 δυσσεϐοῦς

2186 2797 2457 2873 βασιλέως
2493 2793 2883 2867 ἀκολουθήσοι,
2915 2794 3125 2870 γένοιτο
3156 2792 3324 2865 αὐτῷ.
3357 2791 3557 2866 Χριστὶ
3584 2787 3832 2865 βασιλεῦ,

2182 2889 2272 2943 καὶ
2303 2892 2410 2942 τῶν
2470 2884 2694 2942 ἐνταῦθα
2749 2890 2990 2961 τερπνῶν
3053 2887 3128 2958 μή
3189 2885 3507 2952 ἁπόνασθαι,
3564 2881 3657 2936 καὶ
3709 2883 3833 2940 τοῖς

2184 2975 2386 3040 ἐκεῖθεν
2420 2972 2704 3045 ἐκδοθῆναι
2734 2972 3068 3047 κολαστηρίο
3080 2994 3143 3035 ις.

2257 3066 2334 3121 K'.
2366 3067 2548 3121 Ταῦτα
2579 3062 2701 3141 ἔφη,
2763 3063 2854 3117 καὶ
2904 3063 2968 3117 τὸ
3017 3061 3230 3131 πλῆθος
3283 3058 3437 3123 εὐθὺς
3488 3059 3648 3129 ἅπαν,
3699 3053 3837 3130 θάῤ-

426 3150 575 3205 lidas
608 3149 910 3205 ell'undens
934 3149 1243 3219 lacrymas,
1274 3149 1409 3205 Esto
1441 3149 1594 3204 bono
1626 3149 1845 3217 animo,
1880 3148 2071 3203 excla-

2187 3155 2289 3228 ῥει,
2323 3152 2411 3208 ἐπὶ
2443 3131 2693 3229 Bappoi’c"
2714 3157 2829 3214 τοῖς
2878 3149 3129 3225 δάκρυσιν
3180 3144 3504 3218 ἀνεϐόησαν.
3564 3144 3680 3203 Οὐκ
3727 3143 3837 3198 ἕντι

428 3238 622 3293 mavit.
656 3238 833 3294 Nemo
882 3238 1038 3293 enim
1071 3242 1126 3293 te
1156 3240 1419 3306 deseret;
1451 3255 1588 3294 nam
1643 3238 1753 3307 tui,
1786 3242 1852 3292 ut
1888 3237 2072 3303 vides,

428 3326 717 3382 desiderio
767 3342 970 3382 omnes
1014 3326 1099 3382 vel
1132 3331 1267 3381 ante
1298 3330 1357 3381 te
1388 3327 1533 3383 mori
1589 3342 1990 3398 properamus,
2022 3333 2076 3379 et

431 3415 739 3488 praaripere
763 3414 918 3470 hunc
939 3415 1174 3470 beatum
1199 3415 1377 3471 ﬁnem
1399 3420 1455 3471 et
1477 3414 1943 3471 desiderabilem.
1973 3412 2075 3467 Ille

432 3509 625 3561 autem
659 3505 729 3559 ad
762 3504 917 3561 haac:
951 3505 1089 3576 Ego,
1122 3505 1204 3560 ait
1246 3506 1541 3572 omnibus,
1574 3521 1679 3577 ego
1727 3522 1828 3561 vos
1876 3520 2079 3561 omnes

435 3594 780 3666 praecedam,
813 3598 870 3648 et
898 3610 995 3649 ero
1024 3593 1185 3649 vobis
1215 3593 1275 3649 in
1307 3594 1423 3651 Deo
1454 3599 1645 3652 certus
1697 3596 1800 3651 vias
1839 3595 1976 3650 dux.
2014 3594 2081 3650 Ut

436 3697 537 3737 vos
568 3680 709 3737 mihi
741 3682 959 3752 primas
979 3683 1297 3739 conceditis
1318 3684 1377 3739 in
1398 3684 1793 3754 omnibus,ita
1812 3701 1911 3741 vos
1936 3682 2079 3739 mihi

439 3771 755 3840 concedite,
788 3775 852 3824 ut
882 3771 1096 3840 primus
1124 3772 1194 3824 ad
1227 3772 1517 3827 Christum
1544 3774 1835 3829 accedam.
1862 3773 2079 3828 Verum

441 3860 733 3914 enimvero
773 3857 879 3912 hoc
899 3873 1125 3929 quoque
1146 3858 1306 3914 vobis
1327 3858 1593 3915 ultimum
1613 3862 1684 3916 do
1704 3862 2078 3916 mandatum:

442 3948 500 4002 Si
531 3948 662 4018 quis
689 3962 948 4002 meorum
983 3946 1258 4017 filiorum,
1277 3952 1377 4003 aut
1406 3964 1627 4016 eorum,
1651 3950 1747 4019 qui
1770 3965 1978 4021 genere
2009 3950 2081 4004 ad

442 4051 533 4091 me
565 4035 835 4103 attinent,
860 4036 1095 4091 relictus
1126 4037 1320 4105 fuerit,
1348 4053 1691 4109 permanens
1714 4038 1771 4093 in
1796 4039 1904 4094 hoc
1938 4054 2082 4110 puro

444 4122 603 4179 cultu
654 4124 1137 4189 Christianorum,
1181 4126 1255 4181 sit
1304 4126 1487 4182 heres
1536 4143 1793 4184 mearum
1842 4128 2085 4184 faculta-

442 4217 589 4268 tum.
622 4215 801 4269 Porro
854 4220 1047 4271 autem
1096 4220 1214 4272 tres
1258 4216 1387 4274 illas
1417 4235 1485 4275 ex
1514 4219 1608 4287 iis,
1641 4236 1772 4291 quas
1809 4220 1955 4276 mihi
2003 4236 2089 4277 re-

443 4306 623 4368 stant,
658 4304 1059 4373 possessiones
1091 4306 1510 4375 puleherrimas
1538 4309 1668 4364 volo
1708 4310 1943 4365 attribui
1988 4326 2086 4365 oa-

442 4390 667 4446 tholicaa
717 4394 994 4461 ecclesiae,
1028 4412 1153 4465 quae
1184 4402 1272 4451 est
1300 4397 1679 4454 aedificanda:
1715 4416 1862 4469 quas
1912 4400 2085 4455 etiam

2183 3245 2289 3317 γὰρ
2347 3244 2495 3304 ’ὀστις
2554 3240 3018 3318 ἄπολειφθήσεταί
3088 3257 3204 3294 σου·
3267 3236 3381 3293 ἐπεὶ
3438 3234 3529 3291 καὶ
3586 3239 3666 3306 τῷ
3714 3236 3840 3305 περὶ

2189 3334 2245 3387 σὲ
2274 3331 2427 3403 πόθῳ
2475 3330 2688 3400 πάντες,
2746 3331 2821 3392 ὡς
2880 3331 3031 3406 ὁρᾷς,
3090 3328 3439 3403 ἐπειγόμεθα,
3500 3323 3545 3379 εἰ
3597 3322 3711 3378 οἷόν
3759 3344 3840 3394 τε,

2188 3420 2275 3476 καὶ
2306 3421 2591 3495 προθανεῖν
2621 3440 2738 3487 σου,
2791 3417 2882 3473 καὶ
2930 3419 2993 3473 τὸ
3058 3417 3321 3493 μακάριον
3379 3415 3541 3471 τοῦτο
3597 3412 3688 3467 καὶ
3737 3434 3841 3468 πο-

2189 3508 2358 3564 θεινὸν
2390 3507 2734 3582 προαρπάσαι
2785 3505 2968 3569 τέλος.
3028 3508 3087 3564 '0
3142 3504 3198 3561 δὲ
3248 3506 3384 3578 πρὸς
3433 3507 3622 3559 ταῦτα.
3674 3501 3840 3576 Ἐγὼ,

2187 3603 2346 3653 πᾶσιν
2415 3593 2540 3674 ἔφη,
2612 3597 2717 3672 ἐγὼ
2772 3595 2987 3652 πάντων
3051 3597 3202 3669 ὑμῶν
3292 3593 3674 3668 ἂφηγήσομαι,
3748 3591 3841 3644 καὶ

2190 3684 2391 3759 ὀδηγὸς
2422 3683 2688 3752 ἀπλανὴς,
2744 3686 2869 3757 ὑμῖν
2926 3684 2978 3740 ἐν
3029 3688 3144 3755 Θεῷ
3191 3684 3529 3759 φαοήσομαι.
3576 3680 3671 3743 Ὠς
3714 3676 3841 3752 ἐμοὶ

2186 3779 2295 3829 τῶν
2335 3772 2619 3847 πρωτείων
2673 3771 2726 3826 ἐν
2775 3777 2904 3827 πᾶσι
2958 3776 3356 3849 παρεχωρεῖτε,
3416 3770 3559 3826 οὕτω
3612 3791 3707 3846 μοι
3750 3766 3837 3821 καὶ

2188 3863 2393 3935 πρώτῳ
2457 3865 2672 3935 Χριστῷ
2737 3867 3073 3934 παραστῆναι
3140 3862 3598 3934 παραχωρήσατε.
3686 3856 3841 3925 Πλὴν

2192 3948 2335 4004 ἀλλὰ
2364 3949 2454 4002 καί
2483 3948 2684 4018 ταύτην
2715 3948 3028 4003 τελευταίαν
3064 3949 3190 4021 ὑμῖν
3242 3946 3468 4017 ἐντολὴν
3518 3945 3838 4020 ἐπιδίδωμι.

2192 4036 2258 4095 Εῗ
2285 4059 2366 4099 τις
2406 4041 2512 4091 τῶν
2541 4035 2687 4109 ἐμῶν
2718 4037 2937 4105 τέκνων,
2972 4038 3006 4105 ἤ
3030 4042 3140 4092 τῶν
3172 4037 3307 4091 κατὰ
3335 4039 3488 4113 γένος
3522 4058 3618 4109 μοι
3666 4057 3838 4111 προσ-

2194 4126 2437 4198 ηκόντων
2499 4125 2860 4205 ὑπολειφθείη
2918 4130 2988 4199 τῇ
3044 4128 3254 4202 καθαρᾷ
3306 4126 3475 4192 ταύτῃ
3530 4131 3637 4180 τῶν
3694 4129 3839 4198 Χρι-

2194 4222 2421 4273 στιανῶν
2464 4216 2710 4289 ἐμμένων
2748 4215 2990 4291 λατρεία.
3048 4223 3147 4285 τῆς
3205 4214 3346 4289 ἐμῆς
3406 4212 3641 4270 ἔστωσαν
3695 4213 3841 4284 κλη·

2196 4306 2423 4381 ρονόμοι
2456 4306 2786 4381 περιουσίας.
2838 4306 2933 4360 Καὶ
2979 4305 3104 4380 τρία
3152 4302 3209 4359 δὲ
3256 4310 3362 4359 τῶν
3397 4303 3689 4380 περιόντων
3746 4325 3839 4377 μοι

2195 4396 2505 4452 καλλίστων
2577 4398 2872 4469 κτημάτων
2925 4400 2994 4469 τῇ
3054 4392 3492 4467 οἰκοδομηθῆναι
3560 4392 3842 4468 μελλούσῃ

436 4480 561 4550 jam
613 4496 908 4536 consecro.
937 4486 1065 4535 Haec
1114 4499 1244 4537 cum
1297 4486 1555 4552 dixisset,
1586 4492 1642 4542 et
1672 4488 1882 4557 pepulo
1911 4489 2073 4544 bene-

2194 4482 2463 4558 καθολικῇ
2533 4483 2830 4553 Ἐκκλησία
2894 4483 3245 4555 κληρωθῆναι
3306 4481 3604 4556 βούλομαι,
3666 4484 3698 4537 ἅ
3752 4484 3841 4537 καὶ

445 4567 709 4634 dixisset,
740 4572 815 4623 et.
849 4568 935 4623 Sit
963 4568 1065 4623 tibi
1092 4568 1289 4639 gloria,
1326 4587 1357 4625 ο
1391 4573 1651 4640 Domine,
1685 4580 1921 4647 propter
1965 4593 2085 4633 om-

445 4657 562 4724 nia,
590 4656 1012 4728 subjunxisset,
1037 4673 1349 4714 conversus
1379 4659 1520 4715 dicit
1548 4663 1667 4733 regi
1691 4680 1704 4718 :
1730 4664 1924 4721 Laudo
1954 4670 2030 4735 te,
2056 4683 2087 4723 ο

445 4761 565 4811 rex,
600 4746 755 4815 quod
809 4761 950 4801 usus
998 4746 1080 4802 sis
1130 4746 1426 4818 patientia,
1468 4752 1525 4805 et
1574 4766 1688 4807 non
1732 4756 2087 4823 confuderis,

447 4839 544 4889 aut
573 4833 955 4905 interruperis
986 4852 1175 4891 meam
1207 4839 1633 4907 orationem,ut
1657 4857 1779 4897 mos
1814 4842 1914 4897 fuit
1946 4843 2086 4899 olim

446 4921 698 4993 regibus.
738 4922 1021 4987 Quoniam
1071 4940 1206 4997 ergo
1257 4926 1411 4982 nosti
1458 4932 1720 4985 nostrum
1761 4946 2002 5002 scopum
2033 4936 2090 4987 et

447 5009 803 5079 institutum,
831 5029 1039 5083 nempe
1069 5015 1219 5083 quod
1256 5015 1379 5070 fieri
1412 5033 1524 5072 non
1551 5022 1741 5088 potest
1772 5024 1852 5087 ut,
1878 5019 2089 5075 Christi

449 5098 607 5155 cultu
642 5099 860 5169 relicto,
885 5117 990 5156 nos
1020 5103 1120 5157 tibi
1154 5104 1564 5175 assentiamur,
1590 5108 1677 5162 fac
1705 5108 1853 5178 quod
1891 5125 2088 5180 super-

448 5192 556 5255 est,
580 5191 811 5258 tempus
842 5206 955 5245 non
990 5194 1178 5247 terens
1209 5191 1449 5249 diutius.

517 5365 666 5421 XXI.
700 5365 842 5419 Cum
876 5369 1049 5426 sciret
1091 5388 1221 5442 ergo
1271 5389 1369 5429 rex
1418 5391 1618 5432 eorum
1662 5380 1912 5433 mentem
1963 5393 2087 5434 esse

447 5450 890 5520 immutabilem,
925 5473 1027 5512 nec
1061 5460 1181 5514 ﬁeri
1231 5478 1397 5532 posse
1430 5468 1493 5519 ut
1525 5481 1623 5520 eos
1655 5467 1724 5520 ad
1758 5482 1925 5521 suam
1970 5470 2087 5521 tra-

448 5539 619 5595 ducat
650 5540 1215 5615 senlentiam,jussit
1244 5564 1339 5604 eos
1370 5551 1501 5607 duci
1533 5553 1603 5609 ad
1635 5554 1941 5627 quemdam
1974 5558 2088 5611 tor-

2193 4572 2302 4644 ἤδη
2337 4572 2561 4651 ἅφιερῶ.
2613 4576 2797 4629 Ταῦτα
2844 4571 3010 4626 εἰπὼν
3058 4572 3147 4627 καὶ
3195 4572 3286 4626 τὸν
3336 4571 3467 4627 λαὸν
3516 4571 3841 4649 εὐλογήσας,

2196 4662 2310 4735 καὶ,
2342 4662 2487 4733 Δόξα
2515 4682 2623 4732 σοι,
2657 4659 2843 4733 Κύριε,
2896 4661 3112 4715 πάντων
3162 4656 3361 4729 ἕνεκεν,
3413 4660 3673 4730 ἐπειπὼν,
3725 4660 3840 4715 ἐπι-

2198 4751 2448 4831 στραφεὶς
2478 4750 2627 4827 λέγει
2664 4754 2743 4820 τῷ
2789 4749 3022 4823 βασιλεῖ.
3086 4751 3321 4805 Ἐπαινῶ
3380 4770 3437 4805 σε
3488 4750 3839 4825 μακροθυμή-

2198 4862 2381 4911 σαντα,
2417 4840 2661 4914 βασιλεῦ,
2694 4839 2782 4894 καὶ
2840 4839 2915 4911 μή
2962 4838 3265 4915 συγχέαντά
3315 4860 3410 4912 μοι
3464 4840 3592 4900 τοὺς
3647 4836 3842 4914 λόγους

2196 4928 2231 4997 ἤ
2276 4927 2609 5000 διακόψαντα
2654 4927 2792 4981 κατά
2835 4928 2898 4981 τὸ
2943 4925 3115 4982 πάλαι
3174 4932 3291 4988 τοῖς
3354 4925 3635 5000 βασιλεῦσι
3692 4946 3838 4979 νενοι

2202 5015 2482 5089 μισμὲνον.
2516 5017 2619 5072 Καὶ
2648 5018 2833 5071 τοίνυν
2879 5014 2994 5070 ἐπεὶ
3041 5016 3131 5070 τὸν
3190 5015 3448 5091 ἡμέτερον
3490 5010 3660 5090 ἔγνως
3713 5035 3839 5069 σκο-

2196 5105 2320 5175 πὸν,
2381 5105 2452 5165 ὡς
2501 5103 2760 5161 ἄδύνατόν
2812 5108 2922 5159 ἐστι
2977 5111 3078 5175 τῆς
3134 5106 3369 5178 Χρισέοὖ
3418 5103 3671 5178 λατρείας
3726 5103 3842 5180 ἄφε-

2201 5195 2393 5267 μὲνους
2425 5196 2570 5267 ἡμᾶς
2614 5194 2894 5259 συνθέσθαι
2941 5210 3049 5266 σοι,
3099 5195 3161 5249 τὸ
3217 5195 3622 5268 παριστάμενον
3673 5190 3840 5262 ποίει,

2199 5284 2274 5354 μὴ
2302 5278 2507 5356 τρίϐων
2540 5281 2627 5336 ἐπὶ
2667 5280 2813 5337 πολὺ
2844 5282 2936 5336 τὸν
2959 5281 3167 5355 καιρόν.

2267 5372 2398 5429 ΚΔ’.
2436 5369 2608 5432 Εἰδὼς
2659 5370 2751 5426 οὖν
2780 5373 2807 5426 ὁ
2844 5370 3104 5444 βασιλεὺς
3154 5372 3227 5433 ὡς
3271 5372 3374 5441 τήν
3421 5370 3647 5447 γνώμην
3688 5366 3843 5445 ἔχου-

2198 5480 2277 5514 σιν
2359 5461 2782 5536 ἀμετάτρεπτον,
2850 5460 2939 5513 καὶ
3019 5460 3093 5524 ὡς
3169 5460 3267 5515 οὐκ
3324 5458 3383 5515 ἄν
3438 5478 3568 5515 ποτε
3626 5456 3841 5516 δύναιτο

2196 5549 2533 5625 μεταπείθειν
2578 5548 2795 5622 αὑτοὺς,
2842 5549 2933 5603 καὶ
2981 5551 3079 5620 τὴν
3138 5543 3450 5624 μεταϐολὴν
3505 5548 3841 5607 παντάπασιν
