4128 6274
3756 260 3788 317 1
3804 255 3937 317 276

505 277 653 336 1275
1853 276 2135 336 MENSlS

2266 272 2563 333 ZTOBER.

503 434 754 491 mediam
803 441 1098 492 ﬂammam
1132 440 1288 492 recta
1318 436 1722 505 conjiceretur.
1751 437 1900 489 Puer
1928 437 2143 500 autem,

2266 434 2442 501 μεῖτο,
2473 428 2565 482 καὶ
2597 444 2812 498 οημιων
2842 422 3007 492 αὐτὴν
3056 419 3414 476 συνὲπτυσσον
3464 422 3680 492 χεῖρας,
3730 411 3933 474 ἔπαυς’

2287 519 2299 523 -
2363 519 2372 523 -
2680 514 2692 523 .
2771 518 2792 523 _
3060 509 3081 523 λ
3289 510 3300 523 ,
3630 508 3641 523 .
3786 505 3796 523 .

503 524 603 593 qui
636 524 794 579 solus
840 531 1215 593 remanserat,
1244 524 1495 590 dolebat,
1526 523 1964 595 indignabatur,
1997 536 2142 593 aegre

2266 519 2573 589 ;ὐκόμιστος
2632 514 2820 574 αὐτοῖς
2879 509 3147 586 γενομένη
3234 510 3458 583 φόρτος,
3516 509 3653 561 κατά
3734 509 3925 576 μέσης

505 611 743 679 ferebat,
778 629 890 668 non
923 629 1087 668 secus
1118 630 1183 669 ac
1213 629 1412 669 recens
1442 613 1561 668 nati
1594 611 1762 684 pulli,
1798 629 1915 667 non
1956 612 2145 666 ferens

2266 606 2396 659 >ὕτω
2428 604 2636 682 φλογὸς
2668 602 2943 677 εὐστόχως
2994 598 3359 665 ἀκοντισθείη.
3410 596 3471 652 Ὁ
3520 595 3702 667 μέντοι
3752 597 3926 660 παῖς,

2313 693 2324 700 .
2490 693 2502 700 .
2591 691 2606 700 ι
2723 693 2741 700 Α
2780 691 2792 700 ι
2926 688 2950 700 .ι
3008 691 3028 700 Α
3226 685 3250 700 υ
3373 684 3432 700 κς
3600 680 3652 700 Ίδ
3786 682 3798 700 Ι

504 700 711 755 matris
742 701 1089 756 absentiam.
1124 702 1294 758 Porro
1345 706 1537 756 autem
1582 701 1640 755 in
1673 716 1877 772 gyrum
1920 706 2145 754 vertens

2266 693 2419 756 αόνος
2480 691 2850 769 ἀπολειφθεὶς,
2918 688 3146 758 ἤχθετο,
3215 684 3526 760 ἤσχαλλεν,
3597 684 3923 758 ἐδυσφόρει,

2372 784 2379 789 .
2580 782 2592 789 .
2858 779 2870 789 .
2984 782 3010 789 _
3118 774 3142 789 ..
3434 781 3461 789 _
3726 774 3741 789 .
3903 770 3918 787 ν

505 788 723 856 oculos,
757 794 813 844 et
858 791 1200 845 amicissima
1255 790 1457 862 lingua
1513 794 1753 845 matrem
1820 787 2144 859 requirens,

2266 784 2488 856 ιαθάπερ
2536 782 2603 835 τὰ
2654 779 2882 855 νεουργὰ
2944 782 3054 831 τῶν
3118 774 3331 845 ἳππων,
3396 781 3497 843 τῆς
3569 774 3780 845 μητρὸς
3853 774 3923 824 οὗ

502 877 655 932 videt
684 893 875 949 regem
924 880 1216 934 sedentem
1249 878 1309 935 in
1342 879 1587 945 excelso,
1619 882 1674 934 et
1705 879 1775 933 ad
1810 878 2001 949 ipsum
2053 893 2148 932 ac-

2266 874 2429 951 ρέρων
2494 873 2591 941 τὴν
2657 867 3050 942 ἀλλοτρίωσιν.
3114 865 3338 938 Ἀμέλει
3392 864 3481 917 καὶ
3554 864 3727 916 πυκνά
3782 864 3922 921 τοὺς

2266 960 2278 971 ι
2332 963 2352 971 Α
2413 967 2418 971 .
2518 959 2530 971 ι
2879 958 2888 971 Ι
3366 958 3393 969 ν
3585 952 3600 971 ‘
3733 949 3755 971 λ
3818 950 3869 971 νθκ

504 965 702 1033 currit,
733 967 931 1021 oculos
980 967 1201 1023 habens
1251 969 1455 1039 plenos
1504 968 1796 1039 lacrymis.
1831 966 2049 1022 Deinde
2090 979 2148 1020 se

2266 949 2576 1038 Ξφθαλμοὺς
2644 958 3012 1034 περιστρέφων
3108 958 3418 1027 πανταχοῦ,
3511 952 3601 1005 καὶ
3668 949 3919 1024 φιλτάτῃ

506 1052 793 1123 provolvit
822 1055 889 1109 ad
922 1054 1082 1109 illius
1106 1056 1300 1125 pedes,
1328 1072 1429 1127 pro
1452 1064 1633 1111 matre
1666 1071 1876 1127 rogans
1904 1062 1967 1109 ut
1994 1057 2150 1124 pote-

2266 1049 2480 1124 γλώσσῃ
2552 1048 2643 1102 καὶ
2720 1046 2931 1120 ὅμμασι
2998 1047 3096 1114 τὴν
3171 1042 3383 1143 μητέρα
3449 1042 3743 1143 ἐπιςητῶν,
3812 1039 3923 1143 ὁρᾷ

506 1145 620 1196 rat.
660 1142 761 1197 Ille
814 1147 1031 1211 autem,
1074 1159 1139 1200 eo
1191 1148 1425 1214 accepto
1473 1149 1530 1199 et
1573 1145 1819 1216 genibus
1877 1143 2153 1215 imposito

2266 1139 2562 1209 καθήμενον
2593 1136 2681 1190 ἐπὶ
2715 1133 2987 1208 μετεώρου
3035 1133 3125 1188 τὸν
3180 1130 3429 1206 βασιλέα,
3474 1129 3563 1184 καὶ
3616 1130 3756 1203 πρὸς
3812 1129 3920 1181 αὖ-

2295 1228 2306 1235 .
2401 1227 2414 1235 .
2576 1226 2585 1235 ι
2741 1224 2762 1235 σι
2889 1225 2900 1235 ι
3106 1225 3117 1235 ι
3235 1222 3250 1235 δ
3301 1224 3322 1235 Α
3369 1221 3388 1235 \
3485 1219 3499 1235 \
3596 1221 3608 1235 ο
3670 1215 3691 1235 -Ι
3740 1218 3762 1235 \

508 1234 655 1298 (erat
698 1232 854 1286 enim
898 1248 1042 1303 puer
1073 1233 1253 1289 scitus
1287 1238 1341 1289 et
1366 1234 1623 1305 elegans,
1655 1238 1712 1289 et
1742 1233 1862 1304 qui,
1891 1236 1955 1287 ut
1985 1248 2151 1303 puer,

2266 1228 2347 1282 τὸν
2390 1226 2685 1301 ἀποτρέχει
2737 1224 2982 1300 δακρύων
3038 1225 3165 1285 τοὺς
3227 1219 3544 1301 ὀφθαλμοὺς
3590 1218 3918 1280 ὑπόπλεως.

507 1318 760 1373 suaviter
784 1317 1187 1389 balbutiebat),
1222 1321 1457 1393 rogabat
1486 1338 1620 1377 cum
1654 1338 1768 1392 quo
1802 1320 2002 1377 mallet
2027 1336 2155 1376 ver-

509 1406 646 1473 sari,
666 1411 721 1461 et
748 1423 919 1478 quem
948 1408 1134 1480 magis
1157 1409 1441 1481 diligeret.
1467 1408 1568 1466 Ille
1590 1414 1785 1465 autem
1810 1413 2053 1465 matrem
2076 1410 2158 1465 di-

510 1496 700 1563 cebat,
756 1501 1041 1553 matrem:
1074 1502 1129 1553 et
1160 1515 1290 1555 eam
1342 1498 1589 1555 deﬂebat
1630 1500 1881 1555 assidue.
1925 1501 2159 1571 Propter

508 1600 635 1640 eam
690 1585 868 1652 enim,
903 1587 1114 1659 inquit,
1145 1589 1295 1656 veni,
1329 1594 1385 1645 et
1414 1606 1573 1662 rogo,
1602 1607 1633 1645 o
1667 1606 1787 1659 rex,
1820 1605 1942 1645 eam
1987 1589 2158 1653 solvi,

508 1676 572 1727 ut
601 1689 693 1728 me
723 1690 955 1746 quoque
999 1676 1178 1731 simul
1223 1686 1481 1732 assumat
1535 1678 1608 1732 ad
1658 1677 2020 1749 martyrium.
2052 1675 2155 1732 Illa

507 1761 662 1816 enim
696 1778 788 1817 me
821 1780 969 1834 saepe
999 1764 1073 1819 ad
1103 1764 1211 1819 hoc
1240 1765 1466 1821 hortata
1495 1770 1598 1820 est.

2261 1316 2393 1373 Εἶτα
2422 1322 2536 1378 τοῖς
2590 1316 2794 1371 ἐκείνου
2848 1310 3316 1388 περιεκαλινδεῖτο
3372 1311 3553 1378 ποσὶν,
3615 1309 3747 1381 ὑπὲρ
3802 1314 3908 1375 τῆς

2267 1407 2497 1477 μητρὸς,
2547 1406 2622 1466 ὡς
2667 1405 2804 1480 εἶχε,
2854 1402 3129 1478 δεόμενος.
3179 1402 3238 1457 Ὀ
3288 1398 3344 1455 δὲ
3395 1394 3600 1469 λαϐὼν,
3649 1398 3739 1452 καὶ
3795 1402 3919 1458 τοῖς

2262 1495 2452 1568 γόνασι
2482 1496 2720 1571 περιθεὶς
2761 1494 2851 1568 (ἦν
2882 1492 2985 1568 γὰρ
3029 1493 3092 1547 τὸ
3141 1488 3355 1545 παιδίον
3404 1489 3496 1543 καὶ
3545 1488 3734 1562 χάριεν
3792 1488 3915 1540 οἷον

2263 1585 2351 1641 καὶ
2386 1583 2595 1639 ἀστεῖον
2628 1585 2725 1652 τὴν
2777 1579 2921 1656 ὄψιν,
2970 1581 3059 1635 καὶ
3108 1578 3284 1649 ἡδέως
3321 1577 3389 1633 τὰ
3431 1574 3656 1631 παιδικὰ
3706 1572 3918 1648 ψελλι-

2265 1675 2541 1747 ζόμενον),
2583 1673 2835 1746 ἀνηρώτα
2887 1672 2993 1726 τίνι
3051 1667 3262 1741 μᾶλλον
3314 1665 3374 1721 ἅν
3420 1661 3604 1721 ἕλοιτο
3654 1670 3917 1733 συνεῖναι,

2259 1764 2347 1819 καὶ
2374 1762 2496 1818 τίνα
2527 1760 2694 1816 πλέον
2726 1761 2895 1837 φιλεῖ.
2940 1759 3020 1816 Τὸ
3070 1757 3128 1813 δὲ
3170 1759 3269 1826 τὴν
3326 1751 3538 1829 μητέρα
3593 1752 3769 1830 ἔλεγε,
3814 1754 3921 1819 τήν

514 1847 743 1922 μητέρα,
800 1849 890 1903 καὶ
946 1852 1147 1921 ταύτην
1190 1853 1417 1927 συνεχάς
1478 1850 1819 1909 ἀνεκλαίετο.
1878 1854 1981 1909 Καὶ
2040 1854 2143 1929 γὰρ
2205 1853 2372 1918 αὐτῆς
2427 1849 2599 1905 ἕνεκεν
2658 1851 2957 1925 ἀφικόμην,
3025 1848 3182 1922 φησὶ,
3239 1846 3330 1902 καὶ
3388 1843 3724 1913 ἀπολυθῆναι
3791 1841 3921 1947 ταύ-

512 1958 636 2006 την,
695 1939 739 1991 ὤ
799 1937 1044 2011 βασιλεῦ,
1104 1938 1319 2015 δέομαι,
1372 1938 1463 1995 ’ίνα
1509 1942 1599 1996 καὶ
1650 1942 1745 2014 ἐμὲ
1794 1938 2197 2017 συμπαραλαϐῃ
2248 1943 2383 2016 πρὸς
2427 1942 2490 1996 τὸ
2551 1940 2865 2016 μαρτύριον·
2926 1937 3141 2009 Ἐκείνη
3212 1938 3317 2014 γάρ
3377 1957 3443 2009 με
3497 1933 3770 1995 πολλάκις
3840 1933 3917 1994 εἰς

511 2033 707 2083 τοοῦτο
739 2027 997 2101 ἐξεκαλεῖ.

587 2119 794 2175 XXIII.
824 2122 1144 2178 Attendens
1196 2126 1390 2179 autem
1436 2140 1535 2180 rex
1564 2125 1738 2180 verba
1776 2124 1976 2195 pueri:
2009 2124 2155 2192 Quid

517 2213 606 2264 est
642 2214 834 2265 autem
867 2210 996 2277 hoc,
1029 2213 1240 2284 inquit,
1273 2215 1430 2284 quod
1476 2214 1621 2271 dicis
1670 2215 2063 2288 martyrium?
2092 2215 2157 2284 Ο,

516 2313 644 2368 quae
664 2298 842 2353 etiam
864 2300 1117 2357 infantes
1138 2303 1427 2372 sapientes
1451 2304 1660 2371 reddit,
1685 2309 1868 2372 tuam,
1893 2304 2158 2373 Domine,

516 2387 759 2454 gratiam
795 2405 897 2459 pro
929 2388 1176 2456 Christo,
1196 2390 1409 2462 inquit,
1444 2394 1616 2459 mori,
1638 2396 1696 2448 et
1718 2409 1920 2448 rursus
1951 2394 2156 2447 vivere.

514 2476 621 2530 Sed
655 2476 785 2546 quis
819 2481 908 2531 est
938 2477 1030 2533 hic
1077 2479 1364 2547 Christus,
1399 2498 1607 2538 rursus
1652 2483 1795 2538 dicit
1841 2483 1988 2537 rex?
2017 2481 2159 2536 Puer

516 2573 748 2621 autem:
782 2566 926 2621 Veni
976 2568 1111 2633 huc,
1164 2569 1377 2639 inquit,
1429 2572 1498 2626 ad
1549 2571 1873 2639 ecclesiam,
1919 2576 1975 2626 et
2022 2586 2156 2625 eum

516 2655 622 2708 tibi
654 2657 979 2711 ostendam.
1004 2659 1243 2713 Interim
1267 2664 1461 2714 autem
1484 2676 1613 2715 cum
1635 2666 1877 2716 matrem
1902 2660 2158 2731 aspexis-

516 2749 624 2809 set,
659 2744 802 2799 ﬂens
852 2744 1034 2800 dixit:
1066 2747 1219 2812 Sine,
1254 2747 1380 2804 sine
1423 2764 1514 2804 me
1559 2749 1753 2805 venire
1783 2750 1852 2804 ad
1888 2756 2154 2805 matrem.

513 2830 688 2887 Video
721 2833 873 2888 enim
920 2850 1046 2889 eam
1094 2836 1268 2904 trahi,
1300 2842 1355 2893 et
1385 2836 1536 2893 male
1583 2837 1739 2893 afﬁci
1769 2855 1802 2893 a
1831 2837 2154 2893 lictoribus.

523 2919 642 2974 Rex
671 2925 861 2976 autem
894 2939 908 2977 :
941 2923 1057 2977 Cur
1076 2922 1213 2990 huc,
1246 2926 1410 2993 dixit,
1443 2927 1671 2992 venisti,
1705 2935 1885 2983 matre
1917 2926 2159 2984 relicta?

517 3007 628 3062 Sed
662 3007 740 3062 sis
763 3008 856 3064 hic
886 3011 1213 3081 nobiscum,
1237 3018 1293 3067 et
1314 3015 1463 3069 dabo
1486 3014 1587 3069 tibi
1611 3014 1905 3085 quoslibet
1934 3017 2156 3071 fructus

2342 2124 2464 2181 KI".
2512 2120 2781 2196 Προσχὼν
2827 2119 3005 2175 τοίνυν
3037 2120 3064 2173 6
3099 2117 3355 2193 βασιλεὺς
3403 2121 3518 2177 τοῖς
3574 2118 3671 2169 τοῦ
3719 2110 3917 2174 παιδὸς

2272 2212 2477 2285 λόγοις.
2508 2209 2656 2267 Τίδέ
2694 2211 2806 2266 ἐστι
2852 2214 3034 2280 τοῦτο,
3084 2209 3250 2276 εἶπεν,
3281 2208 3309 2262 ’ὸ
3342 2204 3523 2282 λέγεις
3583 2203 3915 2279 μαρσύριον;

2268 2302 2341 2356 Τὸ
2374 2299 2450 2367 δέ,
2475 2302 2539 2355 Ὢ
2566 2308 2665 2370 τῆς
2696 2297 3079 2368 συνετιζούσης
3109 2297 3197 2351 καὶ
3224 2294 3916 2368 νηπίους,Δέσποτα,χάρι-

2268 2409 2360 2450 τος
2391 2390 2452 2444 τὸ
2492 2389 2776 2453 ἀποθανεῖν
2829 2388 2958 2460 ὑπὲρ
3001 2389 3255 2459 Χριστοῦ,
3308 2378 3433 2462 ἔφη,
3483 2383 3572 2437 καὶ
3619 2383 3774 2445 αὗθις
3823 2383 3919 2449 ζῆ-

2270 2498 2376 2533 σαι.
2412 2475 2591 2531 Ἀλλά
2641 2476 2724 2539 τίς
2759 2478 2786 2530 6
2818 2474 3055 2549 Χριστὸς
3105 2473 3266 2535 οὗτός
3313 2470 3449 2539 ἐστι,
3507 2470 3672 2527 πάλιν
3706 2472 3733 2524 ὁ
3768 2471 3916 2545 βασι-

2269 2564 2415 2626 λεύς.
2446 2566 2551 2620 Καὶ
2609 2565 2671 2618 τὸ
2727 2562 2964 2619 παιδίον·
3026 2567 3193 2639 Δεῦρο
3252 2562 3397 2635 παρὰ
3445 2561 3546 2630 τὴν
3596 2558 3912 2627 ἐκκλησίαν,

2266 2647 2393 2730 ἔφη,
2434 2652 2523 2707 καί
2568 2653 2726 2708 αὐτὸν
2773 2649 3037 2724 ὑποδείξω
3087 2672 3193 2706 σοι.
3243 2652 3349 2707 Καὶ
3396 2649 3592 2722 μεταξὺ
3641 2650 3913 2720 παραθεα-

2267 2743 2495 2815 σάμενος
2556 2744 2654 2812 τήν
2759 2742 2989 2816 μητερα,
3065 2741 3281 2810 Ἕασον,
3372 2739 3912 2812 κλαυθμυριζόμενος

2267 2832 2434 2900 εἶπεν,
2504 2827 2658 2886 ἔασον
2722 2831 2818 2899 τὴν
2897 2830 3107 2903 μητέρα
3172 2823 3513 2884 καταλαϐεῖν.
3597 2828 3744 2900 Ὀρῶ
3810 2826 3912 2899 γὰρ

2270 2925 2371 2979 ὑπὸ
2402 2928 2509 2979 τῶν
2567 2922 2783 2997 δημίων
2835 2920 3161 2996 ἑλκομένην,
3211 2921 3302 2976 καὶ
3354 2924 3532 2981 κακῶς
3574 2918 3911 2992 πάσχουσαν.

2266 3014 2327 3070 Ὁ
2389 3010 2641 3087 βασιλεὺς
2692 3009 2805 3065 οὖν’
2867 3012 2964 3065 Καὶ
3019 3011 3167 3071 τίνος
3247 3009 3406 3083 χάριν
3473 3007 3604 3076 ἧκες
3667 3005 3913 3077 ἐνταῦθα,

514 3096 961 3168 pulcherrimos.
986 3099 1103 3155 Ποο
1135 3100 1231 3157 ille
1264 3103 1496 3172 quidem
1531 3084 1696 3172 dixit,
1715 3108 1996 3176 tanquam
2020 3121 2153 3160 cum

2269 3084 2441 3176 λέγει,
2473 3104 2572 3171 τήν
2610 3100 2819 3174 μητέρα
2846 3098 3199 3167 καταλιπών;
3235 3096 3391 3155 Ἀλλ’
3436 3095 3525 3152 ἔσο
3580 3097 3697 3170 μεθ’
3728 3097 3910 3168 ἡμῶν,

514 3184 761 3256 simplici
808 3203 1007 3255 puero,
1041 3192 1213 3259 atque
1262 3189 1404 3245 adeo
1446 3207 1619 3262 puero
1650 3209 1710 3248 se
1756 3193 1914 3264 loqui
1964 3193 2158 3249 existi-

515 3289 703 3329 mans.
728 3274 828 3328 Ille
855 3291 985 3329 vero
1009 3276 1178 3348 longe
1209 3295 1384 3350 super
1414 3286 1637 3336 aetatem
1666 3282 1979 3354 prudentia
2010 3299 2154 3352 prai-

513 3361 689 3430 ditus,
723 3362 893 3433 plane
943 3366 1245 3434 renuebat,
1279 3367 1517 3423 dicens:
1548 3373 1671 3424 Non
1724 3370 1819 3425 hic
1868 3371 2150 3425 manebo:

515 3460 755 3506 matrem
788 3453 1087 3522 desidero;
1121 3472 1259 3511 nam
1288 3458 1601 3514 arbitratus
1632 3464 1688 3514 te
1719 3475 1844 3515 esse
1873 3459 2152 3517 Christia-

514 3554 678 3604 num,
709 3541 838 3595 veni
872 3558 972 3611 pro
1004 3558 1071 3598 ea
1115 3550 1445 3615 rogaturus.
1481 3548 1620 3603 Cum
1664 3547 1924 3605 Judaeum
1959 3556 2151 3605 autem

516 3627 855 3695 invenerim,
892 3634 1083 3687 tecum
1118 3650 1221 3689 nec
1252 3635 1377 3691 volo
1426 3636 1657 3706 quidem
1686 3638 1931 3705 versari,
1966 3655 2153 3710 neque

517 3716 780 3772 sustineo
813 3736 846 3772 a
875 3728 924 3773 te
956 3722 1194 3775 omnino
1224 3723 1442 3793 aliquid
1489 3724 1785 3795 accipere:
1820 3727 1928 3782 hoc
1957 3733 2150 3783 autem

515 3803 704 3860 solum
737 3806 879 3859 mihi
913 3808 1185 3873 concede,
1212 3826 1243 3863 ο
1266 3826 1385 3877 rex,
1412 3816 1474 3865 ut
1505 3813 1575 3866 ad
1613 3818 1855 3869 matrem
1878 3820 2150 3874 revertar.

514 3891 726 3962 Regem
759 3896 995 3964 stupore
1028 3896 1215 3951 aﬂ'ecit
1247 3898 1410 3967 pueri
1442 3900 1747 3970 sapientia.
1773 3904 2014 3966 Quidam
2048 3921 2151 3959 au-

513 3983 629 4035 tem
675 3996 743 4035 ex
790 3982 880 4050 iis,
915 3985 1016 4054 qui
1063 3985 1590 4053 circumsistebant,
1625 3991 2013 4061 excogitantes
2055 3993 2154 4047 ali-

514 4068 649 4137 quid
708 4071 1049 4141 sapientius,
1081 4074 1393 4131 censebant
1422 4083 1483 4132 ut
1525 4077 1719 4134 infans
1772 4080 2154 4138 abduceretur

514 4157 585 4211 ad
618 4158 901 4228 reginam,
933 4162 1019 4217 sic
1048 4167 1303 4220 teneram
1335 4170 1564 4223 aetatem
1594 4173 1870 4225 conantes
1900 4170 2149 4232 allicere.

512 4248 660 4302 Nam
683 4263 811 4302 cum
837 4265 969 4320 rege
985 4252 1217 4322 quidem
1239 4256 1720 4313 consuetudinem
1742 4260 2156 4317 existimabant

513 4350 637 4389 esse
678 4353 856 4407 puero
912 4339 1234 4410 insolitam,
1283 4348 1347 4399 ut
1395 4345 1617 4402 virilem
1667 4352 1724 4403 et
1767 4350 2152 4420 asperiorem:

2264 3190 2354 3244 καὶ
2385 3196 2487 3245 πᾶν
2519 3196 2627 3245 τῶν
2658 3189 2888 3263 ὀπωρῶν
2943 3187 3236 3243 κάλλιστον
3280 3184 3533 3241 ἐπιδώσω
3584 3206 3692 3241 σοι.
3740 3186 3912 3240 Τοῦτο

2264 3277 2470 3340 ἐκεῖνος
2538 3277 2631 3349 μὲν
2689 3277 2762 3337 ὡς
2822 3274 3074 3347 ἁπλοῖκῷ
3140 3272 3342 3347 παιδίῳ
3396 3274 3487 3327 καὶ
3544 3271 3759 3349 ἀφελεῖ,
3824 3270 3911 3325 καὶ

2264 3362 2392 3420 αὐτό
2449 3386 2511 3440 γε
2568 3369 2728 3419 τοῦτο
2797 3362 2951 3419 παιδὶ
3020 3362 3373 3439 ἐντυγχάνειν
3434 3361 3705 3434 οἰόμενος,
3776 3361 3907 3417 εἷπε.

2261 3456 2336 3511 Τὸ
2368 3452 2424 3510 δὲ
2456 3454 2556 3529 ἄρα
2610 3452 2811 3526 πολλῷ
2868 3457 2969 3518 τῆς
3016 3451 3237 3522 ἡλικίας
3294 3454 3393 3522 τήν
3455 3451 3717 3527 φρόνησιν
3774 3469 3911 3524 προ-

2262 3547 2503 3616 ήκουσαν
2559 3538 2712 3621 ἔχον,
2770 3543 3022 3606 ἐπιεικῶς
3077 3542 3333 3613 ἀνένευεν,
3419 3540 3652 3609 Οὐκοῦν,
3730 3538 3906 3611 λέγον,

2263 3634 2361 3689 οὐκ
2428 3633 2653 3688 ἐνταῦθα
2745 3635 3038 3705 παραμενῷ
3112 3635 3268 3703 ποθῷ
3334 3630 3437 3706 γὰρ
3510 3631 3608 3697 τῆν
3681 3628 3905 3701 μητέρα.

2262 3723 2366 3780 Καὶ
2419 3724 2476 3776 σὲ
2534 3719 2590 3776 δὲ
2648 3721 2971 3795 Χριστιανὸν
3032 3721 3168 3774 εἶναι
3221 3717 3472 3791 νομίσας,
3541 3715 3709 3787 ἦλθον
3778 3716 3905 3789 ὑπὲρ

2262 3812 2430 3881 αὐτῆς
2478 3809 2828 3884 δεησόμενος·
2887 3809 3020 3882 μετὰ
3066 3806 3331 3866 Ἰουδαίου
3377 3809 3477 3882 γὰρ
3532 3805 3657 3862 οὐδὲ
3710 3804 3910 3879 διατρί-

2264 3900 2374 3955 ϐειν
2406 3899 2551 3960 ὅλως
2582 3898 2775 3969 ἐθέλω,
2818 3899 2942 3953 ουδὲ
2992 3894 3177 3954 λαϐεῖν
3225 3920 3276 3952 τι
3318 3897 3463 3972 παρά
3502 3902 3602 3950 σοῦ
3648 3896 3711 3950 τὸ
3744 3897 3905 3970 παρά·

2261 4011 2364 4045 παν
2398 3984 2687 4066 ἁνὲχομαι.
2720 3992 2891 4043 Τοῦτο
2946 3985 3003 4042 δέ
3046 4009 3139 4059 μοι
3192 3985 3282 4049 δὸς
3338 3986 3524 4061 μόνον,
3572 3984 3616 4039 ὦ
3659 3985 3907 4059 βασιλεύ,

2259 4078 2322 4134 τὸ
2372 4078 2508 4153 πρὸς
2552 4078 2651 4145 τὴν
2710 4076 2917 4152 μητέρα
2971 4075 3136 4132 πάλιν
3192 4075 3524 4140 ἐπανελθεῖν.
3583 4073 3910 4143 Ἐξὲπληττε

2263 4171 2353 4226 τὸν
2391 4167 2616 4246 βασιλέα
2647 4170 2710 4224 τὸ
2735 4169 3011 4223 εὐσύνετον
3039 4172 3135 4223 τοῦ
3165 4165 3377 4232 παιδός.
3407 4169 3530 4223 Τῶν
3563 4167 3656 4221 οὗν
3690 4185 3909 4238 περιεσ-

2262 4262 2451 4316 τώτων
2479 4260 2642 4328 τινὲς,
2676 4257 2985 4337 σοφώτερον
3036 4255 3196 4327 δῆθέν
3241 4279 3295 4312 τι
3342 4260 3652 4321 ποιοῦντες,
3683 4255 3909 4328 ἀπάγειν

2263 4350 2400 4423 πρὸς
2436 4354 2533 4417 τὴν
2593 4349 2909 4423 βασίλισσαν
2961 4346 3020 4400 τὸ
3066 4342 3278 4400 παιδίον
3341 4343 3524 4417 ἠξίουν
3578 4345 3641 4399 τὸ
3698 4340 3906 4397 ἁπαλὸν

515 4424 664 4517 quod
698 4425 748 4480 si
777 4427 1028 4482 audierit
1057 4431 1316 4501 reginam
1349 4439 1404 4488 et
1434 4435 1760 4506 mulierem,
1794 4444 2061 4511 prompto
2093 4444 2150 4497 et

2266 4437 2405 4492 οὕτω
2443 4443 2543 4505 τῆς
2582 4435 2804 4505 ἡλικίας
2868 4434 3171 4508 ὑποκλέψαι
3229 4434 3586 4507 πειρώμενοι.
3637 4432 3752 4499 Τὴν
3817 4431 3907 4503 μὶν

515 4511 690 4567 alacri
736 4514 928 4569 animo
977 4532 1101 4571 eam
1156 4529 1516 4594 secuturum,
1549 4528 1614 4579 ut
1642 4525 1736 4595 qui
1767 4527 1958 4583 adhuc
1999 4530 2148 4599 apud

516 4609 756 4657 matrem
788 4602 1000 4660 blande
1029 4606 1394 4679 educaretur,
1417 4618 1471 4666 et
1491 4612 1739 4669 molliori
1770 4615 2150 4674 delectaretur

514 4691 954 4747 consuetudine.
978 4692 1188 4751 Verum
1211 4698 1373 4766 pueri
1407 4715 1612 4757 rursus
1641 4701 2028 4776 intelligentia
2058 4723 2152 4762 eu-

513 4778 734 4847 peravit
777 4778 1011 4837 illorum
1061 4784 1460 4843 calliditatem.
1513 4790 1582 4845 Et
1630 4808 1735 4848 nec
1783 4795 1865 4850 eis
1915 4796 2148 4865 quidem

513 4866 750 4923 omnino
781 4869 850 4923 ad
884 4869 1006 4926 haec
1036 4872 1212 4929 dabat
1237 4890 1579 4948 responsum
1607 4896 1621 4937 :
1654 4883 1751 4938 sed
1785 4884 2151 4941 vehementer

514 4953 701 5009 solum
734 4958 974 5015 vocabat
996 4966 1261 5033 matrem,
1286 4973 1340 5020 et
1362 4967 1419 5022 in
1442 4984 1569 5024 eam
1595 4987 1724 5026 cum
1750 4971 1974 5028 animos
1999 4979 2149 5030 totos

511 5040 795 5112 defigebat
826 5045 1047 5103 oculos.

2258 4528 2363 4602 γὰρ
2427 4526 2561 4600 μετά
2616 4530 2713 4581 τοῦ
2784 4521 3050 4598 βασιλέως
3110 4522 3333 4597 ὁμιλιαν
3400 4522 3542 4592 ἀήθη
3608 4525 3690 4593 τῷ
3754 4517 3905 4574 παιδῖ

2258 4616 2436 4687 ᾤοντο
2466 4618 2605 4670 εἶναι
2637 4616 2710 4676 ὡς
2750 4612 3002 4689 ἀνδρώδη
3053 4612 3143 4669 καί
3197 4611 3556 4687 τραχυτέραν·
3598 4610 3645 4665 εί
3696 4608 3753 4665 δὲ
3813 4610 3906 4684 βα-

2261 4705 2503 4761 σίλισσαν
2558 4703 2805 4758 ἀκούσειε
2859 4704 2950 4757 καὶ
3007 4707 3260 4778 γυναῖκα,
3344 4700 3649 4774 προθύμως
3723 4699 3907 4760 αὐτοῖς

2261 4793 2675 4862 ἀκολουθήσειν,
2726 4792 2815 4846 ἅτε
2866 4793 3012 4867 παρά
3071 4792 3238 4867 μητρῖ
3299 4792 3604 4865 χαριέντως
3661 4784 3737 4844 ἔνι
3797 4808 3909 4861 τρε-

2260 4883 2512 4961 φόμενον,
2544 4882 2634 4936 καὶ
2666 4879 3046 4955 ἂπαλωτὲραις
3096 4887 3291 4956 χαῖρον
3351 4880 3623 4953 ὁμιλίαις.
3671 4877 3824 4936 Ἀλλ’
3870 4880 3906 4946 ἡ

2256 4975 2352 5025 τοῦ
2400 4968 2593 5034 παιδὸς
2651 4972 2856 5031 σύνεσις
2906 4968 3072 5025 πάλιν
3128 4971 3226 5039 τὴν
3286 4968 3503 5025 ἐκείνων
3570 4964 3909 5043 ὑπερέϐαλλε

2259 5058 2610 5135 πανουργίαν,
2656 5061 2747 5115 καὶ
2799 5057 2925 5115 οὐδὲ
2981 5058 3264 5134 ἀπόκρισιν
3322 5061 3511 5121 αὐτοῖς
3570 5058 3717 5120 ὅλως
3770 5057 3908 5131 πρὸς

513 5132 685 5226 τξίῦτῗι
714 5128 914 5226 ἐδίδουν
946 5135 1091 5192 ἀλλά
1127 5139 1297 5211 μόνην
1342 5142 1652 5200 ἀνεκαλεῖτο
1704 5150 1916 5219 θερμῶς
1959 5150 2057 5218 τὴν
2107 5152 2339 5226 μητέρα,
2395 5128 2488 5207 καί
2534 5153 2671 5226 πρὸς
2717 5151 2885 5219 αὐτὴν
2926 5149 3053 5206 ὅλον
3118 5151 3252 5224 μετά
3306 5158 3405 5221 τῆς
3471 5154 3658 5225 ψυχῆς
3712 5150 3909 5223 ἀπεῖχε

512 5216 603 5270 τὸν
644 5217 948 5294 ὀφθαλμόν,

581 5307 783 5363 XXIV.
818 5314 955 5367 Cum
1002 5316 1172 5373 etiam
1222 5320 1462 5376 vidisset
1502 5323 1666 5393 injici
1713 5325 1771 5380 in
1805 5324 2021 5397 ignem,
2056 5344 2153 5386 ve-

508 5393 841 5451 hementius
889 5400 1291 5463 inﬂammatus
1343 5410 1682 5480 visceribus,
1731 5393 1905 5469 aud'et
1952 5419 2149 5473 statim

508 5498 652 5575 puer
699 5482 918 5575 aliquid
971 5490 1220 5547 fortius:
1253 5499 1310 5549 et
1357 5512 1489 5551 cum
1540 5500 1795 5558 stetisset
1838 5503 1909 5557 ad
1961 5520 2151 5575 genua

508 5569 743 5641 tyranni
772 5569 1041 5643 Dunaan,
1065 5596 1126 5636 se
1156 5582 1470 5653 inclinans,
1493 5588 1702 5646 acriter
1722 5591 1917 5663 ipsum
1950 5569 2145 5667 regem

2335 5331 2455 5386 KA'.
2491 5327 2643 5387 Ἰδὼν
2696 5328 2752 5385 δὲ
2804 5328 3169 5405 ῥιπτουμένην
3218 5330 3383 5398 αὐτὴν
3420 5329 3556 5384 κατᾶ
3604 5334 3707 5397 τῆς
3763 5329 3906 5404 φλο-

2267 5417 2382 5493 γὸς,
2413 5418 2597 5473 καὶτὰ
2640 5418 2930 5493 σπλάγχνα
2980 5415 3286 5489 διακαυθὲν,
3328 5417 3512 5491 τολμᾷ
3560 5439 3613 5472 τι
3659 5416 3749 5471 καὶ
3799 5438 3905 5471 πα-

2262 5502 2641 5581 ραϐολώτερον
2708 5508 2859 5570 ἑυθὺς
2923 5508 2983 5561 τὸ
3041 5505 3278 5561 παιδίον·
3368 5507 3457 5561 καὶ
3524 5508 3596 5567 ὡς
3663 5505 3903 5577 είς-τήκει

2256 5595 2392 5667 πρὸς
2449 5601 2564 5657 τοῖς
2619 5600 2717 5649 τοῦ
2768 5596 3023 5672 τυράννου
3078 5595 3263 5668 γόνασι
3321 5596 3578 5665 Δουναὰν,
3636 5593 3907 5671 ἐπικύψας
