4128 6274
283 267 438 327 1277

1491 281 1968 349 MARTYRIUM
2017 289 2080 349 S.
2134 288 2492 348 ARETH/E.

3521 291 3678 350 12⁵78

282 421 642 500 σφοδρότερον
696 429 831 483 κατὰ
878 433 975 484 τοῦ
1035 436 1215 505 μηροῦ
1274 431 1454 491 δάκνει
1521 440 1613 494 τὸν
1680 440 1928 516 βασιλέα,

2046 445 2271 502 mordet
2293 446 2348 501 in
2375 446 2610 502 femore.
2637 445 2738 502 Ille
2761 448 2976 516 autem,
2997 445 3172 502 simul
3194 450 3368 519 atque
3397 445 3680 502 sensisset

282 515 342 570 Ὀ
393 512 448 569 δέ
496 521 593 572 τοῦ
653 515 932 593 δήγματος
989 522 1102 594 ἅμα
1177 521 1521 600 αἰσθόμενος,
1581 512 1689 584 καὶ-
1743 530 1928 586 διατα-

289 605 514 678 ραχθεὶς
582 607 742 660 αὐτὸν
804 609 1123 679 ἀπωθεῖται,
1155 614 1241 666 καὶ
1303 616 1408 668 τῶν
1457 625 1557 686 τῆς
1617 618 1929 695 συγκλήτου

281 693 388 782 τινὶ
453 691 844 767 παραδίδωσιν,
905 697 984 775 ἐφ’
1043 700 1088 770 ᾧ
1157 700 1370 773 μᾶλλον
1429 691 1739 770 Ἰουδαϊκῶς
1794 691 1930 782 παρ’

283 779 469 854 ἐκείνῳ
519 783 744 862 τραφείη
797 787 884 840 καὶ
953 787 1042 841 τὸν
1093 793 1521 866 Χριστιανισμὸν
1581 779 1920 869 ἐξομόσαιτο.

285 870 388 926 Καὶ
421 872 448 925 6
499 872 594 944 μὶν
651 868 837 928 λαϐὼν
886 876 978 930 τὸν
1046 875 1214 934 παῖδα
1271 881 1455 955 ἀπῄει,
1505 885 1572 940 τὰ
1617 868 1926 961 πραχθέντα

281 960 610 1047 ποιούμενος
655 959 745 1017 διὰ
803 963 1098 1038 θαύματος,
1147 975 1264 1033 τοῖς
1340 971 1540 1037 ἄλλοις
1603 959 1669 1029 τε
1735 959 1932 1047 μεταξὺ

281 1046 668 1123 διηγούμενος.
723 1054 811 1110 Ἐν
867 1055 1046 1127 τούτῳ
1105 1054 1162 1112 δὲ
1233 1060 1294 1114 τὸ
1367 1061 1581 1117 παιδίον
1649 1046 1932 1133 διαλαθὸν,

281 1134 475 1212 δρόμῳ
523 1137 722 1212 πολλῷ
777 1144 912 1218 πρὸς
967 1145 1066 1212 τὴν
1111 1147 1322 1221 μητέρα
1380 1149 1603 1224 ἐχώρει,
1655 1154 1744 1206 καὶ
1799 1156 1936 1210 κατὰ

283 1227 476 1299 μέσης,
508 1227 659 1292 ὅπως
689 1230 832 1308 εἶχε,
865 1234 964 1301 τὴν
1014 1234 1244 1306 κάμινον
1293 1236 1546 1309 εἷσπηδᾷ,
1580 1243 1682 1310 τὴν
1725 1241 1932 1316 μητέρα

278 1337 338 1372 τε
385 1317 460 1380 ὡς
517 1319 664 1391 αὐτῷ
712 1316 886 1374 ἐδόκει
932 1320 1256 1398 περιλαϐὸν,
1294 1326 1384 1382 καὶ
1437 1327 1732 1386 κάλλιστον
1793 1331 1930 1407 αὐτῇ

279 1402 529 1480 ἐντάφιον
586 1408 771 1462 ἑαυτὸν
824 1406 1083 1484 δεδωκὸς,
1119 1435 1208 1468 τον
1261 1423 1362 1485 τῆς
1415 1419 1709 1492 μαρτυρίας
1768 1402 1932 1498 ἄμφω

275 1492 694 1568 κληρονομοῦσι
745 1497 1026 1576 στέφανον.
1086 1503 1308 1559 Τούτων
1357 1507 1502 1560 οὕτω
1566 1492 1930 1582 τελουμένῶν,

278 1582 432 1639 ἔλεον
493 1581 751 1650 λαϐόντες
797 1593 904 1643 τῶν
968 1595 1134 1646 ταῦτα
1199 1594 1522 1668 πασχόντων
1592 1581 1930 1671 Χριστιανῶν

279 1674 333 1728 οἱ
389 1676 508 1746 περὶ
555 1677 647 1730 τὸν
693 1678 941 1752 βασιλέα,
974 1682 1060 1735 καὶ
1104 1679 1225 1736 ὅσοι
1282 1691 1381 1752 τῆς
1431 1684 1769 1762 συγκλήτου,
1820 1688 1929 1742 ἱκέ-

277 1783 432 1818 τευον
483 1764 643 1820 αὐτὸν
697 1767 914 1838 ἀνεῖναι,
960 1772 1050 1825 καὶ
1104 1774 1178 1844 μὴ
1230 1771 1400 1848 ἄρδην
1450 1775 1717 1832 ἀπολέσαι
1765 1780 1929 1834 πόλιν

279 1851 424 1907 οὕτω
466 1855 712 1930 μεγάλην
779 1857 868 1912 καὶ
939 1858 1384 1934 πολυάνθρωπον,
1435 1867 1522 1920 καὶ
1573 1865 1716 1921 πολὺ
1767 1867 1924 1938 πλῆ-

277 1941 368 2002 θος
401 1940 650 1998 ἐπετείων
685 1945 866 2021 φόρων
907 1946 1274 2026 παρέχουσαν.
1309 1953 1459 2007 Ἐπεὶ
1504 1952 1594 2008 οὖν
1645 1953 1700 2008 ἒν
1747 1957 1926 2030 τούτῳ

275 2027 573 2098 κατένευεν,
623 2035 658 2102 ἡ
723 2034 937 2110 σκληρὰ
985 2035 1160 2108 ἐκείνη
1213 2041 1301 2094 καὶ
1378 2047 1717 2115 Φαραωνῖτις

279 2118 374 2175 δύο
423 2125 608 2185 παθῶν
655 2123 710 2178 έν
754 2121 901 2196 αὒτῷ
941 2123 1350 2201 διερισαμένων,
1401 2132 1492 2186 καὶ
1531 2133 1794 2206 ὠμότητα
1841 2118 1926 2212 ιρι-

283 2209 673 2283 λοχρημκτίας
719 2210 1099 2286 imm-acim"
1131 2219 1183 2272 τί
1223 2225 1407 2288 ποιεῖς
1457 2222 1666 2292 Ταύτης
1719 2244 1776 2277 τε
1827 2209 1926 2292 τῆς

279 2296 495 2360 πόλεως
538 2299 628 2354 καὶ
668 2301 846 2372 πάσης
890 2310 991 2372 τῆς
1045 2307 1234 2380 χώρας
1291 2309 1353 2362 τὸ
1403 2310 1611 2379 νεάζον,
1655 2309 1811 2386 ἅρῥεν
1869 2333 1928 2366 τε

276 2385 368 2440 καὶ
407 2385 572 2456 θῆλυ,
621 2385 1214 2466 ἐξανδραποδισάμενος
1261 2395 1336 2458 εἰς
1386 2396 1600 2460 πολλὰς
1657 2385 1926 2473 ἀριθμού-

280 2495 435 2546 μενον
487 2475 774 2548 μυριάδας,
821 2481 910 2534 καὶ
965 2481 1056 2544 οὓς
1111 2484 1208 2556 μὲν
1255 2484 1416 2548 αὐτὸς
1470 2488 1782 2564 κατασχὼν,
1835 2488 1927 2553 οὓς

278 2561 335 2618 δὲ
382 2565 472 2618 καὶ
523 2562 798 2628 διαδιδοὺς
846 2567 924 2630 εἰς
971 2567 1223 2627 δουλείαν
1258 2576 1340 2636 οἷς
1379 2573 1482 2649 ἄρα
1513 2551 1794 2646 ἐϐούλετο,
1827 2551 1925 2632 αὗέ

278 2663 359 2716 θις
391 2649 624 2722 ἐπανῆκε
669 2655 806 2728 πρὸς
853 2656 920 2713 τά
970 2659 1239 2733 βασίλεια,
1283 2662 1704 2738 δουλωσάμενος
1763 2665 1926 2722 πόλιν

277 2738 560 2815 ἐλευθέραν
632 2744 718 2798 καὶ
803 2745 936 2818 μόνῃ
1009 2753 1078 2821 τῇ
1165 2749 1360 2824 Τριάδι
1437 2752 1822 2825 ἀνακειμένην,
1862 2756 1922 2821 ἣν

277 2828 438 2892 αὐτὸς
482 2831 717 2904 Χριστὸς
772 2837 850 2904 τῷ
927 2831 1050 2907 ἰδίῳ
1107 2835 1471 2911 ἐξηγοράσατο
1531 2838 1753 2912 α’ίματι,
1803 2842 1928 2909 ἥτις

2049 550 2311 590 morsum
2343 539 2402 589 et
2432 534 2634 588 fuisset
2680 534 3083 601 conturbatus,
3116 551 3249 590 eum
3299 539 3532 605 repente
3573 534 3679 588 ab-

2037 624 2186 694 jicit,
2221 627 2276 678 et
2322 639 2452 679 eum
2505 623 2675 678 tradit
2722 623 2953 679 cuidam
3001 639 3068 678 ex
3116 629 3345 690 senatu,
3379 627 3442 678 ut
3472 624 3542 678 ab
3577 621 3674 678 illo

2045 714 2295 770 aleretur
2341 711 2588 767 maxime
2625 713 2884 773 Judaice,
2918 717 2974 767 et
3002 712 3294 782 abjuraret
3341 713 3678 768 Christiani-

2044 818 2260 857 smum.
2292 803 2362 856 Et
2387 801 2484 856 ille
2527 801 2760 872 quidem
2811 801 3027 868 abibat,
3061 806 3294 871 accepto
3337 816 3535 871 puero,
3568 802 3672 856 ad-

2047 891 2266 945 mirans
2295 906 2382 954 ea,
2415 907 2542 960 quae
2573 891 2722 944 facta
2747 889 2996 954 fuerant,
3028 892 3082 944 et
3114 889 3283 943 simul
3318 889 3488 944 etiam
3539 906 3675 943 nar-

2044 997 2181 1036 rans
2212 979 2362 1034 aliis.
2397 979 2628 1034 Interim
2659 983 2852 1034 autem
2887 993 3050 1049 puer,
3073 993 3139 1034 eo
3169 976 3471 1044 insciente,
3505 993 3674 1032 cursu

2043 1069 2338 1124 contendit
2367 1069 2438 1122 ad
2472 1072 2740 1134 matrem,
2773 1071 2825 1121 et
2857 1066 3040 1122 insilit
3072 1067 3128 1121 in
3179 1066 3430 1121 mediam
3481 1066 3670 1120 forna-

2041 1175 2188 1224 cem,
2223 1165 2604 1228 matremque,
2653 1160 2718 1210 ut
2761 1155 2812 1212 ei
2863 1155 3183 1225 videbatur,
3234 1155 3590 1224 complexus,
3620 1161 3675 1210 et

2043 1245 2502 1317 pulcherrimum
2533 1243 3059 1312 bustum_seipsum
3083 1243 3136 1298 ei
3165 1243 3418 1311 tradens,
3443 1243 3509 1296 fit
3537 1258 3672 1298 cum

2041 1334 2168 1406 ipsa
2218 1333 2400 1388 haeres
2443 1349 2664 1387 corona
2699 1331 2978 1402 martyrii.
3013 1329 3154 1386 Cum
3188 1330 3308 1386 haec
3337 1331 3418 1386 sic
3450 1331 3674 1396 fierent,

2043 1421 2385 1492 patientium
2413 1419 2872 1476 Christianorum
2907 1419 3047 1474 moti
3080 1418 3478 1474 misericordia
3507 1420 3544 1472 ii
3578 1418 3676 1490 qui

2041 1515 2206 1566 erant
2263 1509 2412 1565 circa
2467 1525 2658 1580 regem
2710 1513 2768 1565 et
2815 1510 2941 1578 ipse
2999 1512 3261 1575 senatus,
3289 1508 3568 1578 rogabant
3615 1515 3677 1562 ut

2041 1604 2278 1654 caeteros
2336 1597 2637 1666 relaxaret,
2673 1601 2732 1652 et
2787 1614 2903 1652 non
2961 1597 3189 1668 penitus
3247 1597 3507 1666 perderet
3552 1599 3671 1650 tam

2041 1704 2310 1759 magnam
2359 1687 2671 1755 civitatem,
2705 1690 2762 1741 et
2792 1687 3006 1758 populo
3055 1691 3176 1740 tam
3225 1686 3588 1756 frequentem
3622 1693 3676 1740 et

2045 1791 2171 1846 quae
2203 1775 2514 1844 quotannis
2563 1790 2773 1844 magna
2823 1773 3112 1844 pendebat
3155 1771 3476 1844 vectigalia.
3509 1776 3674 1828 Post-

2037 1880 2214 1936 quam
2266 1869 2459 1919 autem
2504 1861 2695 1916 hacin
2738 1878 2798 1917 re
2843 1861 3048 1916 annuit
3077 1859 3176 1915 illa
3205 1861 3348 1914 dura
3394 1861 3589 1916 anima
3619 1865 3677 1916 et

2033 1954 2436 2010 Pharaonitica
2484 1951 2999 2023 crudelitatemque
3045 1950 3185 2006 vicit
3237 1950 3495 2019 avaritia,
3529 1950 3671 2022 quid

2035 2043 2216 2098 facit?
2245 2044 2387 2098 Cum
2420 2042 2598 2112 hujus
2629 2040 2877 2096 civitatis
2905 2043 2962 2096 et
2987 2040 3163 2096 totius
3209 2039 3464 2110 regionis
3503 2039 3670 2108 juve-

2039 2148 2164 2200 nes,
2197 2137 2318 2186 tam
2373 2130 2666 2186 masculos
2714 2145 2890 2202 quam
2940 2128 3205 2196 feminas,
3245 2127 3563 2200 redegisset
3609 2127 3669 2182 in

2039 2220 2398 2287 servitutem,
2433 2234 2681 2290 quorum
2730 2221 2896 2274 erant
2945 2215 3129 2272 multa
3179 2214 3382 2280 millia,
3423 2219 3482 2269 et
3530 2213 3675 2268 alios

2037 2308 2270 2376 quidem
2329 2307 2453 2378 ipse
2497 2305 2854 2372 retinuisset,
2904 2304 3047 2359 alios
3097 2309 3287 2358 autem
3337 2301 3677 2357 tradidisset

2035 2398 2250 2468 quibus
2281 2395 2484 2462 voluit,
2519 2411 2784 2451 reversus
2813 2397 2903 2448 est
2931 2393 2992 2446 in
3023 2391 3264 2464 regiam,
3301 2389 3485 2446 libera
3531 2389 3674 2444 civi-

2037 2492 2147 2541 tate
2179 2487 2378 2541 eti‘ecta
2407 2500 2592 2552 serva,
2625 2500 2752 2554 quae
2800 2481 3064 2538 dedicata
3097 2487 3216 2536 erat
3245 2479 3352 2534 soli
3382 2478 3673 2548 Trinitati,

2036 2591 2210 2646 quam
2243 2575 2369 2645 ipse
2401 2573 2664 2629 Christus
2713 2569 2959 2626 redemit
3007 2568 3241 2641 proprio
3281 2567 3590 2638 sanguine,
3622 2569 3680 2621 et

2036 2680 2158 2734 qua
2208 2664 2258 2718 ei
2303 2661 2506 2718 oblulit
2565 2665 2786 2715 tantam
2844 2661 3160 2730 martyrum
3218 2654 3676 2723 multitudinem,

2035 2769 2230 2810 eorum
2284 2750 2554 2806 victorias
2586 2754 2642 2804 et
2670 2747 2989 2806 certamina
3035 2745 3305 2819 praeclare
3352 2743 3672 2816 praedicans

2037 2841 2164 2895 orbi
2193 2845 2378 2894 terrae.

273 2920 545 2990 τοσαύτην
596 2921 744 2992 αὐτῷ
804 2923 1090 2998 μαρτύρων
1149 2927 1372 3000 χορείαν
1422 2930 1754 3004 προσήγαγε,
1805 2929 1931 2990 τοὺς
1976 2929 2188 3002 ἀγῶνας
2233 2927 2405 2980 αὐτῶν
2455 2924 2544 2978 καὶ
2599 2923 2695 2986 τὰς
2741 2923 2894 2986 νίκας
2943 2922 3213 2998 λαμπρῶς
3259 2927 3328 2996 τῇ
3377 2918 3672 2995 οἰκουμένῃ

273 3008 668 3081 ἆνακηρύξασα.

351 3098 468 3156 ΚΕ’.
505 3099 602 3152 Καὶ
647 3102 814 3154 ταῦτα
863 3100 958 3174 μὲν
1006 3099 1072 3170 δὴ
1123 3107 1344 3160 τοιαῦτα
1393 3104 1480 3160 καὶ
1537 3105 1709 3169 οὕτως
1768 3105 1922 3186 ἔχον-

2107 3104 2273 3162 XXV.
2307 3107 2376 3160 Et
2433 3105 2556 3160 haec
2603 3103 2842 3174 quidem
2891 3103 2974 3158 ita
3022 3118 3080 3158 se
3119 3101 3430 3158 habebant.
3467 3100 3679 3155 Rever-

271 3208 365 3243 τα.
417 3187 834 3268 Ὑποστρέφοντι
894 3187 950 3245 δὶ
1016 3193 1094 3264 τῷ
1146 3190 1386 3268 Ἑϐραίῳ
1443 3195 1566 3270 πῦρ’
1608 3195 1686 3272 ἐφ’
1735 3197 1922 3257 ἱκανὰς

279 3277 490 3350 ἡμέρας
537 3277 742 3352 ἑωρᾶτο
797 3275 868 3333 δι’
898 3279 1036 3350 ὅλης
1069 3283 1258 3344 νυκτὸς
1289 3285 1378 3338 τὸν
1411 3284 1598 3362 αἰθέρα
1657 3286 1924 3360 πληροῦν,

278 3365 371 3420 καὶ
409 3363 568 3420 αὐτόν
625 3387 682 3422 τε
730 3371 966 3423 Δουναᾰν
1024 3371 1110 3425 καὶ
1151 3372 1252 3441 τὴν
1305 3373 1469 3428 αὑτοῦ
1519 3375 1772 3450 στρατιὰν
1819 3371 1924 3444 ἕξε-

283 3452 562 3527 δειμάτου,
595 3457 683 3510 καὶ
727 3458 826 3526 τήν
867 3457 1038 3531 ὀργήν
1087 3459 1223 3514 κατὰ
1277 3465 1385 3516 τῶν
1433 3461 1638 3518 ἅσεϐῶν
1691 3463 1925 3535 ἐτεκμη-

288 3547 490 3616 ριοῦτο.
545 3543 680 3599 Εἶτα
725 3548 816 3599 καὶ
873 3550 982 3618 πῦρ
1038 3547 1256 3614 ἄνωθεν,
1308 3551 1342 3618 ἡ
1401 3549 1624 3621 ἐντελὴς
1713 3553 1924 3624 μάστιξ,

284 3631 368 3686 ἐπὶ
412 3633 512 3700 τήν
565 3636 686 3707 γῆν,
729 3633 873 3690 ὕετο.
917 3633 1068 3690 Ἀλλ’
1109 3634 1234 3691 οὐδὲ
1275 3639 1454 3714 βραχὺ
1504 3641 1754 3710 συνιέναι,
1803 3637 1926 3696 οὐδὲ

287 3719 714 3798 σωφρϋνίςεσθαι
743 3723 891 3800 εἶχεν
941 3723 968 3778 ὁ
1009 3723 1321 3801 ἀλιτήριος,
1354 3725 1471 3782 οὐδ’
1506 3728 1607 3783 ὑπὸ
1643 3731 1744 3798 τὴν
1793 3750 1926 3803 κρα-

284 3809 440 3864 ταιάν
478 3811 574 3863 τοῦ
623 3807 756 3864 Θεοῦ
819 3815 980 3886 γεῖρα
1029 3812 1416 3872 καλύπτεσθαι.
1451 3817 1546 3881 Εἰς
1607 3822 1768 3874 τοῦτο
1824 3821 1926 3894 γάρ

288 3895 479 3968 μανίας
533 3893 739 3971 ἐξήχθη
782 3899 917 3952 κατὰ
951 3900 1310 3974 Χριστιανῶν,
1359 3903 1434 3964 ὡς
1493 3904 1583 3958 καὶ
1639 3893 1924 3980 πρεσϐείαν

285 3983 560 4059 ἐκπέμψαι
613 3989 692 4058 τῷ
755 3991 860 4042 τῶν
921 3993 1144 4065 Περσῶν
1203 3991 1439 4066 βασιλεῖ,
1489 3993 1652 4064 ἀξιῶν
1702 3995 1790 4050 καὶ
1839 3995 1928 4049 αὖ·

283 4075 376 4130 τὸν
425 4075 493 4130 τὰ
540 4073 706 4148 ὅμοια
755 4074 966 4151 δρᾶσαι,
1017 4079 1104 4134 καὶ
1161 4079 1362 4142 πάντας
1417 4084 1544 4146 τοὺς
1600 4084 1928 4158 εὑρισκομέ-

287 4180 417 4226 νυυς
468 4163 557 4218 ὑπ’
604 4164 792 4238 ἐκείνῳ
840 4168 1194 4242 Χριστιανοὺς
1231 4168 1402 4243 ἄρδην
1448 4170 1729 4242 ἀπελέσαι,
1764 4171 1817 4225 εἷ’
1865 4193 1928 4246 γε

286 4253 377 4307 τὸν
407 4251 568 4321 ἥλιον
629 4252 847 4324 εὐμενῆ,
889 4257 1044 4329 φησὶ,
1081 4255 1343 4330 βούλοιτο
1373 4251 1522 4332 ἔχειν
1568 4259 1657 4312 καὶ
1712 4260 1804 4314 τὸν
1842 4259 1929 4315 αὖ·

289 4345 383 4394 τοῦ
421 4341 640 4416 πατέρα,
675 4342 748 4402 ὡς
791 4341 997 4403 ἐκεῖνος
1029 4343 1361 4418 ἀπεφλυάρει
1391 4347 1482 4400 τὸν
1514 4351 1620 4401 τῶν
1661 4343 1928 4422 Ἐϐραίων

2037 3198 2194 3250 tcnte
2224 3197 2414 3250 autem
2447 3194 2706 3259 Hebraeo,
2732 3192 3002 3263 apparuit
3023 3191 3174 3263 ignis
3203 3190 3421 3260 aliquot
3451 3188 3681 3253 diebus,

2039 3289 2156 3340 tota
2205 3287 2370 3338 nocte
2418 3281 2671 3353 impiens
2723 3296 2936 3344 aerem,
2969 3280 3066 3350 qui
3109 3281 3300 3351 ipsum
3349 3278 3592 3334 Dunaan
3624 3281 3681 3332 et

2037 3375 2166 3442 ejus
2199 3373 2449 3428 terrebat
2477 3371 2816 3436 exercitum,
2851 3371 2907 3422 et
2936 3367 3357 3436 conjiciendam
3389 3365 3678 3437 praebebat

2034 3461 2136 3517 Dei
2183 3462 2328 3516 iram
2378 3461 2656 3516 adversus
2708 3457 2939 3528 impios.
2982 3455 3200 3511 Deinde
3239 3455 3393 3526 ignis
3443 3469 3675 3525 quoque

2037 3552 2306 3621 desuper,
2338 3549 2434 3620 qui
2486 3553 2612 3604 erat
2659 3547 2912 3619 perfecta
2941 3544 3128 3616 plaga,
3163 3543 3309 3616 pluit
3343 3543 3400 3598 in
3433 3547 3670 3598 terram.

2037 3639 2146 3694 Sed
2179 3654 2251 3693 ne
2281 3638 2366 3694 sic
2395 3637 2633 3708 quidem
2667 3637 2853 3708 potuit
2883 3635 3091 3706 corrigi
3121 3634 3454 3698 sceleratus,
3487 3646 3675 3701 neque

2037 3728 2184 3785 ﬂecti
2217 3729 2324 3784 sub
2356 3725 2574 3798 potenti
2618 3741 2795 3780 manu
2835 3724 2958 3781 Dei.
3005 3725 3191 3780 Tanto
3243 3727 3436 3777 autem
3485 3721 3676 3776 furore

2037 3822 2161 3874 erat
2202 3832 2485 3872 accensus
2533 3816 2809 3870 adversus
2859 3812 3236 3879 Christianos,
3265 3817 3326 3866 ut
3374 3809 3548 3865 etiam
3601 3809 3673 3863 ad

2037 3921 2232 3978 regem
2263 3908 2574 3961 Persarum
2622 3903 2849 3958 miserit
2895 3900 3266 3973 legationem,
3297 3904 3354 3954 et
3393 3895 3675 3967 rogaverit

2037 4002 2097 4050 ut
2146 3995 2270 4066 ipse
2319 4009 2548 4065 quoque
2597 3992 2806 4048 faceret
2853 3990 3090 4059 similia,
3123 3995 3181 4045 et
3209 4003 3433 4054 omnes,
3467 3986 3565 4056 qui
3610 3986 3667 4040 in

2039 4100 2143 4138 sua
2199 4082 2418 4137 ditione
2475 4079 2937 4148 inveniebantur,
2996 4076 3351 4132 Christianos
3409 4075 3672 4145 perderet

2039 4169 2338 4224 funditus:
2373 4167 2422 4224 si
2451 4166 2646 4231 vellet,
2679 4167 2968 4237 inquiens,
2997 4165 3176 4221 solem
3225 4164 3437 4218 habere
3477 4161 3674 4234 propi-

2038 4258 2210 4326 tium,
2243 4260 2300 4311 et
2327 4258 2456 4326 ejus
2513 4257 2760 4326 patrem,
2797 4255 2945 4308 sicut
3001 4253 3098 4308 ille
3155 4253 3488 4324 nugabatur
3543 4267 3674 4308 esse

2038 4345 2218 4402 Deum
2265 4344 2656 4400 Hebraeorum.
2691 4341 2937 4414 Scripsit
2977 4341 3149 4397 etiam
3199 4342 3271 4396 ad
3319 4340 3676 4396 Alamunda-

291 4429 446 4486 Θεόν.
495 4428 578 4484 Τὰ
625 4427 760 4483 αὖτὰ
811 4426 868 4482 δὲ
913 4435 1082 4484 ταῦτα
1123 4431 1212 4486 καὶ
1245 4431 1670 4508 ’Λλαμουνδάρῳ
1719 4440 1797 4508 τῷ
1847 4436 1926 4507 ἐξ·

2041 4451 2172 4492 rum
2223 4436 2431 4490 ducem
2479 4437 2950 4500 Sarracenorum,
2983 4430 3079 4502 qui
3127 4436 3292 4486 erant
3323 4432 3433 4487 sub
3467 4430 3655 4485 Persis

294 4516 584 4594 ηγουμένῳ
621 4521 728 4572 τῶν
783 4517 885 4573 ὑπὸ
941 4519 1175 4595 Πέρσαις
1233 4527 1564 4596 Σαρακηνῶν
1623 4523 1927 4581 ἐπέσαειλεν

297 4604 724 4682 ὑπισχνούμενος
780 4609 869 4662 καὶ
941 4610 1207 4683 χρήματα
1269 4609 1484 4682 δώσειν,
1542 4611 1592 4668 εἴ
1639 4613 1775 4669 κατά
1828 4618 1934 4669 τῶν

298 4696 400 4750 ὑπὸ
487 4699 649 4770 χεῖρα
723 4699 1060 4770 Χριστιανῶν
1111 4697 1353 4776 διωγμὸν
1405 4704 1643 4773 κινήσοι.
1705 4702 1856 4760 Ἀλλ’
1905 4705 1934 4758 ὁ

299 4785 394 4856 μὶν
446 4784 588 4840 οὕτω
631 4787 979 4861 Χριστιανοῖς
1025 4789 1332 4863 ἀπήχθετο,
1374 4791 1464 4846 καὶ
1505 4790 1678 4854 οὕτως
1741 4792 1932 4864 ἐποίει,

294 4875 328 4942 ἡ
363 4871 486 4944 δίκη
545 4870 602 4928 δὲ
641 4879 756 4936 τοῖς
804 4878 1200 4951 πραττομένοις
1239 4877 1338 4934 οὐκ
1393 4879 1754 4957 ἐφησύχαςεν.
1797 4885 1938 4937 Ἰου-

298 4966 472 5022 στῖνος
551 4963 653 5038 γὰρ
717 4964 745 5018 6
793 4964 1082 5037 Ῥωμαίων
1161 4961 1386 5036 εὐσεϐὴς
1471 4969 1744 5042 Βασιλεὺς,
1794 4970 1937 5026 οὕτω

300 5048 453 5120 δόξαν
497 5049 668 5124 αὐτῷ,
717 5052 992 5128 εἷρηνικᾶς
1045 5053 1479 5131 Ἀλαμουνδάρῳ
1521 5056 1755 5121 σπονδάς
1802 5059 1938 5134 πρὸς

296 5138 424 5201 τοὺς
484 5139 794 5218 ὑποφόρους
833 5143 1119 5216 Ῥωμαίων
1179 5145 1530 5219 Σαρακηνοὺς
1580 5147 1760 5212 θέσθαι
1800 5169 1938 5224 παρ-

301 5227 416 5302 ῄνει
449 5247 468 5266 ο
499 5227 588 5282 καὶ
637 5229 665 5284 ὁ
704 5234 870 5284 ταῦτα
908 5225 1218 5306 πρεσϐεύων
1268 5229 1588 5307 Ἀϐράμιος,
1637 5237 1775 5312 ἄνήρ
1820 5239 1940 5292 Θεο-

301 5318 472 5395 φιλὴς
537 5316 626 5372 καὶ
711 5313 1096 5395 πρεσϐύτερος,
1152 5321 1500 5395 ἐξεπέμπετο.
1561 5327 1812 5400 Παρῆσαν
1885 5323 1943 5381 δὶ

301 5406 392 5462 καὶ
441 5404 546 5460 ἀπὸ
596 5409 694 5461 τοῦ
723 5412 946 5482 Περσῶν
979 5407 1250 5482 βασιλέως
1288 5407 1398 5466 ἐκεῖ
1453 5409 1616 5467 ἄλλοι
1671 5414 1729 5468 τέ
1777 5436 1941 5484 τινες,

305 5495 396 5551 καὶ
443 5495 710 5556 Ἰσαάκιος
771 5492 1154 5573 πρεσϐύτερος,
1203 5499 1230 5552 ὁ
1291 5498 1382 5554 καὶ
1439 5505 1555 5564 τοῖς
1611 5501 1663 5557 ἐν
1725 5501 1944 5579 Περσίδι

309 5589 652 5660 Χριστιανοῖς
702 5583 1015 5660 ὀρθοδόξοις
1069 5587 1166 5649 τὰς
1225 5587 1533 5664 ὁποκρίσεις
1591 5587 1944 5667 διακονούμε-

2041 4524 2390 4598 promittens
2421 4539 2482 4578 se
2511 4523 2561 4578 ei
2609 4523 2782 4578 etiam
2831 4523 3100 4578 daturum
3144 4521 3440 4592 pecunias,
3471 4521 3520 4576 si
3553 4537 3681 4575 mo-

2041 4615 2172 4670 veat
2200 4611 2661 4684 persecutionem
2691 4611 2966 4666 adversus
2995 4608 3380 4674 Christianos,
3411 4607 3506 4678 qui
3539 4610 3679 4662 sunt

2043 4703 2094 4759 ei
2125 4701 2396 4773 subjecti.
2430 4701 2538 4756 Sed
2599 4699 2694 4756 ille
2751 4699 2987 4772 quidem
3045 4701 3168 4752 erat
3223 4698 3368 4752 adeo
3427 4695 3678 4752 infestus

2044 4790 2409 4859 Christianis,
2441 4794 2497 4845 et
2528 4789 2611 4846 sic
2659 4788 2932 4844 faciebat:
2961 4787 3188 4858 justitia
3235 4789 3426 4840 autem
3473 4799 3682 4852 nequa-

2046 4895 2218 4952 quam
2273 4879 2523 4933 cessavit
2563 4877 2802 4947 implere
2832 4891 2970 4931 suas
3002 4881 3192 4946 partes
3223 4873 3284 4928 in
3314 4872 3409 4942 iis,
3441 4889 3570 4943 quae
3598 4872 3683 4927 sic

2047 4967 2283 5024 fiebant.
2315 4968 2586 5024 Justinus
2636 4967 2790 5022 enim
2839 4964 3198 5037 (imperator)
3240 4979 3374 5018 cum
3407 4964 3492 5018 sio
3521 4962 3570 5019 ei
3601 4962 3684 5018 vi-

2049 5077 2182 5115 sum
2213 5065 2388 5127 esset,
2421 5059 2689 5114 hortatus
2719 5063 2802 5113 est
2831 5056 3318 5124 Aiamundarum,
3369 5059 3433 5110 ut
3475 5055 3687 5110 foedera

2049 5148 2207 5220 pacis
2249 5149 2426 5204 iniret
2472 5163 2606 5204 cum
2639 5145 2974 5202 Sarracenis
3005 5145 3402 5200 Romanorum
3433 5145 3685 5215 vectiga-

2046 5235 2233 5292 libus:
2265 5241 2319 5292 et
2347 5237 2563 5292 missus
2592 5239 2681 5291 est
2709 5233 3064 5302 Abraamius,
3085 5233 3173 5289 vir
3201 5233 3332 5304 pius
3362 5240 3416 5288 et
3447 5233 3684 5306 presby-

2050 5329 2157 5393 ter,
2189 5325 2284 5396 qui
2318 5325 2424 5380 hac
2465 5326 2802 5396 fungeretur
2849 5323 3157 5394 legatione.
3191 5323 3440 5378 Aderant
3486 5327 3682 5379 autem

2050 5413 2170 5470 illic
2214 5430 2446 5486 quoque
2475 5431 2509 5470 a
2539 5429 2671 5486 rege
2722 5412 3053 5479 Persarum,
3099 5427 3232 5468 cum
3278 5411 3377 5468 alii
3425 5412 3686 5484 quidam,

2051 5507 2177 5560 tum
2211 5503 2468 5560 Isaacius
2497 5521 2728 5577 quoque
2758 5503 3078 5577 presbyter.
3111 5503 3205 5576 qui
3237 5510 3474 5575 praeerat
3521 5502 3686 5557 Chri-

2053 5593 2262 5650 stianis
2307 5593 2663 5664 orthodoxis,
2717 5593 2818 5665 qui
2864 5594 2923 5652 in
2977 5593 3210 5652 Perside
3254 5601 3434 5653 erant.
3479 5591 3690 5648 Aderat
