4128 6274
487 284 642 344 1279

1835 280 2110 341 MENSIS
2156 278 2534 340 OCTOBER.

3729 273 3763 330 1
3780 269 3929 329 280

485 445 680 497 autem
712 442 858 498 Silas
882 459 1111 515 quoque
1131 442 1437 514 episcopus
1458 442 1960 508 Nestorianorum,
1985 453 2116 493 cum

2240 455 2317 495 ρος
2354 453 2365 466 ’
2398 433 2463 502 ἦν
2496 430 2550 488 δὲ
2597 434 2684 487 καὶ
2745 433 2773 488 6
2831 431 2999 493 Σίλας
3029 431 3057 485 6
3081 434 3193 485 τῶν
3251 432 3627 501 Νεστοριανῶν
3662 427 3924 483 ἐπίσκο-

486 530 839 600 quibusdam
887 531 1040 598 aliis,
1075 531 1285 602 partim
1321 531 1557 602 quidem
1593 547 1695 601 pro
1726 529 1963 585 Hebraeo
1994 527 2126 625 fun-

484 634 623 687 gens
678 617 987 689 legatione,
1046 619 1259 687 partim
1337 634 1469 675 vero
1549 619 1748 674 volens
1816 617 2123 672 convenire

485 707 857 776 orthodoxos,
891 712 946 764 et
977 708 1271 777 disputare
1301 708 1579 764 adversus
1629 713 1785 763 recta
1828 706 2119 777 dogmata.

555 885 744 941 XXVI.
778 888 918 943 Cum
944 896 1136 943 autem
1160 904 1353 944 coram
1377 887 1548 945 dictis
1570 888 1776 960 legatis
1799 888 2127 958 legerentur

485 973 688 1030 litterae
745 976 899 1048 regis
956 977 1407 1044 Homeritarum,
1440 981 1496 1033 et
1543 978 1691 1034 Silas
1748 976 2127 1033 assentiretur

489 1078 664 1133 scopo
712 1064 838 1134 ejus
885 1066 988 1135 qui
1035 1066 1359 1137 scripserat,
1390 1070 1446 1121 et
1470 1066 1687 1121 diceret
1714 1066 2007 1122 Christum
2039 1079 2128 1119 so-

490 1150 615 1206 lum
646 1167 773 1207 esse
802 1152 1123 1223 hominem,
1146 1160 1203 1210 et
1226 1171 1339 1210 non
1370 1155 1592 1210 Deum:
1617 1154 1916 1219 Quomodo
1944 1152 2125 1218 enim,

490 1238 787 1311 inquiens,
822 1242 921 1312 qui
956 1243 1215 1298 nascitur
1255 1259 1323 1298 ex
1369 1242 1635 1308 muliere,
1667 1247 1723 1298 et
1762 1241 2130 1312 componitur

492 1344 560 1384 ex
615 1344 703 1396 eo,
750 1331 849 1401 qui
901 1335 989 1387 est
1044 1332 1104 1387 in
1162 1332 1309 1403 ipsa,
1354 1331 1658 1405 sanguine,
1703 1338 1760 1388 et
1818 1330 2131 1387 involvitur

494 1418 712 1487 fasciis,
745 1424 802 1475 et
849 1420 1129 1490 paulatim
1178 1422 1386 1493 accipit
1430 1424 1881 1490 incrementum,
1920 1419 2129 1476 deinde

494 1507 668 1561 etiam
701 1506 942 1573 laborat,
966 1514 1021 1564 et
1051 1509 1193 1579 sitit,
1216 1515 1272 1566 et
1302 1512 1536 1567 tandem
1570 1511 1626 1565 in
1658 1525 1889 1567 crucem
1921 1508 2128 1579 agitur,

495 1598 553 1648 et
582 1595 847 1665 moritur,
881 1597 1033 1653 Deus
1084 1614 1212 1654 esse
1263 1599 1498 1670 dicitur,
1526 1603 1589 1655 ut
1640 1600 1785 1654 citra
1842 1599 2130 1653 rationem

494 1683 804 1740 Abraamio
833 1686 1059 1741 videtur
1076 1692 1132 1742 et
1154 1687 1367 1744 Isaacio
1387 1689 1415 1743 ?
1438 1690 1561 1744 Haec
1591 1705 1724 1745 cum
1758 1688 1841 1744 sic
1872 1688 2132 1743 diceren-

2226 543 2327 582 πος
2408 524 2541 594 μετὰ
2600 523 2687 576 καὶ
2758 520 2945 576 ἄλλων
3018 525 3206 585 τινῶν,
3258 519 3371 591 ἅμα
3442 518 3535 590 μὶν
3614 518 3721 584 τήν
3795 520 3920 571 τοῦ

2225 607 2478 684 Ἐϐραίου
2536 605 2822 685 πρεσϐείαν
2881 608 3246 682 ἀποπληρῶν,
3309 606 3423 679 ἅμα
3484 603 3541 660 δὲ
3603 607 3694 660 καὶ
3771 610 3915 666 τοῖς

2229 696 2547 770 ὁρθοδόξοις
2596 700 2670 761 εἶς
2717 696 2920 775 λόγους
2967 696 3142 753 ἐλθεῖν
3205 695 3571 770 βουλόμενος,
3601 695 3694 749 καὶ
3749 695 3917 769 πρὸς

2232 786 2516 862 δογμάτων
2548 788 2648 863 ἀκρ
2660 784 2826 843 ίϐειαν
2858 785 3128 860 διαμιλλη
3139 786 3316 855 θῆναι.

2304 879 2412 941 Κς’.
2464 880 2587 934 Τῶν
2640 874 2699 932 δὲ
2761 876 3099 951 γραμμάτων
3169 878 3266 930 τοῦ
3330 874 3647 948 Ὁμηριτῶν
3723 875 3912 947 βασι-

2232 964 2391 1033 λέως,
2423 965 2506 1020 ἐπ’
2554 962 2708 1039 ὄψεσι
2759 970 2867 1019 τῶν
2922 964 3227 1036 εἰρημένων
3277 956 3556 1036 πρέσϐεων
3616 962 3910 1037 ὑπαναγι-

2232 1055 2611 1126 νωσκομένων,
2665 1054 2753 1108 καὶ
2799 1057 2897 1108 τοῦ
2951 1050 3090 1107 Σίλα
3140 1048 3593 1114 συνευδοκοῦντος
3647 1054 3730 1122 τῷ
3792 1054 3913 1105 τοῦ

2234 1141 2572 1216 γεγραφότος
2637 1146 2847 1214 σκοπῷ,
2896 1141 3059 1214 ψιλόν
3116 1161 3177 1195 τε
3249 1137 3535 1215 ἄνθρωπον
3596 1138 3733 1193 εἶναι
3796 1136 3908 1193 λέ-

2237 1253 2429 1309 γοντος
2474 1232 2564 1287 καὶ
2606 1232 2668 1287 οὐ
2709 1233 2836 1287 Θεὸν
2885 1252 2976 1286 τον
3032 1231 3291 1305 Χριστὸν,
3350 1230 3380 1284 ’ὸ
3429 1232 3517 1284 καὶ
3587 1228 3909 1303 πεπληρω-

2237 1323 2505 1399 φορῆσθαι
2571 1323 2660 1376 καὶ
2712 1321 2875 1376 αὐτὸν
2930 1319 3157 1394 βασιλέα
3202 1317 3515 1392 Ῥωμαίων.
3584 1317 3711 1380 Πῶς
3783 1319 3907 1395 γὰρ

2238 1412 2298 1464 ἄν
2327 1431 2430 1482 τις,
2463 1411 2617 1488 φησὶ,
2646 1411 2966 1483 τικτόμενος
3017 1408 3076 1464 ἐκ
3124 1410 3375 1485 γυναικός
3410 1428 3424 1443 ο
3480 1408 3571 1463 καὶ
3637 1412 3717 1480 τῷ
3750 1407 3908 1462 ἐκεῖ-

2241 1512 2326 1564 θεν
2420 1499 2609 1574 α’ίματι
2690 1501 3130 1580 συμφυρόμενος,
3189 1497 3563 1571 εἷ’λισσόμενός
3633 1517 3688 1552 τε
3774 1503 3908 1558 τοῖς

2240 1588 2588 1666 σπαργάνοις,
2658 1587 2746 1644 καί
2813 1587 3113 1664 δεχόμενος
3169 1588 3305 1643 κατά
3380 1587 3573 1661 μικρὸν
3641 1583 3905 1657 αὔξησιν,

2242 1680 2352 1733 εἶτα
2411 1679 2500 1733 καὶ
2566 1683 2775 1734 κοπιῶν
2842 1678 2932 1733 κάὶ
3002 1682 3225 1749 πεινῶν,
3284 1676 3376 1731 καὶ
3449 1677 3512 1730 τὸ
3578 1674 3908 1731 τελευταῖον

497 1775 615 1839 tur,
649 1773 688 1826 ii
720 1773 823 1828 viri
875 1775 952 1845 pii
1004 1792 1119 1832 non
1168 1777 1414 1833 ferentes
1467 1779 1687 1834 diutius
1735 1777 1918 1833 Deum
1978 1776 2128 1832 affici

2242 1768 2641 1842 σταυρούμενός
2698 1788 2757 1823 τε
2802 1768 2895 1826 καὶ
2960 1766 3345 1837 ἀποθνήσκων,
3414 1766 3543 1826 Θεὸς
3602 1765 3740 1819 εἶναι
3801 1763 3905 1818 λέ-

2475 1857 2488 1875 (
2657 1862 2678 1873 υ
2881 1855 2896 1874 \
2964 1850 3064 1875 ’Δρ
3118 1854 3129 1872 Ι
3221 1856 3232 1875 1
3538 1855 3552 1871 Ἰ
3624 1855 3683 1875 ’Ῐν
3750 1856 3802 1875 ινη
3848 1874 3857 1875 κ

496 1858 864 1928 contumelia,
917 1862 1117 1918 scissis
1166 1865 1288 1919 suis
1344 1864 1623 1932 vestibus,
1673 1880 1772 1920 eos
1844 1864 2131 1919 vocabant

500 1945 825 2018 haereticos,
875 1955 931 2005 et
988 1968 1200 2023 magno
1259 1953 1451 2009 animo
1510 1968 1607 2009 eos
1650 1953 2018 2023 expellebant
2064 1953 2134 2007 ab

497 2035 741 2092 ecclesia
793 2038 1095 2110 catholica,
1146 2041 1475 2097 Nestorium
1534 2057 1735 2097 eorum
1794 2041 2135 2113 magistrum

499 2123 868 2199 damnantes,
889 2131 952 2183 ut
973 2130 1072 2199 qui
1096 2128 1238 2185 tales
1260 2131 1608 2187 seminasset
1622 2130 1894 2187 zizanias.
1917 2130 2137 2187 Deinde

500 2211 674 2267 etiam
726 2214 911 2271 fusius
957 2219 1456 2290 persequebantur
1484 2236 1571 2288 ea,
1605 2237 1731 2291 quas
1772 2219 2138 2291 pertinebant

500 2301 569 2355 ad
604 2302 856 2359 divinam
888 2307 1080 2362 carnis
1112 2314 1389 2380 susceptas
1428 2309 1960 2383 dispensationem:
1995 2310 2135 2382 ipsi-

499 2408 611 2463 que
659 2394 979 2450 orthodoxa
1027 2397 1354 2453 divinorum
1388 2399 1779 2470 apostolorum
1811 2403 1868 2455 et
1900 2399 2132 2455 Patrum

495 2487 807 2555 sequentes
836 2485 1130 2557 dogmata,
1163 2487 1344 2543 Deum
1397 2489 1712 2559 perfectum
1750 2494 1806 2544 et
1836 2489 2130 2545 hominem

493 2571 817 2641 perfectum
844 2574 1275 2629 confitebantur
1295 2576 1608 2646 Christum,
1629 2577 1686 2631 in
1709 2594 1820 2631 una
1840 2577 2131 2647 bypostasi

493 2658 640 2713 duas
709 2668 943 2716 naturas
1013 2663 1432 2735 conjungentes
1493 2666 1644 2720 circa
1709 2665 2128 2720 confusionem.

492 2746 678 2816 Atque
729 2763 856 2803 cum
903 2747 984 2805 sic
1032 2750 1267 2822 quidem
1327 2752 1745 2825 Silasascopo
1801 2753 2126 2819 excidisset,

492 2833 768 2890 inanibus
798 2837 886 2906 (ut
912 2837 1146 2906 dicitur)
1178 2839 1450 2895 manibus
1499 2845 1588 2896 est
1626 2856 1911 2909 reversus,
1943 2844 1999 2896 et
2046 2840 2130 2897 sic

494 2937 643 2977 vana
671 2940 773 2995 spe
799 2924 1037 2981 delusus
1063 2942 1075 2981 :
1108 2928 1457 2984 Abraamius
1486 2933 1680 2984 autem
1724 2928 1852 3000 ipse
1900 2945 2131 3001 quoque

493 3010 705 3066 foedere
733 3011 875 3069 inito
907 3030 1040 3069 cum
1070 3015 1478 3083 Alamundaro,
1511 3016 1880 3090 salutatoque
1910 3017 2130 3074 lsaacio

495 3098 554 3152 in
589 3099 884 3156 Persidem
919 3106 1258 3173 revertente,
1278 3102 1450 3158 rediit
1479 3106 1536 3158 et
1563 3104 1709 3175 ipse,
1730 3110 1906 3178 atque
1935 3106 2131 3163 omnia

2243 1878 2417 1932 γοιτο,
2460 1857 2532 1919 ὡς
2590 1862 2707 1919 τοῖς
2773 1855 2899 1929 περὶ
2964 1850 3264 1931 Ἀϐράμιόν
3325 1875 3383 1910 τε
3465 1855 3555 1909 καὶ
3624 1855 3901 1910 Ἰσαάῐκιον

2246 1944 2467 2019 ἀλόγως
2510 1942 2695 2015 δοκεῖς
2728 1945 2947 2003 Τούτων
2995 1945 3139 1999 οὕτω
3180 1941 3488 2019 λεγομένων
3531 1943 3583 1997 o't
3616 1940 3903 2020 θεοφιλεῖς

2247 2036 2397 2090 οὗτοι
2466 2037 2541 2108 μὴ
2613 2036 2889 2110 στέγοντες
2954 2033 3041 2088 ἐπὶ
3107 2031 3251 2088 πολὺ
3317 2026 3732 2105 καθυϐρίζεσθαι
3800 2033 3902 2085 τὸν

2247 2126 2398 2195 Θεὸν,
2458 2124 2554 2186 τὰς
2610 2126 2812 2179 ἑαυτῶν
2872 2123 3099 2192 ἐσθῆτας
3177 2119 3619 2195 διαρῥηξάμενοι,
3679 2122 3902 2193 αἱρετι-

2245 2215 2373 2276 κοὺς
2421 2234 2480 2268 τε
2508 2211 2813 2268 ἀπεκάλουν
2866 2210 3080 2281 αὑτοὺς,
3110 2210 3199 2265 καὶ
3237 2217 3337 2279 τῆς
3394 2209 3689 2281 καθολικῆς
3736 2208 3902 2264 ἐκθύ-

2250 2325 2366 2377 μως
2439 2300 2808 2376 ἀπεκήρυττόν
2903 2299 3214 2369 ἐκκλησίας,
3293 2300 3491 2362 αὐτοὺς
3577 2301 3719 2371 ὁμοῦ
3803 2300 3899 2354 καὶ

2245 2391 2541 2465 Νεοτόριον
2580 2390 2670 2445 τὸν
2700 2387 3048 2457 διδάσκαλον,
3081 2388 3173 2443 ἅτε
3222 2386 3291 2457 δὴ
3336 2388 3537 2461 σπορέα
3564 2391 3671 2441 τῶν
3703 2388 3898 2441 τοιού-

2241 2504 2348 2537 των
2395 2481 2782 2559 βλασφημιῶν,
2826 2480 2960 2536 Εἶτα
2996 2478 3088 2533 καὶ
3131 2476 3495 2556 δςεξήρχοντο
3541 2478 3607 2531 τὰ
3660 2484 3761 2546 τῆς
3813 2475 3898 2530 οἰ-

2241 2572 2503 2643 κονομίας
2552 2568 2912 2644 πλατύτερον,
2954 2568 3041 2623 καὶ
3083 2568 3160 2629 ὡς
3201 2573 3320 2630 τοῖς
3369 2565 3602 2644 δόγμασι
3644 2572 3764 2627 τοῖς
3805 2567 3897 2640 ὀρ-

2241 2656 2484 2728 θοδόξοις
2522 2663 2630 2713 τῶν
2680 2657 2834 2722 θείων
2904 2654 3229 2712 ἀποστόλων
3296 2656 3387 2711 καὶ
3444 2654 3698 2727 Πατέρων
3768 2654 3893 2708 ιὶκο⁸

2241 2748 2580 2818 λουθοῢντες,
2614 2748 2739 2802 Θεὸν
2784 2747 2991 2802 τέλειον
3042 2743 3324 2822 ἄνθρωπον
3363 2744 3690 2819 ὡμοΛόγουν
3747 2744 3888 2818 Χρι-

2243 2839 2385 2907 στὸν,
2418 2836 2470 2891 ἐν
2534 2837 2819 2892 ὑποστάσει
2873 2840 2970 2910 μιᾷ
3023 2835 3117 2895 τὰς
3172 2832 3267 2890 δυο
3318 2835 3501 2913 φύσεις
3561 2831 3888 2908 ἀσυγχύτως

2243 2926 2619 2989 συνάπτοντες.
2652 2925 2809 2984 Οὕτω
2861 2926 2953 2998 μὲν
3023 2924 3120 2979 οὖν
3179 2922 3581 2998 ἀστοχήσαντες
3638 2924 3688 2977 οἱ
3759 2923 3885 2998 περί

2244 3015 2413 3071 Σίλαν
2442 3021 2643 3084 κεναῖς,
2684 3015 2712 3069 ὃ
2753 3014 2992 3088 λέγεται,
3024 3013 3213 3089 χερσὶν
3243 3012 3560 3086 ἐπανῄεσαν,
3584 3026 3671 3066 και
3708 3008 3885 3071 οὕτως

2288 3105 2301 3126 ἳ
2377 3111 2400 3120 υ
2420 3125 2424 3126 ,
2502 3106 2517 3123 κ
2595 3108 2619 3119 ν
2697 3103 2711 3126 2

2241 3105 2428 3165 αὐτοῖς
2459 3106 2527 3159 τὰ
2554 3108 2661 3159 τῶν
2693 3100 2931 3158 ἐλπίδων
2965 3102 3300 3174 έματαιώθη.
3333 3103 3400 3159 Οἱ
3431 3098 3487 3155 δὲ
3525 3100 3651 3171 περὶ
3682 3094 3886 3172 Ἀϐρά-

496 3191 762 3262 exposuit
801 3192 1034 3249 Justino
1081 3170 1437 3266 imperatori,
1469 3200 1525 3250 et
1554 3170 1875 3268 praesertim
1925 3216 2050 3270 quas
2097 3216 2128 3253 a

2245 3215 2389 3267 μιον,
2429 3193 2518 3247 καὶ
2567 3191 2725 3247 αὐτοὶ
2781 3193 2917 3265 πρὸς
2966 3187 3409 3265 Ἀλαμούνδαρον
3463 3184 3702 3248 σπονδὰς
3767 3185 3883 3241 θέν-

494 3295 629 3351 rege
683 3279 1109 3339 Homeritarum
1167 3284 1317 3340 facta
1363 3292 1415 3341 et
1462 3285 1682 3358 scripta
1739 3292 1877 3343 sunt
1926 3294 2132 3345 contra

493 3365 870 3424 Christianos.

561 3547 793 3603 XXVII.
813 3548 914 3605 Ille
945 3554 1139 3607 autem
1163 3551 1289 3609 sine
1312 3570 1471 3610 mora
1493 3553 1725 3626 scripsit
1748 3556 1817 3610 ad
1839 3556 2128 3612 Asterium

492 3633 851 3692 Alexandriae
897 3639 1257 3711 episcopum,
1290 3646 1352 3697 ut
1378 3642 1645 3698 incitaret
1684 3660 1881 3715 regem
1911 3644 2130 3700 lEthio-

493 3738 632 3793 pum
689 3726 759 3779 ad
814 3728 1159 3782 movendum
1216 3745 1372 3784 arma
1441 3732 1715 3787 adversus
1784 3732 2129 3791 Homeritas.

493 3811 702 3867 Eadem
761 3830 993 3884 quoque
1038 3815 1146 3884 ipsi
1195 3817 1316 3887 regi
1373 3817 1704 3889 Ethiopum
1756 3836 1858 3891 per
1905 3820 2129 3877 litteras

493 3899 801 3970 nuntiavit,
817 3917 1062 3973 eumque
1081 3902 1295 3971 docuit,
1315 3906 1807 3974 quemadmodum
1826 3907 2131 3963 delevisset

491 3985 765 4043 Haebreus
816 4005 1019 4046 omnes
1049 3990 1426 4061 Christianos,
1459 3993 1558 4065 qui
1589 4000 1754 4050 erant
1782 3995 1838 4049 in
1872 4012 1980 4050 sua
2028 4013 2131 4066 po-

493 4079 696 4132 testate
725 4094 738 4133 :
772 4082 828 4133 et
875 4081 1361 4149 quemadmodum
1410 4082 1637 4154 Nagran
1690 4084 1980 4141 civitatem
2027 4101 2129 4157 po-

492 4164 629 4235 pulo
716 4167 1248 4238 frequentissimam
1340 4169 1570 4228 fecisset
1660 4172 2128 4242 inhabitabilem,

490 4254 766 4310 omnibus
797 4256 1114 4327 puberibus
1142 4260 1353 4330 partim
1387 4262 1623 4333 quidem
1645 4261 1978 4331 interfectis,
2005 4280 2128 4334 par-

490 4340 598 4396 tim
629 4347 824 4399 autem
857 4345 1105 4401 redactis
1134 4348 1193 4402 in
1226 4348 1598 4406 servitutem:
1623 4350 1896 4421 quodque
1934 4368 2127 4423 regem

489 4429 665 4485 etiam
714 4431 1019 4488 Persarum
1052 4438 1109 4488 et
1136 4435 1590 4492 Alamundarum
1640 4437 1790 4494 idem
1834 4438 1931 4495 ille
1974 4441 2126 4495 inci-

2238 3303 2325 3342 τες
2393 3281 2689 3356 εἰρηνικὰς,
2754 3280 3107 3356 ὑπέστρεφον,
3173 3279 3265 3334 καὶ
3340 3280 3516 3334 πάντα
3591 3274 3881 3350 διεσάφουν

2240 3369 2516 3442 Ἰουστίνῳ
2544 3375 2623 3441 τῷ
2658 3368 2891 3443 βασιλεῖ,
2925 3371 3023 3423 ὅσα
3050 3389 3109 3423 τε
3152 3367 3397 3443 ἐπράχθη
3447 3372 3526 3440 τῷ
3569 3370 3677 3421 τῶν
3707 3366 3885 3437 Ὁμη-

2240 3463 2402 3534 ριτῶν
2440 3458 2675 3534 βασιλεῖ,
2706 3458 2796 3513 καὶ
2827 3457 2927 3513 ὅσα
2971 3457 3110 3514 κατὰ
3146 3459 3485 3531 Χριστιανῶν
3542 3453 3779 3530 ἐγράφη.

2312 3550 2432 3606 ΚΖ¹.
2465 3550 2526 3606 Ὀ
2586 3546 2663 3615 δὲ,
2700 3548 2775 3620 μὴ
2833 3546 3144 3620 ἀναμείνας,
3188 3545 3446 3620 Ἀστερίῳ
3492 3549 3571 3618 τῷ
3629 3544 3881 3612 ’Δλεξαν-

2241 3636 2419 3713 δρείας
2452 3636 2768 3693 ἐπέστελλεν
2838 3635 3115 3708 ἐπισκόπῳ
3170 3636 3523 3709 παρορμῆσαι
3576 3634 3666 3688 τὸν
3719 3634 3884 3706 βασι-

2241 3728 2340 3782 Αέα
2389 3732 2496 3782 τῶν
2552 3727 2854 3799 Αἰθιόπων,
2896 3726 3041 3781 ὅπλα
3095 3725 3233 3779 κατὰ
3287 3728 3391 3778 τῶν
3436 3723 3751 3796 Ὁμηριτῶν
3790 3741 3875 3774 κι-

2238 3823 2418 3885 νῆσαι,
2451 3817 2519 3870 τὰ
2559 3816 2697 3870 αὐτά
2741 3815 2831 3870 καὶ
2879 3815 3041 3876 αὐτὸς
3089 3816 3169 3886 τῷ
3197 3816 3304 3867 τῶν
3337 3811 3615 3876 Αἰθιόπων
3669 3809 3884 3884 βασιλεῖ

2236 3902 2544 3979 γεγραφὼς,
2583 3903 2674 3955 καὶ
2701 3899 3018 3972 ἀναδιδάξας
3048 3899 3196 3963 ὅπως
3228 3920 3287 3955 τε
3315 3898 3440 3962 τοὺς
3486 3899 3573 3954 ὑπ’
3602 3897 3762 3953 αὑτὸν
3793 3917 3875 3952 τε·

2237 3989 2469 4051 λοῦντας
2500 3989 2786 4060 Αἰθίοπας,
2819 3988 3171 4062 Χριστιανοὺς
3218 3986 3451 4050 ἅπαντας
3499 3987 3803 4060 ἀφανίσειεν
3849 3986 3877 4040 ὅ

2236 4075 2514 4153 Ἑϐραῖος,
2547 4079 2635 4134 καὶ
2678 4077 2827 4143 ὅπως
2878 4080 3083 4153 Νεγρᾶν
3129 4080 3229 4148 τήν
3267 4077 3427 4134 πόλιν
3472 4070 3667 4145 εὐσεϐῆ
3716 4073 3875 4129 οὖσαν

2236 4168 2324 4224 καὶ
2382 4168 2814 4243 πολυάνθρωπον
2878 4166 3133 4239 ἀνίκητον
3190 4168 3572 4242 ἀπεργάσαιτο,
3616 4163 3707 4226 οὓς
3776 4164 3867 4236 μὲν

2237 4253 2446 4329 ἡϐηδὸν
2479 4256 2944 4335 κάτασφάξας,ο’ὑς
2968 4254 3025 4311 δὶ
3044 4256 3133 4311 καὶ
3156 4252 3700 4327 δουλωσάμενος,καὶ
3723 4250 3870 4314 ὅπως

2235 4347 2302 4405 τά
2341 4348 2508 4422 ὅμοια
2536 4348 2626 4403 καὶ
2666 4350 2758 4403 τὸν
2780 4352 2888 4403 τῶν
2920 4351 3135 4422 Περσῶν
3172 4344 3402 4421 βασιλέα
3429 4341 3871 4418 ’Δλαμοόνδαρον

2237 4438 2526 4513 παροξῦναι
2579 4438 2925 4508 ποιήσασθαι.
2987 4436 3248 4509 Προσθείς
3308 4435 3405 4506 ὡς,
3455 4432 3503 4488 εἷ
3560 4434 3635 4506 μὴ
3697 4428 3875 4486 διανα-

489 4520 692 4587 tasset,
746 4526 809 4574 ut
864 4520 1115 4575 facerent
1172 4522 1409 4578 similia.
1466 4525 1826 4582 Postremum
1892 4529 2125 4599 adjecit,

2240 4529 2394 4599 σταίη
2437 4527 2573 4601 πρὸς
2617 4524 2839 4599 ἄμυναν,
2889 4522 2959 4580 δι’
3010 4525 3176 4600 ὀργῆς
3252 4525 3345 4597 μὲν
3398 4522 3545 4595 αὐτῷ
3600 4521 3693 4577 τὸν
3753 4522 3875 4575 Θεὸν

489 4607 631 4675 fore,
665 4606 779 4662 nisi
828 4608 951 4679 ipse
1000 4619 1333 4682 exsurgeret
1362 4613 1431 4667 ad
1478 4613 1784 4683 ultionem,
1818 4621 1884 4673 ut
1915 4619 2067 4675 Deus
2097 4634 2128 4675 e

490 4694 734 4767 vestigio
765 4696 815 4752 ei
847 4697 1209 4755 irasceretur.
1241 4700 1313 4756 Et
1360 4700 1483 4757 haec
1532 4703 1766 4773 quidem
1814 4707 2130 4777 imperator

490 4785 778 4841 Justinus.
839 4788 966 4857 Ipse
1022 4804 1255 4860 quoque
1311 4791 1637 4862 patriarcha
1701 4793 2127 4854 Alexandrinus

489 4878 869 4946 posteaquam
920 4892 1053 4931 cum
1100 4880 1401 4936 monachis
1450 4880 1808 4950 orthodoxis,
1834 4885 1932 4955 qui
1962 4891 2129 4943 erant

488 4963 547 5017 in
596 4962 777 5018 Nitria
806 4971 859 5019 et
889 4965 945 5020 in
989 4966 1174 5035 Scete,
1208 4968 1424 5025 multas
1475 4970 1590 5026 Deo
1641 4972 1787 5027 fudit
1839 4975 2128 5045 supplica-

489 5051 699 5120 tiones,
734 5053 853 5123 regi
881 5053 967 5109 illi
998 5070 1063 5111 ea
1095 5056 1462 5129 signiﬁcavit,
1496 5076 1622 5129 quae
1660 5061 1753 5131 pio
1783 5061 2127 5120 videbantur

487 5141 727 5197 Justino.
786 5141 909 5198 Non
961 5142 1217 5199 latebant
1254 5150 1448 5201 autem
1507 5165 1612 5204 nec
1666 5150 1828 5221 prius
1888 5152 2123 5223 quidem

486 5229 818 5300 Ethiopum
867 5246 1057 5301 regem
1091 5246 1176 5299 ea,
1211 5249 1335 5303 quae
1384 5235 1532 5291 facta
1573 5238 1819 5307 fuerant,
1853 5240 1955 5294 sed
1984 5244 2125 5295 tem-

485 5334 622 5388 pore
668 5319 804 5374 anni
850 5320 1192 5391 prohibente
1239 5322 1382 5393 (erat
1410 5324 1567 5379 enim
1601 5326 1810 5399 hiems)
1849 5328 1934 5382 vel
1974 5328 2121 5384 invi-

483 5409 580 5459 tus
612 5406 847 5475 quievit.
873 5411 1073 5479 Itaque
1103 5425 1236 5464 cum
1266 5410 1519 5467 validum
1551 5414 1880 5486 collegisset
1907 5417 2121 5473 exerci-

484 5496 608 5548 tum
664 5497 775 5549 tam
838 5511 907 5550 ex
962 5496 1108 5565 suis,
1169 5514 1341 5569 quam
1399 5514 1466 5556 ex
1523 5502 1752 5559 auxiliis
1811 5521 1993 5576 usque
2050 5506 2119 5562 ad

485 5586 717 5637 centum
775 5586 831 5637 et
882 5585 1084 5656 viginti
1143 5586 1348 5658 millia,
1406 5605 1583 5648 naves
1640 5595 1831 5652 autem
1891 5595 2120 5655 Indicas

2235 4612 2443 4671 ἔσεσθαι
2482 4616 2628 4690 παρὰ
2678 4610 2849 4677 πόδας
2881 4631 2895 4645 ⁸
2946 4615 3015 4669 τὰ
3053 4611 3109 4668 δὲ
3156 4613 3460 4686 Ῥωμαϊκὰ,
3510 4611 3666 4687 φησὶ,
3718 4630 3871 4686 στρα-

2236 4705 2479 4779 τεύματα
2530 4704 2621 4759 καὶ
2676 4702 2938 4778 ἡμέτερα,
2980 4700 3069 4757 διά
3104 4723 3164 4757 τε
3214 4704 3428 4759 Κοπτοῦ
3487 4694 3867 4775 Καιϐερνίκης,

2236 4795 2324 4849 κάὶ
2382 4794 2672 4866 βλεμμίων
2714 4797 2821 4848 τῶν
2868 4789 3141 4866 νομάδων,
3180 4793 3263 4869 ἔφ’
3300 4792 3346 4863 ᾦ
3378 4789 3693 4863 ἀμυνεῖσθαι
3750 4788 3871 4849 τοὺς

2234 4878 2444 4947 ἀσεϐεῖς
2508 4882 2916 4956 ἐκπεμπόμενα,
2988 4880 3346 4957 βλάψειξμὶν
3402 4880 3454 4933 ἓν
3510 4882 3581 4953 τῇ
3648 4874 3868 4951 παρόδῳ

2233 4974 2331 5041 τὴν
2431 4971 2713 5047 ὑμετέραν,
2773 4973 2865 5027 τὸν
2953 4969 3010 5025 δὲ
3056 4970 3363 5043 Ὁμηρίτην
3448 4967 3679 5045 ἀφανιεῖ.
3765 4967 3866 5021 Καὶ

2231 5065 2397 5116 ταῦτα
2440 5062 2532 5134 μὶν
2582 5062 2609 5115 6
2665 5059 2918 5135 βασιλεὺς
2972 5061 3263 5120 Ἰουστῖνος
3296 5078 3308 5091 ·
3351 5056 3450 5111 οὐκ
3506 5054 3761 5111 ἐλάνθανε
3814 5053 3866 5109 δὲ

2234 5147 2360 5205 οὐδὲ
2389 5150 2650 5226 πρότερον
2710 5150 2777 5205 τὰ
2803 5150 3085 5224 γινόμενα,
3112 5149 3205 5203 τὸν
3248 5145 3475 5210 βασιλέα
3529 5148 3635 5200 τῶν
3683 5143 3862 5208 Δῖθιό-

2230 5262 2371 5311 πων,
2418 5238 2564 5295 ἀλλὰ
2607 5246 2709 5310 τῆς
2767 5236 2912 5315 ὥρας
2987 5238 3280 5315 εἶργοὺσης
3346 5235 3503 5291 αὑτὸν
3573 5236 3865 5309 (χειμῶνος

2228 5330 2329 5405 γὰρ
2399 5327 2680 5403 ἐτελεῖτο),
2738 5329 2828 5383 καὶ
2884 5325 3026 5383 ἄκων
3068 5327 3364 5405 ἡσύχαζεν.
3414 5326 3475 5382 Ὀ
3536 5322 3721 5396 μέντοι
3770 5343 3865 5377 πα-

2226 5416 2499 5496 τριάρχης
2554 5414 2955 5491 Ἀλεξανδρείας
3030 5415 3121 5471 σὺν
3190 5420 3308 5477 τοῖς
3383 5414 3433 5469 ἐν
3497 5411 3710 5486 Νητρίᾳ
3773 5432 3859 5466 κα-

2230 5506 2429 5576 Σκήτει
2482 5504 2804 5580 μννάζουσιν
2863 5502 3195 5578 ὀρθοδόξοις,
3235 5502 3507 5576 πάννυχον
3561 5500 3700 5571 πρὸς
3740 5500 3863 5555 Θεὸν

2228 5594 2451 5666 θέμενος
2511 5594 2738 5652 ἱκετείαν
2787 5592 2951 5659 ἕωθεν
3015 5592 3219 5665 ἐδήλου
3265 5599 3344 5665 τῷ
3404 5589 3617 5668 βασιλεῖ
3671 5590 3739 5644 τὰ
3784 5594 3859 5662 τῷ
