4128 6274
177 303 327 364 1281

1396 303 1874 364 ΜΑΙὶΤΥΡιΙΗΜ
1922 302 1982 364 S.
2033 307 2394 367 ARETHIE.

3420 322 3443 379 1
3457 321 3573 380 282

167 455 375 516 εὐσεϐεῖ
458 456 721 514 δοκοῦντα
805 456 1102 532 Ἰουστίνῳ,
1161 458 1285 516 οὐδὲ
1369 460 1531 524 αὐτὸς
1615 461 1820 537 ἀπαρά-

1932 468 2294 539 septuaginta
2314 469 2370 524 in
2396 470 2522 542 ipsa
2541 471 2732 528 hiems
2754 475 3195 547 construxisset,
3220 481 3361 551 quin
3393 485 3569 540 etiam

167 567 354 609 σκευος
430 547 544 616 ἧν⁶
599 542 761 620 ἔτυχε
842 546 942 622 γάρ
1037 546 1430 622 συλλεξάμενες
1511 549 1815 624 ἀξιόμαχον

165 639 414 714 στρατιάν
489 635 549 690 ἐκ
602 656 661 690 τε
709 634 912 697 οἰκείας
977 635 1066 690 καὶ
1127 635 1484 713 συμμαχίδος
1543 638 1675 714 ἄχρι
1704 643 1814 694 τῶν

163 724 487 784 δυοκαίδεκα
530 721 829 799 μυριάδων.
883 727 980 780 Ἤν
1029 722 1086 779 δὲ
1127 725 1218 782 καί
1268 724 1440 782 πλοῖα
1495 749 1818 784 κατεσκευα-

161 820 275 878 κῶς
326 809 707 887 ἐϐδομήκοντα
765 814 892 888 παρ’
919 812 1065 885 αύτῴ
1119 819 1200 886 τῷ
1252 820 1536 890 χειμῶνι·
1572 816 1634 872 ού
1704 819 1815 892 μὴν

162 903 311 961 ἀλλὰ
356 905 446 958 καὶ
490 902 550 959 ἐκ
587 907 692 957 τῶν
733 900 991 975 ἐμπόρων
1040 907 1260 978 Περσῶν
1288 925 1346 960 τε
1374 905 1464 960 καὶ
1514 905 1816 976 Αἰθιόπων,

163 994 432 1071 ἐμπορίας
501 995 662 1068 χάριν
732 991 904 1047 ἐκεῖσε
951 994 1277 1068 κατάραντα,
1329 995 1450 1070 ηερί
1522 1017 1628 1050 που
1694 996 1818 1067 ἐξή-

162 1104 328 1139 κοντα
396 1079 765 1153 συνελέξαντο.
815 1082 954 1137 ⁸Ὀσα
1021 1085 1154 1156 γοῦν
1229 1083 1578 1154 πεπονηκότα
1633 1084 1699 1153 ἦν
1765 1084 1814 1154 ἐξ

167 1170 349 1225 αὐτῶν
418 1167 934 1239 ἐπισκευασάμενος,
992 1167 1082 1222 καὶ
1168 1168 1341 1224 πάντα
1424 1167 1646 1243 θέμενος
1722 1171 1820 1225 εὐ-

165 1265 362 1333 τρεπῆ,
396 1255 510 1330 ἅμα
567 1254 682 1329 ἔαρι
748 1258 849 1326 τὴν
909 1259 1160 1330 στρατιὰν
1214 1253 1497 1331 ἐμϐαλὼν,
1557 1258 1703 1315 ὅπλα
1759 1280 1819 1331 τι

167 1345 257 1402 καὶ
315 1343 524 1408 ’ίππους
603 1345 695 1399 καὶ
761 1347 859 1414 τὴν
907 1342 1084 1414 ἄλλην
1136 1349 1504 1420 παρασκευήν,
1562 1347 1817 1422 ἠπείγετο

169 1434 435 1509 συμμίξαι
494 1439 614 1496 τοῖς
669 1433 980 1507 πολεμίοις.
1017 1434 1115 1489 Καὶ
1174 1432 1242 1489 δι’
1283 1436 1516 1511 ἠπείρου
1581 1437 1676 1509 μὶν
1743 1437 1818 1498 ὧς

167 1524 227 1580 ἐκ
275 1523 438 1580 νότου
488 1530 588 1594 τῆς
629 1522 935 1595 Αἰθιόπων,
965 1523 1232 1597 ἐξέπεμπέ
1303 1546 1454 1587 τινας
1517 1529 1624 1580 τῶν
1686 1532 1818 1600 Βαρ-

1925 571 1994 610 ex
2042 557 2502 627 negotiatoribus
2545 561 2738 616 Persis
2767 566 2823 616 et
2860 563 3244 638 EthiOpibus,
3296 569 3396 640 qui
3429 570 3568 629 illuc

1925 648 2204 700 venerant
2235 650 2569 702 mercaturae
2618 649 2822 719 gratia,
2856 666 3030 706 naves
3061 651 3206 708 altas
3237 655 3568 728 collegisset

1926 732 1998 787 ad
2024 733 2328 804 sexaginta
2359 750 2372 788 :
2407 750 2658 807 cumque
2689 751 2808 805 eas,
2842 755 2970 808 quae
2999 755 3065 794 ex
3104 740 3249 811 ipsis
3298 743 3564 817 collapsa

1925 820 2176 888 fuerant,
2220 821 2610 880 instaurasset
2645 841 2712 880 ac
2760 826 3073 895 refecisset,
3105 833 3162 883 et
3217 832 3415 888 omnia
3461 851 3564 905 pa-

1926 913 2138 976 rasset,
2170 909 2322 964 veris
2353 909 2518 966 initio
2578 913 2759 968 movit
2815 915 3154 983 exercitum,
3185 919 3479 992 armisque
3509 926 3566 978 et

1926 997 2096 1069 equis
2124 1002 2182 1053 et
2217 997 2332 1053 alio
2365 1004 2649 1070 apparatu
2700 1001 3068 1073 properabat,
3115 1013 3172 1061 ut
3206 1009 3398 1076 praelio
3428 1026 3563 1065 con-

1926 1086 2151 1157 ﬂigeret
2181 1103 2314 1142 cum
2346 1088 2620 1144 inimicis.
2655 1090 2722 1144 Et
2751 1106 2852 1160 per
2894 1092 3290 1149 continentem
3323 1097 3561 1167 quidem

1927 1175 1998 1230 ab
2053 1174 2314 1231 inferiori
2372 1181 2535 1248 parte
2604 1178 2910 1249 zEthiopiaa
2987 1180 3142 1236 misit
3227 1185 3562 1254 quindecim

1928 1262 2110 1318 millia
2138 1264 2472 1336 IEtbiopum
2506 1266 2576 1321 ad
2625 1265 2999 1323 Homeritidis
3027 1274 3219 1340 partes
3257 1275 3444 1345 magis
3473 1291 3566 1332 oc-

1926 1351 2259 1420 cidentales,
2294 1358 2358 1408 ut
2385 1353 2512 1424 ipse
2540 1355 2778 1425 quidem
2812 1372 2916 1427 per
2944 1372 3102 1412 mare
3133 1374 3265 1414 cum
3298 1361 3562 1430 navibus,

1925 1439 2010 1495 illi
2043 1444 2239 1496 autem
2275 1457 2374 1513 per
2402 1446 2616 1498 terram
2648 1443 2955 1515 irruentes,
2990 1445 3185 1504 hostes
3217 1447 3274 1503 in
3307 1450 3562 1507 medium

1930 1538 2277 1585 coercerent.

171 1615 351 1689 βάρων
419 1614 698 1678 Αἰθιόπων
777 1611 1004 1684 μυρίους
1079 1615 1170 1667 καὶ
1237 1613 1712 1688 πεντακισχιλίους
1788 1614 1922 1688 πρὸς
1975 1616 2041 1669 τά
2095 1619 2192 1670 τοῦ
2233 1615 2532 1691 Ὁμηρίτου
2598 1617 3055 1696 ἆνατολικώτερα,
3095 1620 3171 1686 ὡς
3234 1620 3293 1676 ἂν
3350 1621 3410 1678 ἐκ
3467 1629 3560 1698 μὲν

168 1701 384 1776 δυσμῶν
419 1702 576 1763 οὗτος
627 1697 716 1756 διά
771 1700 1042 1776 θαλάσσῃς
1078 1701 1213 1774 μετὰ
1259 1705 1366 1756 τῶν
1433 1701 1671 1774 πλοίων,
1704 1702 1892 1758 ἐκεῖνοι
1926 1700 1982 1758 δὲ
2013 1701 2101 1758 διά
2127 1711 2231 1778 γῆς
2261 1703 2312 1777 ἐξ
2344 1705 2623 1761 ἀνατολῶν
2683 1704 3038 1780 ἐμϐαλόντες,
3076 1709 3206 1774 τοὺς
3253 1697 3559 1785 πολεμίους

168 1791 248 1853 είς
290 1792 454 1864 μέσον
486 1789 762 1864 εἴρζωσιν,

246 1887 372 1938 KH'.
405 1880 473 1937 Οἱ
525 1880 623 1953 μὶν
671 1877 763 1933 οὖν
829 1874 1125 1954 Βάρόαροι,
1187 1878 1427 1945 πολλαῖς
1474 1878 1706 1956 ἡμέραις
1749 1879 1815 1936 δι’

1999 1884 2263 1941 XXVIII.
2295 1887 2577 1942 Caeterum
2610 1886 2693 1941 illi
2726 1886 2986 1956 quidem,
3016 1904 3149 1944 cum
3192 1889 3406 1947 multos
3440 1892 3564 1949 dies

167 1965 412 2043 ἀνύδρων
455 1989 512 2023 τε
547 1969 638 2022 καὶ
700 1962 982 2022 δυσϐάτων
1035 1965 1346 2032 ὁδεύσαντες
1402 1975 1509 2024 τῶν
1562 1970 1812 2048 χωρίων,

169 2059 396 2120 ἅπαντες
457 2055 840 2132 διεφθάρησαν,
910 2059 1052 2131 μήτε
1127 2058 1263 2133 πρὸς
1333 2058 1424 2113 τὸν
1477 2058 1812 2135 Ὀμηρίτην,

174 2149 314 2222 μήτε
377 2147 512 2218 πρὸς
568 2149 668 2216 τήν
724 2146 924 2218 οἰκείαν
1020 2145 1392 2222 διαρκέσαντες
1460 2148 1811 2223 ὑποστρέψαι.

167 2238 226 2293 Ὀ
278 2233 334 2291 δέ
379 2257 440 2312 γε
495 2235 767 2310 βασιλεὺς,
815 2233 924 2307 ἤδη
966 2238 1086 2311 περὶ
1137 2238 1228 2293 τὸν
1277 2235 1512 2292 ἔκπλουν
1546 2236 1645 2305 ὢν,
1685 2234 1817 2316 ἀφέ-

171 2345 296 2380 κετο
335 2325 409 2384 είς
454 2325 518 2379 τὸ
569 2324 737 2397 ἱερὸν,
768 2325 855 2379 καὶ
906 2325 1012 2399 πρὸ
1067 2332 1170 2394 τῆς
1209 2323 1426 2380 εῗσόδου
1477 2325 1528 2381 ἐν
1566 2329 1645 2398 τῷ
1675 2345 1818 2400 προ-

172 2414 432 2487 νάῳ,τήν
486 2413 764 2490 βασίλειον
811 2414 1010 2485 ἐσθῆτα
1055 2413 1231 2484 ἐκδὺς,
1265 2414 1446 2472 τᾶλλα
1503 2435 1560 2470 τε
1620 2415 1818 2481 ἀποθέ-

179 2524 334 2577 μενος
392 2504 692 2579 παράσημα
744 2509 845 2572 τῆς
910 2505 1113 2578 ἆρχῆς,
1165 2505 1216 2560 ἐν
1283 2501 1546 2575 ἰδιωτικῷ
1599 2504 1694 2577 μὲν
1745 2503 1818 2558 εί-

177 2591 348 2661 σῆλθε
403 2596 482 2663 τῷ
540 2593 790 2666 σχήματι
825 2610 839 2625 ⁸
882 2593 1008 2655 στάς
1057 2589 1113 2646 δὲ
1162 2592 1438 2648 κατέναντι
1479 2596 1576 2647 τοῦ
1635 2603 1819 2656 θυσια-

174 2679 422 2755 στηρίου,
455 2681 545 2734 καὶ
603 2677 792 2734 πολλὰ
837 2677 1050 2750 δεηθεὶς
1104 2687 1200 2736 τοῦ
1240 2685 1396 2749 Θεοῦ,
1425 2681 1512 2736 καὶ
1573 2682 1820 2754 ἀναμνή-

175 2790 270 2832 σας
317 2770 427 2823 τῶν
477 2769 592 2822 κατ’
650 2768 928 2842 Δί’γυπτον
1003 2769 1336 2840 θαυμὸσίων,
1384 2769 1473 2822 καὶ
1524 2774 1630 2822 τῶν
1686 2769 1822 2823 κατά

178 2859 278 2926 τήν
344 2851 550 2930 ἔρημον
621 2862 736 2917 τοῖς
785 2851 1062 2926 Ἑϐραίοις
1136 2856 1282 2927 αύτῷ
1353 2854 1682 2931 γενομένων,
1731 2856 1820 2909 καὶ

181 2950 270 3010 Ὠς
320 2947 632 3022 ἀχάριστοι,
676 2945 832 3020 φησὶ,
871 2945 995 3016 περὶ
1041 2946 1131 3000 τὸν
1195 2945 1502 3021 εὐεργέτην,
1549 2945 1647 3000 οὐκ
1685 2945 1824 3000 ἐκεῖ·

184 3057 270 3092 νοι
317 3037 506 3109 μόνον,
555 3033 700 3089 ἀλλὰ
755 3034 846 3088 καὶ
933 3034 1085 3088 οὗτοι
1151 3034 1202 3089 οἱ
1262 3033 1479 3088 ἐκείνων
1541 3033 1822 3110 γεγόνασιν

186 3122 416 3200 ἔκγονοι,
459 3123 550 3178 καὶ
618 3121 715 3178 ὅσα
780 3121 1205 3198 ἐπονηρεύσαντο
1254 3121 1306 3178 ἐν
1356 3126 1425 3198 τῇ
1477 3121 1638 3178 πόλει
1706 3142 1824 3190 σου,

1923 1973 2036 2029 iter
2069 1973 2345 2029 fecissent
2393 1990 2495 2045 per
2535 1976 2658 2032 loca
2707 1976 2868 2032 arida
2898 1982 2957 2032 et
3004 1977 3250 2034 transitu
3283 1980 3560 2049 difﬁcilia,

1922 2078 2122 2119 omnes
2156 2063 2526 2133 interierunt,
2560 2068 2624 2119 ut
2655 2065 2756 2135 qui
2783 2080 2890 2120 nec
2921 2066 3219 2137 pervenire
3248 2068 3316 2123 ad
3352 2069 3562 2126 Home-

1921 2151 2117 2219 ritam,
2170 2167 2277 2208 nec
2319 2153 2390 2207 ad
2442 2152 2736 2224 regionem
2792 2169 2963 2209 suam
3012 2157 3307 2226 potuerint
3353 2159 3559 2215 redire.

1924 2238 2041 2294 Rex
2072 2250 2266 2296 autem
2317 2257 2451 2297 cum
2500 2243 2626 2312 jam
2659 2247 2813 2298 esset
2843 2244 3246 2316 navigaturus,
3286 2247 3442 2301 venit
3489 2249 3561 2303 ad

1923 2329 2233 2399 templum,
2266 2330 2336 2384 ad
2385 2329 2556 2400 cujus
2586 2330 2758 2396 fores,
2793 2332 2949 2402 regia
3001 2338 3158 2388 veste
3193 2333 3440 2404 aliisque
3465 2336 3560 2391 in-

1925 2415 2137 2488 signiis
2169 2417 2396 2488 imperii
2436 2418 2736 2488 depositis,
2770 2419 3071 2491 ingressus
3100 2420 3335 2492 quidem
3383 2428 3471 2478 est
3499 2423 3558 2480 in

1927 2505 2150 2575 privato
2181 2505 2402 2560 habitu.
2463 2505 2636 2562 Stans
2661 2511 2854 2562 autem
2885 2523 2953 2562 ex
2981 2509 3218 2564 adverso
3258 2526 3390 2578 arte,
3424 2527 3557 2568 cum

1927 2595 2103 2649 Deum
2137 2593 2386 2650 multum
2416 2598 2655 2664 orasset,
2686 2600 2744 2650 et
2782 2596 2933 2652 facta
2967 2596 3038 2651 ab
3069 2597 3197 2668 ipso
3227 2597 3286 2653 in
3315 2599 3559 2671 Egypto

1927 2683 2210 2738 miracula
2243 2691 2417 2754 atque
2461 2683 2520 2738 in
2561 2684 2692 2755 ipsa
2739 2683 3052 2740 solitudine
3082 2702 3182 2756 pro
3215 2685 3470 2743 Hebraeis
3499 2690 3559 2745 in

1929 2771 2268 2824 memoriam
2326 2779 2686 2826 revocasset:
2746 2772 2857 2839 Illi,
2905 2772 3153 2840 dicebat,
3202 2774 3436 2829 fuerunt
3465 2776 3557 2831 in-

1929 2857 2078 2927 grati
2111 2859 2169 2912 in
2220 2863 2275 2911 te
2306 2857 2750 2926 benefactorem,
2786 2875 2973 2929 neque
3031 2859 3116 2914 illi
3150 2861 3361 2930 solum,
3388 2865 3489 2919 sed
3521 2865 3560 2920 ii

1929 2944 2126 3012 etiam,
2151 2945 2252 3015 qui
2276 2961 2342 3001 ex
2371 2945 2453 3002 eis
2485 2946 2605 3002 nati
2634 2952 2793 3004 sunt.
2826 2949 2907 3002 Tu
2938 2949 3092 3004 enim
3126 2950 3262 3018 scis,
3297 2953 3558 3022 Domine,

1932 3050 2110 3105 quam
2142 3051 2204 3090 se
2235 3035 2382 3090 male
2421 3036 2707 3106 gesserint
2737 3036 2796 3091 in
2821 3041 2920 3092 tua
2949 3036 3201 3106 civitate,
3235 3045 3298 3094 ut
3328 3042 3428 3111 qui
3459 3059 3560 3109 po-

1934 3123 2136 3196 pulum
2176 3123 2342 3178 illum
2379 3139 2477 3194 per
2516 3125 2716 3180 dolum
2756 3125 3251 3198 circumvenerint,
3286 3133 3342 3184 et
3372 3131 3563 3186 consi-

188 3215 279 3270 τὸν
337 3211 471 3268 λαόν
535 3233 628 3267 σου
687 3213 1374 3286 καταπανουργευσάμενοι,
1431 3213 1519 3268 καὶ
1591 3211 1821 3288 βουλευ-

1937 3212 2080 3268 lium
2117 3210 2352 3267 inierint
2385 3212 2657 3267 adversus
2688 3221 2918 3270 sanctos
2950 3218 3104 3282 tuos,
3136 3221 3191 3270 et
3219 3216 3279 3271 in
3310 3233 3428 3289 eos,
3463 3219 3562 3290 qui

189 3301 412 3375 σάμενοι
466 3300 602 3356 κατᾶ
657 3305 762 3356 τῶν
823 3299 995 3375 ἁγίων
1057 3322 1173 3370 σου,
1231 3301 1320 3356 καὶ
1382 3299 1458 3356 ἔτι
1517 3300 1652 3356 κατὰ
1714 3305 1822 3354 τῶν

189 3391 639 3464 ὑπολειπομένων
700 3390 917 3466 πονηρὰ
982 3390 1365 3464 σκεπτόμενοι,
1421 3393 1511 3446 καὶ
1585 3391 1658 3451 ὡς
1719 3388 1825 3464 εἴγε

186 3481 240 3533 αἱ
300 3479 584 3555 ἡμέτεραι,
652 3478 912 3548 Δέτποτα,
978 3477 1477 3553 παρεμποδίζουσιν
1544 3478 1822 3551 ἁμαρτίαι,

185 3566 331 3622 ἀλλά
390 3569 466 3642 μή
515 3573 633 3630 ταῖς
693 3567 912 3622 ἐκείνων
954 3565 1252 3642 παραδῴης
1311 3567 1519 3644 χερσὶν,
1563 3565 1691 3621 ἀλλ’
1748 3567 1822 3627 ὡς

185 3657 248 3710 ἂν
321 3657 484 3718 αὐτὸς
561 3653 873 3726 ἐθελήσειας
937 3656 1206 3731 τιμωρίαν
1284 3659 1420 3728 ἡμῖν
1490 3654 1691 3725 ἐπίθες,
1743 3656 1819 3727 μή

182 3765 315 3800 ποτε
355 3743 572 3814 εἷ’πωσι,
632 3749 745 3798 Ποῦ
795 3745 935 3800 ἐστὶν
987 3743 1068 3820 ἐφ’
1098 3746 1143 3817 ᾧ
1180 3743 1550 3821 ἐγκαυχῶνται
1592 3744 1822 3816 Χριστὸς

182 3834 272 3887 καί
332 3834 360 3888 ὁ
414 3833 611 3888 τούτου
665 3834 928 3908 σταυρός;
975 3837 1160 3891 Ταῦτα
1215 3832 1308 3887 σὺν
1368 3831 1620 3908 δάκρυσιν
1675 3831 1822 3888 ἐπευ-

183 3923 434 3994 ξάμενος,
489 3921 580 3976 καὶ
657 3919 986 3992 ἐπιθειάσας,
1043 3920 1198 3995 ἔξεισι
1271 3921 1361 3977 καὶ
1417 3927 1513 3977 τοῦ
1569 3924 1674 3977 νεὼ
1730 3923 1820 3977 καὶ

179 4017 281 4080 τῆς
331 4008 572 4078 πόλεως,
604 4011 693 4066 καὶ
738 4012 874 4086 πρός
927 4033 1049 4067 τινα
1099 4012 1338 4087 μοναχὸν
1369 4007 1698 4088 προϐλέπειν
1757 4011 1819 4067 τὰ

185 4098 390 4173 μέλλον
438 4097 507 4154 δι’
555 4101 750 4172 ἀρετῆς
801 4100 1050 4177 ἐργασίαν
1089 4101 1418 4175 ἠξιωμένον,
1449 4102 1538 4155 καὶ
1578 4099 1630 4155 ἐν
1685 4120 1820 4174 πυρ-

183 4187 354 4264 γίσκῳ
401 4190 724 4266 στενοχὼρῳ
765 4190 857 4245 ὶπὶ
902 4191 1127 4268 χρόνοις
1167 4190 1275 4260 ἤδη
1313 4188 1467 4244 πέντε
1513 4187 1605 4242 καὶ
1633 4208 1819 4243 τασσε-

184 4277 411 4352 ράκοντα
479 4280 885 4355 καθειργμένον,
961 4279 1200 4348 πεζεύῶν
1277 4279 1496 4357 ἀφίκετο
1571 4276 1660 4332 ἐπὶ
1719 4275 1820 4333 τοῦ

183 4365 346 4421 αὐτοῦ
430 4369 738 4441 σχήματος.
797 4367 1130 4440 πευσόμενός
1204 4387 1257 4421 τι
1331 4369 1438 4420 τῶν
1512 4367 1647 4422 κατὰ
1719 4367 1818 4436 τήν

188 4453 393 4528 μάχην,
423 4455 693 4530 Ἐπήγετο
753 4453 810 4510 δὶ
845 4455 935 4510 καὶ
994 4455 1312 4528 θυμιάματα
1361 4454 1604 4523 σύνθετα,
1629 4455 1684 4510 ἐν
1736 4460 1819 4518 οἷς

185 4543 253 4610 ἦν
283 4541 372 4595 καὶ
403 4543 630 4616 χρυσίον
667 4540 889 4614 ἀδήλως
921 4545 1345 4620 συγκαταμίξας.
1374 4548 1441 4600 Ἀ
1503 4545 1593 4598 καὶ
1622 4549 1702 4617 τῷ
1727 4544 1816 4618 γέῇ

189 4651 338 4706 ροντι
366 4627 665 4701 ἐπιδιδοὺς,
698 4631 873 4706 ἐξῄτει
913 4633 1082 4709 εὐχὴν
1111 4635 1202 4688 καί
1243 4631 1485 4704 δήλωσιν
1525 4637 1632 4688 τῶν
1661 4629 1827 4704 ἐκϐη-

189 4717 458 4790 σομένων.
492 4721 552 4773 ’0
601 4717 658 4775 δὲ
694 4722 784 4776 τὸν
819 4719 980 4777 δόλον
1014 4723 1287 4800 φωράσας,
1326 4721 1417 4776 καὶ
1468 4723 1625 4798 γνοὺς
1674 4721 1826 4790 άκρι-

192 4803 305 4869 ϐὣς
374 4807 521 4869 ὅστις
575 4807 684 4879 εἴη,
751 4810 931 4867 Ἔστω
993 4811 1125 4884 μέτα
1181 4815 1299 4882 σοῦ,
1355 4811 1512 4888 φησὶ,
1579 4811 1730 4880 Θεὸς,
1771 4811 1829 4872 ὃς

191 4895 283 4952 καὶ
332 4890 724 4969 συμϐασιλεύει
763 4919 868 4954 σοι.
923 4898 1072 4966 Πλὴν
1113 4896 1244 4953 ἀλλ’
1282 4896 1432 4953 ἄπιθι
1491 4919 1827 4977 κατωχυρω-

197 4985 359 5059 μένος
421 4988 490 5058 τῇ
537 4991 647 5042 τῶν
699 4988 987 5062 μαρτύρων
1029 4988 1205 5058 θυσίᾳ,
1261 4989 1327 5055 ἠς
1382 4985 1668 5062 ὠσφράνθη
1721 4987 1826 5042 Κύ-

197 5092 338 5148 ριος,
379 5075 468 5127 καὶ
517 5079 636 5137 ταῖς
667 5075 858 5154 εὐχαῖς
913 5075 1214 5154 ἀρχιερέως
1261 5072 1684 5147 Ἀλεξανδρείας,
1740 5077 1830 5130 καὶ

195 5166 313 5223 τοῖς
346 5158 598 5237 δάκρυσιν
639 5165 946 5222 Ἰουστίνου.

271 5255 394 5307 ΚΘ’.
441 5251 664 5308 Τούτων
718 5252 950 5315 ἀκούσας
1007 5247 1326 5322 Ἐλεσόαὰν,
1383 5250 1472 5306 καὶ
1533 5254 1832 5328 περαιτέρω

203 5341 279 5414 μή
348 5341 618 5414 πειράζειν
683 5344 936 5418 προσθεὶς
1012 5341 1422 5418 ἐπευλογηθεὶς,
1478 5340 1643 5412 άπήει
1712 5341 1834 5417 χαί-

203 5447 335 5503 ρων,
386 5429 476 5484 καὶ
545 5431 1085 5506 παρακελευσάμενος
1154 5435 1233 5501 τῷ
1315 5430 1696 5503 στρατεύματι,
1755 5433 1831 5503 μή

201 5515 368 5571 πλέον
427 5519 462 5588 ἠ
520 5520 743 5594 ἡμερῶν
815 5517 984 5576 εἷ’κοσι
1047 5518 1251 5598 τροφὰς
1335 5516 1677 5593 ἐπιφέρεσθαι
1741 5519 1832 5573 τὸν

201 5603 375 5660 πλοῦν
421 5605 679 5666 ἐποιεῖτο.
721 5607 862 5669 Ούδὶ
909 5611 937 5664 ὁ
985 5614 1094 5664 τῶν
1135 5609 1450 5682 Ὀμηριτῶν
1517 5606 1716 5682 ἡμέλει
1749 5610 1838 5683 βα-

1936 3304 2177 3371 restant,
2221 3300 2409 3356 adhuc
2439 3299 2590 3356 mala
2630 3301 3051 3356 machinentur.
3085 3303 3243 3366 Quod
3277 3305 3328 3360 si
3367 3312 3565 3362 nostra

1934 3395 2166 3462 peccata
2196 3390 2252 3445 id
2281 3398 2595 3454 merentur,
2627 3391 2723 3445 sed
2757 3407 2826 3445 ne
2861 3395 2922 3445 tu
2967 3406 3075 3446 nos
3104 3393 3301 3448 tradas
3331 3393 3564 3451 illorum

1934 3480 2205 3534 manibus
2240 3495 2252 3532 :
2287 3479 2441 3549 quod
2477 3482 2666 3533 autem
2700 3477 2824 3549 ipse
2851 3477 3127 3548 volueris,
3159 3480 3268 3538 hoc
3307 3491 3564 3554 excepto,

1933 3567 2100 3624 nobis
2122 3566 2356 3638 impone
2382 3567 2759 3637 supplicium,
2786 3583 2857 3622 ne
2887 3567 3032 3622 forte
3053 3569 3250 3624 dicant
3275 3587 3286 3622 :
3313 3569 3563 3627 Ubinam

1930 3660 2021 3712 est
2050 3655 2312 3727 ipsorum
2343 3654 2630 3723 Christus,
2664 3661 2895 3726 propter
2925 3672 3099 3726 quem
3133 3657 3475 3728 gloriantur,
3507 3665 3564 3716 et

1929 3761 2066 3801 crux
2091 3745 2256 3814 ejus?
2276 3743 2405 3800 Haec
2426 3759 2559 3800 cum
2587 3754 2852 3816 precatus
2873 3746 3079 3800 fuisset
3103 3761 3236 3800 cum
3265 3746 3560 3820 lacrymis,

1927 3833 2225 3906 egreditur
2268 3849 2299 3888 e
2355 3832 2595 3905 templo,
2626 3841 2679 3890 et
2709 3849 2738 3890 e
2787 3833 3029 3901 civitate,
3063 3838 3120 3890 et
3147 3835 3218 3890 ad
3250 3837 3561 3906 quemdam

1930 3921 2298 3990 monachum,
2361 3921 2459 3992 qui
2539 3926 2773 3994 propter
2855 3921 3087 3976 virtutis
3171 3922 3562 3992 operationem

1929 4011 2140 4081 dignus
2197 4014 2322 4065 erat
2377 4009 2634 4076 habitus,
2678 4013 2740 4064 ut
2792 4009 3128 4080 praevideret
3171 4010 3386 4077 futura,
3419 4016 3474 4066 et
3503 4011 3562 4066 in

1929 4103 2179 4170 augusta
2207 4097 2492 4152 turricula
2522 4099 2647 4168 jam
2676 4097 3064 4170 quadraginta
3091 4098 3349 4169 quinque
3380 4116 3566 4156 annos

1930 4189 2116 4242 fuerat
2144 4182 2435 4253 inclusus,
2467 4185 2641 4252 pedes
2691 4185 2852 4239 venit
2898 4186 2956 4238 in
2997 4185 3197 4240 eodem
3235 4185 3462 4254 habitu,
3496 4189 3566 4244 de

1930 4271 2128 4346 praelio
2159 4270 2582 4326 sciscitaturus.
2613 4269 2822 4326 Attulit
2840 4278 3032 4326 autem
3065 4274 3382 4344 composita
3413 4291 3566 4346 quo-

1930 4378 2044 4432 que
2092 4359 2500 4432 thymiamata,
2536 4359 2594 4414 in
2618 4359 2830 4430 quibus
2873 4359 3046 4415 etiam
3087 4377 3296 4416 aurum
3331 4363 3574 4419 latenter

1930 4448 2347 4505 immiscuerat.
2397 4449 2534 4514 Quae
2565 4463 2698 4502 cum
2741 4447 3080 4503 tradidisset
3109 4449 3256 4518 seni,
3279 4452 3570 4519 querebat

1938 4554 2156 4611 preces,
2185 4540 2244 4592 et
2287 4535 2772 4606 signiﬁcationem
2803 4552 3026 4604 eorum,
3054 4553 3180 4607 quae
3205 4544 3373 4594 erant
3399 4555 3568 4596 even-

1937 4636 2088 4687 tura.
2113 4630 2214 4685 Ille
2267 4633 2484 4695 autem,
2515 4627 2644 4684 dolo
2687 4628 3071 4700 deprehenso,
3103 4643 3236 4684 cum
3295 4628 3571 4698 quisnam

1938 4725 2114 4786 esset,
2144 4718 2357 4790 optime
2385 4721 2582 4774 nosset
2614 4734 2628 4772 :
2659 4717 2744 4772 Sit
2781 4722 2996 4782 tecum,
3021 4715 3232 4786 inquit,
3268 4717 3435 4782 Deus,
3468 4716 3571 4786 qui

1939 4808 2116 4864 etiam
2147 4811 2335 4862 tecum
2363 4810 2585 4878 regnat.
2615 4802 2986 4859 Verumenim
3020 4819 3148 4860 vero
3167 4803 3282 4872 abi,
3310 4803 3571 4859 munitus

1940 4900 2266 4969 martyrum
2306 4893 2612 4962 sacriﬁcio,
2662 4891 2816 4963 quod
2848 4893 3002 4947 Deus
3053 4895 3138 4947 est
3189 4893 3482 4960 odoratus,
3516 4897 3573 4947 et

1939 4984 2210 5056 precibus
2232 4981 2522 5055 pontiﬁcis
2552 4979 2802 5036 Alexand
2813 4980 2929 5048 ria,
2951 4983 3008 5036 et
3035 4978 3308 5051 lacrymis
3326 4980 3357 5036 J
3368 4979 3567 5036 ustini.

2013 5248 2203 5306 XXIX.
2260 5249 2390 5305 Hac
2433 5263 2570 5303 cum
2626 5244 2908 5302 audiisset
2954 5242 3255 5308 Elesbaan,
3313 5246 3372 5299 et
3435 5259 3570 5304 eum

1945 5355 2054 5395 non
2088 5340 2368 5393 tentasset
2409 5335 2686 5407 amplius,
2719 5333 3116 5389 benedictione
3162 5335 3400 5403 accepta
3428 5335 3574 5392 abiit

1942 5429 2130 5484 laetus.
2163 5427 2231 5482 Et
2262 5441 2392 5480 cum
2444 5423 2718 5496 jussisset
2747 5421 3042 5488 exercitui,
3074 5436 3144 5477 ne
3171 5420 3384 5476 ferrent
3413 5421 3574 5478 viati-

1944 5534 2076 5575 cum
2128 5517 2263 5589 plus
2312 5531 2486 5585 quam
2533 5513 2739 5586 viginti
2796 5513 3046 5592 dierum,
3099 5510 3402 5582 navigavit.
3461 5511 3570 5569 Sed

1947 5623 2135 5682 neque
2159 5604 2466 5680 negligens
2498 5603 2608 5660 fuit
2636 5619 2735 5661 rex
2780 5601 3233 5669 Homeritarum,
3282 5615 3417 5656 nam
3447 5599 3572 5672 ipse
