4128 6274
558 342 712 403 1283

1912 319 2195 381 MENSIS
2242 317 2624 378 OCTOBEll.

3809 314 3971 377 1284

563 514 817 574 quoque,
875 501 932 553 et
972 495 1096 551 suis
1143 500 1198 550 et
1253 488 1634 547 auxiliaribus
1690 481 1948 574 collectis
1996 477 2193 548 cupiis,

2330 472 2444 528 ιλ“
2555 473 2680 528 ’λλ“
2813 469 3119 527 “’“ὅ
3307 470 3414 503 ⁸-⁸
3579 472 3688 490 “’

2345 495 2358 527 ι
2403 494 2509 542 ευς,
2544 495 2575 528 οι
2658 493 2690 527 α
2739 492 2831 527 και
2881 493 3040 534 αυτος
3123 492 3214 526 σον
3274 493 3472 527 οικειον
3506 493 3594 527 και
3657 473 3793 527 ὁσον
3842 493 3974 545 συμ-

567 568 906 659 praesidium
956 580 1189 637 tenebat
1227 578 1286 633 in
1337 583 1486 632 terra
1532 577 1590 628 et
1642 572 1703 626 in
1763 568 1928 624 mari.
1989 570 2201 620 Verum

571 655 705 732 cum
738 673 836 728 ille
866 669 1207 734 exercitum,
1231 665 1327 737 qui
1357 669 1481 720 erat
1511 663 1570 717 in
1603 667 1776 722 terra,
1801 657 1873 712 ab
1891 655 2206 712 afﬂictione

567 773 621 820 et
653 762 938 817 malorum
987 757 1360 829 perpessione
1396 753 1581 808 audiit
1611 749 1871 822 periisse,
1924 761 2038 800 non
2070 759 2204 798 am-

571 852 728 924 plius
785 851 996 905 timens
1027 848 1252 902 hostem
1303 862 1336 899 a
1380 840 1726 908 continenti,
1759 839 1814 891 in
1874 834 1999 890 sola
2029 831 2206 888 maris

569 920 911 994 versabatur
941 933 1227 990 custodia.
1262 933 1463 1000 Itaque
1492 927 1868 983 considerans
1899 920 2205 993 augustis-

572 1029 788 1083 simum
844 1040 971 1080 esse
1020 1023 1252 1087 fretum,
1303 1020 1456 1091 quod
1499 1021 1588 1072 est
1633 1017 1783 1070 inter
1815 1011 2113 1082 IEthiopes
2151 1013 2209 1064 et

574 1116 924 1184 Homer-itas,
984 1127 1173 1182 neque
1203 1123 1479 1179 superare
1534 1104 1904 1160 latitudinem
1956 1102 2207 1154 duorum

575 1207 920 1270 stadiorum,
940 1207 996 1257 ct
1027 1199 1280 1270 alioquin
1305 1198 1520 1252 habere
1539 1196 1712 1250 etiam
1739 1207 1894 1257 saxa,
1929 1188 2127 1244 multis
2151 1187 2210 1240 in

577 1295 720 1350 locis
771 1291 1032 1358 latentia,
1067 1305 1201 1344 cum
1250 1301 1478 1358 gravem
1524 1284 1768 1338 ferream
1796 1277 2213 1336 construxisset

578 1387 863 1446 catenam,
897 1382 953 1433 et
982 1393 1111 1448 qua:
1141 1378 1334 1445 posset
1365 1373 1511 1428 ferre
1540 1372 1655 1426 vim
1686 1371 1990 1424 ventorum
2024 1369 2080 1420 et
2101 1381 2211 1418 un-

577 1473 806 1536 darum,
857 1471 912 1522 et
950 1481 1075 1522 eam
1121 1463 1392 1533 utrinque
1422 1461 1479 1515 in
1529 1464 1681 1514 terra
1739 1456 2036 1527 alligasset
2090 1452 2216 1523 ipse

578 1559 846 1625 Dunaan,
879 1553 1349 1620 utexistimnbat,
1381 1549 1663 1606 Elesbaan
1706 1544 2049 1618 prohibebat
2088 1541 2215 1595 adi-

579 1653 716 1712 tum,
743 1643 852 1699 'ubi
885 1643 1120 1714 quidem
1175 1646 1337 1695 erant
1369 1639 1610 1693 latentes
1661 1640 1856 1706 petrm,
1908 1631 2214 1704 plumbum

579 1734 814 1789 circulis
844 1736 1059 1787 catenae
1110 1729 1468 1800 appendens,
1511 1730 1567 1781 et
1623 1726 1837 1779 ferrum
1889 1721 2102 1776 faciens
2131 1735 2216 1774 re-

583 1825 902 1895 quiescere,
935 1820 1034 1875 ubi
1092 1824 1283 1873 autem
1341 1819 1465 1871 erat
1523 1813 1894 1885 profundum,
1941 1807 2221 1878 colligens

2310 563 2546 636 μαχικὸν
2584 559 3006 635 συλλεξάμενος,
3055 563 3145 617 καὶ
3210 561 3346 616 κατὰ
3409 569 3512 638 γῆν
3566 560 3837 638 ἐφρούρει
3886 559 3972 615 καί

2307 652 2443 706 κατὰ
2511 649 2804 715 θάλασσαν.
2858 652 3008 708 Ἐπεὶ
3094 649 3149 705 δὲ
3207 652 3306 720 τήν
3353 652 3490 705 κκτὰ
3544 657 3648 726 γῆν
3709 652 3971 727 στρατιὰν

2307 746 2409 796 τοῦ
2463 737 2759 798 Ἐλεσϐαᾶν
2835 737 3151 817 διεφθάρθαι
3228 740 3330 794 ὑπὸ
3404 740 3774 804 κακοπαθείας
3840 740 3967 795 ἐπό-

2309 839 2453 898 θετο,
2492 830 2686 903 μηκέτι
2739 827 3007 903 πολέμιον
3060 828 3120 884 ἐκ
3163 835 3262 898 τῆς
3308 831 3541 904 ἠπείρου
3581 827 3812 896 δεδιὼς,
3848 831 3967 902 περὶ

2314 917 2485 990 μόνην
2535 919 2635 986 τὴν
2682 925 2781 987 τῆς
2825 917 3100 988 θαλάσσης
3160 917 3365 993 ἐγίνετο
3417 916 3685 995 φυλακὴν,
3749 919 3847 972 καὶ
3905 916 3963 984 δὴ

2313 1008 2588 1076 σκοπήσας
2642 1008 2724 1061 ὅτι
2784 1007 3114 1068 στενώτατος
3174 1007 3202 1061 6
3250 1009 3447 1080 μεταξὺ
3514 1013 3612 1076 τῆς
3671 1006 3961 1070 Αἰθιόπων

2310 1095 2400 1149 καὶ
2473 1102 2574 1163 τῆς
2633 1097 2959 1169 Ὀμηριτῶν
3039 1094 3313 1166 θαλάσσης
3378 1097 3647 1170 πορθμὸς,
3701 1097 3804 1150 καὶ
3893 1096 3960 1168 μή

2312 1183 2479 1238 πλέον
2515 1182 2608 1238 δύο
2640 1182 2871 1239 σταδίων
2903 1186 2966 1241 τὸ
3014 1205 3192 1257 ευρυς,
3224 1182 3414 1248 ἄλλως
3452 1205 3509 1240 τε
3565 1185 3654 1240 καὶ
3717 1183 3963 1262 ὑιράλους

2315 1271 2612 1347 πολλαχοῦ
2659 1273 2855 1349 πέτρας
2903 1269 3066 1349 ἔχων,
3120 1276 3340 1348 βαρεῖαν
3419 1275 3474 1328 ἐκ
3525 1272 3758 1349 σιδήρου
3810 1294 3965 1328 κατα-

2318 1360 2714 1434 σκευασάμενος
2765 1359 2977 1430 ἄλυσιν,
3021 1363 3110 1416 καὶ
3163 1359 3277 1415 θ’ίαν
3329 1361 3650 1435 πνευμάτων
3698 1360 3832 1436 βίας
3882 1361 3965 1413 καὶ

2318 1450 2573 1522 κυμάτων
2651 1445 2804 1524 ὕϐριν
2877 1451 3206 1524 ὑπενεγκεῖν,
3265 1450 3355 1506 καὶ
3428 1450 3626 1520 ταύτην
3705 1452 3965 1524 ἑκατέραν

2319 1537 2486 1604 ἀκτῆς
2547 1537 2798 1610 ἐκδήσας,
2829 1541 2926 1608 τὴν
2993 1537 3304 1619 ἐφοδον,ὡς
3344 1538 3480 1612 ᾤετο
3535 1544 3616 1612 τῷ
3666 1535 3964 1594 Ἐλεσϐααν

2320 1626 2679 1702 ἀπετείχιζεν,
2741 1623 2866 1692 ἔνθα
2945 1629 3038 1702 μὶν
3113 1629 3312 1706 ὕφαλοι
3389 1629 3601 1702 πέτραι,
3678 1625 3961 1702 μόλυϐδον

2317 1717 2438 1777 τοῖς
2485 1717 2692 1787 κρίνοις
2756 1717 2960 1793 ἐγχέων
3027 1718 3114 1773 καὶ
3169 1714 3510 1772 διαναπαύων
3568 1717 3659 1771 τὸν
3715 1715 3961 1790 σίδηρον,

2321 1801 2442 1858 ἔνθα
2482 1803 2537 1859 δὲ
2572 1805 2733 1879 βάθος
2763 1808 2854 1876 ἦν,
2885 1812 3001 1869 τοῖς
3042 1805 3434 1882 ἐλαφροτάτοις
3470 1810 3578 1861 τῶν
3609 1805 3785 1876 ξύλων
3841 1829 3963 1861 συν-

582 1878 715 1969 cum
742 1907 1335 1982 lignislevissimis,et
1366 1902 1672 1959 sublevans
1695 1907 1977 1957 catenam.
2002 1895 2218 1954 Deinde

2330 1890 2486 1963 δέων,
2516 1894 2605 1948 καὶ
2658 1895 3036 1972 ὑποκουφίζων
3091 1897 3191 1964 τήν
3244 1892 3459 1968 ἅλυσιν,
3490 1895 3606 1950 εἶτα
3662 1896 3752 1949 καὶ
3800 1896 3961 1969 βαρὺν

585 2001 763 2057 etiam
810 1996 1071 2052 validum
1104 1995 1382 2050 inducens
1437 1991 1777 2056 exercitum,
1809 1988 1964 2042 venit
1994 1987 2053 2040 in
2085 2000 2217 2040 cum

587 2090 803 2156 locum,
845 2087 904 2141 in
963 2099 1132 2156 quem
1181 2081 1621 2152 exspectabatur
1668 2081 1940 2132 venturus
1974 2089 2093 2129 esse
2125 2089 2222 2128 rex

588 2176 943 2246 EthiOpum.

659 2263 836 2319 XXX.
871 2263 972 2318 Ille
1005 2268 1195 2316 autem
1228 2274 1360 2315 cum
1393 2263 1560 2313 vento
1593 2272 1737 2311 usus
1759 2257 1915 2310 esset
1943 2251 2219 2318 secundo,

590 2353 834 2409 accessit
863 2352 932 2407 ad
958 2352 1143 2406 locum
1169 2348 1610 2421 speculandum,
1633 2352 1689 2402 et
1717 2344 1997 2418 praemisit
2026 2345 2220 2398 decem

583 2458 757 2498 naves
787 2459 801 2508 ;
862 2457 1013 2510 quae,
1045 2455 1180 2494 cum
1234 2437 1433 2493 dolum
1467 2436 1780 2499 nescirent,
1814 2432 2219 2503 eximproviso

577 2533 856 2601 ingressas
897 2533 1036 2583 sunt
1067 2529 1123 2581 in
1175 2526 1659 2596 angustissimum
1720 2524 1951 2578 fretum.
1985 2522 2106 2584 Quo
2159 2520 2218 2574 in

585 2621 712 2674 loco
742 2620 915 2672 etiam
949 2617 1102 2671 Deus
1135 2616 1267 2670 facit
1308 2612 1610 2678 miracula,
1645 2629 1830 2683 parvze
1861 2627 1988 2665 esse
2019 2614 2218 2664 osten-

580 2709 724 2763 dens
757 2705 1023 2777 potentiae
1039 2705 1354 2759 humanam
1388 2702 1800 2766 inventionem,
1833 2699 1930 2753 ubi
1962 2699 2084 2768 ipse
2113 2699 2216 2752 ad-

574 2798 782 2868 juvare
811 2800 868 2850 et
914 2811 1079 2865 opem
1113 2795 1259 2849 ferre
1305 2792 1568 2847 voluerit.
1620 2791 1859 2861 Magnus
1898 2789 2048 2845 enim
2083 2789 2216 2859 qui-

583 2888 718 2940 dam
778 2885 988 2939 ﬂuctus
1065 2883 1427 2948 incurvatus,
1495 2895 1629 2936 cum
1687 2877 1866 2935 veluti
1933 2877 2215 2934 reﬂuxum

585 2975 900 3046 quemdam
924 2972 1150 3028 fecisset
1172 2989 1355 3042 aqua},
1389 2975 1626 3042 portans
1647 2985 1829 3024 unum
1851 2983 1918 3022 ex
1953 2967 2214 3039 navigiis,

583 3063 780 3135 posuit
829 3077 1004 3131 super
1059 3060 1339 3116 catenami
1396 3060 1537 3113 adeo
1597 3063 1658 3112 ut
1712 3057 1997 3113 videretur
2057 3057 2216 3111 navis

593 3167 718 3205 esse
777 3151 1006 3204 cuidam
1041 3149 1166 3220 rupi
1208 3148 1423 3202 innixa.
1457 3146 1676 3202 Deinde
1708 3151 1904 3202 exorta
1944 3144 2213 3217 quaedam

2332 1981 2664 2058 ἐπαγόμενον
2714 1985 2962 2059 στρατὸν,
3002 1983 3303 2059 ἀφικνεῖται
3334 1983 3441 2055 ὅπη
3477 1982 3854 2060 προσδόκιμος
3902 1984 3958 2052 ἧν

2331 2073 2358 2126 ὁ
2391 2076 2496 2126 τῶν
2529 2073 2807 2128 Αἰθιόπων
2834 2073 3110 2149 ἀφίξεσθαι
3146 2071 3420 2149 βασιλεύς.

2404 2253 2482 2308 Λ’.
2523 2253 2609 2315 Ὧς
2669 2249 2725 2306 δὲ
2773 2253 3016 2316 κάκεῖνος
3065 2251 3323 2316 εὒπλοίας
3373 2254 3557 2332 τυχὼν
3618 2253 3954 2332 παρεγένετο,

2331 2341 2419 2396 ἐπὶ
2475 2343 2819 2411 κατασκοπὴν
2872 2341 2968 2397 τοῦ
3033 2342 3225 2413 τόπου,
3258 2340 3385 2398 δέκα
3431 2348 3538 2397 τῶν
3567 2339 3782 2398 πλοίων
3834 2364 3953 2416 προ·

2331 2427 2586 2502 ἔπεμπεν,
2621 2431 2752 2505 ἅπερ
2787 2431 2885 2486 οὐκ
2925 2431 3106 2487 εἷ’δότα
3162 2432 3255 2486 τὸν
3305 2429 3490 2498 δόλον,
3524 2432 3695 2505 εἰσῄει
3762 2431 3955 2506 ἀπροο-

2333 2521 2509 2596 ράτως
2537 2519 2613 2582 είς
2669 2522 2731 2575 τὸ
2795 2527 2892 2575 τοῦ
2948 2521 3118 2576 τόπου
3178 2521 3522 2590 στενώτατον,
3555 2517 3678 2585 ἔνθα
3709 2521 3799 2575 καὶ
3839 2533 3958 2584 θαυι

2334 2613 2626 2684 ματουργεῖ
2679 2631 2730 2663 τι
2790 2609 2939 2676 θεὸς,
2995 2609 3113 2665 οὐδ’
3173 2608 3332 2682 ὀλίγα
3392 2606 3694 2682 δυναμένην
3762 2608 3954 2668 δεικνὺς

2325 2701 2427 2767 τὴν
2477 2697 2820 2770 ἀνθρωπίνην
2872 2697 3135 2768 ἐπίνοιαν,
3185 2699 3320 2754 ὅπου
3363 2699 3748 2774 συναιρόμενος
3807 2700 3954 2762 αὐτὸς

2328 2787 2417 2842 καὶ
2468 2785 2869 2862 συλλαμϐάνωο
2919 2789 3235 2859 εὑρίσκεται.
3278 2787 3423 2862 Μέγα
3488 2790 3594 2864 γάρ
3647 2811 3698 2844 τι
3761 2811 3954 2862 κυρτω-

2332 2878 2416 2941 θέν
2467 2882 2632 2951 κῦμα,
2673 2879 2764 2932 καὶ
2823 2879 3002 2952 ὥσπερ
3061 2879 3322 2955 ἀνάῤῥουν
3372 2885 3607 2946 ποιῆσαν
3659 2883 3739 2950 τῷ
3795 2877 3957 2944 ὕδατι,

2331 2969 2383 3023 ἐν
2438 2974 2545 3024 τῶν
2587 2970 2796 3025 πλοίων
2854 2966 3252 3038 ὑποϐαστάσαν,
3312 2970 3555 3043 ὑπεράνω
3615 2970 3818 3034 τέθεικε
3869 2979 3956 3039 τῆς

2331 3058 2595 3128 ἁλύσεως,
2637 3059 2708 3120 ὡς
2774 3061 2865 3114 καὶ
2923 3057 3100 3114 δοκεῖν
3141 3060 3225 3115 ἐπί
3275 3083 3418 3124 τινος
3475 3061 3673 3135 πέτρας
3737 3058 3867 3124 τοὺς
3913 3058 3957 3113 ἐν

2327 3153 2406 3220 τῷ
2437 3146 2618 3221 πλοίῳ
2655 3150 3126 3224 προθερεισθῆναι.
3170 3151 3302 3206 Εἶτα
3344 3148 3548 3205 θύελλα
3602 3171 3687 3214 τις
3725 3145 3960 3224 προσϐα-

584 3239 837 3309 procella
885 3255 1017 3293 cum
1062 3253 1215 3293 mare
1245 3241 1480 3307 repente
1524 3234 1947 3302 contnrbasset,
1998 3234 2216 3289 extollit

2331 3236 2653 3306 λοῦσα,τὴν
2703 3237 2968 3301 θάλασσάν
3036 3260 3094 3294 τε
3153 3237 3530 3314 διαταράξασα,
3588 3236 3675 3292 ἴσα
3731 3239 3821 3292 καὶ
3877 3238 3957 3291 αὖε

584 3329 794 3384 ﬂuctus
841 3327 1140 3383 montibus
1171 3342 1341 3399 pares
1373 3325 1809 3398 magnitudine:
1842 3330 1899 3378 et
1929 3324 2217 3378 undarum

585 3417 714 3471 aliae
743 3417 978 3487 quidem
1009 3417 1351 3471 amovebant
1381 3414 1543 3485 ligna
1572 3417 1783 3468 catenas
1815 3411 2066 3483 alligata,
2096 3411 2220 3466 alias

598 3511 793 3561 autem
844 3504 1114 3560 tollentes
1177 3520 1351 3559 naves
1401 3505 1457 3558 in
1516 3503 1722 3569 altum,
1773 3500 2224 3556 transmiserunt

588 3612 790 3650 omnes
822 3613 997 3666 supra
1027 3600 1308 3650 catenam.
1346 3593 1450 3650 Illa
1483 3598 1674 3649 autem
1707 3597 1764 3648 et
1793 3610 1825 3647 a
1854 3591 2009 3646 venti
2041 3591 2220 3646 vehe-

585 3685 802 3739 mentia
826 3691 880 3739 et
919 3701 952 3740 a
1003 3683 1296 3754 ﬂuctibus,
1331 3683 1428 3754 qui
1489 3683 1548 3737 in
1606 3699 1729 3737 eam
1796 3681 2220 3750 irrumpebant,

589 3773 882 3843 disrupta,
942 3772 1186 3842 praebuit
1249 3770 1471 3825 caateris
1546 3771 1795 3824 navibus
1867 3770 2219 3825 inoffensum

588 3861 810 3915 aditum
847 3861 1124 3914 adversus
1153 3859 1523 3914 Homeritam.
1583 3860 1783 3913 Decem
1848 3858 2027 3929 igitur
2083 3874 2223 3927 prae-

594 3947 757 4002 dictas
819 3946 1166 4019 appulerunt
1227 3947 1420 4016 littori,
1480 3947 1636 4017 quod
1723 3949 1920 4000 aberat
1975 3945 2224 3999 ducenta

595 4036 800 4106 stadia,
839 4036 937 4091 ubi
968 4052 1064 4090 rex
1093 4039 1216 4090 erat
1263 4051 1394 4090 cum
1425 4034 1696 4089 exercitu.
1745 4033 1997 4104 Reliquae
2028 4037 2221 4086 autem

591 4142 794 4192 naves,
854 4131 1026 4181 vento
1086 4131 1400 4193 retroactae,
1451 4125 1597 4181 nihil
1655 4131 1920 4196 poterant
1975 4124 2220 4179 efﬁcere.

591 4214 837 4271 Emissis
892 4215 1088 4286 itaque
1146 4215 1377 4286 triginta
1413 4215 1672 4271 millibus
1721 4214 2223 4285 cataphractorum

594 4305 883 4374 equitum,
916 4304 1157 4360 Dunaan
1199 4305 1552 4376 impediebat
1581 4321 1806 4371 eorum,
1830 4304 1930 4374 qui
1972 4308 2136 4359 erant
2165 4302 2222 4356 in

589 4392 787 4447 decem
839 4393 1110 4459 navibus,
1142 4393 1359 4447 exitum
1404 4394 1461 4448 in
1495 4398 1725 4447 terram.
1776 4391 1996 4462 Viginti
2029 4396 2223 4446 autem

591 4495 660 4533 ex
692 4481 974 4551 dispersis
1022 4480 1286 4544 navibus,
1318 4481 1414 4532 ubi
1437 4485 1559 4533 erat
1588 4481 1710 4550 ipse
1743 4479 2042 4547 Elesbaan,
2076 4480 2222 4534 haud

2327 3332 2443 3386 τοῖς
2475 3323 2649 3400 ὄρεσιν
2695 3327 2947 3402 ἀνήγειρε
2994 3327 3208 3401 κύματα
3240 3345 3255 3359 ⁶
3288 3329 3377 3383 καὶ
3417 3329 3478 3382 τὸ
3525 3329 3618 3400 μὲν
3659 3333 3765 3381 τῶν
3804 3330 3962 3398 κυμα-

2328 3433 2434 3468 των
2495 3415 2561 3469 τὰ
2619 3411 3022 3490 προσδεδεμένα
3073 3416 3398 3496 ὑπεκούιριζε
3452 3421 3522 3490 τῇ
3578 3415 3768 3470 ἀλύσει
3819 3416 3965 3486 ξύλα,

2327 3503 2389 3556 τὸ
2447 3501 2503 3558 δὲ
2563 3505 2698 3578 πρὸς
2765 3505 2898 3576 ὕψος
2970 3507 3032 3560 τὸ
3107 3506 3302 3560 πλοῖον
3368 3504 3718 3578 μετεωρίζον,
3779 3503 3965 3559 ἄνωθεν

2328 3591 2501 3645 πάντα
2533 3586 2802 3659 διεϐίϐαζε
2840 3598 2938 3659 τῆς
2977 3591 3243 3653 ἁλύσεως.
3276 3593 3337 3648 Ἦ
3390 3590 3446 3646 δὲ
3495 3591 3596 3646 ὑπό
3635 3612 3695 3645 τε
3741 3593 3837 3662 τῆς
3873 3596 3965 3645 τοῦ

2332 3677 2570 3752 σφοδροῦ
2628 3681 2935 3752 πνεύματος
3003 3681 3144 3755 βίας,
3187 3681 3290 3736 ὑπό
3346 3702 3402 3735 τε
3450 3685 3557 3735 τῶν
3590 3700 3962 3756 προσαρασσο-

2335 3769 2506 3843 μένων
2563 3770 2697 3844 αὐτῇ
2745 3770 3001 3844 κυμάτων
3044 3768 3382 3840 διακοπεῖσα,
3424 3766 3642 3840 ἀϐλαϐῆ
3683 3771 3783 3838 τήν
3835 3771 3962 3843 πρὸς

2329 3859 2418 3912 τὸν
2459 3859 2765 3932 Ὀμηρίτην
2820 3856 3030 3914 εἴσοδον
3096 3865 3212 3921 τοῖς
3271 3859 3492 3923 πλοίοις
3565 3861 3890 3934 παρέσχετο,
3938 3859 3965 3912 Ξι

2331 3948 2417 3999 καὶ
2499 3948 2772 4021 προσέσχε
2864 3952 2943 4019 τῷ
3017 3947 3273 4022 αἶ’γιαλῷ,
3333 3945 3638 4009 διακοσίους
3708 3951 3967 4026 ἀπέχοντι

2334 4030 2606 4103 σταδίους,
2650 4035 2709 4088 οὗ
2748 4036 2814 4104 ἦν
2851 4035 2983 4106 μετὰ
3034 4041 3142 4089 τῶν
3184 4033 3596 4110 στρατευμάτων
3630 4037 3657 4090 ὁ
3693 4035 3963 4110 βασιλεύς.

2333 4123 2413 4180 Td
2455 4119 2512 4176 δέ
2550 4123 2718 4178 λοιπᾶ
2748 4121 2940 4195 πλοῖα,
2976 4125 3079 4179 ὑπὸ
3119 4128 3213 4179 τοῦ
3253 4127 3554 4197 πνεύματος
3585 4124 3762 4179 ὀπίσω
3812 4124 3968 4178 ἐλαυ-

2332 4213 2551 4285 νόμεναν
2588 4210 2738 4267 οὐδὲν
2787 4212 2930 4287 εἶχεν
2980 4213 3172 4268 ἀνύειν·
3223 4214 3592 4288 Τρισμυρίους
3639 4212 3729 4266 οὖν
3789 4213 3967 4273 ἱππεῖς

2333 4301 2740 4379 καταφράκτους
2832 4300 3113 4375 ἐκπέμψας
3184 4303 3212 4356 6
3279 4303 3535 4370 Δουιναάν,
3607 4301 3799 4376 ἐχεῖχε
3875 4303 3968 4368 τὴν

2332 4394 2438 4444 τῶν
2489 4388 2614 4444 δέκα
2661 4389 2874 4445 πλοίων
2925 4391 3012 4446 ἐπὶ
3043 4393 3141 4460 τήν
3175 4397 3277 4466 γῆν
3308 4387 3506 4460 ἔξοδον.
3540 4388 3726 4446 Ε’ίκοσι
3761 4388 3817 4444 δὲ
3866 4395 3967 4445 τῶν

2336 4476 2788 4552 διεσκεδασμένων
2849 4477 3082 4550 πλοίων,
3143 4478 3267 4534 ἔνθα
3321 4481 3388 4548 ἦν
3443 4478 3532 4533 καὶ
3589 4479 3754 4534 αὐτὸς
3822 4479 3973 4535 Ἐλε-

595 4567 778 4623 multo
831 4571 962 4637 post
1017 4566 1154 4621 illuc
1209 4565 1348 4636 ipsas
1380 4568 1553 4622 etiam
1611 4565 1978 4638 appulerunt.
2031 4567 2218 4622 Tertio

2337 4564 2522 4637 σϐαὰν,
2555 4568 2812 4642 ὥρμησεν
2845 4569 3007 4624 αὐτοῦ
3045 4591 3150 4625 που
3196 4575 3293 4624 τοῦ
3343 4567 3611 4644 βασιλέως
3657 4568 3840 4645 ἐγγύς.
3878 4570 3976 4627 Διὶ

592 4673 724 4711 vero
769 4657 861 4711 die
907 4655 1140 4726 reliquae
1172 4671 1399 4728 quoque
1433 4662 1775 4726 apparentes
1807 4672 2006 4724 naves,
2040 4673 2226 4727 appu-

593 4746 791 4802 lerunt
819 4749 876 4800 et
899 4744 1037 4814 ipsas
1076 4745 1244 4815 longe
1274 4744 1531 4800 inferius.
1573 4743 1856 4814 Opinatus
1885 4750 2078 4800 autem
2116 4746 2226 4800 Du-

595 4851 743 4888 naan
793 4835 944 4889 inter
1005 4833 1200 4905 plures
1259 4849 1385 4889 esse
1442 4849 1656 4904 regem,
1715 4833 1933 4902 majore
1993 4841 2226 4905 accepto

592 4923 852 4980 exercitu
906 4921 1043 4978 illuc
1072 4923 1253 4990 venit,
1295 4939 1471 4993 parva
1536 4921 1734 4979 relicta
1791 4923 2072 4985 custodia,
2127 4922 2226 4977 ubi

594 5016 716 5068 erat
748 5027 945 5067 revera
1002 5012 1301 5068 Elesbaan.
1335 5013 1478 5068 Cum
1529 5016 1723 5067 autem
1773 5015 2052 5067 tereretur
2079 5016 2228 5066 tem-

600 5115 729 5170 pus,
791 5116 894 5155 nec
939 5117 970 5156 e
1025 5101 1269 5157 navibus
1309 5101 1690 5156 educerentur
1737 5101 1910 5167 acies,
1943 5101 2230 5156 defecerat

600 5188 834 5258 quidem
869 5205 1021 5257 aqua
1058 5194 1114 5245 et
1147 5189 1308 5244 cibus
1360 5189 1450 5253 iis,
1485 5189 1581 5260 qui
1625 5193 1788 5244 erant
1832 5188 1891 5243 in
1937 5189 2182 5244 navibus
2214 5206 2226 5243 :

602 5275 895 5345 equitibus
925 5282 1118 5333 autem
1141 5277 1393 5333 Hebraeis
1417 5277 1501 5333 sol
1524 5282 1648 5333 erat
1670 5277 1976 5345 molestus,
1994 5280 2232 5347 totoque

601 5363 694 5418 die
725 5381 822 5420 eos
853 5365 1221 5422 vehementer
1259 5365 1593 5437 impetebat.

679 5451 868 5506 XXXI.
902 5453 1183 5510 Craterum
1237 5455 1534 5526 equitibus
1573 5455 1698 5510 suis
1741 5455 1983 5511 Dunaan
2023 5471 2233 5526 magna

600 5542 969 5605 machinatus
999 5550 1084 5597 est
1113 5545 1505 5611 tabernacula,
1539 5561 1857 5616 eorumque
1889 5547 2098 5601 umbra
2129 5545 2229 5599 de-

602 5632 754 5708 pulit
783 5629 1009 5698 aestum,
1033 5629 1134 5700 qui
1168 5631 1441 5689 aﬂerebat
1462 5633 1804 5688 molestiam.
1838 5639 2013 5691 Porro
2043 5637 2236 5690 autem

2336 4656 2392 4712 δὲ
2438 4658 2627 4732 τρίτης
2677 4655 2902 4734 φανέντα
2949 4659 3039 4712 καὶ
3085 4658 3151 4712 τα
3198 4657 3386 4729 λοιπὰ,
3431 4655 3653 4730 ὥμμισε
3695 4658 3787 4711 καὶ
3846 4657 3975 4712 αὐτά

2335 4747 2535 4818 πολλῷ
2567 4745 2877 4820 κατωτέρω,
2915 4748 3011 4803 Καὶ
3057 4744 3122 4818 δὴ
3173 4746 3399 4820 νομίσας
3440 4747 3468 4801 6
3503 4747 3746 4810 Δόυναόιν
3776 4745 3828 4800 ἐν
3867 4752 3976 4804 τοῖς

2334 4834 2582 4890 πλείοσιν
2635 4836 2773 4890 εἶναι
2813 4838 2905 4892 τὸν
2958 4835 3200 4911 βασιλέα,
3235 4839 3333 4905 τήν
3377 4835 3552 4890 πλείω
3603 4831 3790 4891 λαϐὼν
3823 4857 3978 4911 στρα-

2333 4924 2449 4979 τιάν
2528 4923 2699 4979 ἐκεῖσε
2773 4925 3013 5002 ἀφίκετο,
3063 4927 3160 4994 τὴν
3237 4924 3414 4995 ἄλλην
3479 4921 3586 4978 ὦδε
3643 4923 3983 4993 καταλιπὼν,

2337 5012 2460 5076 ἔνθα
2517 5016 2585 5086 τῇ
2650 5012 2881 5086 ἀληθείᾳ
2926 5015 2992 5083 ἦν
3034 5017 3062 5069 6
3110 5011 3428 5073 Ἐλεσϐαάν.
3461 5015 3559 5076 Ὡς
3618 5011 3673 5068 δέ
3722 5015 3750 5067 6
3785 5015 3987 5088 χρόνος

2341 5097 2607 5176 ἐτρίϐετο,
2664 5106 2753 5157 καί
2835 5103 2933 5157 οὐκ
3006 5105 3070 5172 ἦν
3147 5104 3583 5179 ὀιντεπεξαγωγῆ,
3645 5101 3988 5157 ἐπιλελοίπει

2344 5194 2436 5263 μὲν
2484 5192 2546 5246 τὸ
2597 5189 2742 5267 ὕδωρ
2773 5192 2860 5246 καὶ
2898 5193 2962 5246 τὰ
2991 5193 3135 5247 σιτία
3162 5193 3286 5255 τοὺς
3311 5193 3360 5247 ἐν
3392 5198 3511 5255 τοῖς
3551 5191 3775 5251 πλοίοις
3813 5207 3828 5221 ·
3863 5189 3989 5246 ἐλό-

2339 5300 2427 5333 πει
2458 5277 2512 5334 δέ
2543 5281 2627 5335 καὶ
2664 5281 2690 5334 6
2722 5278 2884 5348 ἣλιος
2920 5282 3045 5343 τοὺς
3075 5282 3258 5342 ἱππεῖς
3309 5279 3376 5335 δι’
3407 5280 3544 5352 δλης
3574 5281 3784 5356 ἡμέρας
3816 5301 3988 5354 προσ-

2343 5362 2566 5422 ϐάλλων
2597 5367 2791 5432 πολύς.

2416 5458 2544 5512 ΛΝ,
2585 5463 2711 5517 Τοῖς
2762 5458 2855 5530 μὲν
2903 5456 2992 5512 οὖν
3057 5459 3308 5514 ἱππεῦσιν
3380 5464 3483 5529 ἔξω
3534 5457 3732 5528 σκηνάς
3797 5457 3993 5533 διαμη-

2345 5546 2723 5618 χανησάμενος
2765 5547 2792 5602 ὁ
2847 5549 3090 5608 Δουνλὰν
3142 5547 3405 5622 μεγάλας,
3432 5549 3520 5603 καὶ
3572 5549 3836 5620 τέσσαρσι
3903 5571 3992 5604 κα-

2357 5632 2558 5706 μήλοις
2589 5634 2866 5708 ἀλλήλαις
2915 5638 3374 5712 συνεζευγμέναις,
3407 5639 3635 5706 ἑκάστην
3697 5641 3812 5692 τῶν
3878 5660 3997 5709 σκη-
