4128 6274
205 287 357 348 1285

1435 284 1923 350 MARTYRIUM
1969 289 2035 348 S.
2084 287 2452 348 ARETHIE.

3442 291 3596 351 1286

206 451 297 502 νῦν
353 446 554 510 ἄνωθεν
600 451 816 506 κοντοῖς
870 445 1171 526 φερομένην
1204 443 1518 521 προσδήσας
1562 446 1636 507 ὡς
1668 444 1844 502 δοκεῖν

1968 446 2127 502 misit
2148 447 2323 504 etiam
2357 448 2666 518 quemdam
2697 465 2765 504 ex
2791 449 2915 506 suis
2936 451 3196 522 cognatis
3227 466 3361 506 cum
3387 451 3597 522 viginti

205 537 270 590 τά
319 536 419 611 ὅρη
468 534 725 590 κινεῖσθαί
778 556 887 590 τισι
940 540 1225 609 μηχαναῖς
1272 536 1360 589 καὶ
1416 533 1667 612 φέρεσθαι
1713 535 1849 590 κατά

206 628 313 679 τῶν
369 621 580 678 πλοίων
637 626 706 696 τῇ
766 622 826 678 ἐκ
871 625 1081 678 τούτων
1113 627 1236 693 σκιᾷ
1263 624 1326 678 τὸ
1360 622 1563 679 λυποῦν
1589 626 1687 678 τοῦ
1716 624 1848 678 καύ-

210 733 378 785 ματος
428 711 778 787 ἄπεκρούετο.
831 713 1130 785 Ἐξέπεμπε
1181 709 1354 767 δὲκαὶ
1392 733 1513 768 τινα
1540 715 1648 768 τῶν
1682 713 1847 766 αὐτοῦ

208 806 481 877 συγγενῶν
540 801 676 873 μετὰ
738 797 1038 875 δισμυρίων
1094 798 1324 871 ἱππέων,
1376 800 1511 874 πρὸς
1567 803 1628 856 τὸ
1676 821 1847 856 κατα-

207 897 476 960 σκοπῆσαι
541 891 604 944 τὸ
661 889 842 965 μέρος,
896 884 1022 944 ἔνθα
1087 891 1152 959 ἧν
1207 891 1234 945 ὁ
1274 886 1600 948 Ἐλεσϐαάν.
1633 895 1733 946 Καὶ
1763 911 1845 952 τις

206 983 313 1034 τῶν
372 979 648 1053 εὐνούχων
697 983 793 1033 τοῦ
854 978 1142 1053 βασιλέως,
1176 974 1468 1034 ὒπολαϐὼν
1525 984 1719 1035 τοῦτον
1770 979 1847 1040 εἷς

205 1068 504 1143 γυμνάσιον
578 1063 794 1136 ἒξιέναι.
872 1064 1096 1140 δοράτια
1160 1065 1320 1122 πέντε
1400 1072 1578 1142 χρυσᾶ
1664 1063 1846 1122 λαϐὼν

209 1154 526 1227 συνεξῆλθεν
584 1156 754 1228 αὐτῷ.
814 1156 964 1212 Ἐπεὶ
1023 1153 1078 1211 δὲ
1117 1153 1243 1218 τοὺς
1274 1155 1396 1230 περὶ
1424 1156 1516 1210 τὸν
1547 1151 1843 1212 Ἐλεσϐαάν

210 1244 652 1319 ἐπαγρυπνοῢτας
707 1244 878 1317 εὕροι,
947 1239 1131 1298 λαϐὼν
1189 1244 1279 1298 τὸν
1337 1244 1615 1318 εὐνοῦχον,
1647 1242 1737 1298 καί
1764 1265 1846 1298 τι·

209 1351 303 1393 νας
359 1335 467 1386 τῶν
524 1330 688 1386 αὐτοῦ
742 1336 880 1406 τρεῖ,
943 1332 1206 1406 μακρόθεν
1260 1331 1424 1406 ἀπῄει
1471 1333 1608 1407 πρὸς
1653 1334 1843 1406 Θήραν.

210 1423 450 1495 Ἔτυχον
501 1418 560 1475 δέ
616 1440 758 1482 τινες
807 1425 915 1475 τῶν
960 1426 1056 1475 τοῦ
1103 1416 1394 1476 Ἐλεσϐαάν
1425 1424 1506 1493 τῷ
1545 1418 1698 1493 λιμῷ
1727 1441 1849 1474 πιε-

213 1509 431 1583 ζόμενοι
485 1508 666 1564 ἵππων
722 1503 1004 1572 ἐπιϐάντες
1057 1511 1248 1564 νυκτὸτ
1303 1510 1442 1583 πρὸς
1497 1509 1623 1572 τοὸς
1681 1508 1848 1564 πολε-

215 1600 374 1671 μίους
435 1595 848 1672 διαδιδράσκειν,
910 1597 963 1653 ο’ί
1022 1600 1111 1653 καὶ
1176 1599 1566 1677 περιτυχόντες
1637 1598 1846 1669 αὐτοῖς,

208 1687 334 1748 τοὺς
396 1688 489 1760 μὲν
548 1686 755 1748 ἄλλους
814 1687 1148 1759 ἀπέκτειναν,
1215 1689 1306 1742 τὸν
1364 1690 1593 1763 συγγενῆ
1633 1685 1691 1742 δὲ
1747 1686 1844 1741 λαι

212 1772 396 1839 δόντες
451 1779 547 1831 τοῦ
618 1773 904 1850 βασιλέως,
945 1775 1034 1830 καὶ
1096 1776 1162 1830 τὰ
1218 1783 1396 1851 χρυσᾶ
1455 1775 1676 1850 δόρατα,
1707 1776 1845 1850 πρός

209 1865 276 1921 τά
329 1864 500 1920 πλοῖα
549 1865 718 1920 πάλιν
775 1863 1110 1941 ἀνέστρεφον
1145 1865 1178 1918 ἅ
1236 1865 1323 1918 καὶ
1382 1859 1565 1920 λαϐὼν
1621 1866 1648 1918 ὁ
1699 1841 1932 1918 εύσε--Β

215 1955 319 2028 βὴς
379 1952 631 2028 βασιλεύς
687 1953 840 2017 εὐθὺς
899 1952 1112 2016 ἀνέθετο
1159 1951 1240 2024 τῷ
1283 1956 1420 2024 Θεῷ.
1453 1951 1626 2014 Αὐτὸς
1657 1951 1714 2006 δὲ
1750 1954 1849 2022 τὴν

213 2044 465 2118 στρατιὰν
519 2041 874 2115 ὡπλισμένην
959 2041 1010 2097 ἐν
1099 2047 1217 2104 τοῖς
1306 2040 1664 2116 βραχυτέροις
1743 2047 1848 2096 τῶν

211 2131 423 2188 πλοίων
475 2128 752 2206 ἐμϐαλὼν,
802 2130 993 2202 ἐξῆλθε
1049 2132 1184 2204 πρὸς
1234 2132 1360 2192 τοὺς
1404 2129 1454 2184 έν
1489 2128 1729 2205 αἰγιαλῷ
1758 2151 1854 2185 πο-

210 2220 460 2293 λεμίους,
522 2220 612 2274 καὶ
670 2220 857 2295 μάχην
938 2219 1195 2292 συνάψας,
1251 2223 1396 2272 νῶτα
1474 2216 1659 2278 δόντας
1724 2215 1854 2279 τοὺς

212 2304 503 2381 Ἐϐραίους
559 2305 811 2380 πολέμου
866 2307 1020 2382 νόμω
1078 2307 1278 2368 πάντας
1362 2301 1702 2383 κατέσφαξεν,
1779 2304 1856 2367 ὠς

217 2395 358 2470 μηδὲ
422 2395 653 2472 ἄγγελον
709 2401 817 2452 τῶν
877 2396 1181 2472 γενομένων
1232 2393 1612 2451 ὑπολιπέσθαι.
1662 2396 1853 2468 Ἔχων

216 2485 274 2542 δὲ
299 2491 408 2542 τῶν
463 2491 560 2541 τοῦ
621 2485 888 2557 βασιλέως
939 2493 1199 2561 συγγενῆ,
1249 2482 1534 2539 δεικούντα
1581 2486 1678 2552 τήν
1721 2484 1856 2555 πρὸς

217 2581 370 2650 Φαρῆ
406 2577 504 2645 τήν
549 2574 712 2630 πόλιν
765 2573 911 2647 ὁδὸν,
942 2571 1078 2639 ἔνθα,
1108 2577 1175 2644 ἦν
1204 2573 1272 2630 τὰ
1312 2573 1566 2648 βασίλεια
1597 2574 1854 2645 Δουναάν,

220 2663 409 2720 ἄνεισι.
441 2664 546 2721 Καὶ
612 2665 812 2734 ταύτης
870 2665 1164 2734 κρατήσας,
1221 2662 1516 2739 ἀφυλάκτῳ
1573 2682 1631 2715 τε
1659 2667 1728 2735 τῇ
1759 2660 1857 2716 πό-

219 2751 303 2807 λει
359 2751 690 2826 περιτυχὼν,
757 2750 929 2805 πάντα
985 2751 1076 2805 τὸν
1132 2751 1253 2824 περὶ
1286 2751 1352 2803 τὰ
1398 2747 1648 2823 βασίλεια
1676 2747 1853 2803 πλοῦ-

215 2861 329 2911 τον,
361 2841 450 2896 καὶ
485 2841 650 2903 αὐτὰς
684 2834 950 2910 λαμϐάνει
983 2839 1077 2900 τὰς
1115 2835 1420 2914 βασιλίδας.

289 2931 417 2988 ΑΒ’.
467 2931 572 2999 Τήν
635 2926 692 2983 δὲ
734 2935 834 2997 τῆς
893 2927 1108 2989 πόλεως
1166 2925 1394 2997 ἅλωσιν,
1450 2927 1540 2981 καὶ
1598 2927 1698 2995 τήν
1736 2931 1858 2995 ,τῶν

221 3018 514 3095 βασιλείων
582 3015 896 3096 διαφθορὰν,
954 3010 1032 3070 ἔτι
1091 3013 1148 3071 δὲ
1204 3015 1292 3070 καὶ
1341 3017 1443 3086 τὴν
1499 3020 1607 3070 τῶν
1649 3015 1860 3070 οἰκείων

219 3106 610 3183 αἰχμαλωσίαν
669 3105 906 3160 Δουναὰν
966 3102 1349 3174 διενωτισθείς,
1391 3105 1481 3159 καὶ
1541 3102 1720 3166 δείσας
1782 3105 1856 3176 μὴ

1960 535 2221 592 millibus
2250 535 2506 606 equitum
2538 537 2605 591 ad
2638 536 3051 607 speculandam
3084 545 3306 609 partem
3335 539 3514 609 illam,
3537 541 3600 596 in

1958 640 2072 696 qua
2100 634 2221 680 erat
2254 626 2550 680 Elesbaan.
2587 626 2828 689 Quidam
2860 631 3049 681 autem
3094 643 3162 681 ex
3193 627 3478 683 eunuchis
3508 643 3601 682 re-

1957 715 2048 786 gis
2106 714 2418 770 arbitratus
2468 731 2603 771 eum
2660 716 2815 770 exire
2845 716 2915 769 ad
2948 732 3012 771 se
3055 718 3463 784 exercendum,
3497 734 3598 772 ac-

1956 803 2140 875 ceptis
2168 806 2426 875 quinque
2458 803 2649 859 aureis
2680 802 2973 870 lanceolis,
3009 820 3144 859 cum
3177 821 3243 860 eo
3283 809 3370 861 est
3412 821 3600 875 egres-

1956 908 2079 947 sus.
2140 891 2283 948 Cum
2334 891 2384 946 is
2437 895 2630 946 autem
2688 892 2970 946 Elesbaan
3041 893 3236 962 copias
3283 892 3599 949 invenisset

1955 979 2281 1052 vigilantes,
2325 996 2574 1051 quarum
2631 997 2765 1051 pars
2809 981 2934 1050 jam
2966 997 2996 1035 e
3053 981 3298 1035 navibus
3342 997 3592 1053 egressa,

1958 1069 2147 1125 locum
2184 1070 2239 1124 in
2302 1070 2495 1125 littore
2551 1073 2882 1140 occuparat,
2941 1075 3176 1140 accepto
3222 1071 3511 1139 eunucho,
3544 1076 3602 1127 et

1960 1157 2150 1212 tribus
2170 1174 2238 1212 ex
2262 1159 2404 1224 suis,
2421 1157 2565 1212 abiit
2595 1157 2796 1228 procul
2823 1158 2894 1212 ad
2917 1159 3306 1213 venationem.
3349 1159 3595 1225 Quidam

1961 1249 2154 1300 autem
2196 1262 2263 1300 ex
2305 1245 2582 1300 Elesbaan
2627 1247 2878 1302 exercitu
2918 1246 3182 1316 oppressi
3210 1246 3384 1314 fame,
3417 1263 3597 1318 equos

1962 1337 2136 1390 noctu
2194 1333 2671 1399 conscenderant,
2723 1338 2787 1390 ut
2843 1334 3042 1390 hostes
3093 1334 3432 1406 effugerent.
3493 1336 3597 1401 Qui

1963 1438 2092 1477 cum
2135 1421 2193 1477 in
2247 1439 2344 1478 eos
2382 1422 2742 1492 incidissent,
2776 1422 2918 1478 alios
2970 1423 3204 1494 quidem
3239 1423 3596 1490 occiderunt,

1962 1510 2111 1580 regis
2140 1515 2336 1566 autem
2377 1514 2687 1582 cognatum
2718 1511 3033 1580 capientes,
3055 1514 3112 1566 et
3141 1527 3346 1566 aureas
3369 1510 3598 1567 lanceas

1962 1604 2278 1670 portantes,
2328 1600 2398 1656 ad
2448 1614 2622 1655 naves
2676 1600 2989 1654 redierunt.
3048 1599 3154 1654 Eas
3207 1603 3403 1655 autem
3462 1616 3596 1656 cum

1960 1689 2280 1759 accepisset
2309 1705 2406 1743 rex
2435 1688 2587 1760 pius,
2627 1687 2821 1743 statim
2853 1687 2967 1742 Deo
2999 1687 3302 1745 dedicavit.
3337 1688 3467 1759 Ipse
3495 1705 3598 1744 au-

1962 1785 2100 1845 tem,
2133 1776 2359 1846 reliquo
2383 1779 2607 1830 armato
2634 1776 2884 1830 exercitu
2920 1776 3184 1832 immisso
3215 1778 3271 1832 in
3304 1777 3597 1833 breviores

1960 1882 2155 1932 naves,
2188 1881 2450 1935 egressus
2480 1870 2565 1919 est
2599 1865 2670 1920 ad
2711 1864 2930 1932 hostes,
2965 1866 3064 1935 qui
3096 1870 3260 1922 erant
3288 1865 3348 1919 in
3381 1865 3594 1936 littore,

1961 1959 2016 2011 et
2045 1971 2240 2027 pugna
2282 1959 2433 2009 terra
2481 1954 2744 2025 marique
2785 1953 3120 2017 commissa,
3168 1955 3451 2022 Hebraeos,
3494 1955 3593 2025 qui

1961 2049 2119 2115 terga
2149 2045 2446 2112 dederant,
2489 2045 2620 2116 jure
2651 2043 2786 2099 belli
2845 2060 3042 2099 omnes
3074 2045 3305 2111 occidit,
3357 2045 3497 2098 adeo
3530 2048 3594 2099 ut

1962 2147 2034 2186 ne
2064 2149 2217 2186 unus
2275 2130 2510 2201 quidem
2541 2130 2617 2186 sit
2672 2129 2904 2186 relictus
2963 2131 3044 2186 rei
3109 2135 3284 2202 gestae
3335 2130 3597 2186 nuntius.

1962 2220 2107 2273 Cum
2136 2224 2330 2274 autem
2361 2219 2605 2274 haberet
2634 2224 2946 2289 cognatum
2978 2218 3150 2288 regis,
3183 2219 3283 2289 qui
3315 2218 3365 2274 ei
3399 2227 3600 2274 osten-

1963 2308 2136 2363 debat
2166 2307 2338 2375 viam,
2381 2323 2510 2378 quae
2539 2307 2702 2363 ducit
2732 2307 2801 2361 ad
2828 2307 3118 2362 civitatem
3159 2308 3362 2379 Phare,
3395 2307 3455 2362 in
3487 2324 3603 2378 qua

1965 2401 2088 2452 erat
2118 2397 2274 2467 regia
2295 2401 2561 2463 Dunaan,
2594 2396 2662 2450 ad
2697 2394 2855 2450 illam
2889 2397 3166 2451 ascenditt
3199 2399 3322 2460 Qua
3362 2396 3603 2468 potitus,

1965 2493 2028 2542 ut
2085 2486 2185 2556 qui
2239 2484 2662 2541 incustoditam
2704 2484 3042 2540 offendisset
3089 2486 3400 2553 civitatem,
3447 2486 3604 2556 capit

1961 2592 2164 2632 omnes
2195 2575 2446 2647 divitias,
2479 2591 2609 2647 quas
2665 2580 2833 2632 erant
2856 2574 2914 2631 in
2951 2574 3114 2646 regia
3144 2579 3201 2631 et
3242 2575 3399 2647 ipsas
3429 2575 3602 2630 etiam

1965 2665 2220 2736 reginas.

2037 2928 2259 2985 XXXII.
2292 2927 2502 2985 Verum
2563 2945 2692 2983 cum
2737 2933 2966 3002 captam
3001 2930 3222 2998 urbem,
3280 2933 3336 2986 et
3383 2929 3600 3001 regiam

1966 3020 2330 3087 occupatam,
2399 3018 2574 3085 atque
2629 3033 2767 3071 suos
2847 3016 2996 3073 bello
3058 3021 3257 3087 captos
3322 3017 3600 3072 audiisset

1969 3109 2229 3174 Dunaan,
2268 3104 2483 3159 timens
2517 3120 2586 3158 ne
2635 3105 2810 3175 aliqui
2852 3121 2919 3160 ex
2979 3107 3238 3176 cognatis
3292 3107 3604 3161 deﬁcerent

219 3202 329 3252 τῶν
377 3195 541 3250 αὐτοῦ
584 3199 847 3269 συγγενῶν
897 3214 1034 3256 τινες
1077 3196 1155 3265 τῷ
1208 3192 1496 3258 Ἐλεσθαάν
1542 3197 1854 3268 προσρυῶσι

1969 3193 2037 3248 ad
2096 3193 2399 3258 Elesbaan,
2435 3199 2624 3247 mente
2664 3193 2714 3246 ei
2747 3210 2778 3247 a
2835 3193 2949 3248 Deo
2982 3196 3196 3258 ablata,
3249 3211 3381 3250 cum
3429 3209 3602 3250 aurea

219 3292 317 3344 τοῦ
357 3289 490 3342 Θεοῦ
519 3283 825 3364 σφήλαντος
855 3284 952 3352 τὴν
983 3284 1148 3338 αὐτοῦ
1178 3284 1406 3357 γνώμην
1451 3290 1661 3357 χρυσῆν
1692 3303 1858 3338 κατα-

222 3375 615 3448 σκευασάμενος
665 3371 984 3442 ἅλυσιν,καὶ
1016 3369 1242 3442 ἐνδήσας
1275 3371 1432 3426 αὐτόν
1462 3392 1520 3426 τε
1548 3370 1855 3442 κάκείνους,

221 3463 455 3534 ἐκάθητο
483 3466 591 3517 τῶν
620 3460 956 3535 πραγμάτων
997 3458 1322 3532 ἠμεληκὼς.
1354 3461 1420 3517 Οἱ
1456 3461 1634 3532 μέντοι
1671 3459 1860 3523 Αἰθίο-

220 3573 341 3621 πες,
374 3552 428 3605 οἱ
462 3549 512 3605 έν
539 3555 660 3611 τοῖς
692 3548 933 3616 πλοίοις,
966 3545 1133 3620 μηδεν
1167 3549 1289 3621 περὶ
1322 3542 1615 3602 Ἐλεσϐαάν
1646 3552 1741 3602 τοῦ
1773 3547 1862 3602 αὖ·

224 3646 329 3697 τῶν
393 3637 680 3716 βασιλέως,
711 3638 747 3707 ἢ
805 3643 912 3691 τῶν
947 3637 1034 3691 ὑπ’
1065 3636 1233 3691 αὐτοῦ
1271 3636 1669 3711 πεπραγμένων
1718 3636 1862 3705 ἀκη-

223 3731 410 3790 γοότες
443 3728 627 3782 σπάνει
675 3747 733 3782 τε
777 3730 884 3780 τῶν
927 3724 1226 3798 ἂναγκαίων
1276 3721 1738 3802 διαφθειρόμενοι,
1769 3726 1861 3780 καὶ

225 3823 277 3875 ἒν
336 3819 527 3890 ἀπόρῳ
575 3817 745 3886 ὅντες,
801 3815 1146 3890 ἀπογνόντες,
1195 3812 1494 3890 ἔτράποντο
1549 3816 1684 3889 πρὸς
1745 3814 1862 3870 ἰκε-

222 3908 368 3964 τείαν
412 3909 510 3962 τοῦ
568 3906 746 3961 Θείου.
781 3903 877 3958 Καὶ
933 3904 1002 3958 τὰ
1060 3902 1272 3980 μέγαλα
1323 3908 1429 3960 τῶν
1461 3902 1672 3959 πλοίων
1703 3902 1859 3976 ἓνδή-

227 4017 411 4058 σαντες
467 3996 602 4069 πρὸς
661 3993 822 4049 ἑαυτὰ
892 3991 1174 4063 κυκλόθεν,
1235 3991 1435 4056 ἄνωθέν
1504 4014 1560 4047 τε
1636 3994 1702 4047 τὰ
1783 3993 1864 4047 εύ-

230 4087 381 4158 μήκη
441 4083 576 4154 ξύλα
632 4083 719 4137 καὶ
781 4081 923 4136 ίστία
977 4079 1502 4155 προσεπιδήσαντες,
1559 4080 1649 4134 καὶ
1681 4079 1863 4152 ὥσπερ

225 4175 345 4229 τινὰ
401 4171 563 4228 πόλιν
615 4171 667 4228 ἐν
716 4175 785 4245 τῇ
844 4169 1087 4244 θαλάσσῃ
1125 4168 1693 4244 διαμηχανησάμενοι,
1728 4169 1778 4222 ἒν
1809 4166 1866 4222 δὲ

226 4268 344 4323 ταῖς
391 4261 654 4338 πλαγίαις
711 4258 902 4331 ἔξωθεν
963 4258 1030 4312 τὰ
1089 4259 1400 4332 βραχύτερα
1463 4262 1570 4311 τῶν
1627 4255 1864 4326 πλοίων,

227 4349 543 4423 προτείχιόν
636 4368 688 4401 τι
777 4345 1111 4418 μιμούμενα,
1182 4345 1595 4420 παραξεύξαντες
1677 4345 1864 4419 ἀθρόοι

229 4439 536 4513 γενόμενοι,
575 4437 708 4508 μετὰ
766 4433 1014 4508 δακρύων
1071 4433 1343 4510 ἱκετηρίαν
1399 4439 1477 4506 τῷ
1517 4439 1633 4506 Θεῷ
1662 4440 1869 4508 προσῆ-

233 4548 332 4602 γον
405 4526 630 4599 μακράν.
702 4524 840 4580 Εἶτα
894 4527 1002 4578 τῶν
1059 4525 1221 4598 ἱερῶν
1270 4523 1702 4598 ἄπογευσάμενοι
1763 4544 1865 4596 μυ-

232 4614 472 4689 στηρίων
529 4613 621 4667 καὶ
681 4612 1059 4686 ὁπκισάμενοι,
1116 4607 1430 4667 κατέϐαινον
1485 4610 1571 4665 ἐπὶ
1627 4611 1694 4666 τὰ
1739 4613 1868 4685 βρα-

237 4705 441 4779 χύτερα
470 4702 657 4758 πλοῖα·
691 4701 781 4756 καὶ
813 4702 1030 4763 στάντες
1088 4701 1148 4756 ἐκ
1184 4698 1447 4775 πλαγίου,
1477 4704 1555 4771 τῷ
1588 4701 1662 4772 μὴ
1727 4698 1870 4774 βλά-

237 4789 339 4862 ϐην
380 4791 498 4846 τινὰ
542 4790 644 4844 ὑπὸ
688 4793 795 4844 τῶν
858 4788 1034 4863 βελῶν
1094 4787 1378 4861 ὑπομένειν
1405 4794 1514 4843 τιῖν
1560 4787 1868 4860 πολεμίων,

237 4880 410 4936 ὤθουν
459 4877 591 4934 αὐτὰ
643 4877 778 4952 πρὸς
830 4880 929 4947 τὴν
985 4885 1106 4954 γῆν,
1165 4878 1316 4934 αὐτοί
1370 4899 1429 4933 τε
1483 4878 1571 4933 καὶ
1631 4879 1768 4933 ἅπαν
1807 4878 1870 4933 τὸ

235 4969 502 5025 ναυτικὸνο
572 4966 639 5022 τὰ
693 4964 752 5022 δὲ
803 4973 920 5028 τοῖς
1009 4966 1272 5044 μεγάλοις
1359 4964 1711 5040 συνδεδεμένα
1780 4966 1870 5021 καὶ

237 5060 372 5115 αὐτὰ
425 5056 848 5132 συνεφείλκοντο,
905 5053 1069 5131 ἄχρις
1125 5054 1184 5111 ἂν
1252 5057 1306 5112 αἱ
1389 5055 1621 5130 πλευραί
1698 5057 1872 5112 αὐτῶν

237 5147 658 5224 προσοκείλασαι
742 5147 1106 5222 προσήρεισαν
1191 5150 1270 5218 τῷ
1337 5145 1597 5222 αἰγιαλῷ,
1646 5145 1721 5208 ὡς
1786 5165 1874 5218 γε·

237 5237 417 5301 νέσθαι
480 5240 665 5311 τεῖχος
721 5237 905 5297 αὐτοῖς
959 5234 1048 5289 καὶ
1076 5239 1192 5296 τοῖς
1236 5233 1555 5309 Ὀμηρίταις
1584 5234 1649 5288 τὰ
1679 5233 1870 5290 πλοῖα.

241 5321 654 5402 Ηροσϐαλὸντες
695 5323 753 5380 δὲ
814 5326 866 5379 οἱ
917 5322 1176 5397 πολέμιοι
1215 5329 1330 5385 τοῖς
1389 5320 1577 5396 δόρασι
1617 5323 1705 5378 καὶ
1754 5329 1872 5385 ταῖς

226 5414 466 5490 ,πέλταις
523 5411 798 5468 κατέκλων
852 5411 946 5474 τὰς
1028 5415 1137 5466 τῶν
1218 5413 1571 5488 βραχυτέρων
1658 5409 1869 5465 πλοίων

240 5504 500 5577 πλευρὰς,
558 5503 644 5557 καὶ
703 5500 889 5558 πολλὰ
942 5499 1070 5561 τοὺς
1129 5499 1382 5564 Αἱθίοπνς
1421 5499 1676 5556 ἐλύπουν.
1717 5499 1785 5556 Οἱ
1817 5496 1874 5554 δὲ

242 5593 376 5667 πρὸς
429 5588 635 5664 ἄμυναν
693 5590 843 5656 αὖθις
895 5588 1028 5665 μετὰ
1085 5586 1328 5663 δακρύων
1385 5587 1734 5662 ἐξεκαλοῦντο
1779 5589 1870 5643 τὸν

1894 4570 1952 4636 Ι)

1967 3287 2167 3338 catena
2225 3297 2286 3337 se
2342 3285 2399 3337 et
2483 3281 2616 3336 illos
2673 3281 2984 3350 alligasset,
3064 3283 3301 3337 sedebat
3374 3282 3598 3338 nullam

1965 3386 2154 3427 rerum
2183 3387 2384 3426 curam
2411 3386 2635 3441 gerens.
2670 3371 2776 3434 Qui
2807 3375 3001 3426 autem
3035 3371 3093 3426 in
3127 3371 3393 3442 pluribus
3433 3373 3600 3427 navi—

1965 3460 2077 3515 bus
2106 3463 2268 3514 erant
2297 3459 2616 3530 zEthiopes,
2649 3475 2780 3514 cum
2814 3458 2957 3513 nihil
2991 3460 3352 3514 audivissent
3391 3461 3460 3515 de
3491 3477 3596 3515 suo

1964 3563 2099 3618 rege
2128 3549 2429 3615 Elesbaan,
2465 3552 2567 3603 aut
2613 3549 2682 3604 de
2737 3547 2830 3614 iis,
2865 3563 2988 3618 quia
3045 3553 3319 3618 gesserat,
3351 3552 3407 3602 et
3436 3549 3594 3604 labo-

1967 3640 2163 3691 rarent
2207 3637 2398 3708 inopia
2462 3652 2652 3692 rerum
2724 3637 3204 3703 necessariarum,
3291 3643 3598 3707 essentque

1968 3725 2164 3781 animo
2195 3725 2358 3780 dubii
2413 3730 2468 3781 et
2500 3725 2771 3796 perplexi,
2803 3726 3065 3782 conversi
3124 3730 3261 3782 sunt
3317 3728 3384 3781 ad
3413 3731 3598 3782 Deum

1968 3814 2437 3886 supplicandum.
2462 3814 2682 3870 Etcum
2715 3832 2956 3888 magnas
2978 3815 3210 3886 quidem
3243 3831 3416 3870 naves
3447 3815 3604 3870 inter

1970 3920 2030 3960 se
2059 3903 2424 3976 alligassent,
2453 3908 2511 3958 et
2541 3920 2715 3974 super
2752 3903 3002 3975 oblonga
3032 3903 3192 3974 ligna
3239 3903 3366 3958 vela
3395 3903 3604 3958 deinde

1969 3994 2311 4063 vinxissent,
2363 3998 2420 4048 et
2447 3993 2622 4049 veluti
2671 3993 2986 4063 quamdam
3019 3993 3310 4050 civitatem
3341 3993 3402 4048 in
3458 3993 3606 4049 mari

1972 4086 2168 4136 essent
2197 4081 2459 4135 fabricati
2493 4083 2890 4135 :extrinsecus
2918 4085 3109 4137 autem
3160 4082 3446 4138 breviores
3507 4100 3605 4138 na-

1971 4185 2092 4235 ves,
2125 4185 2260 4241 quaa
2303 4169 2599 4239 quoddam
2649 4185 2949 4222 murorum
2983 4169 3364 4225 imitabantur
3394 4188 3604 4242 propu-

1973 4255 2305 4329 gnaculum,
2355 4256 2743 4322 ordinassent,
2785 4272 2988 4312 omnes
3028 4256 3201 4312 simul
3249 4263 3603 4331 congregati,

1975 4362 2108 4400 cum
2142 4343 2410 4416 lacrymis
2440 4343 2556 4398 Deo
2585 4343 2821 4414 longam
2855 4343 3193 4400 obtulerunt
3221 4346 3607 4417 supplicatio-

1976 4449 2130 4489 nem.
2165 4431 2380 4488 Deinde
2410 4448 2540 4487 cum
2574 4448 2733 4487 sacra
2763 4437 3101 4504 gustassent
3134 4433 3427 4506 mysteria,
3459 4439 3515 4490 et
3543 4451 3606 4492 se

1977 4525 2323 4585 armassent,
2353 4520 2780 4576 descenderunt
2837 4521 2896 4576 in
2943 4537 3117 4578 naves
3165 4522 3501 4578 breviores:
3553 4528 3611 4579 et

1978 4615 2196 4667 stantes
2218 4625 2286 4665 ex
2315 4609 2574 4680 obliquo,
2604 4625 2676 4665 ne
2705 4609 3031 4681 acciperent
3061 4609 3295 4680 aliquod
3327 4611 3607 4667 damnum

1981 4717 2015 4756 a
2045 4699 2176 4755 telis
2200 4699 2474 4765 hostium,
2506 4715 2605 4754 eas
2645 4697 2756 4768 ipsi
2783 4699 3032 4767 majores
3072 4703 3202 4768 post
3226 4714 3285 4753 se
3313 4699 3609 4756 trahentes

1978 4789 2365 4862 impulserunt
2385 4789 2459 4844 ad
2480 4793 2716 4857 terram,
2740 4788 2922 4843 donec
2943 4786 3189 4857 appulsa
3210 4802 3407 4842 eorum
3429 4787 3612 4845 latera

1978 4880 2088 4936 ﬁxa
2121 4878 2339 4934 fuerint
2387 4879 2442 4934 in
2489 4877 2705 4945 littore,
2755 4878 2898 4932 adeo
2932 4881 2995 4932 ut
3025 4893 3201 4931 naves
3249 4881 3446 4932 essent
3469 4877 3610 4950 ipsis

1979 4985 2080 5040 pro
2112 4984 2298 5023 muro.
2333 4967 2531 5022 Hostes
2562 4982 2692 5022 vero
2715 4966 3004 5022 irruentes
3034 4980 3169 5021 cum
3205 4965 3441 5033 lanceis,
3474 4983 3610 5022 con-

1980 5054 2306 5127 fringebant
2352 5054 2530 5111 latera
2599 5055 2930 5111 breviorum
2986 5054 3244 5120 navium,
3293 5057 3350 5110 et
3399 5071 3612 5127 magna

1980 5144 2244 5201 molestia
2273 5143 2603 5200 atﬁciebant
2659 5143 2973 5214 Ethiopes.
3011 5143 3118 5208 Qui
3177 5159 3310 5198 cum
3342 5142 3612 5215 lacrymis

1982 5249 2179 5290 rursus
2238 5231 2469 5288 Domini
2526 5232 2874 5288 invocabant
2903 5232 3204 5287 auxilium.
3243 5231 3370 5302 Ipse
3413 5239 3607 5288 autem

1981 5339 2078 5378 eos
2134 5320 2435 5376 exaudiit:
2485 5325 2543 5376 et
2599 5319 2794 5376 statim
2852 5336 2959 5376 vox
3016 5321 3278 5393 quaedam
3337 5320 3442 5376 fuit
3469 5322 3611 5377 caelo

1980 5411 2272 5478 exaudita,
2296 5424 2416 5479 quas
2454 5410 2675 5467 dicebat
2708 5426 2721 5464 2
2766 5409 3012 5478 Gabriel,
3063 5409 3306 5478 Gabriel,
3335 5409 3565 5465 Gabriel
3596 5426 3608 5464 :

1981 5505 2039 5556 et
2069 5499 2309 5573 quidam
2331 5514 2400 5553 ex
2446 5498 2591 5570 illis,
2622 5499 2724 5570 qui
2752 5515 2926 5556 naves
2965 5498 3362 5571 impellebant,
3394 5500 3612 5570 virgam

1971 5590 2174 5646 ferens
2205 5588 2472 5658 ferream,
2505 5606 2631 5663 quia
2669 5605 2920 5661 superne
2951 5589 3184 5662 quidem
3217 5587 3470 5646 habebat
3489 5601 3610 5642 cru-
