4128 6274
497 326 521 384 ί
535 329 648 388 287

1835 306 2119 367 MENSIS
2164 306 2545 368 OCTOBER.

3750 312 3944 375 1288

481 502 631 552 cem,
672 483 897 539 inferne
953 482 1146 534 autem
1189 474 1450 530 lanceam
1511 486 1643 526 cum
1696 470 2011 535 enatasset,
2070 468 2129 521 et

2252 464 2464 538 Κύριον·
2536 464 2631 519 καὶ
2690 465 2851 528 αὐτὸς
2907 464 3171 538 ἐπήκουεν
3258 468 3457 538 αὐτῶν,
3540 473 3630 527 καὶ
3702 472 3940 536 εὐθέως

483 574 657 631 unius
697 572 831 643 equi
872 569 1116 624 caudam
1158 560 1665 635 apprehendisset,
1696 558 1759 613 in
1813 557 1941 627 ejus
1974 555 2131 609 latus

486 664 896 731 ﬁgitlanceam
932 658 1096 720 adeo,
1133 659 1193 708 ut
1250 667 1380 707 mox
1433 650 1696 704 turbatus
1743 662 1932 716 equus
1976 645 2133 714 deje-

485 752 635 809 cerit
676 750 928 813 hostem,
962 750 1019 800 et
1067 742 1163 799 alii
1208 740 1438 811 equites
1492 739 1695 793 timore
1739 734 1927 791 affecti
1978 732 2130 788 ceci-

485 841 679 897 derint
710 838 764 891 in
793 840 1029 889 terram.

486 933 577 1003 ρᾶς
648 925 761 984 ἐνὸς
802 920 980 976 ’ίππου
1040 912 1460 988 ἐπιλαϐόμενος,
1514 912 1648 967 κατὰ
1705 918 1805 980 τῆς
1859 910 2053 963 τούτου
2112 906 2352 982 πλευρᾶς
2405 911 2505 977 τήν
2554 909 2769 986 λόγχην
2830 914 3243 988 ίκαταπηγνύει.

479 1015 815 1091 ταραχθέντα
870 1013 962 1066 τὸν
1023 1008 1220 1076 ’ίππον,
1289 1000 1585 1061 ἀποϐαλεῖν
1654 1004 1743 1057 τὸν
1798 998 2091 1073 πολέμιον,
2158 998 2248 1052 καὶ
2313 1000 2440 1060 τοὺς
2499 998 2703 1062 ἄλλους
2763 1001 2947 1063 ἱππεῖς
3001 1002 3483 1072 ἀποδειλιάσαντας
3559 1010 3698 1083 πρὸς

484 1112 586 1183 γῆν
617 1101 931 1176 τραπέσθαι.

556 1195 809 1251 XXXIII.
857 1190 1220 1248 Conﬁdentes
1268 1189 1462 1258 itaque
1510 1185 1810 1255 Ethiopes
1859 1197 1992 1236 cum
2044 1181 2136 1233 de-

491 1287 863 1344 scendissent
886 1300 915 1339 e
934 1282 1198 1347 navibus,
1223 1283 1278 1335 et
1303 1294 1512 1333 manus
1545 1274 1978 1332 conseruissent
2000 1287 2133 1325 cum

491 1375 782 1439 hostibus,
814 1389 913 1428 eos
946 1372 1242 1437 fuderunt,
1276 1372 1332 1423 et
1362 1381 1566 1421 omnes
1610 1363 2049 1428 interfecerunt,
2081 1366 2134 1413 et

493 1463 720 1534 regium
769 1459 1018 1531 ingressi
1075 1452 1540 1519 tabernaculum,
1597 1448 1903 1505 inveniunt
1960 1461 2133 1501 aurea

489 1556 696 1606 catena
727 1550 983 1603 vinctum
1016 1561 1147 1600 cum
1179 1544 1271 1611 iis,
1306 1542 1406 1613 qui
1438 1556 1647 1614 genere
1676 1540 1745 1593 ad
1778 1539 1973 1609 ipsum
2005 1534 2135 1591 atti-

493 1640 732 1704 nebant,
766 1637 1012 1693 Dunaan
1045 1649 1237 1705 regem
1279 1631 1609 1686 Hebraeum.
1643 1627 1786 1683 Cum
1817 1631 2007 1681 autem
2044 1625 2133 1678 in-

490 1728 853 1783 tcllexissent
875 1741 1044 1780 suum
1079 1739 1312 1794 quoque
1342 1736 1532 1792 regem
1556 1717 2132 1790 praestantissimum,

2246 555 2401 638 φωνή
2462 574 2545 614 τις
2605 553 2890 629 οὐρανόθεν
2949 558 3202 627 ἠκούετο,
3282 559 3541 635 λέγουσα,
3626 559 3939 638 Γαϐριὴλ,

2248 637 2517 715 Γαϐριὴλ,
2552 642 2828 719 Γαϐριήλ·
2865 645 2953 699 καὶ
2986 667 3067 700 τις
3126 646 3175 718 ἐξ
3230 647 3465 719 ἐκείνων,
3507 649 3562 705 ο’ί
3600 652 3669 707 τά
3731 659 3936 707 πλοῖα

2246 726 2503 800 διώθουν,
2565 729 2787 808 σιδηρᾶν
2848 736 3026 809 φέρων
3051 731 3277 810 ῥάϐδον,
3307 742 3535 813 σταυρὸν
3570 742 3665 813 μὲν
3696 739 3932 796 ἄνωθεν

2242 817 2498 894 ἔχουσαν,
2552 820 2769 895 λόγχην
2823 820 2878 877 δὲ
2924 823 3183 893 κάτωθεν,
3212 823 3621 902 διανηξάμενος,
3664 830 3769 885 καὶ
3816 831 3926 885 οὖ-

3349 918 3422 979 ὡς
3488 919 3679 973 αὐτίκα
3778 918 3919 973 δια-

3806 1010 3918 1077 τήν

2319 1181 2439 1237 Al".
2498 1180 2984 1254 Ἀναθαρσήσαντες
3042 1182 3099 1240 δὲ
3157 1188 3213 1239 οἱ
3270 1187 3524 1250 Δίθιόπες
3582 1188 3671 1244 καὶ
3756 1192 3915 1246 ἀπο-

2246 1261 2431 1329 ϐάντες
2489 1272 2595 1323 τῶν
2663 1271 2900 1342 πλοίων,
2957 1274 3046 1328 καὶ
3111 1270 3482 1347 συμϐαλόντες
3525 1283 3643 1342 τοῖς
3729 1277 3913 1334 πολε-

2248 1356 2416 1426 μίοις,
2462 1356 2753 1432 ἐτρέψαντό
2820 1381 2878 1416 τε
2924 1363 3015 1417 καὶ
3065 1360 3459 1442 διεχειρίσαντο
3520 1368 3752 1437 πάντας,
3810 1368 3913 1424 καὶ

2245 1445 2323 1507 εἱς
2381 1447 2478 1515 τήν
2547 1447 2823 1522 βασίλειον
2882 1449 3128 1515 ἐλθόντες
3181 1457 3411 1525 σκηνήν,
3468 1454 3818 1529 εὑρίσκουσιν
3852 1456 3910 1512 ἐν

2244 1535 2430 1589 ἁλύσει
2480 1540 2661 1614 χρυσῇ
2713 1536 2991 1613 δεδεμένον
3059 1540 3150 1595 σὺν
3205 1549 3323 1606 τοῖς
3398 1547 3742 1616 προσήκουσι
3806 1548 3906 1600 καὶ

2245 1623 2406 1676 αὐτὸν
2461 1621 2526 1691 δὴ
2586 1625 2825 1681 Δουναᾶν
2881 1629 2972 1683 τὸν
3028 1626 3300 1705 Ἑϐραῖον.
3362 1634 3631 1695 Μαθὸντες
3685 1631 3749 1688 δὲ
3808 1637 3904 1690 καὶ

2241 1713 2335 1765 τὸν
2394 1713 2597 1768 ἑαυτῶν
2652 1715 2878 1789 βασιλέα
2924 1719 3017 1773 τὸν
3070 1719 3289 1794 ἄριστον
3357 1723 3534 1777 πάντα
3593 1720 3909 1779 Ἐλεσϐαὰν

497 1826 551 1872 et
583 1817 744 1872 omni
776 1833 843 1870 ex
874 1823 1037 1886 parte
1079 1812 1366 1883 Optimum
1396 1809 1674 1864 Elesbaan
1707 1806 1822 1861 illic
1853 1819 2131 1874 occupas-

2252 1802 2343 1868 τήν
2393 1802 2667 1876 βασίλειον
2717 1808 3063 1885 κατασχόντα
3120 1808 3283 1864 πόλιν
3350 1810 3521 1866 ἐκεῖσε
3574 1815 3901 1887 τυγχάνειν,

499 1910 589 1961 set
620 1905 861 1976 regiam,
885 1917 1125 1974 propere
1148 1900 1221 1954 ad
1250 1915 1384 1955 eum
1417 1899 1810 1961 accesserunt,
1844 1892 2132 1959 etomnia,

500 2010 627 2065 quae
660 2001 817 2065 gesta
866 1992 1109 2059 fuerant,
1144 1990 1557 2060 exposuerunt.
1601 1984 1702 2040 Ille
1731 1988 1948 2049 autem,
1982 1998 2133 2050 prae-

502 2081 653 2137 sidio
705 2079 898 2137 relicto
930 2080 987 2133 in
1047 2078 1297 2145 civitate,
1350 2075 1604 2129 maxime.
1635 2072 1775 2127 abiit
1823 2070 2134 2126 celeritate.

498 2174 567 2228 Et
615 2186 748 2226 cum
790 2168 1105 2224 invenisset
1137 2168 1380 2221 Dunaan
1414 2180 1587 2220 aurea
1617 2162 1716 2217 illa
1744 2161 2000 2217 vinctum
2035 2177 2139 2216 ca—

500 2266 658 2327 tena,
690 2260 882 2330 ipsum
913 2255 1202 2311 interfecit
1242 2258 1297 2309 et
1319 2257 1613 2325 cognatos,
1648 2252 1829 2307 Deum
1867 2250 2134 2318 laudans,

502 2356 562 2407 et
618 2348 914 2404 insultans
969 2345 1178 2401 Christi
1237 2344 1529 2412 hostibus,
1592 2358 1817 2412 poenam
1867 2341 2138 2395 dantibus

490 2437 811 2494 audacium
861 2451 1102 2491 suorum
1150 2432 1495 2501 facinorum,
1528 2448 1655 2503 qum
1687 2431 2044 2485 admiserant
2076 2430 2135 2483 in

494 2527 789 2581 Christum
845 2528 901 2578 et
948 2522 1158 2577 Christi
1211 2537 1467 2577 crucem.
1532 2542 1559 2571 «
1621 2520 1933 2574 Laetabitur
1979 2520 2134 2573 enim

486 2617 689 2687 justus
744 2612 961 2683 (inquit
1018 2626 1265 2680 magnus
1304 2609 1509 2680 David)
1559 2625 1688 2663 cum
1760 2607 1964 2662 viderit
2008 2607 2131 2661 vin-

490 2704 703 2758 dictam
733 2702 773 2754 ⁷.
825 2720 849 2751 ι
905 2701 972 2753 Et
1019 2699 1146 2753 ideo
1192 2697 1288 2767 qui
1337 2714 1404 2751 ex
1433 2698 1517 2750 eis
1561 2697 1790 2750 fuerunt
1822 2696 2131 2764 vulnerati,

492 2813 520 2841 ‹‹
554 2807 670 2845 non
724 2790 959 2845 fuerunt
1000 2785 1288 2841 vulnerati
1340 2784 1532 2856 gladio
1579 2783 1667 2854 (ut
1713 2784 1853 2839 dicit
1901 2783 2134 2838 divinus

497 2880 699 2950 Isaias)
754 2893 941 2947 neque
1000 2877 1213 2932 mortui
1271 2891 1495 2939 eorum,
1549 2873 1761 2929 mortui
1801 2873 1953 2929 bello
2003 2874 2042 2929 ⁸.
2108 2894 2134 2920 »

490 2972 597 3028 Est
628 2970 782 3024 enim
823 2985 915 3024 res
971 2968 1135 3022 fortis
1166 2975 1219 3021 et
1250 2966 1412 3032 dura,
1463 2965 1547 3019 ira
1576 2965 1677 3020 Dei
1703 2965 1850 3036 (ipse
1892 2980 1982 3018 me
2015 2980 2136 3017 rur-

492 3077 596 3116 sus
629 3060 837 3127 docet),
870 3061 936 3111 ut
965 3056 1207 3128 grando,
1243 3071 1366 3125 quae
1425 3055 1697 3109 deorsum
1760 3054 1959 3118 fertur,
2018 3070 2131 3108 non

2249 1888 2461 1965 σπουδῇ
2491 1914 2549 1947 τε
2587 1895 2661 1955 ὡς
2693 1896 2855 1950 αὐτὸν
2886 1897 3160 1975 ἀφίκοντο,
3192 1900 3283 1953 καὶ
3308 1901 3483 1955 πάντα
3516 1901 3583 1956 τὰ
3627 1904 3905 1976 γενόμενα

2248 1976 2551 2039 διεσάφουν.
2610 1985 2669 2041 Ὀ
2726 1982 2802 2055 δὲ,
2862 1986 3098 2062 φρουράν
3147 1986 3198 2042 ἐν
3256 1992 3325 2062 τῇ
3356 1987 3517 2044 πόλει
3548 1989 3901 2063 καταλιπὼν,

2248 2068 2410 2142 ἀπῄει
2464 2071 2553 2124 σὺν
2603 2072 2786 2145 τάχει,
2834 2074 2922 2128 καὶ
2980 2075 3069 2129 τὸν
3116 2077 3352 2131 Δουναὰν
3387 2078 3582 2151 εὑρὼν,
3620 2080 3722 2147 τὴν
3754 2100 3899 2154 χρυ-

2252 2164 2349 2225 σῆν
2401 2155 2605 2228 ἐκείνην
2665 2161 3036 2234 περικείμενον
3124 2163 3340 2234 ἅλυσιν,
3410 2165 3569 2221 αὐτόν
3648 2188 3709 2222 τε
3804 2169 3899 2221 καὶ

2246 2244 2372 2306 τοὺς
2434 2252 2705 2321 συγγενεῖς
2761 2249 2993 2320 ἀνεῖλεν,
3026 2250 3344 2322 ἐπιθειάζων
3396 2252 3604 2323 πολλὰ,
3635 2277 3728 2310 και
3759 2255 3895 2330 ἐφη-

2249 2335 2477 2409 δόμενος
2511 2337 2597 2392 ἐπὶ
2656 2344 2770 2402 τοῖς
2821 2341 3043 2416 ἐχθροῖς
3074 2348 3170 2398 τοῦ
3211 2346 3465 2419 Χρισνοῦ,
3499 2344 3652 2415 δίκην
3682 2345 3897 2402 διδοῦσι

2246 2430 2354 2479 τῶν
2418 2425 2831 2501 τολμηθέντων,
2892 2432 2966 2485 ὧν
3013 2453 3071 2487 τε
3129 2434 3203 2495 εἰς
3254 2436 3608 2508 Χριστιανοὺς
3691 2437 3892 2497 αὐτοὺς

2247 2512 2456 2567 καὶτὸν
2509 2519 2607 2569 τοῦ
2665 2518 2895 2588 Χριστοῦ
2955 2521 3172 2595 σταυρὶν
3208 2520 3666 2593 ἐπλημμέλησαν.
3703 2549 3731 2575 ››
3786 2524 3888 2580 Εὐ-

2246 2604 2609 2690 ιρρανβῆ-σεται
2648 2607 2748 2679 γάρ
2784 2604 2990 2667 δίκαιος
3022 2609 3074 2681 (ὁ
3122 2610 3292 2687 μέγας
3342 2606 3443 2690 ἔφη
3496 2610 3700 2684 Δαυΐδ),
3760 2614 3882 2667 ὅταν

2237 2688 2330 2761 ’ίδῃ
2386 2688 2679 2761 ἐκδίκησιν.
2714 2716 2741 2744 ››
2802 2697 2898 2749 Διὰ
2939 2701 3101 2752 τοῦτο
3156 2699 3245 2753 καὶ
3278 2688 3559 2775 γεγόνασιν
3624 2702 3679 2756 οἱ
3726 2720 3885 2777 τραυ-

2247 2778 2433 2848 ματίαι
2492 2780 2686 2850 αὐτῶν,
2720 2805 2748 2833 ‹‹
2803 2783 2864 2837 οὐ
2919 2785 3245 2857 τραυματίαι
3300 2789 3595 2863 μαχαίρας,
3640 2813 3666 2841 ››
3698 2791 3762 2845 τὸ
3792 2794 3886 2844 τοῦ

2246 2866 2390 2931 θείου
2449 2871 2607 2946 φάναι
2668 2872 2911 2944 Ἠσαίου,
2948 2898 2973 2928 ι
3027 2874 3138 2931 οὔθ’
3188 2880 3239 2933 οἱ
3278 2879 3458 2953 νεκροὶ
3501 2881 3679 2935 αὐτῶν
3709 2882 3888 2954 νεκροὶ

2242 2956 2514 3029 πολέμου.
2550 2982 2573 3011 ν
2620 2962 2993 3038 Ἰσχυρὸνγάρ
3042 2965 3135 3020 καὶ
3186 2966 3426 3041 σκληρὸν
3468 2969 3495 3022 ὁ
3555 2969 3730 3041 θυμὸς
3784 2976 3891 3023 Κυ-

2246 3046 2384 3119 ρίου,
2439 3047 2597 3110 αὐτός
2645 3071 2712 3123 με
2774 3048 3012 3107 διδάσκει
3072 3053 3259 3122 πάλιν,
3311 3058 3386 3118 ὡς
3462 3056 3677 3131 χάλαζα
3733 3079 3891 3112 κατα-

494 3148 717 3203 habens
748 3148 1155 3217 tegumentum
1194 3160 1204 3196 :
1243 3147 1305 3197 ut
1336 3159 1497 3213 aquae
1532 3158 1755 3214 magna:
1796 3142 2129 3210 multitudo,

2252 3139 2545 3213 ρερομένη,
2582 3139 2681 3193 οὐκ
2736 3136 2938 3215 ἔχουσα
2966 3140 3191 3216 σκέπην,
3226 3146 3300 3207 ὡς
3325 3142 3518 3207 ὕδατος
3557 3144 3701 3201 πολὸ
3736 3145 3891 3215 πλῆ-

493 3253 620 3307 quaa
646 3235 826 3289 trahit
856 3233 1146 3305 regionem
1168 3229 1212 3286 9.

562 3323 801 3379 XXXIV.
864 3322 1150 3377 Reversus
1209 3336 1341 3391 ergo
1391 3319 1669 3375 Elesbaan
1729 3321 1798 3374 ad
1846 3320 2127 3375 civitatem

496 3413 701 3479 Phare,
729 3426 930 3466 omnes
962 3410 1277 3477 interemit,
1314 3409 1410 3480 qui
1436 3414 1604 3464 erant
1630 3409 1688 3462 in
1714 3409 1888 3477 regia,
1922 3413 1978 3463 et
2006 3424 2132 3462 cum

497 3499 672 3558 vellet
718 3499 1022 3554 ecclesiam
1055 3498 1114 3552 in
1147 3514 1215 3552 ea
1246 3498 1552 3563 ediﬁcare,
1596 3495 1703 3551 fuit
1734 3496 1854 3566 ipse
1910 3497 2133 3568 primus

498 3588 688 3658 Opifex
752 3587 1000 3642 aedificii.
1061 3585 1427 3658 Significavit
1484 3591 1675 3640 autem
1736 3585 1949 3654 omnia,
2008 3602 2134 3656 qua:

497 3682 664 3748 gesta
704 3677 954 3745 fuerant,
990 3675 1247 3745 pontiﬁci
1295 3675 1674 3741 Alexandriae,
1718 3679 1773 3730 et
1828 3691 1929 3746 per
1968 3672 2135 3728 illum

496 3765 735 3821 Justino
767 3765 1121 3831 imperatori.
1154 3762 1486 3816 Patriarcha
1542 3768 1737 3817 autem
1779 3763 2135 3817 Alexandria:

500 3854 837 3910 ordinatum
892 3852 1229 3922 episcopum
1287 3850 1449 3904 misit
1495 3852 1565 3905 ad
1625 3851 1968 3907 Homeritas.
2031 3850 2136 3915 Qui

504 3958 636 3997 cum
670 3940 786 3996 illis
816 3943 1211 3995 consecrasset
1240 3938 1547 4009 templum,
1572 3940 1724 4009 quod
1758 3941 1940 3994 fuerat
1958 3939 2138 3992 aediﬁ-

502 4033 722 4096 catum,
756 4029 1010 4100 baptizat
1050 4027 1285 4098 quidem
1318 4044 1541 4093 omnes,
1575 4028 1673 4098 qui
1717 4032 1881 4084 erant
1910 4028 1968 4082 in
2001 4028 2140 4082 civi-

502 4117 721 4173 tatibus
752 4122 809 4173 et
853 4116 1015 4189 pagis
1045 4115 1492 4182 IIomeritarum,
1525 4116 1586 4171 in
1645 4117 1874 4173 nomine
1930 4126 2139 4172 sanctae

500 4204 821 4260 Trinitatis.
855 4208 938 4259 Ex
985 4204 1067 4258 eis
1099 4207 1292 4260 autem
1350 4205 1577 4261 ordinat
1623 4206 1899 4263 diaconos
1930 4211 1987 4261 et
2018 4223 2142 4277 pre-

502 4294 768 4362 sbyteros
794 4296 884 4360 ;et
914 4292 1195 4360 ecclesiis,
1220 4308 1342 4364 quae
1374 4300 1539 4349 erant
1570 4295 1627 4349 in
1662 4297 1916 4367 regione,
1951 4296 2143 4351 reddit

505 4387 723 4439 statum
756 4397 925 4436 suum
965 4381 1221 4436 solitum.

575 4561 786 4618 XXXV.
839 4560 1257 4617 Divinissimus
1309 4565 1502 4616 autem
1536 4578 1633 4616 rex
1681 4563 1801 4633 ipse
1859 4565 2136 4623 Elesbaan

504 4651 682 4710 simul
713 4666 847 4706 cum
880 4664 945 4704 eo
975 4648 1131 4704 venit
1159 4650 1407 4719 Nagram
1440 4654 1762 4720 martyrum
1803 4653 2093 4710 civitatem
2123 4673 2136 4723 ;

505 4748 558 4796 et
615 4755 746 4795 cum
797 4737 915 4793 illic
974 4737 1325 4794 extruxisset
1372 4737 1700 4808 ecclesiam,
1776 4749 1829 4796 et
1880 4744 2139 4814 quinque

508 4828 906 4900 possessiones
979 4827 1170 4899 regias
1238 4825 1288 4880 ei
1346 4826 1732 4897 attribuisset,
1799 4834 1854 4884 et
1930 4832 2139 4889 deinde

509 4918 683 4973 etiam
716 4933 784 4972 ex
824 4916 1093 4987 martyris
1122 4916 1348 4971 Arethae
1397 4916 1867 4984 possessionibus
1898 4928 2013 4977 tres
2045 4924 2140 4977 ad-

508 5004 776 5073 didisset,
828 5008 892 5059 ut
949 5005 1045 5059 ille
1104 5005 1475 5060 mandaverat
1521 5004 1579 5060 in
1626 5006 1737 5061 fine
1770 5011 2048 5081 martyrii,
2084 5016 2141 5067 et

502 5093 839 5163 collegisset
868 5110 1095 5161 omnes,
1138 5094 1236 5164 qui
1271 5094 1500 5149 fuerant
1529 5095 1742 5151 redacti
1792 5096 1849 5150 in
1902 5098 2140 5153 servitu-

501 5187 643 5249 tem,
678 5186 736 5237 et
767 5181 909 5237 alias
941 5181 1193 5253 dispersi
1236 5181 1295 5236 in
1326 5185 1583 5254 tempore
1613 5184 2054 5256 persecutionis,
2086 5192 2141 5242 et

504 5270 732 5325 Aretbm
755 5270 1028 5339 martyris
1049 5269 1235 5325 ﬁlium
1269 5271 1476 5326 ducem
1508 5273 1693 5343 gentis
1722 5274 2139 5345 constituisset,

502 5363 560 5413 et
594 5375 793 5414 curam
837 5360 1119 5429 gessisset
1157 5358 1290 5430 loci,
1323 5360 1381 5414 in
1414 5377 1527 5432 quo
1568 5363 1843 5434 jacebant
1871 5364 1950 5419 ibi
1996 5381 2134 5420 con-

501 5455 808 5502 summata
874 5451 1192 5519 martyrum
1244 5448 1523 5520 reliquiae,
1566 5455 1622 5506 et
1668 5452 1770 5523 jus
1822 5453 1967 5525 asyli
2016 5453 2138 5511 illic

569 5621 593 5657 '
623 5623 774 5681 Psal.
806 5640 858 5679 L.
894 5638 957 5692 ιι,
993 5623 1079 5679 11.
1178 5626 1199 5660 ⁸
1231 5629 1320 5683 Isa
1344 5643 1482 5695 xm,
1507 5631 1562 5684 2.

2166 4430 2226 4497 D

1666 5630 1687 5664 ⁹
1717 5631 1831 5686 Isa.
1864 5647 2060 5700 xxvm,
2089 5632 2147 5688 2.

2248 3226 2341 3284 θος
2366 3224 2523 3298 σῦρον
2558 3228 2770 3303 χώραν.

2327 3314 2446 3365 AA“
2514 3314 2679 3377 Αὖθις
2739 3315 2829 3371 οὖν
2887 3318 3223 3395 ὑποστρέψας
3286 3318 3583 3379 Ἐλεσϐαᾶν
3646 3324 3779 3398 πρὸς
3826 3323 3891 3378 τὰ

2248 3405 2405 3479 Φαρή
2464 3404 2564 3472 τὴν
2623 3402 2809 3474 πόλιν,
2842 3406 3043 3469 πάντας
3104 3408 3287 3465 ἀνεῖλε
3325 3412 3452 3473 τοὺς
3491 3410 3543 3465 ἐν
3572 3416 3691 3473 τοῖς
3734 3411 3887 3485 βασι-

2248 3493 2439 3559 λείοις,
2492 3490 2782 3560 ἐκκλησίαν
2827 3515 2884 3548 τε
2929 3493 2981 3549 ὲν
3011 3494 3145 3571 αὐτῇ
3178 3496 3704 3571 οἰκοδομησάμενος,
3728 3498 3887 3560 αὐτὸς

2248 3587 2464 3657 πρῶτος
2517 3580 2811 3656 αὐτουργὸς
2850 3590 2950 3652 τῆς
3005 3584 3309 3659 οἷ’κοδομῆς
3354 3588 3578 3660 γίνεται.
3645 3584 3880 3657 Ἐδήλου

2246 3693 2304 3727 τε
2340 3673 2406 3725 τὰ
2455 3668 2899 3747 διαπεπραγμένα
2965 3675 3135 3729 πάντα
3188 3681 3267 3747 τῷ
3326 3675 3725 3751 Ἀλεξανδρείας
3788 3676 3879 3749 ἀρ-

2249 3765 2431 3835 χιεηεῖ
2486 3759 2575 3813 καὶ
2635 3757 2704 3813 δι’
2772 3759 2978 3816 ἐκείνου
3047 3765 3326 3837 Ἰουστίνῳ
3380 3769 3459 3837 τῷ
3534 3764 3764 3839 βασιλεῖ.
3823 3766 3881 3821 Ὀ

2255 3850 2436 3921 μέντοι
2532 3849 2881 3923 πατριάρχης
2980 3849 3383 3925 Ἀλεξανδρείας
3474 3855 3884 3927 χειροτονήσας,

2251 3934 2542 3990 ἐπίσκοπον
2599 3943 2713 3998 τοῖς
2780 3938 3106 4013 Ὀμηριταῖς
3174 3940 3487 4013 ἐξέπεμπεν·
3548 3941 3606 4002 ὅς
3654 3939 3743 3995 καὶ
3798 3942 3886 3994 τὸν

2252 4020 2681 4096 οἰκοδομηθέντα
2736 4030 3063 4102 καθαγιάσας
3110 4030 3233 4083 ναὸν
3284 4029 3535 4103 βαπτίζει
3605 4029 3700 4100 μὲν
3760 4028 3883 4089 τοὺς

2251 4112 2301 4166 ἐν
2359 4116 2477 4171 ταῖς
2532 4111 2726 4167 πόλεσι
2783 4113 2872 4167 καὶ
2939 4116 3150 4188 χώραις
3210 4120 3316 4171 τῶν
3366 4122 3676 4191 Ὀμηριτῶν
3718 4118 3884 4169 ἄπαν-

2250 4222 2367 4271 τας,
2424 4200 2478 4255 ἐν
2536 4206 2612 4273 τῷ
2667 4208 2766 4271 τῆς
2824 4203 2980 4278 ἁγίας
3027 4202 3261 4278 Τριάδος
3308 4206 3556 4279 ὀνόματι·
3609 4204 3883 4264 διακόνους

2254 4290 2311 4346 δὲ
2344 4291 2391 4360 ἐξ
2458 4291 2631 4346 αὐτῶν
2690 4292 2779 4347 καὶ
2833 4289 3229 4368 πρεσϐυτέρους
3286 4300 3611 4372 χειροτονεῖ,
3641 4295 3731 4350 καὶ
3784 4297 3880 4363 τήν

2253 4380 2432 4450 ἄλλην
2464 4384 2858 4454 νενομισμένην
2886 4388 3002 4444 ταῖς
3032 4385 3167 4439 γατὰ
3205 4385 3374 4440 τόπον
3424 4383 3737 4454 ἔκκλησίαις
3788 4405 3882 4438 κα-

2246 4468 2498 4524 τάστασιν
2528 4467 2882 4526 ἀποδίδωσιν.

2320 4561 2441 4614 AE'.
2492 4558 2661 4620 Αὐτὸς
2710 4556 2765 4614 δὲ
2826 4560 2853 4613 ὁ
2910 4562 3184 4624 Θειότατος
3244 4561 3500 4636 βασιλεὺς
3566 4556 3881 4635 Ἐλεσϐαὰν,

2249 4649 2360 4720 ἅμα
2384 4648 2530 4719 αὐτῷ
2564 4648 2639 4709 εἷς
2696 4648 2901 4722 Νεγράν
2959 4670 3058 4719 την
3110 4656 3217 4705 τῶν
3254 4653 3542 4725 μαρτύρων
3575 4651 3875 4725 ἀφικνεῖται

2246 4735 2432 4792 πόλιν·
2484 4736 2697 4790 κάκεῖσε
2756 4734 3141 4811 δομησάμενος
3209 4739 3526 4810 ἐκκλησίαν,
3583 4739 3671 4794 καὶ
3730 4743 3881 4794 πέντε

2245 4830 2351 4880 τῶν
2414 4824 2710 4900 βασιλικῶν
2769 4829 3062 4900 κτημάτων
3118 4828 3168 4883 ἐν
3223 4827 3359 4903 αὒτῇ
3425 4828 3721 4900 ἀποτάξας,
3776 4830 3881 4884 εἶτα

2248 4916 2337 4969 καὶ
2391 4914 2451 4969 ἐκ
2496 4918 2604 4968 τῶν
2658 4919 2755 4969 τοῦ
2816 4916 3087 4991 μάρτυρος
3162 4917 3353 4992 Ἀρὲθα
3416 4917 3537 4990 τρία
3613 4918 3879 4991 προσθεὶς,

2249 5004 2323 5064 ὡς
2382 5002 2582 5064 ἐκεῖνος
2636 5005 2759 5078 περὶ
2816 5007 2881 5059 τὰ
2935 5013 3034 5075 τῆς
3096 5006 3390 5081 μαρτυρίας
3426 5005 3561 5076 τέλη
3594 5006 3881 5076 ἐπέσκηψε,

2248 5102 2450 5162 πάντας
2502 5121 2561 5154 τε
2616 5102 2743 5162 τοὺς
2801 5100 3356 5178 ἡνδραποδισμένους,
3389 5105 3476 5157 καὶ
3519 5101 3648 5163 τοὺς
3698 5100 3882 5165 ἄλλως

2251 5187 2760 5263 διεσκορπισμένους
2818 5189 2870 5245 ἐν
2925 5196 3004 5262 τῷ
3057 5196 3153 5246 τοῦ
3213 5189 3456 5265 διωγμοῦ
3512 5195 3689 5267 καιρῷ
3769 5214 3884 5247 συν-

2251 5280 2494 5353 θροίσας,
2544 5279 2631 5333 καὶ
2689 5280 2779 5335 τὸν
2829 5285 2926 5335 τοῦ
2981 5280 3126 5335 θείου
3183 5282 3459 5355 μάρτυρος
3514 5280 3708 5353 Ἀρέθα
3745 5282 3883 5353 υἱὸν,

2246 5371 2349 5421 τοῦ
2405 5365 2587 5428 ἔθνους
2664 5367 2909 5442 ἀρχηγὸν
2967 5371 3325 5437 καταστήσας,
3410 5367 3884 5441 ἐπιμελησάμενός

2247 5474 2305 5508 τε
2356 5453 2518 5509 τοῦτό
2585 5475 2692 5508 που
2750 5455 2800 5509 ἐν
2847 5456 2893 5527 ᾦ
2923 5456 2991 5510 τὰ
3035 5460 3143 5510 τῶν
3198 5457 3485 5530 μαρτύρων
3532 5453 3888 5513 τελειωθέντα
