4128 6274
284 389 439 450 1289

1451 380 1931 447 MARTYRIUM
1976 380 2038 442 S.
2088 383 2150 440 M
2163 380 2475 442 ARCIANI
2488 426 2501 441 .

3525 380 3679 441 i290

280 540 453 603 ἔκειτο
513 545 760 620 λείψανα,
825 544 916 598 καὶ
986 541 1216 599 ἀσυλίαν
1283 541 1458 598 ἐκεῖσε
1525 539 1928 616 διορισάμενος,

2051 539 2464 608 constituisset,
2526 540 2684 597 vadit
2744 541 2956 597 iterum
3010 540 3072 596 in
3116 540 3355 613 regiam.
3411 540 3516 597 Ubi
3546 555 3682 597 cum

282 633 460 693 ἄπεισι
504 636 594 690 καὶ
649 634 785 709 πρὸς
845 633 911 687 τὰ
964 631 1212 708 βασίλεια
1244 650 1261 665 ·
1313 631 1405 687 καὶ
1447 635 1566 691 τοῖς
1609 628 1931 704 Ὁμηρίταις

282 721 581 799 Ἀϐράμιόν
634 744 773 791 τινα,
829 720 998 797 ἄνδρα
1083 721 1312 798 θεοφιλῆ
1383 719 1473 775 καὶ
1540 724 1620 793 τῷ
1694 721 1932 793 Χριστοῦ

282 814 513 886 ὀνόματι
552 811 976 887 σεμνυνόμενον,
1011 811 1239 886 βασιλέα
1296 812 1693 886 χειροτονήσας
1748 812 1828 878 τῷ
1875 828 1933 861 τε

280 903 565 975 ὁσιωτάτῳ
623 900 905 973 ἐπισκόπῳ
976 899 1099 976 περί
1172 920 1278 954 που
1341 898 1569 973 μυρίους
1639 903 1746 953 τῶν
1801 903 1933 970 Χρι-

282 1001 511 1051 στιανῶν
552 995 828 1053 Αἰθιόπων
904 990 1206 1069 παραδοὺς,
1271 992 1509 1047 ἐπάνεισι
1574 992 1785 1066 χαίρων
1856 990 1930 1051 εἰς

279 1086 347 1141 τὰ
403 1086 578 1140 οἰκεῖα
630 1084 883 1159 βασίλεια
944 1084 1081 1158 μετὰ
1138 1082 1395 1162 λαφύρων
1457 1082 1547 1135 καὶ
1588 1078 1763 1149 λείας,
1808 1077 1932 1134 οὐδὲ

281 1175 503 1250 ἀριθμῷ
551 1172 828 1249 ληφθῆναι
905 1169 1115 1248 ῥᾳδίας,
1174 1172 1278 1225 οὐκ
1361 1168 1554 1245 ὀλίγην
1630 1168 1933 1244 χρημάτων

287 1262 596 1337 ἀπόμοιραν
629 1262 718 1316 καὶ
749 1265 829 1333 τῷ
859 1260 1075 1335 στρατῷ
1106 1256 1348 1320 διαδούς.

356 1353 469 1415 Ας’.
504 1344 907 1425 Ἀμειϐόμενος
954 1346 1011 1404 δὲ
1051 1348 1144 1404 τὸν
1195 1349 1324 1404 Θεὸν
1380 1353 1483 1416 τῆς
1538 1344 1806 1415 τοσαύτης
1856 1344 1932 1399 vi-

288 1462 390 1512 κης
420 1441 510 1496 καὶ
543 1440 800 1519 χάριτος,
833 1439 1018 1494 ἑαυτὸν
1065 1436 1123 1493 δὲ
1174 1435 1390 1512 μᾶλλον
1446 1437 1608 1505 ἀξιῶν
1662 1439 1768 1490 τῶν
1824 1455 1937 1508 μει-

293 1529 482 1600 ζόνων,
514 1531 578 1584 τὸ
626 1529 720 1601 μὲν
772 1525 1017 1600 διάδημα
1061 1528 1124 1582 τὸ
1159 1525 1433 1601 βασίλειον
1476 1524 1553 1587 είς
1580 1522 1937 1597 Ἰεροσόλυμα

289 1621 532 1693 πεμψας,
564 1617 618 1673 ἐν
644 1623 723 1689 τῷ
750 1622 846 1672 τοῦ
878 1620 1114 1690 Χριστοῦ
1153 1616 1282 1688 θείῳ
1331 1616 1419 1670 καὶ
1472 1615 1746 1691 ζωηιρόρῳ
1797 1615 1936 1686 μνή-

296 1730 425 1782 ματι
478 1708 836 1777 ἀνατίθησιν·
888 1706 1049 1766 αὐτὸς
1105 1702 1162 1759 δὲ
1216 1704 1440 1779 τρίχινα
1482 1701 1656 1772 ἐνδὺς,
1708 1702 1797 1756 καὶ
1846 1723 1936 1755 νυ-

291 1798 418 1859 κτὸς
466 1802 573 1852 τῶν
621 1794 909 1869 βασιλείων
959 1794 1048 1849 καὶ
1115 1792 1281 1863 αὐτῆς
1328 1791 1632 1863 ὑπεξελθὼν
1690 1796 1792 1860 τῆς
1838 1791 1941 1843 πό-

292 1885 458 1955 λεως,
490 1884 572 1954 ἐφ’
611 1882 666 1940 ἓν
721 1889 827 1939 τῶν
880 1882 1047 1957 ὀρέων
1103 1880 1303 1937 ἄνεισιν
1364 1882 1439 1945 εἷς
1515 1877 1723 1954 ἀνδρῶν
1776 1898 2026 1972 μονα-Β

290 1977 536 2049 στήριον,
590 1973 642 2028 ἐν
704 1972 929 2044 οἰκίσκῳ
984 1992 1043 2026 τε
1107 1972 1305 2045 βραχεῖ
1350 1967 1791 2044 ἐγκλεισάμενος,
1850 1967 1941 2021 καὶ

292 2064 607 2136 συνθέμενος
660 2060 790 2135 μηδ’
847 2059 984 2130 ὅλης
1053 2058 1254 2114 ἐκεῖθεν
1324 2065 1426 2128 τῆς
1487 2063 1631 2128 ζωῆς
1686 2057 1938 2127 ἐξελθεῖν,

291 2154 584 2224 ἀσκητικὸν
639 2151 949 2207 ἐπανείλετο
1001 2150 1146 2221 βίον,
1195 2145 1362 2221 μηδὲν
1420 2148 1760 2218 κτησάμενος
1831 2150 1939 2199 τῶν

291 2247 389 2298 τοῦ
420 2243 630 2315 κόσμου
670 2239 797 2296 ἀλλ’
830 2242 864 2310 ἢ
911 2238 1083 2311 μόνην
1134 2236 1327 2312 ψίαθον
1377 2237 1467 2291 καὶ
1526 2235 1807 2299 κωθώνιον
1865 2233 1939 2295 εἰς

293 2329 485 2392 ὕδατος
516 2331 825 2397 κοινωνίαν,
858 2327 1006 2402 ἄρτῳ
1045 2347 1103 2383 τε
1138 2328 1339 2402 βραχεῖ
1375 2329 1463 2380 καὶ
1517 2322 1670 2379 ὕδατι
1724 2323 1942 2392 ἀποζῶν

289 2420 380 2475 καὶ
440 2416 703 2493 λαχάνοις
738 2415 1011 2492 χλωροῖς,
1066 2414 1119 2469 εἷ’
1140 2414 1247 2470 πού
1277 2435 1359 2474 τις
1407 2412 1638 2487 ἐνέγκοι,
1684 2412 1759 2485 μή
1831 2414 1940 2465 τῶν

290 2512 573 2581 κοσμικῶν
624 2526 747 2560 τινα
803 2504 1129 2577 θίασάμενος
1205 2501 1259 2556 ἐν
1333 2501 1437 2575 ὅλῃ
1525 2505 1661 2573 ζωῇ,
1726 2501 1802 2571 μὴ
1862 2498 1941 2572 ἐφ’

296 2597 462 2671 ἒτέρῳ
512 2594 621 2651 τινὶ
664 2594 993 2668 μετεωρίσας
1030 2593 1121 2647 τὸν
1174 2594 1317 2658 νοῦν,
1349 2588 1474 2645 ἀλλ’
1516 2589 1549 2658 ἢ
1614 2588 1761 2660 μόνῳ
1828 2591 1944 2658 Θεῷ

295 2686 676 2761 προσανέχων.
736 2682 919 2744 Οὕτως
994 2683 1256 2751 ἀσκήσας,
1327 2681 1473 2735 οὕτω
1559 2677 1811 2748 τελευτᾷη
1853 2677 1945 2731 τὸν

300 2774 441 2850 βίον,
499 2772 552 2827 ἐν
608 2774 825 2846 Χριστῷ
858 2773 1039 2841 Ἰησοῦ
1098 2774 1180 2841 τῷ
1246 2766 1427 2841 Κυρίῳ
1485 2770 1668 2838 ἡμῶν,
1713 2766 1757 2836 ᾧ
1824 2765 1948 2837 πρέ-

294 2885 382 2919 πει
414 2867 557 2917 πᾶσα
598 2859 746 2931 δόξα,
776 2860 913 2931 τιμὴ
961 2855 1323 2933 μεγαλωσύνη
1366 2875 1425 2907 τε
1470 2855 1556 2907 καὶ
1617 2851 1946 2928 μεγαλοπρέ-

293 2972 439 3018 πεια,
471 2953 562 3004 νῦν
616 2950 707 3003 καὶ
754 2946 835 3001 ἀεὶ
883 2944 974 3000 καὶ
1025 2944 1103 3006 εἷς
1141 2942 1270 3004 τοὺς
1302 2940 1500 3002 αἰῶνας
1558 2945 1665 2995 τῶν
1709 2938 1947 2993 αἰώνων.

300 3040 509 3113 ’Δμήνο

2039 628 2351 686 Homeritis
2402 630 2745 685 Abraminm
2805 631 3115 700 quemdam
3174 631 3365 685 virum
3407 630 3594 701 pium,
3624 634 3682 685 et

2039 718 2249 775 Christi
2282 719 2517 774 nomine
2547 718 2897 790 gloriantem
2928 718 3197 788 elegisset
3226 734 3443 789 regem,
3475 723 3530 774 et
3552 736 3684 774 san-

2041 808 2303 863 ctissimo
2333 806 2602 878 episcopo
2643 808 2715 863 ad
2747 808 2946 863 decem
3003 806 3183 862 millia
3213 806 3678 863 Christianorum

2040 896 2375 967 Ethiopum
2408 896 2763 962 tradidisset,
2807 895 2976 951 laetus
3008 896 3155 951 redit
3188 896 3248 952 in
3276 912 3442 951 suam
3476 897 3683 967 regiam

2042 1002 2175 1042 cum
2201 985 2395 1057 praeda
2415 988 2472 1040 et
2502 984 2699 1056 spoliis
2741 984 3293 1049 innumerabilibus,
3325 984 3473 1041 dans
3504 984 3683 1040 etiam

2044 1074 2319 1133 exercitui
2354 1089 2468 1129 non
2502 1090 2737 1145 parvam
2763 1073 3022 1145 pecuniae
3052 1073 3398 1143 portionem.

2114 1336 2362 1394 XXXVI.
2408 1337 2523 1392 Deo
2554 1340 2747 1391 autem
2781 1350 2961 1408 agens
2995 1333 3211 1407 gratias
3251 1350 3355 1406 pro
3410 1339 3575 1391 tanta
3603 1334 3689 1389 vi-

2045 1429 2227 1484 ctoria
2267 1435 2321 1483 et
2350 1426 2559 1499 gratia,
2596 1425 2912 1497 volensque
2960 1426 3217 1495 seipsum
3265 1425 3507 1494 dignum
3550 1424 3689 1480 red-

2046 1518 2178 1571 dere
2236 1516 2583 1586 majoribus,
2641 1532 2774 1571 cum
2831 1515 3100 1569 diadema
3163 1514 3401 1584 quidem
3460 1513 3687 1585 regium

2049 1605 2309 1661 misisset
2365 1604 2847 1675 Hierosolymam,
2897 1602 3025 1673 ipse
3072 1601 3313 1657 indutus
3372 1601 3581 1667 cilicio,
3639 1606 3697 1656 et

2050 1703 2223 1749 noctu
2274 1708 2547 1764 egressus
2595 1710 2625 1747 e
2667 1693 2824 1762 regia
2852 1695 2907 1748 et
2961 1691 3093 1761 ipsa
3152 1690 3404 1757 civitate,
3436 1689 3697 1745 ascendit

2048 1782 2108 1837 in
2142 1798 2323 1837 unum
2380 1786 2631 1857 montem
2676 1781 2748 1835 ad
2803 1779 3222 1835 monasterium
3276 1779 3557 1843 virorum,
3590 1778 3695 1849 qui

2050 1870 2485 1927 exercebantur.
2517 1870 2587 1924 Et
2644 1884 2780 1923 cum
2811 1884 2874 1923 se
2933 1867 2991 1922 in
3023 1866 3218 1939 exigua
3258 1865 3568 1922 clausisset
3598 1870 3698 1922 do-

2055 1956 2355 2025 muncula,
2385 1962 2442 2013 et
2481 1956 2763 2013 voluisset
2795 1954 2954 2010 illinc
3003 1971 3121 2009 non
3164 1954 3360 2025 egredi
3390 1956 3511 2008 toto
3543 1959 3695 2008 tem-

2049 2063 2186 2119 pore
2239 2047 2389 2112 vitae,
2426 2046 2683 2116 regulam
2740 2044 3003 2115 suscepit
3060 2042 3464 2111 monasticam,
3497 2058 3567 2096 ex
3621 2041 3692 2096 iis

2050 2151 2173 2206 quas
2233 2140 2372 2189 sunt
2423 2133 2627 2188 mundi
2675 2132 2824 2187 nihil
2881 2130 3189 2202 possidens
3247 2134 3455 2201 praeter
3509 2128 3692 2184 solam

2050 2228 2327 2292 stoream,
2386 2230 2441 2277 et
2494 2220 2770 2293 poculum
2830 2220 2902 2274 ad
2980 2235 3191 2289 aquam
3252 2218 3589 2285 bibendam,
3640 2221 3699 2274 et

2051 2327 2232 2382 pauco
2265 2326 2413 2382 pane
2453 2316 2508 2365 et
2551 2326 2704 2381 aqua
2733 2309 2955 2372 vivens,
2988 2313 3045 2362 et
3090 2306 3348 2362 oleribus
3382 2305 3687 2373 viridibus,

2050 2399 2099 2454 si
2132 2399 2265 2470 quis
2297 2399 2546 2463 afferret,
2573 2413 2707 2451 cum
2750 2395 2977 2451 nullum
3012 2412 3079 2450 ex
3100 2393 3417 2449 mundanis
3445 2393 3688 2449 vidisset

2051 2492 2172 2542 tota
2215 2487 2353 2554 vita,
2386 2502 2506 2541 non
2534 2487 2605 2540 ad
2659 2484 2879 2556 aliquid
2940 2482 3100 2538 aliud
3160 2488 3413 2538 mentem
3463 2482 3684 2538 habens

2053 2579 2324 2638 erectam,
2380 2574 2493 2630 nisi
2551 2575 2623 2629 ad
2683 2572 2791 2629 soli
2846 2577 2958 2626 Deo
3015 2573 3361 2625 vacandum.
3437 2571 3693 2640 Denique

2054 2679 2190 2719 cum
2221 2661 2318 2717 diu
2348 2662 2433 2717 sic
2462 2678 2520 2717 se
2552 2661 2745 2717 divine
2796 2660 3167 2725 exercuisset,
3201 2659 3285 2714 sic
3316 2657 3487 2712 etiam
3522 2672 3553 2711 e
3585 2658 3699 2712 vita

2054 2752 2302 2819 excedit,
2360 2750 2419 2805 in
2482 2749 2710 2807 Christo
2756 2748 2897 2804 Jesu
2947 2746 3193 2803 Domino
3245 2750 3460 2811 nostro,
3521 2760 3695 2815 quem

2056 2841 2219 2894 decet
2272 2840 2463 2895 omnis
2511 2840 2714 2911 gloria,
2749 2838 2933 2893 honos
2991 2843 3047 2892 et
3076 2836 3385 2903 veneratio,
3436 2851 3591 2889 nunc
3640 2839 3696 2889 et

2056 2942 2312 2998 semper,
2342 2930 2400 2981 et
2427 2925 2487 2980 in
2518 2924 2733 2981 saecula
2764 2923 3133 2981 saeculorum.
3166 2925 3372 2980 Amen.

906 3200 3700 3231 ———————,E:—-——'_——'——-——-——-_________—_—————__—_—I————

906 3216 3035 3231 ___________—__________iﬂx,

852 3370 1578 3471 ΜΑΡΤΥΡΙΟΝ
1661 3367 1916 3465 ΤΩΝ

2051 3364 2385 3462 ιΓΙΩΝ
2470 3357 3153 3457 ΜΑΡΤΥΡΩΝ

732 3592 1790 3727 ΜΑΡΚΙΑΝΟΥ
1873 3585 2179 3715 ΚΑΙ
2264 3577 3289 3712 ΜΑΡΤΥΡΙΟΥ

1755 3811 1883 3860 ΤΩΝ
1941 3804 2281 3862 ΝΟΤΑΡΙΩΝ

1128 4116 1860 4235 MAR'IYRIUM
1940 4115 2101 4227 SS.
2185 4105 2871 4221 MARTYRUM

814 4340 1798 4512 MARCIANI
1874 4337 2127 4500 ET
2202 4325 3193 4497 MARTYRII

1771 4590 2247 4655 NOTARIOBUM

863 4753 1067 4815 (Latine
1097 4765 1183 4815 ap.
1215 4750 1427 4800 Surinm
1460 4747 1526 4797 ad
1557 4745 1696 4796 diem
1719 4744 1781 4793 25
1808 4741 2065 4797 Octobris,
2097 4740 2276 4788 Grece
2311 4750 2373 4787 ex
2406 4735 2523 4786 cod.
2554 4747 2651 4784 ms.
2684 4731 2852 4782 Paris.
2882 4741 2939 4778 n.
2972 4726 3137 4788 1484.)

377 5081 449 5137 A'.
486 5076 861 5151 Ἐπεχωρίαξε
914 5074 1007 5145 μὶν
1071 5073 1161 5128 καὶ
1226 5070 1489 5145 πρότερον
1548 5063 1657 5136 ἤδη
1714 5064 1778 5119 τὸ
1843 5065 1938 5151 τῶι

2138 5062 2180 5116 Ι.
2217 5057 2568 5115 Versabatur
2597 5053 2831 5125 quidem
2874 5052 2992 5123 jam
3026 5063 3255 5121 quoque
3296 5046 3459 5151 prius
3489 5045 3698 5142 dogma

306 5132 597 5245 ’Λρειαᾷῦν
625 5132 838 5240 Ἀδόιγμα
1046 5132 1339 5233 Ῥωμαίων
1398 5132 1750 5229 ἐπικρατείᾳ,
1812 5149 1938 5245 μέρτ

2058 5149 2333 5204 Arianum
2369 5146 2426 5200 in
2466 5144 2687 5198 ditione
2719 5141 3132 5204 Romanorum,
3180 5142 3238 5192 et
3267 5135 3525 5190 vastabat
3573 5132 3702 5203 ejus

2182 5242 2189 5245 .
2487 5232 2497 5243 ο
2584 5232 2595 5245 1
2662 5238 2672 5245 .
2808 5228 2821 5245 ι
3037 5228 3081 5245 .I,
3109 5228 3306 5245 _J____
3364 5238 3500 5245 μη..-
3552 5220 3697 5245 ι.--..ε

327 5220 489 5245 -,Γ-.-.
536 5220 557 5221 η
736 5220 774 5240 ,,
956 5220 979 5237 ,,
1165 5220 1175 5233 ,
1547 5220 1556 5229 ,
1710 5220 1744 5224 -ν
1815 5220 1823 5223 -
1883 5220 1892 5225 .

300 5280 362 5315 τε
392 5257 559 5325 αὐτῆς
592 5253 942 5325 ἐλυμαίνετο,
977 5252 1065 5305 καὶ
1094 5249 1225 5313 τοὺς
1260 5244 1507 5306 πολλοὺς
1555 5244 1618 5299 τὸ
1665 5241 1938 5313 ὁμουύσιο·

2071 5242 2285 5309 partes,
2317 5250 2421 5289 nec
2454 5232 2682 5287 sinebat
2731 5228 2937 5300 vulgus
2968 5228 3311 5283 orlhodoxos
3364 5238 3505 5294 pure
3552 5220 3701 5276 tueri

305 5348 557 5418 καθαρῶς
610 5337 925 5412 πρεσϐεύειν
997 5339 1097 5394 οὐκ
1155 5335 1241 5392 ε’ία
1272 5355 1286 5368 ·
1335 5332 1462 5389 ἀλλ’
1512 5329 1665 5385 οὔπω
1726 5332 1938 5383 τοσαῦτι

2072 5323 2436 5382 homousion.
2471 5320 2577 5374 Sed
2611 5319 2871 5374 nondum
2903 5316 2959 5370 id
2995 5314 3212 5370 malum
3245 5316 3406 5367 tanta
3437 5309 3707 5365 utebatur

309 5432 753 5510 ἐπαρρησιάσατο
792 5431 854 5486 τό
914 5429 1078 5485 κακὸν
1140 5423 1265 5481 οὐδὲ
1307 5422 1605 5483 τοσούτους
1664 5420 1781 5493 εἶχε
1831 5415 1938 5470 τοὺι

2070 5413 2355 5476 libertate,
2379 5425 2485 5464 nec
2514 5407 2758 5463 habebat
2806 5410 2922 5461 tam
2954 5405 3191 5467 multos,
3224 5400 3325 5473 qui
3356 5398 3407 5455 ei
3447 5397 3710 5510 adhaere—

308 5485 964 5598 ἒπροσκειμένους.
1014 5518 1176 5592 ’Δρτι
1251 5511 1310 5570 δὲ
1366 5518 1468 5582 τῆς
1539 5485 1815 5598 βασιλείας
1874 5505 1938 5598 ἐπ

2074 5507 2224 5558 rent.
2265 5504 2403 5553 Cum
2444 5500 2634 5553 autem
2662 5496 2785 5563 jam
2816 5494 3075 5549 venisset
3113 5488 3425 5561 imperium
3456 5486 3524 5541 ad
3557 5485 3707 5539 Con-

2116 5596 2122 5598 Α
2219 5589 2254 5598 ..
2416 5584 2489 5598 ην
2621 5583 2672 5598 ιι
2799 5583 2810 5593 -
2838 5581 2874 5598 n
2991 5586 3001 5598 ι
3096 5578 3196 5598 ιθμξ
3263 5592 3425 5598 ______.
3462 5572 3624 5598 -sinm
3649 5588 3707 5598 Α...

314 5578 440 5597 μη,
560 5578 568 5598 ,
749 5578 759 5593 ,
930 5578 941 5583 -
1090 5578 1099 5592 ,
1422 5578 1432 5582 -
1539 5578 1551 5584 -

314 5610 725 5681 Κωνστάντιον,
774 5609 864 5664 τὸν
923 5610 1018 5663 τοῦ
1088 5602 1329 5680 μεγάλου
1388 5596 1789 5658 Κωνσταντίνου
1848 5594 1933 5669 τρί

2079 5589 2386 5652 stantium,
2411 5584 2596 5641 ﬁlium
2621 5583 2814 5655 Magni
2835 5578 3223 5648 Constantini,
3254 5592 3431 5650 quem
3458 5578 3625 5629 etiam
3647 5588 3715 5627 ex

311 5664 951 5771 τον-παίδανέλθούσης,
983 5697 1039 5751 ὃν
1082 5664 1135 5748 ἐι
1170 5664 1399 5771 ⁵πράξεις
1454 5688 1618 5765 μὲγαν
1660 5664 1908 5754 ἐκάλουν,

2080 5683 2257 5738 rebus
2299 5675 2477 5749 gestis
2523 5674 2799 5746 Magnum
2855 5677 3153 5739 vocarunt,
3183 5666 3412 5725 invidias
3470 5668 3634 5733 pater
3660 5664 3718 5716 et

639 5831 905 5891 Panos.
953 5826 1061 5888 Gn.
1107 5810 1283 5889 CXV.
3316 5795 3381 5851 41
