4128 6274
416 313 567 373 1291

1746 301 2031 361 MENSIS
2072 296 2459 359 OCTOBER.

3673 292 3715 351 1
3728 287 3889 348 292

408 473 581 531 bonis
603 473 675 530 ab
704 473 871 529 initio
894 470 1162 527 invidens
1191 468 1485 536 inimicus,
1517 482 1635 522 non
1666 464 1863 522 valens
1911 480 2043 536 per-

2173 461 2249 512 τοῦ
2304 456 2505 534 φθόνου
2557 455 2740 526 πατὴρ
2781 454 2868 508 καὶ
2920 456 3040 514 τοῖς
3088 448 3316 528 ἀγαθοῖς
3348 448 3552 507 ἄνωθεν
3590 452 3879 527 βασκκὶ-

413 564 657 619 suadere
684 561 1052 627 Christianis,
1085 562 1150 613 ut
1198 573 1267 613 ea
1323 556 1689 628 repellerent,
1720 572 1840 626 quae
1886 556 2051 609 erant

413 650 887 714 Christianorum,
927 664 1028 720 per
1066 648 1376 717 quosdam,
1418 644 1520 716 qui
1554 646 1782 698 fuerant
1811 642 2050 713 indigne

415 739 607 810 adepti
655 739 998 810 dignitatem
1038 735 1366 798 sacerdotii,
1401 749 1462 789 se
1519 733 1856 789 Constantio
1904 732 2049 786 insi-

411 845 620 897 nuans,
671 844 802 884 eum
837 834 1022 882 totum
1084 830 1371 896 quantum
1433 823 1657 879 inducit
1712 823 1781 878 ad
1824 820 2049 876 Ariani-

410 934 616 974 smum.
654 918 799 971 Hinc
828 916 969 970 illud
1003 915 1249 985 impium
1283 914 1496 980 dogma
1536 913 1897 975 Arianorum,
1929 915 2050 964 tan-

409 1022 586 1078 quam
618 1022 783 1061 arma
811 1004 1030 1076 aliqua,
1065 1002 1408 1073 impositum
1446 1001 1709 1072 potentiae
1740 1000 2051 1070 imperato-

412 1096 491 1150 ris
540 1094 891 1150 dilatabatur
937 1098 993 1148 et
1036 1093 1380 1163 augebatur,
1416 1095 1471 1145 et
1517 1094 2053 1161 quantamcumque

416 1185 711 1255 regionem
744 1186 1134 1236 Romanorum
1166 1181 1399 1235 tenebat
1432 1178 1766 1250 imperium,
1794 1193 1893 1247 per
1932 1176 2051 1231 vim

417 1273 804 1329 contendebat
832 1271 903 1325 ad
936 1286 1101 1325 suam
1135 1269 1420 1324 adducere
1471 1267 1825 1338 opinionem.
1858 1265 1940 1320 0b
1996 1264 2055 1319 id

414 1360 614 1432 igitur,
649 1359 745 1431 qui
800 1358 1092 1413 homousii
1135 1357 1409 1412 tenebant
1439 1355 1795 1428 opinionem,
1840 1358 1899 1409 et
1926 1369 2053 1425 quas

416 1453 555 1504 sunt
584 1447 1052 1502 Christianorum
1081 1444 1446 1513 exercebant,
1482 1453 1539 1499 ut
1570 1444 1929 1498 Christianos
1959 1443 2055 1497 de-

415 1543 529 1602 cet,
561 1537 963 1591 efﬁciebantur
994 1535 1166 1589 malis
1195 1532 1749 1598 innumerabilibus,
1804 1532 2053 1587 maxime

416 1641 546 1682 cum
574 1624 857 1679 Eusebius
887 1628 943 1678 et
992 1623 1290 1694 Philippus
1338 1622 1610 1693 (quorum
1643 1620 1783 1676 alter
1814 1621 2048 1691 quidem

420 1720 660 1770 ornatus
712 1712 899 1767 fuerat
929 1711 1143 1766 honore
1173 1711 1488 1781 praepositi,
1521 1710 1822 1779 Philippus
1852 1717 2047 1765 autem

419 1807 539 1858 erat
567 1802 870 1872 praefectus
910 1800 1194 1870 praetorio)
1227 1800 1469 1853 fuissent
1504 1798 1837 1852 Constantio
1870 1798 2052 1853 fomes

427 1890 644 1945 amoris
675 1888 1041 1944 Arianorum.
1077 1886 1171 1940 Isti
1202 1888 1270 1940 ad
1306 1887 1541 1941 beatum
1578 1886 1816 1940 Paulum
1848 1887 2055 1957 expelli

417 1979 489 2033 ab
521 1978 800 2043 Ecclesia,
832 1980 887 2031 et
910 1974 1151 2045 impium
1175 1975 1301 2042 ejus
1322 1974 1445 2028 loco
1467 1974 1757 2028 introduci
1790 1973 2056 2029 Macedo-

421 2067 586 2121 nium
632 2064 926 2133 volebant,
958 2068 1016 2118 et
1058 2063 1255 2118 omnia
1298 2063 1604 2130 faciebant,
1636 2080 1669 2118 a
1698 2062 1906 2133 quibus
1936 2064 2060 2134 qui-

421 2158 555 2211 dem
598 2154 814 2223 verbis,
846 2170 880 2207 a
921 2154 1136 2224 quibus
1166 2157 1357 2207 autem
1392 2153 1582 2217 factis,
1613 2169 1646 2207 a
1676 2169 1928 2223 quonam
1961 2156 2057 2209 de-

418 2244 597 2315 nique
628 2244 841 2297 damno
873 2242 1235 2296 abstinentes
1257 2243 1539 2297 adversus
1561 2258 1678 2304 eos,
1699 2241 1797 2312 qui
1830 2248 2061 2298 tuentur

423 2331 773 2387 homousion
811 2331 840 2385 ?
875 2330 1015 2385 Nam
1060 2329 1205 2385 alios
1246 2330 1478 2400 quidem
1520 2331 1836 2385 effecerunt
1891 2331 2062 2386 relin-

428 2435 604 2491 quere
635 2419 924 2474 civitatem
947 2436 962 2473 :
983 2417 1126 2474 alios
1145 2422 1337 2473 autem
1372 2420 1729 2473 damnarunt
1760 2425 2055 2491 perpetuo,

429 2513 602 2578 atque
633 2508 876 2577 injusto,
910 2508 1106 2561 exsilio
1133 2524 1152 2561 :
1174 2506 1305 2561 aliis
1334 2523 1467 2561 vero
1493 2516 1868 2577 procurarunt
1899 2508 2061 2563 etiam

429 2613 463 2651 a
490 2597 607 2651 vita
639 2598 965 2651 decessum.
1008 2595 1152 2650 Hinc
1183 2595 1469 2651 frontibus
1522 2596 1812 2664 inscripta:
1858 2602 2059 2666 turpes

422 2688 593 2752 notae,
621 2685 808 2739 tacitas
833 2684 1002 2738 [idem
1033 2684 1425 2754 significantes
1446 2684 1846 2754 orthodoxam,
1871 2691 1926 2740 et
1947 2685 2061 2741 alia

423 2772 580 2827 mala
634 2770 1084 2827 innumerabilia
1140 2772 1457 2843 excogitata
1508 2772 1744 2826 fuerunt
1781 2774 2061 2829 adversus

421 2857 804 2924 Christianos,
846 2857 1070 2912 etiamsi
1105 2874 1282 2928 parva
1326 2857 1675 2913 videbantur
1722 2858 1834 2931 piis
1865 2862 2062 2916 omnia

421 2954 658 3017 propter
701 2946 1024 3013 Christum,
1056 2953 1109 3001 et
1138 2962 1261 2999 cum
1284 2962 1385 3016 spe
1420 2947 1745 3001 fulurorum
1778 2964 1890 3003 non
1923 2966 2060 3005 con-

421 3035 679 3090 ferenda.
722 3034 867 3089 Hinc
923 3035 1213 3089 secundus
1242 3035 1479 3104 quidem
1541 3035 1631 3090 hic
1691 3037 1927 3107 Paulus,
1960 3040 2059 3109 qui

423 3137 743 3193 cognomen
794 3122 998 3177 habuit
1028 3139 1062 3177 a
1100 3122 1487 3193 confessione,
1527 3124 1831 3195 expellitur
1861 3144 1890 3179 a
1925 3128 2059 3183 sede

420 3211 790 3282 pontiﬁcatus
821 3228 834 3266 :
866 3209 1044 3265 illotis
1070 3214 1285 3277 autem,
1320 3216 1383 3265 ut
1414 3212 1652 3281 dicitur,
1684 3213 1947 3285 pedibus,
1972 3233 2060 3271 sa-
2103 3215 2151 3281 Ο

422 3314 520 3354 cra
551 3300 949 3367 profanautur.

496 3387 567 3441 ΙΙ.
599 3387 814 3442 Horum
848 3405 983 3461 ergo
1015 3390 1336 3444 Constantii
1358 3394 1686 3461 temporum
1718 3408 1864 3462 opus
1897 3398 1985 3448 est
2011 3401 2065 3450 et

425 3475 769 3544 Marcianus,
804 3481 860 3531 et
891 3478 1202 3548 martyrius
1227 3496 1241 3533 :
1266 3479 1480 3548 quibus
1514 3479 1692 3549 patria
1723 3481 1961 3552 quidem
1980 3488 2065 3538 est

425 3564 566 3618 urbs
627 3580 833 3635 magna
890 3567 1093 3637 regia:
1153 3566 1419 3623 educatio
1475 3577 1665 3624 autem
1707 3574 1763 3624 et
1793 3572 2064 3637 eruditio,

425 3650 655 3720 qualem
688 3653 773 3707 vir
810 3653 941 3722 pius
987 3654 1197 3709 habere
1226 3655 1525 3725 optaverit.
1562 3656 1771 3725 Mores,
1805 3659 2066 3732 benigni-

431 3742 521 3793 tas
561 3743 616 3794 et
673 3739 1007 3805 moderatio,
1038 3745 1127 3795 est
1182 3747 1540 3806 accuratum,
1569 3760 1683 3813 quo
1738 3745 1820 3800 illi
1860 3764 2069 3819 cogno-

434 3830 694 3890 scuntur,
744 3827 1051 3882 indicium.
1108 3828 1165 3884 Si
1196 3832 1389 3883 autem
1439 3836 1657 3898 oportet
1714 3832 1961 3890 breviter
2013 3843 2070 3892 et

434 3930 564 3969 vere
606 3916 816 3980 dicere,
866 3915 922 3970 id
980 3921 1147 3971 erant
1188 3916 1336 3971 inter
1365 3921 1598 3973 caeteros
1653 3919 1879 3989 virtute,
1913 3926 2064 3994 quod

432 4022 563 4062 esse
586 4005 824 4077 imperio
857 4005 1318 4076 cognoscebatur
1346 4022 1544 4061 eorum
1582 4009 1769 4077 patria
1801 4010 1951 4066 inter
1974 4028 2069 4067 ur-

436 4099 556 4152 bes.
595 4095 738 4151 Nam
771 4097 1060 4163 quomodo
1092 4095 1217 4165 ipsa
1246 4095 1519 4151 omnibus
1540 4096 1668 4153 aliis
1699 4101 1963 4170 praesidet
1994 4103 2067 4157 ci.

431 4185 726 4252 vitatibus,
776 4188 832 4237 et
886 4198 953 4237 eo
1001 4186 1151 4254 quod
1214 4184 1373 4257 regia
1402 4190 1459 4239 et
1514 4186 1588 4241 sit
1618 4194 1673 4242 et
1718 4192 2067 4261 nominetur,

434 4275 687 4344 primum
730 4272 902 4327 habet
934 4274 1207 4328 honorem
1244 4289 1256 4326 :
1291 4276 1491 4329 eodem
1544 4278 1715 4331 modo
1749 4278 1802 4332 hi
1837 4296 2070 4352 quoque

433 4362 495 4418 in
527 4362 802 4417 omnibus
835 4362 1001 4415 bonis
1033 4362 1373 4417 obtinebant
1405 4364 1789 4432 dominatum,
1816 4384 1920 4423 nec
1949 4375 2072 4424 erat

437 4449 773 4521 praeclarum
812 4448 1030 4517 aliquid
1065 4448 1326 4515 omnino,
1368 4451 1425 4504 in
1476 4466 1589 4521 quo
1624 4469 1735 4506 non
1768 4453 1860 4508 isti
1893 4456 2068 4512 habe-

436 4544 567 4594 rent
594 4538 833 4607 primas.
868 4536 1031 4602 Apud
1066 4534 1327 4589 divinum
1370 4553 1502 4607 ergo
1534 4538 1774 4594 Paulum
1813 4559 2069 4599 commo-

437 4636 654 4691 rantes,
687 4638 817 4676 cum
850 4621 1053 4676 scribae
1087 4628 1283 4676 essent
1320 4637 1540 4692 eorum,
1571 4643 1702 4696 quas
1733 4629 1804 4683 ab
1855 4630 1950 4686 illo
1984 4634 2075 4687 lie-

436 4716 594 4780 bant,
634 4717 691 4765 et
730 4710 941 4780 populo
980 4710 1207 4765 divinos
1233 4710 1408 4766 libros
1438 4711 1715 4784 legerent,
1748 4721 1865 4772 tam
1899 4720 2067 4775 vehe-

437 4807 691 4855 mentem
752 4798 809 4851 in
868 4797 1161 4852 Christum
1203 4814 1458 4854 amorem
1498 4802 1749 4870 alebant,
1786 4810 1847 4860 ut
1904 4808 2069 4865 nihili

435 4891 715 4943 ducentes
747 4886 1026 4941 insaniam
1075 4886 1462 4957 imperatoris,
1491 4890 1816 4946 vehementi
1850 4894 2066 4965 impetu

436 4975 856 5035 contenderent
894 4976 1170 5031 adversus
1199 4976 1411 5030 Christi
1448 4977 1665 5046 hostes,
1701 4997 1803 5036 nec
1832 4991 2069 5042 omnino

437 5066 806 5121 tolerandum
849 5069 1123 5133 putarent
1157 5064 1251 5118 Dei
1283 5063 1536 5120 Verbum
1570 5084 1635 5122 eo
1664 5069 1963 5139 deducere,
2007 5081 2070 5131 ut

437 5157 743 5209 censeatur
772 5168 862 5206 res
905 5158 1098 5208 creata
1132 5169 1145 5206 :
1175 5153 1277 5207 sed
1306 5168 1433 5208 esse
1465 5156 1701 5225 quidem
1731 5174 1863 5214 eum
1900 5164 2067 5219 Patre

436 5245 726 5311 expertem
760 5240 1049 5311 principii,
1084 5245 1142 5296 et
1191 5242 1450 5312 ejusdem
1497 5246 1763 5301 essentia
1798 5253 2068 5308 ostende-

437 5331 588 5393 rent,
610 5327 957 5384 Arianorum
986 5334 1183 5385 autem
1217 5329 1487 5401 profanas
1537 5333 1815 5391 novitates
1862 5341 1932 5395 ad
1979 5345 2066 5399 ni-

436 5415 625 5470 hilum
669 5414 1008 5486 redigerent.

508 5501 607 5557 lli.
642 5501 870 5557 Illorum
902 5518 1037 5574 ergo
1076 5506 1281 5577 verbis,
1310 5522 1424 5563 non
1455 5523 1622 5565 secus
1653 5527 1718 5566 ac
1748 5515 1899 5585 telis,
1932 5535 2061 5577 sau-

440 5590 577 5644 ciati
611 5587 884 5660 infecelis,
933 5606 1063 5647 cum
1114 5610 1216 5650 nec
1256 5600 1496 5666 possent
1526 5598 1609 5653 eis
1640 5602 1929 5675 resistere,
1963 5626 2066 5667 nec

2159 568 2267 601 νων
2308 545 2527 620 ἐχθρὸς,
2561 543 2675 599 ἐπεὶ
2712 543 2786 615 μή
2818 541 3024 604 πείθειν
3057 540 3175 603 οἷός
3213 561 3272 595 τε
3314 540 3382 608 ἦν
3425 541 3495 594 τά
3554 546 3875 616 Χριστια-

2162 640 2267 689 νῶν
2325 634 2651 688 ἀπωθεῖσθαι
2709 627 3099 705 Χριστιανοὺς,
3158 626 3247 683 διά
3316 649 3477 683 τινων
3547 629 3611 684 οὐ
3691 632 3872 704 πρὸς

2162 724 2332 794 ἀξίαν,
2378 721 2551 794 οῖμοι,
2611 725 2708 777 τοῦ
2754 719 2849 786 τῆς
2898 718 3201 789 ἱερωσύνης
3265 718 3576 790 ἀξιώματος
3641 720 3871 790 ἠξιω-

2164 814 2337 886 μένων
2413 815 2504 867 τὸν
2582 811 2964 868 Κωνστάντιον
3055 806 3306 873 ὑπελθὼν
3385 809 3460 870 εἰς
3542 810 3609 864 τὰ
3717 814 3864 865 τῶν

2160 904 2456 975 Ἀρειανῶν
2501 899 2632 955 ὅλον
2682 900 2971 973 ὑπάγεται.
3006 900 3283 961 Ἐντεῦθεν
3334 898 3396 952 τὸ
3436 899 3594 962 ἄθεον
3650 903 3865 955 τοῦτο

2158 996 2263 1045 τῶν
2306 992 2590 1062 Ἀρειανῶν
2646 985 2850 1064 δόγμα,
2901 985 3088 1060 ὥσπερ
3148 986 3322 1042 ὅπλον
3380 989 3480 1056 τὴν
3530 992 3629 1043 τοῦ
3684 1009 3860 1061 κρα-

2160 1084 2380 1141 τοῦντος
2437 1077 2787 1151 περιθέμενον
2840 1074 3182 1146 δυναστείαν,
3232 1074 3494 1131 ἐπλάτυνε
3540 1078 3667 1133 τότε
3738 1078 3859 1131 καὶ

2164 1165 2377 1238 ηὔξετο,
2437 1166 2529 1221 καὶ
2582 1171 2754 1221 πᾶσαν
2814 1166 2947 1236 ὅσην
3008 1168 3042 1235 ἡ
3103 1166 3395 1239 Ῥωμαίων
3451 1166 3597 1241 εἶχεν
3663 1167 3852 1245 ἀρχή

2163 1257 2609 1331 παραστήσασθαι
2700 1255 2833 1330 πρὸς
2927 1254 3044 1328 βίαν
3134 1252 3477 1331 ἐφιλονείκει.
3542 1255 3645 1311 Καὶ
3740 1252 3855 1310 διὰ

2162 1350 2324 1402 τυῦτο
2387 1345 2599 1421 μυρίοις
2659 1346 2709 1398 οἱ
2767 1345 2830 1399 τὸ
2897 1343 3193 1416 ὁμοούσιον
3256 1341 3588 1416 δοξάζοντες,
3622 1344 3717 1398 καὶ
3761 1344 3854 1399 τὰ

2164 1438 2501 1509 Χριστιανῶν
2550 1434 2623 1495 ὡς
2691 1432 2846 1504 θέμις
2900 1436 3250 1507 Χριστιανοῖς
3303 1432 3597 1505 μετιόντες,
3630 1439 3850 1507 πέριε-

2176 1519 2449 1578 ϐάλλοντο
2478 1527 2593 1583 τοῖς
2626 1526 2832 1591 κακοῖς,
2866 1515 3131 1577 Εὐσεϐίου
3189 1519 3428 1594 μάλιστα
3468 1522 3559 1576 καὶ
3605 1521 3845 1577 Φιλίπ-

2168 1634 2272 1667 που
2329 1612 2425 1683 (ὧν
2475 1612 2503 1664 ὁ
2551 1611 2644 1681 μὲν
2682 1614 2749 1682 τῇ
2799 1614 2895 1664 τοῦ
2944 1608 3306 1683 πραιποσίτου
3355 1608 3617 1682 τετίμητο
3663 1608 3841 1685 δόξῃ,

2168 1702 2195 1755 ὁ
2230 1699 2287 1754 δὲ
2310 1700 2376 1753 τά
2411 1706 2510 1768 τῆς
2541 1697 2811 1772 ἐπαρχίας
2853 1696 3113 1766 διεῖπεν,ὁ
3155 1696 3463 1771 Φίλιππος)
3495 1698 3845 1773 ὑπέκκαυμα

2166 1785 2522 1858 Κωνσταντίῳ
2582 1788 2679 1838 τοῦ
2742 1788 2849 1839 τῶν
2891 1786 3183 1859 Ἀρειανῶν
3234 1783 3436 1857 ἔρωτος
3485 1786 3839 1858 γειομένων.

2089 1845 2331 1930 ΒΟὗτοι
2406 1875 2497 1928 καὶ
2570 1872 2663 1927 τόν
2724 1874 2987 1947 μακάριον
3048 1872 3386 1939 ἀπελαθῆναι
3443 1873 3656 1929 Παῦλον
3716 1878 3840 1939 τῆς

2165 1962 2514 2032 Ἐκκλησίας,
2555 1963 2974 2036 ἀντεισαχθῆναι
3025 1959 3082 2016 δὲ
3127 1962 3218 2016 τὸν
3278 1957 3513 2030 δυσσεϐῆ
3566 1959 3833 2019 Μακεδό-

2163 2072 2303 2121 νιον,
2352 2046 2646 2106 ἐϐούλοντό
2703 2071 2762 2104 τε
2826 2050 2917 2105 καὶ
2969 2051 3142 2105 πάντα
3180 2049 3401 2106 ἐποίουν
3436 2070 3450 2084 ο
3509 2051 3655 2113 τίνος
3721 2055 3834 2119 μὶν

2166 2140 2354 2215 λογου,
2382 2140 2531 2202 τίνος
2583 2137 2639 2194 δὲ
2686 2137 2875 2215 ἔργου,
2931 2139 3091 2200 ποίας
3140 2136 3197 2194 δὲ
3254 2134 3468 2213 βλάϐης
3521 2141 3655 2194 κατὰ
3703 2145 3830 2195 τῶν

2164 2226 2571 2303 πρεσϐευόντων
2627 2231 2690 2283 τὸ
2739 2227 3033 2301 ὁμοούσιον
3084 2229 3657 2307 ἀποσχόμενοι;Τοί›ς
3720 2231 3827 2302 μὶν

2163 2325 2264 2399 γὰρ
2321 2326 2421 2393 τήν
2481 2323 2645 2379 πόλιν
2721 2321 2965 2377 ἐκλιπεῖν
3021 2325 3442 2397 παρεσκεύασαν,
3468 2328 3574 2379 τῶν
3609 2321 3665 2379 δὲ
3694 2322 3829 2379 ἅδι-

2165 2434 2259 2467 κον
2318 2413 2601 2489 ἀειφυγίαν
2660 2412 2992 2487 κατέκριναν,
3047 2418 3163 2474 τοῖς
3225 2410 3281 2467 δέ
3340 2412 3430 2468 καὶ
3488 2411 3825 2488 ἀπαλλαγήν

2166 2505 2265 2565 τῆς
2323 2506 2468 2569 ζωῆς
2527 2503 2901 2574 πρυεξένηοαν.
2965 2502 3233 2558 Ἐντεῦθεν
3292 2501 3479 2572 ἄτιμοι
3537 2502 3671 2557 κατὰ
3717 2523 3819 2575 με·

2166 2590 2363 2642 τώπων
2416 2592 2637 2665 γραφαὶ,
2684 2590 3155 2663 ὑποσημαίνουσαι
3200 2598 3261 2646 το
3321 2588 3633 2667 ὀρθόδοξον,
3666 2590 3821 2647 ἄλλα

2166 2699 2224 2731 τε
2285 2679 2451 2751 μυρία
2514 2679 2651 2733 κατὰ
2706 2682 3045 2752 Χριστιανῶν
3078 2680 3348 2735 ἐπενοεῖτο
3405 2682 3582 2745 καινὰ,
3634 2681 3680 2735 εί
3721 2681 3817 2735 καὶ

2172 2768 2338 2841 μικρὰ
2378 2768 2553 2822 πάντα
2598 2764 2689 2822 διά
2727 2770 2963 2842 Χριστὸν
3025 2767 3199 2824 ἐδόκει
3241 2774 3360 2831 τοῖς
3420 2766 3687 2841 εὐσεϐέσι,
3718 2771 3815 2825 καὶ

2165 2861 2273 2910 τῶν
2341 2854 2578 2910 ἐλπίδων
2639 2855 2737 2910 οὐκ
2793 2858 2929 2927 ἄξια.
2991 2860 3262 2922 Ἐντεῦθεν
3328 2860 3356 2912 ὁ
3406 2855 3654 2932 δεύτερος
3714 2860 3815 2930 μὲν

2169 2944 2331 3004 οὗτος
2374 2944 2588 3006 Παῦλος
2620 2946 2646 2999 ὁ
2693 2953 2793 3015 τῆς
2853 2945 3159 3022 ὁμολογίας
3214 2946 3523 3019 ἐπώνυμος,
3556 2947 3651 3003 τοῦ
3708 2954 3814 3015 τῆς

2168 3035 2576 3110 ἀρχιερωσύνης
2611 3034 2807 3109 θρόνου
2837 3033 3221 3102 ἀποδιώκεται,
3256 3037 3497 3099 ἀνίπτοις
3534 3035 3589 3091 δὲ
3628 3038 3810 3111 χερσὶ,

2168 3126 2229 3179 τὸ
2260 3128 2356 3178 τοῦ
2398 3122 2589 3197 λόγου,
2625 3118 2957 3197 βεϐηλοῦται
2986 3124 3048 3177 τὰ
3083 3124 3225 3198 ἅγια.

2245 3403 2317 3453 Β¹.
2351 3402 2471 3455 Τῶν
2526 3400 2652 3469 γοῦν
2718 3395 3094 3451 Κωνσταντίου
3161 3393 3369 3450 τούτων
3415 3398 3617 3468 καιρῶν
3659 3390 3817 3469 ἔργον

2175 3486 2264 3540 καὶ
2304 3486 2612 3556 Μαρκιανὸς
2662 3485 2750 3538 καὶ
2789 3484 3100 3559 Μαρτόριος
3130 3503 3143 3516 '
3179 3484 3266 3547 οἷς
3308 3482 3502 3559 πατρὶς
3549 3484 3641 3555 μὲν
3687 3482 3817 3537 ἄστυ

2175 3576 2236 3630 τὸ
2273 3577 2411 3649 μέγα
2450 3596 2507 3630 τε
2553 3574 2639 3628 καὶ
2691 3571 2985 3648 βασίλειον,
3017 3572 3274 3647 ἀναγωγὴ
3326 3568 3383 3626 δὲ
3426 3572 3513 3625 καὶ
3582 3569 3813 3643 παιδεία,

2179 3661 2297 3724 θ’ίας
2346 3664 2407 3717 ἅν
2461 3685 2544 3725 τις
2592 3659 2853 3739 θεοφιλὴς
2901 3661 3039 3735 ἀνὴρ
3086 3666 3273 3735 τυχεῖν
3316 3657 3547 3730 εὔξαιτο.
3579 3659 3808 3733 Τρόποι,

2178 3754 2493 3826 χρηστότης
2550 3752 2638 3805 καὶ
2688 3750 2948 3805 ἐπιείκεια
3010 3752 3071 3805 τὸ
3122 3749 3336 3805 ἐκείνων
3395 3744 3611 3824 ἀκριϐὲς
3671 3748 3813 3824 γνώ-

2178 3840 2469 3914 ρισμα.Εἲ
2524 3838 2578 3893 δὲ
2635 3838 2717 3893 δεῖ
2783 3839 3063 3900 συντόμως
3136 3840 3227 3893 καὶ
3322 3837 3546 3907 ἀληθῶς
3622 3839 3806 3910 εἰπεῖν,

2177 3932 2334 3982 τοῦτο
2390 3933 2507 3989 τοῖς
2564 3933 2722 3981 πᾶσιν
2773 3924 2918 3989 ὄντες
2977 3928 3052 3989 εἷς
3104 3929 3324 4003 ἀρετὴν,
3366 3928 3496 4003 ὅπερ
3529 3931 3563 3997 ἡ
3622 3928 3807 4003 πατρὶς

2176 4022 2293 4078 ταῖς
2368 4016 2593 4071 πόΛεσιν
2659 4016 2995 4090 ἐγνωρίζετο.
3055 4020 3153 4071 Καὶ
3239 4016 3421 4092 ὥσπερ
3500 4018 3631 4087 αὕτη
3704 4023 3807 4073 τῶν

2178 4105 2364 4163 ἄλλων
2419 4129 2478 4162 τε
2534 4112 2718 4162 πασῶν
2758 4110 3095 4183 προκάθηται
3127 4106 3363 4175 πόλεων,
3396 4109 3486 4162 καὶ
3535 4115 3613 4181 τῷ
3660 4112 3806 4183 βασι-

2180 4196 2309 4264 λική
2358 4196 2447 4251 καὶ
2506 4199 2647 4251 εἶναι
2702 4199 2793 4251 καὶ
2852 4198 3201 4267 ὀνομάζεσθαι
3260 4199 3361 4266 τὴν
3420 4200 3640 4273 πρώτην
3698 4196 3804 4271 ἔχει

2180 4289 2347 4357 τιμήν
2387 4307 2399 4319 ·
2433 4288 2526 4341 τὸν
2584 4289 2742 4342 αὐτὸν
2800 4286 2865 4358 δὴ
2917 4289 3005 4342 καὶ
3039 4289 3190 4344 οὗτοι
3246 4289 3450 4359 τρόπον
3506 4289 3713 4343 πάντων
3755 4288 3806 4343 ἐν

2178 4379 2333 4429 πᾶσιν
2388 4374 2647 4447 ἐκράτουν
2698 4374 3019 4442 ἐπαινετοῖς,
3053 4378 3141 4431 καὶ
3202 4375 3452 4446 ζηλωτὸν
3494 4378 3560 4445 ἦν
3608 4378 3668 4431 τὸ
3712 4398 3807 4431 πα-

2181 4463 2350 4537 ράπαν
2407 4462 2583 4533 οὐδὲν,
2617 4463 2677 4541 ἐφ
2710 4465 2755 4536 ᾦ
2790 4465 2865 4535 μή
2918 4465 3066 4519 οὗτοι
3117 4464 3178 4518 τὸ
3208 4470 3476 4539 πρωτεῖον
3510 4466 3687 4540 εἶχον.
3718 4468 3805 4537 Τῷ

2182 4550 2311 4623 θείῳ
2342 4550 2629 4626 τοιγαροῦν
2660 4549 2860 4623 Παύλῳ
2909 4552 3154 4613 συνόντες
3186 4553 3275 4606 καὶ
3323 4557 3430 4607 τῶν
3494 4554 3582 4607 ὑπ’
3607 4551 3803 4609 ἐκείνου

2182 4641 2565 4714 πραττομένων
2661 4634 2809 4700 ὄντες
2889 4642 3233 4718 ὑπογραφεῖς,
3289 4645 3368 4712 τῷ
3436 4640 3555 4713 λαῷ
3608 4662 3663 4695 τε
3715 4641 3803 4703 τὰς

2178 4728 2322 4788 θείας
2372 4726 2889 4801 ὑπαναγινώσκοντες
2958 4724 3208 4800 βίϐλους,
3256 4728 3401 4783 οὕτω
3469 4730 3664 4803 θερμὸν
3717 4729 3801 4783 τὸν

2180 4815 2255 4879 εἷς
2284 4816 2511 4889 Χριστὸν
2560 4813 2849 4894 ὑπέτρεφον
2900 4813 3100 4889 ἔρωτα,
3159 4817 3234 4878 ὡς
3294 4814 3447 4872 οὐδέν
3490 4816 3806 4888 ὑπολογισα-

2182 4910 2369 4976 μένους
2419 4906 2518 4972 τήν
2567 4908 2663 4958 τοῦ
2705 4909 3029 4971 κρατοῦντος
3074 4905 3258 4978 μανίαν
3312 4906 3508 4977 ὀξείαις
3559 4913 3801 4980 χωρῆσαι

2178 4994 2313 5047 κατᾶ
2348 4997 2455 5046 τῶν
2519 4991 2915 5066 Χριστομάχων
2975 4994 3192 5067 ὁρμαῖς,
3224 4994 3315 5048 καὶ
3371 4995 3464 5049 τὸν
3520 4998 3617 5049 τοῦ
3681 4998 3802 5048 Θεοῦ

2178 5080 2353 5156 Λόγον
2414 5080 2487 5141 εἰς
2543 5080 2745 5151 κτίσμα
2793 5081 3113 5155 κατάγεσθαι
3184 5080 3314 5154 μηδ’
3368 5083 3513 5144 ὅλως
3601 5082 3800 5136 ἀνεκτὸν

2175 5175 2423 5237 ποιῆσαι,
2457 5165 2604 5222 ἀλλά
2636 5169 2972 5242 συνάναρχον
3027 5169 3122 5241 μὶν
3163 5175 3242 5241 τῷ
3276 5170 3443 5243 Πατρὶ
3482 5171 3570 5224 καὶ
3603 5168 3801 5242 ὁμοοῦο

2178 5278 2290 5311 σιον
2348 5256 2507 5311 αὐτὸν
2576 5253 2882 5325 ἀποδεῖξαι,
2938 5257 3034 5321 τὰς
3103 5256 3161 5312 δὲ
3230 5262 3341 5313 τῶν
3408 5257 3802 5333 ἀρειανιζόντων

2179 5341 2451 5420 βεϐήλους
2499 5344 2825 5422 κενοφωνίας
2868 5345 2945 5407 εἰς
2984 5346 3045 5401 τὸ
3098 5344 3267 5419 μηδεν
3308 5346 3439 5402 εἶναι
3470 5352 3799 5421 περιστῆσαι.

2242 5531 2313 5583 I".
2348 5528 2481 5585 Τοῖς
2536 5522 2758 5579 ἐκείνων
2815 5533 3101 5603 τοιγαροῦν
3158 5530 3395 5602 ῥήμασιν
3460 5530 3552 5583 οῖα
3600 5526 3796 5601 βέλεσιν

2174 5616 2225 5667 οἱ
2283 5609 2675 5688 κακοδαίμονες
2731 5613 3042 5689 βλητᾶντες,
3092 5618 3180 5677 καὶ
3257 5615 3397 5691 μηόὶ
3479 5617 3797 5690 ἀντιτείνειν,
