4128 6274
327 359 354 418 l
367 357 484 419 293

1411 350 1596 412 VITA
1642 352 1707 413 S.
1753 349 2212 413 ANASTASLE
2257 348 2632 409 ROMANJE.

3560 349 3720 410 1294

330 534 472 612 μηδὲ
505 535 581 601 εἷς
612 533 813 611 λόγους
836 533 1023 594 αὐτοῖς
1064 535 1266 607 χωρεῖν
1299 528 1445 592 ὅλως
1492 523 1739 610 ἔχοντες,
1790 526 1965 603 ὥσπερ

2079 528 2176 570 eos
2205 511 2496 568 sustinere
2525 511 2584 566 in
2619 510 3034 582 disputatione,
3067 526 3184 566 non
3236 527 3402 568 secus
3430 527 3496 567 ac
3523 509 3722 583 ignem

326 626 378 683 ἐν
415 623 612 696 σποδιᾷ
636 629 744 699 πῦρ
771 627 891 686 ταῖς
928 625 1102 677 αῦτῶν
1143 618 1400 682 διανοίαις
1439 619 1500 674 τὸ
1550 615 1773 691 δολερὸν
1826 618 1963 672 ὑπο-

323 716 643 790 κρύψαντες,
693 718 880 788 πρῶτα
943 711 1037 784 μὶν
1092 714 1209 771 τοῖς
1265 708 1572 786 ἐπαγωγοῖς
1628 711 1734 762 τῶν
1779 705 1962 782 λόγων

321 805 449 867 τοὺς
480 801 676 878 ἄνδρας
731 803 1065 876 ὑπήρχοντο’
1126 798 1242 854 εἶτα
1296 799 1387 852 καὶ
1453 799 1718 872 χρήματα
1773 793 1964 851 δώσειν

327 896 691 969 ὑπισχνοῦντο
749 892 802 946 οἱ
869 888 1099 968 ἄφρονες
1157 887 1400 958 ἐκείνοις,
1471 884 1526 940 o'i
1611 906 1675 960 γε
1733 886 1825 942 καὶ
1898 885 1964 939 τὰ

322 983 505 1057 ψυχὰς
563 981 644 1036 ὅτι
703 982 778 1054 μή
848 980 1156 1055 ἀφῃροῦντο
1213 982 1558 1054 παραχρῆμα
1615 972 1704 1030 διὰ
1763 980 1966 1049 Χρισο-

323 1069 729 1147 ἐδυσχέραινον.
785 1069 951 1126 Οὗτοι
1018 1068 1148 1122 λοῦν
1216 1064 1278 1119 ού
1334 1063 1644 1126 κολακείαις
1719 1061 1965 1136 κλεπηρ-

326 1181 502 1234 μενοι,
558 1160 621 1214 οὐ
680 1157 986 1237 χρημάτων
1045 1155 1375 1227 ἡττώμενοι,
1432 1153 1578 1208 ἀλλὰ
1632 1155 1732 1222 τῆς
1806 1151 1963 1207 εὐσε-

323 1247 474 1313 ϐείας
527 1236 762 1304 καὶτοῦ
821 1247 987 1323 δρθοῦ
1054 1241 1332 1320 δόγματος
1393 1240 1628 1319 φύλακες
1721 1236 1962 1316 ἀκριϐεῖς

323 1341 456 1395 εἶναι
500 1336 856 1414 βουλόμενοι,
915 1334 1051 1410 πρὸς
1107 1335 1169 1388 τὸ
1232 1327 1482 1408 βραϐεῖον
1532 1339 1633 1400 τῆς
1683 1331 1790 1385 ἅνω
1819 1329 1964 1400 κλή-

324 1449 461 1491 σεως
517 1423 796 1483 ἔσπευδονο
856 1423 886 1480 6'
940 1424 1027 1478 καὶ
1090 1422 1258 1497 μόνον
1315 1420 1498 1482 αὐτοῖς
1563 1420 1828 1488 ἐποθεῖτο,
1875 1419 1962 1474 καὶ

322 1517 386 1574 οῦ
440 1522 630 1596 τυχεῖν
685 1514 832 1577 ὅλως
891 1512 1213 1586 ἐπεθύμουν.
1246 1511 1335 1573 Ὠς
1400 1507 1491 1565 οῦν
1539 1506 1759 1564 ἀπειλαί
1788 1529 1848 1563 τε
1877 1508 1966 1563 καὶ

322 1595 605 1663 κολακεῖαι
709 1603 798 1657 καὶ
869 1601 1082 1677 ἀγαθῶν
1155 1599 1371 1654 πάντων
1455 1595 1769 1673 ἐπαγγελίαι
1850 1601 1966 1656 τοῖς

321 1697 622 1770 Ἀρειανοῖς
671 1691 1001 1762 ἐξησθὲνουν,
1067 1689 1158 1743 καὶ
1216 1685 1433 1762 ἄμαχόν
1493 1707 1542 1740 τι
1600 1690 1825 1760 πρᾶγμα
1864 1687 1964 1754 τήν

322 1783 500 1852 καλὴν
558 1781 766 1850 ἐκείνην
825 1773 1067 1834 ἔνστασιν
1134 1780 1240 1831 τῶν
1286 1777 1572 1850 μαρτύρων
1623 1774 1829 1850 ἑώρων,
1875 1774 1966 1828 θά-

325 1892 487 1928 νατον
522 1870 696 1926 αὐτῶν
721 1870 782 1924 δν
804 1866 1030 1922 ἐπόθουν
1064 1863 1153 1920 διὰ
1181 1865 1417 1939 Χριστὸν
1447 1864 1878 1937 κατακρίνουσιν.

399 1963 470 2018 Δ’.
505 1959 658 2018 Ἐπεὶ
717 1955 775 2012 δὲ
817 1957 908 2011 καὶ
947 1956 1082 2030 πρὸς
1137 1955 1228 2009 τὸν
1258 1951 1547 2028 εῗρῃμένον
1577 1949 1686 2023 ἤδη
1719 1952 1969 2026 γεγόνασι

325 2052 521 2120 τόπον,
552 2048 738 2123 καιρὸν
768 2045 1010 2101 αἰτοῦσιν
1052 2044 1129 2105 εἱς
1175 2043 1507 2116 προσευχήν.
1540 2041 1643 2097 Καὶ
1684 2035 1968 2109 λαϐόντες,

324 2141 391 2195 τὰ
431 2135 658 2213 ὄμματά
677 2157 736 2193 τε
766 2136 908 2208 ὁμου
933 2133 1149 2194 καὶτὰς
1211 2135 1401 2206 χεῖρας
1461 2127 1702 2204 αἴρουσιν
1745 2128 1820 2191 εἰς
1876 2130 1967 2184 τὸν

326 2227 579 2305 οὐρανὸν,
627 2225 741 2294 καὶ,
804 2222 1042 2295 Κύριε,ὁ
1106 2220 1257 2290 Θεὸς,
1299 2220 1326 2274 6
1374 2217 1586 2279 πλάσας
1640 2217 1972 2290 καταμόναις

327 2318 424 2381 τὰς
477 2312 702 2391 καρδίας
749 2315 934 2386 ἡμῶν,
1003 2309 1274 2384 λέγουσιν,
1345 2311 1372 2362 6
1440 2307 1615 2368 συνεὶς
1681 2307 1852 2360 πάντα
1906 2305 1972 2360 τὰ

326 2405 455 2480 ἔργα
511 2408 693 2478 ἡμῶν,
743 2401 796 2458 ἐν
858 2401 1048 2475 εἰρήνῃ
1107 2400 1204 2460 τὰς
1256 2402 1364 2453 τῶν
1421 2401 1526 2451 σῶν
1566 2393 1778 2450 δούλων
1827 2392 1968 2480 δγέξαι

326 2479 528 2570 ψυχὰς,
561 2494 644 2548 ὅτι
671 2489 828 2547 ἓνεκα
876 2494 971 2546 σοῦ
1027 2486 1415 2560 θανατούμεθα,
1474 2486 1566 2540 καὶ
1604 2485 1679 2546 ὡς
1723 2479 1971 2559 πρόϐατα

323 2589 537 2662 σφαγῆς
577 2580 916 2655 λογιζόμεθα
971 2578 1058 2632 καὶ
1117 2575 1382 2662 χαίρομεν
1431 2571 1574 2629 οὕτω
1623 2579 1725 2642 τῆς
1764 2572 1968 2647 παρού-

325 2661 424 2744 σής
481 2678 628 2741 ζωῆς
687 2662 1165 2739 ἀπαλλαττόμενοι
1225 2661 1315 2718 διά
1389 2663 1469 2730 σε,
1527 2663 1618 2717 καὶ
1687 2663 1824 2735 πρὸς
1866 2662 1967 2729 τήν

323 2761 468 2837 παρά
532 2758 618 2814 σοὶ
669 2755 938 2832 προθύμῳ
992 2753 1121 2809 ποδὶ
1178 2752 1527 2827 ἐπειγόμεθα.
1558 2754 1645 2820 Τῷ
1697 2755 1814 2821 Θεῷ
1858 2753 1966 2804 τῶν

327 2835 472 2908 ὅλων
515 2847 792 2920 εὐξάμενοι
847 2845 936 2899 καὶ
985 2844 1049 2898 τὸ
1113 2843 1286 2913 Ἀμὴν
1347 2839 1679 2905 ἐπειπόντες,
1735 2839 1832 2904 τήν
1881 2835 1970 2890 διὰ

327 2940 512 3014 ξίφους
565 2938 789 3009 πληγὴν
850 2931 1200 3008 ὑφίστανταισ
1251 2927 1342 2982 καὶ
1409 2927 1473 2980 τὸ
1542 2925 1868 2998 μαρτυρικὸν
1941 2927 1968 2979 6

325 3011 638 3102 Μαρτύριος
694 3022 786 3079 σὺν
846 3023 1146 3096 Μαρκιανῷ
1204 3015 1458 3090 δέχονται
1506 3013 1684 3083 τέλος,
1715 3011 1969 3086 πέμπτην

326 3116 411 3173 ἐπὶ
445 3120 564 3174 ταῖς
605 3109 776 3168 εἶ’κοσι
831 3112 928 3164 τοῦ
991 3101 1328 3179 Ὀκτωϐρίου
1389 3102 1561 3175 μηνὸς
1609 3097 1854 3173 ἄγοντος.
1888 3101 1972 3156 Τά

329 3205 385 3262 δὶ
445 3202 653 3261 τούτων
692 3201 849 3274 τίμια
888 3197 1118 3271 λείψανα
1172 3198 1282 3251 τῶν
1338 3190 1638 3269 ὀρθοδόξων
1706 3191 1847 3252 τινὶς
1877 3190 1968 3244 καὶ

325 3297 528 3351 πιστῶν
599 3288 936 3363 ἀνελόμενοι,
995 3285 1085 3340 καὶ
1157 3283 1428 3357 λαμπρῶς
1510 3278 1963 3354 περιστείλαντες,

328 3383 382 3441 ἐν
422 3380 669 3458 ψαλμοῖς
722 3377 813 3434 καὶ
852 3377 1045 3451 ὕμνοις
1092 3373 1237 3448 παρᾶ
1273 3376 1351 3444 τῷ
1387 3378 1488 3441 τῆς
1527 3369 1747 3430 πόλεως
1793 3368 1966 3443 τείχει

329 3455 559 3546 ἐντίμως
591 3467 643 3525 ἐν
673 3466 932 3539 ἐπισήμῳ
991 3464 1147 3540 λόφῳ
1185 3463 1484 3517 κατέθεντο.
1534 3455 1658 3515 ἔνθα
1712 3456 1827 3546 καίλ
1865 3459 1966 3526 τήν

333 3544 670 3636 μαρτυρικὴν
711 3554 918 3623 ἐκείνην
961 3549 1243 3606 τελείωσιν
1294 3549 1385 3603 καὶ
1429 3547 1692 3621 μακαρίαν
1736 3544 1966 3616 ὑπέστη-

331 3635 424 3706 σαν
466 3649 545 3710 εἰς
579 3643 734 3714 δόξαν
768 3640 1005 3716 Ηατρὸς,
1034 3639 1164 3694 Υἱοῦ
1201 3638 1292 3692 καὶ
1322 3636 1480 3713 ἀγίου
1512 3635 1840 3707 Πνεύματος,
1875 3637 1966 3687 νῦν

328 3739 420 3794 καὶ
449 3736 532 3791 ἀεὶ
562 3733 653 3788 καὶ
683 3732 760 3795 εἷς
786 3730 914 3791 τοὺς
947 3727 1147 3788 αἰῶνας
1176 3731 1286 3781 τῶν
1315 3724 1552 3783 αἰώνων.
1588 3723 1790 3796 Ἀμήν.

403 3902 420 3936 ί
453 3898 604 3956 Psal.
634 3911 808 3965 xxxii,
843 3894 931 3949 15.
965 3893 986 3927 ³
1017 3889 1173 3948 Psai.
1207 3906 1365 3960 xuii,
1394 3889 1486 3946 22.

1999 1873 2054 1940 B

2076 603 2284 669 cinere,
2313 602 2508 658 animo
2539 617 2646 656 suo
2689 601 2949 656 fraudem
2997 602 3271 668 celantes,
3305 602 3558 674 primum
3591 603 3722 672 qui-

2076 693 2209 748 dem
2259 691 2485 747 blandis
2533 690 2836 746 verborum
2883 689 3172 744 illecebris
3224 707 3320 746 eos
3371 691 3721 763 aggrediun-

2076 785 2204 837 tur:
2228 780 2434 836 deinde
2460 780 2616 849 ipsos
2645 779 2820 834 etiam
2845 795 2972 834 esse
2995 778 3270 848 pecunias
3293 780 3534 834 daturos
3557 780 3718 833 stulti

2074 873 2214 924 sunt
2272 869 2508 938 polliciti
2565 867 2700 931 illis,
2738 867 2836 936 qui
2884 883 3034 939 aegre
3083 867 3361 929 ferebant,
3395 868 3544 936 quod
3600 883 3717 924 non

2074 959 2286 1014 animae
2315 957 2507 1012 statim
2529 957 2899 1012 auferrentur
2920 960 3155 1025 propter
3176 955 3486 1009 Christum.
3515 955 3556 1008 lt
3582 971 3716 1026 ergo

2075 1063 2190 1102 non
2221 1046 2397 1102 illecti
2431 1044 2744 1110 blanditiis,
2774 1060 2889 1099 non
2919 1043 3047 1097 victi
3083 1044 3368 1113 pecuniis,
3401 1045 3500 1098 sed
3537 1044 3716 1115 pieta-

2075 1136 2146 1191 tis
2177 1141 2230 1192 et
2265 1135 2404 1190 recti
2436 1134 2726 1204 dogmatis
2775 1131 3028 1187 volentes
3058 1148 3188 1187 esse
3218 1133 3470 1188 accurati
3518 1139 3711 1188 custo-

2073 1227 2200 1292 des,
2231 1223 2650 1282 contendebant
2687 1221 2756 1277 ad
2784 1220 3050 1276 bravium
3082 1237 3347 1291 supernas
3373 1222 3713 1291 vocationis,

2073 1315 2226 1386 quod
2271 1314 2448 1370 etiam
2497 1310 2685 1368 solum
2727 1310 2798 1366 ab
2843 1310 2927 1366 eis
2977 1309 3435 1377 desiderabatur,
3463 1315 3521 1365 et
3559 1311 3714 1382 quod

2074 1404 2312 1460 omnino
2342 1400 2650 1472 cupiebant
2676 1399 2933 1470 assequi.
2957 1398 3101 1453 Cum
3125 1413 3256 1468 ergo
3278 1403 3337 1454 et
3362 1397 3532 1454 minae
3554 1400 3718 1454 Aria-

2075 1509 2306 1560 norum,
2339 1497 2396 1546 et
2426 1489 2803 1554 adulationes,
2836 1495 2890 1544 et
2931 1487 3220 1542 bonorum
3268 1487 3529 1542 omnium
3582 1505 3717 1560 pro-

2078 1581 2387 1636 missiones
2421 1577 2565 1633 nihil
2619 1578 2892 1634 baberent
2942 1575 3180 1643 virium,
3213 1579 3270 1630 et
3300 1591 3428 1632 esse
3456 1577 3720 1632 viderent

2077 1669 2585 1742 inexpugnabilem
2635 1670 2959 1735 martyrum
3007 1665 3417 1732 constantiam,
3450 1681 3548 1720 eos
3579 1681 3718 1721 con-

2077 1762 2354 1818 demnant
2386 1761 2590 1826 morte,
2623 1772 2798 1829 quam
2828 1763 3062 1827 propter
3100 1753 3390 1810 Christum
3422 1753 3715 1810 desidera-

2079 1849 2236 1904 bant.

2151 1940 2244 1994 1V.
2279 1938 2419 1992 Cum
2452 1934 2646 1990 autem
2669 1935 2793 2005 jam
2837 1931 3234 2004 pervenissent
3263 1932 3334 1987 ad
3365 1930 3553 1987 locum
3586 1946 3719 1987 con-

2078 2024 2508 2089 summationis,
2543 2028 2775 2095 tempus
2824 2025 3023 2093 petunt
3069 2022 3141 2075 ad
3182 2019 3520 2075 orationem.
3553 2021 3717 2084 Quod

2078 2131 2212 2171 cum
2244 2113 2619 2185 accepissent,
2652 2109 2849 2167 oculos
2880 2114 2938 2165 et
2968 2125 3176 2164 manus
3206 2108 3385 2163 simul
3416 2108 3624 2164 tollunt
3655 2109 3715 2164 in

2079 2203 2309 2270 coelum,
2343 2211 2395 2259 et
2425 2201 2660 2258 dicunt:
2698 2199 2941 2255 Domine
2970 2198 3146 2262 Deus,
3179 2218 3208 2247 «
3241 2197 3335 2266 qui
3380 2196 3716 2268 singulatim

2078 2292 2297 2348 tinxisti
2329 2291 2505 2346 corda
2535 2293 2755 2356 nostra,
2786 2287 2884 2356 qui
2915 2286 3192 2357 intelligis
3224 2285 3281 2340 in
3314 2284 3509 2340 omnia
3545 2299 3719 2355 opera

2077 2387 2300 2446 nostra,
2319 2399 2347 2428 »
2369 2377 2600 2449 suscipe
2616 2377 2675 2432 in
2700 2391 2838 2448 pace
2858 2376 3072 2430 animas
3089 2378 3320 2428 tuorum
3340 2372 3680 2427 famulorum
3703 2390 3716 2429 :

2077 2493 2106 2522 «
2139 2469 2415 2540 quoniam
2467 2471 2703 2539 propter
2731 2470 2788 2521 te
2821 2463 3242 2520 mortiﬁcamur
3273 2466 3330 2517 et
3360 2469 3715 2531 reputamur,

2077 2566 2352 2629 tanquam
2384 2572 2518 2612 oves
2546 2554 2858 2612 occisionis
2880 2554 2937 2608 ἐ
2967 2575 2987 2601 ι
3014 2556 3071 2607 et
3090 2551 3416 2623 gaudemus
3446 2549 3530 2605 sic
3552 2566 3586 2606 a
3607 2551 3718 2606 vita

2078 2645 2348 2720 praesenti
2405 2643 2699 2699 discedere
2755 2644 2988 2714 propter
3045 2655 3259 2694 nomen
3312 2642 3502 2706 tuum,
3545 2645 3600 2693 et
3645 2639 3715 2694 ad

2077 2751 2228 2801 eam,
2254 2749 2380 2806 quas
2404 2737 2495 2788 est
2524 2731 2678 2803 apud
2713 2735 2785 2800 te,
2811 2730 2954 2801 pede
2984 2727 3154 2783 alacri
3177 2743 3576 2799 properamus.
3603 2732 3718 2783 Has

2077 2840 2213 2881 cum
2271 2837 2471 2894 preces
2529 2821 2819 2876 fudissent
2854 2819 2925 2874 ad
2969 2821 3144 2873 Deum
3199 2817 3622 2884 universorum,
3663 2820 3719 2872 et

2077 2917 2261 2966 Amen
2294 2910 2753 2980 stibjunxissent,
2787 2907 2979 2978 gladio
3026 2906 3255 2976 plagam
3303 2904 3631 2975 accipiunt:
3663 2909 3719 2960 et

2077 3000 2408 3056 Marcianus
2429 3014 2494 3054 ac
2516 2997 2825 3069 Martyrius
2844 2996 3017 3050 ﬁnem
3035 2996 3328 3065 accipiunt
3342 2997 3716 3065 martyricum

2077 3091 2354 3148 vicesimo
2385 3090 2590 3161 quinto
2621 3087 2841 3143 mensis
2869 3086 3150 3143 Octobris.
3184 3086 3471 3140 Pretiosas
3521 3089 3715 3139 autem

2079 3196 2283 3237 eorum
2307 3179 2587 3249 reliquias
2610 3194 2742 3232 cum
2767 3176 3141 3232 sustulissent
3159 3175 3395 3245 quidam
3418 3173 3720 3228 orthodoxi

2000 3239 2050 3308 Ο
2080 3275 2135 3327 et
2183 3268 2398 3334 ﬁdeles,
2430 3239 2489 3322 et
2521 3266 2792 3337 praeclare
2850 3239 3338 3333 composuissent,
3370 3263 3429 3317 in
3482 3260 3719 3332 psalmis

2076 3363 2134 3414 et
2163 3356 2395 3430 hymnis
2417 3356 2487 3410 ad
2521 3356 2566 3427 ἦ·
2597 3354 2810 3408 mmnia
2828 3352 3081 3408 civitatis
3106 3351 3422 3405 honoriﬁce
3443 3350 3724 3421 deposue-

2076 3455 2214 3502 runt
2243 3446 2302 3500 in
2331 3443 2546 3516 insigni
2582 3440 2845 3496 tumulo:
2881 3440 2980 3494 ubi
3011 3439 3185 3494 etiam
3219 3439 3527 3493 subierunt
3553 3437 3716 3492 illam

2077 3537 2444 3608 martyricam
2465 3538 2522 3588 et
2543 3534 2767 3587 beatam
2791 3528 3356 3595 consummationem,
3374 3527 3442 3580 ad
3469 3526 3716 3598 gloriam

2076 3624 2374 3692 Patris,et
2420 3620 2566 3686 Filii,
2607 3619 2909 3691 sanctique
2961 3617 3238 3688 Spiritus,
3276 3630 3432 3670 nunc
3479 3618 3536 3671 et
3564 3630 3718 3671 sem-

2079 3729 2201 3786 per,
2233 3715 2290 3767 et
2317 3711 2376 3766 in
2407 3709 2619 3766 secula
2643 3708 3013 3765 saculorum.
3039 3707 3245 3762 Amen.

938 3997 3694 4031 ____________g_____,______________

438 4027 477 4052 η
511 4013 3233 4051 ,______________________________f,

845 4126 1128 4223 ΒΙΟΣ
1211 4122 1425 4218 ΚΑΙ
1507 4118 2121 4216 ΠΟΛΙΤΕΙΑ
2198 4115 2414 4209 ΚΑΙ
2497 4105 3228 4206 ΜΑΡΤΥΡΙΟΝ

1575 4264 1713 4320 ΤΗΣ
1754 4264 1959 4318 ΑΓΙΑΣ
2003 4259 2523 4317 ΟΣΙΟΜΑΡΤΥΡΟΣ

788 4385 1884 4524 ΑΝΑΣΤΑΣΙΑΣ
1983 4384 2326 4512 ΤΗΣ
2427 4372 3254 4506 ΡΩΜΑΙΑΣ.

879 4673 1138 4760 VITA
1200 4671 1342 4755 ET
1403 4661 2216 4756 CONVERSATIO
2275 4660 2420 4745 ET
2495 4651 3194 4746 MARTYBIUM

1683 4814 1975 4873 SANCTIE
2014 4811 2388 4870 MARTYRIS

956 4942 1730 5110 ANASTA
1759 4937 2140 5102 SI/E
2220 4928 3122 5097 ROMAN/E

554 5165 648 5222 Est
728 5166 913 5220 autem
995 5163 1110 5217 hac
1185 5158 1484 5215 Anastasio
1559 5156 1742 5213 senior
1934 5150 2156 5280 Ddictab
2204 5150 2451 5233 respectu
2532 5143 2770 5201 alterius
2855 5141 3187 5208 Anastasiae,
3262 5137 3328 5194 de
3415 5153 3523 5210 qua

1979 5238 2122 5280 eccm
2160 5237 2260 5277 ris.

1979 5237 2240 5280 εεθπιονιδ
2247 5261 2260 5275 .

819 5340 1043 5408 (Latine
1063 5356 1157 5414 ap.
1190 5338 1422 5397 Surium
1454 5337 1526 5394 ad
1555 5337 1711 5393 diem
1739 5334 1809 5391 28
1840 5331 2125 5398 Octobris,
2155 5329 2350 5387 Grece
2377 5342 2445 5383 ex
2473 5325 2598 5382 cod.
2632 5340 2746 5381 ms.
2776 5321 2958 5379 Paris.
2990 5336 3049 5378 n.
3084 5320 3269 5393 1480.)

415 5583 493 5640 Α’.
528 5579 722 5643 Διττάς
760 5580 898 5653 ἡμῖν
957 5579 986 5635 ὃ
1024 5577 1190 5656 λόγος
1249 5575 1602 5640 Ἀναστασίας
1641 5571 1753 5630 οἶδε
1794 5571 1965 5650 γνωρί

2079 5588 2085 5627 ι
2179 5569 2223 5624 Ι.
2260 5566 2493 5624 Litteris
2515 5564 2860 5623 mandatum
2883 5569 2989 5631 est,
3013 5563 3160 5619 duas
3182 5559 3362 5618 fuisse
3379 5557 3744 5656 Anastasius,

348 5677 501 5744 ζειν,
565 5669 845 5750 ἐπιφανεῖς
914 5670 982 5744 μὶ
1042 5667 1211 5746 ἄμφω
1270 5667 1329 5723 τὸ
1395 5667 1527 5721 κατὰ
1601 5663 1770 5742 σάρκα
1827 5661 2004 5740 γένος,

2115 5657 2314 5719 ambas
2365 5656 2602 5731 quidem
2651 5670 2858 5728 genere
2904 5654 3112 5720 claras,
3159 5651 3332 5726 longe
3383 5651 3578 5704 autem
3626 5645 3744 5703 ola-
