4128 6274
399 336 427 394 1
438 334 549 395 295

1739 315 2017 376 MENSIS
2059 312 2435 375 OCTOBER.

3647 319 3865 378 1296

402 492 584 549 riores
630 488 995 547 confessione
1034 484 1206 539 ﬁdei:
1238 486 1295 538 et
1325 480 1408 536 eis
1441 477 1686 550 patriam
1721 475 1899 531 fuisse
1927 475 2039 530 Ro-

2170 472 2567 547 ιπιφανεστέρας
2601 468 2659 526 δὲ
2705 468 2903 544 πολλῷ
2942 473 3041 540 τὴν
3084 471 3383 547 ὁμολογίαν
3407 482 3509 544 τῆς
3542 476 3846 538 πίστεως·

402 596 559 638 mam
589 583 862 635 veterem.
896 577 1151 641 Quarum
1185 572 1365 626 altera
1395 568 1633 639 quidem
1672 565 1793 619 viro
1840 564 2045 635 pietate

404 686 520 727 non
572 669 722 723 bono
769 664 927 720 brevi
978 670 1229 732 tempore
1282 659 1597 727 conjuncta
1652 651 2042 719 matrimonio,

406 776 540 816 cum
570 757 789 813 nullam
823 770 958 810 cum
991 767 1057 806 eo
1081 749 1189 805 tori
1214 747 1510 803 habuisset
1539 742 2044 806 consuetudinem,

407 850 508 907 sed
540 847 733 903 adhuc
783 844 1151 899 conservaret
1200 836 1505 909 pulchrum
1557 835 1754 888 ﬂorem
1813 829 2045 897 virgini-

406 938 565 1004 tatis,
614 934 818 990 marito
874 932 1089 985 interea
1148 932 1333 982 morte
1390 922 1629 987 amisso,
1688 918 1827 974 vixit
1884 917 2045 973 dein-

407 1043 544 1098 ceps
573 1026 631 1079 in
665 1031 822 1077 casta
852 1019 1154 1081 viduitate,
1187 1021 1244 1070 et
1284 1014 1566 1067 virtutum
1614 1007 2043 1071 exercitatione,

406 1115 547 1171 totis
596 1111 869 1167 manibus
918 1112 1190 1179 paternas
1221 1119 1357 1172 cpes
1388 1101 1689 1155 effundens
1718 1099 1776 1152 in
1808 1112 2044 1168 egenos,

409 1208 467 1260 et
494 1202 760 1256 lubenter
788 1196 1079 1253 ventitans
1111 1194 1178 1247 ad
1210 1208 1329 1255 eos,
1354 1189 1454 1261 qui
1487 1190 1720 1260 propter
1749 1185 2046 1239 Christum

407 1291 795 1364 patiebantur,
856 1288 912 1339 et
975 1296 1235 1337 carceres
1294 1280 1533 1350 prepter
1588 1292 1685 1330 eos
1740 1273 2053 1344 diligenter

408 1384 800 1451 perscrutans,
834 1377 891 1428 et
919 1369 1192 1426 omnibus
1242 1366 1433 1421 modis
1480 1379 1680 1421 eorum
1728 1376 1929 1416 curam
1960 1375 2053 1428 ge-

408 1450 564 1532 rens,
592 1468 648 1520 et
677 1462 899 1519 saniem
933 1460 1298 1528 abstergens,
1329 1462 1385 1510 et
1414 1453 1580 1509 facile
1637 1450 1852 1507 faciens
1904 1450 2051 1504 ferre

410 1557 661 1619 dolores,
694 1559 748 1607 et
777 1550 967 1605 adhuc
999 1547 1235 1617 quidem
1287 1545 1537 1598 viventes
1578 1540 1879 1604 doctrinis,
1912 1555 2051 1593 con-

413 1644 581 1709 siliis,
614 1639 851 1697 monitis
899 1637 1269 1702 conﬁrmans,
1302 1636 1657 1687 mortuorum
1709 1635 1900 1683 autem
1935 1642 2053 1682 cor-

414 1748 555 1804 pora
586 1727 891 1801 splendide
921 1738 1300 1794 componens,
1324 1729 1380 1776 et
1410 1720 1693 1775 mandans
1722 1716 2049 1786 sepulturae,

416 1822 598 1875 donec
654 1816 909 1887 scipsam
966 1828 1195 1882 quoque
1258 1807 1717 1881 pulcherrimum
1773 1810 1830 1861 et
1888 1805 2052 1859 fune-

415 1907 579 1962 brem
633 1909 897 1961 ornatum
954 1900 1072 1956 illis
1130 1898 1397 1969 praebuit,
1440 1899 1503 1950 ut
1540 1911 1664 1966 quas
1713 1910 1815 1965 per
1861 1895 2055 1965 ignem

414 1995 591 2052 fuerit
639 1992 837 2048 oblata
864 1990 923 2044 in
957 1989 1386 2053 holocaustum,
1420 1990 1477 2040 et
1505 1999 1740 2039 sursum
1774 1984 1843 2037 ad
1879 1984 2056 2037 Deum

417 2084 534 2140 lata
564 2082 642 2139 sit
669 2081 729 2135 in
761 2080 995 2135 odorem
1027 2075 1351 2132 suavitatis.

492 2173 563 2229 ΙΙ.
608 2169 797 2226 Altera
848 2175 1039 2221 autem
1094 2166 1275 2219 vitam
1331 2160 1505 2232 elegit
1561 2159 1946 2215 monasticam
2004 2162 2062 2214 et

423 2261 702 2332 quietam,
728 2254 965 2313 omnino
995 2268 1229 2322 exspers
1253 2251 1614 2321 nuptiarum,
1637 2253 1693 2303 et
1722 2265 1848 2319 quae
1880 2265 1949 2303 ex
1977 2248 2062 2305 eis

424 2343 1085 2413 oriuntur,'tumu|tuum
1106 2340 1234 2395 :sed
1259 2356 1386 2394 cum
1408 2337 1711 2408 pulchrum
1732 2336 2065 2409 jugumDo-

425 2436 571 2492 mini
602 2433 899 2500 subiisset,
932 2436 991 2485 et
1020 2430 1140 2483 leve
1169 2429 1297 2497 ejus
1328 2443 1476 2482 onus
1517 2430 1822 2495 portasset,
1855 2426 2064 2480 deinde

426 2525 603 2581 etiam
635 2521 766 2577 forti
788 2525 845 2575 et
863 2517 1087 2574 excelso
1112 2517 1308 2571 animo
1330 2516 1592 2585 suscepit
1622 2514 1940 2568 certamina
1964 2530 2063 2583 pro

426 2612 640 2684 pietate
670 2625 683 2662 :
717 2612 776 2663 et
803 2605 1022 2675 duplici
1053 2608 1254 2660 ornata
1284 2604 1395 2658 fuit
1424 2618 1654 2667 corona,
1688 2601 2061 2672 virginitatis,

426 2701 691 2769 inquam,
723 2701 780 2750 et
809 2691 1239 2748 decertationis.
1272 2691 1451 2759 Cujus
1491 2691 1563 2743 ab
1614 2690 1851 2744 ineunte
1897 2693 2065 2743 aetate

428 2787 831 2843 educationem
846 2787 901 2837 et
912 2780 1382 2845 exercitationem,
1396 2782 1453 2833 et
1466 2777 1710 2832 maxima
1722 2776 1820 2831 illa
1834 2782 2067 2848 propter

429 2879 729 2936 Christum
756 2874 1079 2931 certamina
1104 2872 1225 2929 vult
1255 2872 1326 2928 ab
1358 2871 1522 2926 initio
1555 2871 1826 2942 persequi
1858 2870 2065 2925 oratio.

429 2969 558 3040 Ipsa
587 2981 743 3037 ergo,
774 2963 989 3020 relictis
1037 2960 1397 3032 parentibus,
1425 2964 1481 3015 et
1520 2958 1878 3024 necessariis,
1911 2964 1967 3014 et
1998 2960 2067 3013 iis

431 3056 725 3117 omnibus,
758 3069 883 3124 quae
934 3050 1221 3122 pertinent
1252 3050 1321 3104 ad
1354 3048 1773 3113 haereditatem,
1813 3047 1874 3102 in
1923 3064 2070 3118 quo-

431 3147 566 3201 dam
627 3139 971 3198 monasterio
1019 3138 1282 3193 vicesimo
1337 3154 1490 3192 anno
1561 3136 1742 3191 aetatis
1816 3136 2066 3207 seipsam

2153 560 2242 613 καὶ
2295 558 2529 632 πατρίδα
2596 566 2773 633 σαρῶς
2822 560 3010 623 αὐταῖς
3074 562 3294 635 Ῥώμην
3360 562 3656 643 ἐπιγράφει
3724 568 3854 635 τήν

2155 644 2541 724 πρεσϐυτέραν.
2609 655 2700 703 Ὧν
2757 653 2791 718 ἡ
2854 651 2947 721 μὲν
2991 648 3144 724 ἀνδρῖ
3188 651 3452 725 πρότερον
3484 653 3585 708 οὐκ
3615 654 3846 729 ἀγαθῷ

2152 738 2253 805 τήν
2311 733 2584 792 εὐσέϐειαν
2629 737 2714 793 ἐπὶ
2768 740 2948 813 βραχὺ
3005 744 3315 812 ωζυγεῖσα,
3376 742 3530 795 οὔπω
3590 740 3647 797 δὲ
3684 741 3845 799 οὔτε

2155 827 2343 896 κοίτης
2411 823 2533 881 οὕτε
2592 827 2788 899 μίξεως
2856 827 3004 898 αὐτῷ
3086 830 3480 900 κοινωνήσασα,
3537 830 3691 887 ἀλλά
3757 834 3837 887 τὸ

2155 914 2320 969 καλὸν
2370 912 2524 978 ἄνθος
2571 910 2648 969 ἔτι
2705 913 3037 989 διατηροῦσα
3072 920 3174 981 τῆς
3222 918 3530 993 παρθενίας,
3562 922 3654 974 τὸν
3727 920 3847 975 ἄν-

2158 1001 2259 1071 δρα
2313 1024 2371 1057 τε
2440 1002 2632 1074 μεταξὺ
2689 1004 2901 1075 θανάτῳ
2968 1000 3321 1060 ἀποϐαλοῦσα
3370 1005 3421 1061 ἐν
3449 1008 3641 1081 κηρείᾳ
3698 1012 3834 1065 σώ-

2159 1112 2313 1170 φρονι
2378 1095 2475 1144 τοῦ
2535 1089 2733 1145 λοιποῦ
2788 1098 2877 1145 καὶ
2934 1092 3142 1165 ἀρετῶν
3175 1094 3399 1164 ἀσκήσει
3436 1093 3833 1168 διέζη,δλαις

2161 1181 2318 1255 χερσὶ
2363 1181 2455 1234 τὸν
2501 1184 2749 1253 πατρῷον
2806 1178 3045 1235 πλοῦτον
3106 1182 3181 1244 εἰς
3244 1181 3443 1246 ἐνδεεῖς
3487 1185 3826 1257 ἐκκενοῦσα,

2160 1270 2295 1343 πρός
2332 1288 2392 1323 τε
2446 1268 2571 1330 τοὺς
2641 1266 2729 1323 διὰ
2785 1269 3020 1345 Χριστὸν
3074 1273 3388 1346 πάσχοντας
3455 1272 3631 1344 ἡδέως
3690 1299 3834 1353 φοι-

2160 1363 2329 1424 τῶσα,
2359 1358 2425 1412 τά
2470 1378 2529 1412 τε
2574 1355 2923 1433 δεσμωτήρια
2972 1356 3041 1413 δι’
3091 1360 3289 1423 αὐτοὺς
3329 1362 3643 1439 φιλοπόνως
3672 1367 3831 1421 ἆνε-

2163 1450 2423 1522 ρευνῶσα,
2478 1448 2568 1501 καὶ
2649 1447 2819 1503 πάντα
2881 1448 3082 1522 τρόπον
3160 1450 3332 1506 αὐτῶν
3404 1452 3823 1527 ἐπιμελομένη,

2159 1537 2251 1591 καὶ
2308 1537 2437 1598 τοὺς
2484 1536 2693 1611 ἰχῶρας
2742 1537 3107 1610 ἐκμάσσουσα,
3153 1540 3243 1595 καὶ
3281 1542 3407 1614 ῥᾷον
3463 1544 3558 1604 τὰς
3608 1542 3825 1607 ὀδύνας

2162 1624 2339 1699 φέρειν
2398 1630 2652 1695 ποιοῦσα,
2692 1625 2782 1679 καὶ
2853 1631 3055 1695 ζῶντας
3113 1630 3207 1701 μὶν
3265 1628 3368 1698 ἔτι,
3404 1628 3823 1700 διδασκαλίαις,

2164 1707 2523 1785 συμϐουλαῖς,
2561 1715 2863 1784 ὑποθήκαις
2923 1715 3347 1791 ἐπιρῥωνύουσα·
3384 1718 3693 1795 οἷχομένων
3755 1722 3824 1778 δὲ

2162 1802 2229 1856 τὰ
2259 1802 2485 1872 σώματα
2514 1801 2787 1876 λαμπρῶς
2827 1803 3264 1878 περιστέλλουσα
3318 1807 3408 1861 καὶ
3465 1810 3655 1887 τάφοις
3700 1832 3819 1865 παν

2168 1887 2477 1964 ραδιδοῦσα,
2529 1887 2637 1952 ’έως
2696 1894 2785 1945 καὶ
2842 1892 3033 1962 ἑαυτὴν
3073 1892 3241 1949 καλὸν
3284 1895 3508 1961 ἐκείνοις
3535 1898 3817 1974 παρέσχεν

2165 1978 2433 2058 ἐντάφιον,
2494 1976 2582 2033 διὰ
2647 1981 2816 2055 πυρὸς
2862 1983 3317 2055 ὁλοκαυτωθεῖσα,
3352 1986 3442 2041 καὶ
3503 1988 3579 2051 εἰς
3630 1988 3817 2060 ὀσμὴν

2167 2065 2397 2130 εὐωδίας
2433 2067 2777 2142 ἀνενεχθεῖσα
2809 2074 2947 2141 Θεῷ.

2240 2159 2316 2214 Β’.
2374 2159 2437 2215 Ἡ
2497 2157 2553 2213 δὲ
2606 2160 2699 2213 τὸν
2767 2158 3057 2231 μοναδικόν
3116 2183 3175 2217 τε
3224 2163 3314 2218 καὶ
3347 2164 3580 2241 ἡσύχιον
3628 2165 3817 2222 εἵλετο

2174 2245 2316 2319 βίον,
2351 2248 2491 2318 μήτε
2525 2248 2706 2321 γάμου
2761 2250 2862 2316 τήν
2902 2248 3081 2323 ἀρχὴν
3130 2251 3296 2322 ὅλως,
3327 2255 3466 2325 μήτε
3494 2259 3600 2309 τῶν
3630 2256 3689 2310 ἐκ
3716 2260 3823 2309 τοῖ’)

2169 2335 2348 2407 γάμου
2398 2339 2711 2409 πειραθεῖσά
2758 2332 3027 2410 θορύϐων·
3064 2338 3208 2393 ἀλλά
3244 2341 3336 2395 τὸν
3378 2344 3611 2415 Χριστὸν
3646 2343 3821 2399 ὑπελ-

2172 2426 2336 2485 θοῦσα
2403 2428 2499 2477 τοῦ
2568 2423 2764 2496 Κυρίου
2820 2426 3006 2499 ζυγὸν,
3064 2428 3155 2481 καὶ
3220 2430 3282 2483 τὸ
3333 2428 3568 2507 ἐλαφρὸν
3639 2433 3812 2487 αὐτοῦ

2173 2513 2392 2586 φορτίον
2455 2514 2782 2585 βαστάσασα,
2844 2512 3030 2570 ἔπειτα
3072 2514 3127 2570 δὲ
3184 2519 3271 2573 καὶ
3322 2521 3458 2593 πρὸς
3513 2521 3638 2585 τοὺς
3678 2524 3809 2593 ὑπὲρ

2172 2593 2440 2661 εὐσεϐείας
2482 2601 2689 2689 ἀγῶνας
2750 2603 2885 2673 μετά
2941 2604 3189 2678 γενναίου
3247 2607 3453 2684 σφόδρα
3516 2615 3612 2665 τοῦ
3680 2632 3807 2689 φρο-

2172 2688 2415 2757 νήματος
2476 2686 2801 2756 ἀπεδύσατο,
2861 2693 2949 2745 καὶ
3013 2690 3194 2767 διπλῷ
3251 2702 3633 2770 κατεκοσμήθη
3690 2686 3807 2756 στε-

2175 2776 2347 2852 φάνῳ,
2380 2781 2457 2846 τῷ
2485 2797 2542 2831 τε
2571 2785 2671 2845 τῆς
2699 2781 3009 2854 παρθενίας,
3045 2783 3211 2860 φημὶ,
3244 2786 3333 2839 καὶ
3377 2792 3456 2859 τῷ
3486 2796 3586 2857 τῆς
3633 2788 3811 2860 ἀθλή-

2178 2884 2332 2926 σεως.
2398 2866 2494 2927 Ἦς
2552 2869 2652 2935 τήν
2708 2866 2768 2923 ἐκ
2815 2868 3022 2924 παίδων
3081 2875 3297 2947 ἀγωγήν
3343 2896 3401 2931 τε
3453 2879 3545 2933 καὶ
3588 2877 3809 2949 ἄσκησιν

2175 2954 2265 3007 καὶ
2320 2952 2447 3014 τοὺς
2517 2957 2801 3031 μεγίστους
2858 2955 2946 3013 διὰ
3010 2967 3237 3032 Χριστον
3306 2962 3504 3027 ἄθλους
3580 2968 3813 3031 ἐκείνους

2179 3039 2464 3112 διεξελθεῖν
2521 3044 2548 3097 ὁ
2619 3043 2787 3118 λόγος
2840 3046 3038 3111 ἄνωθεν
3103 3049 3380 3123 βούλεται.
3431 3051 3579 3125 Αὕτη
3637 3058 3814 3111 τοίνυν

2179 3131 2408 3204 πατέρας
2430 3132 2537 3217 ⁸μὲν
2578 3132 2666 3186 καὶ
2723 3138 3118 3207 προσήκοντας,
3168 3140 3257 3193 καὶ
3306 3140 3506 3217 ὃσαπερ
3556 3145 3630 3206 εἷς
3674 3145 3814 3215 κλῆ-

431 3233 712 3289 collocat:
746 3230 806 3284 in
864 3244 979 3298 quo
1036 3227 1205 3282 docta
1252 3235 1303 3281 et
1348 3226 1613 3280 instituta
1643 3198 2057 3280 asacrosancts

2183 3238 2273 3291 ρον
2320 3214 2610 3286 ἐπέϐαλΛε,
2663 3220 2832 3276 πάντα
2878 3224 3272 3297 καταλιποῦσα,
3319 3228 3374 3284 ’ἐν
3423 3198 3528 3286 τινι
3587 3198 3813 3308 σεμνείίρ

429 3320 644 3391 Sephia
702 3318 809 3390 (sic
865 3316 1022 3371 enim
1090 3316 1401 3369 vocabatur
1474 3313 1791 3383 magistra),
1860 3315 2067 3383 dignos

432 3409 601 3465 etiam
636 3409 880 3474 fructus,
914 3404 1247 3476 talibusque
1289 3403 1607 3459 seminibus
1637 3418 1701 3457 ac
1732 3401 1833 3455 tali
1865 3401 2069 3456 doctri-

434 3514 522 3553 nae
581 3496 1007 3561 convenientes,
1056 3497 1113 3548 et
1157 3492 1531 3563 producebat,
1579 3499 1632 3544 et
1680 3494 1804 3544 erat
1859 3491 2066 3557 produ-

437 3589 617 3641 ctura.
648 3582 885 3638 Invidus
915 3586 1111 3636 autem
1142 3588 1200 3635 et
1231 3579 1517 3650 malignus
1548 3578 1667 3633 haec
1698 3578 1822 3632 sine
1852 3576 2070 3632 invidia

440 3675 587 3729 ferre
618 3689 731 3728 non
766 3678 1024 3744 poterat:
1058 3670 1157 3726 sed
1190 3671 1444 3741 primum
1485 3668 1717 3740 quidem
1750 3668 1938 3739 ipsius
1968 3670 2066 3723 do-

440 3761 697 3817 mesticis
743 3775 871 3814 eam
920 3758 1256 3830 aggreditur
1302 3756 1500 3825 copiis,
1532 3761 1589 3810 et
1618 3771 1685 3810 ex
1732 3770 1902 3810 carne
1943 3757 2068 3825 ejus

438 3854 497 3907 in
527 3868 653 3907 eam
702 3850 930 3905 hostem
988 3846 1214 3911 excitat,
1259 3846 1613 3899 contendens
1667 3844 2065 3900 Vehementem

435 3939 595 3995 illam
626 3942 683 3993 et
713 3938 1001 3992 intensam
1024 3932 1245 3989 solvere
1276 3931 1763 3988 exercitationem.
1796 3932 1936 3987 Cum
1970 3948 2069 3985 au-

434 4035 545 4081 tem
577 4025 676 4080 illa
705 4024 923 4079 inimici
954 4021 1257 4079 machinas
1290 4020 1455 4077 facile
1503 4019 1832 4091 repulisset,
1866 4034 1971 4074 nec
1999 4036 2066 4074 ea

430 4112 644 4168 latione
691 4112 763 4169 ab
810 4129 876 4167 eo
930 4112 1057 4183 capi
1087 4119 1139 4165 et
1171 4109 1490 4181 expugnari
1522 4113 1736 4180 posset,
1768 4109 1817 4164 is
1849 4125 1911 4164 se
1942 4126 2066 4164 rur-

430 4218 527 4256 sus
556 4202 627 4256 ad
660 4201 800 4255 alias
831 4199 1074 4255 contulit
1096 4198 1342 4255 insidias
1368 4216 1381 4266 ;
1406 4202 1463 4253 et
1486 4199 1670 4270 ipsam
1705 4197 1936 4269 quidem
1970 4198 2065 4253 de-

428 4290 537 4345 fert
566 4292 635 4344 ad
669 4306 807 4344 suos
837 4300 890 4343 et
921 4287 1236 4359 impietatis
1287 4287 1606 4353 ministros,
1640 4287 1852 4357 quibus
1900 4286 2063 4342 valde

428 4383 552 4433 erat
598 4394 746 4432 cura;
800 4378 1147 4447 perscrutari
1188 4392 1306 4441 eos,
1352 4375 1451 4445 qui
1496 4374 1707 4431 Christi
1757 4379 2059 4430 sectaban-

427 4474 519 4520 tur
550 4464 905 4535 religionem.
944 4464 1031 4517 Illi
1072 4479 1207 4518 vero
1251 4462 1452 4515 statim
1503 4466 1795 4517 currentes
1825 4463 1895 4515 ad
1926 4480 2061 4532 prae-

2180 3307 2330 3396 ἐτους
2380 3306 2627 3363 εἰκόστοῦ
2694 3316 2795 3379 τῆς
2841 3314 3064 3380 ἡλικίας
3122 3316 3316 3387 ἑαυτὴν
3390 3320 3693 3396 καταλέγει·
3763 3306 3812 3379 ἐν

2178 3395 2223 3465 ᾦ
2253 3399 2341 3448 καί
2404 3397 2506 3451 ὑπὸ
2569 3400 2666 3469 τῆς
2737 3400 2885 3474 ἱερᾶς
2950 3400 3445 3479 παιδαγωγουμένη
3477 3430 3535 3465 τε
3575 3395 3685 3483 ἅμα
3719 3414 3806 3467 καὶ

2181 3482 2547 3558 ῥυθμιξομένη
2609 3488 2812 3561 Σοφίας
2862 3493 3042 3563 (τοῦτο
3087 3494 3186 3567 γὰρ
3237 3496 3524 3568 ὠνόμαστο
3575 3482 3622 3569 ἡ
3668 3498 3808 3555 διδά-

2179 3570 2427 3647 σκαλος),
2462 3572 2663 3647 ἔμελλε
2702 3580 2842 3652 ταχὺ
2892 3580 2983 3633 καὶ
3032 3584 3273 3655 καρποὺς
3322 3586 3501 3654 ἀξίους
3547 3608 3807 3664 προενεγ-

2178 3666 2313 3730 κεῖν,
2379 3663 2649 3726 τοιούτοις
2707 3665 2973 3741 σπέρμασι
3044 3669 3133 3723 καί
3201 3675 3423 3749 τοιαύτῃ
3497 3663 3809 3751 διδασκαλίᾳ

2179 3752 2566 3840 προσήκοντας.
2600 3753 2714 3810 Οὐκ
2742 3750 3028 3829 ἔμελλειδὲ
3060 3757 3158 3832 ἄρα
3186 3766 3351 3817 ταῦτα
3402 3764 3491 3818 καὶ
3525 3750 3807 3840 βασκανίας

2181 3839 2355 3912 χωρὶς
2405 3838 2572 3895 ο’ίσειν
2617 3843 2643 3896 ὁ
2691 3846 2947 3917 πονηρός·
2991 3845 3137 3901 ἀλλὰ
3183 3856 3372 3923 πρῶτα
3437 3838 3534 3925 μὲν
3605 3855 3807 3921 οἳκοθεν

2178 3932 2269 4020 τῇ³
2290 3930 2500 4000 γενναίᾳ
2547 3929 2909 4006 προσϐάλλει,
2960 3938 3049 3990 καὶ
3095 3941 3187 3993 τὸν
3240 3942 3299 3996 ἐκ
3323 3949 3423 4012 τῆς
3451 3948 3644 4020 σαρκὸς
3674 3946 3804 4020 αὐτῇ

2178 4014 2424 4089 πόλεμον
2474 4017 2759 4094 ἐπεγείρει,
2802 4023 2865 4076 τὸ
2908 4022 3138 4101 σφοδρὸν
3182 4027 3355 4085 ἐκεῖνο
3410 4008 3531 4087 καὶ.
3559 4008 3800 4091 σύντονον

2181 4104 2400 4161 ἐκλῦσαι
2457 4108 2781 4184 φιλονεικῶν
2836 4119 2934 4181 τῆς
3002 4113 3303 4185 ἀσκήσεως·
3362 4118 3478 4174 ἐπεὶ
3532 4120 3588 4176 δὲ
3642 4124 3805 4202 ἀσφα-

2321 4195 2506 4290 ἐκείνη-
2538 4199 2615 4271 τῷ
2669 4197 2850 4290 ἐχθρῷ
2903 4203 2999 4264 τὰς
3046 4206 3301 4279 μηχανάς
3349 4208 3678 4290 ἀπετείχισε,
3719 4194 3800 4269 καὶ

2178 4285 2457 4348 ἀνάλωτος
2492 4285 2728 4351 ἐντεῦθεν
2778 4288 2923 4361 αὐτῷ
2997 4290 3191 4348 λοιπὸν
3237 4296 3324 4350 καὶ
3372 4285 3671 4375 ἀγείρῶτος
3720 4304 3800 4375 ἦν,

2176 4375 2311 4465 πρὸς
2358 4376 2536 4449 ἑτέραν
2578 4375 2775 4455 ἐχώρει
2828 4377 2991 4434 πάλιν
3039 4378 3359 4454 ἐπιϐουλήν·
3570 4364 3801 4465 προσαγ-Ξ

2173 4461 2357 4536 γέλλει
2406 4466 2500 4535 μέν
2547 4465 2712 4535 αὐτὴν
2747 4473 2862 4529 τοῖς
2914 4470 3103 4525 ἑαυτοῦ
3152 4494 3209 4527 τε
3265 4476 3353 4529 καὶ
3400 4484 3499 4546 τῆς
3566 4461 3799 4544 ἀσεϐείας

426 4554 607 4610 sidem
643 4554 715 4624 (is
747 4556 937 4606 autem
971 4554 1095 4605 erat
1124 4549 1368 4615 Probus,
1401 4549 1754 4605 Diocletiano
1784 4554 1923 4605 tunc
1953 4552 2055 4605 ad-

2174 4551 2465 4625 ὑπηρέταις
2522 4557 2610 4608 καὶ
2660 4552 2968 4625 διακόνοις’,
3020 4560 3103 4622 οἶς
3147 4563 3235 4615 καί
3285 4561 3406 4618 λίαν
3457 4565 3710 4639 ἐπιμελὲς
3739 4572 3800 4639 ἦν

428 4644 794 4699 ministrante
840 4639 1200 4710 imperium),
1234 4637 1345 4709 ipsi
1396 4639 1656 4693 indicant
1700 4654 1828 4693 eam
1875 4655 2060 4710 neque

426 4736 588 4801 deos,
628 4747 813 4803 neque
868 4730 1274 4800 imperatorem
1333 4726 1541 4795 colere,
1590 4728 1689 4782 sed
1748 4731 2058 4799 quemdam

424 4822 721 4877 Christum
766 4818 1076 4891 praadicare
1125 4818 1307 4873 Deum
1338 4833 1566 4881 verum,
1595 4817 1887 4887 vitamque
1920 4818 2060 4873 soli-

422 4911 649 4976 tariam,
681 4914 736 4964 et
766 4907 1023 4978 conjugii
1074 4912 1389 4978 expertem,
1420 4905 1492 4975 ei,
1526 4922 1652 4977 quae
1688 4914 1950 4961 versatur
1996 4908 2052 4962 in

419 5000 690 5054 societate
761 5002 817 5051 et
890 4996 1320 5065 conjunctione,
1399 4996 1683 5064 praeferre,
1764 4994 2052 5050 insolitam

415 5088 715 5157 quamdam
747 5084 970 5140 vivendi
1004 5085 1246 5138 formam
1277 5084 1677 5138 ostendentem
1711 5084 2050 5152 virginibus.

413 5178 556 5231 Cum
590 5190 718 5243 ergo
750 5173 949 5228 statim
1004 5172 1221 5227 Probus
1270 5172 1561 5226 theatrum
1609 5172 1891 5242 coegisset
1944 5173 2052 5226 fre-

412 5264 889 5334 quentissimum,
918 5262 1083 5331 jubet
1123 5264 1347 5318 beatam
1399 5262 1613 5317 adduci
1660 5262 2032 5317 Anastasiam

408 5354 663 5419 Cumque
704 5350 1001 5405 venissent
1054 5352 1305 5405 ministri
1349 5352 1419 5404 ad
1461 5368 1691 5405 sacrum
1745 5352 1885 5405 illud
1933 5368 2054 5406 mo-

408 5437 753 5503 nasterium,
788 5452 917 5489 cum
972 5438 1117 5507 ipsis
1168 5440 1424 5495 vectibus
1457 5449 1509 5494 et
1552 5439 1810 5495 clavibus
1856 5440 2051 5495 fractis

2178 4639 2190 4655 .
2386 4645 2412 4655 ..
2582 4642 2593 4659 η
2751 4644 2764 4660 ς
3119 4653 3143 4664 ..

2167 4660 2442 4713 ἀνερευνᾳν
2513 4663 2639 4703 τους
2710 4664 2775 4696 τα
2850 4650 3183 4718 Χριστιανῶν
3249 4653 3549 4723 μετιόντος·
3631 4658 3681 4711 οἰ
3748 4657 3800 4714 δὲ

2168 4730 2303 4801 πρὸς
2334 4730 2425 4784 τὸν
2453 4731 2692 4804 ἡγεμόνα
2725 4728 3020 4805 δραμόντες
3054 4736 3211 4801 εὐθὺς
3255 4736 3494 4813 (Ηρόϐος
3532 4745 3596 4811 ἦν
3625 4743 3797 4813 οὗτος,

2172 4818 2562 4887 Διοκλητιανοῦ
2631 4827 2924 4889 τηνικαῦτα
2990 4826 3088 4893 τήν
3150 4826 3426 4899 βασιλείαν
3506 4828 3799 4907 διέποντος)

2173 4906 2471 4978 μηνύουσιν
2518 4907 2666 4980 αύυῴ
2725 4910 2846 4983 περὶ
2897 4910 3099 4980 ταύτης
3168 4916 3242 4975 ὡς
3310 4916 3411 4991 ἄρα
3468 4918 3591 4976 οὕτε
3648 4906 3794 4988 θεοὺς

2170 4998 2290 5053 οὕτε
2342 4996 2585 5071 βασιλεῖς
2631 4997 2844 5056 σέϐοιτο
2903 5002 3029 5065 τοὺς
3078 5003 3313 5078 ἐκείνων,
3364 5010 3510 5066 ἀλλά
3564 5018 3793 5087 Χριστόν

2165 5108 2281 5141 τινα
2330 5088 2581 5161 κηρύττει
2638 5091 2763 5145 Θεὸν
2817 5090 3093 5162 ἀληθινὸν,
3146 5097 3237 5149 καὶ
3280 5098 3371 5152 τὸν
3418 5099 3680 5174 ἐρημικὸν
3709 5106 3791 5160 καὶ

2166 5173 2331 5251 ἄζυγα
2396 5178 2516 5250 βίον
2579 5182 2674 5233 τοῦ
2739 5187 3061 5236 κοινωνικοῦ
3130 5184 3341 5255 μᾶλλον
3413 5173 3503 5243 καὶ
3574 5191 3791 5266 μιγάδος

2165 5264 2483 5334 ἀσπάζοιτο,
2541 5267 2681 5337 ἀήθη
2734 5268 2851 5322 τινὰ
2906 5268 3188 5333 πολιτείας
3248 5271 3369 5328 ὁδὸν
3430 5282 3547 5339 ταῖς
3609 5264 3795 5353 παρθέ-

2163 5373 2275 5413 νοις
2334 5352 2775 5411 ὑποδεικνύουσα.
2827 5356 3056 5430 Θέατρον
3113 5357 3203 5412 οὖν
3262 5362 3289 5414 ὁ
3333 5360 3544 5437 Πρόϐος
3598 5352 3787 5425 αὐτίκα

2164 5441 2468 5515 συναγαγὼν
2552 5440 3007 5516 πολυάνθρωπον,
3091 5446 3328 5519 ἀχθῆναι
3404 5451 3610 5509 κελεύει
3690 5459 3783 5526 τὴν

409 5522 691 5597 μακαρίαν.
729 5519 822 5574 Καὶ
864 5520 1262 5586 καταλαϐόντες
1305 5527 1366 5580 τὸ
1420 5526 1561 5599 ἱερὸν
1615 5526 1814 5580 ἐκεῖνον
1872 5533 2120 5597 σεμνεῖον
2176 5530 2226 5581 οἱ
2284 5528 2403 5600 περέ
2469 5534 2635 5584 ταῦτα
2684 5528 3112 5606 διακονούμενοι,
3164 5535 3355 5597 αὐτοῖς
3421 5560 3478 5593 τε
3552 5519 3784 5619 μοχλοξς

409 5584 485 5626 ,ε
557 5584 565 5595 ι
808 5610 814 5621 η
974 5610 983 5624 Ι
1250 5584 1259 5586 ε
1472 5584 1480 5599 .
1936 5584 1945 5597 .
2354 5584 2360 5600 .
3167 5584 3352 5597 ν---νντ
3431 5584 3478 5593 η
3597 5584 3622 5597 υ
3672 5584 3749 5600 νινε

401 5634 490 5668 και
530 5609 705 5663 κλεισὶ
764 5627 859 5666 τας
928 5610 1088 5684 θύρας
1138 5613 1442 5687 ἀράξαντις,
1502 5615 1694 5674 auiti):
1753 5614 1905 5688 εἶχον
1973 5617 2148 5688 ὁρμῆς
2213 5615 2339 5669 εἶ’σω
2397 5616 2676 5690 γενόμενοι
2735 5620 2992 5693 ὀνομαστὶ
3036 5625 3135 5689 τήν
3169 5625 3516 5683 Ἀναστασίαν
3550 5584 3786 5701 ἓνξζουνῖ
