4128 6274
332 321 492 380 1297

1376 323 1558 384 VITA
1609 325 1674 384 S.
1721 325 2189 389 ANASTASIxE
2235 332 2602 394 ΒΟΜΑΝᾸΞ.

3568 339 3592 397 1
3606 336 3724 398 298

505 477 744 566 Ἡλγοῦν
783 473 1110 539 διδάσκαλος
1151 477 1323 548 αὐτῆς
1370 479 1569 557 Σοφία,
1621 481 1720 550 τὴν
1769 479 1968 560 ἀθρόαν

2094 488 2295 554 ianuis,
2313 491 2564 547 maximo
2584 491 2802 565 impetu
2825 491 3097 565 ingressi,
3121 493 3467 550 nominatim
3490 509 3729 566 quare-

329 561 523 644 ἔφοδον
590 563 801 635 ἐκείνην
861 565 1304 639 θεασαμένη,καὶ
1373 569 1472 636 τήν
1527 568 1700 625 αἰτίαν
1761 573 1863 627 οὐκ
1909 571 1972 628 ἂ-

325 655 624 730 γνοήσασα,
682 653 810 710 ἀλλ’
883 653 1076 717 εύθέως
1161 650 1520 728 συμϐαλοῦσα
1589 659 1653 714 τὸ
1726 664 1970 736 πρᾶγμα,

329 740 493 818 χάριν
542 737 714 816 ᾔτησε
764 741 889 806 τοὺς
929 744 1282 816 στρατιώτας,
1326 745 1463 801 ὥστε
1513 748 1704 820 μικρὸν
1750 749 1973 822 ἀναμεῖ-

325 851 410 886 ναι
467 833 689 906 χρόνον.
743 832 840 886 Καὶ
908 827 1192 905 λαϐομένη
1262 840 1361 903 τῆς
1432 836 1778 899 Ἀναστασίας
1840 838 1972 910 μετὰ

330 917 600 996 δακρύων,
631 921 797 976 στᾶσα
856 942 916 976 τε
973 921 1250 977 κατέναντι
1319 928 1415 977 τοῦ
1475 925 1862 999 θυσιαστηρίου
1922 926 1974 981 έν

330 1010 648 1087 ἂποκρύφῳ,
681 1011 769 1064 καί
811 1011 929 1065 θεὸν
990 1011 1236 1084 μάρτυρα
1291 1017 1399 1067 τῶν
1455 1013 1591 1088 πρὸς
1649 1014 1814 1084 αὐτὴν
1877 1014 1973 1070 λό-

327 1120 438 1172 γων
498 1098 869 1171 ποιησαμένη,
934 1101 1078 1174 Ἐγὼ
1151 1099 1244 1173 μέν
1323 1121 1401 1171 σε,
1461 1104 1815 1174 ποθεινοτάτη
1879 1125 1973 1177 μοι

333 1189 588 1262 θύγατερ,
646 1181 772 1265 ἔφη,
813 1186 981 1243 παῖδα
1037 1183 1456 1262 παραλαϐοῦσα,
1515 1188 1670 1245 οῦδὲν
1735 1195 1841 1245 τῶν
1901 1193 1978 1254 εἷς

332 1275 473 1350 ἐμὴν
532 1273 756 1349 δύναμιν
813 1276 900 1332 ἐπί
963 1298 1048 1332 σοι
1103 1285 1203 1347 τῆς
1264 1277 1400 1333 κατὰ
1442 1278 1570 1333 Θεὸν
1626 1279 1872 1342 παιδείας
1916 1282 1978 1335 ἒκ

333 1366 558 1439 πρώτης
605 1367 819 1441 ἡμέρας
858 1365 948 1421 καί
991 1367 1066 1428 εἰς
1119 1369 1180 1421 τὸ
1238 1367 1408 1442 παρὸν
1475 1367 1719 1424 ἐνέλιπον
1753 1375 1768 1401 ‘
1801 1368 1865 1424 σὺ
1897 1367 1972 1437 δὲ,

337 1455 412 1517 είς
469 1454 688 1525 ἡλικίαν
725 1453 836 1527 ἤδη
894 1460 991 1511 τοῦ
1047 1456 1422 1531 πληρώματος
1466 1461 1838 1528 καταντήσασα
1881 1462 1978 1514 τοῦ

336 1545 592 1618 Χριστοῦ,
625 1541 780 1608 ἄπιθι
828 1545 965 1619 πρὸς
1008 1544 1170 1600 αὐτὸν
1212 1545 1634 1622 ἀγαλλιωμένη.
1666 1545 1826 1617 Αύτῷ
1877 1545 1978 1619 γάρ

338 1655 396 1689 σε
459 1635 807 1713 νυμφεύομαι
881 1637 1140 1709 σήμερον,
1203 1635 1292 1690 καὶ
1349 1635 1498 1707 αύτῷ
1552 1635 1830 1710 προσάγω,
1888 1635 1975 1689 καὶ

339 1723 488 1796 αύτῷ
517 1723 877 1798 παρατίθημι.
909 1722 1056 1780 Ἰδοὺ
1087 1723 1178 1779 καὶ
1227 1725 1254 1778 ὁ
1298 1725 1524 1803 νυμφὼν
1575 1723 1836 1798 εὐτρεπής
1888 1723 1979 1778 καὶ

2079 575 2216 631 bant
2246 579 2642 636 Anastasiam.

2151 665 2248 721 111.
2285 667 2418 736 Ejus
2441 674 2635 724 autem
2665 669 2936 742 magistra
2957 670 3176 742 Sophia
3197 687 3326 727 cum
3360 673 3724 742 repentinam

2083 753 2242 809 illam
2276 756 2592 826 aspexisset
2621 758 3027 829 irruptionem,
3059 766 3116 815 et
3145 776 3382 816 causam
3417 775 3530 815 non
3561 759 3727 832 igno-

2082 849 2292 908 rasset,
2323 845 2421 899 sed
2457 861 2571 902 rem
2606 849 2827 916 statim,
2854 853 2918 903 ut
2945 852 3086 913 erat.
3118 849 3484 918 conjecisset,
3508 865 3542 902 a
3570 847 3725 903 mili-

2081 930 2240 986 tibus
2273 933 2586 1003 postulavit
2612 935 2762 991 hanc
2792 936 3059 1008 gratiam,
3089 941 3150 993 ut
3180 953 3390 1007 parum
3417 940 3722 1007 exspecta-

2084 1023 2232 1077 rent.
2265 1019 2402 1084 Quaa
2431 1037 2562 1076 cum
2591 1021 2922 1094 lacrymans
2966 1023 3284 1095 accepisset
3323 1025 3720 1087 Anastasiam,

2084 1112 2142 1162 et
2171 1123 2297 1164 eam
2327 1110 2626 1166 statuisset
2655 1127 2725 1167 ex
2752 1114 2992 1168 adverso
3021 1129 3154 1178 arae,
3187 1118 3436 1181 secreto,
3459 1120 3513 1169 et
3541 1113 3724 1168 Deum

2083 1199 2291 1254 testem
2325 1197 2608 1254 adhibens
2638 1216 2856 1270 eorum,
2884 1217 3011 1271 qua:
3035 1201 3266 1257 dicebat
3289 1218 3302 1257 :
3327 1202 3445 1273 Ego
3464 1201 3725 1272 quidem,

2085 1286 2302 1357 inquit,
2333 1303 2366 1342 o
2391 1286 2828 1355 jucundissima
2858 1289 2997 1357 (ilia,
3030 1305 3164 1345 cum
3197 1295 3252 1346 te
3279 1289 3530 1360 puellam
3561 1305 3730 1345 acce-

2086 1373 2330 1446 pissem,
2364 1373 2507 1430 nihil
2544 1392 2576 1430 a
2610 1375 2796 1446 primo
2846 1377 2940 1432 die
2981 1379 3050 1432 ad
3104 1381 3208 1433 hoc
3257 1393 3444 1448 usque
3492 1381 3727 1449 tempus

2087 1463 2425 1535 praetermisi
2484 1480 2587 1534 pro
2645 1463 2883 1534 viribus,
2945 1467 3100 1536 quod
3160 1467 3474 1537 pertineret
3533 1467 3603 1522 ad
3671 1471 3728 1522 te

2087 1552 2509 1607 instituendam
2561 1552 2618 1607 in
2667 1552 2761 1620 iis,
2795 1570 2924 1623 quae
2953 1555 3023 1608 ad
3071 1559 3249 1610 Deum
3298 1553 3611 1625 pertinent.
3642 1554 3726 1609 Tu

2090 1645 2283 1695 autem
2316 1657 2449 1696 cum
2470 1641 2596 1712 jam
2633 1641 2958 1711 perveneris
2981 1643 3050 1697 ad
3083 1647 3312 1699 aetatem
3347 1642 3728 1714 plenitudinis

2089 1729 2319 1798 Christi,
2347 1731 2488 1785 vade
2537 1731 2604 1784 ad
2639 1730 2833 1802 ipsum
2885 1731 3209 1788 exsultans.
3241 1733 3318 1787 Te
3348 1732 3502 1787 enim
3553 1730 3727 1786 hodie

339 1813 367 1867 δ
400 1811 585 1867 καλῶν
616 1809 888 1886 ἀψευδής·
919 1814 1006 1867 καὶ
1051 1814 1103 1867 οἱ
1141 1819 1242 1881 τῆς
1287 1817 1460 1888 χαρᾶς
1518 1811 1737 1888 ἄγγελοι
1791 1812 1981 1886 πάρει-

2094 1819 2443 1889 despondeo,
2475 1826 2527 1874 et
2553 1819 2749 1885 offero,
2773 1824 2830 1875 et
2852 1822 3038 1875 trado.
3065 1821 3338 1890 Eccejam
3371 1825 3460 1876 est
3488 1824 3724 1891 paratus

341 1921 444 1972 σιν,
478 1901 552 1963 ὡς
611 1903 840 1975 Χριστοῦ
898 1922 957 1956 σε
1009 1898 1360 1974 δεξιώσασθαι
1415 1902 1658 1980 νύμφην,
1698 1903 1787 1956 καὶ
1844 1901 1981 1974 πρὸς

2094 1906 2407 1974 thalamus,
2448 1915 2501 1962 et
2545 1907 2645 1978 qui
2697 1913 2754 1964 te
2799 1917 2985 1977 vocat,
3025 1913 3115 1964 est
3161 1925 3372 1964 verax:
3405 1913 3464 1963 et
3511 1909 3728 1963 adsunt

337 1989 465 2050 τοὺς
523 1988 803 2062 θαλάμους
878 1994 957 2062 τῷ
1034 1988 1249 2064 βασιλεῖ
1305 1996 1724 2066 συνεισαγαγεῖν.
1793 1987 1983 2058 Βάδιζε

337 2078 516 2132 τοίνυν
559 2080 657 2147 τήν
709 2080 898 2148 στενὴν
938 2078 1139 2148 ταύτην
1169 2077 1258 2133 καὶ
1316 2077 1712 2152 τεθλιμμένην,
1741 2075 1846 2140 ἕως
1895 2075 1984 2132 διὰ

337 2173 438 2235 τῆς
471 2166 603 2241 ὑπὲρ
633 2167 800 2222 αὐτοῦ
844 2167 1144 2242 μαρτυρίας
1187 2166 1238 2222 ἐν
1290 2167 1594 2242 εὐρυχώρῳ
1634 2169 1804 2240 στήσῃ
1858 2168 1984 2228 τοὺς

339 2254 510 2319 πόδας
567 2277 683 2315 σου.
726 2257 876 2314 Ἐπεὶ
925 2278 1012 2312 και
1054 2254 1258 2312 δίκαιον
1315 2258 1359 2311 ὦ
1417 2257 1622 2325 τέκνον,
1674 2255 1735 2311 ού
1797 2258 1980 2311 παθεῖν

343 2345 476 2420 ὑπὲρ
535 2348 770 2418 Χριστοῦ
799 2347 1010 2417 ξμόνον,
1044 2344 1190 2401 ἀλλὰ
1220 2346 1310 2400 καὶ
1341 2345 1638 2414 πολλάκις,
1679 2342 1829 2420 ε’ίπερ
1862 2347 1979 2400 οἷόν

337 2455 396 2489 τε
449 2435 540 2488 καὶ
595 2438 777 2505 τοῦτο,
810 2431 879 2489 δι’
905 2434 1105 2490 ὶκεῖνον
1151 2435 1458 2498 ἀποθανεῖν.
1493 2435 1552 2491 Εἰ
1606 2441 1712 2509 γὰρ
1769 2435 1981 2492 Δεσπό-

336 2543 438 2592 της
495 2520 568 2576 ὢν
627 2521 831 2584 ἐκεῖνος
871 2523 1100 2578 ἀπέθανε
1140 2521 1208 2578 δι’
1240 2526 1412 2595 ἡμᾶς,
1443 2527 1561 2585 πῶς
1611 2524 1673 2578 ού
1716 2527 1828 2602 χρὴ
1863 2521 1983 2578 δού-

338 2609 468 2674 λους
526 2607 682 2674 ὄντας
733 2613 881 2684 ἡμᾶς
948 2613 1040 2666 τὸν
1105 2611 1306 2667 ἐκείνου
1365 2613 1664 2688 προθύμως
1743 2615 1982 2686 μιμήσα-

340 2711 460 2764 σθαι
508 2702 771 2770 θάνατον;
803 2701 1030 2766 ’Ἄλλως
1066 2723 1124 2757 τε
1172 2698 1228 2756 δὲ
1279 2697 1403 2756 οὐδὲ
1434 2701 1676 2770 θάνατος,
1719 2699 1763 2755 ὦ
1815 2700 1982 2774 μέλος

338 2787 494 2863 ἒμὸν,
552 2791 586 2858 ἡ
657 2787 744 2844 διὰ
839 2790 1067 2863 Χριστὸν
1153 2789 1405 2856 τελευτὴ,
1463 2788 1590 2843 ἀλλ’
1656 2789 1981 2863 εὐφροσύνη,

339 2879 507 2958 χαρὰ,
539 2877 738 2949 ἡδονὴ,
770 2879 1122 2954 λαμπρότης,
1155 2877 1451 2953 ὡραιότης,
1501 2882 1637 2956 φῶς,
1686 2877 1829 2932 πολὺ
1887 2883 1984 2932 τοῦ

341 2969 518 3044 φωτὸς
575 2969 771 3023 τούτου
817 2966 1146 3043 γλυκύτερόν
1183 2987 1242 3021 τε
1296 2967 1385 3020 καὶ
1425 2965 1775 3041 ὡραιότερον.
1808 2964 1986 3020 Ηάντα

346 3054 609 3133 ἄφθαρτα,
667 3055 841 3111 πάντα
909 3051 1122 3130 βέϐαια,
1181 3055 1354 3109 πάντα
1452 3055 1678 3127 μόνιμα,
1763 3052 1983 3124 διηνεκῆ

2093 1996 2282 2052 nuntii
2315 1997 2536 2069 gaudii,
2571 2000 2635 2051 ut
2669 2001 2726 2051 te
2757 1997 3047 2068 accipiant
3075 1996 3286 2052 Christi
3337 2011 3640 2068 sponsam,
3671 1998 3728 2050 et

2094 2085 2387 2141 deducant
2417 2087 2486 2141 ad
2523 2085 2732 2156 Regem
2764 2085 2823 2140 in
2851 2101 3102 2156 superna
3147 2085 3537 2142 tabernacula.
3570 2082 3730 2139 Vade

2091 2190 2228 2246 ergo
2282 2191 2381 2246 per
2430 2174 2578 2230 hanc
2626 2178 2841 2229 arctam
2889 2178 2948 2228 et
2993 2180 3304 2246 angustam
3333 2173 3513 2241 viam,
3546 2173 3730 2228 donec

2093 2277 2194 2332 per
2225 2265 2571 2332 martyrium
2612 2277 2714 2332 pro
2750 2260 2878 2332 ipso
2920 2266 3278 2333 susceptum,
3310 2261 3370 2316 in
3419 2259 3730 2316 latitudine

2093 2353 2312 2404 statuat
2361 2350 2538 2420 pedes
2586 2353 2740 2404 tuos.
2768 2348 2913 2404 Nam
2953 2350 3182 2418 justum
3231 2353 3342 2419 est,
3374 2364 3408 2404 ο
3440 2347 3582 2417 filia,
3613 2362 3731 2402 non

2091 2439 2280 2494 solum
2303 2454 2406 2509 pro
2429 2436 2659 2493 Christo
2692 2437 2834 2510 pati,
2859 2438 2960 2493 sed
2995 2437 3167 2493 etiam
3195 2453 3362 2508 sape,
3386 2436 3436 2492 si
3468 2435 3576 2492 hoc
3606 2434 3730 2491 ﬁeri

2091 2533 2301 2598 posset,
2345 2527 2494 2581 mori
2547 2537 2777 2598 propter
2827 2525 3016 2581 illum.
3057 2526 3116 2580 Si
3164 2525 3340 2594 enim,
3386 2539 3520 2579 cum
3576 2527 3732 2579 esset

2091 2614 2396 2682 Dominus,
2430 2620 2698 2670 mortuus
2727 2619 2815 2670 est
2847 2621 3080 2684 propter
3131 2629 3258 2678 nos,
3289 2612 3580 2684 quomodo
3613 2627 3727 2667 non

2092 2709 2314 2774 oportet
2344 2719 2471 2772 nos,
2503 2720 2637 2760 cum
2696 2703 2882 2760 simus
2941 2701 3108 2770 servi,
3141 2707 3408 2774 prompto
3451 2705 3508 2757 et
3553 2699 3730 2756 alacri

2093 2794 2289 2847 animo
2338 2792 2555 2848 imitari
2605 2791 2764 2847 illius
2809 2791 3104 2847 mortem?
3145 2793 3359 2845 Verum
3419 2805 3522 2845 nec
3573 2804 3730 2844 mors

2093 2881 2325 2950 quidem
2357 2889 2460 2945 est,
2493 2897 2526 2936 o
2558 2881 2695 2946 ﬁlia,
2728 2887 2960 2952 propter
2985 2881 3272 2936 Christum
3305 2880 3602 2946 decessus,
3625 2878 3726 2934 sed

2095 2967 2313 3034 laetitia,
2347 2968 2647 3039 gaudium,
2681 2968 2964 3039 voluptas,
3005 2967 3296 3039 splendor,
3329 2967 3726 3039 pulchritudo,

2094 3057 2195 3113 lux
2225 3056 2394 3129 longe
2428 3057 2532 3113 hac
2564 3057 2691 3113 luce
2711 3057 2937 3112 dulcior
2957 3066 3014 3112 et
3034 3057 3349 3129 pulchrior.
3373 3056 3584 3112 Omnia
3608 3053 3726 3111 illic

345 3146 542 3215 πάντα,
581 3145 670 3200 καί
712 3142 971 3199 οὐδέποτε
1029 3142 1288 3216 λήγοντα.
1323 3144 1412 3212 Μή
1446 3140 1536 3212 δὴ,
1571 3147 1615 3197 ῶ
1673 3140 1982 3217 σπλάγχνον

2096 3148 2167 3203 ab
2199 3149 2436 3204 interitu
2487 3147 2686 3214 libera,
2715 3147 2912 3204 omnia
2957 3147 3128 3202 ﬁrma
3156 3163 3224 3202 ac
3252 3144 3506 3210 stabilia,
3537 3143 3728 3201 omnia

347 3231 478 3307 ἐμὸν
528 3213 667 3307 πρὸς
721 3234 784 3289 τὸ
825 3213 1465 3307 αὐστηρὸν-ἀποϐλέψῃς
1530 3236 1636 3287 τῶν
1688 3213 1982 3305 τυράννων,

2098 3242 2375 3309 perpetua
2403 3243 2459 3293 et
2488 3253 2789 3309 nunquam
2841 3235 3188 3292 desinentia.
3223 3236 3305 3291 Ne
3352 3234 3664 3306 aspexeris,
3695 3249 3727 3290 ο

349 3324 438 3378 καὶ
477 3325 539 3379 τὸ
571 3322 738 3398 δριμὺ
771 3327 878 3379 τῶν
915 3321 1198 3378 κολάσεων
1229 3343 1241 3354 ·
1285 3323 1446 3384 αὐτὸς
1481 3322 1582 3397 γάρ
1633 3342 1714 3376 σοι
1758 3322 1992 3396 Χριστὸς

343 3413 371 3466 ὁ
414 3413 645 3490 νυμφίος
700 3414 728 3468 ὁ
779 3414 870 3476 σὸς
911 3414 1335 3489 παραστήσεται,
1379 3411 1474 3472 τὰς
1527 3409 1716 3473 ὀδύνας
1771 3409 1986 3466 ἐπικου-

342 3502 514 3576 φίζων
579 3501 670 3557 καὶ
726 3507 834 3558 τῶν
890 3503 1140 3578 ἀναγκῶν
1196 3499 1596 3576 ἐξαιρούμενος.
1658 3500 1722 3556 Εἰ
1787 3497 1843 3554 δὲ
1898 3501 1985 3554 καὶ

344 3592 539 3666 μικρόν
599 3612 657 3646 σε
707 3593 1054 3666 συγχωρήσει
1128 3597 1527 3658 κακοπαθῆσαι,
1596 3586 1734 3644 ὥστε
1784 3609 1880 3643 σου
1926 3589 1988 3642 τὸ

342 3677 594 3752 δοκίμιον
667 3687 766 3748 τῆς
829 3679 1061 3742 πίστεως
1139 3679 1422 3750 ὑπομονὴν
1507 3678 1984 3752 κατεργάσασθαι·

343 3766 470 3823 ἀλλ’
516 3768 616 3823 οὐκ
662 3767 739 3830 εἷς
805 3766 964 3829 τέλος
1030 3766 1409 3841 ἐγκαταλείψει
1475 3767 1564 3820 καὶ
1621 3769 1983 3841 περιόψεται’

341 3855 468 3913 ἀλλ’
500 3855 578 3912 ἔτι
629 3877 723 3912 σου
773 3857 1112 3930 καμνούσης,
1146 3851 1496 3926 σϐεσθήσεται
1561 3857 1656 3928 μὲν
1705 3857 1739 3924 ἡ
1787 3853 1986 3927 δριμύ-

340 3967 440 4016 της
469 3951 575 4001 τῶν
609 3945 898 4020 ἀλγεινῶν,
930 3945 1212 4000 ἀναστελεῖ
1260 3942 1316 3999 δέ
1364 3966 1449 3999 σοι
1497 3941 1843 4018 παράκλησις
1896 3943 1985 3998 καὶ

341 4035 455 4112 φῶς
514 4033 603 4090 καὶ
647 4037 758 4105 ζωή
794 4055 851 4089 σε
878 4033 1211 4107 περιστελεῖ,
1241 4034 1333 4089 καὶ
1383 4035 1418 4103 ἡ
1465 4030 1590 4104 δόξα
1649 4033 1854 4107 Κυρίου
1888 4053 1988 4088 κυ-

339 4123 540 4180 κλώσει
602 4145 677 4179 σε.
734 4125 875 4196 Πρὸς
932 4128 1101 4179 ταῦτα
1148 4125 1182 4192 ἠ
1233 4122 1520 4196 παρθένος,
1566 4122 1758 4196 Εύχῆς
1801 4120 1984 4196 ἔργον,

341 4214 386 4268 ὦ
447 4220 644 4288 μῆτερ,
683 4210 808 4287 ἔφη,
840 4215 928 4268 καὶ
989 4220 1088 4282 τῆς
1145 4212 1344 4274 ἄνωθεν
1405 4211 1580 4283 ῥοπῆς
1612 4229 1669 4264 τε
1701 4209 1791 4264 καὶ
1849 4230 1986 4282 συμ-

345 4302 549 4377 μαχίας
605 4304 666 4357 τὸ
729 4305 804 4374 μή
863 4302 1000 4372 πρὸς
1053 4300 1321 4369 τοσαύτην
1381 4299 1645 4371 ὡμότητα
1715 4298 1986 4370 τυράννων

341 4390 429 4445 καὶ
473 4389 668 4463 μανίαν
700 4391 1085 4464 ἀπαγορεῦσαι.
1125 4409 1153 4433 ι’
1183 4388 1262 4444 Τὸ
1296 4387 1390 4460 μὲν
1434 4388 1536 4462 γὰρ
1590 4390 1811 4459 Πνεῦμα
1852 4387 1986 4461 πρό-

344 4491 538 4551 θυμον,
571 4480 604 4548 ἡ
640 4475 697 4533 δὲ
736 4477 862 4552 σὰρξ
884 4477 1112 4543 ἀσθενής
1143 4495 1156 4508 ο
1194 4499 1221 4527 ››
1252 4474 1399 4531 ἄλλα
1425 4472 1652 4546 δεήθητι
1679 4479 1775 4530 τοῦ
1805 4479 1987 4530 κοινοῦ

2093 3325 2214 3382 tilia
2245 3341 2396 3392 mea,
2425 3326 2492 3380 ad
2525 3324 2902 3380 acerbitatem
2946 3329 3348 3396 tyrannorum,
3378 3329 3433 3378 et
3473 3321 3729 3394 gravita-

2091 3419 2207 3471 tem
2265 3413 2707 3485 suppliciorum.
2771 3414 2900 3484 Ipse
2946 3413 3102 3467 enim
3151 3410 3420 3468 Christus
3476 3425 3728 3482 sponsus

2091 3508 2230 3559 tuus
2288 3502 2388 3556 tibi
2443 3501 2647 3566 aderit,
2696 3499 2923 3556 dolores
2981 3500 3259 3566 allevans,
3291 3505 3348 3555 et
3393 3499 3644 3569 eripiens
3693 3514 3728 3554 a

2091 3590 2560 3647 necessilatibus.
2609 3591 2768 3656 Quod
2820 3588 2871 3644 si
2921 3588 3096 3644 etiam
3145 3589 3516 3657 concesserit,
3549 3591 3615 3642 ut
3662 3592 3724 3642 tu

2091 3678 2375 3735 malorum
2419 3678 2639 3750 aliquid
2692 3677 3056 3750 perpetiaris,
3095 3693 3210 3747 quo
3255 3683 3416 3731 tuam
3465 3674 3726 3730 toleran-

2089 3769 2231 3824 tiam
2285 3767 2499 3822 efﬂciat
2555 3775 2663 3821 tum
2723 3765 2857 3821 ﬁdei
2909 3764 3325 3835 probationem,
3375 3767 3435 3818 at
3490 3779 3604 3818 non
3664 3762 3724 3818 in

2091 3859 2265 3913 tinem
2298 3859 2524 3911 deseret
2553 3859 2611 3910 et
2641 3855 2940 3924 despiciet,
2965 3853 3063 3908 sed
3097 3857 3152 3907 te
3181 3851 3371 3906 adhuc
3401 3850 3722 3918 laborante,

2089 3946 2495 4015 exstinguetur
2523 3943 2756 4014 quidem
2791 3941 3056 3997 dolorum
3086 3939 3402 3995 acerbitas:
3435 3937 3725 3994 exorietur

2090 4045 2284 4094 autem
2318 4035 2422 4091 tibi
2453 4033 2766 4090 consolatio
2795 4038 2851 4086 et
2879 4031 2976 4086 lux
3009 4046 3023 4085 :
3055 4034 3112 4085 et
3156 4030 3271 4084 vita
3302 4032 3358 4084 te
3389 4027 3636 4093 amiclet,
3667 4028 3725 4082 et

2090 4127 2275 4198 gloria
2304 4121 2712 4180 circumdabit.
2743 4119 2828 4175 Ad
2861 4119 2982 4174 haec
3013 4118 3210 4189 virgo:
3235 4116 3567 4188 Optandum
3599 4114 3724 4186 qui-

2089 4218 2219 4270 dem
2268 4221 2372 4281 est,
2407 4213 2615 4280 inquit,
2648 4227 2680 4266 o
2711 4213 2919 4275 mater,
2951 4213 3008 4263 et
3049 4207 3338 4262 orandum
3387 4209 3452 4260 ut
3490 4204 3640 4275 quod
3691 4219 3726 4258 a

2090 4301 2286 4358 divino
2340 4299 2738 4372 proﬁciscatur
2781 4296 3018 4362 auxilio,
3050 4312 3122 4350 ne
3149 4296 3220 4349 ad
3265 4297 3480 4349 tantam
3529 4300 3723 4363 tyran-

2092 4406 2298 4446 norum
2349 4386 2750 4445 crudelitatem
2783 4393 2837 4440 et
2866 4384 3154 4441 insaniam
3197 4382 3482 4438 deficiam.
3517 4402 3546 4431 ι(
3576 4377 3723 4435 Nam

2091 4479 2335 4551 spiritus
2395 4477 2625 4549 quidem
2675 4479 2764 4530 est
2821 4477 3150 4546 promptus,
3198 4487 3328 4526 caro
3379 4475 3572 4525 autem
3629 4468 3729 4522 in—

344 4567 644 4639 Δεσπότου,
709 4567 798 4622 καὶ
864 4563 1134 4621 ἱκέτευσον
1208 4565 1370 4620 αὐτὸν
1429 4565 1577 4626 ὅπως
1635 4561 1982 4636 ἐξαποστείλῃ

2101 4569 2267 4624 ﬁrma
2299 4566 2357 4622 ‘z
2392 4588 2420 4616 »
2452 4567 2550 4622 sed
2603 4580 2741 4636 roga
2783 4577 3156 4620 communem
3207 4559 3544 4624 Dominum,
3573 4561 3632 4612 et
3677 4555 3730 4610 ei

350 4678 442 4731 μοι
502 4655 729 4730 δύναμιν
781 4655 831 4726 ἐξ
880 4655 1070 4730 ὕψους,
1104 4652 1171 4710 δι’
1204 4656 1268 4723 ἧς
1325 4654 1773 4722 ἀντικαταστῆναι
1831 4649 1990 4721 δυνή-

349 4767 517 4820 σομαι
573 4747 706 4820 πρὸς
770 4744 913 4800 οὕτω
960 4748 1138 4799 κακῶν
1174 4744 1481 4818 βαρυτάτην
1512 4742 1808 4817 ὲπαγωγήν
1843 4760 1857 4774 ο
1897 4740 1986 4796 καὶ

349 4834 660 4903 σπουδάσω,
697 4842 869 4909 μῆτερ
926 4835 1058 4907 ὲμή,
1103 4831 1173 4906 τῇ
1243 4831 1446 4887 ἐκείνου
1504 4829 1785 4902 δυναστείᾳ
1847 4851 1986 4904 κρα-

350 4926 672 4997 ταιουμένη,
706 4921 795 4978 διὰ
851 4921 1044 4984 τέλους
1105 4942 1188 4976 σοι
1220 4927 1484 4994 ἴτηρῆσαι
1539 4920 1633 4982 τὰς
1691 4920 1991 4990 ὑποθήκας,

351 5014 444 5069 καὶ
479 5011 736 5086 οὐδεμιᾶς
766 5012 972 5068 τούτων
1005 5009 1344 5084 όλιγωρήσω
1384 5009 1418 5078 ἢ
1452 5007 1810 5081 ἐπιλήσομαι.

430 5105 510 5165 Δ’.
550 5103 731 5159 Ταῦτα
799 5105 902 5169 τῆς
992 5097 1261 5172 παρθένου
1330 5093 1628 5166 δεξιούσης,
1681 5095 1770 5150 καὶ
1847 5094 1991 5150 οὕτω

355 5190 610 5270 γλυκείας
686 5193 754 5263 τῇ
833 5185 1146 5259 διδασκάλῳ
1213 5184 1548 5258 ποιουμένης
1593 5184 1683 5240 καὶ
1739 5185 1990 5248 ποθεινὰς

355 5280 451 5344 τὰς
505 5276 856 5354 ἐπαγγελίας,
887 5275 1227 5337 ἐπιπεσόντες
1284 5274 1479 5349 ἀθρόον
1534 5275 1586 5328 οἱ
1644 5277 1990 5348 στρατιῶται,

357 5370 447 5425 καὶ
506 5368 746 5438 καθάπερ
813 5365 992 5436 ἀρνίον
1068 5371 1167 5432 τῆς
1243 5363 1450 5438 μητρὸς
1524 5362 1694 5432 αὐτὴν
1749 5359 1992 5416 ἀποσπά-

359 5478 564 5528 σαντες,
594 5453 783 5511 κλοιόν
833 5473 891 5509 τε
939 5451 1196 5524 σιδηροῦν
1253 5446 1672 5529 περιϐάλλουσι,
1711 5449 1802 5506 καὶ
1857 5450 1994 5526 χαί-

435 5643 452 5678 ί
486 5639 688 5698 Μαιιὶι.
718 5655 871 5708 ιινι,
903 5636 990 5696 41.

2099 4657 2383 4729 supplica,
2415 4660 2478 4710 ut
2525 4655 2718 4710 mittat
2768 4653 2839 4709 ad
2891 4667 2984 4707 me
3025 4651 3299 4706 virtutem
3344 4664 3414 4703 ex
3459 4647 3598 4711 alto,
3631 4661 3731 4715 per

2098 4761 2275 4817 quam
2307 4748 2504 4816 potero
2535 4741 2804 4797 resistere
2833 4743 2952 4794 tam
2975 4737 3275 4809 gravibus,
3297 4749 3420 4805 qua
3453 4731 3730 4803 inﬂigun-

2099 4839 2217 4902 tur,
2250 4831 2456 4888 malis:
2489 4835 2546 4886 et
2591 4829 2860 4896 studeho,
2891 4830 3080 4881 mater
3125 4840 3271 4891 mea,
3321 4821 3480 4877 illius
3522 4819 3733 4876 contir-

2100 4927 2257 4978 mata
2312 4919 2546 4986 virtute,
2606 4925 2705 4973 tua
2761 4920 2982 4971 monita
3034 4919 3312 4986 perpetuo
3367 4922 3731 4974 conservare,

2101 5026 2288 5081 neque
2319 5008 2500 5064 ullum
2534 5022 2736 5062 eorum
2769 5003 3082 5075 negligam,
3115 5005 3215 5056 aut
3243 4999 3373 5069 ejus
3399 4995 3730 5053 obliviscar.

2172 5098 2264 5155 ιν.
2297 5099 2441 5154 Cum
2499 5095 2618 5150 haec
2674 5096 2836 5166 virgo
2894 5091 3125 5156 diceret,
3170 5093 3227 5144 et
3274 5085 3565 5156 magistrae
3609 5090 3731 5139 tam

2102 5187 2295 5244 dulcia
2328 5190 2386 5242 et
2409 5184 2672 5255 jucunda
2718 5182 2930 5237 faceret
2974 5176 3275 5249 promissa,
3307 5173 3605 5229 irruerunt
3633 5187 3732 5227 re-

2101 5283 2269 5349 pente
2331 5274 2568 5338 milites,
2610 5277 2667 5328 et
2712 5286 2839 5326 eam
2896 5273 3178 5339 tanquam
3235 5279 3443 5334 agnam
3488 5278 3522 5317 a
3554 5265 3736 5316 matre

2100 5366 2430 5432 avellentes,
2464 5363 2776 5434 imponunt
2812 5358 2863 5413 ei
2897 5358 3144 5413 ferreum
3193 5353 3424 5419 collare,
3455 5356 3512 5407 et
3542 5349 3732 5406 laetam

2102 5457 2401 5514 adducunt
2446 5452 2518 5506 ad
2567 5449 2898 5522 praesidem.
2950 5445 3055 5502 Illa
3103 5448 3300 5501 autem
3343 5441 3394 5498 ei
3444 5444 3606 5496 stans
3663 5452 3732 5495 ex
