4128 6274
383 323 539 385 1299

1718 321 1884 383 ΜΕΝ
1894 318 2005 381 SIS
2047 314 2425 379 OCTOBER.

3651 297 3856 356 1300

384 483 644 551 adverso,
677 485 867 539 mente
900 482 1081 538 multo
1129 481 1316 554 magis
1355 481 1585 536 Christo
1634 480 1861 536 astabat
1909 495 2015 535 suo

2152 493 2321 528 νουσαν
2373 467 2565 544 ὂίγουσι
2593 465 2731 540 πρὸς
2759 466 2850 520 τὸν
2878 463 3145 539 ἡγεμόνα.
3176 463 3242 520 Ἡ
3300 459 3359 516 ὁὶ
3414 461 3559 515 κατά
3623 458 3851 533 πρόα-

384 588 621 642 sponso,
664 576 720 626 et
766 576 887 627 toto
935 570 1115 625 animi
1166 570 1379 625 intuitu
1411 570 1481 624 ad
1514 585 1647 624 eum
1703 568 2022 639 aspiciebat

384 667 439 714 et
485 659 546 714 in
594 660 720 729 ejus
776 658 1026 730 speciem
1077 664 1133 714 et
1180 658 1677 729 pulchritudinem
1737 656 2023 727 deﬁgebat

386 748 585 803 oculos
618 746 1027 818 intelligentia.
1052 750 1231 819 Atque
1261 749 1573 819 stupebant
1594 747 1830 818 quidem
1857 749 2023 814 quot-

389 840 533 907 quot
588 836 847 902 aderant,
893 841 951 891 et
1005 836 1261 908 corporis
1319 837 1446 906 eius
1503 834 2019 907 pulchritudinem,

389 924 635 994 ejusque
682 924 1137 979 moderationem
1168 929 1225 980 et
1256 925 1455 980 vultus
1492 923 1849 996 dignitatem.
1884 922 2023 978 Pro-

391 1013 501 1068 bus
557 1018 752 1068 autem
806 1029 933 1068 eam
992 1014 1246 1085 primum
1297 1013 1522 1085 rogavit
1568 1014 1723 1085 quod
1770 1016 1926 1068 esset
1970 1013 2023 1068 ei

393 1116 627 1157 nomen.
670 1101 883 1173 Martyr
929 1108 1156 1171 autem;
1190 1102 1394 1171 Vocor,
1437 1103 1645 1173 inquit,
1698 1100 2022 1158 Anastasis.

394 1189 548 1244 Deus
578 1189 733 1245 enim
767 1206 858 1246 me
888 1190 1018 1246 fecit
1046 1206 1304 1262 surgere,
1328 1194 1389 1245 ut
1417 1196 1495 1258 te,
1520 1199 1574 1247 et
1605 1195 1826 1262 patrem
1857 1194 2024 1245 tuum

394 1277 567 1333 hodie
588 1278 805 1347 pudore
826 1278 1089 1334 afﬁciam.
1117 1279 1343 1334 Probus
1365 1295 1495 1335 vero
1517 1280 1719 1334 videns
1740 1278 2023 1350 virginem

394 1364 452 1420 in
487 1365 770 1437 principio
820 1371 942 1422 tam
985 1383 1188 1439 aspere
1236 1367 1859 1437 respondisse,-statuit
1899 1383 2027 1422 eam

395 1454 633 1525 aggredi
666 1453 985 1520 blanditiis,
1015 1459 1071 1509 et
1100 1455 1185 1510 sic
1216 1454 1441 1510 mollire
1470 1454 1837 1525 asperitatem
1868 1454 2029 1511 illius

398 1543 455 1595 et
482 1540 781 1607 duritiem,
814 1542 1081 1598 nesciens
1111 1543 1339 1614 qualem
1365 1544 1630 1614 frangere
1661 1544 1945 1613 animum,
1977 1551 2032 1599 et

398 1630 628 1699 qualem
673 1631 824 1685 circa
872 1631 1041 1687 fidem
1091 1636 1457 1688 adamanlem
1508 1636 1736 1701 putaret
1772 1649 1834 1689 se
1865 1648 2032 1703 posse

399 1724 717 1775 conterere.
752 1720 985 1775 Dicebat
1026 1720 1258 1789 itaque:
1291 1722 1415 1777 Tibi
1444 1721 1704 1787 consulo,
1737 1739 1769 1777 ο
1802 1721 1940 1787 tilia,
1975 1728 2036 1776 ut

2129 585 2280 619 ωπον
2335 561 2535 617 ἐκείνου
2594 563 2781 627 στᾶσα,
2822 557 2913 611 καὶ
2962 554 3110 626 αύτῷ
3156 552 3489 629 παρεστάναι
3548 548 3852 605 δοκοῦσι

2128 651 2273 707 πολὺ
2308 649 2520 724 μᾶλλον
2565 650 2634 720 τῇ
2676 643 2883 716 διανοίᾳ
2912 645 3131 715 Χριστῷ
3176 646 3255 713 τῷ
3302 642 3502 709 ἑαυτῆς
3562 637 3849 714 νυμφίῳ

2129 740 2449 815 παρίστατο,
2480 738 2572 792 καὶ
2628 734 2746 806 ὅλῳ
2792 738 2871 805 τῷ
2921 739 3023 801 τῆς
3071 734 3257 805 ψυχῆς
3290 728 3581 804 βλέμματι
3664 726 3847 801 πρὸς

2132 828 2289 885 αὐτὸν
2323 827 2485 901 ἐώρα,
2507 826 2597 880 καὶ
2637 828 2711 895 τῷ
2750 820 2948 878 κάλλει
2976 819 3175 875 τούτου
3205 819 3295 873 καὶ
3334 821 3403 891 τῇ
3453 815 3845 892 ὡραιότητι,

2131 920 2329 991 νοερῶς
2374 916 2440 984 ἦν
2506 912 2843 981 ἀτενίζουσα,
2912 911 3119 970 Πάντας
3184 908 3278 981 μὲν
3353 904 3445 962 οῦν
3523 902 3845 976 ἔκπληξις

2133 1008 2248 1081 εἶχε
2299 1003 2424 1066 τοῦς
2455 1002 2725 1078 παρόντας
2759 999 2847 1055 ἐπί
2908 1019 2969 1054 τε
3020 1000 3092 1067 τῆ
3147 1001 3243 1052 τοῦ
3309 996 3563 1069 σώματος
3621 993 3838 1062 αὐτῆς

2134 1095 2269 1170 ὥρᾳ,
2328 1096 2416 1150 καὶ
2465 1097 2543 1164 τῷ
2608 1091 2865 1164 εὐκόσμῳ
2932 1092 3030 1144 τοῦ
3089 1089 3544 1163 παραστήματος.
3606 1086 3681 1142 Ὀ
3760 1081 3837 1142 δὲ

2136 1178 2370 1259 Πρόϐος,
2400 1181 2463 1240 Τί
2510 1202 2600 1236 σοι
2652 1180 2825 1253 ὄνομα
2852 1198 2868 1249 ;
2899 1181 3115 1252 πρῶτον
3170 1176 3340 1245 αὐτὴν
3391 1173 3576 1249 ἤρετο.
3616 1173 3743 1230 Καὶ
3784 1175 3829 1242 ἡ

2141 1275 2376 1350 μάρτυς,
2427 1272 2749 1329 Ἀναστασία
2845 1269 3163 1342 καλοῦμαι,
3230 1268 3403 1345 φησί.
3478 1266 3579 1323 Καὶ
3691 1265 3827 1340 γὰρ

2136 1361 2393 1432 ἀνέστησέ
2444 1382 2508 1434 με
2574 1362 2602 1415 ὁ
2659 1359 2887 1429 Κύριος,
2918 1355 3059 1412 ὥστε
3114 1355 3205 1411 καὶ
3272 1355 3329 1410 σε
3374 1356 3646 1427 τήμερον,
3702 1352 3823 1405 καὶ

2137 1450 2341 1525 πατέρα
2393 1450 2484 1505 τὸν
2538 1449 2653 1519 σὸν,
2703 1449 2760 1510 ὅς
2819 1446 2963 1502 ἐστιν
3014 1447 3041 1500 ὁ
3108 1445 3376 1518 πονηρὸς,
3404 1446 3825 1519 καταισχῦναι,

2138 1542 2201 1598 Ὁ
2258 1545 2388 1616 γοῦν
2444 1533 2677 1612 Πρόϐος,
2739 1534 2882 1591 οὕτω
2938 1534 3196 1609 τραχείας
3273 1529 3402 1586 ἰδὼν
3475 1530 3626 1606 παρᾶ
3694 1530 3821 1596 τήν

2141 1629 2321 1703 ἀρχὴν
2380 1624 2674 1681 δεδωκυῖαν
2751 1625 2849 1693 τήν
2945 1623 3212 1697 παρθένον
3287 1621 3383 1682 τὰς
3452 1618 3823 1691 ἀποκρίσεις,

2143 1716 2280 1792 ἔγνω
2313 1714 2568 1779 θωπείαις
2596 1713 2766 1781 αὐτὴν
2799 1709 3070 1780 ὑπελθεῖν,
3110 1711 3200 1765 καὶ
3240 1709 3412 1783 ταύτῃ
3472 1708 3533 1764 τὸ
3592 1705 3821 1782 πικρὸν

401 1822 469 1861 εει
514 1807 718 1878 eligas,
749 1824 871 1879 quae
912 1814 1052 1864 sunt
1100 1810 1207 1865 tibi
1258 1810 1445 1879 utilia,
1477 1815 1536 1866 et
1566 1810 1797 1882 magnis
1839 1810 1951 1864 diis
1980 1813 2035 1865 te

2152 1805 2315 1861 ἐκεῖνο
2355 1800 2732 1877 καταμαλάξαι
2788 1802 2879 1855 xui
2928 1799 3196 1874 αὐστηρὸν
3234 1798 3324 1852 καὶ
3355 1796 3667 1870 ἀπότομόν,
3700 1796 3827 1851 οὐκ

2176 1892 2223 1907 ιδ
2243 1894 2255 1907 ο
2365 1891 2390 1907 n
2494 1893 2508 1907 ρ
2748 1894 2775 1905 ~
2921 1893 2932 1907 I
3040 1890 3053 1905 κ
3164 1885 3189 1907 Η
3384 1906 3392 1907 κ
3421 1887 3432 1902 1
3452 1890 3463 1907 I
3552 1896 3574 1907 Α
3604 1906 3609 1907 ,
3678 1905 3741 1907 -κ
3761 1904 3781 1907 Α
3800 1884 3817 1907 8

403 1897 707 1966 adjungas,
740 1902 795 1951 et
824 1896 909 1952 eis
940 1913 1054 1952 una
1085 1899 1388 1954 nobiscum
1420 1898 1726 1954 sacriﬁcas.
1762 1899 1853 1954 Sic
1883 1900 2036 1954 enim

404 1984 524 2041 viro
574 1986 810 2055 quidem
852 1988 1121 2058 jungeris
1164 1988 1557 2052 matrimonio,
1606 1988 1774 2058 cujus
1823 1988 1934 2043 erit
1978 1987 2037 2042 in

406 2075 633 2129 civitate
680 2075 930 2130 maxima
974 2075 1307 2144 auctoritas,
1355 2077 1644 2132 addentur
1691 2080 1884 2131 autem
1933 2074 2036 2131 tibi

408 2179 640 2234 quoque
672 2166 953 2235 pecunia,
986 2181 1218 2232 aurum,
1251 2173 1578 2237 argentum,
1608 2174 1814 2231 vestes,
1844 2163 2039 2220 multi-

409 2254 551 2308 tudo
601 2252 1045 2324 mancipiorum,
1075 2256 1303 2325 erisque
1347 2254 1652 2326 splendida
1684 2259 1740 2310 et
1768 2254 2040 2326 insignis.

408 2341 577 2411 Apud
611 2346 661 2395 te
689 2358 820 2410 ergo
866 2343 1189 2410 considera,
1222 2342 1279 2396 id
1323 2342 1549 2398 consilii
1599 2343 1851 2413 capiens,
1885 2342 2040 2414 quod

406 2436 463 2484 et
493 2436 603 2484 tua;
635 2430 943 2485 conveniat
972 2430 1413 2499 pulchritudini,
1439 2440 1493 2487 et
1517 2432 1694 2486 animi
1726 2432 2038 2499 nobilitati,

406 2534 594 2590 neque
632 2520 775 2574 velis
806 2520 903 2573 irae
935 2524 1141 2573 nostra:
1192 2520 1375 2575 facere
1425 2520 1765 2590 periculum,
1802 2536 1904 2575 nec
1950 2520 2042 2574 di-

406 2622 563 2661 scere
593 2615 873 2676 quantum
906 2607 983 2660 sit
1014 2606 1225 2661 malum
1276 2608 1564 2677 impietas.
1597 2608 1714 2677 Ego
1745 2609 1901 2662 enim
1935 2611 2042 2660 tua:

405 2692 883 2764 pulchritudinis,
916 2699 1196 2764 tanquam
1231 2695 1431 2752 eodem
1463 2701 1623 2751 ortus
1656 2696 1963 2767 sanguine,
1988 2701 2045 2750 et

408 2787 545 2837 tuus
579 2785 740 2852 pater
768 2784 1089 2839 secundum
1123 2798 1356 2840 carnem
1389 2784 1553 2854 (deos
1582 2783 1809 2855 testor),
1842 2800 2042 2839 curam

407 2886 635 2941 gerens,
684 2887 930 2943 suggero
975 2889 1101 2943 quas
1143 2878 1282 2929 sunt
1331 2875 1654 2944 profutura.
1686 2873 1849 2937 Quod
1896 2873 1946 2928 si
1983 2879 2045 2929 tu

411 2959 500 3014 bis
533 2976 645 3015 non
678 2960 957 3031 parueris,
985 2978 1171 3032 neque
1194 2962 1340 3017 meis
1372 2963 1616 3019 cesseris
1646 2962 2043 3030 suasionibus,

408 3063 644 3104 necesse
674 3052 785 3104 erit
815 3054 878 3104 ut
920 3066 1101 3105 meam
1152 3050 1426 3121 deinceps
1476 3054 1691 3105 tantam
1736 3050 2045 3121 experieris

409 3139 711 3208 saavitiam,
735 3144 955 3211 quanta
977 3156 1133 3196 nunc
1166 3140 1521 3213 benignitate
1554 3140 1763 3196 frueris
1788 3146 1846 3196 et
1876 3157 2046 3196 man-

408 3230 757 3285 suetudine:
793 3247 907 3301 quo
948 3236 1204 3301 tempore
1235 3233 1292 3283 et
1319 3230 1368 3285 si
1401 3230 1633 3286 ducaris
1682 3230 2040 3301 paenitentia.

406 3317 550 3373 nihil
586 3320 829 3375 fortasse
858 3318 961 3374 tibi
995 3318 1267 3389 proderit.

2147 1892 2306 1956 εἰδὼς
2337 1891 2456 1948 οἵαν
2489 1893 2879 1970 ὑποχαυνῶσαι
2908 1890 3113 1964 ψυχήν,
3138 1885 3261 1942 οτίου
3292 1887 3637 1961 παράψασθαι
3672 1884 3821 1959 περὶ

2144 1983 2243 2051 τὴν
2301 1983 2480 2037 πίστιν
2545 1978 2853 2054 ἀδάμαντος
2905 1976 3063 2051 ᾤετο.
3097 1975 3346 2050 Ἀμέλει,
3385 1976 3475 2032 xui
3540 1972 3817 2044 πείσθητί

2149 2092 2264 2144 μοι,
2298 2066 2663 2144 συμϐουλεύω
2713 2091 2820 2135 σοι,
2880 2068 3128 2141 θύγατερ,
3171 2062 3347 2142 ἔλεγε,
3404 2063 3473 2120 τὰ
3528 2062 3811 2132 λυσιτελῆ

2148 2164 2317 2235 σαυτῇ
2366 2162 2716 2236 προελέσθαι,
2747 2161 2890 2221 θεοῖς
2926 2178 2984 2211 τε
3031 2160 3149 2218 τοῖς
3185 2152 3452 2232 μεγάλοις
3488 2152 3811 2221 συνθέσθαι,

2146 2253 2233 2305 xui
2292 2250 2555 2309 κοινωνὸς
2622 2251 2756 2320 ἡμῖν
2816 2253 2915 2315 τῆς
2965 2246 3143 2300 αὐτῶν
3194 2249 3521 2313 καταστῆναι
3579 2243 3806 2307 θυσίας.

2148 2342 2307 2398 Οὕτω
2347 2339 2449 2413 γὰρ
2516 2336 2670 2412 ἀνδρί
2733 2338 2826 2410 μὲν
2884 2335 2961 2390 ένὶ
3012 2336 3435 2409 συναρμοσθήσῃ
3475 2338 3582 2389 τῶν
3627 2332 3806 2404 ἆξιὼ-

2151 2450 2320 2502 ματος
2360 2428 2505 2502 παρὰ
2558 2431 2627 2500 τῇ
2679 2426 2841 2481 πόλει
2907 2430 3006 2480 τοῦ
3095 2426 3351 2498 μεγίστου
3421 2422 3742 2495 ἠξιωμένων
3782 2439 3800 2452 ’

2147 2519 2569 2591 προστεθήσεται
2601 2513 2658 2569 δέ
2706 2535 2790 2569 σοι
2839 2515 2930 2568 xui
2971 2516 3254 2589 χρήματα,
3279 2513 3506 2587 χρυσὸς.
3538 2509 3798 2586 ἄργυρος,

2147 2606 2388 2674 ἐσθῆτες,
2445 2600 2799 2677 ἀνδραπόδων
2853 2601 3089 2672 πληθὺς,
3147 2602 3238 2657 καὶ
3306 2599 3534 2674 λαμπρά
3587 2601 3797 2675 γενήσῃ

2145 2694 2287 2767 ταχὺ
2334 2694 2422 2747 καὶ
2474 2689 2780 2766 περίδοξος.
2824 2692 3025 2765 Σκέψαι
3081 2694 3365 2766 τοιγαροῦν
3420 2690 3566 2762 παρά
3603 2692 3797 2761 σαυτῇ,

2147 2780 2479 2852 κατάλληλα
2519 2786 2588 2855 τῇ
2646 2802 2704 2836 τε
2748 2787 2847 2851 τῆς
2896 2779 3073 2854 ὄψεως
3105 2778 3224 2855 ὥρᾳ
3249 2779 3340 2835 xui
3370 2785 3437 2853 τῇ
3468 2786 3571 2848 τῆς
3613 2782 3797 2853 ψυχῆς

2150 2870 2391 2946 εὐγενείᾳ
2448 2868 2860 2944 βουλευσαμένη
2899 2888 2911 2901 ·
2967 2866 3108 2941 μηδὲ
3166 2866 3408 2942 θελήσῃς
3483 2866 3661 2923 ἐλθεῖν
3721 2866 3801 2927 είς

2151 2966 2339 3033 τιεῖραν
2384 2957 2654 3034 ἡμετέρας
2729 2959 3169 3035 ἀγανακτήσεως,
3233 2955 3375 3031 μηδὲ
3448 2959 3562 3012 οἷον
3634 2955 3799 3011 κακὸν

2154 3051 2340 3122 μαθεῖν
2403 3050 2439 3118 ἡ
2500 3043 2736 3106 ἀσέϐεια.
2770 3048 2916 3123 Ἐγὼ
2955 3047 3059 3122 γάρ
3112 3068 3206 3101 σου
3264 3050 3362 3102 τοῦ
3419 3045 3680 3115 κάλλους,
3724 3045 3801 3107 ὡς

2154 3136 2415 3211 αἳματος,
2442 3138 2678 3192 ἳστωσαν
2727 3137 2778 3191 oi
2810 3137 2945 3202 θεοὶ,
2976 3136 3261 3198 κοινωνὸς,
3301 3136 3393 3191 καὶ
3450 3137 3632 3209 πατὴρ
3663 3135 3799 3189 κατὰ

2155 3229 2323 3303 σάρκα
2361 3224 2689 3300 κηδόμενος,
2742 3228 3045 3300 ὑποτίθημι
3104 3225 3170 3281 τα
3225 3225 3557 3282 συνοίσοντα.
3614 3225 3673 3282 Ei
3737 3221 3799 3278 δὲ

2156 3319 2230 3389 μή
2278 3316 2368 3371 καὶ
2432 3317 2492 3369 σὺ
2551 3316 2687 3392 πρὸς
2734 3319 2905 3371 ταῦτα
2960 3315 3248 3391 παράσχῃς
3297 3316 3492 3384 ἑαυτὴν
3552 3313 3797 3387 πειθομέ-

405 3425 526 3474 νην,
562 3403 703 3478 μηδὲ
758 3411 876 3469 ταῖς
932 3403 1087 3478 ἐμαῖς
1158 3407 1339 3475 ἠπίως
1398 3404 1650 3461 ε’ίκουσαν
1706 3406 2102 3480 παραινέσεσιν,
2135 3404 2337 3482 ἀνάγκη
2398 3402 2594 3459 λοιπὸν
2650 3403 2919 3475 τοσαύτης
2968 3415 3074 3477 μου
3130 3411 3452 3476 πειραθῆναι
3498 3411 3600 3473 τῆς
3656 3402 3792 3472 ἀπη-

406 3496 548 3557 νείας
600 3496 689 3550 καὶ
732 3496 1081 3571 ἀγριότητος,
1116 3495 1247 3567 ὅσης
1288 3501 1380 3551 νῦν
1432 3495 1726 3558 ἀπολαύεις
1770 3496 2048 3569 εὐμενείας
2085 3495 2175 3550 καὶ
2224 3495 2591 3571 ἡμερότητος,
2626 3494 2750 3550 ὅταν
2790 3493 2881 3549 καὶ
2934 3491 3355 3569 μεταμελομένη
3387 3494 3534 3569 τάχα
3568 3490 3789 3567 μηδὶνῇ

406 3607 491 3641 σοι
520 3593 619 3655 τῆς
655 3585 1014 3658 μεταμελείας
1054 3586 1372 3642 ἀπόνασθαι.

476 3678 545 3730 ν.
578 3677 679 3731 His
708 3676 899 3731 verbis
922 3676 1155 3742 auditis,
1183 3684 1400 3747 martyr
1420 3678 1615 3732 statim
1641 3682 1728 3733 est
1751 3677 2052 3733 recordata

415 3770 807 3820 maternarum
861 3764 1143 3834 sapientis
1194 3781 1313 3819 suos
1360 3765 1647 3834 magistras
1696 3765 2051 3821 admonitio-

418 3869 582 3921 num,
613 3858 670 3907 et
698 3852 894 3907 statim
938 3852 1336 3922 respondens:
1370 3851 1513 3907 Mihi
1546 3854 1806 3923 quidem,
1839 3853 2048 3923 inquit,

413 3959 445 3999 ο
468 3943 671 4011 judex,
694 3947 752 3998 et
781 3958 1056 4013 sponsus,
1083 3949 1135 3996 et
1154 3941 1393 4005 divitias,
1419 3946 1476 3997 et
1497 3941 1611 3996 vita
1632 3946 1720 3996 est
1742 3942 2047 3996 Christus:

416 4047 573 4086 mors
602 4036 796 4087 autem
830 4036 1065 4102 propter
1086 4031 1281 4102 ipsum
1314 4031 1634 4097 subeunda,
1660 4035 1750 4087 est
1770 4030 1913 4086 mihi
1934 4031 2054 4087 vita

412 4120 583 4189 longe
630 4119 958 4190 pretiosior,
1006 4124 1242 4190 propter
1288 4135 1463 4191 quem
1513 4137 1628 4177 non
1673 4137 1904 4187 aurum,
1935 4136 2051 4176 non

414 4217 739 4281 argentum,
771 4226 884 4264 non
930 4210 1152 4279 aliquid
1198 4210 1355 4267 aliud
1396 4228 1464 4267 ex
1494 4210 1589 4279 iis,
1621 4228 1749 4282 qua
1804 4214 1945 4267 sunt
1991 4210 2051 4267 in

413 4305 569 4355 terra
609 4298 890 4368 jucunda,
932 4300 1072 4354 mihi
1110 4300 1436 4369 jucundum
1479 4301 1589 4355 luit
1617 4302 2050 4355 existimatum;

412 4389 577 4443 illum
603 4389 758 4443 enim
783 4388 999 4454 solum,
1027 4388 1301 4458 illiusque
1322 4389 1801 4444 consuetudinem
1834 4389 2055 4459 magni-

412 4477 580 4541 facio,
614 4494 728 4547 qua
776 4492 907 4530 sum
957 4475 1223 4529 fruitura.
1257 4476 1415 4545 Ignis
1474 4482 1665 4531 autem
1697 4482 1754 4531 et
1782 4476 1959 4541 ensis,
1990 4480 2047 4531 et

412 4566 650 4632 ferrum,
687 4568 743 4618 et
782 4566 1177 4618 membrorum
1227 4562 1640 4633 absoissiones,
1667 4568 1722 4619 et
1754 4563 1955 4637 plagae,
1988 4570 2046 4620 et

412 4654 658 4725 ﬂagella,
690 4659 748 4709 et
777 4654 823 4709 si
857 4652 995 4724 quid
1046 4652 1206 4707 aliud
1238 4669 1272 4707 a
1300 4652 1463 4706 vobis
1509 4654 1891 4725 excogitatum
1940 4654 2048 4709 fuit

412 4745 481 4799 ad
507 4744 853 4811 cruciatum,
872 4758 938 4796 ea
960 4747 1095 4797 sunt
1119 4741 1259 4795 mihi
1283 4741 1609 4812 voluptates
1632 4742 1848 4812 potius,
1873 4759 2044 4813 quam

415 4837 725 4897 tormenta,
757 4831 813 4885 in
847 4831 1009 4883 illum
1042 4829 1233 4885 solum
1276 4829 1549 4901 deligenti
1594 4831 1813 4897 oculos,
1847 4838 1903 4885 et
1933 4848 2045 4885 non

417 4939 482 4977 ea
511 4921 703 4976 solum
739 4920 854 4992 pati
889 4938 987 4991 pro
1022 4920 1116 4974 illo
1150 4921 1428 4991 cupienti,
1464 4921 1563 4975 sed
1609 4921 1807 4981 etiam.
1842 4920 1892 4975 si
1926 4921 2047 4974 fieri

416 5018 633 5082 posset,
671 5010 815 5065 mori
866 5010 1095 5065 millies.
1130 5010 1207 5064 Ne
1255 5008 1494 5064 simules
1542 5025 1675 5079 ergo
1703 5018 1754 5064 te
1787 5008 2048 5065 misereri

415 5102 623 5171 speciei
686 5099 796 5153 mei
854 5098 1127 5169 corporis,
1157 5114 1279 5166 que
1338 5098 1619 5153 ﬂaccessit
1670 5115 1781 5153 non
1832 5098 2046 5167 minus,

416 5206 586 5260 quam
620 5190 788 5244 ﬂores
819 5190 939 5259 agri
967 5204 978 5241 :
1005 5189 1103 5242 sed
1137 5188 1222 5241 fac
1254 5190 1446 5256 potius
1479 5188 1558 5251 id,
1582 5190 1734 5258 quod
1761 5193 1847 5243 est
1870 5188 1923 5240 in
1950 5193 2048 5242 tua

414 5286 719 5352 potestate,
754 5291 850 5333 aut
902 5281 1073 5333 situm
1107 5278 1279 5332 estin
1317 5294 1543 5331 morum
1574 5282 1807 5332 tuorum
1839 5277 2046 5332 crude-

412 5370 594 5424 litate.
628 5368 770 5423 Nam
801 5385 905 5440 ego
936 5369 1171 5437 quidem
1220 5365 1447 5437 ligneos
1479 5370 1579 5421 aut
1622 5367 1883 5438 lapideos
1912 5366 2049 5421 deos

414 5471 719 5527 nunquam
777 5456 1075 5510 uoluerim.
1125 5454 1224 5509 His
1273 5455 1343 5509 ad
1385 5455 1534 5510 iram
1585 5460 1802 5526 martyr
1846 5456 2051 5512 incitat

413 5544 741 5617 praesidem.
765 5545 835 5599 Et
864 5544 1119 5615 primum
1144 5542 1381 5615 quidem
1403 5543 1607 5616 plagas
1628 5544 1754 5614 ejus
1776 5544 1944 5616 genis
1965 5547 2049 5601 in-

416 5630 582 5703 ﬂigit.
618 5631 835 5689 Deinde
864 5630 1039 5688 etiam
1079 5631 1396 5703 disrumpit
1424 5630 1695 5701 tunicam,
1724 5631 1885 5689 illam
1919 5632 2048 5703 pul-

2226 3677 2302 3733 E'.
2367 3674 2581 3730 Τούτων
2647 3676 2675 3744 ἡ
2748 3673 2949 3749 μάρτυς
3017 3672 3293 3728 ἀκούσασα
3339 3678 3452 3729 τῶν
3518 3671 3790 3749 ῥημάτων,

2154 3764 2229 3828 εἰς
2306 3765 2609 3837 ἀνάμνησιν
2680 3764 2835 3825 εὐθὺς
2909 3769 3014 3819 τῶν
3092 3768 3378 3841 μητρικῶν
3437 3762 3652 3819 ἐκείνων
3698 3764 3790 3831 τῆς

2156 3861 2327 3931 σοφῆς
2388 3852 2717 3909 διδασκάλου
2762 3854 2966 3926 Σοφίας
3023 3853 3384 3929 παραινέσεων
3415 3850 3622 3928 ἤρχετο
3656 3872 3668 3884 '
3705 3852 3790 3907 xui

2154 3940 2335 4015 ἡρέμα
2389 3937 2760 4011 ὑπολαϐοῦσα,
2811 3942 2991 4013 Ἐμοὶ,
3035 3943 3192 4021 φησὶ,
3226 3940 3473 4011 δικαστὰ,
3517 3942 3607 3996 καὶ
3662 3962 3788 4012 νυμ-

2155 4032 2299 4101 φίος,
2330 4030 2421 4086 καὶ
2474 4028 2737 4101 πλοῦτος,
2767 4030 2858 4085 καὶ
2921 4031 3032 4100 ζωὴ
3068 4031 3096 4085 ὁ
3127 4028 3357 4104 Χριστός
3393 4050 3405 4065 ⁸
3441 4032 3469 4085 ὁ
3521 4028 3577 4086 δὲ
3606 4028 3671 4084 δι’
3699 4030 3787 4084 αύ-

2153 4121 2244 4175 τόν
2297 4120 2517 4182 θάνατος
2560 4117 2759 4191 πολλῷ
2827 4140 2920 4193 μοι
2977 4119 3197 4189 καὶτῆς
3228 4126 3375 4189 ζωῆς
3426 4120 3741 4194 τιμιώτερος
3768 4137 3781 4150 ⁸

2158 4206 2224 4264 δι’
2254 4210 2312 4264 ’ὸν
2370 4208 2430 4263 οὐ
2496 4208 2749 4284 χρυσίου,
2781 4209 2883 4264 οὐκ
2942 4206 3225 4283 ἀργύριον,
3257 4207 3357 4264 οὐκ
3386 4205 3529 4262 ἄλλο
3585 4228 3637 4262 τι
3688 4211 3782 4261 τῶν

2156 4296 2243 4352 ἐπὶ
2298 4304 2399 4373 γῆς
2457 4296 2634 4367 ἡδέων
2693 4295 2797 4367 ἡδύ
2858 4318 2952 4372 μοι
3007 4298 3339 4370 νενόμισται,
3381 4295 3529 4367 πλὴν
3594 4296 3783 4352 ἐκείνου

2160 4381 2349 4458 μόνου,
2380 4386 2607 4455 καὶτῆς
2656 4384 2865 4441 ἕκείνου
2926 4385 3209 4448 συνουσίας
3260 4386 3351 4441 καὶ
3416 4385 3778 4447 ἀπολαύσεως.

2156 4478 2268 4547 Πῦρ
2321 4472 2377 4529 δέ
2423 4474 2512 4529 καὶ
2555 4475 2707 4551 ξίφος
2755 4476 2844 4530 καὶ
2888 4472 3128 4550 σίδηρος,
3159 4475 3250 4531 καί
3305 4474 3485 4548 μελῶν
3547 4473 3782 4547 ἐκτομαὶ,

2154 4562 2244 4619 xui
2295 4560 2511 4640 πληγαὶ
2567 4564 2657 4618 καὶ
2702 4563 2983 4640 μάστιγες,
3012 4566 3100 4618 καὶ
3150 4562 3198 4620 έί
3233 4586 3286 4620 τι
3318 4563 3459 4620 ἄλλο
3489 4565 3616 4639 παρ’
3646 4564 3781 4637 ὑμῶν

2156 4651 2231 4713 εἷς
2278 4651 2543 4725 τιμωρίαν
2589 4652 2949 4723 ἐπινενόηται,
2976 4650 3173 4721 ἡδοναί
3203 4674 3298 4727 μοι
3332 4651 3570 4726 μᾶλλον,
3600 4654 3661 4708 οὐ
3693 4653 3776 4726 βά-

2157 4761 2329 4812 σανοι,
2352 4742 2489 4816 πρὸς
2526 4740 2728 4795 ἐκεῖνον
2775 4740 2949 4803 ἀτενές
2978 4740 3219 4815 ἐνορώσῃ
3252 4761 3265 4775 ο
3298 4741 3387 4797 xui
3450 4743 3527 4815 μή
3570 4746 3778 4798 τοιαῦτα

2161 4833 2323 4907 μόνον
2382 4830 2514 4905 ὑπὲρ
2564 4830 2770 4885 ἐκείνου
2828 4833 3040 4902 παθεῖν,
3073 4831 3197 4887 ἀλλ’
3230 4829 3376 4907 ε’ίπερ
3436 4833 3548 4887 οἷόν
3594 4852 3667 4901 τε,
3696 4830 3776 4887 καὶ

2160 4919 2415 4996 μυριάκις
2475 4920 2758 4984 ἀποθανεῖν
2811 4921 3147 4998 γλιγομένη.
3207 4923 3299 4989 Μὴ
3357 4922 3534 4976 τοίνυν
3589 4925 3680 4990 τὴν
3726 4918 3774 4975 ἒν

2156 5010 2279 5083 ἐμοὶ
2336 5013 2433 5064 τοῦ
2473 5012 2727 5084 σώματος
2779 5010 2920 5085 ὥραν
2983 5009 3151 5067 ἐλεεῖν
3207 5011 3495 5085 ὑποκρίνου
3544 5010 3639 5066 *ίσα
3695 5010 3773 5066 καὶ

2156 5101 2327 5175 ἀγροῦ
2407 5097 2585 5164 ἄνθεσι
2655 5105 3051 5173 μαραινομένην
3087 5121 3100 5134 ·
3160 5100 3309 5157 ἀλλὰ
3390 5100 3533 5156 ποίει
3610 5101 3665 5155 τὸ
3712 5104 3772 5174 τῇ

2158 5188 2368 5260 ἐξουσίᾳ
2424 5210 2517 5245 σου
2574 5187 2784 5263 μᾶλλον
2845 5189 2880 5259 ἢ
2929 5194 2997 5264 τῇ
3077 5194 3184 5245 τῶν
3239 5180 3456 5265 τρόπων
3542 5189 3773 5263 ὠμότητι

2156 5278 2576 5352 παριστάμενον.
2630 5280 2721 5341 Ὠς
2762 5275 2927 5354 ἔγωγε
2974 5277 3211 5348 ξυλίνοις
3270 5280 3304 5350 ἢ
3363 5277 3590 5341 λιθίνοις
3642 5279 3768 5341 θεοῖς

2158 5361 2314 5428 σέϐας
2372 5368 2471 5423 οὐκ
2527 5366 2586 5422 ἃν
2634 5368 3068 5444 προσενέγκοιμι.
3126 5367 3348 5431 Τούτοις
3407 5368 3483 5431 εἷς
3539 5367 3693 5442 ὀργὴν
3736 5369 3768 5437 ἡ

2160 5456 2363 5531 μάρτυς
2420 5455 2638 5512 ἀνάπτει
2690 5456 2781 5511 τὸν
2830 5456 3098 5534 ἡγεμόνα.
3130 5456 3229 5512 Καὶ
3276 5461 3466 5534 πρῶτα
3517 5455 3613 5529 μέν
3651 5454 3767 5529 αὐτῇ

2156 5542 2373 5622 πληγὰς
2420 5544 2557 5600 κατᾶ
2601 5549 2708 5601 τῶν
2758 5549 2994 5621 παρειῶν
3025 5540 3321 5623 ἐπιτρίϐει·
3353 5541 3540 5603 ἔπειτα
3567 5545 3653 5603 καὶ
3690 5545 3772 5602 τὸν

2158 5636 2365 5707 χιτῶνα
2396 5630 2763 5711 διαρῥηγνύει,
2793 5633 2882 5691 xui
2912 5636 3119 5713 γυμνὸν
3152 5633 3285 5691 ὅλον
3312 5636 3374 5691 τὸ
3403 5635 3493 5691 καὶ
3542 5631 3775 5710 ἀγγέλοις

4026 1026 4032 1077 l

4026 1098 4032 1161 Γ

4026 1180 4031 1237 l

4026 1250 4032 1313 ί
