4128 6274
30 1913 35 1922 s
44 1909 88 1924 vlo-

382 278 538 341 1301

1461 293 1647 355 νΙΤΑ
1693 295 1753 356 S.
1802 297 2257 361 ANASTASl/E
2301 299 2672 362 ROMANIE.

3621 307 3776 368 i302

377 439 663 538 αίδέσιμον
712 431 880 538 έκεῖνο
920 445 1130 538 κάλλος
1198 455 1686 538 παραστησάμενος
1725 459 1902 532 χωρὶς
1956 477 2006 512 τι

2118 461 2556 530 ηοὴιιίιυᾶὶηοω,
2589 479 2717 534 qua
2746 462 2833 519 vel
2857 463 3003 535 ipsis
3031 468 3153 521 erat
3183 464 3410 538 angelis
3439 467 3777 538 reverenda,

375 530 468 592 νὸς
506 535 1002 608 παραπετάσματος
1048 537 1084 606 ἢ
1133 535 1581 614 περιϐλήματος,
1608 542 1700 600 ’ἱνα
1867 545 2031 602 πλέον

373 620 614 709 αίσχύνῃ
673 623 958 698 παρθένον,
992 626 1134 682 οὕτω
1194 626 1440 703 θορύϐων
1483 633 1623 704 ἀήθη
1685 636 1774 689 καὶ
1817 633 2028 709 ἀνδρῶν

375 708 579 782 ὅψεως,
608 716 704 766 τοῦ
757 712 1010 786 θαλάμου
1047 715 1214 772 πλέον
1273 720 1363 773 καὶ
1406 727 1505 790 τῆς
1545 724 1782 800 ἡσυχίας
1822 708 2026 780 εἰδύῖαν

378 796 557 868 οὐδὲν,
617 799 777 858 Οὕτω
843 824 950 870 σοι,
1007 807 1164 881 φησὶ,
1223 816 1500 881 προσῆκον
1575 811 1679 866 ὑπὸ
1748 814 2027 876 τοσούτοις

376 885 714 960 ἀσχημονεῖν
776 889 983 966 ἀνδρῶν
1033 892 1299 968 ὄμμασιν.
1342 897 1521 954 Ἀλλά
1559 906 1658 968 τῆς
1688 902 2026 976 κατεχούσης

375 996 436 1030 τε
489 982 694 1047 ταύτης
733 979 993 1044 ἀπονοίας
1055 981 1455 1060 ἂνενεγεκοῦσα,
1514 988 1784 1062 πρόσελθε
1813 994 1880 1062 τῇ
1920 996 2028 1046 τῶν

377 1069 512 1129 θεῶν
543 1066 816 1139 εὐμενείᾳ·
848 1069 939 1124 καὶ
975 1072 1052 1144 μή
1096 1073 1305 1136 κάλλος
1343 1081 1596 1132 τοεοῦτον
1635 1075 1770 1132 ίδεῖν
1827 1077 2025 1150 ἐθελή-

375 1174 520 1218 σειας
548 1153 818 1220 ἀπανθοῦν
848 1155 1063 1222 ἀθλίως
1113 1163 1220 1237 πρὸ
1285 1170 1386 1232 τῆς
1431 1162 1578 1239 ὥρας
1635 1168 1720 1221 καὶ
1769 1167 2022 1241 μαραινό-

374 1263 556 1314 μενον.
586 1241 782 1310 Ούδεῖς
811 1247 917 1322 γάρ
979 1249 1309 1313 ἀπειθοῦσαν
1367 1257 1476 1307 τῶν
1528 1253 1672 1327 ἐμῶν
1716 1276 1772 1310 σε
1821 1253 2023 1311 δύναιτ’

369 1329 430 1420 ἂν
464 1331 738 1420 έξελέσθαι
779 1341 1009 1410 χειρῶν
1043 1337 1174 1394 ἀλλ’
1225 1339 1301 1402 εἷς
1353 1339 1524 1397 λεπτά
1563 1364 1619 1398 σε
1675 1347 2018 1420 κατατεμὼν,

369 1418 426 1474 εὖ
460 1419 587 1491 ἴσθι,
634 1423 835 1498 βρῶμα
858 1425 1050 1499 θηρσὶν
1091 1426 1308 1504 ἀγρίοις
1343 1433 1719 1506 προϐήσομαι.

440 1695 503 1754 ς’.
563 1693 670 1749 Καὶ
727 1695 762 1762 ἡ
826 1695 1052 1769 μάρτυς,
1111 1697 1262 1770 ἐμοὶ,
1319 1701 1584 1776 φησὶν,ὦ
1630 1703 1878 1778 ἡγεμὼν,
1915 1703 2014 1760 οὐκ

2141 553 2321 605 totam
2379 552 2595 606 nudam
2657 556 3019 618 ostensurus,
3051 553 3275 625 absque
3323 553 3438 610 ullo
3497 554 3644 622 velo,
3676 559 3777 610 aut

2139 639 2431 708 operculo,
2465 645 2526 694 ut
2556 639 2640 694 vel
2676 641 2876 709 majori
2913 641 3134 712 pudore
3180 643 3437 698 afﬁceret
3466 642 3775 714 virginem,

2139 741 2265 795 quas
2298 727 2481 783 turbae
2502 734 2560 782 et
2581 729 2884 784 hominum
2916 731 3100 785 oculis
3133 746 3246 786 non
3281 737 3406 786 erat
3434 737 3689 798 assueta,
3715 734 3777 785 ut

2139 830 2266 885 que
2310 825 2515 886 praeter
2562 815 2883 874 thalamum
2916 823 2972 873 et
3002 819 3258 889 quietem
3307 820 3452 874 nihil
3500 823 3772 874 noverat:

2135 903 2247 972 Sic,
2281 903 2491 974 inquit,
2525 912 2750 977 oportet
2793 916 2845 962 te
2892 911 3054 961 tanta
3111 907 3264 962 attici
3310 907 3673 978 turpitudine
3720 913 3776 961 et

2137 991 2418 1049 dedecore
2447 1003 2580 1049 ante
2608 995 2864 1050 omnium
2914 995 3130 1050 oculos.
3167 995 3278 1050 Sed
3319 995 3668 1067 resipiscens
3699 995 3772 1049 ab

2135 1093 2224 1146 ea,
2256 1096 2383 1152 qua
2413 1085 2468 1136 te
2498 1087 2672 1151 tenet,
2697 1083 2971 1149 amentia,
2997 1083 3067 1138 ad
3101 1083 3336 1137 deorum
3370 1083 3576 1137 accede
3607 1081 3772 1138 beni-

2133 1168 2450 1239 gnitatem:
2487 1185 2592 1226 nec
2621 1170 2761 1226 velis
2791 1170 2984 1226 videre
3015 1176 3236 1226 tantam
3268 1169 3768 1241 pulchritudinem

2133 1255 2344 1310 misere
2374 1261 2506 1311 ante
2537 1261 2772 1328 tempus
2800 1257 3283 1322 et'tlorescentem,
3321 1261 3380 1312 et
3408 1272 3768 1312 marcescen-

2130 1347 2270 1398 tem.
2302 1344 2483 1400 Nemo
2512 1345 2668 1400 enim
2700 1350 2778 1414 te,
2801 1346 2847 1400 si
2881 1361 2996 1400 non
3025 1361 3252 1416 pareas,
3285 1344 3534 1415 potuerit
3563 1361 3597 1400 a
3623 1343 3767 1400 meis

2129 1432 2398 1487 manibus
2425 1432 2647 1504 eripere
2673 1449 2685 1488 :
2709 1433 2813 1489 sed
2840 1442 2892 1488 te
2921 1433 3251 1488 minutatim
3277 1431 3606 1496 diesectam,
3632 1432 3768 1488 feris

2127 1521 2457 1591 agrestibus
2487 1537 2778 1592 apponam
2807 1522 3186 1578 exedendam.
3209 1520 3328 1578 Hoc
3348 1519 3522 1578 velim
3554 1520 3632 1578 sit
3662 1520 3764 1578 tibi

2125 1624 2496 1680 persuasum.

2194 1699 2292 1756 Vl.
2327 1699 2545 1771 Martyr
2592 1704 2819 1758 autem:
2853 1700 3019 1769 Mihi,
3050 1701 3260 1773 inquit,
3292 1717 3326 1756 o
3365 1715 3594 1772 praeses,
3645 1715 3762 1756 non

367 1779 732 1854 ἀσχημοσύνη
782 1786 890 1837 τῶν
945 1784 1176 1857 ἱματίων
1225 1789 1431 1844 τούτων
1464 1789 1607 1846 ἐστὶν
1639 1793 1674 1861 ἠ
1707 1792 2006 1868 γύμνωσις·

379 1866 426 1888 ’Ἴ
445 1867 465 1888 Ἴ
492 1869 506 1888 \
616 1868 637 1888 ἢ
655 1869 676 1888 ς
892 1872 907 1888 \
997 1871 1017 1888 ἢ
1208 1875 1219 1888 ο
1340 1877 1351 1888 ι
1592 1878 1605 1888 ι
1694 1879 1708 1888 ι
1874 1883 1883 1888 -

2125 1791 2214 1842 est
2242 1787 2544 1857 turpitudo
2575 1794 2675 1844 aut
2707 1790 2982 1856 dedecus,
3005 1806 3134 1846 esse
3156 1789 3432 1845 nudatam
3456 1788 3719 1844 vestibus
3744 1801 3759 1842 :

367 1866 515 1923 ἀλλά
543 1868 946 1943 καλλωπισμὸς
997 1871 1386 1948 λαμπρότατός
1415 1899 1473 1932 τε
1519 1878 1608 1933 καὶ
1659 1866 2016 1954 εὐπρεπέστα-

363 1977 478 2018 τος.
551 1959 652 2014 Τὸν
742 1959 844 2034 γὰρ
938 1961 1171 2018 παλαιὸν
1265 1963 1550 2042 ἄνθρωπον
1629 1965 2012 2043 ἀποδυσαμὲνη

363 2047 455 2100 τὸν
517 2047 701 2102 καινὸν
771 2060 824 2103 εν
881 2048 1194 2126 δικαιοσύνῃ
1255 2055 1342 2107 καὶ
1407 2055 1634 2126 ἀληθείᾳ
1695 2054 2012 2130 ἐνδύσομαι.

363 2136 480 2193 Ούκ
522 2134 618 2208 έμὶ
659 2137 840 2192 τοίνυν
893 2137 946 2193 έν
985 2139 1224 2209 τούτοις,
1257 2141 1402 2197 ἀλλά
1433 2145 1490 2198 σὲ
1524 2143 1737 2215 μᾶλλον
1773 2145 2012 2222 ἐγκαλύ-

357 2235 580 2287 πτεσθαι
627 2227 761 2299 χρή,
816 2225 896 2280 ὅτι
947 2227 1021 2289 ὡς
1070 2229 1290 2302 ἱμάτιον
1330 2233 1432 2300 τήν
1481 2228 1727 2288 ἀσέϐειαν
1763 2233 2010 2306 ἐνεδύσω,

431 2314 445 2332 \
566 2319 593 2331 -ο
673 2335 691 2344 ⁸
791 2315 803 2336 ε
859 2315 900 2348 ⁸η
956 2313 1020 2334 ηδ
1186 2319 1238 2351 9.
1321 2320 1335 2338 ‘
1385 2317 1409 2340 υ
1569 2320 1578 2338 ν
1833 2325 1846 2343 \
1899 2325 1913 2346 ε
1995 2325 2010 2344 \

357 2331 446 2366 και
478 2312 722 2383 εἰσηΑθεν
774 2336 903 2370 ωσει
957 2333 1103 2391 υοωρ
1157 2339 1236 2380 ει,
1279 2341 1348 2374 τα
1388 2341 1581 2393 εγκατα
1611 2343 1729 2389 σου,
1760 2343 1848 2378 και
1884 2346 2012 2380 ωσει

357 2394 540 2456 ἔλαιον
574 2402 624 2457 έν
681 2409 800 2464 τοῖς
840 2403 1051 2470 ὀστέοις
1081 2411 1198 2464 σοῦ.
1232 2409 1444 2478 Μεταξὺ
1475 2407 1532 2465 δὲ
1560 2411 1650 2466 καὶ
1699 2411 2012 2489 θερμοτέρῳ

358 2489 628 2567 ληφθεῖσα
699 2496 781 2563 τῷ
833 2500 936 2562 τῆς
1001 2493 1282 2566 ἀθλήσεως
1347 2496 1532 2570 ἔρωτι,
1576 2500 1666 2554 καὶ
1725 2497 2006 2556 δεδοικυῖα

358 2579 595 2650 μήποτε,
643 2580 1144 2654 καταμαλακισθεὶς
1195 2586 1223 2638 ὁ
1270 2586 1842 2661 ἠγεμὼν,άποκλείσῃ
1879 2591 2006 2664 περὶ

360 2666 554 2738 μέσους
601 2665 710 2739 ἤδη
761 2669 888 2731 τοὺς
945 2671 1163 2746 ἀγῶνας
1221 2672 1358 2747 αὑτῇ
1414 2679 1513 2729 τοῦ
1592 2676 1892 2751 μαρτυρίου
1947 2679 2010 2733 τὸ

357 2753 598 2827 στάδιον,
663 2759 967 2832 προσετίθει
1023 2761 1115 2814 καὶ
1171 2762 1239 2814 τὰ
1305 2767 1551 2817 τοιαῦτα.
1613 2764 1880 2835 Ὠμότατε
1929 2763 2010 2819 δι-

354 2849 584 2907 καστῶν,
636 2845 861 2902 θάνατον
930 2845 1216 2922 ἐπαγαγεῖν
1310 2848 1574 2910 ἀπειλεῖςο
1634 2852 1773 2925 πρὸς
1848 2852 2008 2906 τοῦτό

354 2953 438 2986 σοι
495 2933 953 3006 παρεσγεύοσμαιο
1013 2933 1178 2990 τοῦτο
1245 2935 1349 3011 γὰρ
1412 2957 1505 3010 μοι
1557 2939 1620 2992 τὸ
1653 2939 1894 3013 ἀτεχνῶς
1926 2940 2009 2993 εύο

285 3091 291 3098 .
351 3021 668 3076 κταιότατόν
702 3042 760 3076 τε
797 3023 887 3077 καὶ
934 3023 1333 3079 ποθεινότατον.
1367 3024 1434 3082 Εἰ
1487 3023 1544 3080 δὲ
1600 3025 1688 3080 καὶ
1749 3027 1824 3090 εἷς
1859 3026 2003 3102 μέλη

354 3131 420 3183 με
457 3110 815 3184 κατατέμοις,
871 3114 960 3166 καὶ
1012 3111 1263 3189 γλῶτταν
1305 3112 1578 3189 ἐκκόψεις,
1625 3117 1713 3170 καὶ
1776 3112 2005 3179 ἀδόντας
2035 3154 2086 3223 C

354 3200 435 3223 ..μ’
501 3217 536 3223 Α-
573 3203 694 3223 εκ-.-
780 3200 867 3223 ..-γλ
931 3199 957 3223 υ
1027 3221 1086 3223 μ.-
1237 3202 1250 3223 Ι
1510 3203 1524 3222 \
1653 3205 1699 3223 la.
1830 3204 1924 3223 ~\\

349 3200 438 3254 καὶ
501 3203 720 3274 χεῖρας,
778 3200 867 3256 καὶ
926 3199 1155 3276 ὄνυχας,
1191 3202 1314 3257 τότε
1375 3203 1534 3277 μετά
1577 3205 1746 3277 μείζω
1787 3204 2002 3277 μᾶλλον

352 3288 752 3365 εὗεργετήσεις,
791 3288 1031 3368 Ὀφείλω
1079 3291 1181 3365 γάρ
1235 3290 1373 3362 ὅλην
1431 3290 1670 3366 ἐμαυτὴν
1736 3297 1815 3364 τῷ
1889 3303 2001 3364 Δη-

353 3381 626 3452 μιουργῷ·
662 3379 752 3432 καὶ
803 3378 967 3434 τοῦτό
1019 3399 1113 3453 μοι
1162 3377 1341 3458 ἔφεσιν
1373 3379 1475 3453 ἀεὶ,
1508 3381 1657 3442 ὅπως
1699 3380 1758 3436 ἂν
1791 3380 1843 3435 ἒν
1875 3388 2002 3437 πᾶσι

350 3463 590 3540 δοξασθῇ
659 3473 776 3530 τοῖς
837 3467 998 3541 ἐμοῖς
1058 3468 1269 3541 μέλεσι,
1325 3470 1416 3524 καὶ
1495 3473 1830 3544 παραστήσω
1921 3475 2001 3543 τῷ

354 3555 519 3612 αὐτοῦ
571 3557 780 3632 βήματι
837 3558 1011 3612 πάντα
1081 3578 1186 3630 μου
1227 3559 1294 3612 τά
1356 3557 1496 3630 μέλη
1531 3563 1611 3629 τῷ
1668 3560 1862 3632 κόσμῳ
1900 3567 2000 3628 τῆς

355 3645 660 3719 ὁμολογίας
707 3645 1196 3718 καλλωπιζόμενα.
1246 3645 1472 3709 Τούτοις
1532 3649 1848 3704 Ἀναστασία
1897 3669 2000 3703 κα-

354 3729 656 3801 ταπλήττει
712 3731 806 3785 τὸν
866 3729 1124 3800 δικαστὴν
1177 3732 1269 3787 καὶ
1320 3732 1382 3787 τὸ
1438 3733 1676 3802 θέατρον.
1738 3733 1839 3789 Καὶ
1903 3735 2000 3795 τὰς

356 3822 694 3894 παραινέσεις
725 3819 927 3883 ἐκεῖνος
968 3821 1143 3900 ἀφεὶς,
1178 3820 1267 3876 ἐπὶ
1318 3822 1414 3884 τάς
1465 3821 1717 3885 κολάσεις
1775 3823 1996 3899 ἐχώρει.

360 3909 463 3965 Καὶ
516 3914 707 3984 πρῶτα
764 3911 859 3983 μὲν
907 3913 1089 3985 πρηνῆ
1145 3917 1345 3981 ταύτην
1394 3909 1455 3966 ἐκ
1506 3913 1776 3986 τεσσάρων
1815 3909 1999 3968 διαταο

362 4000 564 4066 θεῖσαν,
614 3997 704 4053 καὶ
751 4019 863 4054 τισι
901 3996 1283 4074 προσδεθεῖσαν
1332 4001 1532 4061 πάλοις
1589 4002 1724 4056 κατά
1769 4008 1874 4075 γῆς
1905 4022 1999 4056 πε-

358 4083 680 4160 πηγμένοις,
728 4083 938 4142 κελεύει
997 4087 1436 4162 μετεωρίζεσθαι,
1485 4089 1576 4144 καὶ
1622 4089 1858 4144 κάτωθεν
1908 4089 2001 4161 μὶν

356 4179 462 4250 πῦρ
526 4175 694 4249 ἐλαίῳ
758 4177 849 4231 καὶ
913 4177 1107 4250 πίσσῃ,
1172 4176 1262 4231 καὶ
1327 4175 1478 4248 θείῳ,
1537 4177 1625 4230 καὶ
1699 4176 2001 4250 κληματίσι

355 4262 604 4341 σφοδρῶς
652 4265 1046 4338 ἀναπτόμενον,
1094 4269 1212 4326 τοῖς
1261 4264 1601 4339 σπλάγχνοις
1647 4264 1814 4334 αὐτῆς
1866 4267 2000 4321 ὑπο-

353 4357 738 4425 στρώννυσθαι·
799 4359 968 4428 τριχῆ
1023 4350 1082 4407 δὲ
1137 4352 1303 4408 πάΛιν
1360 4352 1563 4409 ἄνωθεν
1621 4353 1682 4409 ἐκ
1740 4359 1844 4426 μᾶς
1902 4355 1998 4429 ῥά-

2123 1875 2225 1931 sed
2246 1875 2538 1932 maximus
2559 1877 2752 1948 potius
2773 1884 3013 1934 ornatus
3035 1882 3091 1932 et
3107 1874 3760 1948 elegantissimus.Nam

2123 1966 2301 2020 veteri
2335 1965 2568 2021 homine
2597 1972 2790 2034 exuta,
2823 1983 3033 2022 novum
3081 1967 3320 2020 induam
3356 1966 3413 2020 in
3440 1964 3676 2035 justitia
3704 1968 3762 2019 et

2120 2054 2382 2109 veritate.
2416 2054 2538 2109 Non
2574 2070 2663 2110 me
2693 2070 2850 2126 ergo,
2882 2055 2982 2110 sed
3022 2059 3078 2110 te
3122 2055 3312 2124 potius
3362 2059 3583 2125 Oportet
3623 2069 3760 2124 pro-

2123 2147 2250 2213 pter
2297 2143 2419 2198 hasc
2468 2144 2828 2208 erubescere,
2861 2142 3041 2214 quod,
3075 2150 3351 2213 tanquam
3399 2147 3636 2207 vestem,
3670 2141 3759 2196 in-

2122 2232 2320 2288 dueris
2368 2233 2750 2304 impietatem,
2782 2238 2840 2288 et
2869 2233 3132 2304 ingressa
3173 2233 3248 2288 sit
3277 2237 3557 2304 tanquam
3608 2248 3760 2303 aqua

2122 2327 2223 2378 tua
2251 2321 2496 2388 viscera,
2529 2327 2587 2376 et
2615 2322 2692 2376 sit
2721 2327 2996 2392 tanquam
3045 2323 3233 2378 oleum
3267 2322 3326 2376 in
3360 2321 3473 2377 luis
3502 2321 3759 2378 ossibus.-

2121 2414 2345 2467 Interea
2374 2416 2564 2465 autem
2598 2415 2768 2482 capta
2798 2409 3212 2465 vehementiori
3262 2425 3456 2464 amore
3493 2410 3756 2466 decerta-

2120 2500 2317 2565 tionis,
2371 2505 2427 2554 et
2473 2499 2710 2567 timens,
2760 2514 2832 2554 ne
2883 2515 3094 2568 praeses
3151 2497 3472 2567 emollitus,
3526 2499 3648 2568 jam
3695 2497 3755 2553 in

2120 2587 2307 2643 medio
2365 2586 2685 2642 certamine
2740 2601 2867 2641 eam
2923 2585 3254 2641 excluderet
3298 2603 3330 2639 a
3378 2585 3586 2652 stadio,
3637 2584 3756 2641 haec

2120 2691 2353 2747 quoque
2392 2673 2600 2744 adjecit
2627 2690 2641 2728 :
2675 2673 3086 2730 Crudelissime
3113 2674 3398 2743 jttdicum,
3431 2672 3672 2728 minaris
3703 2680 3755 2728 te

2119 2771 2366 2819 mortem
2417 2763 2562 2819 mihi
2607 2779 2730 2819 esse
2778 2761 3138 2819 allaturum:
3190 2763 3260 2818 ad
3307 2763 3419 2818 hoc
3467 2778 3600 2817 sum
3650 2762 3754 2818 tibi

2117 2859 2368 2922 praesto:
2401 2852 2509 2907 hoc
2539 2852 2695 2907 enim
2728 2856 2816 2907 est
2845 2852 2990 2907 mihi
3024 2850 3191 2922 plane
3219 2851 3560 2922 optandum.
3590 2849 3752 2914 Ouod

2116 2939 2164 2994 si
2214 2939 2385 2994 etiam
2437 2955 2530 2994 me
2578 2940 2636 2993 in
2683 2940 2949 2995 membra
2996 2939 3366 3006 dissecueris,
3397 2943 3454 2994 et
3493 2939 3753 3010 linguam

2115 3027 2528 3098 amputaveris,
2559 3033 2617 3084 et
2645 3030 2866 3094 dentes,
2889 3045 3098 3083 manus
3128 3034 3185 3083 et
3217 3044 3465 3099 ungues,
3490 3033 3630 3082 tunc
3661 3042 3754 3083 me

2114 3117 2334 3173 efﬁcies
2365 3117 2570 3187 majori
2606 3118 2907 3174 beneﬁcio.
2951 3118 3042 3174 Me
3071 3118 3226 3173 enim
3260 3123 3463 3182 totam,
3496 3119 3752 3186 quanta-

2112 3222 2343 3278 cunque
2372 3223 2524 3274 sum,
2557 3205 2736 3262 debeo
2766 3207 3017 3262 Creatori
3045 3222 3060 3261 :
3091 3210 3149 3262 et
3183 3205 3289 3260 hoc
3337 3204 3482 3260 mibi
3521 3219 3751 3274 semper

2111 3301 2199 3351 est
2235 3295 2292 3348 in
2344 3296 2511 3357 votis,
2549 3300 2611 3349 ut
2640 3295 2765 3365 ipse
2802 3294 3159 3366 gloriﬁcatur
3185 3294 3244 3348 in
3279 3293 3554 3348 omnibus
3604 3291 3748 3348 meis

2113 3384 2408 3450 membris,
2441 3387 2498 3439 et
2528 3385 2730 3439 sistam
2781 3389 2913 3438 ante
2943 3385 3072 3451 ejus
3102 3383 3360 3437 tribunal
3394 3381 3588 3436 omnia
3620 3396 3750 3437 mea

2111 3474 2374 3529 membra
2397 3473 2639 3528 nitentia
2662 3477 2868 3528 ornatu
2895 3473 3298 3528 confessionis.
3321 3471 3422 3525 His
3446 3470 3750 3525 Anastasia

2107 3562 2497 3631 obstupefacit
2527 3566 2646 3618 toto
2677 3577 2810 3618 cum
2843 3560 3071 3618 theatro
3093 3559 3377 3631 judicem.
3411 3557 3520 3624 Qui
3553 3557 3748 3613 missis

2108 3649 2619 3706 adhortationibus
2652 3650 2929 3720 processit
2961 3650 3033 3704 ad
3063 3647 3368 3719 supplicia.
3391 3647 3460 3701 Et
3491 3645 3746 3718 primum

2107 3738 2342 3808 quidem
2373 3755 2500 3795 eam
2532 3755 2772 3811 pronam
2807 3755 2841 3794 a
2870 3743 3121 3809 quatuor
3170 3738 3304 3792 viris
3343 3742 3662 3800 extensam,
3693 3741 3750 3790 et

2107 3827 2460 3899 quibusdam
2494 3827 2644 3898 palis
2685 3827 2851 3882 humi
2886 3829 3016 3881 ﬁxis
3064 3825 3380 3897 alligatam,
3408 3823 3577 3894 jubet
3623 3821 3746 3878 tolli

2107 3917 2447 3984 sublimem,
2481 3921 2538 3972 et
2567 3917 2792 3972 inferne
2839 3916 3074 3987 quidem
3109 3916 3300 3984 ignem
3333 3913 3480 3979 oleo,
3513 3916 3570 3967 et
3601 3911 3745 3982 pice,

2108 4010 2165 4062 et
2217 4007 2460 4073 sulfure,
2511 4009 2568 4061 et
2615 4005 2927 4061 sarmentis
2983 4004 3356 4058 vehementer
3411 4015 3746 4063 accensum,

2108 4096 2238 4165 eius
2270 4095 2567 4150 substerni
2601 4092 2959 4148 visceribus:
2992 4108 3026 4147 a
3063 4090 3252 4145 tribus
3299 4093 3490 4144 autem
3541 4103 3746 4142 rursus

2109 4184 2359 4253 desuper
2394 4182 2726 4236 hominibus
2755 4179 2934 4236 simul
2965 4195 3081 4236 uno
3112 4177 3328 4248 impetu
3353 4177 3480 4247 ejus
3499 4177 3742 4230 dorsum

2107 4271 2287 4341 virgis
2344 4269 2504 4324 cedi.
2565 4270 2695 4324 Haec
2751 4266 2986 4338 quidem
3051 4266 3134 4323 sic
3191 4281 3254 4321 se
3307 4264 3637 4321 habebant:
3685 4267 3745 4319 et

2111 4358 2468 4416 exsecutioni
2501 4357 2838 4413 mandatum
2872 4355 3002 4425 fuit,
3033 4355 3186 4426 quod
3212 4353 3393 4425 jussit
3421 4368 3652 4424 presses.

352 4437 496 4498 ϐδων
554 4447 864 4522 καταφορᾶς
919 4442 1012 4497 τὸν
1077 4445 1249 4498 νῶτον
1304 4440 1625 4512 αἰκίζεσθαι.
1687 4444 1819 4518 Εἶχε
1897 4447 1992 4518 μὲν
2045 4445 2190 4503 οὕτω
2254 4449 2442 4518 ταῦτα,
2495 4445 2586 4499 καὶ
2643 4442 2722 4504 εἷς
2789 4440 2947 4519 ἔργον
3015 4436 3248 4512 ἐξέϐαινε
3302 4444 3384 4512 κῷ
3413 4437 3640 4514 ἡγεμόνι
3681 4438 3742 4493 τὸ

349 4533 698 4608 πρόσταγμα.

425 4623 493 4677 Ζ’.
534 4621 863 4698 Πασνχούσης
893 4618 951 4676 δὶ
979 4621 1148 4690 αὐτῆς
1183 4625 1376 4677 τοῦτον
1409 4620 1497 4676 ἐπὶ
1539 4621 1682 4678 πολὺ
1729 4623 1823 4678 τὸν
1866 4623 1992 4699 τρό-

2173 4625 2294 4682 VII.
2327 4629 2469 4680 Cum
2521 4643 2588 4682 ea
2639 4641 2772 4697 ergo
2822 4625 2922 4681 diu
2953 4623 3036 4680 sic
3068 4624 3386 4695 pateretur,
3415 4621 3475 4675 et
3503 4618 3741 4673 dorsum

352 4731 478 4781 πον,
511 4711 600 4766 καὶ
629 4715 728 4766 τοῦ
761 4711 858 4784 μὶν
910 4714 1088 4766 νώτου
1125 4715 1242 4773 ταῖς
1294 4711 1538 4783 μάστιξιν
1559 4709 1760 4766 ἄνωθεν
1793 4710 1998 4786 διαξαι-

351 4799 610 4874 νομένου,
640 4805 750 4857 τῶν
801 4799 857 4856 δὲ
906 4799 1244 4876 σπλάγχνων
1292 4801 1528 4856 κάτωθεν
1562 4801 1995 4874 ὑποκαιομένων,

350 4891 441 4945 καὶ
495 4893 606 4944 τῶν
657 4885 876 4964 φλεϐῶν
925 4889 1001 4951 εἷς
1054 4891 1252 4968 τέφραν
1297 4888 1735 4962 λεπτυνομένων,
1764 4891 1854 4944 καὶ
1879 4911 1993 4961 πη-

350 4977 619 5055 γνυμένου
668 4979 758 5033 καὶ
796 4977 1224 5053 ἅναλισκομένου
1269 4975 1367 5033 τοῦ
1413 4977 1673 5052 α’ίματος,
1717 4979 1996 5042 κολάσεως

351 5067 524 5138 ὀξείας
566 5064 754 5128 ὀδύνας
793 5067 934 5123 οὕτω
964 5067 1052 5122 καὶ
1085 5068 1272 5128 ἀκοαῖς
1303 5065 1663 5140 ἐμποιούσης,
1692 5071 1726 5138 ἡ
1791 5070 1995 5145 μάρτυς

348 5154 417 5230 (ὥ
452 5159 640 5232 ψυχῆς
667 5156 910 5231 γενναίας
957 5156 1122 5218 ὅντως
1172 5153 1261 5210 διὰ
1298 5159 1549 5231 Χριστὸν,
1597 5158 1688 5212 καὶ
1754 5158 1997 5232 ἀναγκῶν

352 5245 699 5320 ὑψηλοτέρας
727 5251 828 5314 τῆς
859 5244 1068 5322 φύσεως
1095 5247 1134 5318 l)
1165 5246 1308 5320 εὐχῇ
1345 5246 1478 5320 μόνῃ
1516 5245 1605 5300 καὶ
1663 5251 1779 5320 Θεῷ
1826 5267 1994 5320 προσ-

345 5339 554 5409 ανεῖχε·
594 5335 681 5390 καὶ
731 5338 839 5390 τῶν
888 5333 945 5404 ἐζ
995 5335 1188 5396 αἰῶνος
1255 5334 1416 5389 αὐτὸν
1499 5335 1994 5408 ὑπομιμνήσκουσα

347 5423 671 5499 θαυμασίων
735 5424 966 5498 (ἤσκητο
1014 5423 1119 5499 γὰρ
1178 5417 1418 5498 ἀκριϐῶς
1447 5427 1534 5479 καὶ
1568 5425 1667 5496 τὴν
1692 5429 1801 5480 τῶν
1834 5425 1994 5489 θείων

355 5516 587 5591 Γραφῶν
649 5510 878 5584 σύνεσιν)
919 5511 1008 5567 οἷά
1061 5532 1168 5567 τινι
1227 5508 1406 5587 δρόσῳ
1470 5519 1537 5582 τῆ
1598 5518 1883 5588 προσευχῇ
1927 5513 1992 5569 τὸ

351 5606 458 5677 πῦρ
489 5601 660 5659 ἐκεῖνο
692 5605 799 5657 τῶν
832 5597 1155 5676 ἀλγηδόνων
1188 5594 1479 5658 ἐσϐέννυεν.
1521 5603 1636 5676 Ἐφ’
1669 5602 1751 5665 οἷς
1801 5603 1830 5657 ὁ
1887 5604 1991 5678 θήρ

2108 4716 2344 4788 quidem
2377 4715 2622 4786 ﬂagellis
2643 4715 2895 4787 desuper
2913 4714 3282 4778 laceraretur,
3303 4711 3525 4766 viscera
3545 4711 3742 4763 autem

2108 4804 2334 4860 inferne
2364 4803 2811 4875 conﬂagrarent,
2843 4807 2900 4859 et
2936 4818 3096 4857 vena
3128 4801 3531 4854 minuerentur
3570 4795 3629 4850 in
3660 4793 3746 4850 ci-

2108 4910 2325 4960 nerem,
2358 4897 2414 4948 et
2459 4899 2846 4949 οοηοτθεορῑει
2895 4905 2962 4947 ac
3010 4895 3447 4945 consumeretur
3501 4883 3743 4956 sanguis

2107 4982 2418 5053 supplicio,
2449 4982 2534 5036 vel
2565 4981 2712 5052 ipsis
2742 4979 2976 5034 auribus
3005 4993 3232 5048 gravem
3265 4975 3536 5030 atl'erente
3582 4971 3743 5027 dolo-

2108 5087 2251 5131 rem.
2288 5081 2506 5142 martyr
2535 5070 2591 5139 (ο
2623 5085 2753 5124 vere
2795 5081 3136 5138 generosum
3189 5069 3422 5135 prOpter
3450 5059 3741 5115 Christum

2107 5161 2387 5225 animum,
2412 5166 2469 5215 et
2491 5160 2849 5231 superiorem
2877 5161 3095 5211 natura:
3116 5150 3578 5219 necessitatibus)
3599 5149 3741 5206 solis

2105 5250 2374 5322 precibus
2405 5257 2454 5304 et
2489 5249 2601 5303 Deo
2629 5253 2751 5303 erat
2781 5247 3037 5300 intenta:
3070 5248 3125 5298 et
3154 5257 3281 5313 quae
3313 5243 3452 5295 sunt
3473 5255 3506 5294 a
3527 5237 3739 5293 seculo

2107 5341 2174 5393 ad
2187 5337 2494 5402 mirabilia,
2513 5336 2570 5391 in
2614 5334 2954 5392 memoriam
2979 5337 3036 5387 et
3055 5347 3118 5386 os
3141 5329 3407 5400 redigens
3426 5327 3571 5396 (erat
3592 5326 3738 5380 enim

2105 5426 2268 5482 valde
2315 5425 2630 5482 exercitata
2675 5423 2852 5479 etiam
2883 5420 2942 5476 in
2973 5415 3362 5490 intelligentia
3405 5413 3737 5469 divinarum

2101 5515 2552 5587 Scripturarum)
2600 5512 2886 5578 oratione,
2914 5507 3092 5568 veluti
3137 5506 3389 5579 quodam
3438 5517 3586 5570 rore,
3635 5516 3735 5556 ex-

2101 5603 2436 5677 stinguebat
2463 5603 2631 5661 illum
2669 5602 2862 5676 ignem
2900 5599 3181 5658 dolorum.
3213 5592 3596 5664 Quamobrem
3637 5589 3736 5644 de-
