4128 6274
370 248 394 305 1
408 247 521 307 303

1699 240 1983 304 MENSIS
2028 237 2409 299 OCTOBER.

3594 230 3756 291 13οι

366 408 517 462 fessa
550 406 647 463 illa
676 407 870 464 bellua
898 408 958 463 in
991 407 1096 464 hoc
1127 424 1336 481 genere
1365 406 1653 479 supplicii,
1686 420 1811 461 eam
1837 402 1994 473 jubet

2110 396 2334 466 ἐκεῖνος,
2399 393 2794 472 ἀπαγορεύσας,
2843 393 2996 456 αὗθις
3042 389 3209 461 αὐτὴν
3260 387 3349 445 ἐπὶ
3394 393 3606 467 τροχοῦ
3634 410 3755 481 *τα-

371 496 601 551 extendi
632 513 804 567 super
831 500 1038 553 rotam.
1071 496 1137 551 Et
1163 497 1272 551 fuit
1301 497 1535 567 quidem
1562 496 1767 565 jussus
1803 491 1997 547 statim

360 591 667 639 mandatus
723 584 1099 652 exsecutioni,
1141 590 1195 640 et
1230 590 1357 640 rota
1417 585 1637 653 accepit
1690 581 1995 650 virginem,

330 671 610 743 .insignis
659 675 971 741 cruciatus,
1003 680 1063 729 et
1093 675 1379 729 malorum
1412 672 1713 736 successio,
1745 687 1871 741 quas
1905 685 2001 724 se-

359 763 566 817 cundis
596 763 981 818 contendebat
1008 764 1318 818 obscurare
1351 764 1562 831 priora.
1599 760 1815 815 Deinde
1865 773 1997 814 cum

357 849 458 904 illa
488 866 590 920 per
618 851 933 920 quamdam
965 855 1281 907 verteretur
1318 849 1668 916 machinam,
1701 864 1837 903 ossa
1866 847 1996 917 qui-

355 939 483 992 dem
536 939 1069 1010 confringebantur,
1105 940 1265 994 nervi
1291 943 1485 994 autem
1514 942 1570 994 et
1605 935 1855 993 musculi
1897 950 1995 990 ex-

353 1026 763 1094 tendebantur,
797 1037 851 1083 et
896 1032 1016 1082 tota
1054 1028 1223 1099 (proh
1256 1027 1482 1098 dolor!)
1514 1028 1699 1083 forma
1740 1024 1995 1095 corporis

262 1122 265 1123 '
354 1114 664 1169 excedebat
693 1132 725 1169 a
755 1131 1035 1186 compage
1061 1115 1325 1171 naturali.
1351 1116 1454 1171 Illa
1476 1121 1665 1172 autem
1694 1132 1827 1170 eum
1861 1131 1993 1169 rur-

353 1218 459 1257 sus
491 1202 816 1267 invocabat,
846 1205 945 1272 qui
986 1206 1112 1274 ejus
1162 1205 1509 1261 exaudiebat
1551 1205 1895 1270 orationem,
1938 1207 1995 1258 et

355 1295 577 1360 poterat
618 1306 745 1346 eam
797 1291 1105 1349 defendere
1146 1293 1201 1347 in
1237 1299 1496 1366 tempore
1544 1293 1897 1361 afﬂictionis,
1942 1300 1995 1347 et

352 1380 571 1450 eripere
603 1397 635 1434 a
666 1397 838 1435 manu
870 1381 1265 1451 inimicorum,
1290 1384 1490 1438 dicens
1519 1399 1531 1436 :
1562 1387 1709 1437 Deus
1730 1383 1991 1447 deorum,

348 1472 507 1523 Deus
536 1470 834 1538 virtutum,
860 1471 1010 1525 Deus
1040 1471 1246 1526 salutis
1280 1487 1439 1541 meat,
1461 1489 1494 1527 a
1515 1488 1625 1541 quo
1656 1476 1745 1526 est
1777 1472 1993 1542 patien-

351 1555 433 1610 tia
464 1572 612 1621 mea,
647 1556 705 1610 in
742 1573 853 1629 quo
885 1558 1127 1613 confidit
1152 1559 1349 1614 anima
1380 1576 1525 1626 mea,
1560 1558 1731 1614 turris
1762 1560 1991 1613 fortitu-

353 1643 505 1699 dinis
535 1661 698 1711 mete,
732 1650 788 1700 et
817 1645 1108 1716 refugium
1157 1662 1373 1715 meum,
1406 1648 1530 1718 ipse
1560 1649 1635 1703 da
1668 1664 1823 1702 nunc
1855 1662 1992 1715 quo-

2107 492 2265 554 θῆναι
2324 482 2709 539 διακελεύεται.
2771 480 2874 538 Καὶ
2922 484 2957 550 ἡ
3030 481 3125 553 μὲν
3220 479 3512 555 πρόσταξις
3599 478 3760 542 εὐθὺς

2106 571 2262 649 ἔργον
2291 574 2379 648 ᾖν·
2413 573 2504 627 καὶ
2539 574 2567 627 6
2606 572 2809 647 τροχὸς
2852 573 2950 641 τὴν
3003 571 3244 646 γενναίαν
3297 568 3540 643 ἐδέχετο,
3602 568 3761 643 ἑτέρα

2101 660 2373 734 τιμωρίας
2425 656 2704 734 ὑπερϐολή
2755 662 2845 714 καὶ
2908 656 3145 735 διαδοχή
3212 661 3392 711 κακῶν
3440 655 3755 730 ἀποκρύψαι

2101 752 2167 805 τὰ
2224 750 2459 826 πρότερα
2504 755 2621 813 τοῖς
2676 749 2945 822 δευτέροις
3005 749 3408 820 φιλονεικοῦσα.
3460 748 3596 805 Εἶτα
3664 744 3759 801 διά

2099 860 2243 901 τινος
2293 838 2501 894 ἐκείνου
2572 844 2830 913 μηχανῆς
2892 838 3255 915 στρεφομένου
3312 837 3441 891 ὀστᾶ
3504 838 3600 907 μὲν
3676 838 3749 909 τῇ

2104 929 2333 1001 μάρτυρι
2401 926 2763 995 συνεθλῶντο,
2796 930 2955 999 νεῦρα
3012 922 3071 980 δὲ
3134 925 3225 980 καὶ
3285 930 3416 998 μῦες
3463 925 3760 997 ἐτείνοντο,

2101 1016 2190 1071 καὶ
2220 1022 2385 1081 πᾶσα,
2417 1020 2514 1092 φεῦ
2548 1018 2561 1071 ί
2596 1018 2630 1084 ἡ
2677 1018 2777 1069 τοῦ
2827 1014 3082 1086 σώματος
3129 1013 3327 1078 πλάσις
3368 1021 3467 1083 τῆς
3518 1020 3760 1090 φυσικῆς

2103 1104 2342 1174 ἐξίστατο
2394 1104 2681 1179 ἁρμονίας.
2732 1105 2794 1159 ἹΙ
2871 1101 2926 1158 δὲ
2983 1104 3074 1158 τὸν
3124 1102 3475 1158 εἷσακούοντα
3520 1123 3763 1176 προσευ-

2100 1200 2213 1271 χῆς
2266 1192 2453 1261 αὐτῆς,
2504 1192 2595 1246 καὶ
2653 1192 3010 1267 ὑπερασπίσαι
3050 1192 3224 1261 αὐτῆς
3281 1190 3334 1246 ἐν
3406 1196 3579 1266 καιρῷ
3646 1189 3767 1255 θλί-

2100 1284 2265 1355 ψεως,
2318 1282 2410 1336 καὶ
2470 1281 2531 1336 ἐκ
2589 1282 2780 1360 χειρὸς
2838 1280 3046 1356 ἐχθρῶν
3109 1280 3379 1350 ἐξελέσθαι
3437 1278 3763 1353 δυνάμενον)

2099 1369 2263 1424 πάλιν
2308 1368 2651 1442 ἐπεκαλεῖτο,
2690 1370 2784 1425 Θεέ
2835 1382 2988 1439 θεων,
3046 1368 3302 1445 λέγουσα,
3345 1372 3372 1424 ὁ
3422 1371 3551 1432 Θεὸς
3594 1368 3763 1425 δυνά-

2102 1480 2266 1531 μεων,
2291 1461 2318 1514 6
2360 1461 2490 1524 Θεὸς
2535 1467 2637 1530 τῆς
2687 1461 2959 1533 σωτηρίας
3002 1482 3131 1533 μου,
3163 1461 3289 1535 παρ’
3321 1458 3384 1515 οὗ
3424 1463 3460 1531 ἠ
3494 1460 3754 1533 ὑπομονή

2103 1567 2227 1617 μου,
2260 1547 2361 1622 ιἐφ’
2417 1548 2474 1603 ὅν
2526 1548 2778 1603 πέποιθεν
2838 1551 2873 1617 ἡ
2924 1551 3076 1623 ψυχή
3119 1569 3248 1621 μου,
3299 1550 3326 1603 6
3392 1550 3598 1625 πύργος
3653 1550 3761 1619 τῆς

2099 1634 2292 1709 ἰσχύος
2326 1658 2433 1708 μου
2492 1637 2586 1691 καὶ
2615 1640 2649 1705 ἡ
2699 1638 2986 1715 καταφυγή
3046 1658 3173 1709 μου,
3207 1639 3367 1699 αὐτὸς
3416 1634 3509 1700 δὸς
3539 1639 3629 1692 καὶ
3659 1642 3758 1691 νῦν

352 1736 463 1799 que
495 1731 779 1788 auxilium
809 1749 878 1788 ex
909 1733 1237 1791 atﬂictione.
1272 1735 1448 1803 Deus,
1482 1734 1578 1806 qui
1612 1736 1868 1806 accingis
1901 1752 1992 1790 me

2105 1723 2358 1797 βοήθειαν
2402 1723 2462 1778 ἐκ
2510 1723 2771 1797 θλίψεως
2829 1726 2857 1778 6
2902 1726 3030 1787 Θεὸς
3075 1725 3102 1778 6
3143 1724 3526 1799 περιζωννύων
3563 1747 3628 1799 με
3658 1722 3758 1781 δύο

354 1816 810 1884 virtutezDeus,
870 1820 1024 1876 Deus
1084 1838 1271 1887 meus,
1332 1838 1404 1877 ne
1455 1822 1739 1893 elongeris
1794 1839 1827 1877 a
1886 1839 1996 1889 me,

358 1926 386 1956 ιι
420 1907 696 1977 quoniam
727 1909 933 1965 defecit
963 1910 1023 1965 in
1056 1910 1256 1966 dolore
1284 1911 1400 1966 vita
1432 1928 1557 1967 mea
1579 1911 1637 1980 ²;
1664 1933 1692 1961 ››
1724 1911 1998 1980 quoniam

358 2003 519 2051 terra
566 1996 812 2052 adhaesit
858 2003 1053 2054 venter
1084 2015 1273 2067 meus,
1306 2008 1359 2055 et
1391 2016 1526 2056 ossa
1560 2016 1687 2055 mea
1716 2004 1997 2071 tanquam

358 2084 645 2155 gremium
676 2091 976 2145 aruerunt.

428 2172 573 2227 VIII.
619 2173 750 2229 Ilaec
808 2179 1041 2245 precata
1088 2180 1140 2245 (ο
1188 2178 1432 2234 celerem
1490 2178 1917 2235 visitationem!
1965 2195 1997 2234 ο

356 2258 793 2317 velocissimum
826 2269 1092 2319 eventum
1120 2266 1157 2336 l)
1181 2267 1373 2321 statim
1400 2266 1634 2337 quidem
1660 2268 1947 2323 relaxatur
1966 2285 1998 2321 a

358 2348 517 2418 gravi
569 2349 669 2404 illa
717 2350 1010 2419 machina,
1045 2369 1115 2408 ne
1158 2353 1343 2425 plaga:
1377 2355 1633 2425 quidem,
1687 2372 1792 2411 nec
1844 2356 1996 2427 ignis

355 2437 664 2508 vestigium
700 2440 1008 2495 ostendens
1038 2441 1096 2495 in
1129 2458 1387 2513 corpore.
1412 2444 1568 2507 Quod
1595 2445 1830 2515 quidem
1861 2460 1994 2498 cum

354 2526 591 2580 deberet
631 2527 1069 2598 obstupefacere
1108 2531 1389 2599 judicem,
1447 2536 1504 2586 et
1552 2532 1839 2588 discutere
1888 2549 1993 2586 nu-

351 2612 482 2668 bem
533 2615 873 2686 impietatis,
904 2633 1029 2686 quae
1059 2634 1193 2672 eum
1244 2621 1558 2685 detinebat,
1592 2619 1687 2673 ille
1720 2635 1790 2674 ne
1825 2620 1993 2672 mini-

354 2716 514 2756 mum
542 2703 771 2771 quidem
800 2707 987 2774 potuit
1006 2704 1219 2759 intueri
1243 2706 1313 2759 ad
1337 2722 1486 2771 eam,
1510 2722 1635 2775 qua
1662 2705 1760 2759 illa
1784 2706 1993 2760 fecerat

358 2789 657 2857 miracula,
682 2791 984 2861 .virtutem,
1023 2809 1207 2864 neque
1240 2810 1336 2849 cor
1363 2795 1431 2850 ad
1465 2810 1589 2849 eam
1622 2799 1988 2849 convertere:

361 2880 461 2933 sed
496 2883 617 2933 erat
659 2880 849 2934 adhuc
880 2897 1108 2938 crassus
1138 2887 1194 2937 et
1226 2881 1461 2951 stultus,
1501 2889 1557 2938 et
1584 2883 1771 2940 adhuc
1795 2883 1993 2954 impli-

361 2974 516 3021 catus
546 2966 642 3021 illa
675 2968 949 3025 ebrietate
995 2971 1434 3039 incredulitatis,
1465 2978 1522 3028 et
1552 2973 1778 3027 insania
1804 2989 1869 3027 ac
1899 2989 1991 3027 ca-

356 3056 557 3128 ligine.
579 3058 717 3113 Cum
742 3076 866 3114 eam
891 3059 1067 3131 igitur
1084 3076 1287 3115 rursus
1308 3062 1366 3115 in
1390 3062 1614 3132 lignum
1639 3062 1989 3130 sustulisset,

361 3146 561 3202 ferreis
592 3147 775 3217 ipsam
808 3149 1037 3211 ungulis
1069 3149 1250 3204 laniat
1296 3150 1720 3207 crudelissime.
1752 3152 1854 3207 Illa
1894 3169 1991 3207 au-

360 3242 469 3289 tem
518 3252 721 3290 rursus
768 3237 837 3290 ad
887 3237 1066 3291 Deum
1108 3237 1255 3293 tollit.
1285 3239 1521 3295 oculos:
1555 3247 1611 3295 et
1641 3242 1833 3296 statim
1887 3243 1994 3297 fuit

360 3329 593 3379 tantum
626 3326 832 3396 adepta
861 3326 1161 3394 auxilium,
1188 3336 1245 3383 ut
1269 3345 1400 3385 cum
1432 3331 1643 3387 defessi
1675 3337 1868 3403 essent
1899 3349 1991 3385 sa-

360 3412 576 3465 tellites
609 3429 640 3466 a
671 3415 943 3466 continuo
979 3414 1196 3480 labore,
1219 3433 1286 3471 ea
1316 3418 1520 3472 affectu
1555 3418 1723 3472 fuerit
1754 3420 1993 3488 perinde

360 3515 425 3553 ac
466 3516 595 3569 quae
627 3500 853 3555 nullum
888 3503 1141 3558 dolorem
1193 3506 1432 3561 sentiret
1472 3507 1725 3575 penitus.
1762 3507 1994 3579 Propter

362 3605 486 3657 quae
525 3606 737 3658 praeses
768 3592 827 3645 in
873 3609 1167 3648 summam
1217 3595 1505 3652 adductus
1553 3597 1991 3666 dubitationem,

362 3692 488 3730 cum
546 3678 792 3733 nesciret
839 3682 975 3751 quid
1025 3687 1245 3753 ageret,
1273 3692 1326 3738 et
1356 3691 1611 3755 gestum,
1644 3691 1701 3741 et
1732 3686 1994 3742 habitum

362 3765 608 3820 subinde
642 3769 923 3834 mutabat,
957 3786 987 3823 e
1017 3773 1152 3825 sede
1184 3772 1509 3841 frequenter
1535 3774 1858 3842 exsiliebat,
1893 3792 1996 3830 nec

364 3852 489 3923 ipse
515 3870 573 3908 se
599 3857 821 3922 poterat
850 3856 1103 3927 amplius
1148 3861 1461 3927 continere,
1496 3878 1599 3916 nec
1654 3878 1888 3918 manere
1936 3863 1993 3917 in

364 3955 452 4008 eo,
484 3957 599 4011 quo
631 3958 735 4013 par
763 3949 870 4013 est,
900 3945 1100 4001 ordine
1130 3954 1180 4001 et
1213 3948 1626 4007 moderatione.

438 4181 535 4236 IX.
569 4182 711 4240 Cum
743 4189 936 4242 autem
971 4196 1203 4260 propter
1248 4191 1670 4249 dubitationem
1704 4214 1735 4251 a
1768 4212 1829 4252 se
1858 4198 1998 4255 adeo

365 4269 751 4340 discessisset,
779 4280 836 4329 et
866 4276 1101 4346 fureret,
1124 4280 1172 4335 ei
1206 4282 1380 4337 etiam
1415 4283 1689 4356 talequid
1721 4289 1999 4359 suggerit,

366 4361 464 4429 qui
495 4377 623 4416 cum
659 4379 725 4419 eo
758 4380 1016 4421 seorsum
1042 4367 1397 4438 loquebatur,
1430 4373 1728 4430 diabolus:
1757 4382 1812 4430 et
1837 4377 2001 4446 jubet

2106 1831 2285 1884 ναμιν·
2313 1814 2339 1866 ὁ
2371 1814 2501 1872 Θεὸς
2534 1814 2561 1867 6
2587 1812 2715 1874 Θεός
2753 1833 2875 1885 μου.
2911 1813 3009 1867 Καὶ
3046 1814 3121 1886 μὴ
3159 1814 3438 1888 μακρύνῃς
3467 1814 3558 1868 ἀπ’
3588 1812 3751 1886 ἐμοῦ,

2105 1926 2131 1953 ‹‹
2166 1901 2249 1955 ὅτι
2280 1899 2522 1973 ἐξέλιπεν
2545 1901 2597 1955 ἐν
2621 1899 2786 1975 ὀδύνῃ
2816 1903 2849 1971 ἡ
2874 1904 2986 1972 ζωή
3016 1903 3188 1974 μὸυ.»
3217 1904 3339 1960 ⁸Ὀτι
3372 1901 3650 1973 ἐκολλήθη
3679 1901 3761 1964 εἰς

2102 1995 2202 2065 γῆν
2234 1991 2269 2058 ἡ
2310 1992 2516 2065 γαστήρ
2570 2011 2695 2063 μου,
2740 1991 2828 2045 καὶ
2872 1990 2937 2046 τὰ
2995 1991 3124 2046 ὀστᾶ
3174 2012 3280 2065 μου
3338 1991 3467 2046 ὡσεὶ
3532 1992 3762 2071 φρύγιον

2106 2080 2538 2156 συνεφρύγησαν.

2176 2170 2257 2225 ΙΙ’.
2313 2172 2490 2224 Ταῦτα
2536 2169 2943 2243 προσευξαμένη
2988 2168 3055 2242 (ὤ
3103 2170 3329 2245 ταχείας
3396 2170 3699 2239 ἐπισκοπῆς
3745 2171 3761 2226 ί

2105 2255 2148 2310 ὤ
2208 2258 2467 2329 ὀξυτάτης
2528 2253 2799 2319 ἐκϐάσεως
2834 2260 2873 2330 ί)
2938 2258 3143 2313 ἀνίεται
3189 2260 3282 2332 μὶν
3345 2258 3497 2322 εὐθὺς
3548 2258 3761 2314 ἐκείνου

2103 2349 2198 2399 τοῦ
2252 2346 2499 2420 χαλεποῦ
2550 2348 2976 2423 μηχανήματος,
3038 2345 3181 2418 μηδέ
3230 2347 3451 2423 πληγῆς
3477 2346 3635 2423 ’ίχνος
3670 2352 3763 2420 τῷ

2102 2435 2338 2505 σώματι,
2373 2431 2513 2506 μηδέ
2551 2437 2720 2506 πυρὸς
2757 2433 3129 2510 ἐπιφαίνουσα.
3189 2438 3358 2508 Ὅπερ
3414 2435 3535 2490 δέον
3586 2457 3759 2492 κατα-

2098 2522 2372 2595 πλαγῆναι
2420 2522 2510 2575 τὸν
2569 2518 2846 2590 δικαστὴν,
2896 2522 2984 2575 καὶ
3041 2524 3103 2576 τὸ
3148 2522 3379 2597 κατέχον
3433 2522 3591 2577 αὑτὸν
3642 2532 3753 2588 τῆς

2097 2604 2339 2668 ἀσεϐείας
2418 2608 2797 2671 ἀποσείσασθαι
2858 2610 3038 2685 νέφος,
3108 2612 3136 2663 6
3204 2608 3261 2664 δέ
3328 2610 3388 2665 οὐ
3449 2609 3753 2686 διαϐλέψαι

2100 2697 2291 2768 μικρὸν
2348 2697 2483 2771 πρὸς
2522 2698 2620 2765 τήν
2659 2699 3136 2772 θαυματοργούσαν
3184 2701 3251 2753 τὰ
3305 2705 3531 2757 τοιαῦτα
3592 2699 3760 2758 δύνα-

2100 2806 2187 2856 μιν
2236 2782 2479 2857 ἴσχυσεν,
2527 2783 2654 2839 οὐδὲ
2708 2786 3021 2860 ἐπιστρέψαι
3089 2785 3314 2862 καρδίαν
3384 2788 3466 2844 ἐπ’
3538 2791 3752 2862 αὐτήν-

2096 2871 2221 2929 ἆλλ⁹
2260 2868 2338 2928 ἔτι
2395 2877 2575 2948 παχὺς
2613 2877 2678 2943 ἦν
2737 2876 2826 2930 καὶ
2866 2874 3111 2947 ἠλίθιος,
3160 2876 3238 2932 ἔτι
3268 2880 3365 2946 τὴν
3404 2878 3569 2952 μέθην
3603 2879 3752 2935 ἐκεί-

2096 2984 2191 3030 νην
2223 2969 2322 3031 τῆς
2350 2963 2620 3031 ἀπιστίας,
2654 2963 2743 3017 καὶ
2788 2965 2885 3033 τὴν
2923 2967 3112 3039 μανίαν
3145 2967 3234 3021 καὶ
3285 2969 3386 3037 τὴν
3437 2968 3613 3044 ἀχλὺν
3643 2990 3749 3024 πε-

2105 3051 2423 3124 ρικείμενος.
2457 3052 2553 3106 Καὶ
2620 3051 2786 3107 πάλιν
2847 3054 3019 3124 αὐτὴν
3074 3053 3159 3109 ἐπὶ
3193 3055 3358 3127 ξύλου
3389 3057 3745 3132 μετεωρίσας,

2102 3140 2349 3214 σιδηροῖς
2409 3142 2585 3212 ὄνυξιν
2643 3144 2900 3217 ὠμότατα
2956 3146 3281 3215 καταξαίνει.
3342 3149 3403 3205 Ἠ
3468 3146 3525 3203 δὲ
3607 3150 3749 3224 πρὸς

2102 3233 2301 3287 ἐκεῖνον
2347 3232 2484 3306 αἶ’ρει
2528 3234 2616 3286 καὶ
2661 3233 2826 3288 πάλιν
2870 3234 2997 3296 τοὺς
3044 3235 3362 3312 ὀφθαλμοὺς
3407 3238 3498 3293 τὸν
3552 3237 3611 3293 ἐκ
3656 3240 3747 3293 θα-

2099 3321 2282 3385 νάτου,
2314 3321 2403 3373 καὶ
2470 3320 2521 3374 ἐν
2576 3319 2829 3396 πολέμῳ,
2861 3324 2951 3377 καὶ
3008 3322 3068 3379 ἐκ
3114 3327 3302 3400 χειρὸς
3349 3324 3575 3402 σιδήρου
3609 3326 3748 3404 ῥυό-

2103 3428 2260 3480 μενον
2328 3409 2584 3481 (Ἣσαϊας
2656 3412 2683 3464 6
2745 3410 2907 3484 μέγας
2965 3414 3161 3489 φησὶ),
3239 3416 3328 3469 καὶ
3401 3422 3751 3491 παραχρῆμα

2099 3496 2364 3567 τοσαύτης
2394 3496 2592 3553 ἐκεῖθεν
2625 3498 2895 3555 ἀπέλαυσε
2952 3509 3052 3571 τῆς
3110 3503 3284 3576 ῥοπῆς
3331 3525 3389 3559 τε
3454 3506 3543 3559 καί
3595 3506 3742 3579 βοη-

2102 3587 2267 3656 θείας,
2298 3584 2437 3642 ὥστε
2492 3593 2582 3641 καὶ
2630 3593 2734 3643 τῶν
2799 3586 3016 3662 δημίων
3078 3592 3180 3646 ὑπὸ
3225 3600 3325 3662 τῆς
3363 3598 3469 3649 τῶν
3502 3595 3749 3668 βασάνων

2103 3674 2380 3749 συνεχείας
2430 3676 2829 3750 ἀτονησάντων,
2864 3679 3000 3747 αύτή
3036 3680 3276 3756 καθάπερ
3329 3679 3490 3737 οὐδὲν
3542 3681 3755 3738 ὀδυνω-

2106 3762 2239 3835 μένη
2304 3762 2552 3821 διέκειτο.
2615 3768 2733 3843 Ἐφ’
2799 3768 2901 3838 οἷς,
2964 3770 2990 3822 6
3050 3771 3271 3845 ἡγεμὼν
3343 3771 3751 3846 ἀπορούμενος,

2102 3853 2193 3906 καὶ
2250 3854 2324 3925 μὴ
2389 3848 2531 3927 ἔχων
2587 3855 2615 3908 ὃ
2664 3876 2717 3909 τι
2770 3858 2858 3910 καὶ
2911 3853 3169 3932 δράσειεν,
3232 3859 3506 3938 ἐξεφέρετό
3554 3882 3611 3916 τε
3657 3866 3760 3917 τοῦ

2104 3942 2418 4014 σχήματος,
2479 3943 2567 3995 καὶ
2633 3944 2849 4017 ἀνέθορε
2907 3952 3151 4021 συνεχῶς
3192 3946 3252 4002 ἐκ
3290 3954 3385 4003 τοῦ
3417 3950 3632 4024 θρόνου,
3663 3952 3760 4006 καὶ

2104 4028 2203 4082 οὐκ
2259 4026 2337 4083 ἔτι
2391 4032 2647 4093 καθεκτὸς
2694 4032 2759 4100 ἦν
2814 4033 2975 4097 αὐτὸς
3016 4036 3227 4107 ἑαυτοῦ,
3261 4035 3375 4093 οὐδ’
3415 4038 3466 4094 ἐν
3493 4040 3636 4111 τάξει
3666 4041 3759 4095 καὶ

2106 4123 2290 4191 θεσμῷ
2308 4123 2386 4191 τῷ
2414 4123 2745 4194 προσήκοντι
2781 4122 2954 4196 μένειν
2984 4122 3243 4193 ἠδύνατο.

2177 4210 2249 4262 Θ’.
2297 4208 2449 4263 Οὕτω
2500 4208 2557 4264 δὲ
2604 4210 2751 4283 αὐτῷ
2822 4216 3341 4287 παρακεκινημένως
3406 4216 3456 4286 ἐξ
3525 4217 3759 4293 ἀπορίας

2109 4298 2192 4353 καὶ
2240 4302 2476 4365 μανικῶς
2525 4295 2704 4355 ἓκοντι
2748 4296 3049 4358 ὑποϐάλλει
3090 4325 3143 4358 τι
3183 4306 3270 4360 καὶ
3311 4310 3560 4362 τοιοῦτον
3621 4305 3756 4361 συλ-

2110 4384 2297 4441 λαλῶν
2336 4387 2484 4459 αύτῷ
2513 4390 2649 4444 κατὰ
2684 4389 2848 4463 μόνας
2882 4386 3162 4455 διάϐολος·
3204 4397 3295 4448 καί
3328 4394 3470 4467 ξυρῷ
3509 4394 3577 4469 τῇ
3621 4396 3759 4470 μάρ-

368 4451 608 4520 martyri
656 4452 830 4508 ubera
877 4458 1165 4524 amputari
1220 4461 1521 4514 novacula.
1557 4467 1663 4517 Res
1692 4470 1773 4518 est
1807 4470 1994 4520 autem

2458 4451 2467 4459 υ
2684 4451 2694 4463 ι
2837 4451 2842 4452 ⁷
3130 4451 3138 4455 ⁷
3331 4451 3350 4465 Ἰ
3391 4451 3399 4467 Ι
3443 4451 3453 4467 Ι
3551 4451 3575 4469 I'
3621 4451 3632 4469 Ι
3700 4451 3709 4470 Ι

2108 4496 2228 4550 τυρι
2265 4476 2392 4539 τοὺς
2436 4480 2677 4551 μαστοὺς
2732 4478 3025 4549 ἐκκοπῆναι
3069 4479 3457 4541 διακελεύεται.
3503 4483 3752 4540 Χαλεπὸν

365 4537 711 4606 gravissima
760 4540 1147 4597 mamillarum
1198 4550 1540 4617 amputatio,
1573 4554 1629 4604 et
1656 4566 1779 4621 quae
1812 4557 1998 4620 potest

366 4623 570 4679 all‘erre
623 4627 1023 4683 acerbissimos
1076 4630 1324 4699 dolores,
1360 4635 1609 4691 maxime
1639 4655 1770 4695 cum
1799 4657 1897 4695 cor
1925 4642 2001 4697 sit

366 4710 543 4767 situm
576 4712 635 4767 in
680 4731 743 4769 ea
775 4722 957 4787 parte.
984 4719 1093 4773 Sed
1147 4726 1382 4792 martyr,
1411 4740 1537 4794 qua:
1584 4726 1999 4789 vehementiori

366 4800 664 4857 affectione
685 4806 899 4860 amoris
921 4807 977 4861 in
998 4808 1288 4866 Christum
1314 4814 1631 4884 tenebatur,
1656 4817 1711 4873 id
1736 4823 1885 4890 quod
1911 4829 2000 4880 est

368 4886 583 4952 minus,
615 4895 1036 4951 contemnebat.
1071 4896 1371 4964 Tyrannus
1393 4906 1585 4958 autem
1619 4886 1820 4962 rursus
1852 4910 1997 4965 insi-

366 4990 538 5044 gnem
572 4977 962 5037 furtitudinem
987 4988 1345 5043 contendens
1368 5007 1641 5061 superare
1669 4997 1996 5058 immodicis

364 5065 684 5159 suppliciis,
710 5071 756 5122 ei
782 5072 972 5125 evellit
994 5074 1149 5142 ipsos
1175 5092 1413 5147 ungues.
1438 5082 1548 5136 Sed
1573 5082 1692 5152 illa,
1715 5091 1992 5159 tanquam

362 5152 591 5208 nullum
614 5156 830 5212 doloris
856 5158 1071 5216 habens
1094 5179 1356 5235 sensum,
1380 5169 1569 5225 adhuc
1599 5152 1997 5235 vehementius

358 5242 474 5339 Deo
503 5243 705 5339 agebat
735 5248 969 5339 gratias,
1003 5252 1152 5319 quod
1203 5254 1381 5326 digna
1422 5265 1574 5315 esset
1613 5262 1833 5334 habita,
1866 5285 1991 5339 quae

360 5325 524 5383 ﬁeret
552 5328 603 5384 ei
634 5333 967 5407 conformis,
1011 5344 1068 5395 et
1116 5325 1291 5399 socia,
1320 5350 1781 5419 perpessionum.
1818 5325 1993 5416 ἰδόντο

429 5512 452 5549 ²
481 5513 628 5573 Psal.
663 5532 794 5585 xxx,
834 5524 915 5580 lt.

2106 4560 2163 4617 δὲ
2192 4564 2295 4638 ἄρα
2322 4571 2537 4638 μαστῶν
2579 4567 2856 4637 ἀποκοπή,
2890 4569 2997 4635 ,καὶ
3064 4568 3395 4645 δριμυτάτοις
3436 4570 3570 4650 ἄγαν
3624 4571 3753 4629 68'5-

2104 4672 2197 4714 νας
2265 4650 2557 4727 ἐπιτρίϐειν
2619 4654 2914 4728 δυνάμενον
2962 4660 3098 4713 κατὰ
3155 4664 3315 4716 τοῦτο
3381 4660 3621 4733 μάλιστα
3688 4664 3751 4718 τὸ

2109 4741 2269 4817 μέρος
2308 4747 2417 4815 ςτῆς
2464 4742 2686 4817 καρδίας
2742 4742 3161 4819 καθιδρυμένης.
3218 4746 3377 4805 Ἀλλ’
3426 4752 3459 4819 ἡ
3522 4753 3754 4826 μάρτυς,

2105 4828 2450 4907 σφοδροτέρῳ
2480 4834 2634 4895 πάθει
2677 4837 3018 4908 κατεχομένη
3059 4841 3156 4891 τοῦ
3216 4836 3291 4899 εἷς
3332 4840 3569 4911 Χριστὸν
3610 4836 3752 4914 ἔρω-

2103 4938 2221 4987 τος,
2262 4924 2357 4975 τοῦ
2397 4917 2683 4983 ἐλάττονος
2713 4924 3050 4998 κατεφρόνει.
3085 4925 3146 4981 Ὀ
3175 4923 3435 4997 τύραννος
3477 4924 3532 4981 δὲ
3580 4925 3747 4983 πάλιν

2106 5003 2414 5081 ὑπερϐολήν
2477 5013 2764 5085 καρτερίας
2824 5007 3105 5086 ὑπερϐολῇ
3168 5021 3387 5083 νικῆσαι
3417 5013 3744 5094 φιλονεικῶν

2099 5101 2205 5152 τῶν
2265 5095 2560 5168 κολάσεων,
2610 5103 2699 5155 καὶ
2757 5100 2883 5163 τοὺς
2939 5100 3107 5171 αὑτῆς
3164 5101 3335 5173 ἐκσπᾷ
3393 5106 3619 5181 ὄνυχας.
3678 5107 3742 5165 Ἡ

2102 5184 2178 5256 δὲ,
2214 5186 2394 5263 ὥσπερ
2425 5188 2680 5262 οὐδεμίαν
2714 5188 2983 5266 δεχομένη
3024 5196 3131 5247 τῶν
3167 5191 3431 5269 ἀλγεινῶν
3473 5193 3743 5267 αἴσθησιν,

2100 5276 2422 5352 θερμότερον
2477 5274 2554 5333 ἔτι
2618 5278 2831 5353 μᾶλλον
2887 5281 3209 5360 ηύχαρίστει
3267 5283 3506 5358 Χριστῷ,
3538 5285 3620 5339 ὅτι
3652 5286 3746 5341 καὶ

2099 5362 2424 5449 σύμμορφος
2455 5366 2602 5442 αὐτῷ
2640 5370 2900 5445 γενέσθαι,
2940 5371 3029 5426 καὶ
3081 5371 3335 5436 κοινωνὸς
3390 5377 3498 5429 τῶν
3564 5384 3746 5447 παθη-
