4128 6274
289 275 314 335 Ι
329 273 448 336 305

1367 275 1554 336 VITA
1597 275 1660 336 S.
1706 274 2172 337 ANASTASIIE
2217 273 2585 338 ROMANE.

3531 281 3684 344 1306

285 433 472 505 μάτων
520 430 742 502 ἠξίωτο.
773 425 1054 504 Ἐνυϐριζε
1114 429 1180 487 δὲ
1230 431 1318 487 καὶ
1354 432 1430 496 εἷς
1460 433 1615 498 ςτοὺς
1670 436 1930 512 τυράννου

2051 445 2233 494 autem
2266 438 2406 495 deos
2437 455 2666 510 quoque
2695 439 2929 510 tyranni
2973 440 3266 498 afﬁciebat
3314 445 3681 513 contumelia,

277 522 459 593 θεοὺς,
511 521 706 586 σκότος
762 520 955 584 αὖτοὺς
1001 521 1094 576 καὶ
1134 521 1370 592 πλάνην,
1402 522 1492 578 καὶ
1525 521 1807 598 δαίμονας,
1839 527 1927 580 καὶ

281 609 334 665 εἴ
367 631 421 665 τι
450 608 593 666 ἄλλο
634 610 770 685 πρὸς
802 607 1080 665 ἀπώλειαν
1116 608 1264 688 φέρει
1312 614 1498 687 ψυχῆς
1562 611 1922 685 ὀνομάζουσα.

277 699 376 753 Ὠν
409 699 613 762 ἐκεῖνος
645 699 864 754 ἀκούειν
894 697 996 754 οὐκ
1027 699 1380 774 ἀνεχόμενος,
1412 699 1527 756 ἐπεὶ
1577 703 1662 756 καὶ
1703 702 1766 756 τὸ
1797 701 1930 778 γλυ-

283 788 350 843 κὺ
391 793 521 843 πᾶσι
554 793 670 866 φῶς
707 786 983 865 ἀφθαλμῷ
1033 793 1279 843 νοσοῦντι
1331 788 1622 864 πολέμιον,
1672 790 1927 863 ἀποτμη-

285 880 442 946 θῆναι
467 880 636 952 μέσην
668 879 816 948 αὗτῷ
845 875 1083 932 κελεύειν
1119 880 1218 948 τήν
1273 877 1526 954 γλῶτταν
1581 879 1924 935 έλκυσθεῖσαν

280 970 378 1021 τοῦ
439 967 739 1046 φάρυγγος,
780 965 1172 1041 έκκρουσθῆναι
1239 964 1296 1023 δὶ
1344 967 1436 1023 σὺν
1489 968 1623 1042 αὐτῇ
1681 968 1926 1032 καὶτοὺς

280 1053 638 1119 ὀδόνταςκαί
694 1056 950 1117 τοιαύτας
978 1050 1216 1128 ἀμοιϐὰς
1274 1057 1302 1109 ὁ
1370 1056 1599 1127 ἀνόητος
1651 1057 1928 1130 στόματος

278 1140 611 1198 ἀποδίδωσιν
645 1141 952 1219 ἐλευθέρου.
987 1140 1166 1201 Ἀλλά
1196 1148 1304 1199 τῶν
1340 1145 1434 1216 μὶν
1469 1142 1704 1200 ὀδόντων
1753 1147 1923 1215 αὑτήν

272 1231 567 1307 ἀποστερεῖ
620 1233 710 1287 καὶ
764 1238 863 1303 τῆς
932 1231 1213 1308 γλώττης,
1271 1241 1370 1303 τῆς
1435 1232 1741 1308 παρῥησίας
1789 1231 1845 1289 δὲ
1887 1235 1922 1304 ἢ

274 1325 376 1387 τῆς
434 1320 746 1395 ἐλευθερίας
813 1321 912 1377 ούκ
975 1320 1077 1379 ἔτι.
1124 1321 1301 1380 Ἀλλά
1372 1321 1542 1397 μηδὲν
1614 1322 1924 1398 ἐνδόσιμον,

283 1407 423 1482 μηδὲ
490 1409 736 1482 μαλακὸν
792 1411 1090 1479 ὑποστᾶσα,
1143 1411 1388 1486 τοσούτῳ
1443 1414 1543 1484 τήν
1587 1415 1764 1488 τομήν
1805 1414 1921 1469 ἀνε-

2037 543 2136 583 eos
2163 529 2450 594 tenebras,
2472 543 2726 584 errorem
2761 531 2818 583 et
2848 528 3167 596 demones,
3192 533 3247 585 et
3276 531 3321 586 si
3352 534 3492 603 quid
3523 533 3680 589 aliud

2041 616 2149 670 fert
2178 616 2246 670 ad
2281 617 2490 671 animae
2543 617 2867 684 interitum,
2902 618 3229 674 nominans.
3262 618 3394 682 Quae
3445 622 3682 693 quidem

2038 702 2136 758 ille
2169 705 2371 760 audire
2403 721 2517 760 non
2569 706 2870 761 sustinens
2901 706 3053 778 (quae
3103 707 3257 763 enim
3289 717 3378 763 est
3407 712 3682 768 omnibus

2029 793 2298 863 jucunda
2344 793 2464 860 lux,
2497 799 2586 849 est
2643 794 2882 850 inimica
2938 795 3104 851 oculo
3163 799 3486 868 aegrotanti)
3520 799 3686 869 jubet

2038 881 2290 936 mediam
2321 882 2374 938 ei
2403 881 2670 954 linguam
2705 883 2964 938 exscindi
2995 889 3310 940 extractam
3341 903 3376 941 a
3402 892 3640 958 gutture
3667 904 3681 948 :

2037 986 2170 1025 cum
2205 985 2272 1024 ea
2301 975 2496 1026 autem
2545 988 2660 1026 una
2691 988 2923 1042 quoque
2971 973 3174 1028 dentes
3220 973 3450 1029 excuti:
3485 979 3541 1030 et
3580 992 3683 1046 pro

2036 1075 2134 1114 ore
2166 1059 2344 1114 libero
2380 1058 2519 1115 tales
2550 1060 2766 1115 stultus
2794 1061 2976 1115 reddit
3010 1061 3526 1119 remunerationes.
3551 1062 3684 1132 Ipsa

2035 1163 2166 1203 vero
2218 1147 2364 1204 nihil
2397 1149 2466 1202 de
2501 1165 2609 1203 sua
2658 1149 2960 1203 remittens
3009 1150 3356 1215 constantia,
3390 1166 3581 1222 neque
3620 1166 3682 1205 se

2036 1236 2290 1292 molliter
2319 1240 2420 1292 aut
2450 1238 2694 1293 delicate
2728 1252 2953 1308 gerens,
2980 1238 3181 1292 taudiu
3216 1239 3452 1294 sustulit
3482 1256 3680 1311 ampu-

2035 1328 2336 1394 tationem,
2369 1328 2631 1399 quandiu
2667 1345 2794 1385 cum
2841 1329 2996 1385 vocis
3046 1329 3438 1386 instrumento
3488 1333 3683 1402 posset

2035 1417 2276 1473 ultimas
2307 1417 2425 1473 Deo
2453 1435 2652 1488 preces
2684 1419 2943 1475 fundere.

278 1493 480 1554 ϐάλετο
504 1501 617 1572 ὅσῳ
655 1499 967 1556 τελευταίαν
1003 1507 1082 1574 τῷ
1111 1507 1228 1574 Θεῷ
1263 1504 1396 1576 μετά
1431 1508 1528 1558 τοῦ
1575 1510 1674 1572 τῆς
1740 1510 1926 1577 φωνῆς
1967 1505 2195 1580 ὀργάνου
2250 1504 2339 1559 καὶ
2406 1506 2504 1574 τήν
2559 1508 2871 1581 προσευχὴν
2924 1504 3202 1561 ἀποδῦναι·
3247 1503 3368 1580 ᾔδει
3434 1507 3538 1582 γὰρ
3597 1506 3681 1563 ὅτι

279 1587 370 1642 καὶ
386 1591 718 1646 σιωπώντων
759 1589 902 1647 οἶδεν
942 1591 1157 1648 ἀκούειν
1189 1593 1407 1656 ἐκεῖνος.

348 1680 402 1739 1'.
437 1681 897 1758 Εὐχαριστήσασα
928 1682 1020 1738 οῦν
1067 1683 1228 1754 ἀξίως
1266 1684 1433 1756 αὐτῷ,
1465 1687 1585 1740 εἶτα
1629 1687 1716 1741 καὶ
1771 1684 1929 1759 δεξιῷ

2110 1690 2185 1743 Χ.
2218 1688 2360 1744 Cum
2412 1689 2462 1744 ei
2509 1705 2663 1759 ergo,
2696 1693 2760 1743 ut
2791 1706 2892 1759 par
2920 1696 3060 1756 eral,
3095 1689 3312 1760 egisset
3359 1688 3597 1760 gratias,
3628 1693 3683 1745 et

277 1766 426 1859 τέλει
485 1765 739 1859 δεηθεῖσα
796 1770 1104 1859 καταλῦφαι
1160 1775 1261 1841 τὴν
1315 1773 1629 1850 μαρτυρίαν,
1689 1774 1810 1844 ἑξῆς
1873 1771 1930 1829 δὲ

2051 1777 2248 1832 ieinde
2272 1783 2525 1848 rogasset
2548 1783 2608 1834 ut
2626 1777 2779 1833 bono
2803 1779 2916 1833 fine
2936 1777 3280 1833 terminaret
3313 1778 3676 1847 martyrium,

274 1856 365 1911 καὶ
425 1856 549 1931 περὶ
597 1861 704 1913 τῶν
767 1857 1188 1934 ἀρρωστούντων
1255 1863 1343 1916 καὶ
1431 1860 1567 1934 αὐτῇ
1643 1863 1918 1937 προσιέναι

281 1943 599 2017 μελλόντων
651 1945 910 2016 ἐντεύξεις
969 1947 1340 2022 ποιησαμένη,
1391 1956 1578 2028 φωνῆς
1606 1971 1665 2005 τε
1696 1949 1922 2024 οὐρανό-

275 2054 364 2088 σεν
395 2037 504 2089 τῶν
539 2035 878 2108 αἰτουμένων
908 2038 1008 2107 τὴν
1039 2034 1188 2092 δόσιν
1235 2037 1714 2113 ἐπιμαρτυρούσης
1758 2039 1922 2094 ἀκού-

279 2142 435 2194 σασα,
468 2127 658 2196 Δεῦρο,
687 2129 769 2196 τῷ
807 2122 997 2199 δημίῳ
1053 2126 1217 2197 ποίει,
1268 2128 1425 2200 φησὶ,
1465 2128 1532 2184 τὰ
1587 2149 1922 2206 προστεταγ⁴

282 2209 431 2284 μένα·
495 2211 585 2266 καὶ
627 2213 899 2288 προτείνει
949 2213 1206 2291 γλῶσσαν
1245 2218 1280 2285 ἡ
1335 2218 1561 2293 μάρτυς,
1609 2220 1710 2286 τήν
1751 2217 1831 2273 ἀεὶ
1861 2218 1928 2272 τὰ

282 2304 398 2363 θεῖα
450 2306 760 2372 μελετῶσαν
815 2302 906 2358 κκὶ
948 2305 1349 2380 φθεγγομένην,
1402 2306 1494 2361 καὶ
1539 2305 1762 2381 σίδηρος
1821 2307 1926 2362 αύ-

281 2387 398 2457 τήν,
433 2386 629 2462 οἷ’μοιί
686 2387 854 2461 μέσην
913 2390 1066 2453 εὐθὺς
1105 2392 1420 2466 ἀποτέμνει.
1472 2395 1698 2451 Ἔπειτα
1748 2391 1807 2449 δὲ
1838 2393 1928 2449 καὶ

283 2476 413 2537 τοὺς
475 2473 694 2539 ὀδόντας
742 2475 1076 2553 ἐκκρούεται,
1134 2480 1223 2536 καὶ
1282 2484 1436 2558 πηγή
1507 2483 1736 2557 αἶ’ματος
1792 2484 1928 2551 αὐτῆ

280 2567 343 2620 τὸ
397 2568 576 2641 στόμα
639 2567 868 2644 γίνεται,
926 2569 1064 2640 ὅλην
1123 2576 1191 2645 τῇ
1223 2576 1318 2626 τοῦ
1377 2573 1698 2647 Χριστιανοῦ
1741 2573 1928 2647 νύμφῃ

284 2656 384 2725 τήν
463 2656 663 2726 ἐσθῆτα
731 2656 1120 2736 διαφοινίξασα,
1214 2660 1302 2715 καὶ
1389 2661 1668 2739 πορφύρας
1750 2663 1935 2736 τιμίας

282 2747 519 2818 ἀπάσης,
559 2748 649 2802 καὶ
709 2751 1004 2823 βασιλικῆς
1052 2749 1385 2826 ἀλουργίδος
1457 2753 1788 2826 τιμιωτέραν
1846 2753 1933 2828 έρ-

281 2834 583 2910 γασαμένη.
633 2838 813 2894 ’Ὀπου
855 2840 944 2893 καὶ
990 2840 1182 2914 μικρὸν
1225 2839 1634 2912 ἐκλελοιπυῖαν,
1667 2839 1812 2909 ὕδωρ
1845 2841 1937 2894 αἷ-

293 2931 455 2995 τῆσαι
514 2923 728 2998 λέγεται
785 2928 876 2981 καὶ
934 2922 1141 2983 λαϐεῖν.
1201 2928 1263 2985 Ὀ
1317 2925 1373 2982 δὲ
1422 2931 1720 3004 παρασχὼν
1753 2930 1820 2998 ἧν
1852 2950 1938 2991 τις

300 3012 438 3085 ἀνὴρ
491 3009 662 3086 ὄνομα
737 3012 1040 3089 Κύριλλος,
1087 3020 1345 3071 τοσοῦτον
1391 3016 1451 3071 ού
1484 3018 1710 3096 φανερὸς
1740 3020 1840 3086 τὴν
1883 3017 1938 3073 εὖ

306 3097 538 3172 σέϐειαν,
574 3103 685 3176 ’ὀσῳ
735 3105 810 3177 μή
870 3108 1118 3166 τοιοῦτος
1161 3110 1277 3168 τοῖς
1335 3101 1548 3161 ἀσεϐέσι
1604 3108 1940 3180 νομίζεσθαι,

2037 1865 2309 1938 deinceps
2351 1871 2542 1922 autem
2591 1883 2692 1936 pro
2741 1866 2812 1921 iis
2863 1883 3119 1937 quoque,
3151 1866 3250 1936 qui
3281 1870 3577 1936 aegrotant,
3608 1866 3680 1920 ad

2032 1968 2158 2010 eam
2192 1955 2517 2010 accessuris
2549 1953 2993 2021 intercessisset,
3025 1959 3082 2010 et
3112 1969 3306 2008 vocem
3343 1969 3372 2008 e
3403 1952 3544 2008 ccelo
3574 1969 3680 2008 au-

2033 2041 2295 2110 divisset,
2320 2059 2448 2114 quae
2470 2043 2856 2098 conﬁrmabat
2878 2043 3013 2098 data
3039 2043 3238 2105 fuisse,
3259 2058 3386 2113 quae
3412 2041 3676 2112 petebat:

2033 2132 2318 2203 Agedum,
2349 2131 2541 2203 inquit
2582 2130 2861 2194 carniﬁci,
2894 2131 2981 2185 lac
3010 2146 3139 2201 quae
3167 2135 3307 2185 sunt
3355 2130 3675 2199 imperata:

2035 2225 2092 2275 et
2123 2219 2381 2292 linguam
2418 2221 2652 2291 porrigit
2687 2224 2920 2292 martyr,
2945 2236 3069 2290 quae
3102 2219 3299 2273 divina
3328 2232 3560 2288 semper
3589 2231 3679 2271 me

2037 2309 2353 2374 dilabatur,
2385 2313 2442 2364 et
2471 2308 2855 2380 loquebatur:
2889 2313 2945 2363 et
2977 2309 3194 2364 ferrum
3225 2322 3354 2362 eam
3386 2305 3553 2377 (proh
3577 2305 3680 2360 do-

2037 2399 2189 2470 lor!)
2218 2400 2473 2456 mediam
2531 2399 2821 2455 exscindit
2877 2398 3164 2470 protinus.
3216 2397 3436 2452 Deinde
3487 2399 3682 2450 autem

2039 2490 2241 2544 dentes
2275 2505 2508 2560 quoque
2537 2487 2786 2543 excutit:
2816 2487 2997 2558 ﬁtque
3026 2486 3077 2541 ei
3104 2503 3169 2542 os
3194 2486 3321 2540 fons
3353 2483 3679 2555 sanguinis,

2040 2578 2141 2648 qui
2177 2594 2404 2648 sponsas
2428 2577 2638 2632 Christi
2660 2581 2844 2631 totam
2860 2583 3074 2631 vestem
3098 2573 3287 2629 etl‘ecit
3306 2587 3682 2644 purpuream,

2041 2671 2215 2738 atque
2245 2667 2388 2721 adeo
2419 2666 2624 2736 quavis
2656 2666 2812 2736 regia
2834 2680 3094 2736 purpura
3117 2661 3537 2734 pretiosiorem.
3561 2661 3682 2724 Quo

2041 2759 2306 2826 tempore
2336 2755 2564 2824 dicitur,
2587 2770 2719 2809 cum
2754 2769 2957 2823 parum
2991 2751 3316 2817 defecisset,
3338 2767 3552 2821 aquam
3584 2765 3685 2821 pe-

2045 2842 2237 2910 tiisse,
2283 2846 2342 2896 et
2386 2843 2698 2911 accepisse.
2731 2841 2839 2904 Qui
2887 2846 3083 2895 autem
3133 2838 3399 2910 praebuit,
3447 2837 3556 2892 fuit
3598 2835 3687 2891 vir

2045 2929 2310 2999 quidam,
2335 2927 2585 2996 Cyrillus
2615 2929 2872 2992 nomine,
2895 2929 3064 2998 cujus
3094 2927 3236 2983 adeo
3267 2942 3380 2982 non
3412 2929 3533 2981 erat
3563 2924 3687 2996 pie-

2048 3022 2135 3072 tas
2167 3017 2496 3086 manifesta,
2523 3021 2584 3072 ut
2603 3015 2734 3071 talis
2765 3015 2997 3086 quidem
3031 3020 3332 3087 putaretur
3351 3014 3422 3070 ab
3444 3012 3640 3084 impiis
3664 3029 3680 3068 :

2056 3105 2275 3177 alioqui
2305 3111 2523 3174 autem,
2548 3107 2700 3176 quod
2735 3105 2806 3160 ad
2838 3104 3048 3161 animae
3076 3104 3283 3159 attinet
3301 3102 3686 3170 affectionem,

314 3153 538 3172 --"----1
581 3153 680 3176 -ντ
735 3153 810 3177 r";
882 3153 1116 3166 -'-""‘-
1174 3153 1276 3168 ""-
1337 3153 1548 3161 """"
1614 3153 1938 3180 ’νΓστ-*ν-Ἷ

297 3190 367 3244 τά
407 3187 454 3244 δ’
493 3188 782 3260 ἄλλα,τήν
828 3198 927 3262 τῆς
983 3195 1168 3268 ψυχῆς
1206 3192 1337 3265 ἕξιν,
1371 3195 1539 3272 φημὶ,
1579 3196 1668 3250 καὶ
1712 3192 1938 3259 δίοθεσιν

2056 3153 2452 3259 ﬁdelissimus,
2485 3153 2631 3250 eytjin
2665 3192 2870 3264 primis
2899 3192 3049 3264 pius.
3077 3195 3264 3263 Atque
3311 3189 3408 3245 ille
3450 3153 3688 3262 quidem;

301 3280 626 3344 πιστότατός
670 3301 730 3336 τε
768 3280 857 3336 καὶ
925 3277 1328 3344 εὐσεϐέστατος.
1388 3287 1576 3346 ’Όστις
1627 3285 1720 3339 καὶ
1781 3286 1946 3358 μενά-

303 3366 434 3432 λους
495 3368 720 3442 μισθοὺς
775 3373 996 3447 ψυχροῦ
1053 3374 1326 3448 ποτηρίου
1395 3369 1796 3447 ἀπολαμϐάνει,
1856 3375 1947 3430 καὶ

298 3457 622 3533 πράγματος
699 3460 873 3516 οὓτως
951 3459 1204 3524 εὐτελοῦς
1293 3463 1384 3517 τὸν
1461 3467 1558 3519 τοῦ
1647 3466 1944 3539 μαρτυρίου

296 3546 513 3603 ὠνεῖται
572 3550 852 3628 στέφανον.
912 3551 1117 3607 Μαθὼν
1173 3552 1275 3626 γάρ
1335 3553 1362 3606 ὀ
1423 3548 1635 3626 Πρόϐος
1707 3556 1773 3608 τά
1827 3555 1945 3618 καθ’

295 3634 687 3707 αύτὸν,καίὅτι
738 3638 800 3693 ού
861 3637 1072 3713 φύσεως
1124 3639 1314 3702 ἁπλῶς
1360 3640 1703 3699 ἐπικλασθεὶς
1738 3664 1949 3716 συμπα-

297 3725 430 3796 θείᾳ,
507 3728 596 3782 καὶ
655 3731 735 3799 τῷ
793 3722 982 3783 λαϐεῖν
1029 3749 1153 3783 τινα
1208 3728 1420 3785 τούτων
1471 3729 1652 3803 μελῶν
1724 3729 1945 3787 ἐκείνων

298 3812 543 3884 έκκοπῆς
572 3811 748 3883 ἔλεον,
797 3814 946 3872 ἀλλά
994 3817 1255 3890 κοινωνίᾳ
1301 3819 1534 3881 πίστεως
1577 3818 1813 3892 μᾶλλον,
1857 3821 1947 3876 καὶ

298 3907 378 3975 τῷ
440 3906 515 3978 μὴ
587 3903 876 3979 ἀνέχεσθαι
934 3906 1108 3969 οὕτως
1168 3908 1298 3982 ὁρᾷν
1348 3904 1499 3964 ἐνδεᾶ
1527 3906 1722 3971 ὕδατος
1760 3915 1948 3966 κοινοῦ

303 3993 573 4048 Δεσπότου
657 3991 864 4065 δούλην
941 3996 1346 4070 γνησιωτάτην,
1424 4002 1494 4072 τῇ
1583 3999 1814 4075 μάρτυρι
1884 4001 1947 4056 τὸ

303 4082 470 4138 ποτὸν
535 4081 754 4158 ὀρέξειε,
831 4087 1162 4154 Δεσποτικήν
1247 4087 1342 4142 κάν
1458 4087 1636 4160 τούτῳ
1718 4089 1949 4164 πληρῶν

303 4171 552 4242 ἐντολὴν,
593 4177 762 4229 ταῦτα
791 4174 914 4249 περὶ
970 4180 1069 4230 τοῦ
1127 4174 1323 4251 ἀνδρὸς
1371 4179 1674 4250 πυθόμενος
1724 4177 1946 4242 θάνατον

306 4259 451 4332 αύτῷ
480 4262 578 4330 τήν
612 4263 882 4335 τιμωρίαν
924 4261 1134 4338 ἐπάγει.
1162 4263 1318 4334 Ἐξῆς
1369 4260 1426 4317 δὲ
1479 4265 1580 4332 τὴν
1637 4263 1944 4321 τελευταίαν

303 4350 390 4404 καὶ
433 4348 571 4404 κατά
599 4356 696 4419 τῆ)
732 4350 1006 4426 μάρτυρος
1045 4347 1236 4406 δίδωσι
1290 4354 1496 4430 ψῆφον,
1545 4353 1634 4408 καὶ
1689 4355 1790 4425 τήν
1858 4353 1947 4410 διὰ

305 4437 488 4514 ξίφους
516 4437 654 4511 αὐτῇ
689 4436 949 4508 τελευτὴν
1007 4438 1334 4514 κατακρίνει.
1395 4441 1471 4499 Ού
1533 4439 1600 4512 δή
1648 4445 1946 4519 γενομένου

2057 3300 2328 3356 magnam
2348 3283 2559 3354 accipit
2576 3283 2893 3339 mercedem
2915 3299 3018 3354 pro
3040 3281 3245 3352 poculo
3263 3297 3425 3352 aquae
3445 3278 3688 3350 frigidae,

2057 3379 2114 3430 et
2144 3390 2203 3430 re
2233 3375 2376 3429 adeo
2409 3373 2504 3426 vili
2536 3372 2680 3428 emit
2725 3387 3000 3428 coronam
3045 3369 3326 3443 martyrii.
3358 3369 3505 3424 Nam
3553 3382 3688 3422 cum

2058 3463 2376 3535 accepisset
2405 3461 2651 3527 Probus,
2683 3461 2836 3531 quod
2868 3459 2919 3516 is
2945 3476 3058 3516 non
3092 3458 3285 3515 solum
3333 3458 3550 3512 fractus
3585 3470 3692 3510 na-

2057 3556 2198 3606 tura
2223 3549 2646 3615 misericordia,
2661 3558 2713 3605 et
2731 3549 2885 3620 quod
2906 3548 3276 3604 misereretur
3293 3544 3691 3601 membrorum

2055 3640 2287 3698 illorum
2319 3639 2736 3710 amputationis
2763 3655 2777 3693 :
2809 3638 2914 3695 sed
2946 3641 3136 3708 potius
3175 3645 3408 3708 propter
3438 3633 3570 3688 ﬁdei
3599 3647 3694 3687 so-

2057 3731 2342 3796 cietatem,
2375 3738 2428 3786 et
2457 3729 2610 3801 quod
2643 3744 2757 3784 non
2802 3727 3115 3782 sustineret
3165 3725 3362 3780 videre
3410 3722 3495 3778 sic
3543 3735 3694 3792 aqua

2058 3822 2415 3893 indigentem
2460 3817 2792 3876 communis
2839 3816 3070 3873 Domini
3115 3813 3386 3871 ancillam
3445 3810 3694 3868 maxime

2057 3927 2417 3984 germanam,
2437 3908 2680 3980 martyri
2710 3911 2908 3979 potum
2931 3905 3296 3978 praebuisset,
3320 3900 3692 3958 Dominicum

2056 4001 2113 4056 in
2147 3999 2256 4056 hoc
2285 3998 2536 4070 implens
2566 3997 2933 4061 mandatum,
2967 3994 3166 4050 mortis
3196 3992 3246 4048 ei
3279 3990 3444 4047 atiert
3473 3986 3695 4060 suppli-

2056 4090 2233 4146 cium.
2257 4089 2478 4144 Deinde
2503 4103 2638 4142 vero
2660 4085 2770 4140 fert
2795 4084 2968 4140 etiam
2992 4082 3258 4138 ultimam
3289 4079 3352 4135 in
3381 4088 3693 4150 martyrem

2057 4175 2428 4241 sententiam,
2473 4179 2532 4230 et
2576 4190 2704 4229 eam
2753 4173 3118 4237 condemnat,
3166 4173 3233 4226 ut
3273 4169 3450 4223 vitam
3501 4165 3692 4238 gladio

2056 4267 2238 4322 finiat.
2267 4264 2429 4330 Quod
2452 4263 2687 4336 quidem
2719 4277 2851 4318 cum
2884 4260 3103 4316 factum
3132 4261 3309 4323 esset,
3331 4260 3388 4312 et
3408 4261 3541 4310 ante
3562 4254 3697 4310 civi-

2055 4358 2235 4410 tatem
2267 4367 2494 4408 sacrum
2528 4348 2687 4405 illius
2718 4357 2891 4420 caput
2921 4345 3130 4402 fuisset
3159 4348 3550 4416 amputatum,
3575 4357 3696 4398 cor-

2057 4459 2166 4516 pus
2193 4441 2428 4514 quidem
2457 4439 2798 4511 aliquandiu
2823 4435 3006 4507 jacuit
3034 4433 3199 4489 humi
3231 4431 3588 4502 neglectum,
3609 4429 3697 4484 in-

305 4524 396 4581 καὶ
448 4526 554 4600 πρὸ
601 4530 700 4581 τοῦ
757 4526 962 4590 ἄστεως
1017 4535 1117 4598 τῆς
1200 4529 1343 4604 ἱερᾶς
1411 4518 1670 4605 κεφαλῆς
1738 4531 1938 4605 ἐκείνης

2059 4537 2281 4590 tactum
2329 4534 2544 4597 tamen,
2572 4531 2738 4596 atque
2786 4527 2929 4582 adeo
2960 4541 2993 4579 a
3019 4522 3148 4579 cmli
3179 4525 3238 4577 et
3276 4525 3442 4576 terrae
3491 4518 3695 4574 avibus

309 4614 741 4688 ἀποτμηθείσης,
781 4617 844 4671 τὸ
876 4618 1036 4690 σῶμα
1069 4619 1163 4692 μὲν
1206 4617 1336 4694 ἄχρι
1375 4621 1523 4683 τινὸς
1575 4621 1953 4696 ἀμελούμενον

310 4701 558 4778 ἔρριπτο,
614 4703 884 4778 ἄψαυστον
950 4703 1008 4760 δὲ
1047 4708 1200 4780 ὅμως
1247 4707 1336 4763 καὶ
1393 4715 1656 4773 πετείνοῖς
1707 4711 1956 4788 ούρανοῦ,

314 4794 404 4848 καὶ
459 4796 561 4869 γῆς
616 4795 828 4870 θηρίοις
895 4796 1258 4872 τηρούμενον,
1323 4801 1585 4875 καθάπερ,
1644 4802 1822 4875 οἶμαι,
1892 4802 1961 4858 τὰ

319 4881 449 4956 ὑπὲρ
507 4887 603 4938 τοῦ
670 4890 1024 4961 Δημιουργοῦ
1089 4887 1296 4943 τούτων
1366 4889 1636 4967 στίγματα
1717 4889 1806 4946 καὶ
1862 4891 1958 4955 τὰς

314 4968 494 5048 ὕϐρεις
526 4971 982 5049 εὐλαϐουμένοις.
1025 4980 1250 5036 Ἔπειτα
1279 4978 1338 5035 δέ
1383 4986 1451 5055 τῇ
1509 4983 1602 5036 καὶ
1660 4979 1955 5039 παιδευσα-

321 5063 457 5137 μένῃ
485 5064 574 5118 καὶ
616 5066 924 5140 θρεψαμένῃ
979 5067 1151 5145 Σοφίᾳ
1217 5073 1349 5124 Θεοῦ
1414 5070 1640 5143 νεύμασι
1695 5069 1956 5128 ἀποδίδο-

315 5171 404 5206 ται
455 5149 775 5226 παραδόξως
852 5154 1025 5234 εὐχῆς
1082 5152 1299 5219 ἕκϐασις
1377 5159 1547 5224 ὅντως
1600 5160 1690 5215 καὶ
1746 5159 1957 5238 σπλάγ-

315 5261 461 5318 χνων
498 5246 780 5316 μητρικῶν
809 5244 1121 5309 ἀνάπαυσις.

385 5333 490 5388 1A"
528 5331 676 5386 Ἐπεὶ
716 5331 819 5407 γὰρ
893 5334 928 5402 ἡ
986 5335 1249 5410 παρθένος
1305 5335 1676 5409 συλληφθεῖσα
1713 5338 1853 5414 πρὸς
1889 5341 1952 5396 τὸ

316 5420 614 5496 μαρτύριον
642 5421 830 5496 ἤγετο,
879 5429 1092 5497 ἧγωνεα
1149 5425 1244 5498 μὲν
1301 5425 1433 5500 ὑπὲρ
1493 5427 1664 5498 αὐτῆς
1722 5431 1756 5499 ἡ
1811 5426 1954 5485 διδά-

312 5507 515 5572 σκαλος
565 5510 760 5587 Σοφία,
817 5511 908 5565 καὶ
965 5509 1248 5581 ἐδεδοίκει,
1297 5516 1388 5570 καὶ
1435 5513 1646 5592 ἔτρεμε,
1707 5517 1944 5594 καθάπερ

319 5597 417 5655 οὐκ
456 5597 540 5655 ἐπ’
580 5597 755 5674 ἔκείνῃ
807 5597 1022 5675 λοιπὸν,
1053 5599 1176 5659 ἀλλ’
1236 5603 1288 5658 έν
1327 5608 1444 5667 τοῖς
1509 5605 1705 5677 ἱαυτῆς
1762 5604 1948 5681 μέλεσι

2063 4638 2128 4679 ac
2160 4619 2362 4676 bestiis
2399 4617 2783 4686 custoditum,
2813 4618 2878 4670 ut
2906 4629 3030 4685 quan
3060 4608 3483 4683 quodammodo
3531 4621 3696 4662 reve-

2068 4713 2351 4777 rerentur,
2385 4724 2512 4780 quae
2535 4722 2638 4778 pro
2667 4705 2902 4760 illorum
2943 4705 3197 4757 creatore
3243 4699 3542 4769 acceperat
3587 4694 3698 4750 sti-

2067 4803 2262 4870 gmata
2279 4801 2334 4851 et
2350 4795 2616 4867 injurias.
2631 4792 2850 4848 Deinde
2862 4789 3112 4859 Sophim,
3129 4803 3256 4858 quae
3271 4801 3399 4842 eam
3413 4782 3697 4840 erudierat

2065 4893 2120 4944 et
2148 4887 2443 4950 educarat,
2478 4884 2576 4940 Dei
2608 4885 2755 4938 nutu
2799 4876 3214 4936 admirabiliter
3261 4872 3519 4930 redditur
3567 4871 3695 4942 ejus

2065 4976 2238 5050 plane
2291 4976 2529 5032 etractus
2587 4971 2885 5036 orationis,
2915 4977 2970 5025 et
3019 4965 3248 5038 requies
3297 4968 3696 5020 maternorum

2063 5081 2375 5124 VISCOI'llm.

2133 5341 2228 5399 XI.
2260 5341 2403 5397 Cum
2438 5337 2593 5394 enim
2622 5335 2786 5407 virgo
2828 5328 3252 5404 comprehensa
3294 5327 3602 5384 duceretur
3628 5325 3698 5381 ad

2063 5429 2429 5502 martyrium,
2462 5443 2563 5500 pro
2592 5441 2661 5483 ea
2698 5424 2934 5497 quidem
2979 5420 3176 5478 animo
3217 5417 3537 5489 angebatur
3573 5415 3702 5485 ejus

2061 5520 2341 5592 magistra
2394 5516 2630 5590 Sophia,
2678 5512 3037 5584 timebatque
3082 5512 3139 5566 et
3185 5503 3689 5570 contremiscebat,

2062 5613 2340 5682 tanquam
2371 5622 2488 5664 non
2517 5604 2620 5662 illa
2647 5602 2944 5674 deinceps,
2977 5600 3079 5658 sed
3108 5598 3236 5671 ipsa
3265 5597 3324 5652 in
3354 5594 3477 5652 suis
3505 5607 3689 5650 mem-
