4128 6274
418 308 575 371 13οἾ

1758 295 2037 358 MENSIS
2080 291 2458 356 OCTOBEB.

3662 267 3867 333 1308

414 473 533 530 bris
562 473 718 528 esset
757 468 1025 526 subitura
1058 462 1397 536 martyrium
1428 478 1441 516 :
1470 477 1543 517 ne
1573 460 1717 518 forte
1766 458 2048 527 emollita,
2076 517 2081 524 ,

2193 456 2255 524 ὴν
2298 449 2598 526 μαρτυρίαν
2642 444 2963 536 ὑφίστασθαι
2997 438 3298 536 μέλλουσα,
3343 438 3625 536 μήποτε,
3649 453 3874 536 nati:—

419 562 709 633 acciperet
765 554 1095 614 miserabile
1150 552 1297 609 illud
1350 553 1631 608 damnum
1689 564 2059 606 coronarum.

2174 522 2593 617 μαλακία-θεῖσα,
2659 522 2760 606 τῆν
2834 532 3073 602 ἐλεεινὴν
3158 528 3335 598 ἐκείνη
3418 522 3625 617 ὺπ-οστῇ
3714 527 3867 577 τᾶν

694 612 884 720 prona
915 645 1077 701 humi
1102 645 1329 715 jacens,
1354 642 1413 697 in
1435 644 1569 714 igne
1588 639 1867 696 orationis
1887 643 1947 695 et
1956 654 2065 702 ea-

2193 630 2444 704 πτεφάνων
2478 628 2698 700 ζημίαν,
2738 624 2827 678 καὶ
2892 620 3109 697 πρηνὴς
3176 617 3264 673 ἐπὶ
3306 615 3403 670 τοῦ
3450 612 3679 722 ἐὸἀφρυς
3708 632 3871 665 κει-

420 739 557 795 lidis
592 738 980 809 lacrymarum
1016 731 1391 798 ﬂuxionibus,
1418 732 1593 786 Deum
1628 729 1892 800 rogabat,
1922 743 2066 798 sup-

422 826 695 901 plicabal,
726 824 1091 890 obsecrabat,
1124 838 1196 876 ne
1217 825 1591 892 superaretur
1624 824 1845 889 martyr
1871 834 1903 872 a
1934 833 2069 887 sup-

423 915 635 989 pliciis.
667 915 981 984 Postquam
1029 915 1222 967 autem
1253 908 1565 964 Anastasia
1602 909 1727 977 jam
1760 905 2072 976 pulcherri-

427 1019 586 1060 mum
639 1002 814 1058 ﬁnem
866 999 1150 1070 imposuit
1192 996 1490 1069 martyrio,
1523 999 1579 1051 et
1607 994 1838 1051 transiit
1875 996 1941 1049 ad
1976 1010 2073 1049 su-

426 1108 641 1166 pernos
688 1088 998 1155 thalamos,
1033 1091 1089 1143 et
1118 1087 1188 1142 ad
1239 1085 1408 1141 ﬁrma
1438 1085 1538 1140 illa
1568 1101 1633 1139 ac
1666 1081 1918 1150 stabilia,
1943 1098 2073 1154 quas

430 1180 857 1246 desiderantur,
884 1177 1057 1244 bona,
1078 1183 1212 1231 tunc
1244 1174 1525 1229 accedens
1547 1171 1792 1244 angelus
1821 1170 2074 1238 Domini,

428 1270 775 1341 magistram
824 1265 1099 1338 Sophiam
1131 1281 1165 1319 a
1194 1271 1350 1318 metu
1395 1262 1604 1317 liberat
1642 1264 1700 1317 et
1729 1276 1764 1316 a
1788 1259 1967 1329 curis,
1999 1262 2076 1326 et,

432 1357 587 1429 quod
638 1354 893 1411 maxime
936 1352 1193 1425 optabat,
1225 1354 1283 1407 et
1309 1356 1434 1406 erat
1463 1349 1513 1405 ei
1548 1349 1749 1405 auditu
1779 1347 1951 1420 longe
1974 1348 2040 1418 ju
2060 1378 2081 1388 -

432 1445 886 1510 cundissimum,
936 1444 1061 1514 ejus
1111 1441 1353 1497 auribus
1408 1438 1708 1496 instillans
1765 1439 2079 1508 renuntiat,

434 1549 642 1606 nempe
668 1533 917 1605 virginis
964 1528 1550 1587 consummationem.
1581 1529 1863 1583 Praeterea
1890 1530 2080 1582 autem

433 1639 562 1680 eam
594 1637 825 1695 quoque
854 1620 1092 1677 deducit
1112 1621 1182 1675 ad
1207 1619 1506 1689 reliquias,
1530 1622 1586 1673 et
1606 1618 1755 1687 quod
1786 1616 2081 1671 desidera-

443 1713 547 1769 bat
576 1710 875 1783 consequi,
906 1718 961 1766 et
991 1709 1481 1781 quemadmodum
1514 1707 1754 1779 optabat
1781 1706 1998 1771 videre,
2029 1703 2082 1759 ei

436 1801 618 1858 tradit
647 1799 924 1871 reliquias
954 1798 1056 1854 tali
1087 1801 1429 1854 ornamento
1461 1794 1863 1863 confessionis,
1886 1798 1944 1849 et
1971 1791 2074 1849 tali

436 1887 657 1945 amictu
689 1893 927 1944 ornatas
958 1886 1238 1959 martyrii.
1270 1887 1456 1956 Atque
1483 1884 1583 1939 illa
1611 1884 1846 1955 quidem
1876 1882 2075 1938 statim

437 1977 791 2033 circumfusa
833 1976 1119 2047 reliquiis,
1150 1989 1365 2046 easque
1412 1978 1564 2029 totas
1592 1972 2002 2044 complectens,
2031 1978 2085 2028 et

440 2082 625 2123 unum
686 2066 955 2136 quodque
1015 2064 1345 2120 membrum
1402 2063 1566 2118 valde
1616 2062 1980 2127 exosculans,
2027 2065 2085 2116 et

444 2171 561 2226 pre
610 2154 821 2226 gaudio
852 2170 917 2209 ac
968 2151 1255 2209 desiderio
1302 2150 1523 2207 calidas
1552 2151 1611 2205 in
1645 2167 1739 2207 eas
1784 2150 2085 2206 effundens

443 2243 756 2315 laorymas,
788 2242 1052 2298 dicebat:
1085 2240 1227 2296 Filia
1269 2239 1724 2310 jucundissima,
1770 2239 1889 2295 ﬁlia
1938 2238 2085 2294 mihi

447 2331 815 2399 charissima,
847 2331 986 2400 ﬁlia,
1018 2346 1194 2401 quam
1226 2344 1332 2400 ego
1363 2330 1421 2384 in
1448 2328 1880 2396 exercitatione,
1914 2328 1972 2383 in
2006 2327 2083 2382 si-

450 2418 654 2489 lentio,
685 2423 742 2475 et
784 2421 844 2475 in
894 2418 1195 2475 laboribus
1244 2418 1483 2489 pulchre
1529 2417 1793 2485 educavi,
1827 2434 1930 2486 ago
1978 2415 2085 2472 tibi

441 2508 685 2579 gratias,
716 2506 874 2578 quod
906 2511 1164 2563 materna
1195 2510 1481 2576 praecepta
1510 2521 1624 2561 non
1656 2503 2081 2574 contempsisti,

436 2597 592 2667 quod
653 2613 781 2667 quas
841 2594 1097 2665 pollicita
1148 2595 1361 2661 fueras,
1394 2593 1731 2661 observasti,
1763 2600 1817 2646 et
1864 2590 2080 2646 stetisti

436 2683 765 2755 promissis,
799 2698 905 2737 nec
944 2698 1006 2737 es
1047 2681 1222 2737 oblita
1269 2681 1666 2735 monitorum:
1700 2679 1800 2732 sed
1851 2676 2079 2733 astitisti

437 2770 667 2827 Christo
698 2786 910 2840 sponso
942 2774 1065 2835 tuo,
1096 2768 1441 2823 vestimento
1470 2766 1822 2839 virginitatis
1850 2765 2078 2834 induta,

434 2859 653 2914 variata
685 2857 1056 2930 etigmatibus
1078 2857 1363 2928 martyrii,
1387 2855 1743 2911 circumdata
1774 2870 1986 2910 corona
2014 2871 2084 2909 ex

449 2946 746 3019 lapidibus
777 2945 1080 3018 pretiosis:
1111 2950 1168 3001 et
1197 2961 1348 3000 nunc
1379 2944 1611 3000 habitas
1641 2944 1698 2999 in
1731 2941 1857 3001 loco
1889 2944 2083 2999 taber-

436 3034 630 3090 naculi
656 3034 1042 3102 admirabilis,
1064 3034 1123 3088 in
1147 3034 1318 3088 domo
1350 3032 1544 3104 gloria
1576 3032 1829 3098 Domini,
1863 3032 1962 3088 ubi
1993 3037 2083 3089 est

435 3123 714 3180 habitatio
747 3122 1092 3178 laetantium.
1125 3122 1430 3191 Pr0pterea
1462 3138 1602 3193 rogo
1632 3126 1708 3191 te,
1740 3121 1917 3178 chara
1962 3122 2083 3178 illia

2178 699 2337 792 μένη,
2396 716 2447 772 ἐν
2507 699 2639 791 πυρὶ
2700 718 3019 789 προσευχῆς
3088 706 3179 763 καὶ
3253 708 3480 781 θερμαῖς
3531 699 3859 792 Δδᾲακρύων

2175 785 2459 884 έπιῤ-ῥοαίς
2510 785 2682 859 ἐδεῖτο
2727 785 2828 857 τοῦ
2887 785 3043 868 Θεοῦ,
3092 795 3349 862 ἱκέτευεν,
3394 785 3702 862 ἠντιϐόλει,
3760 789 3865 862 μὴ

2180 902 2435 964 ἀπειλαῖς
2499 906 2858 976 χειρωθῆναι,
2912 898 2988 969 μὴ
3064 892 3379 953 κολακείαις
3435 886 3700 958 ἐνδοῦναι,
3756 887 3858 976 μή

2176 996 2461 1066 τιμωριῶν
2494 974 2799 1060 ἧττηθῆναι
2855 987 2954 1055 τὴν
3014 985 3278 1058 μάρτυρα.
3312 982 3399 1040 Ὠς
3459 977 3517 1033 δὲ
3581 978 3644 1032 τὸ
3690 974 3872 1031 κάλ-

2182 1091 2370 1147 λιστον
2404 1090 2661 1160 ἐπέθηκεν
2709 1085 2819 1157 ἤδη
2884 1084 3111 1153 τέλοςὴ
3175 1079 3495 1139 Ἀναστασία
3550 1082 3629 1149 τῷ
3689 1096 3870 1151 μαρ-

2181 1181 2353 1255 τυρίῳ
2392 1180 2482 1234 καὶ
2526 1179 2662 1253 πρὸς
2728 1174 2856 1237 τοὺς
2909 1172 3019 1229 ἄνω
3070 1166 3224 1242 διέϐη
3273 1170 3576 1243 θαλάμους,
3602 1166 3693 1221 καὶ
3734 1164 3868 1226 τὰς

2185 1280 2477 1351 ἀκινήτους
2553 1277 2756 1338 ὲκείνας
2830 1270 3103 1333 παστάδας
3205 1270 3295 1324 καὶ
3368 1268 3438 1323 τὰ
3519 1264 3870 1338 ποθούμενα

2187 1369 2375 1444 ἀγαθὰ,
2414 1368 2538 1424 τότε
2565 1367 2653 1422 καὶ
2714 1362 2945 1441 ὲγγελος
3002 1355 3400 1436 παρεμϐαλὼν,
3444 1353 3866 1444 ἅπολύειᾼτήν

2189 1440 2515 1515 διδάσκαλον
2575 1440 2777 1534 Σοφίαν
2837 1456 2934 1508 τοῦ
2999 1444 3173 1528 φόϐου
3229 1447 3320 1503 καὶ
3362 1450 3472 1503 τῶν
3503 1440 3869 1524 φροντίδων,

2190 1557 2278 1612 καὶ
2341 1558 2404 1611 τὸ
2454 1553 2704 1609 ποθεινὸν
2772 1550 2909 1625 αὐτῇ
2965 1549 3057 1605 καὶ
3120 1544 3343 1617 ἥδιστον
3417 1544 3669 1616 ἄκουσμα
3746 1541 3872 1596 καὶ

2189 1644 2388 1721 ἄφατον
2441 1638 2607 1704 ὅντως
2684 1639 3001 1717 γλυκύτητα
3075 1641 3191 1698 τοῖς
3282 1634 3633 1709 σπλάγχνοις
3718 1630 3867 1686 ένα-

2191 1742 2479 1810 ποστάζον,
2532 1737 2796 1800 εὐκταίως
2866 1733 3291 1811 εὐαγγελίζεται,
3378 1734 3479 1796 τῆς
3570 1725 3873 1802 παρθένου

2104 1829 2325 1908 Βφημὶ
2381 1835 2479 1898 τῆν
2536 1827 2850 1884 τελείωσιν.
2908 1826 3032 1882 Ἔτι
3065 1819 3123 1877 δὲ
3176 1821 3265 1877 καὶ
3297 1817 3498 1892 ὁδηγὸς
3532 1816 3667 1891 αὐτῇ
3698 1815 3871 1891 πρὸς

2191 1928 2252 1983 τὸ
2284 1926 2539 2001 λείψανον
2570 1925 2806 1999 γίνεται,
2854 1922 2945 1978 καὶ
2995 1922 3058 1975 οὗ
3109 1924 3296 1993 τυχεῖν
3352 1916 3556 1982 ἐπόθει,
3600 1915 3689 1969 καὶ
3740 1913 3874 1967 ὧσ-

2192 2036 2291 2089 περ
2352 2014 2487 2071 ἱδεῖν
2560 2013 2794 2088 ηὔχετο,
2852 2008 3026 2071 οὕτως
3082 2008 3219 2081 αὐτῇ
3251 2007 3342 2063 καὶ
3397 2006 3459 2060 τὸ
3498 2002 3875 2075 ποθούμενον

2192 2102 2520 2173 ἀποδίδωσι,
2578 2101 2813 2174 τοιούτῳ
2867 2106 2969 2170 τῆς
3011 2097 3316 2173 ὁμολογίας
3362 2095 3580 2167 κόσμῳ,
3618 2092 3879 2162 τοιαύτῃ

2192 2208 2289 2259 τοῦ
2351 2201 2651 2276 μαρτυρίου
2710 2198 2883 2272 στολῇ
2943 2195 3358 2270 σεμνυνόμενον.
3390 2190 3605 2261 Ἐκείνη
3640 2187 3736 2244 οὖν
3779 2188 3872 2249 ὡς

2196 2293 2343 2366 εἶχεν
2408 2289 2561 2353 εὐθὺς
2626 2294 2706 2361 τῷ
2756 2286 2997 2362 λειψάνῳ
3043 2285 3416 2359 περιχυθεῖσα,
3446 2281 3536 2336 καὶ
3586 2278 3690 2366 ὅλη
3728 2276 3871 2348 ὅλῳ

2194 2365 2500 2457 προσφῦσα,
2557 2378 2646 2433 καὶ
2697 2374 2947 2453 σφοδρῶς
2993 2372 3215 2429 ἕκαστον
3257 2371 3423 2445 μέλος
3468 2365 3873 2447 καταφιλοῦσα

2193 2476 2281 2532 καὶ
2341 2482 2518 2554 χαρᾶς
2590 2474 2674 2529 ἐπ’
2724 2472 2910 2534 αὐτοῖς
2977 2472 3068 2527 καὶ
3142 2471 3313 2534 πόθου
3382 2466 3586 2540 δάκρυα
3668 2466 3871 2540 θερμὰ

2192 2566 2417 2641 χέουσα,
2445 2566 2670 2631 Τέκνον,
2704 2560 2881 2637 ἔλεγε,
2927 2561 3197 2623 ποθεινὸν,
3230 2556 3409 2612 τέκνον
3442 2556 3574 2629 ἐμὸν
3634 2554 3867 2610 πολυέ-

2190 2681 2403 2736 ραστον,
2463 2661 2672 2729 τέκνον,
2722 2659 2853 2733 ὅπερ
2911 2656 3016 2731 ἐγὼ
3072 2653 3257 2718 καλῶς
3307 2656 3534 2724 ἀσκήσει
3604 2653 3699 2707 καὶ
3786 2656 3871 2721 ἡ-

2192 2748 2377 2823 συχίᾳ,
2445 2748 2535 2802 καὶ
2610 2747 2797 2807 πόνοις
2881 2744 3279 2819 ἀνεθρεψάμηνο
3357 2744 3668 2817 εὐχαριστῶ
3738 2763 3861 2811 σοι,

2194 2839 2277 2891 δτι
2339 2837 2611 2911 μητρικὰς
2668 2834 2892 2897 ἐντολὰς
2960 2833 3022 2888 οὐ
3088 2829 3364 2908 παρεῖδες,
3418 2830 3517 2887 οὐκ
3573 2831 3869 2901 ἠθέτησας

2190 2936 2286 2997 τὰς
2350 2932 2700 3012 ἐπαγγελίας,
2760 2933 2860 2989 οὐκ
2922 2930 3132 3006 ἐψεύσω
3190 2931 3285 2993 τὰς
3344 2928 3691 3004 ὑποσχέσεις,
3748 2929 3864 2983 οὒκ

2195 3022 2463 3089 ἒπελάθου
2517 3029 2627 3079 τῶν
2693 3023 3081 3097 παραινέσεων·
3149 3018 3296 3075 ἀλλὰ
3367 3015 3638 3093 παρέστης
3708 3020 3863 3091 Χρι-

2199 3118 2310 3186 στῷ
2366 3118 2445 3186 τῷ
2502 3113 2720 3191 νυμφίῳ
2767 3132 2883 3184 σου,
2943 3110 2993 3165 έν
3056 3110 3340 3183 ἱματισμῷ
3393 3115 3493 3178 τῆς
3548 3106 3863 3182 παρθενίας

434 3219 486 3268 et
518 3217 704 3267 mater
754 3210 1037 3282 spiritalis
1068 3210 1175 3281 (sic
1205 3210 1361 3265 enim
1395 3214 1449 3265 te
1480 3210 1752 3266 invocare
1799 3214 1883 3266 est
1930 3211 2075 3266 mihi

2199 3197 2670 3279 περιϐεϐλημένη,
2727 3206 2844 3261 τοῖς
2904 3197 3162 3273 στίγμασι
3227 3201 3324 3251 τοῦ
3391 3194 3687 3269 μαρτυρίου
3747 3213 3858 3249 πε-

438 3298 921 3370 convenientius),
953 3302 1079 3354 esto
1129 3298 1271 3353 mihi
1315 3298 1376 3354 in
1424 3297 1535 3354 hac
1581 3298 1739 3354 brevi
1781 3302 1838 3354 et
1868 3300 2085 3354 caduca

441 3388 560 3442 vita
589 3387 741 3442 bona
771 3387 971 3442 nutrix
1001 3388 1336 3454 senectutis,
1364 3390 1422 3442 et
1451 3402 1553 3457 pro
1583 3402 1673 3441 me
1704 3386 1773 3441 ad
1806 3390 2083 3442 aeternam

440 3473 620 3530 vitam
669 3475 1125 3546 transmigrante
1156 3475 1503 3542 intercedas,
1536 3489 1903 3530 communem
1938 3474 2084 3531 mihi

445 3562 687 3634 placans
723 3564 1054 3618 Dominum.

2195 3299 2552 3372 ποικιλμένη,
2585 3296 2841 3377 στέφανον
2894 3296 2952 3351 ἐκ
3001 3295 3168 3351 λίθων
3221 3294 3422 3368 τιμίων
3468 3293 3854 3369 περικειμένη’

2193 3389 2283 3442 καὶ
2323 3392 2415 3441 νῦν
2466 3385 2634 3448 οἰκεῖς
2665 3384 2717 3441 έν
2757 3384 2911 3457 τόπῳ
2959 3390 3164 3454 σκηνῆς
3216 3385 3552 3456 θαυμαστῆς,
3586 3380 3637 3436 έν
3698 3378 3845 3453 οἷ’κῳ

2195 3473 2355 3546 δόξης
2414 3475 2634 3550 Κυρίου,
2684 3473 2806 3530 ἔνθα
2846 3472 3281 3551 εὐφραινομένων
3346 3474 3381 3541 ἠ
3431 3468 3700 3527 κατοικία.
3744 3468 3853 3523 Διᾶ

2194 3564 2358 3620 τούτό
2412 3585 2507 3619 σου
2566 3561 2781 3637 δέομαι,
2849 3562 3076 3638 θύγατερ
3140 3559 3277 3640 φίλη
3353 3560 3440 3615 καὶ
3493 3558 3844 3632 πνευματική

443 3654 615 3722 μῆτερ
676 3647 842 3721 (οὕτω
897 3649 1001 3723 γὰρ
1059 3648 1437 3704 ἆνακαλεῖσθαί
1492 3671 1588 3723 μοι
1642 3649 1855 3724 μᾶλλον
1906 3649 2361 3728 ἁρμοδιώτερον),
2416 3656 2577 3727 γενοῦ
2638 3674 2733 3726 μοι
2796 3652 2886 3707 καὶ
2940 3658 3040 3720 τῆς
3098 3648 3379 3726 ἐπικαίρου
3431 3649 3634 3718 ταύτης
3692 3652 3849 3717 ζωῆς

440 3737 615 3811 ἀγαθὴ
673 3738 1018 3814 γηροτρόφος
1082 3738 1172 3792 καὶ
1228 3739 1364 3812 πρὸς
1417 3740 1517 3806 τήν
1576 3736 1747 3793 ἀΐδιον
1801 3740 2201 3816 μεταφοιτώσῃ,
2252 3743 2475 3816 μεσίτης
2548 3741 2662 3816 ἅμα
2704 3741 2793 3797 καὶ
2856 3734 3079 3817 πρέσϐις
3137 3742 3228 3795 τὸν
3284 3738 3460 3794 κοινὸν
3516 3736 3641 3811 ἐμοὶ
3699 3744 3845 3793 Δεσ-

440 3825 610 3891 πότην
635 3824 791 3880 ίλεου
802 3824 957 3897 μένη.

514 3917 638 3973 ΧΙΙ.
671 3916 801 3972 Haec
831 3916 931 3971 illa
962 3915 1215 3971 ﬁliorum
1245 3931 1472 3983 amans,
1496 3918 1709 3989 piaque
1729 3935 1797 3975 ac
1820 3920 2091 3991 religiosa

447 4022 616 4071 anus,
656 4022 784 4076 quas
835 4004 1077 4073 sciebat,
1109 4003 1189 4059 ita
1218 4014 1278 4060 ut
1320 4010 1547 4077 oportet
1593 4005 1745 4062 filias
1791 4023 1993 4079 parere
2034 4013 2092 4064 et

449 4097 717 4161 educare,
763 4111 896 4152 cum
954 4094 1198 4150 dixisset
1247 4095 1507 4167 martyri,
1539 4099 1595 4152 et
1632 4113 1759 4153 eam
1807 4097 2090 4154 senilibus

450 4186 713 4255 amplexa
760 4188 915 4241 esset
960 4188 1016 4240 et
1060 4186 1489 4257 composuisset
1531 4188 1853 4244 manibus:
1899 4193 2092 4261 egeret

451 4280 649 4330 autem
682 4290 880 4341 manu,
906 4291 1033 4346 qua
1057 4270 1107 4330 ei
1137 4274 1437 4333 inserviret
1468 4276 1526 4333 in
1556 4279 1977 4335 transferendis
2000 4296 2089 4337 re-

444 4360 667 4433 liquiis,
701 4366 764 4418 ut
795 4378 922 4434 qua
954 4367 1125 4433 esset,
1159 4364 1312 4419 sicut
1340 4365 1620 4433 diximus,
1650 4366 1864 4435 vetula,
1888 4370 1945 4422 et
1975 4367 2088 4439 ipsi

446 4450 640 4521 potius
688 4456 846 4505 esset
894 4467 1037 4521 opus
1084 4466 1264 4506 manu
1294 4456 1349 4507 et
1380 4453 1929 4526 baculoznullaque
1976 4454 2089 4528 ipsi

2274 3925 2383 3980 IB’.
2416 3927 2591 3979 Ταῦτα
2621 3924 2656 3991 ἡ
2691 3921 2951 4000 φιλόπαις
2982 3922 3158 3992 ἇκείνη
3208 3924 3379 3996 γραῦς
3423 3918 3513 3974 καὶ
3563 3916 3844 3995 φιλόθεος·

2199 4012 2290 4066 καὶ
2319 4009 2529 4066 ὠδίνειν
2559 4012 2632 4075 ὡς
2664 4013 2776 4086 χρὴ
2812 4010 2903 4066 καὶ
2951 4008 3318 4086 παιδαγωγεῖν
3369 4006 3543 4064 εἰδυῖα
3584 4010 3654 4081 τῇ
3711 4006 3851 4081 μάρ-

2198 4121 2320 4174 τυρι
2381 4100 2624 4169 εἰποῦσα,
2672 4100 2763 4155 καὶ
2812 4100 2970 4175 χερσὶ
3020 4092 3403 4173 πρεσϐυτικαῖς
3452 4117 3511 4153 τε
3547 4094 3637 4151 καί
3679 4116 3849 4172 γηρα-

2203 4188 2352 4253 λέαις
2399 4190 2568 4259 αὐτὴν
2620 4187 3026 4264 ἂγκαλισαμένη
3098 4187 3189 4242 καὶ
3259 4184 3659 4262 περιστείλασα,
3728 4183 3842 4238 ἐπεὶ

2201 4280 2390 4353 χειρὸς
2430 4280 2626 4355 ἠπόρει
2682 4282 2750 4352 τῇ
2814 4275 3156 4352 μετακομιδῇ
3212 4279 3309 4332 τοῦ
3366 4274 3623 4349 λειψάνου
3654 4270 3844 4328 διακο-

2198 4367 2417 4438 νούσης,
2448 4368 2670 4444 γηραιὰ,
2720 4367 2957 4441 καθάπερ
3024 4360 3255 4442 ἔφημεν,
3295 4361 3447 4435 οὖσα,
3504 4361 3595 4417 καὶ
3655 4361 3849 4440 χειρὸς

2201 4458 2340 4531 αὐτῇ
2385 4455 2602 4529 μᾶλλον
2662 4454 2890 4531 δεομένη
2948 4454 3039 4510 καὶ
3110 4452 3427 4530 βακτηρίας’
3497 4450 3614 4506 ἐπεὶ
3666 4451 3845 4506 τοίνυν

447 4555 649 4597 earum
695 4540 1275 4610 transportandarum
1322 4547 1655 4612 suppeteret
1684 4545 1850 4611 ratio,
1882 4550 1937 4601 et
1962 4546 2081 4602 ideo

2202 4545 2374 4608 οῦτῶς
2430 4546 2548 4620 εἶχε
2603 4545 2728 4620 περὶ
2783 4545 2881 4614 τήν
2935 4538 3308 4617 μετακομιδὴν
3376 4540 3704 4615 ἀμηχάνως,
3754 4537 3844 4593 καὶ

451 4633 628 4683 staret
657 4627 810 4695 apud
844 4642 905 4682 se
927 4641 1075 4698 aegre
1106 4626 1318 4696 ferens,
1343 4632 1400 4682 el.
1420 4631 1613 4686 animo
1642 4633 1835 4706 anxia,
1859 4638 2081 4706 repente

2202 4635 2347 4710 παρᾶ
2411 4639 2573 4690 τοῦτο
2667 4633 2904 4704 εἷστήκει
2962 4630 3386 4707 δυσχεραίνουσα
3448 4630 3568 4693 καθ’
3621 4631 3840 4700 ἑαυτήν,

453 4718 565 4773 duo
597 4717 832 4788 quidam
879 4715 988 4771 viri
1028 4716 1420 4784 advenientes,
1449 4722 1505 4774 et
1535 4720 1723 4778 forma
1745 4731 1799 4778 et
1829 4724 2091 4779 moribus

452 4805 771 4874 reverendi,
794 4806 1013 4862 sanctis
1045 4806 1317 4861 manibus
1348 4808 1627 4879 subjectis
1659 4810 1943 4883 reliquiis,
1973 4813 2091 4870 eis-

450 4911 563 4967 que
594 4911 727 4951 cum
750 4894 880 4966 ipsa
904 4892 1171 4959 sublatis,
1193 4912 1371 4968 prope
1394 4898 1595 4954 urbem
1626 4898 1869 4956 Romam
1894 4902 2089 4974 splen-

449 4985 584 5039 dide
634 4987 690 5037 et
730 4981 1049 5037 honoriﬁce
1105 4981 1519 5053 deposuerunt,
1569 4987 1640 5041 ad
1690 4985 1929 5056 gloriam
1987 4983 2087 5046 Dei

448 5072 659 5140 Patris,
693 5075 750 5126 et
779 5070 1009 5126 Domini
1043 5070 1225 5126 nostri
1256 5071 1390 5128 Jesu
1432 5073 1673 5138 Christi,
1706 5092 1839 5132 eum
1871 5092 2003 5148 quo,
2036 5086 2089 5133 et

451 5175 583 5215 eum
614 5163 813 5215 sancto
844 5159 1062 5230 Spiritu
1092 5159 1175 5214 illi
1207 5160 1285 5217 sit
1315 5161 1499 5219 honor
1525 5167 1583 5220 et
1612 5165 1865 5235 potentia
1894 5165 1955 5223 in
1981 5184 2086 5224 saa-

450 5249 580 5308 oula
612 5248 977 5316 seculorum,
1008 5250 1214 5307 Amen.

2197 4725 2289 4780 καὶ
2354 4723 2652 4797 ἀνιωμένη,
2710 4720 2861 4794 ὄίφνω
2918 4719 3014 4777 δύο
3078 4722 3222 4784 τινὲς
3278 4720 3588 4783 ἐπιστάντες
3656 4717 3841 4794 ἄνδρες

2199 4815 2391 4869 καὶτὸ
2446 4811 2593 4877 εἶδος
2649 4813 2738 4867 καὶ
2794 4815 2886 4868 τὸν
2952 4813 3153 4887 τρόπον
3206 4808 3500 4883 αἷδέσιμοι,
3554 4809 3743 4885 χεῖράς
3786 4827 3843 4862 τε

2197 4909 2277 4977 τῷ
2308 4902 2558 4979 λειψάνῳ
2603 4903 2938 4982 ὑποσχόντες
2978 4902 3126 4964 ὁσίας
3173 4901 3265 4956 καὶ
3313 4905 3476 4955 τοῦτο
3525 4898 3839 4970 ἀνελόμενοι

2200 4990 2295 5046 σὺν
2326 4992 2487 5065 αὐτῇ,
2521 4990 2764 5066 ἐχόμενα
2788 4996 2890 5060 τῆς
2938 4988 3154 5050 πόλεως
3203 4989 3426 5060 Ῥώμης
3472 4985 3742 5059 λαμπρῶς
3786 5004 3840 5038 τε

2196 5082 2287 5136 καὶ
2356 5078 2668 5158 φιλοτίμως
2734 5080 3036 5135 κατέθεντο.
3096 5076 3190 5138 Εἷς
3249 5072 3403 5145 δόξαν
3462 5078 3593 5129 Θεοῦ
3634 5072 3841 5146 [ἰατρὸς

2196 5168 2286 5224 καὶ
2335 5168 2536 5241 Κυρίου
2578 5170 2757 5238 Ἰησοῦ
2813 5170 3070 5242 Χριστοῦ,
3123 5165 3239 5240 μεθ’
3296 5163 3358 5218 οῦ
3431 5163 3592 5236 τιμὴ,
3642 5160 3838 5235 κράτος

2198 5257 2289 5313 σὺν
2362 5257 2496 5333 ἁγίῳ
2560 5256 2829 5331 Ηνεύματι
2887 5256 2964 5318 εἰς
3018 5255 3145 5315 τοὺς
3205 5254 3403 5315 αἰῶνας
3456 5255 3565 5305 τῶν
3606 5249 3833 5306 αἰώνων.

2194 5348 2397 5421 ’Δμήν.
