4128 6274
264 336 297 394 1
311 334 434 398 309

1192 344 1669 413 MARTYRIUM
1715 353 1826 414 SS.
1874 352 2189 417 ZENOBII
2233 358 2334 418 ET
2377 358 2761 423 ZENOBLE.

3518 365 3674 429 1310

272 497 3667 540 Μ

272 513 3675 554 Ἥ

850 660 1579 765 ΜΑΡΤΥΡΙΟΝ
1661 672 1909 768 ΤΟΥ
1984 674 2364 772 ΑΓΙΟΥ
2444 678 3107 776 ΜΑΡΤΥΡΟΣ

1524 871 2439 1003 ΖΗΝΟΒΙΟΥ

1312 1072 1429 1127 ΚΑΙ
1468 1072 1816 1131 ΖΗΝΟΒΙΑΣ
1854 1075 1993 1132 ΤΗΣ
2037 1080 2378 1133 ΑΛΕΛΦΠΣ
2420 1078 2645 1135 ΑΥΤΟΥ

1073 1358 1770 1451 MAltTYliIUM
1842 1363 2239 1451 SANCTI
2303 1368 2453 1454 MA
2474 1365 2875 1455 [{TYRIS

1560 1560 2377 1728 ZENOBII

1472 1798 1561 1854 ET
1599 1801 1927 1858 ZENOBI/E
1965 1802 2132 1859 EJUS
2170 1803 2474 1860 SORORIS

732 1915 960 1987 (Latine
989 1934 1081 1991 ap.
1112 1918 1348 1977 Surium
1380 1922 1451 1978 ad
1481 1923 1638 1981 diem
1670 1925 1741 1981 30
1770 1926 2055 1999 Octobris,
2089 1929 2283 1986 Graece
2313 1947 2382 1987 ex
2412 1931 2538 1987 cod.
2574 1947 2684 1988 ms.
2718 1931 2902 1989 Paris.
2938 1948 2994 1987 n.
3030 1932 3214 2003 1480.)

345 2228 426 2285 Α’.
476 2226 636 2302 Αἲγαὶ
685 2228 850 2292 πόλις
907 2229 1046 2285 ἐστὶν
1102 2230 1187 2286 ἐπὶ
1236 2230 1427 2306 κὸληῳ
1479 2234 1572 2307 μὶν
1622 2239 1701 2308 τῷ
1742 2237 1948 2307 Ἰονίῳ,

2101 2242 2143 2296 Ι.
2176 2243 2328 2311 Ege:
2358 2244 2446 2296 est
2474 2240 2699 2307 civitas,
2732 2257 2859 2311 quae
2890 2240 3003 2296 sita
3050 2240 3287 2311 quidem
3319 2241 3408 2294 est
3441 2238 3501 2292 in
3532 2236 3665 2293 sinu

272 2317 522 2389 γειμένη,
566 2317 669 2372 ὑπὸ
702 2317 945 2373 Κιλίκων
976 2316 1033 2374 δὲ
1061 2319 1358 2394 οἶκουμένπ
1386 2341 1398 2355 ⁸
1423 2322 1499 2385 ὦς
1545 2324 1608 2379 τὸ
1643 2326 1736 2397 μὲν
1787 2326 1922 2401 πρὸς

271 2406 502 2480 ἤπειρον
534 2407 597 2461 οὐ
628 2407 795 2477 πολὺ,
826 2408 1089 2465 πλατεῖαν
1122 2409 1179 2466 δὲ
1217 2411 1307 2466 καὶ
1357 2409 1559 2476 ἒκανῶς
1618 2414 1695 2476 εἷς
1748 2421 1924 2488 μῆκος

273 2491 565 2565 διήκουσαν
600 2497 628 2551 ὁ
658 2503 758 2566 τῆς
788 2496 1032 2573 γείτονος
1076 2499 1348 2571 θαλάσσης
1398 2500 1569 2577 ὅρμος
1618 2501 1921 2579 ἐκδεχεται.

276 2580 427 2653 Αὕτη
462 2586 557 2641 τὸν
605 2588 872 2662 μακάριον
924 2585 1189 2659 Ζηκόϐιον
1231 2588 1449 2665 ἤνεγκε,
1506 2593 1751 2667 πατέρων
1812 2605 1927 2657 θεο-

275 2673 451 2749 φιλῶν
494 2676 779 2751 γεγονότα,
839 2675 993 2752 ρίξης
1056 2677 1266 2755 ἀγαθῆς
1308 2675 1483 2745 ὄντως
1530 2681 1730 2755 ἀγαθὸν
1794 2681 1927 2757 βλά-

276 2783 481 2836 στημα.
539 2766 745 2838 Ὅσρις,
793 2764 1263 2837 τετελευτηκότων
1332 2770 1483 2840 αὐτῷ
1538 2775 1647 2825 τῶν
1698 2771 1923 2845 γονέων,

274 2851 421 2923 παρᾶ
476 2855 557 2922 τῷ
611 2854 749 2925 πρὸς
797 2854 1004 2926 πατρὸς
1057 2852 1457 2910 καταλέλειπτο
1533 2859 1683 2929 θείῳ.
1742 2859 1799 2911 Ὃ
1869 2855 1926 2912 δὲ

276 2945 419 3004 θεῖος
474 2938 694 3011 ἀληθῶς
742 2939 815 2997 ὢν
865 2943 953 2997 καὶ
1006 2941 1298 3021 φιλάρετος
1344 2946 1657 3022 ἄιθρωπος,
1696 2953 1797 3015 τῆς
1825 2968 1924 3002 πα-

273 3029 455 3102 τρῴας
515 3030 657 3105 ὁρῶν
720 3031 812 3086 τὸν
868 3028 1039 3086 παῖδα
1110 3028 1414 3097 θεοσεϐείας
1489 3033 1775 3109 ἐχόμενον,
1832 3037 1921 3091 καὶ

278 3118 461 3192 ὥσπερ
488 3124 589 3187 τῆς
626 3120 874 3190 κτήσεως
915 3119 1076 3175 αὐτὸν
1122 3120 1357 3193 ἀπάσης,
1412 3121 1555 3179 οὕτω
1587 3122 1653 3193 δή
1694 3125 1786 3179 καὶ
1824 3131 1925 3195 τῆς

274 3205 476 3281 ἀρετῆς
503 3208 684 3278 πάσης
712 3207 1085 3284 κληρονόμον,
1133 3215 1202 3285 τῇ
1252 3213 1428 3284 οἰκείᾳ
1476 3214 1697 3287 θυγατρὶ
1734 3212 1924 3288 Θὲκλῃ

276 3298 468 3351 τοῦτον
517 3297 832 3370 ἡρμόσατο,
891 3303 1085 3376 ζεῦγος
1143 3304 1260 3372 Θεῷ
1317 3301 1476 3376 φίλον
1545 3300 1626 3357 ἐπ’
1687 3297 1926 3374 εὐσεϐείᾳ

277 3386 370 3441 καὶ
417 3393 577 3443 πᾶσιν
628 3389 850 3463 ἀγαθοῖς
897 3386 1082 3468 ἔργοις
1143 3390 1434 3466 ἐπίσημον.
1508 3399 1749 3450 Γεννᾶται
1811 3414 1927 3449 τοι-

280 3479 481 3553 γαροῦν
540 3476 601 3533 ἐκ
635 3478 842 3533 τούτων
901 3474 1181 3550 Ζηνόϐιος,
1211 3477 1397 3537 ἔπειτα
1446 3480 1502 3537 δὲ
1531 3483 1620 3537 καὶ
1655 3485 1691 3552 ἡ
1731 3485 1926 3538 τούτου

282 3562 492 3661 ἀδελφή
539 3561 783 3661 ⁸ζηνοῦία
819 3571 1012 3661 -(τοῦτο
1054 3568 1189 3661 γᾶιρ,
1228 3568 1363 3661 αὐτῇ
1398 3571 1546 3661 παρὰ
1582 3574 1688 3625 τῶν
1722 3571 1923 3647 γονέων
1956 3595 2011 3661 Β

279 3655 486 3710 τίθεσαι
532 3656 749 3730 ὄνομα),
816 3657 1043 3732 ξυνωρὶς
1099 3658 1248 3733 ἁγία,
1299 3658 1492 3716 κλάδοι
1538 3666 1924 3734 πνευματικοῖς

283 3741 469 3818 ἔργοις
499 3744 857 3819 κατάκαρποι.
1855 3759 1859 3763 ’

351 3834 428 3917 B'.
460 3829 603 3903 Ἤδη
644 3830 703 3888 δὲ
731 3838 829 3888 τοῦ
865 3832 1040 3890 καλοῦ
1080 3833 1348 3907 Ζηνοϐίου
1390 3839 1491 3908 τῆς
1538 3834 1741 3917 ἔφηϐον
1789 3840 1925 3895 ἀπο-

282 3916 654 3995 λαμϐάνοντος
710 3922 957 3993 ἠλικίαν,
997 3922 1294 3982 τελευτῶσι
1349 3929 1446 4001 μὲν
1495 3916 1680 3991 αὐτοῖς
1732 3929 1781 3984 οἱ
1838 3949 1926 3984 τε-

279 4013 488 4081 κόντες,
546 4012 841 4068 ἀναλοῦται
889 4011 947 4069 δὲ
984 4015 1074 4070 καὶ
1132 4016 1198 4071 τὰ
1235 4022 1336 4081 τῆς
1390 4018 1578 4081 οὑσίας
1621 4019 1689 4074 τὰ
1721 4019 1817 4092 μὲν
1848 4018 1925 4081 εἷς

279 4102 372 4164 τὰς
401 4106 508 4157 τῶν
569 4105 813 4174 πενήτων
860 4104 1141 4179 γαστέρας,
1171 4105 1240 4161 τὰ
1278 4104 1336 4161 δὲ
1380 4108 1471 4161 καὶ
1520 4108 1648 4182 περὶ
1689 4110 1788 4176 τήν
1817 4113 1924 4163 τῶν

281 4184 516 4240 ἀσθενῶν
583 4184 931 4259 ἐπιμέλειαν*
988 4188 1314 4244 πεπαίδευτο
1366 4190 1471 4265 γὰρ
1529 4193 1628 4260 τήν
1680 4190 1924 4265 ἰατρικὴν

284 4275 312 4328 ὁ
343 4270 605 4343 Ζηνόόιος
651 4274 793 4331 οὕτω
832 4275 1017 4338 καλῶς
1055 4276 1145 4331 καὶ
1183 4277 1437 4348 τοιαύτην
1492 4278 1615 4355 περὶ
1671 4278 1799 4341 τοὺς
1846 4300 1928 4335 νο-

284 4366 506 4425 σοῦντας
551 4361 883 4419 ἐπεδείκνυτο
958 4365 1060 4433 τὴν
1130 4364 1588 4443 θαυματουργίαν,
1652 4368 1728 4430 ὡς
1789 4365 1929 4441 μηδὲ

283 4458 383 4521 τῆς
417 4452 513 4524 μὲν
544 4452 710 4507 αὐτοῦ
748 4454 936 4528 χειρὸς
978 4453 1187 4531 ἐπαφὴν
1241 4454 1531 4528 ὑπομένειν
1569 4456 1665 4518 τὰς
1714 4454 1926 4527 νόσους,

284 4538 432 4595 ἀλλὰ
461 4540 552 4595 καὶ
602 4540 740 4615 μόνῃ
797 4539 1187 4618 φυγαδεύισθαι
1231 4548 1299 4619 τῇ
1350 4548 1448 4599 τοῦ
1493 4542 1688 4617 ἀνδρὸς
1730 4566 1933 4620 παρου-

284 4628 393 4700 σίᾳ.
427 4629 605 4686 Τοῦτο
654 4627 712 4685 δὲ
757 4629 819 4685 οὗ
876 4632 1079 4709 τέχνης
1133 4627 1313 4706 ἔργον,
1344 4632 1490 4688 ἀλλὰ
1538 4634 1765 4709 χάριτος
1794 4639 1929 4690 Θεοῦ

288 4718 461 4796 δῶρον
507 4720 596 4775 καὶ
654 4721 845 4795 ἀρετῆς
904 4719 1100 4797 ἀνδρὸς
1145 4722 1439 4794 πεποίητο.
1498 4724 1620 4799 Οὐχ
1659 4725 1838 4799 ὑγείας
1873 4721 1931 4779 δὲ

292 4810 458 4883 μόνον
486 4809 693 4878 αὐτοῖς,
724 4808 871 4866 ἀλλᾶ
906 4812 996 4866 καὶ
1033 4811 1155 4886 βίου
1188 4813 1437 4887 χορηγός
1466 4815 1533 4882 ἦν
1565 4814 1592 4868 ὁ
1644 4809 1928 4884 Ζηνόϐιος,

287 4898 375 4953 καὶ
405 4903 537 4954 πᾶσι
560 4903 678 4962 τοῖς
708 4899 857 4972 αὖτῷ
886 4905 1172 4973 προσιοῦσι
1208 4902 1277 4956 τά
1330 4922 1389 4957 τε
1444 4903 1580 4975 πρὸς
1648 4902 1929 4978 θεραπείαν

287 4996 388 5059 τῆς
435 4988 619 5061 νόσου,
657 4988 748 5044 καὶ
798 4990 865 5044 τὰ
906 4990 1043 5064 πρὸς
1092 4986 1388 5066 διατροφὴν
1420 4969 1644 5067 ἐπηρκει
1674 4969 1771 5049 τοῦ
1826 4993 1929 5048 σώ-
1960 4969 2011 5038 C

294 5098 479 5152 ματος,
530 5078 617 5155 ὑφ’
671 5080 739 5147 ἧς
789 5077 848 5133 ἂν
900 5075 1122 5142 ἕκαστος
1171 5079 1432 5155 ἐτύγχανε
1463 5078 1719 5151 δηλονότι
1750 5102 1929 5139 κατει-

291 5166 599 5241 λημμένος,
629 5168 722 5222 καὶ
781 5166 987 5222 ὁποίων
1036 5167 1095 5224 ἄν
1144 5169 1209 5237 ἦν
1267 5173 1376 5223 τῶν
1429 5168 1612 5225 σιτίων
1652 5167 1929 5244 δεόμενοςο

291 5254 431 5312 ὥστε
461 5254 524 5311 οὐ
555 5254 760 5332 δωρεὰν
794 5253 975 5311 ἐδίδου
1009 5256 1198 5329 μόνον,
1231 5255 1377 5312 ἀλλᾶ
1409 5257 1500 5313 καὶ
1539 5258 1707 5329 αὐτὴν
1733 5259 1932 5334 πολλῷ

291 5353 370 5421 τῷ
438 5348 585 5422 μέσῳ
640 5350 739 5418 τὴν
800 5347 1033 5418 ἐντολὴν
1101 5344 1467 5425 δπερὲϐαινεν.
1536 5354 1648 5422 Τὴν
1699 5354 1792 5427 μὲν
1831 5353 1935 5428 γὰρ

295 5434 499 5513 δωρεὰν
549 5433 794 5510 ἐλάϐετε,
826 5437 982 5515 φησὶ,
1023 5434 1227 5514 δωρεὰν
1272 5436 1414 5498 δότε.
1446 5441 1508 5498 Ὀ
1574 5438 1635 5496 δὶ
1687 5444 1936 5518 προσθή-

293 5547 395 5599 κην
449 5534 549 5598 τῆς
598 5524 834 5604 ἰατρείας
887 5528 978 5583 καὶ
1019 5531 1126 5584 τῶν
1170 5529 1472 5586 νοσούντων
1520 5536 1753 5606 παρεῖχε
1811 5530 1937 5587 δια-

370 5668 383 5700 ί
418 5662 621 5720 Matth.
654 5680 711 5732 x,
739 5663 797 5721 8.

2029 2328 2245 2392 Ionico,
2304 2328 2601 2383 habitatur
2660 2334 2853 2384 autem
2911 2344 2944 2383 a
3001 2328 3326 2383 Cilicibus:
3378 2325 3547 2397 cujus
3603 2340 3667 2381 ea

2032 2432 2164 2487 pars
2196 2416 2456 2487 quidem,
2490 2431 2621 2487 quas
2666 2417 2849 2487 vergit
2877 2419 2948 2472 ad
2980 2418 3396 2480 continentem,
3425 2430 3541 2470 non
3580 2420 3668 2468 est

2032 2524 2277 2578 magna:
2316 2507 2493 2562 latam
2542 2511 2733 2561 autem
2782 2511 2841 2561 et
2888 2510 3204 2577 porrectam
3248 2504 3306 2559 in
3353 2502 3497 2558 satis
3544 2518 3667 2557 ma-

2031 2612 2207 2668 gnam
2241 2596 2607 2652 latitudinem
2644 2593 2951 2665 propinqui
2982 2594 3163 2648 maris
3196 2596 3400 2663 portus
3429 2589 3664 2661 excipit.

2030 2684 2100 2740 Et
2145 2684 2278 2741 tulit
2321 2686 2553 2741 beatum
2586 2683 2927 2748 Zenobium,
2960 2686 3163 2737 natum
3197 2695 3265 2735 ex
3296 2679 3409 2751 piis
3460 2694 3665 2749 paren-

2031 2774 2211 2842 tibus,
2261 2772 2475 2829 radicis
2524 2772 2677 2827 bonaa
2730 2787 2928 2827 revera
2983 2770 3201 2826 bonum
3258 2783 3513 2840 germen.
3560 2767 3667 2832 Qui

2032 2876 2163 2915 cum
2215 2861 2625 2928 decessissent,
2662 2861 2711 2914 is
2742 2859 2980 2914 relictus
3030 2859 3138 2913 fuit
3174 2857 3325 2926 apud
3373 2860 3666 2926 patruum.

2032 2951 2271 3004 Patruus
2302 2964 2450 3017 vero,
2483 2964 2618 3004 cum
2668 2951 2820 3002 esset
2858 2962 3053 3002 revera
3077 2946 3163 2999 vir
3186 2945 3434 3008 divinus,
3468 2947 3527 2999 et
3555 2943 3667 2998 vir-

2031 3036 2172 3091 tutis
2202 3037 2521 3101 studiosus,
2552 3037 2756 3091 videns
2788 3050 3034 3105 puerum
3068 3033 3175 3089 rite
3202 3037 3536 3104 sequentem
3568 3048 3667 3101 pa-

2030 3130 2253 3181 ternam
2288 3126 2582 3196 pietatem,
2606 3129 2663 3181 et
2692 3124 2986 3196 quomodo
3021 3123 3301 3179 universas
3331 3122 3458 3191 eius
3486 3120 3670 3175 haere-

2031 3213 2252 3283 ditatis,
2284 3214 2365 3268 ita
2411 3214 2585 3268 etiam
2643 3212 2874 3268 virtutis
2924 3212 3138 3267 factum
3187 3227 3315 3267 esse
3364 3210 3669 3279 heredem,

2031 3304 2191 3360 afﬁni
2224 3320 2343 3359 suae
2373 3303 2602 3359 Thecla:
2631 3318 2762 3359 eum
2796 3302 3111 3373 reSpondit,
3144 3317 3247 3372 par
3280 3300 3397 3355 Deo
3439 3304 3667 3371 gratum

2031 3399 2267 3466 propter
2314 3395 2604 3466 pietatem,
2636 3398 2694 3449 et
2724 3393 2953 3465 insigne
2998 3391 3164 3448 bonis
3202 3390 3477 3447 omnibus
3520 3404 3667 3458 ope-

2030 3483 2215 3539 ribus.
2268 3482 2348 3538 Ex
2403 3482 2488 3539 eis
2542 3498 2679 3555 ergo
2737 3486 2913 3537 natus
2967 3485 3054 3537 est
3106 3477 3670 3548 Zenobiua;deinde

2032 3573 2200 3626 etiam
2261 3588 2427 3627 soror
2472 3572 2600 3641 ejus
2646 3571 2896 3626 Zenobia
2940 3569 3074 3642 (hoc
3121 3569 3278 3625 enim
3327 3567 3413 3624 eis
3458 3581 3670 3622 nomen

2033 3658 2375 3730 impositum
2425 3660 2534 3714 fuit
2564 3676 2599 3714 a
2630 3658 3023 3730 parentibus):
3056 3662 3325 3713 sanctum
3370 3670 3493 3726 par,
3524 3653 3678 3710 rami

2034 3747 2250 3804 fertiles
2280 3746 2642 3820 spiritalibus
2673 3748 2971 3819 operibus.

2106 3839 2179 3893 II.
2210 3841 2349 3893 Cum
2381 3842 2572 3894 autem
2604 3838 2871 3910 egregius
2895 3834 3181 3892 Zenobius
3203 3835 3326 3905 jam
3360 3833 3432 3888 ad
3464 3830 3674 3904 ephebi

2035 3928 2390 3998 pervenisset
2445 3932 2692 3993 etatem,
2724 3928 2854 3996 ejus
2896 3925 3135 3996 quidem
3186 3923 3518 3979 moriuntur
3571 3936 3675 3992 pa-

2037 4022 2283 4073 rentes:
2345 4020 2775 4071 consumuntur
2846 4031 2979 4070 vero
3055 4012 3381 4079 facultates,
3458 4009 3671 4080 partim

2037 4106 2271 4176 quidem
2322 4104 2386 4159 in
2431 4110 2659 4159 ventres
2710 4116 3054 4173 pauperum,
3102 4098 3311 4171 partim
3360 4103 3553 4154 autem
3604 4099 3678 4153 ad

2038 4208 2232 4248 curam
2265 4190 2654 4247 inﬁrmorum.
2686 4195 2825 4246 Tam
2860 4189 3103 4262 pulchre
3131 4187 3290 4244 enim
3322 4184 3674 4242 medicinam

2036 4281 2323 4338 didicerat
2346 4280 2657 4349 Zenobius,
2686 4284 2744 4335 et
2772 4278 2831 4333 in
2864 4282 3114 4350 aegrotos
3162 4274 3508 4333 ostendebat
3548 4278 3680 4329 tan-

2037 4377 2157 4429 tam
2190 4370 2608 4429 miraculorum
2650 4370 3035 4437 eﬂ'ectionem,
3068 4376 3131 4423 ut
3160 4382 3265 4423 nec
3307 4365 3498 4422 solum
3549 4363 3679 4435 qui-

2039 4464 2173 4520 dem
2203 4465 2328 4533 ejus
2361 4477 2573 4518 manus
2608 4465 2937 4518 contactum
2971 4464 3215 4530 possent
3264 4454 3453 4511 morbi
3500 4455 3681 4510 susti-

2040 4569 2197 4624 nere,
2220 4553 2321 4608 sed
2343 4552 2469 4623 ejus
2490 4550 2610 4607 sola
2633 4551 2969 4622 fugarentur
2999 4545 3320 4619 praesentia.
3345 4546 3462 4601 Hoc
3484 4546 3679 4598 autem

2041 4660 2155 4700 non
2204 4645 2329 4698 erat
2373 4657 2519 4711 opus
2565 4640 2727 4707 artis,
2759 4638 2858 4694 sed
2908 4637 3126 4693 donum
3174 4635 3395 4707 gratias,
3438 4635 3495 4688 et
3534 4648 3679 4704 prm-

2042 4733 2227 4788 mlum
2284 4730 2537 4788 virtutis.
2581 4728 2707 4784 Non
2755 4725 2944 4784 solum
2992 4728 3188 4780 autem
3236 4720 3525 4790 sanitatis,
3576 4719 3680 4776 sed

2042 4821 2218 4877 etiam
2249 4819 2437 4876 victus
2458 4822 2583 4874 erat
2610 4814 3012 4887 suppeditator
3038 4810 3325 4869 Zenobius
3352 4827 3366 4878 ;
3398 4813 3455 4865 et
3484 4807 3678 4865 omni-

2042 4912 2173 4980 bus,
2206 4911 2310 4982 qui
2339 4910 2408 4966 ad
2455 4909 2651 4979 ipsum
2696 4904 3073 4971 accedebant,
3102 4899 3515 4973 suppeditabat
3560 4902 3682 4952 tam

2040 5017 2168 5072 quae
2202 4999 2271 5055 ad
2304 4997 2492 5053 morbi
2524 4993 2894 5068 pertinebant
2931 4991 3311 5055 curationem,
3344 5002 3519 5059 quam
3551 5001 3679 5057 quae

2041 5091 2111 5145 ad
2145 5087 2489 5144 alimentum
2522 5081 2803 5154 corporis,
2836 5094 3189 5153 quocunque
3218 5078 3421 5134 morbo
3451 5075 3681 5131 detine-

2042 5186 2260 5247 rentur,
2285 5181 2343 5233 et
2363 5175 2818 5248 quibuscunque
2846 5170 2992 5227 cibis
3023 5185 3171 5241 opus
3202 5166 3504 5223 haberent.
3529 5163 3680 5228 Quin

2040 5269 2209 5325 etiam
2252 5282 2368 5323 non
2415 5263 2608 5321 solum
2658 5262 2832 5317 dabat
2879 5259 3079 5331 gratis,
3111 5257 3215 5313 sed
3261 5254 3437 5311 etiam
3484 5254 3678 5324 ipsum

2042 5363 2393 5429 preceplum
2442 5352 2615 5422 longo
2654 5347 2956 5407 intervallo
2987 5346 3320 5419 superabat.
3353 5342 3499 5402 Nam
3532 5359 3681 5415 prse-

2043 5454 2273 5518 ceptum
2322 5442 2559 5516 quidem
2608 5438 2751 5496 dicit
2786 5453 2802 5494 :
2846 5460 2877 5490 ‹‹
2909 5436 3100 5494 Gratis
3140 5433 3468 5507 accepistis,
3498 5433 3681 5506 gratis

2045 5536 2179 5593 date
2207 5533 2269 5591 ιε
2302 5553 2332 5585 »
2362 5530 2468 5588 llle
2495 5533 2687 5589 autem
2712 5535 2922 5600 prater
2945 5525 3298 5584 medicinam
3326 5521 3682 5594 adiungebat
