4128 6274
481 275 637 334 1311
1814 263 2098 326 MENSIS

2253 263 2528 323 TOBER.
3728 257 3906 318 1312

478 432 652 487 etiam
681 430 1026 485 alimentum
1054 429 1420 497 aegrotorum,
1444 442 1560 482 non
1592 424 1783 481 solum
1807 422 1989 495 gratis
2021 439 2117 477 cu-

2253 421 2451 497 ‘pocpa‘zc,
2511 418 2611 475 οὐκ
2664 416 2927 492 ἆμίσθους
2991 417 3155 492 μόνον
3205 416 3300 480 τὰς
3349 417 3637 491 θεραπείας
3677 434 3910 481 ποιων,

480 535 639 588 rans,
690 519 789 574 sed
834 518 1006 573 etiam
1055 532 1189 572 cum
1243 514 1536 571 curatione
1582 513 1846 585 prebens
1904 527 2123 567 merce-

2253 507 2372 563 ιλλὰ
2408 509 2498 563 καὶ
2552 508 2775 582 μισθοὺς
2829 506 3041 581 μᾶλλον
3082 506 3174 561 σὺν
3232 507 3419 568 αὐτοῖς
3470 505 3909 580 παρεχόμενος.

480 608 635 663 dem.
667 606 820 661 Talis
853 605 1083 676 quidem
1131 608 1540 660 sacrosanctus
1589 601 1877 658 Zenobius
1916 598 2126 670 obtigit

2253 597 2479 652 ,‘oioérov
2514 595 2580 667 δὴ
2611 618 2731 652 τινα
2761 598 2850 651 τὸν
2876 596 3019 671 ἱερὸν
3059 591 3318 666 Ζηνόϐιον
3366 598 3401 665 ἡ
3466 600 3575 650 τῶν
3639 592 3910 651 Κιλίκων

480 694 721 750 Cilicum
754 693 997 764 regioni,
1031 709 1146 763 quo
1179 701 1433 763 tempore
1482 692 1791 761 imperator
1834 692 2127 745 Romano-

2253 689 2549 762 ιεκλήρωτο
2600 688 2716 743 καθ⁰
2741 688 2769 742 ὁ
2816 690 3010 759 καιροῦ
3058 687 3146 741 καὶ
3179 688 3206 740 ὁ
3244 693 3345 755 τῆς
3375 684 3666 758 Ῥωμαίων
3702 683 3910 757 ἀρχῆς

2232 777 2582 851 αὐτοκράτωρ
2638 774 2894 838 εἰδώλοις
2950 776 3325 851 προσανέχων,
3375 775 3465 829 καὶ
3495 773 3565 848 τῇ
3634 766 3920 828 δυσσεϐεῖ

2232 865 2490 939 θρησκείᾳ
2548 866 2952 938 προστετηκὼς,
3010 869 3127 927 τοῖς
3200 862 3473 937 ὀλεθρίοις
3562 861 3921 916 συναπέθανε

2234 954 2518 1029 δόγμασιν.
2552 954 2711 1012 Ἀλλ’
2743 954 2949 1009 ἐκείνου
2986 955 3077 1026 μὲν
3121 952 3473 1027 κληρονόμος
3503 956 3610 1006 τῶν
3636 972 3695 1006 τε
3757 952 3913 1017 σκή-

2233 1064 2416 1117 πτρων
2447 1044 2537 1097 καὶ
2570 1050 2669 1112 τῆς
2701 1043 2837 1098 κατᾶ
2884 1047 3219 1117 Χριστιανῶν
3290 1041 3495 1111 λύσσης
3556 1040 3913 1109 Διοκλητια-

2237 1133 2325 1195 νὸς
2367 1132 2771 1187 καταλείπεται.
2824 1133 3024 1187 Λυσίάν
3077 1129 3133 1185 δὲ
3176 1138 3523 1206 παραχρῆμα
3566 1129 3918 1202 τιμωρήσα-

2240 1222 2363 1286 σθαί
2410 1242 2469 1276 τε
2512 1222 2821 1296 βιαιότατον
2854 1221 2943 1275 καὶ
2997 1221 3258 1281 θωπείαις
3316 1218 3682 1295 ὑπαγαγέσθαι
3719 1215 3917 1272 δεινό-

2239 1332 2400 1366 τατον
2458 1318 2557 1379 τῆς
2597 1310 2834 1365 Κιλίκων
2886 1304 3129 1384 ἔπαρχον
3196 1310 3633 1384 προχειρίζεται.
3709 1307 3785 1364 Ὀ
3855 1303 3917 1359 δὲ

2237 1401 2335 1468 τήν
2387 1401 2585 1474 Μόψου
2642 1394 2964 1455 καταλαϐὼν
3031 1396 3274 1472 διωγμὸν
3334 1396 3532 1473 ἐγείρει
3571 1396 3707 1451 κατὰ
3771 1398 3922 1468 Χρι-

2241 1495 2495 1559 στιανῶν,
2530 1492 2614 1545 καὶ
2662 1489 2920 1566 διωγμῶν
2960 1490 3052 1544 τὸν
3097 1485 3533 1564 φρικωδέστατον
3580 1487 3669 1541 καὶ
3725 1484 3923 1559 βαρύ-

2239 1600 2423 1649 τατον,
2484 1578 2641 1657 ἔργον
2702 1579 2904 1635 ἐκείνου
2970 1583 3067 1634 τοῦ
3125 1576 3392 1652 διωγμοῦ,
3442 1582 3532 1632 καί
3590 1580 3744 1650 τρεῖς
3812 1574 3916 1628 τὸν

2240 1666 2467 1740 ἂριθμὸν
2530 1665 2817 1721 νεανίσκοι·
2871 1664 3168 1733 Κλαύδιος,
3227 1664 3525 1740 Ἀστέριος,
3584 1663 3766 1730 Νέων,
3818 1659 3921 1721 οὕς

479 799 612 838 rum
640 783 870 837 deditus
903 781 1233 837 simulacris
1265 786 1320 836 et
1351 780 1540 852 impia
1567 795 1631 835 ac
1654 779 1809 834 falsze
1842 776 2123 848 religioni,

479 877 742 926 mortuus
774 868 947 925 estin
976 868 1173 941 impiis
1224 869 1620 940 dogmatibus.
1655 868 1764 923 Sed
1798 866 1957 921 illius
1989 865 2124 937 qui-

478 959 611 1014 dem
644 963 762 1013 tam
793 958 1042 1028 imperii,
1074 973 1253 1027 quam
1298 956 1510 1012 furoris
1540 956 1599 1010 in
1630 956 2011 1023 Christianos,
2043 970 2125 1010 re-

484 1047 660 1102 lictus
711 1053 793 1102 est
842 1046 1027 1101 haeres
1076 1045 1494 1101 Diocletianus.
1524 1045 1729 1099 Statim
1778 1047 1971 1098 autem
2019 1046 2125 1113 Ly-

485 1134 635 1191 siam
684 1134 927 1206 praeficit
975 1134 1206 1201 Ciliciae,
1239 1133 1337 1205 qui
1370 1138 1428 1188 et
1457 1134 1528 1188 ad
1573 1133 1955 1189 cruciandum
2004 1135 2127 1187 erat

484 1223 970 1288 violentissimus,
990 1226 1046 1277 et
1066 1223 1137 1278 ad
1160 1221 1535 1279 alliciendum
1558 1220 1855 1277 blanditiis
1879 1221 2129 1276 maxima

482 1313 540 1367 vi
574 1313 869 1385 praeditus.
903 1312 1004 1368 Ille
1037 1321 1228 1369 autem
1261 1329 1385 1369 cum
1418 1313 1671 1368 venisset
1701 1313 1770 1367 ad
1804 1311 1988 1382 Μορεί
2032 1328 2130 1366 ur-

481 1403 617 1459 bem
666 1402 876 1457 excitat
925 1405 1381 1473 persecutionem
1441 1403 1715 1457 adversus
1746 1400 2129 1464 Christianos,

484 1505 732 1563 eamque
763 1489 1191 1561 gravissimam,
1225 1494 1280 1545 et
1313 1489 1561 1545 maxime
1592 1489 1958 1545 horribilem.
1989 1488 2131 1543 Tres

485 1583 678 1633 autem
725 1594 966 1633 numero
1013 1577 1433 1646 adolescentes,
1464 1577 1762 1645 Claudius,
1793 1576 2049 1632 Asterius
2078 1580 2136 1631 et

484 1668 667 1736 Neon,
703 1665 937 1721 fuerunt
984 1666 1160 1720 etiam
1210 1666 1441 1722 exerciti
1474 1666 1534 1720 in
1568 1665 1667 1720 illa
1696 1664 2128 1735 persecutione:

490 1771 641 1826 quos
674 1755 810 1811 tulit
841 1754 1077 1826 quidem
1110 1754 1356 1824 Isauria,
1389 1755 1693 1811 Larandus
1733 1759 1928 1810 autem
1977 1768 2137 1809 exer-

2253 1755 2482 1828 Ἰσαυρία
2541 1756 2635 1827 μὲν
2680 1756 2894 1828 ἤνεγκε,
2944 1752 3219 1828 Λαρανδὸς
3288 1752 3347 1809 δὲ
3409 1752 3666 1824 ἤσκησεν
3725 1751 3921 1809 Οὗτοι

500 1846 638 1902 cuit.
670 1845 715 1900 Ii
746 1845 903 1902 enim
936 1863 968 1901 a
999 1845 1164 1918 Lysia
1193 1845 1635 1901 vehementibus
1664 1849 1720 1901 et
1752 1845 1950 1901 multis
1999 1843 2140 1900 sub-

491 1934 634 2004 jecti
668 1934 1046 2004 cruciatibus,
1080 1937 1138 1990 in
1170 1950 1405 1991 crucem
1435 1935 1546 1990 acti
1588 1939 1750 1990 extra
1799 1951 2018 2002 muros,
2050 1950 2144 1989 su-

501 2024 736 2080 bierunt
783 2029 1032 2081 mortem
1086 2026 1518 2082 maleﬁcorum:
1552 2042 1748 2082 eorum
1791 2030 1981 2081 autem
2014 2041 2141 2081 cor-

501 2129 641 2183 pora
670 2114 930 2184 projecta
961 2118 1102 2170 sunt
1131 2117 1459 2172 devoranda
1481 2132 1514 2171 a
1538 2114 1672 2171 feris
1702 2118 1759 2169 et
1785 2113 2142 2170 volucribus.

501 2201 569 2255 Et
598 2201 800 2272 Lysias
830 2202 1065 2273 quidem
1098 2204 1274 2260 talem
1314 2205 1657 2262 ostendebat
1704 2205 1993 2262 insaniam
2037 2205 2143 2259 ad-

500 2304 708 2347 versus
741 2292 1133 2350 Christianos.

576 2379 675 2435 III.
707 2379 982 2452 Egregius
1011 2382 1195 2453 igitur
1234 2384 1521 2440 Zenobius
1567 2400 1698 2439 cum
1734 2384 1794 2441 in
1824 2387 1985 2439 tanta
2030 2384 2145 2438 vir-

504 2469 626 2522 tute
676 2468 855 2525 vitam
905 2470 1141 2539 egisset,
1191 2474 1248 2526 et
1295 2471 1489 2527 divina
1537 2471 1884 2528 revelatione
1933 2470 2146 2527 Christi

506 2571 737 2626 gregem
788 2559 1139 2629 pascendam
1191 2559 1562 2630 suscepisset,
1596 2565 1652 2615 et
1681 2558 1890 2615 Cilicia:
1939 2559 2145 2613 fuisset

502 2651 731 2699 creatus
781 2647 1113 2716 episcopus,
1168 2647 1225 2700 in
1279 2656 1574 2717 posterum
1624 2647 1799 2701 etiam
1848 2646 2139 2716 duplicem

506 2732 758 2788 ostendit
787 2734 1143 2789 curationem
1171 2750 1185 2801 ;
1212 2743 1270 2788 ut
1292 2733 1391 2805 qui
1416 2750 1529 2789 non
1560 2733 1743 2790 solum
1780 2733 2143 2804 corporibus,

508 2822 609 2875 sed
668 2824 841 2877 etiam
898 2822 1113 2877 animis
1170 2824 1520 2889 mederetur,
1569 2826 1626 2877 et
1671 2821 1772 2877 illa
1829 2822 2064 2893 quidem
2114 2837 2148 2876 a

510 2907 749 2974 morbis,
783 2909 887 2964 has
916 2925 1049 2966 vero
1080 2909 1351 2965 liberaret
1380 2911 1453 2965 ab
1484 2910 1801 2982 impietate.
1834 2908 1978 2965 Hinc
2009 2909 2150 2965 dici-

508 3000 606 3049 tur
635 2997 761 3050 Indi
795 2998 1093 3066 cujusdam
1144 2999 1396 3067 praafecti
1444 2999 1748 3068 conjugem
1780 2998 2058 3054 incidisse
2088 2997 2147 3054 in

512 3085 781 3139 morbum
815 3085 1323 3141 immedicabilem.
1349 3088 1402 3141 Is
1422 3092 1618 3141 autem
1640 3091 1765 3142 erat
1793 3103 2024 3153 cancer,
2046 3087 2145 3160 qui

2249 1842 2488 1906 πολλαῖς
2523 1844 2624 1898 ὑπὸ
2658 1843 2855 1899 Λυσίοὺ
2885 1844 2975 1898 καὶ
3007 1840 3267 1918 σφοδραῖς
3302 1844 3386 1898 ’ὁτι
3434 1849 3553 1906 ταῖς
3597 1841 3922 1916 τιμωρίαις

2256 1927 2659 2001 ὑποϐληθέντες
2727 1937 2940 2004 σταυρῷ
2997 1931 3443 2004 προσηλωθέντες
3511 1929 3611 2001 ἔξω
3696 1933 3927 2003 τειχῶν

2250 2023 2340 2077 τὸν
2397 2026 2505 2078 τῶν
2575 2023 2892 2098 κακούργων
2982 2023 3285 2093 ὑπέστησαν
3363 2022 3609 2077 θάνατον’
3680 2020 3753 2074 τὰ
3864 2014 3923 2070 δὲ

2251 2110 2458 2166 τούτων
2521 2112 2746 2185 σώματα
2803 2114 3018 2187 θηρίοις
3084 2112 3174 2167 καὶ
3240 2117 3508 2175 πετεινοῖς
3583 2110 3659 2171 εἰς
3724 2108 3925 2181 πυρὰν

2254 2196 2544 2275 προετέθη.
2600 2202 2703 2257 Καὶ
2759 2203 2961 2263 Λυσίας
3020 2202 3114 2275 μὶν
3173 2198 3239 2271 δὴ
3289 2200 3544 2271 τοιαύτην
3584 2198 3722 2254 κατὰ
3772 2198 3922 2270 Χρι-

2255 2296 2486 2347 στιανῶν
2519 2288 2861 2346 ἐπεδείκνυτο
2890 2293 2989 2361 τὴν
3026 2290 3235 2364 μανίαν.

2326 2382 2397 2435 Γ’.
2429 2375 2693 2449 Ζηνόϐιος
2742 2377 2798 2434 δὲ
2844 2382 2872 2433 ό
2920 2377 3110 2448 καλὸς,
3155 2378 3206 2433 ἐν
3257 2380 3421 2452 ἀρετῇ
3456 2377 3694 2450 τοσαύτῃ
3746 2375 3926 2431 πολι-

2253 2469 2580 2541 τευσάμενος
2610 2468 2699 2522 καὶ
2752 2470 2814 2522 τὸ
2871 2471 2967 2522 τοῦ
3014 2470 3249 2541 Χριστοῦ
3300 2468 3561 2537 ποίμνιον
3618 2464 3925 2521 ἀποκαλύ-

2253 2558 2341 2626 ψει
2424 2557 2542 2625 θείᾳ
2630 2553 3007 2627 παρειληφὼς,
3101 2553 3395 2614 ἐπίσκοπος
3476 2558 3577 2620 τῆς
3660 2551 3924 2608 Κιλίκων

2248 2640 2606 2713 ἀναδειχθεὶς,
2667 2637 2870 2710 διπλῆν
2923 2639 3000 2702 εἷς
3056 2641 3116 2696 τὸ
3183 2641 3307 2713 ἐξης
3382 2637 3727 2695 ἐπεδείκνυτο
3826 2642 3927 2707 τὴν

2251 2729 2554 2801 θεραπείανσ
2618 2727 2679 2781 ού
2752 2728 2980 2800 σώματα
3049 2728 3235 2800 μόνον,
3312 2726 3460 2783 ἆλλᾶ
3531 2728 3623 2782 καὶ
3721 2727 3923 2803 ψὺχᾶς

2255 2814 2535 2890 ἰατρεύων,
2583 2815 2674 2870 καὶ
2720 2817 2787 2870 τὰ
2838 2817 2931 2888 μὲν
2977 2818 3323 2890 νοσημάτων,
3370 2816 3467 2880 τὰς
3536 2814 3595 2872 δὲ
3660 2813 3925 2876 ἀσεϐείας

2257 2903 2571 2980 ἐλευθερῶν.
2629 2906 2900 2969 Ἐντεῦθεν
2956 2903 3129 2961 Ἰνδοῦ
3178 2927 3327 2967 τινος
3367 2905 3645 2985 φιλάρχου
3678 2906 3923 2979 σύζυγον

2255 2998 2406 3066 κακῷ
2445 3016 2549 3050 τινι
2592 2993 2803 3069 λέγεται
2853 2994 3126 3069 βληθῆναι
3173 2999 3279 3050 τῶν
3322 2995 3649 3064 ἀνηκέστων.
3684 2995 3760 3051 Τὸ
3827 2992 3919 3049 δὲ·

2257 3083 2359 3158 ἄρα
2396 3088 2647 3159 καρκῖνος
2692 3084 2759 3152 ἦν
2829 3082 3099 3139 ἐνδοτάτω
3155 3087 3251 3138 τοῦ
3309 3084 3556 3157 θώρακος
3628 3084 3920 3152 κατασκή-

511 3172 571 3228 in
601 3173 934 3230 interiorem
968 3180 1191 3245 partem
1225 3176 1477 3231 thoracis
1509 3175 1874 3232 incubuerat.
1907 3150 2142 3247 Pro—pter

2258 3150 2379 3246 ψάς.
2591 3173 2636 3245 ᾧ
2683 3150 2849 3227 πᾶσαι
2904 3174 2997 3227 καὶ
3044 3178 3225 3248 χεῖρες
3284 3150 3480 3243 ἰατρῶν
3512 3172 3918 3255 ιίιθροισθεῖσαι⁹

514 3277 684 3332 quem
716 3268 1079 3335 congregatae
1100 3280 1304 3321 omnes
1329 3282 1541 3321 manus
1565 3265 1943 3333 medicorum,
1973 3271 2150 3322 artes-

514 3366 623 3421 que
654 3357 711 3406 et
740 3353 1168 3408 medicamenta
1216 3358 1452 3410 ostensa
1497 3359 1636 3410 sunt
1684 3354 1765 3409 illi
1813 3355 2014 3410 morbo
2061 3370 2146 3409 ce-

511 3439 662 3495 dere.
691 3438 895 3496 Uxoris
926 3456 1061 3511 ergo
1090 3441 1274 3497 vicem
1305 3441 1511 3497 dolens
1543 3442 1744 3511 Indus,
1767 3446 1822 3497 et
1854 3442 2144 3498 undenam

514 3529 651 3582 tanti
706 3530 844 3584 mali
903 3531 1183 3587 inveniret
1250 3532 1594 3589 solutionem
1664 3532 1969 3601 diligenter
2027 3549 2152 3604 per-

510 3620 795 3683 scrutans,
829 3634 863 3672 a
891 3619 1143 3688 quodam
1177 3625 1491 3676 mercatore
1520 3619 1748 3691 accepit
1778 3620 1848 3675 de
1876 3620 2146 3690 Zenobio,

512 3718 642 3758 eum
672 3705 882 3760 multos
913 3723 1115 3762 curare
1145 3714 1389 3779 aegrotos
1420 3708 1543 3763 solo
1572 3711 1742 3764 verbo
1774 3712 1830 3764 et
1864 3726 2146 3765 manuum

509 3790 897 3862 impositione.
923 3792 1021 3846 Ille
1054 3798 1250 3849 autem
1283 3797 1481 3850 statim
1516 3796 1657 3851 nihil
1690 3803 2019 3867 cunctatus,
2051 3800 2150 3854 sed

511 3880 708 3935 statim
739 3896 871 3933 cum
904 3880 1151 3951 conjuge
1181 3886 1237 3937 et
1266 3881 1464 3936 liberis
1503 3882 1611 3937 iter
1640 3885 1963 3954 ingressus,
1996 3886 2151 3941 venit

510 3966 701 4037 Eges.
735 3966 889 4023 Talis
918 3971 1073 4023 enim
1105 3973 1212 4038 est,
1242 3970 1339 4039 qui
1372 3969 1669 4042 afﬂigitur,
1703 3972 1957 4042 animus,
1989 3978 2046 4029 et
2075 3975 2146 4029 ad

513 4053 593 4123 id,
637 4057 791 4126 quod
852 4057 1099 4114 audierit
1153 4060 1580 4128 exsequendum
1639 4061 1955 4118 acerrimus
2011 4079 2147 4135 pro-

513 4148 642 4212 pter
671 4160 832 4214 spem
870 4144 1167 4201 meliorem
1195 4147 1501 4205 libertatis.
1534 4149 1677 4205 Cum
1708 4149 1847 4206 illuc
1877 4166 2012 4222 ergo
2055 4167 2150 4207 ve-

514 4230 717 4302 nisset,
754 4234 996 4305 rogabat
1028 4235 1098 4290 de
1126 4237 1398 4304 Zenobio,
1432 4238 1672 4294 ubinam
1706 4244 1883 4309 esset,
1915 4248 1969 4296 et
1998 4242 2149 4311 apud

516 4337 688 4391 quem
719 4323 986 4393 degeret;
1021 4329 1077 4379 et
1105 4342 1275 4382 omne
1314 4326 1562 4396 ponebat
1609 4328 1894 4397 studium,
1926 4333 1989 4385 ut
2016 4346 2150 4385 eum

515 4409 750 4465 videret.
782 4414 929 4467 Cum
978 4411 1087 4467 hoc
1135 4418 1327 4468 autem
1376 4416 1548 4470 modo
1579 4432 1642 4471 se
1673 4416 1906 4472 haberet
1951 4418 2148 4486 Indus,

2257 3261 2346 3316 καὶ
2388 3262 2576 3335 τέχναι
2617 3260 2707 3315 καὶ
2750 3259 3028 3337 φάρμακα,
3063 3259 3284 3336 δεύτερα
3341 3262 3512 3316 πάντα
3554 3265 3649 3317 τοῦ
3698 3262 3917 3325 πάθους

2256 3348 2586 3424 ἠλέγχοντο.
2649 3350 2990 3423 ’Δχθόμενος
3050 3348 3140 3404 οὖν
3214 3351 3337 3424 περὶ
3395 3357 3493 3420 τῆς
3566 3350 3821 3425 γυναικὸς
3883 3350 3912 3402 ὁ

2256 3436 2444 3506 Ἰνδὸς,
2486 3438 2573 3493 καὶ
2633 3439 2750 3501 ὅθεν
2813 3437 2873 3493 ἂν
2938 3436 3090 3503 ἔλθοι
3138 3440 3471 3509 τηλικούτου
3520 3443 3689 3494 κακοῦ
3748 3438 3913 3501 λύσις

2259 3526 2574 3605 φιλοπόνως
2634 3528 2953 3602 ἀνερευνῶν,
3033 3528 3288 3602 μανθάνει
3343 3529 3491 3603 παρὰ
3561 3549 3709 3590 τινος
3797 3530 3910 3581 τῶν

2259 3617 2516 3691 ἐμπύρων
2581 3618 2649 3672 τὰ
2697 3618 2823 3693 περὶ
2879 3614 3176 3687 Εηνοὸίου,
3234 3616 3324 3673 καὶ
3388 3618 3469 3674 ὅτι
3518 3615 3767 3680 πολλοὺς
3794 3621 3907 3671 τῶν

2258 3708 2559 3762 νοσούΛτων
2616 3707 2755 3762 ἶᾶται
2827 3708 3030 3782 ῥήματι
3087 3707 3238 3781 μόνῳ
3279 3708 3366 3763 καὶ
3420 3708 3622 3783 χειρῶν
3669 3706 3906 3771 ἐπιθέσει

2258 3797 2363 3853 Καὶ
2408 3798 2467 3858 ’ὸς
2524 3796 2713 3851 αὐτίκα
2767 3794 3013 3870 μελήσας
3086 3795 3241 3852 οὐδὲν
3290 3794 3406 3851 οὐδ’
3475 3790 3909 3869 ἀναϐαλόμενος,

2260 3884 2386 3940 ἀλλ’
2432 3886 2506 3947 ὡς
2540 3886 2685 3959 εἶχεν
2719 3886 2872 3946 εὐθὺς
2912 3884 3026 3959 ἅμα
3057 3886 3269 3963 συζύγῳ
3298 3886 3388 3941 καὶ
3416 3882 3649 3956 τέκνοις,
3679 3884 3905 3960 πορείας

2256 3973 2556 4045 ἁψάμενος,
2608 3971 2659 4027 ἐν
2722 3973 2909 4049 Αἰγαῖς
2960 3974 3182 4048 γίνεται.
3239 3976 3497 4032 Τοιοῦτον
3560 3975 3662 4050 γὰρ
3718 3978 3910 4043 πιεζο-

2262 4062 2395 4134 μένη
2450 4063 2629 4136 ψυχὴ,
2697 4063 2786 4116 καὶ
2841 4062 3013 4125 οὕτως
3064 4063 3247 4118 ἀνύσαι
3315 4064 3377 4118 τὸ
3448 4063 3706 4127 ἀκουσθέν
3790 4063 3906 4132 ὀξυ-

2258 4150 2392 4221 τάτη
2453 4148 2525 4205 δι’
2589 4149 2787 4207 ἐλπίδα
2863 4152 3235 4228 χρηστοτέραν
3297 4150 3625 4227 ἐλευθερίας.
3698 4153 3904 4208 Ἐκεῖσε

2258 4239 2439 4297 τοίνυν
2494 4240 2806 4317 γενόμενος,
2882 4240 3205 4306 ἐπυνθάνετο
3243 4243 3368 4317 περὶ
3432 4237 3727 4313 Ζηνοϐίου,
3795 4244 3902 4297 ποῦ

2261 4332 2362 4405 ἄρα
2401 4332 2489 4386 καὶ
2550 4330 2601 4385 ἐν
2651 4332 2796 4394 τίνος
2858 4330 2942 4402 εἴη
3004 4330 3231 4409 διάγων,
3291 4332 3382 4387 καὶ
3450 4329 3693 4401 σπυυδὴν
3751 4330 3901 4386 ἐποι-

2261 4422 2372 4475 εἴτο
2428 4424 2599 4475 πᾶσαν
2659 4418 2799 4475 ὥστε
2861 4420 2952 4475 τὸν
3044 4418 3209 4494 ἄνδρα
3301 4422 3606 4485 θεάσασθαι.
3698 4422 3900 4476 Τοῦτον

514 4501 572 4552 et
601 4502 718 4552 tam
754 4498 950 4567 magni
984 4499 1197 4555 faceret
1214 4500 1379 4555 illum
1402 4502 1617 4571 videre,
1640 4504 1689 4559 ei
1713 4510 1954 4576 apparet
1981 4506 2142 4575 visio,

2261 4504 2317 4562 δὲ
2344 4508 2434 4563 τὸν
2462 4508 2662 4582 τρόπον
2700 4502 2882 4582 ἔχοντι
2937 4513 3018 4580 τῷ
3048 4506 3224 4581 Ἰνδῷ,
3273 4510 3364 4564 καὶ
3414 4508 3557 4564 οὕτω
3604 4511 3703 4579 τὴν
3761 4507 3898 4564 ἐκεί-

512 4601 635 4656 quae
667 4585 717 4640 ei
748 4601 898 4653 vere,
932 4589 988 4642 et
1037 4603 1152 4642 non
1202 4588 1262 4643 in
1298 4592 1542 4660 somnis,
1576 4592 1824 4662 jubebat
1879 4595 2149 4651 accedere

513 4675 582 4729 ad
631 4673 931 4731 ecclesiam
983 4675 1439 4734 Christianorum
1468 4694 1483 4733 :
1510 4680 1575 4734 In
1618 4696 1685 4736 ea
1730 4683 1908 4752 enim,
1937 4684 2148 4754 inquit,

514 4760 770 4818 invenies
801 4778 956 4830 eum,
989 4781 1153 4836 quem
1185 4768 1415 4839 quaeris.
1446 4768 1588 4824 Cum
1621 4769 1671 4825 is
1695 4786 1831 4842 ergo
1862 4774 2149 4830 surrexis—

512 4854 621 4921 set,
654 4868 785 4907 cum
819 4869 996 4909 uxore
1041 4855 1236 4910 statim
1281 4856 1437 4913 venit
1465 4858 1538 4913 ad
1571 4859 1861 4930 templum.
1904 4862 1971 4917 Et
2017 4879 2148 4918 cum

510 4938 572 4994 in
594 4954 659 4996 eo
683 4940 1044 4999 invenissent
1075 4952 1341 5000 sanctum
1375 4951 1624 5004 stantem
1651 4949 1709 5004 in
1734 4949 1925 5006 medio
1958 4953 2149 5008 multi-

512 5028 754 5097 tudinis,
787 5035 844 5086 et
868 5048 936 5088 ex
966 5048 1064 5088 ore
1095 5050 1200 5089 suo
1238 5035 1599 5093 emittentem
1649 5038 1919 5095 doctrinas
1965 5040 2148 5097 fontes

516 5118 921 5188 suavissimas,
942 5122 1177 5178 dimotis
1209 5123 1301 5191 iis,
1323 5123 1421 5195 qui
1453 5125 1987 5195 circumsistebant,
2015 5147 2149 5201 spe-

514 5207 703 5263 ciosos
734 5209 893 5265 illius
947 5213 1145 5281 pedes,
1178 5216 1236 5268 et
1268 5212 1417 5269 bona
1462 5231 1658 5274 revera
1706 5220 2149 5290 evangelizantis

512 5292 919 5353 ardentissime
968 5300 1398 5371 apprehensant
1448 5305 1767 5376 supplices,
1819 5308 2148 5365 misericor-

511 5380 761 5449 demque
785 5391 842 5439 et
873 5384 1223 5444 clementem
1254 5390 1417 5446 illam
1456 5394 1715 5449 animam
1769 5401 1940 5452 orant
1967 5400 2024 5451 et
2052 5397 2152 5452 ob-

515 5476 741 5523 secrant
777 5477 902 5527 uta
944 5474 1098 5531 malo
1144 5478 1485 5534 liberentur.
1520 5480 1664 5536 Nam
1713 5484 1820 5538 etsi
1862 5483 1921 5539 in
1952 5484 2151 5541 uxoris

515 5555 751 5615 thorace
826 5560 1041 5620 inesset
1114 5567 1375 5639 morbus,
1442 5571 1638 5627 mariti
1702 5576 1899 5630 tamen
1965 5574 2150 5633 multo

2258 4618 2352 4652 νου
2461 4597 2584 4652 θέαν
2685 4598 2808 4671 περὶ
2903 4594 3120 4653 πολλοῦ
3221 4599 3541 4672 ποιουμένῳ
3618 4596 3894 4671 ἐφίσταται

2257 4680 2380 4760 ὄψις
2430 4685 2577 4758 αύτῷ
2626 4690 2811 4762 σαφῶς
2849 4684 2988 4763 ὕπαρ
3041 4686 3139 4742 οὐκ
3197 4683 3327 4762 ὄναρ
3377 4684 3705 4742 καταλαλεῖν
3784 4686 3896 4741 ἐπι-

2259 4776 2572 4845 σκήπτουσα
2645 4775 2745 4843 τὴν
2829 4779 2937 4831 τῶν
3011 4778 3352 4849 Χριστιανῶν
3437 4774 3751 4845 ἐκκλησίαν.
3813 4776 3894 4831 Ἐν

2256 4864 2394 4938 αύσῇ
2453 4864 2580 4940 γὰρ,
2637 4864 2770 4942 φησὶ
2845 4865 2935 4920 καὶ
3013 4866 3317 4941 περιτύχῃς
3392 4870 3471 4938 τῷ
3554 4864 3874 4938 ζητουμένῳ

2259 4954 2549 5016 Διαναστᾶς
2604 4952 2783 5009 τοίνυν
2844 4954 3021 5025 οὗτος,
3089 4954 3299 5011 ἄπεισιν
3356 4955 3512 5017 εὐθὺς
3589 4954 3724 5027 μετὰ
3797 4960 3893 5021 τῆς

2258 5043 2511 5117 γυναικὸς
2558 5046 2704 5118 παρὰ
2752 5044 2843 5099 τὸν
2892 5043 3033 5103 ναὸν.
3085 5042 3186 5102 Καὶ
3238 5046 3328 5099 τὸν
3378 5043 3530 5118 ἅγιον
3571 5043 3819 5117 εὑρόντες
3846 5039 3891 5095 ἐν

2258 5132 2405 5205 αὐτῷ
2460 5132 2710 5203 πλήθους
2766 5135 2971 5190 ἐστῶτα
3031 5133 3212 5208 μέσον,
3284 5135 3374 5190 καὶ
3434 5135 3612 5210 πηγὰς
3668 5130 3895 5203 ἡδίστης

2260 5218 2611 5286 διδασκαλίας
2698 5226 2796 5277 τοῦ
2897 5222 3163 5297 στόματος
3246 5222 3488 5300 ἀφιέντα,
3570 5219 3894 5294 διωσάμενοι

2254 5309 2383 5371 τοὺς
2442 5316 2817 5386 τεριεστῶτας,
2861 5317 2971 5366 τῶν
3020 5311 3241 5385 ὼραίωῦ
3298 5311 3499 5368 ἐκείνου
3531 5307 3760 5385 [ποδῶη
3811 5309 3891 5365 καὶ

2257 5399 2435 5473 ἀγαθὰ.
2511 5400 2585 5462 ὡς
2652 5399 2874 5471 ἀληθῶς
2932 5399 3433 5477 εὐαγγελιζομένων
3488 5400 3622 5473 μετᾶ
3678 5396 3894 5468 πολλῆς

2259 5482 2719 5560 ἐπιλαμϐάνονται
2773 5494 2875 5558 τῆς
2934 5488 3271 5563 θερμότητος
3327 5491 3417 5545 καὶ
3482 5492 3582 5554 τῆς
3647 5487 3892 5558 ἱκετείας,

2256 5575 2350 5639 καὶ
2413 5572 2619 5632 δέονται
2668 5583 2769 5647 τῆς
2818 5578 3136 5651 συμπαθοῦς
3187 5581 3373 5657 ψυχῆς
3419 5577 3625 5647 ἐκείνης
3671 5576 3764 5633 καὶ
3814 5597 3893 5660 φι-
