4128 6274
221 381 380 445 1313

1154 381 1634 445 MABTIRYUM
1679 379 1789 444 SS.
1833 383 2142 445 ZENPBII
2184 385 2288 446 ET
2333 387 2720 452 ΖΕΝΟΒΙιΕ.

3456 407 3613 468 1314

220 567 571 646 λανθρώπου,
599 573 688 626 καὶ
729 570 1050 644 λιπαρουσιν
1090 569 1247 626 αὐτὸν
1298 568 1438 626 ὥστε
1491 572 1592 624 τοῦ
1659 569 1862 633 πάθους

1977 571 2166 645 magis
2212 574 2487 647 tangebat
2541 578 2829 638 animum.
2889 584 2993 642 Ille
3045 591 3242 645 autem
3292 594 3613 654 curationis

218 658 635 735 ἀπαλλαγῆναι.
684 660 750 716 Εἰ
799 660 901 735 γάρ
941 658 1029 714 καὶ
1076 660 1154 732 τῷ
1208 665 1308 728 τῆς
1353 659 1601 734 γυναικὸς
1659 659 1865 734 θώρακι

212 750 276 804 τὸ
305 751 476 812 πάθος
513 749 662 818 ἐνῆν,
694 746 842 804 ἀλλά
871 746 1073 819 πολλῷ
1120 746 1290 804 πλέον
1354 751 1456 813 τῆς
1513 751 1610 803 τοῦ
1666 745 1862 823 ἀνδρὸς

211 841 400 915 ψυχῆς
450 837 676 907 ἥπτετο.
728 839 788 894 Ὀ
853 835 909 892 δὲ
960 838 1151 910 μισθὸν
1208 835 1402 897 αὐτοὺς
1469 843 1569 905 τῆς
1630 836 1864 911 ἰατρείας

214 926 466 998 ἐπιζητεῖ
519 929 617 996 τήν
669 922 962 994 εὐσέϐειαν,
993 927 1082 980 καὶ
1121 926 1182 980 τὸ
1233 931 1334 994 τῆς
1371 926 1605 999 πατρίου
1657 925 1866 995 πλάνης

215 1017 576 1087 ἀποστάντας,
645 1013 1027 1088 αὐτομολῆσαι
1084 1015 1220 1090 πρὸς
1289 1015 1389 1082 τὴν
1449 1020 1551 1083 τῆς
1607 1012 1868 1083 ἀληθείας

214 1105 531 1180 ἐπίγνωσιν.
561 1107 733 1180 Ὅπερ
773 1102 864 1160 οὗν
895 1103 1194 1179 προθύμως
1244 1102 1417 1158 αὐτῶν
1473 1107 1646 1158 ποιεῖν
1699 1103 1864 1178 ἐπαγ-

213 1192 595 1270 γελλομένων,
635 1195 664 1248 ὁ
717 1189 873 1270 ἀγιος
925 1189 1359 1261 ὑπολαϐὼνμἘν
1407 1191 1637 1264 ὀνόματι
1684 1193 1864 1262 Ἰησοῦ

215 1285 451 1359 Χριστοῦ
504 1283 602 1340 τοῦ
653 1284 752 1352 τήν
808 1283 1106 1359 αἱμόρῥουν
1176 1281 1491 1354 ἰασαμένου,
1535 1281 1690 1354 ὑγιὴς
1730 1281 1860 1351 ἴσθι,

213 1373 392 1450 γύναι,
424 1374 580 1453 φησὶ,
610 1373 701 1428 καὶ
759 1377 856 1428 τοῦ
913 1372 1114 1434 πάθους
1165 1370 1472 1445 ἐλευθεροῦ,
1541 1370 1630 1425 καὶ
1687 1391 1862 1445 παρα-

217 1469 416 1537 χρῆμα
471 1462 505 1532 ἥ
571 1483 631 1517 τε
702 1461 923 1540 χαλεπή
995 1462 1150 1522 νόσος
1221 1459 1394 1532 ἐκείνη
1453 1460 1691 1532 καθάπερ
1758 1461 1862 1516 τινὶ

222 1554 450 1629 μάστιγι
503 1557 582 1624 τῷ
622 1551 826 1626 ῥήματι
876 1548 1194 1620 ἀπελήλατο
1229 1568 1242 1580 '
1285 1551 1374 1604 καὶ
1417 1554 1514 1606 τοῦ
1545 1551 1693 1613 θείου
1729 1551 1862 1625 βαπ-

214 1644 482 1716 τίσματος
531 1637 697 1704 αὑτός
740 1661 798 1695 τε
834 1638 925 1694 καὶ
977 1637 1206 1715 σύζυγος
1253 1638 1343 1693 καὶ
1393 1639 1444 1692 οἱ
1488 1636 1674 1697 παῖδες
1707 1639 1864 1710 ἀξιω-

215 1732 415 1800 θέντες,
467 1724 654 1786 ἔπειτα
728 1726 786 1784 δὲ
856 1727 947 1783 καί
1031 1733 1138 1782 τῶν
1210 1728 1371 1801 ἱερῶν
1435 1729 1862 1798 κοινωνήσαντες

221 1819 557 1894 μυστηρίων,
607 1814 791 1874 οἷ’καδε
857 1815 1142 1892 χαίροντες
1226 1814 1542 1890 ἐπανῄεσαν,
1617 1821 1695 1889 τῷ
1757 1823 1858 1885 τῆς

1975 663 2302 720 mercedem
2335 665 2406 721 ab
2436 666 2521 722 eis
2551 669 2801 739 postulat
2831 673 3126 746 pietatem,
3163 685 3220 734 et
3251 685 3316 736 ut
3355 698 3388 737 a
3424 684 3609 755 patrio

1972 767 2166 808 errore
2186 753 2576 824 discedentes,
2606 759 2677 814 ad
2719 763 3037 832 agnitionis
3069 769 3369 826 veritatem
3418 753 3614 830 trans-

1971 841 2255 912 fugerent.
2297 841 2457 904 Quod
2517 845 2749 914 quidem
2784 857 3052 922 prompto
3107 859 3166 910 et
3202 857 3376 912 alacri
3427 859 3612 916 animi

1971 929 2162 985 studio
2195 945 2257 985 sc
2286 929 2537 987 facturos
2564 932 2648 989 eis
2683 937 3112 1011 profitentibus,
3145 944 3438 1014 excipiens
3469 966 3607 1006 sau-

1971 1019 2099 1070 ctus
2129 1031 2143 1070 :
2189 1017 2254 1072 In
2286 1021 2522 1075 nomine
2549 1021 2691 1078 Jesu
2723 1024 2955 1095 Christi,
2989 1028 3200 1100 inquit,
3247 1034 3347 1103 qui
3379 1039 3610 1095 sanavit

1970 1104 2272 1162 mulierem
2322 1108 2605 1180 proﬂuvio
2662 1114 2969 1185 sanguinis
3026 1117 3405 1191 laborantem,
3466 1142 3614 1184 sana

1974 1198 2120 1285 esto,
2154 1195 2384 1265 mulier,
2410 1203 2466 1253 et
2486 1199 2731 1257 liberare
2750 1218 2786 1258 ε
2815 1205 3018 1262 morbo
3042 1223 3058 1274 ;
3089 1209 3398 1283 statimque
3417 1217 3611 1285 gravis

1975 1281 2074 1338 ille
2128 1285 2364 1341 morbus
2410 1287 2605 1354 verbo,
2638 1294 2914 1361 tanquam
2945 1294 3173 1366 ﬂagello
3231 1281 3448 1372 aliquo,
3503 1305 3612 1361 fuit.

1971 1372 2250 1443 expulsus
2282 1391 2294 1429 :
2331 1378 2387 1430 et
2415 1375 2678 1432 divinum
2711 1379 3070 1451 baptismum
3103 1389 3159 1442 et
3183 1389 3324 1458 ipse,
3356 1394 3414 1445 et
3443 1407 3610 1464 uxor,

1970 1467 2027 1518 et
2054 1461 2218 1520 liberi
2256 1464 2490 1521 fuerunt
2519 1469 2788 1526 assecuti.
2829 1470 3049 1530 Deinde
3087 1476 3266 1533 etiam
3298 1493 3430 1535 cum
3462 1461 3610 1538 luis?

1971 1554 2100 1606 sent
2122 1553 2428 1624 participes
2463 1562 2980 1630 sacramentorum,
3011 1562 3250 1620 domum
3284 1567 3397 1622 laeti
3429 1571 3613 1625 redie-

1975 1645 2132 1710 runt,
2166 1645 2227 1698 ut
2273 1643 2371 1713 qui
2425 1660 2552 1700 cum
2609 1647 2810 1702 morbo
2871 1650 3156 1722 mulieris,
3213 1655 3314 1725 qui
3371 1661 3493 1713 erat
3549 1659 3606 1714 in

1969 1731 2230 1801 thorace,
2263 1746 2380 1788 una
2429 1748 2663 1804 quoque
2693 1736 3086 1806 perdidissent
3117 1742 3386 1799 morbum
3432 1745 3610 1802 dece-

1975 1818 2209 1889 ptionis,
2243 1825 2298 1873 et
2326 1821 2576 1902 sanitate
2603 1822 2810 1878 animai
2842 1825 3090 1883 fuissent
3117 1827 3478 1902 locupietati.

210 1909 464 1987 γυναικὸς
531 1907 654 1982 περὶ
712 1907 804 1962 τὸν
832 1906 1051 1981 θώρακα
1078 1904 1235 1969 πάθει
1272 1909 1427 1980 κοινῇ
1457 1906 1519 1960 τὸ
1547 1912 1646 1976 τῆς
1678 1906 1889 1976 ἀπάτης
1930 1904 2146 1978 νόσημα
2187 1901 2676 1978 συναποϐαλόντες,
2707 1910 2797 1964 καὶ
2843 1914 2942 1982 τήν
2990 1921 3091 1984 τῆς
3147 1901 3332 1993 ψυχῆς
3389 1916 3614 1986 ἕκαστος

215 1999 398 2076 ὑγείαν
430 1999 857 2068 πλουτήσαντες.

288 2095 370 2153 Δ’,
412 2090 548 2147 Εἶτα
586 2088 676 2142 καὶ
717 2087 853 2164 γυνή
905 2106 988 2149 τις
1035 2085 1188 2162 ἑτέρα
1252 2085 1419 2142 πάλιν
1472 2085 1526 2141 έν
1593 2090 1662 2160 τῇ
1723 2088 1858 2160 πρὸς
1890 2087 1946 2154 Β

221 2181 438 2260 Δάφνην
487 2176 816 2254 ’Δντιοχείᾳ,
874 2174 926 2230 ἐν
994 2174 1161 2250 ἀρετῇ
1236 2181 1402 2246 ζῶσα,
1450 2177 1538 2232 καὶ
1622 2173 1858 2235 πολλοῖς

217 2269 526 2344 ἐπαρκοῦσα
580 2271 688 2322 τῶν
756 2263 1087 2339 πενομένων,
1127 2265 1286 2330 πάθει
1336 2265 1647 2340 περιπίπτει
1689 2261 1860 2339 χαλε-

217 2358 492 2430 πωτάτῳο
545 2352 864 2432 φαγέδαιναν
915 2357 1080 2408 τοῦτο
1142 2351 1331 2416 παῖδες
1396 2353 1598 2429 ἰατρῶν
1654 2354 1862 2427 ὀνομά-

219 2453 392 2517 ζουσι.
443 2443 654 2514 Μεταξὺ
713 2441 770 2497 δὲ
817 2439 919 2516 ἄρα
975 2446 1082 2495 τῶν
1147 2447 1364 2514 μαστῶν
1417 2442 1628 2522 ἐκφυὲν,
1673 2440 1862 2513 κύκλῳ

215 2535 283 2590 τὰ
327 2535 453 2608 περὶ
511 2532 704 2594 αὐτοὺς
758 2529 1100 2603 ἐλυμαίνετο.
1135 2531 1317 2602 Πάσης
1359 2533 1452 2586 οὖν
1506 2530 1684 2602 ἄλλης
1735 2533 1863 2586 Inco-

219 2627 421 2700 γνοῦσα
481 2621 572 2677 καί
640 2621 774 2692 αὐτη
836 2619 1144 2694 θεραπείας,
1198 2621 1432 2692 ὑπέξεισι
1489 2623 1696 2694 νύκτωρ
1762 2627 1860 2689 τῆς

219 2711 435 2774 πόλεως
469 2731 482 2744 ·
529 2710 762 2766 ἐλθοῦσά
809 2731 867 2766 τε
925 2708 1013 2765 διὰ
1043 2709 1377 2776 Σελευκείας,
1409 2709 1499 2765 καὶ
1535 2715 1652 2774 τοῖς
1693 2709 1866 2784 αῗγια-

222 2802 344 2863 λοῖς
402 2799 682 2867 ἐπιστᾶσα,
715 2801 913 2856 πλοίου
969 2801 1028 2855 τέ
1082 2821 1226 2860 τινος
1268 2794 1518 2867 ἐπιϐᾶσα,
1551 2797 1626 2859 είς
1695 2797 1866 2872 Αἰγὰς

223 2890 490 2963 καταίρει.
550 2889 654 2946 Καὶ
740 2889 1119 2962 προσελθοῦσα
1185 2889 1397 2960 θερμῶς
1452 2890 1532 2957 τῷ
1588 2884 1748 2960 ἁγίῳ,
1806 2885 1867 2938 τὸ

226 2976 399 3034 δεινὸν
457 2976 631 3034 έκεῖνο
696 2979 865 3039 πάθος
919 2973 1280 3044 ὑποδεικνύει,
1313 2973 1400 3028 καὶ
1448 2971 1616 3027 δεῖται
1672 2973 1866 3028 τούτου

225 3068 315 3123 καὶ
372 3065 596 3122 ἱκετεύει
655 3064 795 3122 ὥστε
849 3067 884 3136 ἢ
944 3065 997 3121 έν
1031 3063 1336 3144 ὀφθαλμοῖς
1402 3061 1692 3126 ἀποθανεῖν
1749 3067 1866 3123 τοῖς

225 3155 453 3225 ἐκείνου,
511 3157 601 3210 καὶ
666 3155 759 3210 σὺν
831 3156 990 3230 τάχει
1064 3154 1128 3208 τὸ
1177 3150 1533 3228 ὀφειλόμενον
1593 3149 1865 3224 ἀποτίσαι,

226 3248 262 3314 ἢ
295 3249 391 3300 τοῦ
447 3245 724 3313 πιέζοντος
777 3242 1167 3318 ἀπαλλαγῆναι
1215 3237 1419 3296 κακοῦ’
1468 3241 1722 3294 τοσοῦτον
1766 3241 1868 3315 γάρ

228 3335 332 3390 ὑπὸ
377 3339 474 3389 τοῦ
530 3334 732 3396 πάθους
777 3335 1064 3408 ἠνέγκατο,
1095 3333 1182 3387 καὶ
1243 3329 1598 3401 τηλικαύταις
1653 3326 1868 3392 ὀδύναις

2040 2085 2137 2141 IV.
2183 2085 2313 2144 Alia
2369 2103 2595 2160 quoque
2653 2091 2884 2162 mulier,
2928 2109 3056 2164 quas
3113 2096 3323 2154 virtute
3381 2100 3610 2157 vivebat

1970 2174 2311 2244 Antiochiae,
2331 2181 2388 2231 et
2416 2193 2585 2248 opem
2615 2179 2835 2236 ferebat
2857 2183 3062 2239 multis
3091 2185 3515 2257 indigentibus,
3548 2189 3610 2246 in

1972 2263 2240 2319 morbum
2285 2264 2494 2322 incidit
2525 2267 2959 2338 gravissimum.
3007 2274 3149 2328 Eum
3183 2275 3390 2332 medici
3423 2293 3618 2333 nomi-

1973 2358 2112 2406 nant
2141 2350 2575 2423 phagedanam.
2610 2356 2857 2412 Exortus
2883 2364 3078 2416 autem
3111 2361 3264 2418 inter
3294 2364 3610 2432 mamillae,

1972 2440 2234 2495 vastabat
2287 2441 2485 2496 omnia
2540 2442 2940 2502 circumcirca.
2985 2447 3228 2505 Omnem
3256 2466 3391 2523 ergo
3439 2452 3614 2508 aliam

1974 2527 2293 2599 desperans
2315 2529 2438 2599 ipsa
2461 2546 2692 2604 quoque
2713 2535 3096 2604 curationem,
3121 2540 3418 2610 egreditur
3439 2545 3612 2596 noctu

1975 2631 2007 2672 e
2035 2615 2263 2672 civitate
2295 2633 2308 2671 :
2343 2633 2592 2690 cumque
2638 2622 2894 2678 venisset
2924 2641 3025 2694 per
3079 2625 3426 2694 Seleuciam,
3457 2634 3515 2685 et
3541 2631 3612 2686 ad

1977 2705 2142 2760 littus
2168 2706 2532 2774 accessisset,
2565 2717 2617 2764 et
2649 2726 2854 2766 navem
2889 2715 3204 2783 quamdam
3237 2717 3614 2785 ascendisset,

1977 2791 2217 2862 appellit
2263 2799 2454 2865 Egas.
2525 2796 2589 2850 Et
2645 2799 2868 2854 ardenti
2930 2802 3124 2858 studio
3194 2805 3265 2859 ad
3343 2810 3609 2864 sanctum

1980 2880 2279 2946 accedens,
2338 2881 2389 2934 ei
2435 2883 2686 2938 ostendit
2741 2901 2969 2954 gravem
3019 2889 3177 2945 illam
3225 2889 3611 2961 aﬂ‘ectionem,

1980 2982 2230 3037 eumque
2257 2974 2494 3038 rogatet
2523 2971 2832 3042 supplicat,
2871 2983 2929 3030 ut
2958 2977 3046 3030 vel
3074 2986 3207 3034 ante
3239 2979 3395 3036 illius
3418 2983 3620 3040 oculos

1980 3054 2276 3122 moriatur,
2317 3060 2374 3111 et
2402 3057 2512 3112 cito
2543 3059 2796 3116 exsolvat
2826 3062 3086 3121 debitum
3122 3083 3136 3121 :
3168 3067 3257 3122 vel
3289 3068 3566 3126 liberetur
3590 3088 3623 3128 a

1980 3142 2155 3210 malo,
2188 3145 2344 3214 quod
2375 3160 2499 3202 eam
2538 3147 2766 3218 afﬂigit.
2822 3149 3057 3208 Morbus
3105 3155 3262 3212 enim
3311 3157 3362 3212 ei
3397 3165 3614 3214 tantam

1980 3232 2255 3288 aﬂerebat
2312 3235 2736 3306 necessitatem,
2801 3247 2855 3293 et
2923 3245 3155 3298 tantum
3217 3243 3495 3312 dolorem,
3556 3255 3619 3304 ut

1979 3321 2154 3377 etiam
2182 3327 2426 3378 mortem
2453 3329 2673 3396 peteret
2701 3327 2826 3384 loco
2856 3329 3142 3402 benelioii,
3165 3337 3222 3389 et
3240 3350 3305 3390 ea
3328 3336 3617 3394 videretur

229 3421 531 3501 συνείχετο,
563 3423 638 3484 ὡς
693 3422 782 3477 καὶ
832 3423 924 3477 τὸν
971 3422 1198 3476 θάνατον
1247 3419 1298 3473 ἐν
1346 3417 1654 3493 εὐεργεσίας
1702 3417 1866 3473 αἰτεῖ-

1979 3426 2109 3466 esse
2165 3409 2425 3468 liberatio
2474 3431 2506 3468 a
2564 3414 2754 3471 malis.
2824 3418 2966 3474 Cum
3036 3419 3087 3476 is
3158 3426 3349 3478 motus
3408 3425 3612 3481 fuisset

227 3523 350 3576 σθαι
399 3510 571 3587 μέρει,
616 3514 706 3566 καὶ
747 3516 940 3566 τοῦτον
977 3509 1111 3564 ἐῖναι
1161 3506 1342 3562 δοκεῖν
1390 3510 1498 3561 τῶν
1549 3505 1864 3562 λυπούντων

227 3599 560 3674 ἐλευθερίαν.
617 3600 796 3657 Ταῦτα
874 3603 970 3654 τοῦ
1030 3598 1190 3673 ἁγίου
1249 3592 1726 3668 δεδυσωπημένος,
1779 3597 1867 3651 καὶ

224 3693 292 3762 τῇ
333 3689 480 3765 χειρὶ
531 3689 596 3742 τὸ
639 3687 736 3742 τοῦ
795 3691 1027 3762 σταυροῦ
1085 3689 1314 3758 σημεῖον
1391 3683 1869 3751 ὑποτυπώσαντος,

229 3771 416 3830 ἔπειτα
446 3773 503 3830 δὲ
549 3776 639 3830 καὶ
669 3777 730 3830 τὸ
773 3779 871 3830 τοῦ
899 3776 1134 3847 Χριστοῦ
1178 3775 1320 3827 θεῖον
1349 3767 1525 3844 ὄνομα
1553 3770 1868 3848 ἐπιφθεγξα-

232 3866 430 3937 μένουί
467 3862 534 3938 (ὣ
592 3869 726 3920 Θεοῦ
785 3864 1103 3939 κριμάτωνί
1153 3859 1198 3916 ὣ
1254 3862 1570 3916 ἀνεικάστου
1629 3859 1868 3934 χρηστέ-

1978 3503 2236 3565 sanctus,
2270 3504 2325 3555 et
2355 3516 2530 3557 manu
2553 3503 2742 3559 crucis
2773 3505 3006 3578 signum
3040 3508 3286 3580 fecisset,
3319 3515 3376 3566 et
3405 3512 3611 3569 deinde

1977 3588 2241 3644 divinum
2264 3590 2478 3648 Christi
2506 3607 2720 3649 nomen
2743 3595 3066 3654 invocasset
3095 3600 3148 3669 (ο
3178 3599 3279 3656 Dei
3309 3601 3550 3670 judicia,
3579 3620 3611 3658 ο

1979 3676 2417 3749 benignitatem,
2453 3697 2580 3753 quas
2621 3682 2802 3740 nullis
2833 3689 3018 3754 potest
3047 3688 3237 3745 verbis
3257 3691 3538 3761 eXprimil
3573 3693 3610 3764 ),

1976 3766 2272 3839 rumpitur
2329 3768 2566 3840 quidem
2606 3772 2800 3827 statim
2846 3775 3102 3846 morbus,
3135 3777 3235 3848 qui
3265 3778 3456 3834 solum
3498 3779 3613 3835 im-

1976 3852 2154 3926 plevit
2203 3855 2367 3912 sanie
2399 3873 2413 3912 :
2456 3857 2701 3915 solvitur
2740 3867 2933 3918 autem
2967 3863 3174 3920 mulier
3203 3882 3237 3920 a
3287 3865 3612 3935 doloribus,

225 3955 475 4027 τητοςί)
525 3954 789 4029 ῥήγνυται
872 3953 966 4026 μὲν
1027 3951 1223 4016 εὐθέως
1288 3951 1352 4006 τὸ
1407 3953 1601 4020 πάθος,
1661 3950 1870 4025 ἰχῶρος

1974 3947 2030 3999 et
2060 3945 2369 4002 revertitur
2409 3963 2552 4003 sana
2579 3948 2969 4007 Antiochiam.

229 4041 530 4115 πληρῶσαν
561 4042 625 4096 τὸ
657 4037 876 4118 ἔδαφος,
907 4039 1094 4096 λύεται
1127 4037 1184 4095 δὲ
1220 4043 1328 4094 τῶν
1384 4035 1589 4093 ὀδυνῶν
1629 4040 1664 4108 ἡ
1705 4040 1866 4114 γυνή,

228 4129 478 4203 καὶπρὸς
505 4130 604 4198 τήν
638 4131 932 4204 Ἀντιόχου
967 4129 1124 4203 ὑγιής
1155 4126 1430 4198 ἐπανήκει.

299 4219 375 4274 E'.
408 4219 487 4275 Τὰ
545 4215 603 4273 δὲ
662 4217 797 4290 μετά
863 4221 1026 4271 ταῦτα
1085 4214 1326 4291 διωγμὸς
1382 4215 1516 4268 κατὰ
1564 4219 1664 4282 τῆς
1724 4213 1868 4268 εύσε-

229 4301 380 4367 ὄείας
448 4305 875 4377 Διοκλητιανοῦ,
906 4305 996 4359 καὶ
1057 4302 1234 4378 δόγμα
1289 4303 1418 4374 παρ’
1455 4302 1620 4356 αὐτοῦ
1667 4301 1865 4373 θεομά-

228 4413 362 4468 χου,
422 4395 511 4448 καὶ
586 4395 783 4458 Λυσίας
858 4400 956 4462 τῆς
1015 4391 1304 4465 ὠμότητος
1360 4389 1564 4445 ἐκείνου
1612 4389 1701 4444 καὶ
1766 4393 1865 4454 τῆς

229 4481 614 4556 ἀπανθρωπίας
679 4482 954 4557 ὑπηρέτης
1001 4481 1354 4555 θερμότατος.
1393 4481 1582 4540 ⁴Ὸστις
1629 4477 1694 4532 τά
1731 4480 1866 4532 κατὰ

225 4571 316 4626 τὸν
349 4574 490 4633 θεῖον
537 4571 724 4642 μαθὼν
771 4564 1054 4640 Ζηνόϐιον,
1082 4568 1170 4624 καὶ
1219 4568 1368 4632 ὅπως
1404 4563 1496 4622 ἕνα
1547 4567 1716 4640 μόνον
1763 4587 1866 4635 κη-

228 4666 404 4733 ρύττει
467 4659 614 4729 Θεὸν,
659 4659 748 4713 καὶ
786 4663 893 4713 τῶν
952 4657 1114 4712 αὑτοῦ
1161 4654 1390 4712 ἐντολῶν
1452 4675 1510 4710 τε
1556 4655 1647 4709 καὶ
1703 4652 1866 4724 θελη-

2044 4220 2105 4276 ν.
2135 4221 2268 4284 Que
2289 4226 2480 4276 autem
2515 4227 2641 4291 post
2672 4221 2790 4276 haec
2813 4227 3164 4294 sequuntur,
3192 4229 3335 4281 sunt
3391 4227 3612 4284 Diocle-

1971 4304 2117 4362 tiani
2166 4307 2492 4377 persecutio
2531 4309 2811 4365 adversus
2842 4310 3140 4380 pietatem,
3181 4321 3236 4368 et
3263 4313 3382 4369 Deo
3411 4315 3613 4372 inimi-

1969 4409 2105 4450 cum
2164 4394 2237 4450 ab
2277 4410 2342 4450 eo
2399 4395 2718 4465 profectum
2768 4397 3044 4464 edictum,
3078 4403 3139 4455 et
3195 4400 3392 4473 Lysias
3448 4403 3610 4460 illius

1969 4481 2197 4538 savitiaa
2228 4487 2285 4538 et
2331 4481 2775 4539 inhumanitatis
2816 4485 3084 4542 minister
3127 4489 3463 4546 acerrimus.
3497 4491 3608 4556 Qui

1969 4586 2104 4627 cum
2128 4571 2449 4642 accepisset
2477 4572 2739 4628 divinum
2760 4574 3075 4630 Zenobium
3096 4576 3409 4646 pradicare
3429 4595 3606 4635 unum

1970 4659 2162 4715 solum
2225 4661 2418 4726 Deum,
2480 4661 2724 4732 ejusque
2783 4667 3066 4734 praecepta
3132 4669 3190 4720 et
3244 4665 3604 4724 voluntatem

229 4745 412 4819 μᾶτων
505 4745 785 4820 ἐπιμελῶς
889 4747 1218 4821 περιέχεται,
1270 4747 1420 4807 ὅπως
1476 4765 1536 4799 τε
1571 4748 1641 4818 τῇ
1695 4740 1860 4799 αὑτοῦ

229 4835 244 4856 ἳ
356 4836 375 4856 Χ
412 4837 424 4856 Ι
610 4835 624 4856 Ι
870 4835 925 4856 νίν
1000 4835 1057 4856 κν
1155 4833 1241 4856 Ἱθκ
1340 4834 1501 4856 κεί-η,
1555 4833 1641 4856 _-_,‘
1726 4838 1858 4856 ,_‘,’-_-

1974 4749 2231 4804 studiose
2259 4752 2317 4804 et
2345 4749 2656 4821 diligenter
2685 4749 2975 4820 amplecti,
3005 4755 3064 4806 et
3091 4753 3214 4823 ejus
3244 4753 3607 4814 invocatione

224 4835 510 4905 ἐπικλήσει
567 4835 756 4898 νόσους
835 4835 1096 4911 εύχειρῶς
1155 4833 1273 4889 λύει
1329 4834 1524 4903 πάσας,
1553 4833 1644 4888 καὶ
1697 4838 1862 4912 χεῖρα

222 4928 339 4984 τοῖς
399 4921 676 4997 δεομένοις
743 4925 1010 4998 προτείνει
1079 4919 1322 4996 δαψιλῶς
1407 4918 1648 4995 ῥέουσαν,
1707 4921 1859 4983 εὐθὺς

225 5012 387 5068 αὐτὸν
446 5009 843 5087 συλλαμϐάνει,
868 5014 960 5068 καὶ
1027 5012 1357 5087 προκαθίσας
1397 5009 1486 5065 έπὶ
1536 5010 1702 5082 μέσης
1756 5017 1854 5080 τῆς

221 5100 462 5168 πόλεως,
518 5102 607 5157 καὶ
673 5103 765 5156 τὸν
838 5099 1002 5176 ἄνδρα
1057 5101 1191 5156 κατά
1261 5100 1554 5174 πρόσωπον
1610 5099 1854 5176 ἀγαγὼν,

221 5190 416 5247 Πολλά
449 5213 564 5265 μοι,
598 5193 754 5271 φησὶ,
784 5194 908 5266 περὶ
941 5195 1055 5261 σοῦ,
1087 5185 1334 5262 Ζηνόϐιε,
1365 5187 1630 5259 ἤκουσται
1661 5207 1674 5221 ⁸
1726 5188 1855 5244 ἀλλ’

218 5277 330 5357 ἒγὼ
381 5279 520 5354 μόνῃ
578 5281 846 5336 πιστεύειν
905 5280 1044 5354 ἀκοῇ
1107 5277 1308 5354 ῥᾳδίως
1366 5279 1470 5334 ούκ
1515 5277 1682 5353 ἔχων,
1716 5277 1854 5333 ὥστε

217 5368 307 5422 καὶ
353 5368 668 5446 ὀφθαλμοὺς
703 5371 976 5443 μάρτυρας
1023 5375 1249 5436 ποιῆσαι
1294 5370 1402 5421 τῶν
1459 5363 1851 5433 ἀκουσθέντων,

216 5456 306 5512 καὶ
341 5453 430 5511 ’ίνα
475 5456 537 5511 τὸ
598 5455 744 5512 πολὺ
792 5456 1000 5512 συνέλω
1045 5459 1146 5510 τοῦ
1200 5453 1395 5530 λόγου,
1427 5451 1523 5509 δύο
1564 5474 1647 5508 σοι
1684 5457 1852 5510 ταῦτα

213 5547 560 5620 προτιθεμαι,
615 5546 649 5614 ἢ
710 5553 991 5614 πεισθῆναι
1058 5547 1134 5615 τῷ
1198 5547 1302 5598 τῶν
1363 5543 1702 5618 κρατούντων
1757 5543 1849 5598 εύ-

212 5631 357 5691 σεϐεῖ
416 5632 764 5710 διατάγματι,
806 5637 893 5689 καὶ
951 5636 1104 5690 θῦσαι
1162 5635 1252 5687 σὺν
1314 5635 1448 5704 ἡμῖν
1508 5637 1620 5694 τοῖς
1682 5637 1845 5700 θεοῖς,

1972 4837 2208 4892 morbos
2257 4853 2459 4894 omnes
2490 4837 2657 4894 facile
2690 4837 2932 4906 solvere,
2964 4842 3022 4894 et
3077 4856 3316 4898 manum
3377 4843 3608 4901 abunde

1969 4925 2439 4997 suppeditantem
2492 4927 2786 4998 porrigere
2841 4928 3170 4998 egentibus,
3225 4945 3360 4986 eum
3410 4935 3606 4989 statim

1967 5014 2431 5085 comprehendit,
2461 5025 2513 5070 et
2543 5030 2678 5069 cum
2727 5015 2784 5070 in
2846 5015 3038 5070 media
3069 5018 3433 5087 praesedisset
3463 5019 3603 5074 civi-

1965 5106 2102 5172 tate,
2127 5107 2184 5158 et
2204 5119 2335 5158 eum
2359 5120 2552 5158 coram
2577 5104 2704 5175 ipso
2730 5108 2993 5160 curasset
3016 5104 3343 5160 sistendum
3371 5123 3384 5161 :
3418 5107 3604 5181 Saepe,

1965 5191 2174 5262 inquit,
2206 5208 2238 5248 ο
2267 5191 2500 5258 Zenobi,
2525 5209 2558 5247 a
2587 5207 2681 5248 me
2711 5193 2781 5247 de
2819 5199 2872 5247 te
2897 5199 2983 5248 est
3012 5194 3318 5248 auditum:
3345 5196 3445 5250 sed
3467 5212 3602 5252 cum

1964 5296 2078 5336 non
2108 5279 2270 5335 facile
2310 5296 2541 5351 possem
2575 5280 2681 5336 soli
2713 5281 2881 5338 fama:
2927 5283 3178 5350 credere,
3214 5287 3516 5354 propterea
3542 5290 3598 5342 te

1961 5369 2021 5422 in
2065 5384 2258 5426 meum
2319 5368 2530 5424 adduxi
2591 5375 2990 5440 conspectum,
3048 5378 3110 5425 ut
3167 5372 3342 5427 etiam
3400 5373 3602 5431 oculos

1959 5456 2232 5513 haberem
2264 5463 2440 5514 testes
2470 5475 2697 5525 eorum,
2745 5475 2874 5530 quae
2909 5459 3144 5516 audivi:
3177 5470 3253 5530 et,
3290 5465 3352 5516 ut
3398 5463 3598 5534 paucis

1959 5545 2277 5612 absolvam,
2303 5547 2422 5603 hac
2453 5547 2570 5604 duo
2601 5548 2707 5603 tibi
2739 5564 3016 5621 pr0pono,
3051 5552 3114 5604 ut
3142 5547 3229 5604 vel
3273 5565 3472 5621 pareas
3503 5553 3597 5622 pio

1928 5636 2141 5692 'edioto
2188 5636 2626 5708 imperatorum,
2687 5642 2744 5693 et
2791 5637 2905 5693 diis
2956 5637 3256 5714 nobiscum
3307 5639 3596 5697 sacriﬁcos

204 5713 236 5779 8
254 5744 353 5801 περ
409 5729 577 5798 τιμὴς
637 5713 844 5794 σε’τῆς
905 5723 1164 5799 μεγίστης
1224 5721 1526 5780 ἀπολαῦσαι
1583 5721 1997 5796 παρασκευάσει,
2031 5725 2116 5779 καὶ
2190 5722 2436 5780 πλούτου
2497 5723 2780 5801 δαψίλειαν
2837 5725 2893 5780 εῦ
2946 5713 3054 5789 ί⁷σθι
3112 5713 3200 5779 καὶ
3262 5724 3384 5802 βίου
3442 5725 3596 5801 λαμ-
