4128 6274
514 335 672 397 1315

1854 320 2141 384 MENSIS
2185 316 2569 381 OCTOBEB.

3764 312 3921 377 1316

515 495 671 569 quod
712 491 946 564 quidem
978 486 1213 553 efficiet,
1273 488 1338 540 ut
1374 488 1436 539 tu
1494 482 1818 539 maximum
1864 480 2145 569 honorem

2271 475 2525 550 τρότητα,
2583 474 2674 530 καὶ
2755 476 2970 553 ἀγαθῶν
3056 473 3243 569 ἀλλων
3293 470 3531 549 ἀμοιϐὰς
3586 476 3921 547 προξενήσει

518 568 876 654 assequeris,
898 580 957 633 et
977 590 1216 647 magnas
1247 587 1407 644 opes,
1430 575 1489 628 et
1518 571 1647 626 vitas
1676 568 2065 642 splendorem,
2099 570 2156 621 et

518 672 766 728 aliorum
812 668 1095 721 bonorum
1144 660 1643 717 remunerationes
1686 657 1792 713 tibi
1823 654 2152 711 conciliabit

516 763 647 834 (hoc
675 758 777 815 tibi
812 760 971 826 potes
1001 757 1159 809 certo
1189 750 1560 823 persuadere)
1594 765 1607 803 :
1640 747 1729 803 vel
1761 752 1825 801 ut
1856 744 2149 801 damneris

515 853 584 908 ad
620 851 842 922 plagas,
875 844 1129 910 vincula,
1161 842 1477 906 cruciatus,
1510 845 1566 895 et
1597 844 1803 894 caetera
1843 840 2151 892 tormenta.

515 944 768 1008 Quorum
802 936 1072 1007 quisnam
1105 939 1191 987 est
1219 931 1371 986 alius
1400 929 1554 991 ﬁnis,
1580 929 1692 983 nisi
1729 942 1882 981 mors
1914 924 2153 980 omnino

516 1027 855 1090 sevissima,
884 1031 940 1077 et
968 1020 1138 1092 plena
1169 1018 1422 1073 maximo
1455 1015 1651 1071 dolore
1680 1014 1707 1068 ‘I
1733 1014 1817 1069 Ad
1844 1012 1965 1067 haec
1995 1026 2158 1081 egre-

516 1116 650 1188 gius
680 1112 966 1168 Zenobius
1002 1126 1014 1162 :
1064 1108 1223 1175 Mihi,
1257 1105 1467 1176 inquit,
1504 1120 1655 1158 unus
1687 1109 1775 1158 est
1806 1118 1973 1156 verus
2006 1101 2157 1154 Deus

518 1206 695 1262 Jesus
724 1201 1007 1264 Christus,
1042 1198 1101 1252 in
1134 1213 1248 1268 quo
1278 1211 1382 1266 ego
1413 1194 1661 1259 confido,
1702 1209 1736 1247 a
1766 1207 1881 1259 quo
1912 1196 2001 1246 est
2028 1190 2156 1260 ipsa

522 1292 777 1350 essentia
825 1294 881 1345 et
934 1288 1072 1353 vita,
1104 1291 1161 1341 et
1190 1290 1424 1356 prepter
1475 1297 1650 1353 quem
1693 1285 1783 1336 est
1820 1278 1965 1334 mihi
2014 1278 2154 1334 mori

519 1383 747 1437 lucrum
783 1395 797 1433 :
860 1392 1046 1447 neque
1096 1373 1252 1429 enim
1286 1372 1605 1443 quidquam
1638 1386 1706 1425 ex
1761 1369 1857 1436 iis,
1890 1384 2019 1439 quae
2061 1367 2157 1422 hic

518 1475 657 1527 sunt
677 1467 945 1539 jucunda
972 1469 1027 1519 et
1058 1460 1442 1528 delectabilia,
1461 1464 1551 1514 est
1578 1458 1991 1515 conferendum
2023 1473 2156 1511 cum

515 1575 602 1624 ea,
625 1573 741 1626 qua
759 1559 851 1610 est
880 1552 1019 1621 illic,
1046 1549 1536 1606 remuneratione.
1562 1547 1953 1613 Quamobrem
1974 1562 2159 1602 savus

2265 585 2372 631 σοι,
2413 564 2449 633 ἣ
2513 564 2737 640 πληγὰς
2791 564 2879 618 καὶ
2940 559 3344 639 στρέϐλας,καί
3400 562 3667 640 βασάνους
3734 564 3923 637 ἑτέρας

2262 657 2677 729 κατακριθῆναι,
2726 655 2800 709 ὧν
2850 654 2903 709 τί
2966 656 3029 709 τὸ
3075 655 3234 716 τέλος
3290 654 3325 724 ἢ
3386 653 3634 729 χαλεπὸς
3698 654 3926 715 πάντως

2260 745 2351 798 καὶ
2400 742 2801 818 ὀδυνηρότατος
2846 744 3108 814 θάνατοςς
3166 744 3307 817 Πρὸς
3370 748 3540 798 ταῦτα
3588 744 3617 798 6
3666 750 3925 820 γενναῖος

2261 828 2542 902 Ζηνόϐιος,
2574 832 2735 905 Ἐμοὶ
2784 833 2914 895 Θεὸς
2964 835 3042 896 εἷς
3071 832 3331 903 ἀληθινὸς
3388 833 3417 886 6
3463 831 3663 905 Κύριος
3707 833 3925 902 Ἰησοῦς

2262 923 2495 996 Χριστός
2551 923 2718 991 ἐστιν,
2776 921 2902 1002 ἔφη,
2960 922 3041 997 ἐφ’
3101 923 3158 976 ὃν
3218 920 3329 997 ἐγὼ
3385 921 3644 994 πέποιθα,
3690 924 3834 993 παρ’
3865 924 3922 977 οὗ

2260 1013 2349 1065 καὶ
2380 1011 2510 1065 αὐτὸ
2541 1014 2601 1067 τὸ
2634 1011 2769 1066 εἶναί
2803 1033 2897 1085 μοι
2927 1012 3015 1066 καὶ
3064 1012 3126 1065 τὸ
3175 1016 3295 1085 ζῇν,
3321 1011 3413 1065 καὶ
3446 1008 3517 1065 δι’
3546 1012 3606 1066 ’ὀν
3667 1012 3812 1083 ἐμοὶ
3867 1015 3924 1065 τὸ

2263 1101 2546 1155 ἀποθανεῖν
2606 1098 2819 1172 κέρδος.
2853 1098 2989 1156 Οὐδὲ
3034 1103 3135 1174 γὰρ
3195 1096 3308 1154 ἔστι
3365 1121 3415 1155 τι
3473 1104 3581 1153 τῶν
3633 1097 3783 1174 τῇδε
3813 1120 3926 1174 τερ-

2263 1195 2409 1244 πνῶν
2466 1196 2566 1258 τῆς
2620 1190 2817 1254 ἐκεῖθεν
2867 1187 3191 1251 ἀντιδόσεως
3238 1189 3405 1262 ἄξιον.
3440 1191 3551 1266 Ἐιρ¹
3580 1192 3665 1250 οἷς
3703 1190 3736 1243 6
3782 1189 3925 1256 ἀπη-

2264 1280 2361 1347 νὴς
2416 1278 2616 1340 ἐκεῖνος
2672 1279 3062 1354 ἀγανακτήσας,
3116 1278 3431 1352 μετεωρίςει
3497 1279 3589 1334 τὸν
3648 1277 3922 1348 ἀθλητῆν

2265 1366 2353 1421 ἐπὶ
2394 1366 2579 1438 ξύλου,
2610 1367 2700 1423 καὶ
2758 1363 3022 1443 στρέϐλας
3055 1368 3221 1423 αὐτοῦ
3250 1368 3341 1422 καὶ
3400 1369 3665 1441 ξυστῆρας
3731 1366 3922 1441 ἐπάγει

2264 1456 2343 1527 τῷ
2401 1457 2660 1529 σώματι·
2720 1453 2951 1531 Ἵδωμεν
3007 1457 3053 1511 εἰ
3110 1458 3337 1533 Χριστὸς
3386 1450 3562 1527 ἔλθοι,
3617 1458 3921 1531 βοηθήσων

2268 1565 2435 1617 αυτῳ.

514 1646 852 1716 indignatus
875 1642 1089 1711 Lysias,
1114 1639 1365 1695 sublime
1396 1638 1455 1693 in
1496 1636 1650 1707 ligno
1690 1636 1840 1690 tollit
1868 1634 2169 1700 athletam,
2203 1638 2260 1689 et
2289 1639 2579 1691 tormenta
2618 1636 2794 1693 infert
2840 1637 2968 1707 ejus
3008 1636 3231 1708 corpori
3260 1652 3274 1692 :
3308 1635 3649 1704 Videamus,
3684 1636 3921 1702 dicens,

518 1753 589 1793 an
622 1735 890 1790 Christus
919 1731 992 1787 sit
1022 1738 1324 1795 venturus,
1356 1732 1422 1783 ut
1450 1728 1499 1783 ei
1532 1742 1698 1795 Opem
1731 1727 1895 1781 ferat.

589 1825 678 1878 VI.
703 1822 929 1877 Interea
948 1835 1082 1874 vero
1106 1833 1342 1874 currens
1359 1816 1646 1882 alicunde,
1666 1814 1821 1869 venit
1837 1814 1906 1869 ad
1928 1814 2162 1869 eumZe-

2342 1814 2406 1875 ς’.
2448 1816 2677 1870 Ἔπειτα
2720 1812 2843 1883 ἥκει
2893 1811 3175 1887 δρομαίως
3224 1814 3384 1869 ποθὲν
3440 1816 3475 1883 ἡ
3533 1812 3753 1894 ἀδελφὴ
3826 1818 3925 1883 Ζη-

521 1912 695 1969 nobia
708 1926 872 1965 soror
883 1909 1031 1979 ejus.
1048 1910 1182 1973 Quae
1204 1923 1334 1961 cum
1350 1922 1482 1961 eum
1498 1905 1815 1975 aspexisset
1836 1903 1895 1958 in
1910 1902 2087 1973 ligno,
2102 1907 2158 1957 et

2271 1896 2438 1969 νοϐία,
2469 1902 2557 1957 καὶ
2614 1907 2807 1958 τοῦτον
2852 1901 2939 1957 ἐπὶ
2986 1907 3084 1958 τοῦ
3114 1901 3277 1975 ξύλου
3308 1901 3634 1975 θεασαμένη,
3681 1884 3921 1976 θάρσους

511 2001 600 2058 vel
615 2000 818 2069 exipso
834 1995 1166 2067 spectaculo
1183 1994 1395 2066 repleta
1410 1991 1946 2058 fuissetaudacia,et
1959 1992 2007 2045 si
2023 1992 2160 2062 quid

515 2096 597 2145 est
615 2087 806 2153 molle,
834 2092 931 2141 aut
957 2082 1837 2150 imbecillum,autmuliebre,id
1865 2087 2043 2135 totum
2060 2080 2159 2134 ab-

507 2179 761 2251 jecisset,
778 2181 834 2231 et
857 2192 917 2231 se
938 2190 1064 2230 vere
1084 2189 1210 2229 esse
1231 2175 1357 2243 ejus
1371 2188 1625 2227 sororem
1642 2170 1999 2226 ostendisset
2021 2187 2035 2237 ;
2054 2169 2162 2224 Su-

516 2266 710 2339 perbe,
734 2264 946 2335 inquit,
964 2268 1227 2332 tyranne,
1245 2262 1521 2332 quidnam
1547 2258 1782 2314 sceleris
1804 2258 2040 2313 admisit
2059 2258 2162 2313 fra-

517 2361 625 2423 ter,
642 2354 794 2426 quod
811 2364 869 2408 tu
894 2368 1028 2407 eum
1052 2352 1135 2406 sic
1150 2358 1385 2421 torques
1400 2350 1428 2404 ‘I
1452 2349 1550 2405 ille
1566 2356 1758 2404 autem
1773 2352 1827 2414 (ο
1842 2348 2158 2414 sinistram,

518 2452 571 2500 et
585 2444 933 2506 dolosam,et
950 2440 1291 2495 illiberalem
1306 2438 1649 2508 animam)ad
1662 2436 1917 2492 mulieris
1932 2436 2160 2492 dicendi

519 2532 839 2588 libertatem
883 2528 1274 2601 placidissime
1304 2528 1604 2599 respondit
1636 2531 1692 2581 et
1733 2525 2056 2591 lenissime,
2098 2529 2161 2580 ut

519 2627 577 2678 et
606 2622 662 2675 in
687 2636 839 2685 eam,
873 2624 1073 2689 utpote
1106 2618 1406 2685 feminam,
1438 2632 1498 2671 se
1529 2615 1763 2670 blandis
1796 2615 1983 2670 verbis
2012 2615 2159 2669 insi-

521 2715 749 2775 nuaret,
773 2713 829 2763 et
876 2709 1177 2762 induceret
1234 2711 1298 2759 ut
1356 2703 1839 2759 imbecilliorem:
1889 2702 2159 2758 Sacrifica

517 2801 702 2867 enim,
738 2797 948 2870 inquit,
970 2796 1217 2852 Zenobia
1239 2800 1303 2849 tu
1329 2810 1560 2865 quoque
1581 2794 1717 2861 diis,
1742 2808 1845 2848 nec
1867 2792 2160 2847 sustineas

520 2890 715 2946 videre
763 2887 1013 2959 speciem
1043 2902 1110 2940 ao
1157 2884 1411 2955 vigorem
1446 2888 1503 2938 et
1545 2882 1743 2937 ﬂorem
1776 2882 1864 2936 tui
1905 2881 2161 2952 corporis

521 2975 931 3033 miserabiliter
960 2972 1167 3028 multis
1196 2988 1263 3027 ac
1284 2971 1457 3027 variis
1488 2972 1639 3025 tradi
1666 2969 1997 3041 suppliciis:
2024 2986 2162 3041 quo-

517 3081 671 3130 rum,
712 3081 744 3119 ο
786 3062 1012 3129 mulier,
1045 3062 1295 3116 dedecus
1325 3065 1412 3114 est
1443 3059 1612 3128 longe
1643 3058 1767 3129 ipso
1808 3058 2002 3113 dolore
2031 3075 2158 3130 gra-

517 3155 671 3210 vius.
705 3152 813 3207 Illa
855 3156 1052 3207 autem
1093 3147 1267 3204 simul
1300 3164 1432 3203 cum
1467 3149 1643 3203 fratre
1674 3148 1831 3218 loqui
1872 3147 2160 3216 incipiens

2268 2010 2323 2044 τε
2380 1991 2470 2044 καὶ
2529 1992 2616 2045 ἀπ’
2649 1991 2816 2061 αὐτῆς
2873 1999 2973 2061 τῆς
3025 1992 3146 2056 θέας
3195 1990 3627 2062 ὑποπλησθεῖσα,
3658 1992 3758 2047 καὶ
3819 1997 3921 2046 πᾶν

2270 2077 2316 2132 εἴ
2372 2100 2424 2134 τι
2486 2078 2726 2152 μαλακὸν
2756 2082 2791 2150 ἢ
2824 2081 3042 2145 ἀσθευὲς
3092 2082 3127 2153 ἢ
3176 2086 3477 2155 γυναικεῖον
3537 2076 3919 2148 ἀποϐαλοῦσα,

2268 2169 2357 2222 καὶ
2390 2168 2612 2239 ἀληθῶς
2645 2168 2729 2225 ὅτι
2774 2170 3031 2225 τοιούτου
3070 2170 3133 2238 ἦν
3171 2168 3362 2245 ἀνδρὸς
3408 2168 3617 2247 ἀδελφὴ
3677 2169 3921 2240 δείξασα,

2271 2254 2534 2326 ’Λλαζὼν,
2579 2256 2705 2335 ἔφη,
2757 2259 3001 2333 τύραννε,
3049 2258 3169 2313 τίνα
3206 2259 3467 2329 τοιαύτην
3545 2258 3916 2333 ἐργασάμενον

2269 2346 2493 2402 ἀτοπίαν
2554 2347 2783 2417 αἱκίζεις
2851 2349 2943 2403 τὸν
3003 2345 3273 2427 ἀδελφόν;
3320 2349 3381 2405 Ὀ
3442 2346 3520 2416 δὲ,
3574 2346 3642 2419 (ὢ
3727 2351 3919 2406 nati;

2271 2440 2458 2510 ψυχῆς
2494 2436 2584 2490 καὶ
2619 2433 2847 2509 δολερᾶς
2886 2438 2976 2492 καὶ
3016 2436 3372 2511 ἀνελευθέρου
3393 2438 3427 2510 ί)
3460 2437 3593 2508 πρὸς
3643 2439 3915 2506 τηλικαύ-

2266 2544 2367 2593 την
2399 2524 2657 2598 γυναικὸς
2701 2523 3005 2599 παρῥησίαν
3058 2526 3176 2598 μεθ’
3209 2524 3341 2595 ὅσης
3386 2523 3741 2596 ὁμαλότητος
3786 2523 3915 2577 ἀπο-

2268 2615 2530 2685 κρίνεται,
2561 2612 2654 2667 ’ίνα
2680 2615 2769 2667 καὶ
2802 2615 2876 2675 ὡς
2927 2613 3070 2682 θῆλυ
3118 2612 3297 2689 κλέψῃ
3347 2614 3434 2668 καὶ
3486 2613 3558 2675 ὡς
3608 2611 3915 2671 ἀσθενὲστε,

2268 2721 2357 2775 ρον
2451 2700 2721 2773 μαλακοῖς
2807 2703 3043 2775 ῥήμασιν
3117 2703 3491 2780 ἐπαγάγηταιί
3545 2706 3716 2757 Θῦσον
3792 2700 3911 2775 γὰρ,

2268 2791 2423 2869 φησὶ,
2466 2788 2725 2862 Ζηνοϐία,
2756 2792 2851 2847 κᾶν
2901 2794 3037 2865 αὐτὴ
3091 2800 3209 2856 τοῖς
3252 2800 3414 2861 θεοῖς,
3447 2793 3537 2847 καὶ
3591 2794 3668 2865 μὴ
3723 2794 3912 2864 σώμα-

2266 2901 2360 2944 τος
2416 2881 2618 2936 οἰκείου
2678 2882 2965 2956 εὐγένειαν,
2997 2884 3086 2938 καὶ
3144 2884 3323 2957 ἀκμήν
3378 2880 3544 2953 ὥρας,
3601 2883 3694 2936 καὶ
3759 2879 3915 2943 ἔνθος

2268 2966 2523 3038 νεότητος
2583 2966 2713 3023 ἰδεῖν
2763 2967 3008 3031 ἐλεεινῶς
3057 2969 3266 3043 ἀνάσχῃ
3325 2965 3701 3043 πολυτρόποις
3766 2967 3910 3022 αἰκι-

2271 3063 2432 3128 σμοῖς
2488 3055 2827 3132 ἐκδιδόμενα,
2886 3061 2960 3114 ὧν
3024 3055 3205 3128 πολὺς
3244 3059 3423 3133 γύναι,
3456 3066 3557 3127 τῆς
3614 3056 3817 3126 ὀδύνης
3874 3059 3905 3123 ἡ

2269 3146 2497 3222 αἰσχύνη
2527 3148 2841 3223 βαρύτερον.
2872 3150 2935 3205 Ἠ
2967 3145 3158 3218 δὶ,τοῦ
3208 3145 3375 3222 λόγου
3426 3147 3518 3203 σὺν
3561 3152 3639 3218 τῷ
3689 3144 3908 3221 ἀδελφῷ

514 3240 695 3298 veluti
736 3256 851 3296 uno
892 3238 1143 3309 quodam
1175 3244 1330 3292 motu
1364 3235 1544 3291 animi
1576 3244 1629 3291 et
1661 3252 1947 3292 consensu
1990 3252 2003 3289 :
2035 3236 2158 3290 Non

2271 3231 2666 3307 ἐπιλαϐομένη,
2698 3238 2937 3311 καθάπερ
2999 3238 3082 3313 ὑφ’
3115 3238 3192 3291 ἐνὶ
3254 3241 3440 3311 ψυχῆς
3481 3238 3768 3308 κινήματι,
3820 3232 3904 3288 καί

523 3330 714 3395 nobis,
774 3329 1058 3392 dixerunt,
1112 3326 1513 3396 persuadebis,
1574 3341 1605 3379 ο
1661 3329 1921 3396 tyranne,
1974 3324 2157 3379 Deum

522 3434 725 3474 verum
751 3421 807 3472 et
835 3417 1025 3470 vivum
1062 3422 1389 3485 permutare
1419 3430 1550 3469 cum
1583 3412 1916 3468 simulacris
1948 3418 2162 3467 morta-

525 3509 671 3564 lium
726 3504 1051 3572 hominum,
1086 3518 1191 3558 nec
1230 3502 1279 3557 si
1311 3504 1432 3557 fieri
1483 3502 1714 3573 quidem
1757 3504 1972 3573 posset,
2004 3506 2067 3555 ut
2097 3506 2159 3556 tu

531 3592 989 3652 innumerabiles
1030 3592 1195 3647 nobis
1222 3597 1441 3647 mortes
1488 3592 1746 3656 afferres,
1778 3594 1836 3646 et
1864 3606 1979 3645 non
2012 3591 2162 3645 hanc

530 3699 727 3750 unam,
758 3698 885 3754 qua
913 3680 1078 3736 nobis
1098 3680 1184 3736 vel
1213 3681 1286 3736 ab
1306 3680 1436 3751 ipsa
1466 3684 1672 3735 natura
1691 3679 1930 3735 debetur
1960 3694 2159 3735 neces-

527 3772 700 3831 sario.
752 3771 881 3827 Haec
928 3786 1065 3841 ergo
1125 3786 1255 3825 cum
1288 3769 1591 3833 dixissent,
1648 3773 1932 3840 martyres
1962 3768 2155 3823 statim

526 3861 660 3919 lecti
691 3860 990 3931 excipiunt
1037 3858 1226 3925 ferrei,
1264 3862 1320 3913 et
1349 3858 1500 3927 ignis
1556 3858 1667 3912 sub
1707 3858 1869 3913 lectis
1898 3857 2159 3912 accendi-

526 3959 638 4007 tur.
672 3948 889 4005 Aderat
917 3950 1111 4003 autem
1145 3946 1339 4020 Lysias
1378 3962 1610 4018 quoque
1641 3947 1965 4001 acclamans
1998 3961 2011 3999 :
2048 3949 2155 3998 Ve-

525 4039 651 4095 niat
686 4038 967 4104 Christus,
999 4040 1055 4091 et
1084 4052 1252 4108 opem
1287 4036 1431 4092 ferat
1469 4034 1562 4100 iis,
1594 4034 1695 4106 qui
1746 4050 1848 4105 pro
1894 4034 2021 4105 ipso
2054 4050 2158 4105 pa-

524 4128 767 4185 tiuntur.
790 4126 1076 4182 Zenobius
1111 4131 1301 4180 autem
1338 4125 1386 4179 ei
1412 4124 1653 4180 honeste
1673 4123 1843 4179 dixit:
1871 4124 1949 4179 En
1970 4125 2155 4190 adest,

525 4231 699 4274 suum
731 4230 920 4271 rorem
955 4214 1217 4285 praebens
1248 4213 1415 4269 nobis
1436 4214 1806 4281 medicinam,
1840 4212 2064 4269 etiamsi
2100 4222 2156 4269 tu

521 4306 634 4362 hoc
662 4321 778 4360 non
810 4303 1003 4375 possis
1032 4302 1249 4368 videre,
1282 4318 1415 4357 cum
1455 4303 1539 4358 sis
1569 4303 1969 4359 circumdatus
2002 4310 2160 4359 tanta

523 4392 771 4464 caligine
796 4392 1134 4463 impietatis.

592 4481 716 4537 VII.
748 4482 1053 4553 Tyrannus
1083 4495 1219 4551 ergo
1251 4495 1383 4534 cum
1416 4479 1633 4536 videret
1661 4495 1759 4537 eos
1806 4484 1919 4537 tam
1948 4497 2156 4551 magno

522 4574 583 4627 et
609 4573 728 4624 tam
753 4568 883 4623 forti
910 4567 1105 4622 animo
1137 4565 1427 4637 praeditos,
1452 4568 1511 4622 in
1559 4568 1866 4638 presentia
1920 4568 2154 4640 quidem

522 4672 752 4716 cessare
782 4654 920 4711 facit
948 4670 1147 4710 eorum
1179 4652 1517 4722 cruciatum,
1543 4655 1716 4711 simul
1748 4657 1983 4727 quidem
2015 4662 2070 4713 et
2084 4659 2155 4713 ad

525 4763 765 4804 sensum
823 4744 1037 4801 doloris
1068 4759 1202 4800 eum
1234 4758 1599 4815 nequaquam
1649 4746 1914 4803 suificere
1960 4748 2159 4803 existi-

524 4851 712 4901 mans,
759 4838 815 4891 et
863 4849 968 4905 spe
1015 4833 1264 4903 quadam
1323 4832 1435 4889 sibi
1487 4831 1796 4890 blandiens
1854 4836 1974 4892 fore
2032 4842 2093 4891 ut
2120 4836 2158 4891 ii

524 4923 1009 4996 persuadeantur,
1059 4926 1116 4978 et
1146 4926 1575 4991 convertantur,
1622 4938 1727 4977 nec
1759 4929 2031 4994 perpetuo
2088 4926 2165 4981 ita

524 5014 634 5069 sibi
682 5010 825 5068 nihil
860 5015 1117 5083 parcant.
1169 5012 1312 5066 Cum
1354 5012 1548 5083 itaque
1577 5028 1607 5069 e
1636 5012 1797 5068 lectis
1833 5012 2035 5069 ferreis
2065 5029 2162 5070 eos

522 5101 751 5159 fecisset
780 5115 1017 5172 surgere
1044 5116 1057 5155 :
1087 5099 1301 5168 Vestri,
1332 5099 1544 5171 inquit,
1578 5102 1751 5157 modo
1782 5102 2161 5171 miseremini,

526 5205 711 5260 neque
741 5189 819 5245 sit
848 5192 995 5244 alter
1013 5188 1179 5245 alteri
1210 5188 1455 5245 invicem
1497 5195 1769 5261 aspectus
1791 5190 2163 5259 miserabilis,

524 5278 703 5332 frater
730 5281 864 5333 ante
894 5277 1093 5333 oculos
1120 5277 1336 5335 sororis
1375 5278 1648 5335 atrociter
1686 5278 2044 5334 interfectus.
2076 5278 2163 5334 Illi

526 5368 721 5421 autem
748 5364 1009 5422 moribus
1028 5369 1083 5420 et
1112 5364 1326 5421 animis
1357 5366 1543 5439 magis
1574 5367 1803 5435 fratres,
1835 5382 2009 5438 quam
2044 5382 2165 5423 cor-

525 5451 767 5524 poribus
803 5470 817 5509 :
868 5452 1022 5521 Tibi,
1055 5454 1345 5524 dixerunt,
1396 5472 1427 5512 o
1450 5456 1654 5526 judex,
1696 5456 1887 5528 potius
1915 5454 2165 5512 consuli-

527 5554 683 5611 mus,
707 5545 772 5595 ut
802 5545 913 5597 tua;
938 5541 1149 5598 anima
1170 5543 1423 5618 aliquam
1455 5560 1647 5601 curam
1668 5560 1857 5616 geras,
1875 5548 1933 5600 et
1960 5544 2165 5601 timeas

530 5627 770 5697 quidem
807 5628 1158 5700 gehennam,
1190 5634 1355 5704 cujus
1374 5633 1532 5689 mina
1562 5631 1668 5689 tibi
1699 5632 2081 5704 intentantur,
2114 5636 2169 5689 et

2272 3327 2680 3396 παραστήματι,
2714 3327 2792 3382 Οὐ
2852 3326 3072 3395 πείσεις,
3116 3326 3290 3395 εἶπον,
3347 3329 3517 3397 ἡμᾶς,
3564 3327 3609 3379 ὦ
3667 3325 3906 3400 τύραννε,

2272 3416 2404 3466 Θεοῦ
2472 3417 2673 3481 ζῶντος
2729 3412 2996 3483 ἀληθινοῦ
3050 3412 3249 3469 εἴδωλα
3324 3416 3530 3484 θνητῶν
3608 3412 3906 3489 ἀνθρώπων

2270 3500 2597 3574 ἀλλάξασθαι
2657 3500 2770 3557 οὐδ’
2809 3502 2869 3557 ἂν
2925 3505 2969 3557 εἰ
3028 3504 3117 3558 καὶ
3179 3503 3404 3578 μυρίους
3432 3524 3515 3558 σοι
3557 3500 3785 3559 δυνατὸν
3843 3500 3905 3568 ἦν

2269 3594 2403 3663 ἡμῖν
2446 3594 2703 3655 θανάτους
2748 3596 3060 3669 ὶἐπαγαγεῖν,
3101 3592 3247 3649 ἀλλά
3293 3595 3369 3666 μή
3425 3594 3517 3648 τὸν
3566 3589 3660 3648 ἵνα
3718 3596 3903 3647 τοῦτον

2269 3680 2414 3741 ὅστις
2446 3681 2535 3735 καὶ
2567 3682 2692 3754 παρ’
2725 3682 2891 3751 αὐτῆς
2948 3685 3083 3753 ἡμῖν
3145 3682 3355 3759 φύσεως
3403 3683 3709 3755 ἀναγκαίως
3770 3680 3907 3755 ὀφεί-

2269 3768 2442 3827 λεται.
2500 3772 2679 3826 Ταῦτα
2759 3775 3039 3845 τοιγανοῦν
3135 3770 3421 3845 εἰρηκότας
3513 3769 3698 3825 κλῖναι
3781 3768 3902 3827 τοὺς

2270 3859 2542 3932 μάρτυρας
2592 3860 2749 3923 εὐθὺς
2808 3858 3165 3936 ὑποδέχονται
3227 3857 3469 3935 σιδηραῖ,
3500 3860 3591 3915 καὶ
3638 3865 3752 3934 πῦρ
3808 3859 3903 3913 ὑπὸ

2265 3954 2382 4008 ταῖς
2443 3946 2657 4009 κλίναις
2715 3949 3027 4004 ἀνάπτεται.
3063 3955 3246 4023 Παρῆν
3304 3945 3361 4003 δὲ
3407 3950 3495 4003 καὶ
3540 3948 3745 4011 Λυσίας
3798 3948 3899 4002 ἐπι-

2264 4041 2500 4117 φωνῶν·
2556 4036 2796 4100 Ἐλθέτω
2863 4038 3121 4113 Χριστὸς,
3194 4038 3526 4112 βοηθησάτω
3584 4043 3706 4100 τοῖς
3778 4036 3902 4106 ὑπὲρ

2267 4126 2429 4181 αὐτοῦ
2485 4124 2775 4199 πάσχουσι.
2810 4126 2909 4179 Καὶ
2941 4126 2969 4179 6
2998 4120 3263 4195 Ζηνόϐιος
3324 4125 3583 4199 εὐκόσμῳ
3634 4130 3717 4197 τῷ
3762 4127 3898 4193 ἤθει,

2268 4219 2547 4290 Πάρεστιν,
2588 4210 2792 4290 ἔλεγεν,
2842 4212 3106 4284 ἰδοὺ,τῆν
3150 4217 3276 4288 παρ’
3311 4215 3476 4269 αὐτοῦ
3530 4212 3724 4288 δρόσον
3772 4212 3902 4284 ’ἴαμα

2266 4307 2523 4384 παρέχων
2577 4308 2737 4380 ἡμῖν,
2782 4304 2830 4359 εἶ
2886 4304 2977 4360 καὶ
3039 4304 3101 4359 σὺ
3156 4308 3348 4360 τοῦτον
3407 4303 3505 4360 οὐκ
3562 4302 3711 4379 ἔχεις
3760 4306 3899 4378 ὁρᾷν.

2266 4397 2535 4463 τοσαύτην
2563 4390 2809 4457 ἀσεϐείας
2842 4391 3018 4469 ἀχλὺν
3050 4395 3446 4469 περικείμενος.

2338 4486 2403 4539 Z'.
2433 4484 2495 4540 '0
2545 4487 2673 4556 γοῦν
2730 4484 3006 4558 τύραννος,
3060 4482 3234 4543 οὕτως
3290 4483 3485 4545 αὐτοὺς
3545 4484 3689 4557 ὁρῶν
3749 4478 3899 4553 εὐψύ-

2269 4594 2387 4652 χως
2433 4573 2523 4626 καὶ
2562 4576 2895 4647 καρτερικῶς
2946 4567 3194 4648 ἔχοντας,
3222 4570 3413 4642 ’ίστησι
3460 4570 3661 4641 ταύτην
3712 4571 3774 4626 τὸ
3815 4586 3899 4622 πα·

2269 4664 2364 4738 ρὸν
2409 4666 2527 4723 τοῖς
2570 4659 2827 4735 γενναίοις
2872 4662 2971 4730 τήν
3017 4659 3307 4735 τιμωρίαν,
3340 4661 3480 4733 ὁμοῦ
3541 4660 3636 4731 μὲν
3666 4659 3775 4733 οὐχ
3797 4658 3900 4710 ἱκα-

2268 4751 2361 4818 νὴν
2395 4748 2558 4817 αὐτὴν
2590 4746 2665 4810 εἷς
2693 4745 2892 4818 ὀδύνης
2923 4746 3175 4818 ατίσθησιν
3223 4745 3546 4822 δριμυτέρας
3592 4740 3897 4809 ὑπολαϐὼν,

2274 4841 2416 4912 ὁμοῦ
2461 4836 2517 4892 δὲ
2564 4836 2652 4891 καί
2690 4857 2828 4892 τισιν
2875 4835 3085 4892 ἐλπίσιν
3134 4836 3322 4891 ἐαυτὸν
3374 4835 3675 4890 ὑποσαίνων
3708 4834 3785 4896 ὡς
3811 4833 3901 4904 ἄρα

2273 4928 2658 4997 πεισθήσονται
2716 4926 2803 4981 γαὶ
2875 4920 3264 5001 μεταϐαλοῦσι,
3312 4924 3403 4979 καὶ
3461 4922 3569 4998 υύχ
3624 4923 3771 4978 οὕτω
3823 4917 3902 4975 διὰ

2272 5015 2465 5077 τέλους
2498 5017 2700 5071 ἑαυτῶν
2730 5014 3108 5093 ἅφειδήσουσι.
3143 5014 3362 5088 Ἀμέλει
3391 5014 3481 5068 καὶ
3527 5016 3634 5068 τῶν
3670 5011 3898 5085 σιδηρῶν

2276 5105 2495 5160 ἐκείνων
2551 5104 2753 5161 κλινῶν
2815 5105 3008 5167 αὐτοὺς
3074 5104 3399 5174 ἀναστήσας,
3451 5102 3769 5176 Οἷκτείρατε
3813 5096 3899 5154 κᾶν

2275 5193 2397 5268 ἄρτι
2455 5194 2698 5264 ἑαυτοὺς,
2732 5195 2886 5271 φησὶ,
2917 5188 3110 5248 λάϐετὲ
3163 5213 3282 5248 τινα
3337 5196 3484 5268 σφῶν
3524 5192 3705 5247 αὐτῶν
3735 5189 3895 5255 ἔλεον,

2279 5280 2419 5355 μηδὲ
2468 5277 2594 5355 ὄψις
2663 5280 2938 5353 ἀλλήλοις
3010 5281 3198 5355 οἶκτρὰ
3274 5279 3519 5357 γένησθε,
3570 5276 3804 5358 ἀδελφὸς
3853 5276 3897 5333 ἐν

2275 5370 2585 5447 ὀφθαλμοῖς
2633 5368 2870 5447 ἀδελφοῦ
2944 5369 3205 5449 χαλεπῶς
3260 5368 3665 5444 ἀναιρούμενος.
3720 5368 3791 5427 Οἱ
3848 5364 3897 5420 δὲ

2272 5459 2364 5513 τὸν
2394 5459 2599 5532 τρόπον
2628 5458 2823 5514 ἐκεῖνοι
2859 5457 3072 5532 μᾶλλον
3116 5455 3340 5535 ἀδελφοὶ
3387 5457 3478 5513 καὶ
3520 5455 3616 5521 τὰς
3661 5454 3893 5536 ψυχᾶςῆ

2273 5545 2342 5600 τά
2373 5545 2621 5620 σώματα,
2654 5547 2752 5601 Σοὶ
2795 5544 3028 5620 μᾶλλον,
3070 5546 3116 5602 ὧ
3154 5542 3396 5611 δικαστά,
3438 5538 3893 5617 συμϐουλεύομεν,

2277 5630 2450 5701 εἶπον,
2483 5633 2664 5688 θέσθαι
2712 5634 2827 5689 τινὰ
2867 5634 2955 5688 καὶ
3003 5642 3102 5704 τῆς
3162 5637 3356 5689 σαυτοῦ
3392 5635 3572 5708 ψυχῆς
3630 5632 3895 5708 πρόνοιᾶν,
