  <div class='ocr_page' id='page_1' title='image "/cluster/home/n/w/nwhite01/storage/ocr_20150623/115/mdp.39015028574336/683.png"; bbox 0 0 4128 6274; ppageno 0'>
   <div class='ocr_carea' id='block_1_1' title="bbox 480 388 633 449">
    <p class='ocr_par' dir='ltr' id='par_1_1' title="bbox 480 388 633 449">
     <span class='ocr_line' id='line_1_1' title="bbox 480 388 633 449; baseline -0.02 0"><span class='ocrx_word' id='word_1_1' title='bbox 480 388 633 449; x_wconf 83' lang='grc'><strong>1319</strong></span> 
     </span>
    </p>
   </div>
   <div class='ocr_carea' id='block_1_2' title="bbox 1804 370 2521 436">
    <p class='ocr_par' dir='ltr' id='par_1_2' title="bbox 1804 370 2521 436">
     <span class='ocr_line' id='line_1_2' title="bbox 1804 370 2521 436; baseline -0.01 0"><span class='ocrx_word' id='word_1_2' title='bbox 1804 372 2092 436; x_wconf 87' lang='lat' dir='ltr'><strong>MENSIS</strong></span> <span class='ocrx_word' id='word_1_3' title='bbox 2136 370 2521 434; x_wconf 82' lang='lat' dir='ltr'><strong>OCTOBER.</strong></span> 
     </span>
    </p>
   </div>
   <div class='ocr_carea' id='block_1_3' title="bbox 3714 365 3888 426">
    <p class='ocr_par' dir='ltr' id='par_1_3' title="bbox 3714 365 3888 426">
     <span class='ocr_line' id='line_1_3' title="bbox 3714 365 3888 426; baseline 0 0"><span class='ocrx_word' id='word_1_4' title='bbox 3714 365 3888 426; x_wconf 85' lang='grc'><strong>1320</strong></span> 
     </span>
    </p>
   </div>
   <div class='ocr_carea' id='block_1_4' title="bbox 478 529 3288 571">
    <p class='ocr_par' dir='ltr' id='par_1_4' title="bbox 478 529 3288 571">
     <span class='ocr_line' id='line_1_4' title="bbox 478 529 3288 571; baseline 0 -20"><span class='ocrx_word' id='word_1_5' title='bbox 478 529 3288 571; x_wconf 73' lang='lat'><strong>_______________________________._____.</strong></span> 
     </span>
    </p>
   </div>
   <div class='ocr_carea' id='block_1_5' title="bbox 1813 666 2542 765">
    <p class='ocr_par' dir='ltr' id='par_1_5' title="bbox 1813 666 2542 765">
     <span class='ocr_line' id='line_1_5' title="bbox 1813 666 2542 765; baseline -0.007 0"><span class='ocrx_word' id='word_1_6' title='bbox 1813 666 2542 765; x_wconf 85' lang='grc' dir='ltr'><strong>ΜΑΡΤΥΡΙΟΝ</strong></span> 
     </span>
    </p>
   </div>
   <div class='ocr_carea' id='block_1_6' title="bbox 632 887 3726 1030">
    <p class='ocr_par' dir='ltr' id='par_1_6' title="bbox 632 887 3726 1030">
     <span class='ocr_line' id='line_1_6' title="bbox 632 887 3726 1030; baseline -0.005 0"><span class='ocrx_word' id='word_1_7' title='bbox 632 901 976 1030; x_wconf 85' lang='grc' dir='ltr'><strong>ΤΟΥ</strong></span> <span class='ocrx_word' id='word_1_8' title='bbox 1072 898 1598 1027; x_wconf 85' lang='grc' dir='ltr'>ΑΓΙΟΥ</span> <span class='ocrx_word' id='word_1_9' title='bbox 1697 892 2644 1022; x_wconf 82' lang='grc' dir='ltr'><strong>ΜΑΡΤΥΡΟΣ</strong></span> <span class='ocrx_word' id='word_1_10' title='bbox 2744 887 3726 1018; x_wconf 83' lang='grc' dir='ltr'><strong>ΕΠΙΜΑΧΟΥ.</strong></span> 
     </span>
    </p>
   </div>
   <div class='ocr_carea' id='block_1_7' title="bbox 1832 1289 2527 1379">
    <p class='ocr_par' dir='ltr' id='par_1_7' title="bbox 1832 1289 2527 1379">
     <span class='ocr_line' id='line_1_7' title="bbox 1832 1289 2527 1379; baseline -0.006 0"><span class='ocrx_word' id='word_1_11' title='bbox 1832 1289 2527 1379; x_wconf 75' lang='lat' dir='ltr'><strong>MARTYRIUM</strong></span> 
     </span>
    </p>
   </div>
   <div class='ocr_carea' id='block_1_8' title="bbox 704 1488 3636 1662">
    <p class='ocr_par' dir='ltr' id='par_1_8' title="bbox 704 1488 3636 1662">
     <span class='ocr_line' id='line_1_8' title="bbox 704 1488 3636 1662; baseline -0.004 -1"><span class='ocrx_word' id='word_1_12' title='bbox 704 1496 1417 1662; x_wconf 81' lang='lat' dir='ltr'><strong>SANCTI</strong></span> <span class='ocrx_word' id='word_1_13' title='bbox 1496 1492 2523 1658; x_wconf 81' lang='lat' dir='ltr'><strong>MARTYRIS</strong></span> <span class='ocrx_word' id='word_1_14' title='bbox 2603 1488 3636 1654; x_wconf 82' lang='lat' dir='ltr'><strong>EPIMACHI.</strong></span> 
     </span>
    </p>
   </div>
   <div class='ocr_carea' id='block_1_9' title="bbox 1284 1748 3077 1819">
    <p class='ocr_par' dir='ltr' id='par_1_9' title="bbox 1284 1748 3077 1819">
     <span class='ocr_line' id='line_1_9' title="bbox 1284 1748 3077 1819; baseline -0.003 -15"><span class='ocrx_word' id='word_1_15' title='bbox 1284 1756 1406 1819; x_wconf 81' lang='lat' dir='ltr'><strong>(Ap.</strong></span> <span class='ocrx_word' id='word_1_16' title='bbox 1439 1754 1656 1805; x_wconf 88' lang='lat' dir='ltr'><strong>Surium</strong></span> <span class='ocrx_word' id='word_1_17' title='bbox 1689 1753 1756 1804; x_wconf 92' lang='lat' dir='ltr'><strong>ad</strong></span> <span class='ocrx_word' id='word_1_18' title='bbox 1777 1754 1917 1804; x_wconf 92' lang='lat' dir='ltr'><strong>diem</strong></span> <span class='ocrx_word' id='word_1_19' title='bbox 1936 1754 1995 1802; x_wconf 86' lang='grc'><strong>31</strong></span> <span class='ocrx_word' id='word_1_20' title='bbox 2025 1753 2294 1810; x_wconf 76' lang='lat' dir='ltr'><strong>Octobris;</strong></span> <span class='ocrx_word' id='word_1_21' title='bbox 2316 1752 2499 1802; x_wconf 77' lang='lat' dir='ltr'><strong>Graece</strong></span> <span class='ocrx_word' id='word_1_22' title='bbox 2530 1764 2593 1802; x_wconf 82' lang='lat' dir='ltr'><strong>ex</strong></span> <span class='ocrx_word' id='word_1_23' title='bbox 2623 1751 2740 1803; x_wconf 89' lang='lat' dir='ltr'><strong>cod.</strong></span> <span class='ocrx_word' id='word_1_24' title='bbox 2781 1764 2881 1800; x_wconf 87' lang='lat' dir='ltr'><strong>ms.</strong></span> <span class='ocrx_word' id='word_1_25' title='bbox 2918 1748 3077 1811; x_wconf 72' lang='grc'><strong>1484.)</strong></span> 
     </span>
    </p>
   </div>
   <div class='ocr_carea' id='block_1_10' title="bbox 556 2103 2113 2188">
    <p class='ocr_par' dir='ltr' id='par_1_10' title="bbox 556 2114 2113 2188">
     <span class='ocr_line' id='line_1_10' title="bbox 556 2114 2113 2188; baseline -0.003 -15"><span class='ocrx_word' id='word_1_26' title='bbox 556 2120 599 2173; x_wconf 93' lang='grc' dir='ltr'><strong>Ι.</strong></span> <span class='ocrx_word' id='word_1_27' title='bbox 632 2114 783 2172; x_wconf 88' lang='lat' dir='ltr'><strong>Olim</strong></span> <span class='ocrx_word' id='word_1_28' title='bbox 818 2116 1076 2187; x_wconf 85' lang='lat' dir='ltr'><strong>profecto</strong></span> <span class='ocrx_word' id='word_1_29' title='bbox 1109 2115 1430 2188; x_wconf 81' lang='lat' dir='ltr'><strong>impietatis</strong></span> <span class='ocrx_word' id='word_1_30' title='bbox 1460 2115 1645 2186; x_wconf 89' lang='lat' dir='ltr'><strong>caligo</strong></span> <span class='ocrx_word' id='word_1_31' title='bbox 1679 2131 1781 2187; x_wconf 91' lang='lat' dir='ltr'><strong>per</strong></span> <span class='ocrx_word' id='word_1_32' title='bbox 1811 2118 1995 2170; x_wconf 89' lang='lat' dir='ltr'><strong>totum</strong></span> <span class='ocrx_word' id='word_1_33' title='bbox 2026 2130 2113 2170; x_wconf 92' lang='lat' dir='ltr'><strong>or-</strong></span> 
     </span>
    </p>
   </div>
   <div class='ocr_carea' id='block_1_11' title="bbox 2225 2103 3873 2188">
    <p class='ocr_par' dir='ltr' id='par_1_11' title="bbox 2303 2103 3873 2185">
     <span class='ocr_line' id='line_1_11' title="bbox 2303 2103 3873 2185; baseline -0.007 -14"><span class='ocrx_word' id='word_1_34' title='bbox 2303 2115 2382 2171; x_wconf 80' lang='lat' dir='ltr'><strong>A&#39;.</strong></span> <span class='ocrx_word' id='word_1_35' title='bbox 2415 2118 2578 2185; x_wconf 68' lang='grc' dir='ltr'>’Ἄρτι</span> <span class='ocrx_word' id='word_1_36' title='bbox 2621 2111 2714 2185; x_wconf 77' lang='grc' dir='ltr'>μὶν</span> <span class='ocrx_word' id='word_1_37' title='bbox 2765 2112 2800 2180; x_wconf 73' lang='grc' dir='ltr'><strong>ἡ</strong></span> <span class='ocrx_word' id='word_1_38' title='bbox 2861 2116 2962 2179; x_wconf 82' lang='grc' dir='ltr'><strong>τῆς</strong></span> <span class='ocrx_word' id='word_1_39' title='bbox 3018 2103 3289 2170; x_wconf 78' lang='grc' dir='ltr'>εὐσεϐείας</span> <span class='ocrx_word' id='word_1_40' title='bbox 3320 2106 3497 2183; x_wconf 80' lang='grc' dir='ltr'>ἂχλὺς</span> <span class='ocrx_word' id='word_1_41' title='bbox 3553 2108 3648 2162; x_wconf 77' lang='grc' dir='ltr'><strong>ἀνὰ</strong></span> <span class='ocrx_word' id='word_1_42' title='bbox 3693 2110 3873 2161; x_wconf 77' lang='grc' dir='ltr'>πᾶσαν</span> 
     </span>
    </p>
   </div>
   <div class='ocr_carea' id='block_1_12' title="bbox 484 2203 2115 2275">
    <p class='ocr_par' dir='ltr' id='par_1_12' title="bbox 484 2203 2115 2275">
     <span class='ocr_line' id='line_1_12' title="bbox 484 2203 2115 2275; baseline -0.001 -16"><span class='ocrx_word' id='word_1_43' title='bbox 484 2204 615 2260; x_wconf 85' lang='lat' dir='ltr'><strong>bern</strong></span> <span class='ocrx_word' id='word_1_44' title='bbox 648 2209 934 2260; x_wconf 87' lang='lat' dir='ltr'><strong>terrarum</strong></span> <span class='ocrx_word' id='word_1_45' title='bbox 967 2205 1178 2258; x_wconf 79' lang='lat' dir='ltr'><strong>diffusa</strong></span> <span class='ocrx_word' id='word_1_46' title='bbox 1203 2210 1343 2271; x_wconf 88' lang='lat' dir='ltr'><strong>erat,</strong></span> <span class='ocrx_word' id='word_1_47' title='bbox 1368 2204 1751 2275; x_wconf 85' lang='lat' dir='ltr'><strong>hominesque</strong></span> <span class='ocrx_word' id='word_1_48' title='bbox 1777 2203 2027 2258; x_wconf 80' lang='lat' dir='ltr'><strong>universi</strong></span> <span class='ocrx_word' id='word_1_49' title='bbox 2046 2203 2115 2258; x_wconf 87' lang='lat' dir='ltr'><strong>ad</strong></span> 
     </span>
    </p>
   </div>
   <div class='ocr_carea' id='block_1_13' title="bbox 487 2292 2126 2365">
    <p class='ocr_par' dir='ltr' id='par_1_13' title="bbox 487 2292 2126 2365">
     <span class='ocr_line' id='line_1_13' title="bbox 487 2292 2126 2365; baseline -0.002 -15"><span class='ocrx_word' id='word_1_50' title='bbox 487 2294 836 2350; x_wconf 85' lang='lat' dir='ltr'><strong>sacriﬁcium</strong></span> <span class='ocrx_word' id='word_1_51' title='bbox 869 2292 977 2347; x_wconf 89' lang='lat' dir='ltr'><strong>diis</strong></span> <span class='ocrx_word' id='word_1_52' title='bbox 999 2293 1361 2349; x_wconf 73' lang='lat' dir='ltr'><strong>offerendum</strong></span> <span class='ocrx_word' id='word_1_53' title='bbox 1395 2293 1913 2363; x_wconf 78' lang='lat' dir='ltr'><strong>compellabantur,</strong></span> <span class='ocrx_word' id='word_1_54' title='bbox 1946 2293 2126 2365; x_wconf 87' lang='lat' dir='ltr'><strong>impe-</strong></span> 
     </span>
    </p>
   </div>
   <div class='ocr_carea' id='block_1_14' title="bbox 487 2382 2122 2453">
    <p class='ocr_par' dir='ltr' id='par_1_14' title="bbox 487 2382 2122 2453">
     <span class='ocr_line' id='line_1_14' title="bbox 487 2382 2122 2453; baseline 0.001 -17"><span class='ocrx_word' id='word_1_55' title='bbox 487 2382 743 2436; x_wconf 89' lang='lat' dir='ltr'><strong>rantium</strong></span> <span class='ocrx_word' id='word_1_56' title='bbox 778 2382 985 2451; x_wconf 88' lang='lat' dir='ltr'><strong>minas,</strong></span> <span class='ocrx_word' id='word_1_57' title='bbox 1020 2392 1074 2437; x_wconf 88' lang='lat' dir='ltr'><strong>et</strong></span> <span class='ocrx_word' id='word_1_58' title='bbox 1108 2382 1393 2452; x_wconf 87' lang='lat' dir='ltr'><strong>judicium</strong></span> <span class='ocrx_word' id='word_1_59' title='bbox 1434 2382 1713 2437; x_wconf 68' lang='lat' dir='ltr'><strong>saevitiam</strong></span> <span class='ocrx_word' id='word_1_60' title='bbox 1743 2386 1915 2453; x_wconf 89' lang='lat' dir='ltr'><strong>atque</strong></span> <span class='ocrx_word' id='word_1_61' title='bbox 1949 2383 2122 2452; x_wconf 84' lang='lat' dir='ltr'><strong>impe-</strong></span> 
     </span>
    </p>
   </div>
   <div class='ocr_carea' id='block_1_15' title="bbox 485 2470 2121 2543">
    <p class='ocr_par' dir='ltr' id='par_1_15' title="bbox 485 2470 2121 2543">
     <span class='ocr_line' id='line_1_15' title="bbox 485 2470 2121 2543; baseline 0.001 -18"><span class='ocrx_word' id='word_1_62' title='bbox 485 2474 611 2525; x_wconf 90' lang='lat' dir='ltr'><strong>tum</strong></span> <span class='ocrx_word' id='word_1_63' title='bbox 646 2470 1042 2526; x_wconf 83' lang='lat' dir='ltr'><strong>formidantes.</strong></span> <span class='ocrx_word' id='word_1_64' title='bbox 1076 2472 1459 2537; x_wconf 81' lang='lat' dir='ltr'><strong>Quamobrem</strong></span> <span class='ocrx_word' id='word_1_65' title='bbox 1494 2476 1702 2527; x_wconf 87' lang='lat' dir='ltr'><strong>natura</strong></span> <span class='ocrx_word' id='word_1_66' title='bbox 1732 2474 1985 2543; x_wconf 85' lang='lat' dir='ltr'><strong>seipsam</strong></span> <span class='ocrx_word' id='word_1_67' title='bbox 2022 2473 2121 2526; x_wconf 89' lang='lat' dir='ltr'><strong>de-</strong></span> 
     </span>
    </p>
   </div>
   <div class='ocr_carea' id='block_1_16' title="bbox 486 2558 2121 2630">
    <p class='ocr_par' dir='ltr' id='par_1_16' title="bbox 486 2558 2121 2630">
     <span class='ocr_line' id='line_1_16' title="bbox 486 2558 2121 2630; baseline -0.001 -16"><span class='ocrx_word' id='word_1_68' title='bbox 486 2558 734 2629; x_wconf 79' lang='lat' dir='ltr'><strong>negabat</strong></span> <span class='ocrx_word' id='word_1_69' title='bbox 769 2568 948 2615; x_wconf 89' lang='lat' dir='ltr'><strong>:tunc</strong></span> <span class='ocrx_word' id='word_1_70' title='bbox 978 2560 1131 2615; x_wconf 90' lang='lat' dir='ltr'><strong>enim</strong></span> <span class='ocrx_word' id='word_1_71' title='bbox 1182 2562 1548 2630; x_wconf 83' lang='lat' dir='ltr'><strong>cognationis</strong></span> <span class='ocrx_word' id='word_1_72' title='bbox 1596 2562 1730 2630; x_wconf 85' lang='lat' dir='ltr'><strong>jura</strong></span> <span class='ocrx_word' id='word_1_73' title='bbox 1779 2559 2121 2617; x_wconf 87' lang='lat' dir='ltr'><strong>conculcata</strong></span> 
     </span>
    </p>
   </div>
   <div class='ocr_carea' id='block_1_17' title="bbox 486 2647 2119 2714">
    <p class='ocr_par' dir='ltr' id='par_1_17' title="bbox 486 2647 2119 2714">
     <span class='ocr_line' id='line_1_17' title="bbox 486 2647 2119 2714; baseline 0 -13"><span class='ocrx_word' id='word_1_74' title='bbox 486 2647 725 2701; x_wconf 91' lang='lat' dir='ltr'><strong>omnino</strong></span> <span class='ocrx_word' id='word_1_75' title='bbox 776 2648 1198 2702; x_wconf 89' lang='lat' dir='ltr'><strong>evertebantur.</strong></span> <span class='ocrx_word' id='word_1_76' title='bbox 1250 2649 1579 2714; x_wconf 81' lang='lat' dir='ltr'><strong>Quinetiam</strong></span> <span class='ocrx_word' id='word_1_77' title='bbox 1631 2648 1838 2704; x_wconf 85' lang='lat' dir='ltr'><strong>veteris</strong></span> <span class='ocrx_word' id='word_1_78' title='bbox 1872 2648 2119 2702; x_wconf 89' lang='lat' dir='ltr'><strong>benevo-</strong></span> 
     </span>
    </p>
   </div>
   <div class='ocr_carea' id='block_1_18' title="bbox 484 2734 1933 2804">
    <p class='ocr_par' dir='ltr' id='par_1_18' title="bbox 484 2734 1933 2804">
     <span class='ocr_line' id='line_1_18' title="bbox 484 2734 1933 2804; baseline -0.001 -16"><span class='ocrx_word' id='word_1_79' title='bbox 484 2734 674 2789; x_wconf 63' lang='lat' dir='ltr'><strong>lentia</strong></span> <span class='ocrx_word' id='word_1_80' title='bbox 696 2734 1025 2804; x_wconf 85' lang='lat' dir='ltr'><strong>conjunctio</strong></span> <span class='ocrx_word' id='word_1_81' title='bbox 1058 2736 1115 2789; x_wconf 87' lang='lat' dir='ltr'><strong>in</strong></span> <span class='ocrx_word' id='word_1_82' title='bbox 1148 2734 1449 2789; x_wconf 91' lang='lat' dir='ltr'><strong>dissidium</strong></span> <span class='ocrx_word' id='word_1_83' title='bbox 1482 2736 1933 2790; x_wconf 83' lang='lat' dir='ltr'><strong>convertebatur.</strong></span> 
     </span>
    </p>
   </div>
   <div class='ocr_carea' id='block_1_19' title="bbox 557 2822 2115 2893">
    <p class='ocr_par' dir='ltr' id='par_1_19' title="bbox 557 2822 2115 2893">
     <span class='ocr_line' id='line_1_19' title="bbox 557 2822 2115 2893; baseline 0.001 -17"><span class='ocrx_word' id='word_1_84' title='bbox 557 2823 782 2878; x_wconf 83' lang='lat' dir='ltr'><strong>Interea</strong></span> <span class='ocrx_word' id='word_1_85' title='bbox 801 2839 928 2877; x_wconf 87' lang='lat' dir='ltr'><strong>vero</strong></span> <span class='ocrx_word' id='word_1_86' title='bbox 952 2827 1234 2893; x_wconf 89' lang='lat' dir='ltr'><strong>tanquam</strong></span> <span class='ocrx_word' id='word_1_87' title='bbox 1257 2822 1424 2877; x_wconf 87' lang='lat' dir='ltr'><strong>stella</strong></span> <span class='ocrx_word' id='word_1_88' title='bbox 1446 2825 1707 2893; x_wconf 66' lang='lat' dir='ltr'><strong>quaedam</strong></span> <span class='ocrx_word' id='word_1_89' title='bbox 1730 2823 1881 2878; x_wconf 82' lang='lat' dir='ltr'><strong>inter</strong></span> <span class='ocrx_word' id='word_1_90' title='bbox 1901 2823 2115 2877; x_wconf 87' lang='lat' dir='ltr'><strong>Christi</strong></span> 
     </span>
    </p>
   </div>
   <div class='ocr_carea' id='block_1_20' title="bbox 486 2910 2117 2983">
    <p class='ocr_par' dir='ltr' id='par_1_20' title="bbox 486 2910 2117 2983">
     <span class='ocr_line' id='line_1_20' title="bbox 486 2910 2117 2983; baseline 0.001 -18"><span class='ocrx_word' id='word_1_91' title='bbox 486 2910 701 2965; x_wconf 86' lang='lat' dir='ltr'><strong>milites</strong></span> <span class='ocrx_word' id='word_1_92' title='bbox 742 2926 989 2983; x_wconf 89' lang='lat' dir='ltr'><strong>magnus</strong></span> <span class='ocrx_word' id='word_1_93' title='bbox 1035 2911 1347 2983; x_wconf 78' lang='lat' dir='ltr'><strong>etInlgebat</strong></span> <span class='ocrx_word' id='word_1_94' title='bbox 1400 2911 1769 2982; x_wconf 89' lang='lat' dir='ltr'><strong>Epimachus,</strong></span> <span class='ocrx_word' id='word_1_95' title='bbox 1813 2911 1911 2982; x_wconf 90' lang='lat' dir='ltr'><strong>qui</strong></span> <span class='ocrx_word' id='word_1_96' title='bbox 1957 2911 2117 2967; x_wconf 84' lang='lat' dir='ltr'><strong>vivus</strong></span> 
     </span>
    </p>
   </div>
   <div class='ocr_carea' id='block_1_21' title="bbox 485 2998 2119 3071">
    <p class='ocr_par' dir='ltr' id='par_1_21' title="bbox 485 2998 2119 3071">
     <span class='ocr_line' id='line_1_21' title="bbox 485 2998 2119 3071; baseline 0.001 -19"><span class='ocrx_word' id='word_1_97' title='bbox 485 2998 721 3069; x_wconf 86' lang='lat' dir='ltr'><strong>quidem</strong></span> <span class='ocrx_word' id='word_1_98' title='bbox 748 2999 988 3071; x_wconf 67' lang='lat' dir='ltr'><strong>Egypto</strong></span> <span class='ocrx_word' id='word_1_99' title='bbox 1020 3002 1249 3054; x_wconf 87' lang='lat' dir='ltr'><strong>tantum</strong></span> <span class='ocrx_word' id='word_1_100' title='bbox 1292 3000 1559 3071; x_wconf 90' lang='lat' dir='ltr'><strong>cognitus</strong></span> <span class='ocrx_word' id='word_1_101' title='bbox 1590 3000 1714 3065; x_wconf 87' lang='lat' dir='ltr'><strong>fuit,</strong></span> <span class='ocrx_word' id='word_1_102' title='bbox 1748 3004 1877 3069; x_wconf 87' lang='lat' dir='ltr'><strong>post</strong></span> <span class='ocrx_word' id='word_1_103' title='bbox 1907 3003 2119 3071; x_wconf 85' lang='lat' dir='ltr'><strong>marty-</strong></span> 
     </span>
    </p>
   </div>
   <div class='ocr_carea' id='block_1_22' title="bbox 485 3087 2117 3143">
    <p class='ocr_par' dir='ltr' id='par_1_22' title="bbox 485 3087 2117 3143">
     <span class='ocr_line' id='line_1_22' title="bbox 485 3087 2117 3143; baseline 0.002 -3"><span class='ocrx_word' id='word_1_104' title='bbox 485 3087 637 3140; x_wconf 90' lang='lat' dir='ltr'><strong>rium</strong></span> <span class='ocrx_word' id='word_1_105' title='bbox 680 3090 874 3142; x_wconf 83' lang='lat' dir='ltr'><strong>autem</strong></span> <span class='ocrx_word' id='word_1_106' title='bbox 929 3087 1034 3141; x_wconf 88' lang='lat' dir='ltr'><strong>toti</strong></span> <span class='ocrx_word' id='word_1_107' title='bbox 1086 3088 1300 3141; x_wconf 91' lang='lat' dir='ltr'><strong>mundo</strong></span> <span class='ocrx_word' id='word_1_108' title='bbox 1332 3088 1515 3142; x_wconf 88' lang='lat' dir='ltr'><strong>evasit</strong></span> <span class='ocrx_word' id='word_1_109' title='bbox 1558 3088 1914 3143; x_wconf 89' lang='lat' dir='ltr'><strong>manifestus.</strong></span> <span class='ocrx_word' id='word_1_110' title='bbox 1976 3089 2117 3143; x_wconf 89' lang='lat' dir='ltr'><strong>Eum</strong></span> 
     </span>
    </p>
   </div>
   <div class='ocr_carea' id='block_1_23' title="bbox 484 3175 2116 3247">
    <p class='ocr_par' dir='ltr' id='par_1_23' title="bbox 484 3175 2116 3247">
     <span class='ocr_line' id='line_1_23' title="bbox 484 3175 2116 3247; baseline 0.003 -19"><span class='ocrx_word' id='word_1_111' title='bbox 484 3175 640 3229; x_wconf 87' lang='lat' dir='ltr'><strong>enim</strong></span> <span class='ocrx_word' id='word_1_112' title='bbox 672 3178 813 3230; x_wconf 89' lang='lat' dir='ltr'><strong>tunc</strong></span> <span class='ocrx_word' id='word_1_113' title='bbox 841 3176 1139 3247; x_wconf 67' lang='lat' dir='ltr'><strong>Egyptus,</strong></span> <span class='ocrx_word' id='word_1_114' title='bbox 1171 3175 1642 3231; x_wconf 88' lang='lat' dir='ltr'><strong>velutlucernam</strong></span> <span class='ocrx_word' id='word_1_115' title='bbox 1663 3178 1971 3247; x_wconf 88' lang='lat' dir='ltr'><strong>quamdam</strong></span> <span class='ocrx_word' id='word_1_116' title='bbox 2007 3178 2116 3233; x_wconf 93' lang='lat' dir='ltr'><strong>sub</strong></span> 
     </span>
    </p>
   </div>
   <div class='ocr_carea' id='block_1_24' title="bbox 484 3262 2117 3337">
    <p class='ocr_par' dir='ltr' id='par_1_24' title="bbox 484 3262 2117 3337">
     <span class='ocr_line' id='line_1_24' title="bbox 484 3262 2117 3337; baseline 0.003 -20"><span class='ocrx_word' id='word_1_117' title='bbox 484 3262 678 3319; x_wconf 91' lang='lat' dir='ltr'><strong>modio</strong></span> <span class='ocrx_word' id='word_1_118' title='bbox 736 3262 1034 3332; x_wconf 89' lang='lat' dir='ltr'><strong>latentem,</strong></span> <span class='ocrx_word' id='word_1_119' title='bbox 1068 3263 1416 3319; x_wconf 89' lang='lat' dir='ltr'><strong>occultabat.</strong></span> <span class='ocrx_word' id='word_1_120' title='bbox 1458 3267 1592 3321; x_wconf 87' lang='lat' dir='ltr'><strong>Nam</strong></span> <span class='ocrx_word' id='word_1_121' title='bbox 1626 3266 1783 3336; x_wconf 90' lang='lat' dir='ltr'><strong>regio</strong></span> <span class='ocrx_word' id='word_1_122' title='bbox 1841 3266 1959 3335; x_wconf 84' lang='lat' dir='ltr'><strong>illa,</strong></span> <span class='ocrx_word' id='word_1_123' title='bbox 1992 3269 2117 3337; x_wconf 88' lang='lat' dir='ltr'><strong>ejus</strong></span> 
     </span>
    </p>
   </div>
   <div class='ocr_carea' id='block_1_25' title="bbox 482 3349 2119 3424">
    <p class='ocr_par' dir='ltr' id='par_1_25' title="bbox 482 3349 2119 3424">
     <span class='ocr_line' id='line_1_25' title="bbox 482 3349 2119 3424; baseline 0.002 -19"><span class='ocrx_word' id='word_1_124' title='bbox 482 3349 589 3405; x_wconf 91' lang='lat' dir='ltr'><strong>viri</strong></span> <span class='ocrx_word' id='word_1_125' title='bbox 620 3352 985 3408; x_wconf 87' lang='lat' dir='ltr'><strong>educationis</strong></span> <span class='ocrx_word' id='word_1_126' title='bbox 1034 3358 1206 3424; x_wconf 89' lang='lat' dir='ltr'><strong>atque</strong></span> <span class='ocrx_word' id='word_1_127' title='bbox 1246 3353 1479 3423; x_wconf 67' lang='lat' dir='ltr'><strong>optime</strong></span> <span class='ocrx_word' id='word_1_128' title='bbox 1520 3354 1909 3410; x_wconf 80' lang='lat' dir='ltr'><strong>institutionis</strong></span> <span class='ocrx_word' id='word_1_129' title='bbox 1939 3355 2119 3424; x_wconf 91' lang='lat' dir='ltr'><strong>parti-</strong></span> 
     </span>
    </p>
   </div>
   <div class='ocr_carea' id='block_1_26' title="bbox 484 3440 2115 3514">
    <p class='ocr_par' dir='ltr' id='par_1_26' title="bbox 484 3440 2115 3514">
     <span class='ocr_line' id='line_1_26' title="bbox 484 3440 2115 3514; baseline 0.001 -18"><span class='ocrx_word' id='word_1_130' title='bbox 484 3456 619 3510; x_wconf 88' lang='lat' dir='ltr'><strong>ceps</strong></span> <span class='ocrx_word' id='word_1_131' title='bbox 652 3441 801 3495; x_wconf 87' lang='lat' dir='ltr'><strong>facta</strong></span> <span class='ocrx_word' id='word_1_132' title='bbox 830 3440 977 3495; x_wconf 85' lang='lat' dir='ltr'><strong>fuit:</strong></span> <span class='ocrx_word' id='word_1_133' title='bbox 1003 3442 1216 3513; x_wconf 89' lang='lat' dir='ltr'><strong>quippe</strong></span> <span class='ocrx_word' id='word_1_134' title='bbox 1233 3458 1357 3514; x_wconf 70' lang='lat' dir='ltr'><strong>quae</strong></span> <span class='ocrx_word' id='word_1_135' title='bbox 1380 3444 1609 3499; x_wconf 85' lang='lat' dir='ltr'><strong>virtutis</strong></span> <span class='ocrx_word' id='word_1_136' title='bbox 1628 3447 1684 3499; x_wconf 88' lang='lat' dir='ltr'><strong>et</strong></span> <span class='ocrx_word' id='word_1_137' title='bbox 1713 3442 1898 3499; x_wconf 76' lang='lat' dir='ltr'><strong>aetatis</strong></span> <span class='ocrx_word' id='word_1_138' title='bbox 1929 3442 2115 3514; x_wconf 89' lang='lat' dir='ltr'><strong>ipsius</strong></span> 
     </span>
    </p>
   </div>
   <div class='ocr_carea' id='block_1_27' title="bbox 486 3532 2119 3606">
    <p class='ocr_par' dir='ltr' id='par_1_27' title="bbox 486 3532 2119 3606">
     <span class='ocr_line' id='line_1_27' title="bbox 486 3532 2119 3606; baseline 0.002 -21"><span class='ocrx_word' id='word_1_139' title='bbox 486 3546 856 3602; x_wconf 87' lang='lat' dir='ltr'><strong>progressum</strong></span> <span class='ocrx_word' id='word_1_140' title='bbox 880 3539 1052 3602; x_wconf 87' lang='lat' dir='ltr'><strong>atque</strong></span> <span class='ocrx_word' id='word_1_141' title='bbox 1078 3532 1432 3590; x_wconf 85' lang='lat' dir='ltr'><strong>incrementa</strong></span> <span class='ocrx_word' id='word_1_142' title='bbox 1455 3535 1766 3606; x_wconf 85' lang='lat' dir='ltr'><strong>perspexit.</strong></span> <span class='ocrx_word' id='word_1_143' title='bbox 1800 3534 1853 3589; x_wconf 89' lang='lat' dir='ltr'><strong>Is</strong></span> <span class='ocrx_word' id='word_1_144' title='bbox 1886 3550 1999 3589; x_wconf 87' lang='lat' dir='ltr'><strong>non</strong></span> <span class='ocrx_word' id='word_1_145' title='bbox 2032 3548 2119 3589; x_wconf 91' lang='lat' dir='ltr'><strong>so-</strong></span> 
     </span>
    </p>
   </div>
   <div class='ocr_carea' id='block_1_28' title="bbox 485 3616 2117 3694">
    <p class='ocr_par' dir='ltr' id='par_1_28' title="bbox 485 3616 2117 3694">
     <span class='ocr_line' id='line_1_28' title="bbox 485 3616 2117 3694; baseline 0.002 -22"><span class='ocrx_word' id='word_1_146' title='bbox 485 3616 608 3673; x_wconf 88' lang='lat' dir='ltr'><strong>lum</strong></span> <span class='ocrx_word' id='word_1_147' title='bbox 635 3634 765 3673; x_wconf 91' lang='lat' dir='ltr'><strong>cum</strong></span> <span class='ocrx_word' id='word_1_148' title='bbox 791 3621 958 3674; x_wconf 67' lang='lat' dir='ltr'><strong>aetate</strong></span> <span class='ocrx_word' id='word_1_149' title='bbox 979 3619 1187 3675; x_wconf 90' lang='lat' dir='ltr'><strong>virtute</strong></span> <span class='ocrx_word' id='word_1_150' title='bbox 1209 3637 1441 3694; x_wconf 89' lang='lat' dir='ltr'><strong>quoque</strong></span> <span class='ocrx_word' id='word_1_151' title='bbox 1471 3623 1788 3689; x_wconf 87' lang='lat' dir='ltr'><strong>crescebat,</strong></span> <span class='ocrx_word' id='word_1_152' title='bbox 1821 3623 1919 3677; x_wconf 89' lang='lat' dir='ltr'><strong>sed</strong></span> <span class='ocrx_word' id='word_1_153' title='bbox 1944 3623 2117 3677; x_wconf 91' lang='lat' dir='ltr'><strong>etiam</strong></span> 
     </span>
    </p>
   </div>
   <div class='ocr_carea' id='block_1_29' title="bbox 484 3706 2116 3783">
    <p class='ocr_par' dir='ltr' id='par_1_29' title="bbox 484 3706 2116 3783">
     <span class='ocr_line' id='line_1_29' title="bbox 484 3706 2116 3783; baseline 0.003 -21"><span class='ocrx_word' id='word_1_154' title='bbox 484 3706 811 3779; x_wconf 85' lang='lat' dir='ltr'><strong>virtusipsa</strong></span> <span class='ocrx_word' id='word_1_155' title='bbox 842 3707 900 3763; x_wconf 89' lang='lat' dir='ltr'><strong>in</strong></span> <span class='ocrx_word' id='word_1_156' title='bbox 931 3724 996 3764; x_wconf 92' lang='lat' dir='ltr'><strong>eo</strong></span> <span class='ocrx_word' id='word_1_157' title='bbox 1017 3709 1481 3782; x_wconf 89' lang='lat' dir='ltr'><strong>perspiciebatur</strong></span> <span class='ocrx_word' id='word_1_158' title='bbox 1501 3711 1671 3783; x_wconf 90' lang='lat' dir='ltr'><strong>longe</strong></span> <span class='ocrx_word' id='word_1_159' title='bbox 1704 3713 1909 3782; x_wconf 88' lang='lat' dir='ltr'><strong>major,</strong></span> <span class='ocrx_word' id='word_1_160' title='bbox 1944 3727 2116 3783; x_wconf 89' lang='lat' dir='ltr'><strong>quam</strong></span> 
     </span>
    </p>
   </div>
   <div class='ocr_carea' id='block_1_30' title="bbox 480 3795 2118 3869">
    <p class='ocr_par' dir='ltr' id='par_1_30' title="bbox 480 3795 2118 3869">
     <span class='ocr_line' id='line_1_30' title="bbox 480 3795 2118 3869; baseline 0.004 -18"><span class='ocrx_word' id='word_1_161' title='bbox 480 3795 607 3865; x_wconf 86' lang='lat' dir='ltr'><strong>ejus</strong></span> <span class='ocrx_word' id='word_1_162' title='bbox 638 3800 774 3850; x_wconf 67' lang='lat' dir='ltr'><strong>(stas</strong></span> <span class='ocrx_word' id='word_1_163' title='bbox 813 3796 1186 3865; x_wconf 75' lang='lat' dir='ltr'><strong>postulabat:</strong></span> <span class='ocrx_word' id='word_1_164' title='bbox 1227 3798 1399 3869; x_wconf 90' lang='lat' dir='ltr'><strong>idque</strong></span> <span class='ocrx_word' id='word_1_165' title='bbox 1454 3816 1589 3855; x_wconf 91' lang='lat' dir='ltr'><strong>cum</strong></span> <span class='ocrx_word' id='word_1_166' title='bbox 1649 3800 1807 3856; x_wconf 92' lang='lat' dir='ltr'><strong>nullo</strong></span> <span class='ocrx_word' id='word_1_167' title='bbox 1834 3800 1965 3856; x_wconf 81' lang='lat' dir='ltr'><strong>vitas</strong></span> <span class='ocrx_word' id='word_1_168' title='bbox 1998 3817 2118 3857; x_wconf 90' lang='lat' dir='ltr'><strong>ma-</strong></span> 
     </span>
    </p>
   </div>
   <div class='ocr_carea' id='block_1_31' title="bbox 474 3884 2115 3960">
    <p class='ocr_par' dir='ltr' id='par_1_31' title="bbox 474 3884 2115 3960">
     <span class='ocr_line' id='line_1_31' title="bbox 474 3884 2115 3960; baseline 0.006 -24"><span class='ocrx_word' id='word_1_169' title='bbox 474 3884 656 3955; x_wconf 81' lang='lat' dir='ltr'><strong>gistro</strong></span> <span class='ocrx_word' id='word_1_170' title='bbox 694 3889 865 3955; x_wconf 88' lang='lat' dir='ltr'><strong>atque</strong></span> <span class='ocrx_word' id='word_1_171' title='bbox 908 3885 1051 3939; x_wconf 91' lang='lat' dir='ltr'><strong>duce</strong></span> <span class='ocrx_word' id='word_1_172' title='bbox 1083 3901 1226 3941; x_wconf 90' lang='lat' dir='ltr'><strong>usus</strong></span> <span class='ocrx_word' id='word_1_173' title='bbox 1275 3887 1494 3958; x_wconf 82' lang='lat' dir='ltr'><strong>fuisset,</strong></span> <span class='ocrx_word' id='word_1_174' title='bbox 1528 3890 1627 3943; x_wconf 90' lang='lat' dir='ltr'><strong>sed</strong></span> <span class='ocrx_word' id='word_1_175' title='bbox 1667 3890 1793 3960; x_wconf 89' lang='lat' dir='ltr'><strong>ipse</strong></span> <span class='ocrx_word' id='word_1_176' title='bbox 1837 3890 1947 3946; x_wconf 91' lang='lat' dir='ltr'><strong>sibi</strong></span> <span class='ocrx_word' id='word_1_177' title='bbox 1981 3895 2115 3945; x_wconf 89' lang='lat' dir='ltr'><strong>tan-</strong></span> 
     </span>
    </p>
   </div>
   <div class='ocr_carea' id='block_1_32' title="bbox 474 3972 2113 4047">
    <p class='ocr_par' dir='ltr' id='par_1_32' title="bbox 474 3972 2113 4047">
     <span class='ocr_line' id='line_1_32' title="bbox 474 3972 2113 4047; baseline 0.005 -20"><span class='ocrx_word' id='word_1_178' title='bbox 474 3988 651 4043; x_wconf 89' lang='lat' dir='ltr'><strong>quam</strong></span> <span class='ocrx_word' id='word_1_179' title='bbox 683 3972 881 4043; x_wconf 88' lang='lat' dir='ltr'><strong>regula</strong></span> <span class='ocrx_word' id='word_1_180' title='bbox 902 3974 1168 4044; x_wconf 67' lang='lat' dir='ltr'><strong>quaedam</strong></span> <span class='ocrx_word' id='word_1_181' title='bbox 1192 3977 1250 4029; x_wconf 91' lang='lat' dir='ltr'><strong>et</strong></span> <span class='ocrx_word' id='word_1_182' title='bbox 1267 3975 1453 4030; x_wconf 90' lang='lat' dir='ltr'><strong>forma</strong></span> <span class='ocrx_word' id='word_1_183' title='bbox 1481 3977 1816 4047; x_wconf 79' lang='lat' dir='ltr'><strong>exstitisset,</strong></span> <span class='ocrx_word' id='word_1_184' title='bbox 1849 3979 2113 4035; x_wconf 92' lang='lat' dir='ltr'><strong>animum</strong></span> 
     </span>
    </p>
   </div>
   <div class='ocr_carea' id='block_1_33' title="bbox 475 4060 2112 4136">
    <p class='ocr_par' dir='ltr' id='par_1_33' title="bbox 475 4060 2112 4136">
     <span class='ocr_line' id='line_1_33' title="bbox 475 4060 2112 4136; baseline 0.002 -19"><span class='ocrx_word' id='word_1_185' title='bbox 475 4060 648 4117; x_wconf 86' lang='lat' dir='ltr'><strong>simul</strong></span> <span class='ocrx_word' id='word_1_186' title='bbox 679 4067 850 4133; x_wconf 88' lang='lat' dir='ltr'><strong>atque</strong></span> <span class='ocrx_word' id='word_1_187' title='bbox 873 4078 1061 4119; x_wconf 87' lang='lat' dir='ltr'><strong>mores</strong></span> <span class='ocrx_word' id='word_1_188' title='bbox 1100 4079 1475 4136; x_wconf 88' lang='lat' dir='ltr'><strong>componens.</strong></span> <span class='ocrx_word' id='word_1_189' title='bbox 1509 4066 1673 4122; x_wconf 92' lang='lat' dir='ltr'><strong>illum</strong></span> <span class='ocrx_word' id='word_1_190' title='bbox 1702 4066 1970 4123; x_wconf 88' lang='lat' dir='ltr'><strong>videlicet</strong></span> <span class='ocrx_word' id='word_1_191' title='bbox 2002 4067 2112 4121; x_wconf 91' lang='lat' dir='ltr'><strong>mi-</strong></span> 
     </span>
    </p>
   </div>
   <div class='ocr_carea' id='block_1_34' title="bbox 2236 2194 3882 2276">
    <p class='ocr_par' dir='ltr' id='par_1_34' title="bbox 2236 2194 3882 2276">
     <span class='ocr_line' id='line_1_34' title="bbox 2236 2194 3882 2276; baseline -0.004 -20"><span class='ocrx_word' id='word_1_192' title='bbox 2236 2200 2474 2276; x_wconf 76' lang='grc' dir='ltr'>διεχεῖτο</span> <span class='ocrx_word' id='word_1_193' title='bbox 2512 2202 2611 2269; x_wconf 74' lang='grc' dir='ltr'>τὴν</span> <span class='ocrx_word' id='word_1_194' title='bbox 2654 2199 3006 2271; x_wconf 79' lang='grc' dir='ltr'>οίκουμένην,</span> <span class='ocrx_word' id='word_1_195' title='bbox 3047 2197 3323 2271; x_wconf 81' lang='grc' dir='ltr'>ἅνθρωποι</span> <span class='ocrx_word' id='word_1_196' title='bbox 3380 2194 3437 2251; x_wconf 78' lang='grc' dir='ltr'>δὶ</span> <span class='ocrx_word' id='word_1_197' title='bbox 3484 2196 3677 2257; x_wconf 86' lang='grc' dir='ltr'>πάντες</span> <span class='ocrx_word' id='word_1_198' title='bbox 3736 2196 3882 2270; x_wconf 87' lang='grc' dir='ltr'>πρὸς</span> 
     </span>
    </p>
   </div>
   <div class='ocr_carea' id='block_1_35' title="bbox 2232 2286 3889 2357">
    <p class='ocr_par' dir='ltr' id='par_1_35' title="bbox 2232 2286 3889 2357">
     <span class='ocr_line' id='line_1_35' title="bbox 2232 2286 3889 2357; baseline -0.004 -12"><span class='ocrx_word' id='word_1_199' title='bbox 2232 2290 2413 2345; x_wconf 77' lang='grc' dir='ltr'>θυσίαν</span> <span class='ocrx_word' id='word_1_200' title='bbox 2474 2287 2767 2357; x_wconf 82' lang='grc' dir='ltr'>εἶδωλικὴν</span> <span class='ocrx_word' id='word_1_201' title='bbox 2825 2286 3251 2357; x_wconf 88' lang='grc' dir='ltr'>συνηλαύνοντο,</span> <span class='ocrx_word' id='word_1_202' title='bbox 3318 2286 3413 2347; x_wconf 88' lang='grc' dir='ltr'><strong>τάς</strong></span> <span class='ocrx_word' id='word_1_203' title='bbox 3471 2306 3528 2340; x_wconf 90' lang='grc' dir='ltr'><strong>τε</strong></span> <span class='ocrx_word' id='word_1_204' title='bbox 3587 2290 3696 2339; x_wconf 91' lang='grc' dir='ltr'><strong>τῶν</strong></span> <span class='ocrx_word' id='word_1_205' title='bbox 3754 2304 3889 2357; x_wconf 85' lang='grc' dir='ltr'>κρα-</span> 
     </span>
    </p>
   </div>
   <div class='ocr_carea' id='block_1_36' title="bbox 2228 2371 3884 2452">
    <p class='ocr_par' dir='ltr' id='par_1_36' title="bbox 2228 2371 3884 2452">
     <span class='ocr_line' id='line_1_36' title="bbox 2228 2371 3884 2452; baseline -0.005 -18"><span class='ocrx_word' id='word_1_206' title='bbox 2228 2381 2462 2435; x_wconf 84' lang='grc' dir='ltr'>τούντων</span> <span class='ocrx_word' id='word_1_207' title='bbox 2513 2376 2741 2441; x_wconf 76' lang='grc' dir='ltr'>ἀπειλὰς</span> <span class='ocrx_word' id='word_1_208' title='bbox 2802 2377 2889 2431; x_wconf 81' lang='grc' dir='ltr'><strong>καὶ</strong></span> <span class='ocrx_word' id='word_1_209' title='bbox 2937 2378 3032 2436; x_wconf 70' lang='grc' dir='ltr'><strong>τὰς</strong></span> <span class='ocrx_word' id='word_1_210' title='bbox 3086 2374 3408 2452; x_wconf 86' lang='grc' dir='ltr'>μιαιφόνους</span> <span class='ocrx_word' id='word_1_211' title='bbox 3451 2378 3563 2429; x_wconf 92' lang='grc' dir='ltr'><strong>τῶν</strong></span> <span class='ocrx_word' id='word_1_212' title='bbox 3612 2371 3884 2427; x_wconf 82' lang='grc' dir='ltr'><strong>δικαστῶν</strong></span> 
     </span>
    </p>
   </div>
   <div class='ocr_carea' id='block_1_37' title="bbox 2230 2461 3875 2543">
    <p class='ocr_par' dir='ltr' id='par_1_37' title="bbox 2230 2461 3875 2543">
     <span class='ocr_line' id='line_1_37' title="bbox 2230 2461 3875 2543; baseline -0.005 -20"><span class='ocrx_word' id='word_1_213' title='bbox 2230 2469 2405 2543; x_wconf 70' lang='grc' dir='ltr'>ὁρμὰς</span> <span class='ocrx_word' id='word_1_214' title='bbox 2463 2466 2720 2527; x_wconf 79' lang='grc' dir='ltr'>δεδιότες.</span> <span class='ocrx_word' id='word_1_215' title='bbox 2772 2465 2874 2520; x_wconf 84' lang='grc' dir='ltr'>Καὶ</span> <span class='ocrx_word' id='word_1_216' title='bbox 2928 2465 3083 2540; x_wconf 89' lang='grc' dir='ltr'>φύσις</span> <span class='ocrx_word' id='word_1_217' title='bbox 3140 2464 3232 2536; x_wconf 81' lang='grc' dir='ltr'>μὲν</span> <span class='ocrx_word' id='word_1_218' title='bbox 3284 2462 3477 2530; x_wconf 76' lang='grc' dir='ltr'>ἑαυτήν</span> <span class='ocrx_word' id='word_1_219' title='bbox 3546 2461 3823 2534; x_wconf 76' lang='grc' dir='ltr'><strong>ἐξώμνυτο</strong></span> <span class='ocrx_word' id='word_1_220' title='bbox 3861 2481 3875 2494; x_wconf 91' lang='grc'><strong>·</strong></span> 
     </span>
    </p>
   </div>
   <div class='ocr_carea' id='block_1_38' title="bbox 2230 2549 3872 2634">
    <p class='ocr_par' dir='ltr' id='par_1_38' title="bbox 2230 2549 3872 2634">
     <span class='ocr_line' id='line_1_38' title="bbox 2230 2549 3872 2634; baseline -0.004 -23"><span class='ocrx_word' id='word_1_221' title='bbox 2230 2557 2541 2634; x_wconf 79' lang='grc' dir='ltr'><strong>συγγενείας</strong></span> <span class='ocrx_word' id='word_1_222' title='bbox 2600 2553 2656 2609; x_wconf 76' lang='grc' dir='ltr'>δὲ</span> <span class='ocrx_word' id='word_1_223' title='bbox 2717 2553 2889 2626; x_wconf 81' lang='grc' dir='ltr'>θεσμᾶ</span> <span class='ocrx_word' id='word_1_224' title='bbox 2943 2556 3315 2618; x_wconf 86' lang='grc' dir='ltr'><strong>κατεπατεῖτο,</strong></span> <span class='ocrx_word' id='word_1_225' title='bbox 3374 2549 3465 2604; x_wconf 80' lang='grc' dir='ltr'>καί</span> <span class='ocrx_word' id='word_1_226' title='bbox 3517 2549 3872 2622; x_wconf 79' lang='grc' dir='ltr'>ἀνετρέπετο,</span> 
     </span>
    </p>
   </div>
   <div class='ocr_carea' id='block_1_39' title="bbox 2224 2637 3875 2717">
    <p class='ocr_par' dir='ltr' id='par_1_39' title="bbox 2224 2637 3875 2717">
     <span class='ocr_line' id='line_1_39' title="bbox 2224 2637 3875 2717; baseline -0.004 -18"><span class='ocrx_word' id='word_1_227' title='bbox 2224 2648 2312 2699; x_wconf 79' lang='grc' dir='ltr'><strong>καὶ</strong></span> <span class='ocrx_word' id='word_1_228' title='bbox 2390 2643 2624 2703; x_wconf 83' lang='grc' dir='ltr'>παλαιᾶς</span> <span class='ocrx_word' id='word_1_229' title='bbox 2699 2642 2918 2717; x_wconf 85' lang='grc' dir='ltr'><strong>ἀγάπης</strong></span> <span class='ocrx_word' id='word_1_230' title='bbox 3012 2641 3267 2715; x_wconf 75' lang='grc' dir='ltr'>συνάφεια</span> <span class='ocrx_word' id='word_1_231' title='bbox 3372 2640 3508 2712; x_wconf 86' lang='grc' dir='ltr'>πρὸς</span> <span class='ocrx_word' id='word_1_232' title='bbox 3594 2637 3875 2695; x_wconf 85' lang='grc' dir='ltr'>διάστασιν</span> 
     </span>
    </p>
   </div>
   <div class='ocr_carea' id='block_1_40' title="bbox 2224 2727 3873 2805">
    <p class='ocr_par' dir='ltr' id='par_1_40' title="bbox 2224 2727 3873 2805">
     <span class='ocr_line' id='line_1_40' title="bbox 2224 2727 3873 2805; baseline -0.003 -18"><span class='ocrx_word' id='word_1_233' title='bbox 2224 2728 2855 2805; x_wconf 72' lang='grc' dir='ltr'>ἑμερίζετο.”Εξέλαμπε</span> <span class='ocrx_word' id='word_1_234' title='bbox 2894 2727 2951 2783; x_wconf 73' lang='grc' dir='ltr'>δὲ</span> <span class='ocrx_word' id='word_1_235' title='bbox 3008 2728 3058 2783; x_wconf 73' lang='grc' dir='ltr'>ἰν</span> <span class='ocrx_word' id='word_1_236' title='bbox 3127 2727 3344 2788; x_wconf 80' lang='grc' dir='ltr'>τούτοις</span> <span class='ocrx_word' id='word_1_237' title='bbox 3402 2728 3496 2781; x_wconf 81' lang='grc' dir='ltr'>οἶά</span> <span class='ocrx_word' id='word_1_238' title='bbox 3554 2748 3635 2788; x_wconf 84' lang='grc' dir='ltr'><strong>τις</strong></span> <span class='ocrx_word' id='word_1_239' title='bbox 3696 2730 3873 2801; x_wconf 73' lang='grc' dir='ltr'>άστὴρ</span> 
     </span>
    </p>
   </div>
   <div class='ocr_carea' id='block_1_41' title="bbox 2228 2815 3871 2895">
    <p class='ocr_par' dir='ltr' id='par_1_41' title="bbox 2228 2815 3871 2895">
     <span class='ocr_line' id='line_1_41' title="bbox 2228 2815 3871 2895; baseline -0.003 -19"><span class='ocrx_word' id='word_1_240' title='bbox 2228 2824 2255 2876; x_wconf 88' lang='grc' dir='ltr'>ὁ</span> <span class='ocrx_word' id='word_1_241' title='bbox 2303 2826 2467 2895; x_wconf 83' lang='grc' dir='ltr'>μὲγας</span> <span class='ocrx_word' id='word_1_242' title='bbox 2526 2820 2579 2875; x_wconf 74' lang='grc' dir='ltr'>ἐν</span> <span class='ocrx_word' id='word_1_243' title='bbox 2633 2818 2966 2893; x_wconf 83' lang='grc' dir='ltr'>ἀθλοφόροις</span> <span class='ocrx_word' id='word_1_244' title='bbox 3025 2818 3335 2892; x_wconf 84' lang='grc' dir='ltr'>Ἐπίμαχος</span> <span class='ocrx_word' id='word_1_245' title='bbox 3371 2860 3384 2883; x_wconf 96' lang='grc'><strong>,</strong></span> <span class='ocrx_word' id='word_1_246' title='bbox 3446 2818 3550 2871; x_wconf 81' lang='grc' dir='ltr'>οὐκ</span> <span class='ocrx_word' id='word_1_247' title='bbox 3605 2815 3871 2886; x_wconf 78' lang='grc' dir='ltr'>ἐπίδηλος</span> 
     </span>
    </p>
   </div>
   <div class='ocr_carea' id='block_1_42' title="bbox 2227 2904 3874 2986">
    <p class='ocr_par' dir='ltr' id='par_1_42' title="bbox 2227 2904 3874 2986">
     <span class='ocr_line' id='line_1_42' title="bbox 2227 2904 3874 2986; baseline -0.002 -21"><span class='ocrx_word' id='word_1_248' title='bbox 2227 2909 2352 2965; x_wconf 76' lang='grc' dir='ltr'>οὐδὲ</span> <span class='ocrx_word' id='word_1_249' title='bbox 2380 2908 2659 2986; x_wconf 79' lang='grc' dir='ltr'>γνώριμος</span> <span class='ocrx_word' id='word_1_250' title='bbox 2692 2905 2764 2962; x_wconf 76' lang='grc' dir='ltr'>ὢν</span> <span class='ocrx_word' id='word_1_251' title='bbox 2800 2912 2916 2968; x_wconf 86' lang='grc' dir='ltr'>τοῖς</span> <span class='ocrx_word' id='word_1_252' title='bbox 2946 2904 3206 2967; x_wconf 83' lang='grc' dir='ltr'>πολλοῖς.</span> <span class='ocrx_word' id='word_1_253' title='bbox 3237 2905 3518 2979; x_wconf 68' lang='grc' dir='ltr'>Αἴγυπτος</span> <span class='ocrx_word' id='word_1_254' title='bbox 3583 2906 3687 2981; x_wconf 77' lang='grc' dir='ltr'><strong>γὰρ</strong></span> <span class='ocrx_word' id='word_1_255' title='bbox 3732 2908 3874 2970; x_wconf 77' lang='grc' dir='ltr'>τὲως</span> 
     </span>
    </p>
   </div>
   <div class='ocr_carea' id='block_1_43' title="bbox 2227 2994 3871 3075">
    <p class='ocr_par' dir='ltr' id='par_1_43' title="bbox 2227 2994 3871 3075">
     <span class='ocr_line' id='line_1_43' title="bbox 2227 2994 3871 3075; baseline -0.003 -20"><span class='ocrx_word' id='word_1_256' title='bbox 2227 3001 2369 3075; x_wconf 77' lang='grc' dir='ltr'>εἶχεν</span> <span class='ocrx_word' id='word_1_257' title='bbox 2440 3000 2625 3070; x_wconf 80' lang='grc' dir='ltr'>αὐτὸν,</span> <span class='ocrx_word' id='word_1_258' title='bbox 2658 2998 2752 3053; x_wconf 81' lang='grc' dir='ltr'>οἶά</span> <span class='ocrx_word' id='word_1_259' title='bbox 2792 3018 2914 3053; x_wconf 94' lang='grc' dir='ltr'>τινα</span> <span class='ocrx_word' id='word_1_260' title='bbox 2970 2995 3174 3071; x_wconf 84' lang='grc' dir='ltr'>λύχνον</span> <span class='ocrx_word' id='word_1_261' title='bbox 3239 2996 3340 3050; x_wconf 87' lang='grc' dir='ltr'>ὑπὸ</span> <span class='ocrx_word' id='word_1_262' title='bbox 3392 2994 3569 3068; x_wconf 86' lang='grc' dir='ltr'>μοδίῳ</span> <span class='ocrx_word' id='word_1_263' title='bbox 3626 2998 3871 3068; x_wconf 84' lang='grc' dir='ltr'>κρυπτό-</span> 
     </span>
    </p>
   </div>
   <div class='ocr_carea' id='block_1_44' title="bbox 2230 3081 3875 3164">
    <p class='ocr_par' dir='ltr' id='par_1_44' title="bbox 2230 3081 3875 3164">
     <span class='ocr_line' id='line_1_44' title="bbox 2230 3081 3875 3164; baseline -0.003 -19"><span class='ocrx_word' id='word_1_264' title='bbox 2230 3111 2407 3161; x_wconf 84' lang='grc' dir='ltr'>μενον,</span> <span class='ocrx_word' id='word_1_265' title='bbox 2438 3087 2560 3159; x_wconf 70' lang='grc' dir='ltr'>ἥτις</span> <span class='ocrx_word' id='word_1_266' title='bbox 2620 3087 2782 3143; x_wconf 79' lang='grc' dir='ltr'>αὐτοῦ</span> <span class='ocrx_word' id='word_1_267' title='bbox 2847 3087 2935 3141; x_wconf 84' lang='grc' dir='ltr'><strong>καὶ</strong></span> <span class='ocrx_word' id='word_1_268' title='bbox 2992 3085 3300 3164; x_wconf 76' lang='grc' dir='ltr'>ἀνατροφῆς</span> <span class='ocrx_word' id='word_1_269' title='bbox 3360 3081 3531 3148; x_wconf 75' lang='grc' dir='ltr'>ὅντως</span> <span class='ocrx_word' id='word_1_270' title='bbox 3588 3085 3675 3140; x_wconf 83' lang='grc' dir='ltr'><strong>καὶ</strong></span> <span class='ocrx_word' id='word_1_271' title='bbox 3716 3086 3875 3162; x_wconf 82' lang='grc' dir='ltr'>ἀγω-</span> 
     </span>
    </p>
   </div>
   <div class='ocr_carea' id='block_1_45' title="bbox 2223 3172 3867 3253">
    <p class='ocr_par' dir='ltr' id='par_1_45' title="bbox 2223 3172 3867 3253">
     <span class='ocr_line' id='line_1_45' title="bbox 2223 3172 3867 3253; baseline 0 -24"><span class='ocrx_word' id='word_1_272' title='bbox 2223 3184 2325 3253; x_wconf 80' lang='grc' dir='ltr'><strong>γῆς</strong></span> <span class='ocrx_word' id='word_1_273' title='bbox 2400 3184 2499 3245; x_wconf 83' lang='grc' dir='ltr'><strong>τῆς</strong></span> <span class='ocrx_word' id='word_1_274' title='bbox 2578 3174 2805 3250; x_wconf 85' lang='grc' dir='ltr'>ἀρίστης</span> <span class='ocrx_word' id='word_1_275' title='bbox 2871 3172 3257 3243; x_wconf 84' lang='grc' dir='ltr'>ἀπολελαύκει,</span> <span class='ocrx_word' id='word_1_276' title='bbox 3322 3174 3410 3228; x_wconf 83' lang='grc' dir='ltr'><strong>καὶ</strong></span> <span class='ocrx_word' id='word_1_277' title='bbox 3471 3175 3665 3247; x_wconf 79' lang='grc' dir='ltr'>ἀρετῆς</span> <span class='ocrx_word' id='word_1_278' title='bbox 3724 3172 3867 3230; x_wconf 76' lang='grc' dir='ltr'>εἶδεν</span> 
     </span>
    </p>
   </div>
   <div class='ocr_carea' id='block_1_46' title="bbox 2226 3262 3868 3336">
    <p class='ocr_par' dir='ltr' id='par_1_46' title="bbox 2226 3262 3868 3336">
     <span class='ocr_line' id='line_1_46' title="bbox 2226 3262 3868 3336; baseline -0.001 -16"><span class='ocrx_word' id='word_1_279' title='bbox 2226 3268 2391 3321; x_wconf 78' lang='grc' dir='ltr'>αὐτοῦ</span> <span class='ocrx_word' id='word_1_280' title='bbox 2447 3265 2535 3318; x_wconf 74' lang='grc' dir='ltr'><strong>καὶ</strong></span> <span class='ocrx_word' id='word_1_281' title='bbox 2576 3263 2797 3333; x_wconf 76' lang='grc' dir='ltr'>ἡλικίας</span> <span class='ocrx_word' id='word_1_282' title='bbox 2855 3265 3135 3335; x_wconf 77' lang='grc' dir='ltr'><strong>προκοπὰς</strong></span> <span class='ocrx_word' id='word_1_283' title='bbox 3200 3262 3291 3317; x_wconf 82' lang='grc' dir='ltr'><strong>καὶ</strong></span> <span class='ocrx_word' id='word_1_284' title='bbox 3357 3262 3757 3336; x_wconf 75' lang='grc' dir='ltr'>αύξήσεις.“ος</span> <span class='ocrx_word' id='word_1_285' title='bbox 3801 3264 3868 3319; x_wconf 84' lang='grc' dir='ltr'><strong>ού</strong></span> 
     </span>
    </p>
   </div>
   <div class='ocr_carea' id='block_1_47' title="bbox 2230 3350 3871 3427">
    <p class='ocr_par' dir='ltr' id='par_1_47' title="bbox 2230 3350 3871 3427">
     <span class='ocr_line' id='line_1_47' title="bbox 2230 3350 3871 3427; baseline 0 -18"><span class='ocrx_word' id='word_1_286' title='bbox 2230 3355 2392 3427; x_wconf 82' lang='grc' dir='ltr'>μόνον</span> <span class='ocrx_word' id='word_1_287' title='bbox 2432 3355 2602 3425; x_wconf 73' lang='grc' dir='ltr'>ἑαυτῷ</span> <span class='ocrx_word' id='word_1_288' title='bbox 2634 3352 3098 3424; x_wconf 69' lang='grc' dir='ltr'>συναυξανομένην</span> <span class='ocrx_word' id='word_1_289' title='bbox 3133 3352 3253 3426; x_wconf 78' lang='grc' dir='ltr'>εἶχε</span> <span class='ocrx_word' id='word_1_290' title='bbox 3309 3354 3411 3421; x_wconf 79' lang='grc' dir='ltr'>τὴν</span> <span class='ocrx_word' id='word_1_291' title='bbox 3467 3352 3685 3427; x_wconf 75' lang='grc' dir='ltr'>ἀρετὴν,</span> <span class='ocrx_word' id='word_1_292' title='bbox 3718 3350 3871 3409; x_wconf 73' lang='grc' dir='ltr'>ἀλλὰ</span> 
     </span>
    </p>
   </div>
   <div class='ocr_carea' id='block_1_48' title="bbox 2224 3440 3867 3515">
    <p class='ocr_par' dir='ltr' id='par_1_48' title="bbox 2224 3440 3867 3515">
     <span class='ocr_line' id='line_1_48' title="bbox 2224 3440 3867 3515; baseline -0.001 -17"><span class='ocrx_word' id='word_1_293' title='bbox 2224 3442 2421 3514; x_wconf 86' lang='grc' dir='ltr'>πολλῷ</span> <span class='ocrx_word' id='word_1_294' title='bbox 2454 3442 2671 3515; x_wconf 80' lang='grc' dir='ltr'>μείζονα</span> <span class='ocrx_word' id='word_1_295' title='bbox 2702 3443 2789 3497; x_wconf 84' lang='grc' dir='ltr'>καὶ</span> <span class='ocrx_word' id='word_1_296' title='bbox 2848 3448 2949 3511; x_wconf 77' lang='grc' dir='ltr'><strong>τῆς</strong></span> <span class='ocrx_word' id='word_1_297' title='bbox 2979 3440 3197 3511; x_wconf 80' lang='grc' dir='ltr'>ἡλικίας</span> <span class='ocrx_word' id='word_1_298' title='bbox 3255 3440 3424 3511; x_wconf 72' lang='grc' dir='ltr'>αὐτὴν</span> <span class='ocrx_word' id='word_1_299' title='bbox 3482 3440 3829 3498; x_wconf 69' lang='grc' dir='ltr'>ἐπεδείκνυτο</span> <span class='ocrx_word' id='word_1_300' title='bbox 3851 3461 3867 3478; x_wconf 84' lang='grc'>⁶</span> 
     </span>
    </p>
   </div>
   <div class='ocr_carea' id='block_1_49' title="bbox 2228 3528 3865 3607">
    <p class='ocr_par' dir='ltr' id='par_1_49' title="bbox 2228 3528 3865 3607">
     <span class='ocr_line' id='line_1_49' title="bbox 2228 3528 3865 3607; baseline -0.001 -20"><span class='ocrx_word' id='word_1_301' title='bbox 2228 3530 2537 3605; x_wconf 78' lang='grc' dir='ltr'>διδασκάλῳ</span> <span class='ocrx_word' id='word_1_302' title='bbox 2573 3533 2665 3605; x_wconf 72' lang='grc' dir='ltr'>μὲν</span> <span class='ocrx_word' id='word_1_303' title='bbox 2700 3528 2878 3586; x_wconf 79' lang='grc' dir='ltr'>οὐδενὶ</span> <span class='ocrx_word' id='word_1_304' title='bbox 2906 3535 3004 3586; x_wconf 79' lang='grc' dir='ltr'><strong>τοῦ</strong></span> <span class='ocrx_word' id='word_1_305' title='bbox 3041 3532 3166 3605; x_wconf 88' lang='grc' dir='ltr'>βίου</span> <span class='ocrx_word' id='word_1_306' title='bbox 3196 3532 3286 3585; x_wconf 82' lang='grc' dir='ltr'><strong>καὶ</strong></span> <span class='ocrx_word' id='word_1_307' title='bbox 3319 3528 3503 3605; x_wconf 83' lang='grc' dir='ltr'>ὁδηγῷ</span> <span class='ocrx_word' id='word_1_308' title='bbox 3550 3532 3865 3607; x_wconf 74' lang='grc' dir='ltr'>χρώμενος,</span> 
     </span>
    </p>
   </div>
   <div class='ocr_carea' id='block_1_50' title="bbox 2229 3618 3866 3696">
    <p class='ocr_par' dir='ltr' id='par_1_50' title="bbox 2229 3618 3866 3696">
     <span class='ocr_line' id='line_1_50' title="bbox 2229 3618 3866 3696; baseline -0.001 -19"><span class='ocrx_word' id='word_1_309' title='bbox 2229 3622 2392 3677; x_wconf 88' lang='grc' dir='ltr'>οἷονεί</span> <span class='ocrx_word' id='word_1_310' title='bbox 2451 3619 2507 3676; x_wconf 75' lang='grc' dir='ltr'>δὲ</span> <span class='ocrx_word' id='word_1_311' title='bbox 2561 3642 2645 3685; x_wconf 90' lang='grc' dir='ltr'><strong>τις</strong></span> <span class='ocrx_word' id='word_1_312' title='bbox 2703 3618 2861 3681; x_wconf 69' lang='grc' dir='ltr'>αὒτὸς</span> <span class='ocrx_word' id='word_1_313' title='bbox 2919 3621 3093 3691; x_wconf 74' lang='grc' dir='ltr'>ἑαυτῷ</span> <span class='ocrx_word' id='word_1_314' title='bbox 3150 3621 3328 3675; x_wconf 86' lang='grc' dir='ltr'>κανὼν</span> <span class='ocrx_word' id='word_1_315' title='bbox 3370 3620 3459 3675; x_wconf 86' lang='grc' dir='ltr'><strong>καὶ</strong></span> <span class='ocrx_word' id='word_1_316' title='bbox 3514 3619 3682 3681; x_wconf 83' lang='grc' dir='ltr'>τύπος</span> <span class='ocrx_word' id='word_1_317' title='bbox 3709 3622 3866 3696; x_wconf 83' lang='grc' dir='ltr'>γενό-</span> 
     </span>
    </p>
   </div>
   <div class='ocr_carea' id='block_1_51' title="bbox 2231 3705 3871 3787">
    <p class='ocr_par' dir='ltr' id='par_1_51' title="bbox 2231 3705 3871 3787">
     <span class='ocr_line' id='line_1_51' title="bbox 2231 3705 3871 3787; baseline -0.001 -21"><span class='ocrx_word' id='word_1_318' title='bbox 2231 3733 2389 3786; x_wconf 87' lang='grc' dir='ltr'>μενος</span> <span class='ocrx_word' id='word_1_319' title='bbox 2421 3712 2509 3765; x_wconf 82' lang='grc' dir='ltr'><strong>καὶ</strong></span> <span class='ocrx_word' id='word_1_320' title='bbox 2543 3710 2726 3787; x_wconf 79' lang='grc' dir='ltr'>ψυχὴν</span> <span class='ocrx_word' id='word_1_321' title='bbox 2760 3705 2874 3782; x_wconf 75' lang='grc' dir='ltr'>ἅμα</span> <span class='ocrx_word' id='word_1_322' title='bbox 2928 3708 3018 3763; x_wconf 82' lang='grc' dir='ltr'><strong>καὶ</strong></span> <span class='ocrx_word' id='word_1_323' title='bbox 3065 3710 3199 3777; x_wconf 78' lang='grc' dir='ltr'>ἦθος</span> <span class='ocrx_word' id='word_1_324' title='bbox 3250 3710 3525 3785; x_wconf 76' lang='grc' dir='ltr'>ῥυθμίζων</span> <span class='ocrx_word' id='word_1_325' title='bbox 3559 3727 3573 3741; x_wconf 78' lang='grc'><strong>⁸</strong></span> <span class='ocrx_word' id='word_1_326' title='bbox 3613 3710 3702 3764; x_wconf 84' lang='grc' dir='ltr'><strong>καὶ</strong></span> <span class='ocrx_word' id='word_1_327' title='bbox 3768 3713 3871 3779; x_wconf 78' lang='grc' dir='ltr'><strong>τήν</strong></span> 
     </span>
    </p>
   </div>
   <div class='ocr_carea' id='block_1_52' title="bbox 2230 3796 3869 3873">
    <p class='ocr_par' dir='ltr' id='par_1_52' title="bbox 2230 3796 3869 3873">
     <span class='ocr_line' id='line_1_52' title="bbox 2230 3796 3869 3873; baseline -0.002 -18"><span class='ocrx_word' id='word_1_328' title='bbox 2230 3803 2325 3873; x_wconf 78' lang='grc' dir='ltr'>μὲν</span> <span class='ocrx_word' id='word_1_329' title='bbox 2374 3820 2542 3854; x_wconf 83' lang='grc' dir='ltr'>ποιων</span> <span class='ocrx_word' id='word_1_330' title='bbox 2602 3798 2766 3868; x_wconf 76' lang='grc' dir='ltr'>ἠπίαν</span> <span class='ocrx_word' id='word_1_331' title='bbox 2824 3797 2913 3852; x_wconf 85' lang='grc' dir='ltr'><strong>καὶ</strong></span> <span class='ocrx_word' id='word_1_332' title='bbox 2966 3799 3234 3873; x_wconf 81' lang='grc' dir='ltr'>γαληνὴν,</span> <span class='ocrx_word' id='word_1_333' title='bbox 3289 3799 3352 3853; x_wconf 87' lang='grc' dir='ltr'>τὸ</span> <span class='ocrx_word' id='word_1_334' title='bbox 3401 3796 3457 3852; x_wconf 74' lang='grc' dir='ltr'>δὲ</span> <span class='ocrx_word' id='word_1_335' title='bbox 3506 3796 3728 3852; x_wconf 84' lang='grc' dir='ltr'>σύννουν</span> <span class='ocrx_word' id='word_1_336' title='bbox 3784 3798 3869 3853; x_wconf 77' lang='grc' dir='ltr'>ἀεὶ</span> 
     </span>
    </p>
   </div>
   <div class='ocr_carea' id='block_1_53' title="bbox 2222 3883 3869 3962">
    <p class='ocr_par' dir='ltr' id='par_1_53' title="bbox 2222 3883 3869 3962">
     <span class='ocr_line' id='line_1_53' title="bbox 2222 3883 3869 3962; baseline -0.001 -18"><span class='ocrx_word' id='word_1_337' title='bbox 2222 3890 2312 3944; x_wconf 85' lang='grc' dir='ltr'><strong>καὶ</strong></span> <span class='ocrx_word' id='word_1_338' title='bbox 2370 3889 2745 3962; x_wconf 83' lang='grc' dir='ltr'>προσεκτικόν.</span> <span class='ocrx_word' id='word_1_339' title='bbox 2796 3890 3073 3952; x_wconf 76' lang='grc' dir='ltr'>Ἐντεῦθεν</span> <span class='ocrx_word' id='word_1_340' title='bbox 3128 3887 3443 3958; x_wconf 87' lang='grc' dir='ltr'>Ηηλούσιον</span> <span class='ocrx_word' id='word_1_341' title='bbox 3512 3883 3639 3961; x_wconf 77' lang='grc' dir='ltr'>ὄρος</span> <span class='ocrx_word' id='word_1_342' title='bbox 3702 3889 3869 3944; x_wconf 79' lang='grc' dir='ltr'>αὐτὸν</span> 
     </span>
    </p>
   </div>
   <div class='ocr_carea' id='block_1_54' title="bbox 2222 3971 3866 4051">
    <p class='ocr_par' dir='ltr' id='par_1_54' title="bbox 2222 3971 3866 4051">
     <span class='ocr_line' id='line_1_54' title="bbox 2222 3971 3866 4051; baseline 0.001 -20"><span class='ocrx_word' id='word_1_343' title='bbox 2222 3978 2466 4046; x_wconf 74' lang='grc' dir='ltr'>οἰκιστὴν</span> <span class='ocrx_word' id='word_1_344' title='bbox 2514 3975 2892 4050; x_wconf 84' lang='grc' dir='ltr'>ἐκληρώσατο,</span> <span class='ocrx_word' id='word_1_345' title='bbox 2926 3976 3163 4051; x_wconf 87' lang='grc' dir='ltr'>καθάπερ</span> <span class='ocrx_word' id='word_1_346' title='bbox 3207 3979 3239 4045; x_wconf 81' lang='grc' dir='ltr'>ἡ</span> <span class='ocrx_word' id='word_1_347' title='bbox 3303 3971 3512 4050; x_wconf 76' lang='grc' dir='ltr'>ἔρημος</span> <span class='ocrx_word' id='word_1_348' title='bbox 3553 3974 3727 4031; x_wconf 84' lang='grc' dir='ltr'>πάλαι</span> <span class='ocrx_word' id='word_1_349' title='bbox 3771 3978 3866 4032; x_wconf 81' lang='grc' dir='ltr'><strong>τὸν</strong></span> 
     </span>
    </p>
   </div>
   <div class='ocr_carea' id='block_1_55' title="bbox 2222 4064 3387 4139">
    <p class='ocr_par' dir='ltr' id='par_1_55' title="bbox 2222 4064 3387 4139">
     <span class='ocr_line' id='line_1_55' title="bbox 2222 4064 3387 4139; baseline -0.002 -19"><span class='ocrx_word' id='word_1_350' title='bbox 2222 4064 2501 4134; x_wconf 75' lang='grc' dir='ltr'>Ἰωάννην,</span> <span class='ocrx_word' id='word_1_351' title='bbox 2534 4065 2622 4119; x_wconf 83' lang='grc' dir='ltr'><strong>καὶ</strong></span> <span class='ocrx_word' id='word_1_352' title='bbox 2654 4065 2746 4119; x_wconf 84' lang='grc' dir='ltr'><strong>τὸν</strong></span> <span class='ocrx_word' id='word_1_353' title='bbox 2779 4065 2970 4122; x_wconf 86' lang='grc' dir='ltr'>Ἠλίαν</span> <span class='ocrx_word' id='word_1_354' title='bbox 3006 4066 3034 4119; x_wconf 83' lang='grc' dir='ltr'>ὁ</span> <span class='ocrx_word' id='word_1_355' title='bbox 3060 4064 3387 4139; x_wconf 81' lang='grc' dir='ltr'>Κάρμηλος.</span> 
     </span>
    </p>
   </div>
   <div class='ocr_carea' id='block_1_56' title="bbox 473 4150 3866 4227">
    <p class='ocr_par' dir='ltr' id='par_1_56' title="bbox 473 4150 3866 4227">
     <span class='ocr_line' id='line_1_56' title="bbox 473 4150 3866 4227; baseline 0.002 -23"><span class='ocrx_word' id='word_1_356' title='bbox 473 4152 595 4204; x_wconf 89' lang='lat' dir='ltr'><strong>tem</strong></span> <span class='ocrx_word' id='word_1_357' title='bbox 633 4152 691 4205; x_wconf 91' lang='lat' dir='ltr'><strong>et</strong></span> <span class='ocrx_word' id='word_1_358' title='bbox 719 4150 1100 4220; x_wconf 84' lang='lat' dir='ltr'><strong>tranquillum</strong></span> <span class='ocrx_word' id='word_1_359' title='bbox 1140 4152 1420 4222; x_wconf 83' lang='lat' dir='ltr'><strong>efﬁciens,</strong></span> <span class='ocrx_word' id='word_1_360' title='bbox 1452 4154 1560 4210; x_wconf 92' lang='lat' dir='ltr'><strong>bos</strong></span> <span class='ocrx_word' id='word_1_361' title='bbox 1596 4156 1905 4227; x_wconf 76' lang='lat' dir='ltr'><strong>prudentes</strong></span> <span class='ocrx_word' id='word_1_362' title='bbox 1950 4170 2197 4227; x_wconf 89' lang='lat' dir='ltr'><strong>semper,</strong></span> <span class='ocrx_word' id='word_1_363' title='bbox 2232 4158 2484 4210; x_wconf 89' lang='lat' dir='ltr'><strong>attentos</strong></span> <span class='ocrx_word' id='word_1_364' title='bbox 2516 4159 2573 4209; x_wconf 88' lang='lat' dir='ltr'><strong>et</strong></span> <span class='ocrx_word' id='word_1_365' title='bbox 2612 4154 2856 4210; x_wconf 89' lang='lat' dir='ltr'><strong>sobrios.</strong></span> <span class='ocrx_word' id='word_1_366' title='bbox 2908 4155 3055 4210; x_wconf 89' lang='lat' dir='ltr'><strong>Hinc</strong></span> <span class='ocrx_word' id='word_1_367' title='bbox 3103 4153 3354 4208; x_wconf 89' lang='lat' dir='ltr'><strong>Pelutius</strong></span> <span class='ocrx_word' id='word_1_368' title='bbox 3401 4169 3569 4208; x_wconf 90' lang='lat' dir='ltr'><strong>mons</strong></span> <span class='ocrx_word' id='word_1_369' title='bbox 3612 4152 3866 4210; x_wconf 86' lang='lat' dir='ltr'><strong>incolam</strong></span> 
     </span>
    </p>
   </div>
   <div class='ocr_carea' id='block_1_57' title="bbox 481 4240 3865 4317">
    <p class='ocr_par' dir='ltr' id='par_1_57' title="bbox 481 4240 3865 4317">
     <span class='ocr_line' id='line_1_57' title="bbox 481 4240 3865 4317; baseline 0.002 -25"><span class='ocrx_word' id='word_1_370' title='bbox 481 4253 615 4293; x_wconf 91' lang='lat' dir='ltr'><strong>eum</strong></span> <span class='ocrx_word' id='word_1_371' title='bbox 672 4240 863 4295; x_wconf 90' lang='lat' dir='ltr'><strong>virum</strong></span> <span class='ocrx_word' id='word_1_372' title='bbox 920 4242 1202 4313; x_wconf 89' lang='lat' dir='ltr'><strong>suscepit,</strong></span> <span class='ocrx_word' id='word_1_373' title='bbox 1244 4246 1741 4314; x_wconf 90' lang='lat' dir='ltr'><strong>quemadmodum</strong></span> <span class='ocrx_word' id='word_1_374' title='bbox 1783 4262 2014 4301; x_wconf 90' lang='lat' dir='ltr'><strong>eremus</strong></span> <span class='ocrx_word' id='word_1_375' title='bbox 2071 4245 2208 4302; x_wconf 90' lang='lat' dir='ltr'><strong>olim</strong></span> <span class='ocrx_word' id='word_1_376' title='bbox 2240 4246 2524 4301; x_wconf 85' lang='lat' dir='ltr'><strong>Joannem</strong></span> <span class='ocrx_word' id='word_1_377' title='bbox 2584 4246 2929 4317; x_wconf 89' lang='lat' dir='ltr'><strong>Baptistam,</strong></span> <span class='ocrx_word' id='word_1_378' title='bbox 2977 4250 3034 4300; x_wconf 90' lang='lat' dir='ltr'><strong>et</strong></span> <span class='ocrx_word' id='word_1_379' title='bbox 3087 4243 3387 4299; x_wconf 87' lang='lat' dir='ltr'><strong>Carmelus</strong></span> <span class='ocrx_word' id='word_1_380' title='bbox 3426 4243 3607 4299; x_wconf 86' lang='lat' dir='ltr'><strong>Eliam</strong></span> <span class='ocrx_word' id='word_1_381' title='bbox 3657 4243 3865 4301; x_wconf 87' lang='lat' dir='ltr'><strong>habuit</strong></span> 
     </span>
    </p>
   </div>
   <div class='ocr_carea' id='block_1_58' title="bbox 544 4326 2112 4405">
    <p class='ocr_par' dir='ltr' id='par_1_58' title="bbox 544 4326 2112 4405">
     <span class='ocr_line' id='line_1_58' title="bbox 544 4326 2112 4405; baseline 0.006 -25"><span class='ocrx_word' id='word_1_382' title='bbox 544 4326 615 4384; x_wconf 86' lang='grc' dir='ltr'><strong>ΙΙ.</strong></span> <span class='ocrx_word' id='word_1_383' title='bbox 657 4329 801 4383; x_wconf 90' lang='lat' dir='ltr'><strong>Cum</strong></span> <span class='ocrx_word' id='word_1_384' title='bbox 833 4329 1011 4400; x_wconf 83' lang='lat' dir='ltr'><strong>igitur</strong></span> <span class='ocrx_word' id='word_1_385' title='bbox 1035 4331 1386 4403; x_wconf 86' lang='lat' dir='ltr'><strong>Epimachus</strong></span> <span class='ocrx_word' id='word_1_386' title='bbox 1412 4334 1537 4405; x_wconf 92' lang='lat' dir='ltr'><strong>ipse</strong></span> <span class='ocrx_word' id='word_1_387' title='bbox 1567 4335 1626 4389; x_wconf 92' lang='lat' dir='ltr'><strong>in</strong></span> <span class='ocrx_word' id='word_1_388' title='bbox 1661 4339 1853 4390; x_wconf 92' lang='lat' dir='ltr'><strong>monte</strong></span> <span class='ocrx_word' id='word_1_389' title='bbox 1886 4334 2112 4390; x_wconf 90' lang='lat' dir='ltr'><strong>Pelusio</strong></span> 
     </span>
    </p>
   </div>
   <div class='ocr_carea' id='block_1_59' title="bbox 471 4418 2109 4493">
    <p class='ocr_par' dir='ltr' id='par_1_59' title="bbox 471 4418 2109 4493">
     <span class='ocr_line' id='line_1_59' title="bbox 471 4418 2109 4493; baseline 0.006 -24"><span class='ocrx_word' id='word_1_390' title='bbox 471 4420 818 4483; x_wconf 88' lang='lat' dir='ltr'><strong>versaretur,</strong></span> <span class='ocrx_word' id='word_1_391' title='bbox 875 4422 933 4473; x_wconf 90' lang='lat' dir='ltr'><strong>et</strong></span> <span class='ocrx_word' id='word_1_392' title='bbox 977 4418 1036 4473; x_wconf 91' lang='lat' dir='ltr'><strong>in</strong></span> <span class='ocrx_word' id='word_1_393' title='bbox 1076 4422 1231 4475; x_wconf 90' lang='lat' dir='ltr'><strong>omni</strong></span> <span class='ocrx_word' id='word_1_394' title='bbox 1267 4421 1635 4493; x_wconf 86' lang='lat' dir='ltr'><strong>philosophia</strong></span> <span class='ocrx_word' id='word_1_395' title='bbox 1680 4438 1739 4477; x_wconf 91' lang='lat' dir='ltr'><strong>se</strong></span> <span class='ocrx_word' id='word_1_396' title='bbox 1797 4428 2109 4490; x_wconf 82' lang='lat' dir='ltr'><strong>exerceret,</strong></span> 
     </span>
    </p>
   </div>
   <div class='ocr_carea' id='block_1_60' title="bbox 470 4505 2107 4581">
    <p class='ocr_par' dir='ltr' id='par_1_60' title="bbox 470 4505 2107 4581">
     <span class='ocr_line' id='line_1_60' title="bbox 470 4505 2107 4581; baseline 0.006 -24"><span class='ocrx_word' id='word_1_397' title='bbox 470 4519 821 4575; x_wconf 83' lang='lat' dir='ltr'><strong>omnemque</strong></span> <span class='ocrx_word' id='word_1_398' title='bbox 870 4505 1059 4560; x_wconf 89' lang='lat' dir='ltr'><strong>victus</strong></span> <span class='ocrx_word' id='word_1_399' title='bbox 1118 4508 1391 4562; x_wconf 86' lang='lat' dir='ltr'><strong>duritiem</strong></span> <span class='ocrx_word' id='word_1_400' title='bbox 1453 4509 1899 4581; x_wconf 86' lang='lat' dir='ltr'><strong>amplexaretur,</strong></span> <span class='ocrx_word' id='word_1_401' title='bbox 1930 4512 2107 4567; x_wconf 90' lang='lat' dir='ltr'><strong>vitam</strong></span> 
     </span>
    </p>
   </div>
   <div class='ocr_carea' id='block_1_61' title="bbox 472 4590 2103 4666">
    <p class='ocr_par' dir='ltr' id='par_1_61' title="bbox 472 4590 2103 4666">
     <span class='ocr_line' id='line_1_61' title="bbox 472 4590 2103 4666; baseline 0.007 -21"><span class='ocrx_word' id='word_1_402' title='bbox 472 4590 719 4662; x_wconf 89' lang='lat' dir='ltr'><strong>denique</strong></span> <span class='ocrx_word' id='word_1_403' title='bbox 751 4596 985 4663; x_wconf 91' lang='lat' dir='ltr'><strong>propter</strong></span> <span class='ocrx_word' id='word_1_404' title='bbox 1031 4592 1327 4650; x_wconf 90' lang='lat' dir='ltr'><strong>Christum</strong></span> <span class='ocrx_word' id='word_1_405' title='bbox 1360 4613 1625 4666; x_wconf 89' lang='lat' dir='ltr'><strong>asperam</strong></span> <span class='ocrx_word' id='word_1_406' title='bbox 1672 4614 1737 4653; x_wconf 90' lang='lat' dir='ltr'><strong>ac</strong></span> <span class='ocrx_word' id='word_1_407' title='bbox 1762 4598 2103 4656; x_wconf 88' lang='lat' dir='ltr'><strong>laboriosam</strong></span> 
     </span>
    </p>
   </div>
   <div class='ocr_carea' id='block_1_62' title="bbox 468 4680 2106 4753">
    <p class='ocr_par' dir='ltr' id='par_1_62' title="bbox 468 4680 2106 4753">
     <span class='ocr_line' id='line_1_62' title="bbox 468 4680 2106 4753; baseline 0.007 -19"><span class='ocrx_word' id='word_1_408' title='bbox 468 4680 705 4747; x_wconf 81' lang='lat' dir='ltr'><strong>viveret,</strong></span> <span class='ocrx_word' id='word_1_409' title='bbox 750 4682 927 4751; x_wconf 85' lang='lat' dir='ltr'><strong>judex</strong></span> <span class='ocrx_word' id='word_1_410' title='bbox 958 4683 1194 4753; x_wconf 90' lang='lat' dir='ltr'><strong>quidam</strong></span> <span class='ocrx_word' id='word_1_411' title='bbox 1244 4684 1457 4739; x_wconf 73' lang='lat' dir='ltr'><strong>saevitia</strong></span> <span class='ocrx_word' id='word_1_412' title='bbox 1492 4691 1549 4740; x_wconf 90' lang='lat' dir='ltr'><strong>et</strong></span> <span class='ocrx_word' id='word_1_413' title='bbox 1606 4687 1904 4744; x_wconf 85' lang='lat' dir='ltr'><strong>ferocitate</strong></span> <span class='ocrx_word' id='word_1_414' title='bbox 1965 4692 2106 4746; x_wconf 89' lang='lat' dir='ltr'><strong>insi-</strong></span> 
     </span>
    </p>
   </div>
   <div class='ocr_carea' id='block_1_63' title="bbox 476 4769 2108 4840">
    <p class='ocr_par' dir='ltr' id='par_1_63' title="bbox 476 4769 2108 4840">
     <span class='ocr_line' id='line_1_63' title="bbox 476 4769 2108 4840; baseline 0.008 -17"><span class='ocrx_word' id='word_1_415' title='bbox 476 4769 629 4840; x_wconf 90' lang='lat' dir='ltr'><strong>gnis,</strong></span> <span class='ocrx_word' id='word_1_416' title='bbox 654 4769 1064 4827; x_wconf 85' lang='lat' dir='ltr'><strong>Alexandriam</strong></span> <span class='ocrx_word' id='word_1_417' title='bbox 1112 4772 1291 4828; x_wconf 84' lang='lat' dir='ltr'><strong>venit.</strong></span> <span class='ocrx_word' id='word_1_418' title='bbox 1325 4772 1511 4829; x_wconf 83' lang='lat' dir='ltr'><strong>Judex</strong></span> <span class='ocrx_word' id='word_1_419' title='bbox 1546 4779 1737 4831; x_wconf 89' lang='lat' dir='ltr'><strong>autem</strong></span> <span class='ocrx_word' id='word_1_420' title='bbox 1771 4777 1873 4835; x_wconf 90' lang='lat' dir='ltr'><strong>ille</strong></span> <span class='ocrx_word' id='word_1_421' title='bbox 1902 4784 2108 4836; x_wconf 80' lang='lat' dir='ltr'><strong>caetera</strong></span> 
     </span>
    </p>
   </div>
   <div class='ocr_carea' id='block_1_64' title="bbox 476 4859 2105 4934">
    <p class='ocr_par' dir='ltr' id='par_1_64' title="bbox 476 4859 2105 4934">
     <span class='ocr_line' id='line_1_64' title="bbox 476 4859 2105 4934; baseline 0.008 -22"><span class='ocrx_word' id='word_1_422' title='bbox 476 4859 708 4930; x_wconf 89' lang='lat' dir='ltr'><strong>quidem</strong></span> <span class='ocrx_word' id='word_1_423' title='bbox 737 4860 932 4915; x_wconf 89' lang='lat' dir='ltr'><strong>omnia</strong></span> <span class='ocrx_word' id='word_1_424' title='bbox 963 4877 1064 4931; x_wconf 92' lang='lat' dir='ltr'><strong>pro</strong></span> <span class='ocrx_word' id='word_1_425' title='bbox 1095 4861 1275 4919; x_wconf 92' lang='lat' dir='ltr'><strong>nihilo</strong></span> <span class='ocrx_word' id='word_1_426' title='bbox 1307 4864 1549 4920; x_wconf 89' lang='lat' dir='ltr'><strong>faciebat</strong></span> <span class='ocrx_word' id='word_1_427' title='bbox 1575 4883 1590 4934; x_wconf 91' lang='lat'><strong>;</strong></span> <span class='ocrx_word' id='word_1_428' title='bbox 1638 4867 1741 4922; x_wconf 88' lang='lat' dir='ltr'><strong>sed</strong></span> <span class='ocrx_word' id='word_1_429' title='bbox 1788 4883 1957 4924; x_wconf 89' lang='lat' dir='ltr'><strong>omne</strong></span> <span class='ocrx_word' id='word_1_430' title='bbox 1988 4873 2105 4925; x_wconf 89' lang='lat' dir='ltr'><strong>tan-</strong></span> 
     </span>
    </p>
   </div>
   <div class='ocr_carea' id='block_1_65' title="bbox 469 4950 2108 5028">
    <p class='ocr_par' dir='ltr' id='par_1_65' title="bbox 469 4950 2108 5028">
     <span class='ocr_line' id='line_1_65' title="bbox 469 4950 2108 5028; baseline 0.007 -25"><span class='ocrx_word' id='word_1_431' title='bbox 469 4953 594 5003; x_wconf 90' lang='lat' dir='ltr'><strong>tum</strong></span> <span class='ocrx_word' id='word_1_432' title='bbox 621 4950 901 5017; x_wconf 90' lang='lat' dir='ltr'><strong>studium,</strong></span> <span class='ocrx_word' id='word_1_433' title='bbox 928 4950 1276 5008; x_wconf 89' lang='lat' dir='ltr'><strong>industriam</strong></span> <span class='ocrx_word' id='word_1_434' title='bbox 1298 4956 1354 5008; x_wconf 87' lang='lat' dir='ltr'><strong>et</strong></span> <span class='ocrx_word' id='word_1_435' title='bbox 1375 4958 1522 5010; x_wconf 88' lang='lat' dir='ltr'><strong>artes</strong></span> <span class='ocrx_word' id='word_1_436' title='bbox 1544 4954 2108 5028; x_wconf 87' lang='lat' dir='ltr'><strong>adhibebat,quibus</strong></span> 
     </span>
    </p>
   </div>
   <div class='ocr_carea' id='block_1_66' title="bbox 470 5038 2108 5115">
    <p class='ocr_par' dir='ltr' id='par_1_66' title="bbox 470 5038 2108 5115">
     <span class='ocr_line' id='line_1_66' title="bbox 470 5038 2108 5115; baseline 0.008 -25"><span class='ocrx_word' id='word_1_437' title='bbox 470 5040 647 5091; x_wconf 87' lang='lat' dir='ltr'><strong>totam</strong></span> <span class='ocrx_word' id='word_1_438' title='bbox 682 5038 879 5093; x_wconf 88' lang='lat' dir='ltr'><strong>urbem</strong></span> <span class='ocrx_word' id='word_1_439' title='bbox 904 5038 1064 5094; x_wconf 91' lang='lat' dir='ltr'><strong>illam</strong></span> <span class='ocrx_word' id='word_1_440' title='bbox 1092 5040 1215 5094; x_wconf 89' lang='lat' dir='ltr'><strong>suis</strong></span> <span class='ocrx_word' id='word_1_441' title='bbox 1248 5042 1468 5098; x_wconf 89' lang='lat' dir='ltr'><strong>retibus</strong></span> <span class='ocrx_word' id='word_1_442' title='bbox 1486 5048 1731 5115; x_wconf 89' lang='lat' dir='ltr'><strong>caperet,</strong></span> <span class='ocrx_word' id='word_1_443' title='bbox 1757 5049 1813 5100; x_wconf 90' lang='lat' dir='ltr'><strong>et</strong></span> <span class='ocrx_word' id='word_1_444' title='bbox 1844 5048 2108 5102; x_wconf 89' lang='lat' dir='ltr'><strong>acerbam</strong></span> 
     </span>
    </p>
   </div>
   <div class='ocr_carea' id='block_1_67' title="bbox 470 5124 2107 5206">
    <p class='ocr_par' dir='ltr' id='par_1_67' title="bbox 470 5124 2107 5206">
     <span class='ocr_line' id='line_1_67' title="bbox 470 5124 2107 5206; baseline 0.009 -28"><span class='ocrx_word' id='word_1_445' title='bbox 470 5124 790 5195; x_wconf 83' lang='lat' dir='ltr'><strong>impietatis</strong></span> <span class='ocrx_word' id='word_1_446' title='bbox 823 5130 1069 5197; x_wconf 64' lang='lat' dir='ltr'><strong>praedam</strong></span> <span class='ocrx_word' id='word_1_447' title='bbox 1102 5128 1416 5202; x_wconf 84' lang='lat' dir='ltr'><strong>colligeret,</strong></span> <span class='ocrx_word' id='word_1_448' title='bbox 1449 5132 1618 5201; x_wconf 89' lang='lat' dir='ltr'><strong>idque</strong></span> <span class='ocrx_word' id='word_1_449' title='bbox 1648 5138 1713 5188; x_wconf 91' lang='lat' dir='ltr'><strong>ut</strong></span> <span class='ocrx_word' id='word_1_450' title='bbox 1734 5135 1961 5205; x_wconf 90' lang='lat' dir='ltr'><strong>assequi</strong></span> <span class='ocrx_word' id='word_1_451' title='bbox 1988 5153 2107 5206; x_wconf 85' lang='lat' dir='ltr'><strong>pos—</strong></span> 
     </span>
    </p>
   </div>
   <div class='ocr_carea' id='block_1_68' title="bbox 471 5215 2107 5287">
    <p class='ocr_par' dir='ltr' id='par_1_68' title="bbox 471 5215 2107 5287">
     <span class='ocr_line' id='line_1_68' title="bbox 471 5215 2107 5287; baseline 0.007 -18"><span class='ocrx_word' id='word_1_452' title='bbox 471 5219 578 5281; x_wconf 88' lang='lat' dir='ltr'><strong>set,</strong></span> <span class='ocrx_word' id='word_1_453' title='bbox 610 5215 787 5269; x_wconf 88' lang='lat' dir='ltr'><strong>nullis</strong></span> <span class='ocrx_word' id='word_1_454' title='bbox 820 5217 1102 5272; x_wconf 85' lang='lat' dir='ltr'><strong>machinis</strong></span> <span class='ocrx_word' id='word_1_455' title='bbox 1151 5219 1496 5278; x_wconf 82' lang='lat' dir='ltr'><strong>abstinebat.</strong></span> <span class='ocrx_word' id='word_1_456' title='bbox 1530 5223 1914 5287; x_wconf 90' lang='lat' dir='ltr'><strong>Quamobrem</strong></span> <span class='ocrx_word' id='word_1_457' title='bbox 1950 5225 2107 5281; x_wconf 90' lang='lat' dir='ltr'><strong>Chri-</strong></span> 
     </span>
    </p>
   </div>
   <div class='ocr_carea' id='block_1_69' title="bbox 470 5302 2103 5384">
    <p class='ocr_par' dir='ltr' id='par_1_69' title="bbox 470 5302 2103 5384">
     <span class='ocr_line' id='line_1_69' title="bbox 470 5302 2103 5384; baseline 0.008 -27"><span class='ocrx_word' id='word_1_458' title='bbox 470 5302 641 5357; x_wconf 86' lang='lat' dir='ltr'><strong>stiani</strong></span> <span class='ocrx_word' id='word_1_459' title='bbox 663 5320 865 5359; x_wconf 89' lang='lat' dir='ltr'><strong>omnes</strong></span> <span class='ocrx_word' id='word_1_460' title='bbox 889 5305 1276 5375; x_wconf 86' lang='lat' dir='ltr'><strong>illiusjudicis</strong></span> <span class='ocrx_word' id='word_1_461' title='bbox 1299 5311 1487 5365; x_wconf 88' lang='lat' dir='ltr'><strong>minas</strong></span> <span class='ocrx_word' id='word_1_462' title='bbox 1513 5311 1978 5384; x_wconf 84' lang='lat' dir='ltr'><strong>extimescentes,</strong></span> <span class='ocrx_word' id='word_1_463' title='bbox 2006 5316 2103 5370; x_wconf 89' lang='lat' dir='ltr'><strong>alii</strong></span> 
     </span>
    </p>
   </div>
   <div class='ocr_carea' id='block_1_70' title="bbox 467 5388 2107 5465">
    <p class='ocr_par' dir='ltr' id='par_1_70' title="bbox 467 5388 2107 5465">
     <span class='ocr_line' id='line_1_70' title="bbox 467 5388 2107 5465; baseline 0.01 -22"><span class='ocrx_word' id='word_1_464' title='bbox 467 5389 526 5443; x_wconf 91' lang='lat' dir='ltr'><strong>in</strong></span> <span class='ocrx_word' id='word_1_465' title='bbox 560 5388 931 5448; x_wconf 83' lang='lat' dir='ltr'><strong>solitudinem</strong></span> <span class='ocrx_word' id='word_1_466' title='bbox 954 5394 1351 5465; x_wconf 86' lang='lat' dir='ltr'><strong>aufugiebant,</strong></span> <span class='ocrx_word' id='word_1_467' title='bbox 1384 5396 1480 5452; x_wconf 89' lang='lat' dir='ltr'><strong>alii</strong></span> <span class='ocrx_word' id='word_1_468' title='bbox 1514 5414 1573 5453; x_wconf 92' lang='lat' dir='ltr'><strong>se</strong></span> <span class='ocrx_word' id='word_1_469' title='bbox 1596 5398 1956 5457; x_wconf 88' lang='lat' dir='ltr'><strong>Christianos</strong></span> <span class='ocrx_word' id='word_1_470' title='bbox 1978 5420 2107 5460; x_wconf 92' lang='lat' dir='ltr'><strong>esse</strong></span> 
     </span>
    </p>
   </div>
   <div class='ocr_carea' id='block_1_71' title="bbox 467 5474 2105 5562">
    <p class='ocr_par' dir='ltr' id='par_1_71' title="bbox 467 5474 2105 5562">
     <span class='ocr_line' id='line_1_71' title="bbox 467 5474 2105 5562; baseline 0.012 -35"><span class='ocrx_word' id='word_1_471' title='bbox 467 5474 927 5547; x_wconf 86' lang='lat' dir='ltr'><strong>dissimulantes,</strong></span> <span class='ocrx_word' id='word_1_472' title='bbox 958 5481 1317 5552; x_wconf 89' lang='lat' dir='ltr'><strong>impietatem</strong></span> <span class='ocrx_word' id='word_1_473' title='bbox 1351 5484 1731 5544; x_wconf 86' lang='lat' dir='ltr'><strong>simulabant.</strong></span> <span class='ocrx_word' id='word_1_474' title='bbox 1763 5489 2105 5562; x_wconf 90' lang='lat' dir='ltr'><strong>Quicunque</strong></span> 
     </span>
    </p>
   </div>
   <div class='ocr_carea' id='block_1_72' title="bbox 466 5564 2104 5643">
    <p class='ocr_par' dir='ltr' id='par_1_72' title="bbox 466 5564 2104 5643">
     <span class='ocr_line' id='line_1_72' title="bbox 466 5564 2104 5643; baseline 0.01 -24"><span class='ocrx_word' id='word_1_475' title='bbox 466 5578 600 5619; x_wconf 88' lang='lat' dir='ltr'><strong>vero</strong></span> <span class='ocrx_word' id='word_1_476' title='bbox 631 5564 902 5634; x_wconf 88' lang='lat' dir='ltr'><strong>pietatem</strong></span> <span class='ocrx_word' id='word_1_477' title='bbox 935 5570 1193 5639; x_wconf 75' lang='lat' dir='ltr'><strong>profiteri</strong></span> <span class='ocrx_word' id='word_1_478' title='bbox 1224 5571 1514 5643; x_wconf 88' lang='lat' dir='ltr'><strong>volebant,</strong></span> <span class='ocrx_word' id='word_1_479' title='bbox 1546 5576 1943 5636; x_wconf 86' lang='lat' dir='ltr'><strong>acerbissimis</strong></span> <span class='ocrx_word' id='word_1_480' title='bbox 1975 5594 2104 5635; x_wconf 90' lang='lat' dir='ltr'><strong>cru-</strong></span> 
     </span>
    </p>
   </div>
   <div class='ocr_carea' id='block_1_73' title="bbox 473 5648 1147 5713">
    <p class='ocr_par' dir='ltr' id='par_1_73' title="bbox 473 5648 1147 5713">
     <span class='ocr_line' id='line_1_73' title="bbox 473 5648 1147 5713; baseline 0.015 -11"><span class='ocrx_word' id='word_1_481' title='bbox 473 5648 723 5707; x_wconf 84' lang='lat' dir='ltr'><strong>ciatibus</strong></span> <span class='ocrx_word' id='word_1_482' title='bbox 754 5655 1147 5713; x_wconf 84' lang='lat' dir='ltr'><strong>tradebantur.</strong></span> 
     </span>
    </p>
   </div>
   <div class='ocr_carea' id='block_1_74' title="bbox 2294 4327 3863 4407">
    <p class='ocr_par' dir='ltr' id='par_1_74' title="bbox 2294 4327 3863 4407">
     <span class='ocr_line' id='line_1_74' title="bbox 2294 4327 3863 4407; baseline -0.001 -20"><span class='ocrx_word' id='word_1_483' title='bbox 2294 4336 2355 4391; x_wconf 88' lang='grc' dir='ltr'><strong>Β.</strong></span> <span class='ocrx_word' id='word_1_484' title='bbox 2398 4334 2678 4407; x_wconf 84' lang='grc' dir='ltr'>’Όπουπερ</span> <span class='ocrx_word' id='word_1_485' title='bbox 2747 4334 2914 4388; x_wconf 78' lang='grc' dir='ltr'>αὐτοῦ</span> <span class='ocrx_word' id='word_1_486' title='bbox 2981 4327 3354 4407; x_wconf 89' lang='grc' dir='ltr'>διατρίϐοντος</span> <span class='ocrx_word' id='word_1_487' title='bbox 3401 4331 3491 4384; x_wconf 84' lang='grc' dir='ltr'><strong>καὶ</strong></span> <span class='ocrx_word' id='word_1_488' title='bbox 3540 4334 3713 4385; x_wconf 79' lang='grc' dir='ltr'>πᾶσαν</span> <span class='ocrx_word' id='word_1_489' title='bbox 3768 4332 3863 4402; x_wconf 70' lang='grc' dir='ltr'>μὲν</span> 
     </span>
    </p>
   </div>
   <div class='ocr_carea' id='block_1_75' title="bbox 2219 4417 3861 4499">
    <p class='ocr_par' dir='ltr' id='par_1_75' title="bbox 2219 4417 3861 4499">
     <span class='ocr_line' id='line_1_75' title="bbox 2219 4417 3861 4499; baseline -0.001 -24"><span class='ocrx_word' id='word_1_490' title='bbox 2219 4420 2511 4484; x_wconf 78' lang='grc' dir='ltr'>ἀσκοῦντος</span> <span class='ocrx_word' id='word_1_491' title='bbox 2571 4420 2921 4499; x_wconf 86' lang='grc' dir='ltr'>φιλοσοφίαν,</span> <span class='ocrx_word' id='word_1_492' title='bbox 2972 4421 3115 4494; x_wconf 81' lang='grc' dir='ltr'>πάσῃ</span> <span class='ocrx_word' id='word_1_493' title='bbox 3176 4417 3233 4474; x_wconf 74' lang='grc' dir='ltr'>δὲ</span> <span class='ocrx_word' id='word_1_494' title='bbox 3284 4418 3478 4475; x_wconf 84' lang='grc' dir='ltr'>λοιπὸν</span> <span class='ocrx_word' id='word_1_495' title='bbox 3522 4419 3711 4474; x_wconf 63' lang='grc' dir='ltr'>ἑαυτὸν</span> <span class='ocrx_word' id='word_1_496' title='bbox 3769 4419 3861 4474; x_wconf 77' lang='grc' dir='ltr'><strong>ἐκ-</strong></span> 
     </span>
    </p>
   </div>
   <div class='ocr_carea' id='block_1_76' title="bbox 2219 4504 3854 4586">
    <p class='ocr_par' dir='ltr' id='par_1_76' title="bbox 2219 4504 3854 4586">
     <span class='ocr_line' id='line_1_76' title="bbox 2219 4504 3854 4586; baseline -0.004 -20"><span class='ocrx_word' id='word_1_497' title='bbox 2219 4508 2401 4573; x_wconf 85' lang='grc' dir='ltr'>δόντος</span> <span class='ocrx_word' id='word_1_498' title='bbox 2462 4511 2846 4586; x_wconf 83' lang='grc' dir='ltr'>σκληραγωγίᾳ</span> <span class='ocrx_word' id='word_1_499' title='bbox 2900 4510 2990 4564; x_wconf 79' lang='grc' dir='ltr'><strong>καὶ</strong></span> <span class='ocrx_word' id='word_1_500' title='bbox 3052 4510 3168 4584; x_wconf 89' lang='grc' dir='ltr'>βίον</span> <span class='ocrx_word' id='word_1_501' title='bbox 3232 4512 3433 4578; x_wconf 88' lang='grc' dir='ltr'>ζῶντος</span> <span class='ocrx_word' id='word_1_502' title='bbox 3487 4504 3574 4561; x_wconf 74' lang='grc' dir='ltr'>διὰ</span> <span class='ocrx_word' id='word_1_503' title='bbox 3632 4508 3854 4582; x_wconf 83' lang='grc' dir='ltr'>Χριετὸν</span> 
     </span>
    </p>
   </div>
   <div class='ocr_carea' id='block_1_77' title="bbox 2217 4592 3854 4674">
    <p class='ocr_par' dir='ltr' id='par_1_77' title="bbox 2217 4592 3854 4674">
     <span class='ocr_line' id='line_1_77' title="bbox 2217 4592 3854 4674; baseline -0.002 -20"><span class='ocrx_word' id='word_1_504' title='bbox 2217 4597 2481 4674; x_wconf 81' lang='grc' dir='ltr'>ὀδυνηρὸν</span> <span class='ocrx_word' id='word_1_505' title='bbox 2562 4600 2650 4653; x_wconf 81' lang='grc' dir='ltr'><strong>καὶ</strong></span> <span class='ocrx_word' id='word_1_506' title='bbox 2744 4598 3023 4668; x_wconf 77' lang='grc' dir='ltr'>ἐπίπονον,</span> <span class='ocrx_word' id='word_1_507' title='bbox 3100 4592 3507 4670; x_wconf 89' lang='grc' dir='ltr'>καταλαμϐάνει</span> <span class='ocrx_word' id='word_1_508' title='bbox 3594 4594 3854 4666; x_wconf 74' lang='grc' dir='ltr'>δικαστὴς</span> 
     </span>
    </p>
   </div>
   <div class='ocr_carea' id='block_1_78' title="bbox 2214 4687 3852 4764">
    <p class='ocr_par' dir='ltr' id='par_1_78' title="bbox 2214 4687 3852 4764">
     <span class='ocr_line' id='line_1_78' title="bbox 2214 4687 3852 4764; baseline -0.002 -19"><span class='ocrx_word' id='word_1_509' title='bbox 2214 4692 2312 4758; x_wconf 77' lang='grc' dir='ltr'><strong>την</strong></span> <span class='ocrx_word' id='word_1_510' title='bbox 2353 4687 2741 4763; x_wconf 78' lang='grc' dir='ltr'>Ἀλεξανδρὲων</span> <span class='ocrx_word' id='word_1_511' title='bbox 2799 4688 3163 4759; x_wconf 71' lang='grc' dir='ltr'>ἀπηνὲστατός</span> <span class='ocrx_word' id='word_1_512' title='bbox 3227 4708 3285 4743; x_wconf 86' lang='grc' dir='ltr'><strong>τε</strong></span> <span class='ocrx_word' id='word_1_513' title='bbox 3340 4688 3430 4741; x_wconf 86' lang='grc' dir='ltr'><strong>καὶ</strong></span> <span class='ocrx_word' id='word_1_514' title='bbox 3492 4688 3852 4764; x_wconf 80' lang='grc' dir='ltr'>ἀγριώτατος,</span> 
     </span>
    </p>
   </div>
   <div class='ocr_carea' id='block_1_79' title="bbox 2214 4774 3853 4853">
    <p class='ocr_par' dir='ltr' id='par_1_79' title="bbox 2214 4774 3853 4853">
     <span class='ocr_line' id='line_1_79' title="bbox 2214 4774 3853 4853; baseline -0.004 -18"><span class='ocrx_word' id='word_1_515' title='bbox 2214 4777 2391 4835; x_wconf 76' lang='grc' dir='ltr'>τᾶἱλλα</span> <span class='ocrx_word' id='word_1_516' title='bbox 2439 4779 2533 4852; x_wconf 76' lang='grc' dir='ltr'>μὶν</span> <span class='ocrx_word' id='word_1_517' title='bbox 2584 4776 2799 4841; x_wconf 81' lang='grc' dir='ltr'>οὐδενὸς</span> <span class='ocrx_word' id='word_1_518' title='bbox 2829 4779 2990 4848; x_wconf 78' lang='grc' dir='ltr'>ἀξιῶν</span> <span class='ocrx_word' id='word_1_519' title='bbox 3042 4777 3236 4853; x_wconf 85' lang='grc' dir='ltr'>λόγου,</span> <span class='ocrx_word' id='word_1_520' title='bbox 3273 4775 3411 4832; x_wconf 84' lang='grc' dir='ltr'>ὥστε</span> <span class='ocrx_word' id='word_1_521' title='bbox 3451 4774 3508 4831; x_wconf 74' lang='grc' dir='ltr'>δὲ</span> <span class='ocrx_word' id='word_1_522' title='bbox 3535 4780 3705 4829; x_wconf 80' lang='grc' dir='ltr'>πᾶσαν</span> <span class='ocrx_word' id='word_1_523' title='bbox 3738 4777 3853 4830; x_wconf 80' lang='grc' dir='ltr'>κατ’</span> 
     </span>
    </p>
   </div>
   <div class='ocr_carea' id='block_1_80' title="bbox 2220 4862 3850 4941">
    <p class='ocr_par' dir='ltr' id='par_1_80' title="bbox 2220 4862 3850 4941">
     <span class='ocr_line' id='line_1_80' title="bbox 2220 4862 3850 4941; baseline -0.003 -20"><span class='ocrx_word' id='word_1_524' title='bbox 2220 4867 2383 4941; x_wconf 79' lang='grc' dir='ltr'>ἄκρας</span> <span class='ocrx_word' id='word_1_525' title='bbox 2438 4867 2535 4935; x_wconf 79' lang='grc' dir='ltr'><strong>τήν</strong></span> <span class='ocrx_word' id='word_1_526' title='bbox 2578 4865 2741 4921; x_wconf 85' lang='grc' dir='ltr'>πόλιν</span> <span class='ocrx_word' id='word_1_527' title='bbox 2795 4865 2923 4922; x_wconf 66' lang='grc' dir='ltr'>ε’ἷσω</span> <span class='ocrx_word' id='word_1_528' title='bbox 2972 4871 3082 4923; x_wconf 91' lang='grc' dir='ltr'><strong>τῶν</strong></span> <span class='ocrx_word' id='word_1_529' title='bbox 3115 4868 3304 4923; x_wconf 68' lang='grc' dir='ltr'>ἑαυτοῦ</span> <span class='ocrx_word' id='word_1_530' title='bbox 3363 4864 3594 4921; x_wconf 86' lang='grc' dir='ltr'>δικτύων</span> <span class='ocrx_word' id='word_1_531' title='bbox 3640 4862 3850 4932; x_wconf 84' lang='grc' dir='ltr'>λαϐεῖν,</span> 
     </span>
    </p>
   </div>
   <div class='ocr_carea' id='block_1_81' title="bbox 2216 4951 3851 5029">
    <p class='ocr_par' dir='ltr' id='par_1_81' title="bbox 2216 4951 3851 5029">
     <span class='ocr_line' id='line_1_81' title="bbox 2216 4951 3851 5029; baseline -0.002 -19"><span class='ocrx_word' id='word_1_532' title='bbox 2216 4956 2305 5010; x_wconf 82' lang='grc' dir='ltr'><strong>καὶ</strong></span> <span class='ocrx_word' id='word_1_533' title='bbox 2360 4957 2583 5029; x_wconf 79' lang='grc' dir='ltr'>θήραμα</span> <span class='ocrx_word' id='word_1_534' title='bbox 2640 4958 2830 5029; x_wconf 85' lang='grc' dir='ltr'>πικρὸν</span> <span class='ocrx_word' id='word_1_535' title='bbox 2888 4951 3135 5019; x_wconf 83' lang='grc' dir='ltr'>ἀσεϐείας</span> <span class='ocrx_word' id='word_1_536' title='bbox 3178 4956 3530 5025; x_wconf 78' lang='grc' dir='ltr'>ποιήσασθαι,</span> <span class='ocrx_word' id='word_1_537' title='bbox 3590 4951 3851 5027; x_wconf 70' lang='grc' dir='ltr'>οὐδεμιᾶ</span> 
     </span>
    </p>
   </div>
   <div class='ocr_carea' id='block_1_82' title="bbox 2216 5043 3856 5122">
    <p class='ocr_par' dir='ltr' id='par_1_82' title="bbox 2216 5043 3856 5122">
     <span class='ocr_line' id='line_1_82' title="bbox 2216 5043 3856 5122; baseline -0.002 -23"><span class='ocrx_word' id='word_1_538' title='bbox 2216 5065 2275 5099; x_wconf 92' lang='grc' dir='ltr'><strong>το</strong></span> <span class='ocrx_word' id='word_1_539' title='bbox 2334 5044 2582 5119; x_wconf 80' lang='grc' dir='ltr'>παράπαν</span> <span class='ocrx_word' id='word_1_540' title='bbox 2644 5052 2899 5122; x_wconf 79' lang='grc' dir='ltr'>μηχανῆς</span> <span class='ocrx_word' id='word_1_541' title='bbox 2955 5046 3321 5120; x_wconf 78' lang='grc' dir='ltr'>ἀπεχόμενος.</span> <span class='ocrx_word' id='word_1_542' title='bbox 3363 5047 3519 5099; x_wconf 82' lang='grc' dir='ltr'>Ὅθεν</span> <span class='ocrx_word' id='word_1_543' title='bbox 3567 5043 3658 5098; x_wconf 79' lang='grc' dir='ltr'><strong>καὶ</strong></span> <span class='ocrx_word' id='word_1_544' title='bbox 3716 5046 3856 5115; x_wconf 83' lang='grc' dir='ltr'>Χρι-</span> 
     </span>
    </p>
   </div>
   <div class='ocr_carea' id='block_1_83' title="bbox 2217 5130 3854 5207">
    <p class='ocr_par' dir='ltr' id='par_1_83' title="bbox 2217 5130 3854 5207">
     <span class='ocr_line' id='line_1_83' title="bbox 2217 5130 3854 5207; baseline -0.001 -20"><span class='ocrx_word' id='word_1_545' title='bbox 2217 5134 2423 5188; x_wconf 85' lang='grc' dir='ltr'>στιανοὶ</span> <span class='ocrx_word' id='word_1_546' title='bbox 2476 5134 2691 5203; x_wconf 84' lang='grc' dir='ltr'>πάντες,</span> <span class='ocrx_word' id='word_1_547' title='bbox 2724 5135 2775 5188; x_wconf 78' lang='grc' dir='ltr'>οἱ</span> <span class='ocrx_word' id='word_1_548' title='bbox 2819 5135 2910 5207; x_wconf 81' lang='grc' dir='ltr'>μὲν</span> <span class='ocrx_word' id='word_1_549' title='bbox 2945 5131 3050 5188; x_wconf 80' lang='grc' dir='ltr'>δὲει</span> <span class='ocrx_word' id='word_1_550' title='bbox 3089 5139 3195 5189; x_wconf 90' lang='grc' dir='ltr'><strong>τῶν</strong></span> <span class='ocrx_word' id='word_1_551' title='bbox 3224 5132 3488 5201; x_wconf 82' lang='grc' dir='ltr'>ἀπειλῶν,</span> <span class='ocrx_word' id='word_1_552' title='bbox 3522 5132 3597 5193; x_wconf 80' lang='grc' dir='ltr'><strong>είς</strong></span> <span class='ocrx_word' id='word_1_553' title='bbox 3623 5130 3854 5204; x_wconf 78' lang='grc' dir='ltr'>ἐρημίας</span> 
     </span>
    </p>
   </div>
   <div class='ocr_carea' id='block_1_84' title="bbox 2216 5219 3852 5298">
    <p class='ocr_par' dir='ltr' id='par_1_84' title="bbox 2216 5219 3852 5298">
     <span class='ocr_line' id='line_1_84' title="bbox 2216 5219 3852 5298; baseline -0.002 -22"><span class='ocrx_word' id='word_1_554' title='bbox 2216 5220 2629 5298; x_wconf 75' lang='grc' dir='ltr'>ἐφυγαδεύοντο,</span> <span class='ocrx_word' id='word_1_555' title='bbox 2664 5223 2715 5275; x_wconf 76' lang='grc' dir='ltr'>οἱ</span> <span class='ocrx_word' id='word_1_556' title='bbox 2766 5219 2842 5291; x_wconf 72' lang='grc' dir='ltr'>δὲ,</span> <span class='ocrx_word' id='word_1_557' title='bbox 2885 5223 2973 5276; x_wconf 90' lang='grc' dir='ltr'>τὸν</span> <span class='ocrx_word' id='word_1_558' title='bbox 3034 5222 3455 5296; x_wconf 75' lang='grc' dir='ltr'>Χριστιανισμόν</span> <span class='ocrx_word' id='word_1_559' title='bbox 3500 5221 3852 5294; x_wconf 84' lang='grc' dir='ltr'>κρύπτοντες,</span> 
     </span>
    </p>
   </div>
   <div class='ocr_carea' id='block_1_85' title="bbox 2211 5304 3851 5383">
    <p class='ocr_par' dir='ltr' id='par_1_85' title="bbox 2211 5304 3851 5383">
     <span class='ocr_line' id='line_1_85' title="bbox 2211 5304 3851 5383; baseline -0.002 -21"><span class='ocrx_word' id='word_1_560' title='bbox 2211 5311 2308 5378; x_wconf 77' lang='grc' dir='ltr'>τὴν</span> <span class='ocrx_word' id='word_1_561' title='bbox 2368 5304 2610 5364; x_wconf 80' lang='grc' dir='ltr'>ἀσὲϐειαν</span> <span class='ocrx_word' id='word_1_562' title='bbox 2667 5310 3039 5383; x_wconf 76' lang='grc' dir='ltr'>ὑπεκρίνοντο,</span> <span class='ocrx_word' id='word_1_563' title='bbox 3099 5310 3255 5365; x_wconf 87' lang='grc' dir='ltr'>Ὅσοι</span> <span class='ocrx_word' id='word_1_564' title='bbox 3320 5305 3375 5362; x_wconf 77' lang='grc' dir='ltr'>δὲ</span> <span class='ocrx_word' id='word_1_565' title='bbox 3440 5307 3526 5361; x_wconf 76' lang='grc' dir='ltr'>καὶ</span> <span class='ocrx_word' id='word_1_566' title='bbox 3604 5310 3851 5379; x_wconf 84' lang='grc' dir='ltr'>φανερῶς</span> 
     </span>
    </p>
   </div>
   <div class='ocr_carea' id='block_1_86' title="bbox 2212 5393 3852 5473">
    <p class='ocr_par' dir='ltr' id='par_1_86' title="bbox 2212 5393 3852 5473">
     <span class='ocr_line' id='line_1_86' title="bbox 2212 5393 3852 5473; baseline -0.002 -20"><span class='ocrx_word' id='word_1_567' title='bbox 2212 5393 2449 5453; x_wconf 76' lang='grc' dir='ltr'>εὐσεϐεῖν</span> <span class='ocrx_word' id='word_1_568' title='bbox 2508 5395 2825 5467; x_wconf 74' lang='grc' dir='ltr'>ἐϐούλοντο,</span> <span class='ocrx_word' id='word_1_569' title='bbox 2892 5396 3147 5473; x_wconf 71' lang='grc' dir='ltr'>βασάνοις</span> <span class='ocrx_word' id='word_1_570' title='bbox 3224 5394 3515 5466; x_wconf 73' lang='grc' dir='ltr'>ἐξεδίδοντο</span> <span class='ocrx_word' id='word_1_571' title='bbox 3588 5395 3852 5469; x_wconf 82' lang='grc' dir='ltr'>πικροτά-</span> 
     </span>
    </p>
   </div>
   <div class='ocr_carea' id='block_1_87' title="bbox 2210 5508 2349 5549">
    <p class='ocr_par' dir='ltr' id='par_1_87' title="bbox 2210 5508 2349 5549">
     <span class='ocr_line' id='line_1_87' title="bbox 2210 5508 2349 5549; baseline -0.014 -6"><span class='ocrx_word' id='word_1_572' title='bbox 2210 5508 2349 5549; x_wconf 87' lang='grc' dir='ltr'>ταις.</span> 
     </span>
    </p>
   </div>
  </div>
