4128 6274
227 355 374 416 1321

295 517 351 566 Γ.
385 509 524 566 Τότε
579 507 758 562 τοίνυν
813 505 916 559 οὐκ
972 503 1036 572 ἦν
1079 501 1158 556 ἔτι
1214 499 1426 553 ἀνεκτὸν
1488 498 1786 574 Ἐπιμάχῳ
1831 497 1867 564 ἡ
1899 501 1960 566 Α

225 598 430 673 ἐρημία
485 597 573 651 καὶ
635 597 698 648 τὸ
755 591 983 664 ἄμικτον
1041 587 1214 644 ἐκεῖνο
1269 591 1368 641 τοῦ
1419 587 1542 660 βίου
1580 584 1671 639 καὶ
1727 584 1872 638 ἀκοι-

223 668 491 756 νωνητον.
553 682 734 740 Ἀλλά
786 685 866 752 τῷ
932 681 1119 754 θερμῷ
1211 675 1336 748 περὶ
1417 677 1516 742 τὴν
1603 668 1872 727 εὐσέϐειαν

229 773 408 846 ζήλῳ,
446 775 546 841 τὴν
601 771 787 844 ψυχὴν
837 763 1171 844 σφοδρότατα
1209 760 1565 832 κινηθείς,καῖ
1604 759 1742 814 ὥστε
1793 761 1868 830 μή

225 864 428 931 ταύτην
459 857 792 935 ὑϐρίζεσθαι,
823 857 912 912 καὶ
955 862 1100 924 ζωῆς
1129 855 1242 926 ἅμα
1295 850 1386 906 κσίῖ
1440 849 1678 923 ἡσυχίας
1708 867 1872 902 κατα-

229 954 528 1028 φρονήσας,
578 951 812 1004 κάτεισιν
873 947 949 1008 εἴς
1018 944 1186 1017 μέσην
1244 943 1342 1009 τὴν
1392 937 1555 994 πόλιν
1613 937 1718 992 ἀπὸ

229 1023 485 1116 ἐρημίας,
525 1037 772 1113 πρόσεισι
814 1033 872 1090 δὲ
914 1038 994 1105 τῷ
1034 1033 1333 1107 τυραννικῷ
1419 1029 1626 1116 βήματι
1703 1023 1870 1116 μηδὲν

233 1111 696 1200 ὑποπτήξας-τῶν
739 1126 1054 1200 ὁρωμένων,
1091 1118 1260 1194 μηδὲν
1313 1121 1422 1172 τῶν
1472 1111 1658 1193 φοϐεῖν
1714 1112 1874 1168 δυνα-

231 1219 405 1291 μένων
452 1215 842 1290 καταπλαγεὶς,
901 1212 991 1266 καὶ
1046 1213 1209 1265 τοῦτο
1275 1211 1494 1279 πρῶτον
1578 1203 1874 1278 ἆρίστευμα

227 1311 327 1381 τῇς
385 1311 696 1378 θαυμαστῆς
754 1303 918 1357 αὐτοῦ
965 1303 1200 1353 ποιεῖται
1250 1299 1457 1373 ψυχῆς.
1507 1293 1640 1348 Εἶτα
1677 1293 1875 1381 ςκαθαι-

233 1403 316 1472 ρεῖ
365 1397 460 1468 μὶν
513 1393 800 1450 έῖδωλικὸν
849 1393 1055 1445 ’ἐκεῖνον
1108 1387 1297 1460 βωμὸν
1349 1383 1440 1438 καὶ
1515 1381 1591 1442 εἷς
1678 1377 1873 1456 ἔδαφος

227 1467 535 1555 ανατρεπει,
597 1485 738 1556 ὁμοῦ
796 1481 886 1535 καὶ
949 1477 1096 1552 χειρὶ
1184 1473 1398 1550 γενναίᾳ
1475 1472 1564 1525 καί
1649 1467 1874 1540 δυνάμει

229 1573 448 1648 ἅοράτῳ
508 1571 816 1645 χρώμενος.
893 1568 1070 1640 Ὀρμᾷ
1129 1560 1186 1618 δὲ
1237 1563 1325 1616 καί
1377 1560 1496 1614 κατ’
1550 1557 1714 1612 αὐτοῦ
1779 1561 1876 1610 τοῦ

233 1644 548 1730 δικάζοντος
611 1657 770 1732 θυμῷ
817 1654 1012 1726 δικαίῳ
1055 1653 1149 1708 τὸν
1184 1647 1442 1724 ὑϐριστὴν
1485 1647 1574 1702 καὶ
1615 1649 1749 1701 Θεοῦ
1787 1644 1878 1698 καὶ

229 1752 414 1822 νόμων
469 1751 627 1823 ἱερῶν
685 1745 1045 1820 ἀμυνόμενος.
1105 1741 1210 1797 Καὶ
1271 1737 1318 1793 ε’ί
1375 1757 1438 1812 γε
1468 1739 1545 1810 μὴ
1589 1736 1734 1808 παρὰ
1769 1737 1878 1787 τῶν

233 1837 446 1894 ἐκείνου
496 1835 814 1910 δορυφόρων
877 1839 982 1901 τῆς
1057 1831 1238 1904 ὁρμῇς
1311 1825 1603 1900 ἐπεσχέθη,
1678 1827 1879 1894 πτῶμα

235 1925 482 2000 δακρύων
513 1924 659 1993 ἄξιον
685 1921 765 1983 ἂν,
796 1923 826 1975 ὁ
853 1919 1111 1994 τύραννος
1149 1916 1343 1972 ἔκειτο.

307 2237 378 2290 Δ’.
428 2237 601 2304 “Οπερ
659 2233 861 2294 ἐκεῖνος
921 2229 1020 2285 ούκ
1075 2227 1331 2304 ἔνεγκὼν,
1361 2223 1510 2280 ἀλλὰ
1559 2221 1726 2296 μέσην
1777 2223 1877 2290 τήν

239 2321 464 2400 καρδίαν
510 2323 613 2378 ὑπὸ
677 2329 776 2390 τῆς
825 2321 997 2395 ὀργῆς
1047 2317 1324 2384 ἆνατέσας,
1384 2313 1467 2369 ὅτι
1532 2333 1632 2386 περ
1707 2310 1879 2400 οὕτως

233 2411 462 2482 εὐτελὴς
512 2411 650 2486 ἂνὴρ
708 2408 1004 2484 αὐχμηρὸς
1073 2407 1173 2474 τήν
1255 2405 1458 2477 κόμην,
1544 2399 1761 2474 οἰκτρὸς
1817 2398 1880 2451 τὸ

229 2497 524 2576 τριϐώνιον
582 2500 718 2572 μετὰ
764 2501 1032 2566 τοσαύτης
1097 2495 1242 2565 αὖτῷ
1299 2500 1398 2564 τῆς
1445 2488 1663 2576 τόλμης
1709 2507 1884 2563 προσ-

234 2591 506 2666 ενεχθείη,
539 2590 756 2666 φυλακῇ
786 2589 876 2644 τὸν
911 2587 1064 2664 ἅγιον
1097 2585 1186 2640 καὶ
1220 2581 1442 2656 δεσμοῖς
1485 2575 1879 2654 παραδίδωσιν.

235 2679 324 2734 οἶα
382 2674 701 2751 παράϐολὸν
775 2699 827 2732 τι
883 2675 972 2730 καὶ
1041 2671 1206 2748 θρασὺ
1257 2669 1581 2746 δεδρακότα,
1621 2667 1714 2722 καὶ
1778 2667 1878 2734 τήν

235 2767 392 2838 δίκην
440 2767 588 2837 ἀξίαν
631 2767 906 2842 ὑφέξοντα.
959 2762 1210 2822 Πολλοὺς
1263 2761 1358 2832 μέν
1412 2759 1503 2812 οὗν
1552 2756 1644 2810 καὶ
1674 2753 1880 2815 ἄλλους

233 2857 356 2934 εἶχε
410 2857 473 2910 τὸ
531 2852 908 2928 δεσμωτήριον
976 2852 1107 2924 ὑπερ
1176 2843 1446 2908 εὐσεϐείας
1519 2845 1610 2899 καὶ
1686 2843 1881 2902 αὐτοὺς

232 2932 812 3014 κατακεκλεισμένους.
883 2936 1061 2995 Ἀλλὰ
1126 2941 1286 2990 πᾶσιν
1347 2935 1534 2994 αὐτοῖς
1595 2932 1738 3005 ῥοπὴ
1785 2951 1882 3002 με-

233 3035 398 3108 γίστη
440 3031 530 3086 καὶ
589 3031 726 3103 πρὸς
780 3029 843 3083 τὸ
904 3025 1197 3100 μαρτόριον
1245 3021 1612 3097 παράκλησις,
1645 3019 1673 3072 ὁ
1713 3017 1880 3077 καλὸς

229 3103 462 3189 κατέστη
523 3117 866 3192 Ἐπίμαχος’
933 3112 1155 3186 ἀμελῶν
1213 3109 1306 3184 μὲν
1363 3113 1472 3164 τῶν
1510 3107 1627 3162 καθ’
1693 3103 1880 3167 ἒαυτὸς

1412 339 1880 400 MARTYRIUM
1925 341 1988 399 S.
2035 338 2431 398 EPIMACHI.

3465 347 3624 406 1322
3659 337 3664 362 ³

2053 497 2145 552 ΙΙΙ.
2203 501 2358 553 Tunc
2415 497 2594 570 igitur
2635 497 2950 570 Epimacho
3008 501 3264 560 solitudo
3323 505 3456 576 ipsa
3509 523 3666 562 non

1981 586 2234 658 amplius
2263 587 2371 641 fuit
2399 586 2694 658 optabilis,
2739 603 2929 659 neque
2962 589 3065 646 illa
3112 592 3242 648 vitae
3293 595 3434 649 ratio
3465 599 3630 664 grata

1981 679 2120 742 erat,
2153 691 2271 746 qua
2317 675 2805 732 consuetudinem
2845 683 2904 732 et
2933 678 3237 735 hominum
3267 680 3628 752 impietatem

1982 763 2202 820 vitabat
2232 783 2247 831 ;
2295 763 2395 819 sed
2430 763 2642 819 amoris
2682 765 2890 821 ardore
2921 766 2978 821 in
3011 767 3112 822 Dei
3156 768 3418 838 pietatem
3447 771 3625 825 vehe-

1983 851 2349 907 mentissime
2377 867 2678 918 accensus,
2709 857 2768 908 et
2794 853 2916 910 zelo
2946 856 3199 925 quodam
3233 873 3442 928 magno
3473 860 3627 914 exci-

1985 946 2158 1010 tatus,
2205 940 2387 996 vitam
2420 939 2619 1008 simul,
2650 941 3023 998 solitudinem
3065 949 3125 999 et
3154 945 3408 1016 quietem
3463 946 3626 1003 illam

1984 1028 2354 1098 contempsit,
2383 1032 2440 1084 et
2469 1029 2541 1086 ab
2570 1045 2760 1085 eremo
2783 1030 2842 1086 in
2875 1032 3124 1086 mediam
3150 1033 3350 1088 urbem
3381 1035 3646 1090 descen-‘

1983 1119 2068 1173 dit
2100 1135 2114 1173 :
2160 1118 2426 1190 quiuimo
2470 1119 2616 1174 adiit
2654 1121 2724 1174 ad
2773 1120 3024 1175 tribunal
3055 1123 3310 1190 tyranni,
3345 1123 3492 1179 nihil
3524 1140 3623 1181 eo-

1984 1221 2116 1261 rum
2138 1211 2428 1271 metuens,
2459 1222 2582 1278 quae
2617 1209 2909 1280 corporeis
2943 1209 3126 1266 oculis
3158 1217 3496 1280 cernuntur,
3529 1228 3632 1268 ne-

1985 1311 2098 1363 que
2143 1293 2235 1348 his
2289 1293 2485 1356 rebus.
2517 1311 2642 1365 qua
2689 1299 2970 1352 terrorem
3015 1297 3305 1368 injiciunt,
3339 1305 3632 1370 perterre-

1983 1383 2184 1436 factus.
2217 1383 2406 1446 Quare
2435 1382 2842 1440 admirabilem
2876 1385 3060 1440 animi
3093 1387 3499 1443 fortitudinem
3531 1389 3632 1442 in-

1986 1471 2224 1526 dicavit.
2257 1472 2538 1542 Deinceps
2585 1473 2874 1529 idolorum
2919 1491 3078 1530 aram
3125 1479 3351 1545 evertit,
3390 1494 3633 1548 eamque

1987 1561 2111 1616 solo
2153 1561 2502 1632 adaequavit,
2553 1562 2762 1631 partim
2816 1578 3098 1634 generosa
3128 1570 3184 1620 et
3239 1566 3371 1621 forti
3431 1582 3629 1632 manu,

1985 1649 2198 1719 partim
2232 1649 2487 1719 potentia
2525 1651 2799 1720 quadam,
2833 1667 2951 1707 non
2991 1652 3271 1722 humana,
3303 1654 3404 1709 sed
3437 1652 3632 1708 divina

1987 1753 2148 1792 usus.
2183 1737 2272 1792 Ad
2306 1737 2428 1794 haec
2458 1742 2517 1793 et
2546 1739 2824 1794 adversus
2847 1739 3105 1809 judicem
3159 1741 3442 1812 impetum
3475 1741 3632 1808 fecit,

1909 1826 2139 1926 Bjusto
2170 1827 2425 1926 quodam
2459 1826 2652 1926 furore
2681 1826 2847 1881 illum
2884 1827 3194 1895 ulciscens,
3229 1829 3326 1898 qui
3357 1829 3542 1884 Deum
3575 1835 3632 1884 et

1986 1913 2116 1983 ejus
2145 1929 2336 1968 sacras
2365 1911 2518 1984 leges
2545 1913 2817 1969 violabat.
2855 1917 2920 1970 At
2951 1915 3066 1970 nisi
3094 1919 3166 1971 ab
3199 1917 3386 1987 ipsius
3418 1916 3636 1972 satelli-

1983 2002 2144 2056 tibus
2186 2001 2454 2072 martyris
2485 2001 2742 2073 impetus
2775 2002 3044 2059 detentus
3088 2005 3314 2072 fuisset,
3347 2013 3634 2077 tyrannus

1985 2089 2084 2144 ille
2116 2088 2436 2145 miserabili
2467 2103 2600 2145 casu
2617 2091 2920 2160 jaouisset.

2059 2221 2152 2279 ιν.
2213 2224 2350 2288 Qum
2397 2222 2598 2279 omnia
2651 2239 2786 2280 cum
2835 2225 3020 2296 judex
3057 2241 3175 2282 non
3231 2227 3430 2294 ferret,
3477 2229 3632 2298 quod

1988 2310 2160 2366 homo
2191 2315 2312 2366 tam
2359 2311 2494 2367 vilis
2526 2311 2578 2367 ei
2611 2313 2896 2382 abjectus,
2930 2328 3096 2369 coma
3125 2314 3459 2384 squalidus,
3499 2319 3636 2388 toga

1990 2400 2190 2467 miser,
2223 2404 2388 2455 tanto
2419 2401 2640 2470 impetu
2671 2401 2732 2456 in
2763 2416 2898 2455 sum
2923 2401 3148 2458 irruere
3165 2419 3346 2458 ausus
3366 2407 3544 2472 esset,
3577 2405 3636 2459 in

1989 2505 2276 2544 carcerem
2298 2493 2354 2544 et
2383 2488 2616 2545 vincula
2639 2490 2830 2544 virum
2853 2487 3022 2545 illum
3045 2491 3490 2548 sanctissimum
3509 2494 3638 2562 jus-

1991 2577 2066 2634 sit
2094 2578 2326 2648 conjici,
2362 2583 2672 2650 propterea
2699 2579 2853 2649 quod
2888 2579 3197 2635 audaciam
3229 2585 3288 2635 et
3347 2581 3638 2636 temerita-

1993 2675 2105 2723 tem
2140 2683 2414 2738 magnam
2439 2683 2552 2738 prae
2585 2683 2646 2723 se
2667 2667 2914 2723 tulerat:
2949 2669 3331 2740 quamobrem
3362 2675 3421 2725 et
3443 2670 3636 2740 justas

1989 2773 2190 2828 pmnas
2220 2755 2274 2810 ei
2303 2755 2714 2827 persolvendas
2735 2772 2862 2812 esse
2893 2756 3168 2813 decrevit.
3201 2757 3366 2814 Multi
3398 2757 3636 2829 quidem

1991 2843 2113 2910 alii,
2171 2851 2226 2898 et
2283 2845 2390 2912 ipsi
2442 2843 2676 2914 pietatis
2734 2860 2912 2899 causa
2960 2844 3242 2914 conclusi,
3276 2861 3508 2901 carcere
3535 2845 3634 2901 illo

1989 2931 2419 2987 detinebantur.
2445 2931 2555 2986 Sed
2579 2931 2694 2986 illis
2716 2933 2991 2987 omnibus
3009 2931 3264 2988 multum
3287 2933 3637 3005 adjumenti,

1989 3034 2322 3091 magnaque
2347 3019 2417 3074 ad
2443 3019 2782 3091 martyrium
2807 3019 3059 3076 libenter
3089 3021 3498 3092 perferendum
3532 3023 3634 3077 ad-

1989 3107 2242 3164 hortatio
2313 3113 2440 3164 erat
2496 3109 2800 3180 Epimachi
2857 3109 3035 3165 oratio
3093 3118 3267 3181 atque
3341 3110 3632 3178 alacritas,

232 3209 444 3278 δεινῶν,
503 3207 592 3261 καὶ
649 3211 749 3274 τῆς
805 3203 1024 3260 ἐκείνων
1075 3200 1358 3276 θεραπείας
1409 3193 1881 3269 ἐπιμελούμενος.

1997 3199 2206 3268 quippe
2236 3198 2392 3268 quod
2425 3213 2630 3253 omnes
2659 3198 2976 3266 cruciatus,
3001 3215 3148 3270 quos
3169 3199 3282 3254 sibi
3315 3203 3548 3271 paratos
3569 3217 3638 3254 ac

229 3300 465 3356 Ἔπειτα
495 3293 552 3350 δέ
589 3294 680 3348 καὶ
729 3293 1092 3368 παραινέσεως
1140 3293 1276 3363 πρὸς
1332 3287 1552 3355 αὐτοὺς,
1583 3285 1670 3339 καὶ
1733 3279 1882 3337 διδα-

231 3384 460 3445 σκαλίας
493 3381 820 3454 ἄπτόμενος,
862 3379 952 3435 καὶ
993 3378 1306 3455 συγκροτῶν
1346 3373 1568 3440 αὐτοὺς,
1626 3373 1880 3448 τειχίζων

231 3473 598 3548 πανταχόθεν,
643 3472 836 3546 νήφεεν
905 3471 1101 3538 ποιῶν,
1169 3465 1487 3525 ἀναλώτους
1553 3461 1702 3524 ὅλως
1768 3467 1884 3521 ταῖς

229 3566 330 3617 τοῦ
361 3561 563 3637 ἐχθροῦ
600 3563 884 3634 μηχαναῖς
915 3555 1298 3632 ἐργαζόμενος.

311 3865 386 3920 η’·
442 3863 936 3937 Ηαραστησάμενος
987 3863 1282 3934 τοιγαροῦν
1335 3856 1530 3918 αὐτοὺς
1572 3857 1600 3910 ὁ
1632 3853 1884 3924 δικάζων,

233 3953 326 4006 καὶ
367 3951 596 4008 πλείονα
639 3951 784 4024 παρᾶ
835 3949 981 4005 πολὺ
1037 3955 1140 4016 τῆς
1205 3945 1478 4020 προτέρας
1542 3945 1630 4000 καὶ
1689 3955 1889 4018 θερμο-

233 4042 399 4116 τέραν
449 4044 548 4110 τήν
607 4039 842 4094 ἔνστασιν
904 4035 1034 4092 ἱδὼν
1093 4033 1590 4107 ἐπιδεικνυμένόυς,
1647 4033 1892 4105 πυθόμε-

229 4148 327 4191 νος
373 4128 432 4185 δὲ
477 4129 567 4185 καὶ
623 4131 726 4198 τὴν
789 4125 966 4182 αἰτίαν
1021 4130 1120 4181 τοῦ
1168 4123 1514 4200 πράγματος,
1562 4122 1654 4176 καὶ
1703 4122 1888 4192 μαθὼν

232 4219 312 4278 ὡς
389 4217 704 4294 Ἐπιμάχου
753 4220 922 4270 ταῦτα
969 4209 1276 4287 συμϐουλαί
1325 4231 1385 4266 τε
1430 4210 1522 4264 καὶ
1594 4210 1889 4276 ὑποθῆκαι.

225 4307 464 4363 Τούτων
534 4308 629 4378 μὲν
683 4306 818 4378 μετὰ
847 4303 1066 4362 πολλὰς
1099 4298 1207 4372 ἤδη
1249 4299 1339 4354 καὶ
1377 4299 1688 4376 ἀφορήτους
1718 4318 1892 4370 τιμω-

235 4395 354 4468 ρίας
425 4396 670 4466 ἐκτέμνει
728 4394 824 4456 τᾶς
873 4391 1145 4466 γλώσσας·
1200 4390 1354 4444 αὗται
1435 4389 1536 4462 γὰρ
1613 4388 1749 4456 ἦσαν
1835 4385 1891 4438 αἱ

237 4483 404 4558 μέσην
458 4484 610 4553 αὐτῷ
679 4480 920 4554 μάλιστα
981 4479 1321 4548 πλήττουσαι
1361 4479 1460 4546 τήν
1521 4477 1710 4550 ψυχὴν
1769 4479 1889 4536 τοῖς

1997 3284 2322 3357 pr0positos
2377 3285 2634 3350 videbat,
2675 3285 2994 3356 negligens,
3055 3288 3128 3342 de
3175 3287 3408 3342 illorum
3454 3288 3644 3343 salute

1995 3382 2223 3430 tantum
2255 3377 2378 3429 erat
2422 3373 2730 3430 sollicitus.
2773 3376 2858 3428 Ad
2904 3375 3028 3432 hac
3056 3375 3557 3432 admonitionibus
3585 3383 3643 3432 et

1995 3463 2262 3518 doctrina
2291 3460 2481 3518 multa
2525 3477 2626 3518 eos
2669 3463 2998 3518 instruebat
3028 3469 3204 3536 atque
3236 3463 3647 3530 conﬁrmabat,

1997 3549 2256 3622 undique
2287 3552 2443 3622 ipsos
2475 3550 2771 3618 muniens,
2803 3551 3003 3620 eisque
3032 3552 3390 3622 persuadens
3411 3561 3474 3607 ut
3503 3551 3648 3624 vigi-

1999 3641 2187 3696 lantes
2216 3655 2284 3695 ac
2314 3639 2460 3694 tales
2481 3653 2610 3694 esse
2639 3639 2966 3707 studerent,
2997 3641 3100 3710 qui
3148 3641 3390 3696 omnino
3428 3641 3501 3696 ab
3542 3639 3646 3698 ho-

2001 3731 2106 3787 stis
2139 3730 2356 3786 diaboli
2386 3729 2670 3786 machinis
2699 3733 3022 3804 expugnari
3051 3749 3168 3788 non
3203 3735 3462 3803 possent.

2071 3865 2138 3919 V.
2197 3867 2342 3922 Cum
2398 3879 2531 3921 vero
2562 3866 2746 3936 judex
2793 3864 2925 3921 illos
2956 3867 3026 3922 ad
3060 3883 3120 3921 se
3167 3865 3302 3920 duci
3345 3865 3647 3936 jussisset,

1999 3972 2216 4027 eosque
2273 3955 2463 4011 multo
2519 3956 2908 4022 constantius,
2970 3973 3144 4029 quam
3187 3965 3376 4024 antea,
3430 3955 3646 4012 Christi

2000 4046 2422 4101 confessionem
2446 4044 2700 4114 proﬁteri
2725 4045 2990 4112 vidisset,
3022 4045 3266 4116 ejusque
3297 4045 3380 4100 rei
3411 4060 3644 4100 causam

1999 4133 2302 4202 Epimachi
2332 4131 2579 4188 consilia
2608 4137 2666 4186 et
2704 4133 3142 4188 adhortationes
3191 4132 3370 4188 fuisse
3420 4147 3646 4204 cogno-

1997 4221 2199 4288 visset,
2219 4219 2451 4276 illorum
2471 4219 2758 4285 omnium,
2779 4225 2914 4290 post.
2936 4219 3154 4276 multos
3175 4229 3229 4275 et
3250 4219 3649 4276 intolerabiles

1999 4308 2312 4377 cruciatus,
2359 4307 2592 4378 linguas
2623 4308 2886 4363 exscindi
2929 4309 3133 4378 jussit,
3164 4309 3277 4376 (his
3309 4309 3467 4363 enim
3525 4317 3649 4364 ute-

2001 4399 2213 4453 bantur
2241 4401 2525 4468 martyres
2555 4397 2626 4451 ad
2675 4395 2976 4451 veritatem
3035 4397 3484 4462 defendendam,
3517 4413 3648 4468 quis

2001 4500 2094 4540 res
2137 4483 2352 4554 judicia
2425 4483 2690 4537 animum
2749 4484 3006 4539 maxime
3061 4483 3382 4554 cruciabat)
3439 4483 3653 4538 deinde

231 4572 496 4644 ἐλέγχοις
527 4577 626 4638 τῆς
669 4568 950 4638 ἀληθείας.
995 4569 1130 4624 Εἶτα
1157 4568 1247 4622 καὶ
1295 4567 1432 4640 ξίφει
1481 4567 1574 4625 τὰς
1627 4583 1884 4638 μαρτυρι-

2001 4574 2335 4630 earumdem
2349 4571 2542 4642 capita
2553 4570 2740 4640 gladio
2755 4572 3068 4644 amputari.
3086 4575 3226 4628 Post
3247 4571 3371 4627 haec
3390 4571 3650 4626 vinctum

231 4663 332 4722 κάς
363 4659 546 4716 αὐτῶν
576 4657 817 4734 κεφαλὰς
846 4657 1174 4733 ἀφαιρεῖται.
1211 4655 1361 4712 Μετὰ
1407 4653 1464 4708 δέ
1494 4653 1721 4714 τούτους
1771 4650 1890 4726 ἄγει

234 4747 530 4820 δεσμώτην
585 4748 677 4801 τὸν
718 4750 962 4819 γενναῖον
1022 4745 1358 4816 Ἐπίμαχον,
1390 4743 1480 4797 καὶ
1521 4745 1634 4800 Ἵνα
1671 4741 1748 4810 τί,
1779 4763 1890 4817 (ρη-

234 4837 386 4904 σὶν,ὁ
419 4837 615 4908 σεμνὸς
647 4833 710 4888 σὺ
743 4834 834 4888 καὶ
861 4835 924 4888 τὸ
979 4829 1121 4894 εἶδος
1151 4831 1482 4902 ἀξιοθέατος,
1515 4830 1593 4892 εἰς
1631 4833 1889 4884 τοσοῦτον

231 4926 487 4996 ἐξέπεσας
537 4916 870 4990 δυσσεϐείας,
933 4921 1008 4982 ὡς
1062 4919 1140 4992 μή
1193 4914 1358 4990 μόνον
1408 4921 1590 4990 ἡμῶν,
1625 4915 1771 4972 ἄλλα
1801 4916 1892 4972 καὶ

233 5017 374 5072 θεὼν
426 5011 601 5066 αὐτῶν
660 5011 750 5066 καὶ
811 5009 1082 5085 βασιλέων
1151 5007 1564 5082 αὐτοκρατόρων
1612 5028 1890 5081 καταφρο-

231 5109 344 5160 νεῖν
377 5121 392 5170 ;
425 5100 782 5173 Ἀνθρώπους
834 5099 930 5171 μὲν
972 5097 1076 5173 γὰρ
1133 5093 1312 5166 ὄντας,
1367 5097 1571 5172 ἀνάγκη
1621 5095 1894 5156 πολλάκις

235 5187 576 5271 σφάλλεσθαι
633 5191 730 5242 τοῦ
787 5188 1186 5261 προσήκοντος,
1255 5185 1402 5252 πλὴν
1458 5182 1719 5239 ἀὶλ²ούκ
1774 5184 1896 5238 ἐπι-

237 5268 422 5357 μένειν
452 5275 533 5331 δεῖ
573 5281 691 5338 τοῖς
759 5275 966 5340 αὐτοῖς,
1026 5273 1174 5330 ἀλλὰ
1241 5268 1680 5346 μεταϐάλλεσθαι
1727 5273 1893 5329 πάλιν

237 5367 584 5448 διορθοῦσθαι
628 5366 694 5420 τὰ
751 5367 879 5438 παρ’
933 5367 1092 5438 ἡμῶν
1157 5366 1234 5437 μή
1277 5363 1510 5424 δεόντως
1541 5365 1892 5440 γεγενημένα,

235 5463 446 5521 Οὐκοῦν
492 5455 821 5530 ἀνθρωπίνῳ
877 5456 964 5510 καὶ
1021 5455 1181 5517 αὐτὸς
1239 5456 1400 5509 πάθει
1449 5453 1710 5516 ἑαλωκὼς
1767 5453 1896 5508 ἀνά-

235 5553 410 5627 νηψόν
443 5565 578 5602 ποτε
615 5545 706 5600 καὶ
754 5543 1082 5618 ἡμετέρους,
1134 5545 1278 5613 εἶξον
1317 5541 1722 5620 προστάγμασι,
1753 5544 1894 5598 θύων

238 5643 333 5698 σὺν
389 5639 528 5708 ἡμῖν
591 5637 708 5692 τοῖς
757 5637 904 5695 θεοῖς
977 5631 1066 5685 καὶ
1127 5631 1312 5692 αὐτοῖς
1374 5631 1594 5701 εύνοῶν,
1663 5631 1751 5684 καὶ
1821 5633 1896 5694 ὡς

575 5763 841 5821 ΡΑτειοι.
892 5763 1001 5819 Gn.
1049 5759 1220 5818 CXV.

2002 4663 2074 4718 ad
2101 4677 2165 4716 se
2195 4661 2328 4716 duci
2361 4660 2546 4730 jussit
2594 4675 2946 4732 generosum
3005 4659 3417 4732 Epimachum,
3470 4675 3643 4730 quem

1999 4751 2234 4805 intuens
2267 4765 2280 4803 :
2331 4749 2540 4815 Quare,
2572 4749 2787 4820 inquit,
2819 4754 2880 4804 tu
2912 4748 2999 4804 vir
3027 4749 3109 4803 ita
3139 4749 3349 4818 gravis,
3373 4753 3432 4804 et
3473 4747 3656 4802 forma

2001 4837 2326 4911 spectabili,
2375 4839 2448 4892 ad
2507 4853 2634 4892 eam
2689 4839 3050 4906 impietatem
3107 4837 3417 4909 prolapsus
3465 4853 3548 4906 es,
3592 4845 3656 4889 ut

2001 4943 2118 4984 non
2168 4925 2356 4982 solum
2389 4943 2516 4994 nos,
2551 4927 2647 4982 sed
2702 4927 2843 4981 deos
2874 4925 3052 4982 etiam
3085 4927 3249 4998 ipsos
3289 4931 3345 4980 et
3397 4925 3653 4996 impera-

2001 5021 2156 5071 tores
2187 5013 2640 5069 contemneres?
2671 5014 2948 5070 Homines
2979 5013 3215 5084 quidem
3249 5030 3402 5084 saepe
3431 5013 3504 5068 ab
3524 5011 3654 5067 offi-

2004 5105 2091 5160 cio
2123 5105 2392 5160 aberrare
2439 5119 2674 5159 necesse
2717 5109 2826 5172 est,
2860 5109 2922 5158 at
2972 5120 3086 5159 non
3143 5103 3310 5158 decet
3369 5101 3652 5157 tamenin

2004 5193 2212 5248 erratis
2244 5207 2610 5263 permanere,
2632 5193 2731 5248 sed
2755 5191 3072 5248 consilium
3107 5199 3358 5258 mutare,
3389 5196 3450 5245 et
3473 5189 3652 5245 corri-

2005 5297 2159 5352 gere,
2185 5297 2308 5353 quas
2341 5298 2458 5336 non
2491 5285 2641 5336 recte
2673 5297 2707 5336 a
2746 5281 2912 5336 nobis
2945 5281 3098 5335 facta
3145 5279 3381 5334 fuerint.
3427 5279 3654 5344 Quam—

2005 5370 2208 5426 obrem
2248 5375 2305 5424 et
2333 5375 2420 5434 tu,
2453 5385 2588 5424 cum
2619 5369 2882 5424 humano
2911 5385 3072 5425 more
3123 5367 3478 5440 peccaveris,
3527 5371 3654 5422 tan-

2007 5459 2139 5514 dem
2155 5457 2486 5529 resipisces,
2511 5464 2570 5514 et
2591 5459 2810 5514 nostris
2835 5459 3021 5529 jussis
3052 5455 3314 5526 obedias,
3345 5457 3654 5512 nobiscum

2009 5563 2128 5602 una
2151 5546 2264 5602 diis
2286 5547 2646 5614 sacrificans,
2671 5551 2726 5602 et
2743 5546 2801 5601 in
2825 5547 2956 5602 illos
2975 5545 3436 5602 benevolentiam
3457 5548 3654 5600 osten-

2009 5635 2179 5704 dens,
2213 5651 2306 5704 nc,
2337 5635 2386 5690 si
2438 5635 2578 5690 deos
2609 5634 2772 5707 ipsos
2829 5635 3094 5690 omnium
3154 5631 3422 5690 dominos
3471 5631 3666 5694 colere

3265 5764 3344 5822 42
