4128 6274
380 313 530 374 1323

1714 309 1770 364 Μ
1789 306 2000 364 ΕΝδίδ
2046 306 2423 366 OCTOBER.

3611 315 3766 372 1324

374 472 728 537 nolueris,tu
755 486 982 543 quoque
1012 469 1421 526 sceleratorum
1441 466 1745 522 hominum
1766 470 2013 521 mortem

2130 461 2388 522 δεσπότας
2433 465 2740 537 θεραπεύων
2792 465 3058 533 ἁπάντων,
3118 465 3213 520 *ίνα
3271 470 3347 538 μὴ
3411 470 3501 523 καὶ
3552 472 3612 523 σὺ
3670 472 3764 525 τὸν

373 561 631 630 patiaris.

445 650 537 705 VI.
570 649 656 703 Ad
686 649 806 703 haec
854 648 1305 704 ardentissimus
1340 645 1438 701 ille
1486 645 1746 703 veritatis
1797 662 2012 716 propu-

374 741 581 807 gnator
624 736 993 807 Epimachus,
1026 740 1286 804 apertam
1318 734 1476 789 illius
1508 732 1890 788 temeritatem
1925 747 2009 786 re-

376 828 687 897 darguens,
707 826 855 895 quod
880 826 1376 880 admonitionibus
1398 830 1453 881 et
1473 825 1737 880 doctrina
1752 840 1858 878 sua
1876 838 2011 877 eum

376 915 448 969 ad
480 914 838 984 impietatem
870 914 1168 984 impellere
1191 918 1436 968 conatus
1467 917 1640 977 esset,
1674 912 1745 967 ab
1776 910 2013 966 exordio

376 1002 655 1057 orationis
685 1018 805 1057 suae
836 1004 987 1068 fecit,
1040 1008 1101 1056 ut
1125 1007 1405 1072 tyrannus
1455 1002 1581 1072 ipse
1632 1000 1831 1055 statim
1885 1000 2013 1069 ejus

377 1079 632 1145 animum
657 1090 1029 1161 perspiceret,
1061 1095 1119 1145 et
1149 1091 1222 1145 ab
1254 1091 1412 1145 omni
1445 1107 1547 1161 spe
1569 1090 1877 1144 decideret.
1906 1090 2013 1156 Me,

376 1178 589 1249 inquit,
613 1179 864 1247 ojudex,
898 1196 1201 1249 nunquam
1235 1178 1305 1233 ab
1336 1195 1404 1233 ea
1436 1180 1669 1248 pietate,
1703 1178 1875 1245 cujus
1907 1192 2012 1246 ego

375 1268 651 1322 alumnus
684 1272 741 1321 et
787 1268 1013 1322 amicus
1044 1284 1196 1333 sum,
1230 1272 1290 1321 tu
1347 1273 1601 1321 avertere
1649 1266 1883 1338 poteris.
1934 1266 2014 1319 Ne

373 1354 552 1425 igitur
581 1354 653 1409 ad
712 1357 1035 1423 negandam
1086 1356 1293 1410 Christi
1337 1355 1761 1410 confessionem
1806 1353 2015 1408 dehinc

374 1457 670 1511 provoces,
705 1459 891 1512 neque
922 1444 1077 1497 aliud
1107 1443 1406 1513 quippiam
1458 1459 1548 1499 me
1578 1443 1884 1509 facturum,
1917 1449 2015 1497 aut

371 1529 666 1583 dicturum
691 1546 905 1599 speres,
938 1532 1089 1599 quod
1115 1531 1295 1585 animi
1329 1536 1431 1585 aut
1472 1530 1682 1585 mentis
1705 1529 2017 1584 imbecilli-

372 1622 552 1672 tatem
576 1618 885 1687 signiﬁcet.
909 1619 1203 1673 Christum
1230 1621 1384 1675 enim
1403 1617 2013 1686 conﬁteor,Christum

375 1705 643 1776 pradico,
678 1722 782 1776 per
810 1722 985 1776 quem
1028 1712 1222 1762 creata
1251 1712 1391 1763 sunt
1438 1708 1653 1773 omnia,
1688 1722 1789 1777 per
1835 1722 2014 1776 quem

374 1794 551 1847 homo
585 1794 896 1859 formatus,
921 1794 1085 1849 etlex
1106 1796 1241 1849 data
1262 1800 1348 1850 est
1382 1812 1394 1849 :
1430 1795 1530 1865 qui
1565 1798 1819 1849 mentem
1846 1793 2015 1849 nobis

372 1880 535 1935 dedit
556 1881 817 1936 omnium
842 1882 1050 1936 ducem
1074 1899 1139 1938 ac
1165 1885 1515 1953 magistram,
1549 1882 1649 1955 qui
1682 1898 1784 1954 pro
1816 1887 2017 1937 nostra

372 1967 638 2023 omnium
689 1969 893 2035 salute,
928 1987 1054 2041 quae
1091 1971 1213 2040 jam
1247 1972 1513 2041 perierat,
1547 1971 1806 2025 humana
1844 1984 2017 2025 carne

373 2072 433 2110 se
482 2056 694 2121 induit,
736 2061 794 2111 et
833 2058 1142 2113 cruciﬁxus
1192 2076 1256 2113 ac
1327 2058 1588 2129 sepultus
1637 2059 1761 2125 fuit,
1821 2073 2016 2112 resur-

373 2146 544 2213 rexit,
578 2151 636 2201 et
695 2147 754 2201 in
815 2150 991 2203 cmlos
1050 2154 1391 2219 assumptus
1431 2154 1539 2214 est,
1592 2153 1764 2217 atque
1802 2148 2015 2202 iterum

372 2239 653 2289 venturus
684 2252 817 2290 cum
851 2236 1035 2307 gloria
1067 2239 1341 2292 creditur.
1373 2238 1604 2292 Utinam
1655 2242 1711 2291 et
1749 2242 1810 2290 tu
1845 2236 2014 2290 istam

375 2323 666 2377 idolorum
701 2325 1014 2380 caecitatem
1050 2325 1120 2380 ab
1150 2326 1331 2380 oculis
1372 2326 1587 2380 animm
1625 2325 1927 2394 adjiceres,
1961 2329 2019 2379 et

373 2427 609 2466 suavem
653 2428 720 2467 ac
770 2414 1082 2468 salutarem
1117 2414 1331 2468 Christi
1362 2414 1544 2469 lucem
1568 2413 1877 2483 aspiceres.
1906 2413 2016 2467 No-

372 2499 476 2553 lim
510 2500 666 2554 enim
700 2508 857 2571 putet
888 2500 1120 2574 aliquis,
1162 2507 1377 2557 temere
1408 2518 1476 2558 ac
1506 2504 1721 2556 frustra
1754 2518 1857 2555 nos
1888 2517 2016 2555 cor-

377 2604 516 2657 pora
551 2594 750 2643 nostra
798 2591 1151 2645 cruciatibus
1198 2590 1445 2646 libenter
1482 2592 1730 2645 tradere.
1764 2592 1885 2645 Non
1934 2590 2018 2644 ita

378 2694 586 2729 sumus
620 2678 934 2747 nobisipsis
985 2678 1201 2731 inimici
1253 2684 1309 2731 et
1348 2678 1740 2732 insidiatores.
1803 2679 2014 2732 Verum

380 2765 659 2833 quoniam
689 2764 870 2819 altera
900 2766 1164 2835 quaedam
1186 2765 1301 2819 vita
1322 2771 1412 2821 est
1430 2765 1614 2820 multo
1649 2764 2015 2836 praestantior

373 2854 505 2919 hac,
542 2870 667 2923 quas
689 2853 921 2908 videtur
946 2870 958 2906 :
980 2854 1123 2908 alter
1144 2855 1383 2925 quidam
1418 2856 1694 2922 mundus,
1714 2858 1769 2909 et
1798 2855 2016 2924 sempi-

372 2949 542 2998 terna
600 2960 787 2998 rerum
848 2944 1132 2998 bonarum
1192 2944 1518 3011 delectatio,
1552 2943 1709 2998 nullo
1757 2948 2019 3015 tempore

372 3033 839 3104 circumscripta,
891 3035 992 3089 sed
1052 3050 1368 3104 perennem
1411 3035 1846 3103 jucunditatem
1878 3036 2018 3089 aﬂ'e—

376 3138 511 3177 rens
546 3140 558 3175 :
596 3126 897 3192 propterea
920 3124 1201 3176 mundum
1224 3121 1375 3176 hunc
1392 3122 1787 3193 spectabilem,
1811 3127 1868 3177 et
1898 3139 2020 3177 car-

2118 557 2226 605 τῶν
2257 552 2571 626 κακούργων
2609 552 2828 607 θάνατον
2866 555 3127 627 ὑποστῇς.

2192 647 2257 708 ς’,
2301 641 2437 713 Πρὸς
2475 644 2641 694 ταῦτα
2688 642 2715 694 ὁ
2765 643 2965 715 θερμὸς
3015 644 3184 706 ὅντως
3236 646 3445 707 ἐκεῖνος
3500 650 3599 711 τῆς
3630 646 3776 717 ἀλη-

2123 728 2266 788 θείας
2328 728 2644 801 ὑπέρμαχος
2684 728 2946 782 ἀπόνοιαν
3006 729 3168 785 αὐτοῦ
3226 740 3365 807 σαφῆ
3443 737 3766 809 καταγνοὺς,

2123 817 2204 869 ὅτι
2261 817 2349 869 καὶ
2402 816 2740 889 παραινέσεσι
2813 816 2967 886 δῆθεν
3028 820 3185 873 αὐτὸν
3245 823 3334 874 καὶ
3391 820 3772 886 διδασκαλίαις

2120 902 2475 978 ἐπαγαγέσθαι
2526 906 2661 978 πρὸς
2706 907 2805 972 τὴν
2854 902 3097 961 ἀσέϐειαν
3158 907 3431 983 ἐπειρᾶτο,
3506 912 3774 986 ἀπόγνω-

2122 1015 2202 1046 σιν
2263 992 2406 1063 αὐτῷ
2454 993 2513 1047 ἐκ
2560 999 2867 1065 προοιμιῶν
2924 995 3077 1054 εὐθὺς
3137 997 3326 1051 ἐαυτοῦ
3387 1000 3609 1069 ἐμποιεῖ
3674 1001 3769 1055 καὶ

2121 1086 2229 1135 τῶν
2276 1079 2513 1136 ἐλπίδων
2560 1082 2773 1136 ἐκείνων
2835 1082 3098 1157 ἐκκρούει.
3153 1088 3286 1158 Ἐμέ
3335 1089 3459 1160 γὰρ,
3500 1088 3686 1164 φησὶν,
3722 1088 3768 1141 ὦ

2123 1167 2368 1239 δικαστά,
2438 1172 2537 1224 οὐκ
2603 1170 2661 1224 ἂν
2727 1192 2855 1226 ποτε
2914 1180 3013 1241 τῆς
3063 1194 3359 1250 συντροφου
3419 1178 3510 1231 καὶ
3595 1176 3768 1253 φίλης

2122 1254 2392 1318 εὐσεϐείας
2448 1258 2796 1329 ἀποστήσεις,
2868 1260 2929 1314 ού
2988 1263 3124 1333 πρὸς
3201 1260 3420 1336 ἄρνησιν
3480 1264 3765 1339 ἐκκαλέσῃ,

2120 1353 2221 1414 τῆς
2262 1351 2358 1400 τοῦ
2399 1350 2634 1420 Χριστοῦ
2676 1348 2982 1421 ὁμολογίας
3022 1351 3121 1404 οῦκ
3160 1350 3300 1406 ἄλλο
3331 1374 3384 1408 τι
3430 1358 3537 1407 τῶν
3562 1353 3768 1427 ἁγενῶν

2124 1432 2313 1507 δρᾶσαι
2371 1438 2793 1509 παρασκευάσεις
2961 1438 3305 1514 φθέγξασθαι.
3364 1443 3593 1516 Χριστὸν
3664 1447 3766 1516 γὰρ

2123 1521 2411 1597 ὁμολογῶ,
2468 1524 2706 1597 Χριστὸν
2764 1524 3141 1598 ἀνακηρύττω,
3202 1526 3272 1581 δι’
3330 1530 3391 1582 οὗ
3458 1531 3523 1584 τὰ
3598 1533 3770 1584 πάντα

2123 1618 2393 1683 παρῆκται
2439 1613 2529 1665 xui
2583 1610 2866 1686 ἅνθρωπος
2922 1611 3250 1681 πέπλασται,
3291 1619 3381 1671 xui
3418 1619 3590 1689 νόμος
3622 1618 3771 1689 αὐτῷ

2121 1700 2377 1753 τελεῖται·
2444 1701 2534 1754 καὶ
2590 1706 2717 1761 νοῦς
2778 1699 2991 1757 δέδοται
3068 1704 3285 1759 πάντων
3357 1709 3585 1780 ἡγεμὼν
3678 1708 3771 1762 xui

2045 1785 2472 1883 Βδιδάσκαλος,
2519 1790 2578 1849 ὅς
2620 1788 2707 1843 ἐπὶ
2761 1790 3006 1864 σωτηρίᾳ
3032 1797 3139 1846 τῶν
3171 1792 3545 1850 ἀπολωλότων
3583 1798 3774 1866 ἡμῶν,

2128 1877 2219 1930 καὶ
2264 1877 2619 1951 σεσαριιωται,
2678 1878 2767 1931 καὶ
2818 1879 3173 1953 ἐσταύρωται,
3216 1884 3306 1937 καὶ
3358 1885 3616 1939 τέθαπται
3679 1886 3770 1939 καὶ

2129 1963 2434 2038 ἐγήγερται,
2484 1966 2573 2018 καὶ
2624 1967 2757 2039 πρὸς
2808 1967 3075 2040 οὐρανοὺς
3117 1970 3461 2038 ἀνείληπται·
3523 1972 3613 2027 καὶ
3659 1974 3778 2027 πά-

2131 2050 2213 2105 λιν
2271 2051 2581 2107 ἐλεύσεσθαι
2651 2056 2783 2125 μετὰ
2849 2052 3005 2128 δόξῃς
3082 2059 3451 2115 πεπίστευται.
3504 2062 3589 2122 Ὠς
3664 2059 3775 2124 εἷ’θε

2130 2138 2301 2193 καὶού
2349 2140 2449 2207 τήν
2483 2138 2776 2210 εἰδωλικὴν
2817 2142 3005 2215 λήμην
3037 2150 3146 2200 τῶν
3186 2154 3285 2214 τῆς
3341 2152 3527 2223 ψυχῆς
3591 2149 3776 2222 ὀμμά-

2125 2249 2233 2283 των
2280 2224 2597 2300 ἀποϐαλὼν,
2656 2232 2792 2303 πρὸς
2840 2233 2902 2285 τό
2944 2233 3114 2306 γλυκὺ
3158 2240 3270 2310 φῶς
3312 2235 3512 2290 ἐκείνου
3553 2234 3777 2291 διέϐλε-

2128 2321 2251 2389 ψας.
2287 2316 2444 2374 Mnes
2484 2320 2586 2393 γαρ
2628 2320 2820 2373 οἰέσθω
2860 2343 2942 2382 τις
2989 2323 3111 2390 εἶκῆ
3152 2324 3239 2377 καῖ
3292 2326 3468 2393 μέσην
3511 2328 3657 2398 ἡμᾶς
3705 2326 3771 2380 τὸ

2131 2411 2289 2478 σῶμα
2326 2413 2443 2469 ταῖς
2501 2408 2756 2480 βασάνοις
2804 2408 3183 2483 παραδιδόναι·
3240 2414 3348 2468 οὐχ
3406 2414 3579 2475 οὕτως
3614 2415 3775 2485 ἐσμὲν

2129 2491 2281 2546 αὐτοὶ
2341 2494 2539 2546 ἐαυτῶν
2602 2494 2792 2568 ἐχθροὶ
2852 2496 2939 2549 xui
2998 2493 3307 2553 ἐπίϐουλοι.
3364 2499 3522 2556 Ἀλλ’
3584 2498 3773 2568 ἐπειδὴ

2129 2584 2243 2650 ζωή
2275 2603 2357 2643 τις
2396 2580 2534 2634 ἐστὶν
2571 2581 2726 2655 ἐτέρα
2782 2585 2925 2656 παρά
2971 2586 3115 2640 πολὺ
3168 2588 3425 2661 κρείττων
3467 2596 3565 2657 τῆς
3628 2591 3777 2662 ὁρω-

2130 2668 2318 2739 μέν-ης,
2351 2670 2440 2723 xui
2506 2671 2713 2742 κόσμος
2772 2668 2974 2745 ἕτερος,
3042 2676 3135 2727 καὶ
3194 2675 3413 2750 ἀγαθῶν
3475 2677 3780 2739 ἀπόλαυσις

2127 2757 2341 2826 αἷωνία,
2393 2758 2453 2812 οὐ
2509 2758 2699 2833 χρόνῳ
2753 2763 3129 2833 μητρουμέιη,
3170 2762 3317 2818 ἀλλᾶ
3377 2765 3635 2837 μένουσαν
3697 2768 3780 2821 ἀεὶ

2126 2847 2224 2913 τήν
2269 2845 2601 2923 εὐφροσύνην
2660 2850 3037 2923 παρεχομένη,
3093 2852 3293 2907 τούτου
3360 2875 3420 2930 γι
3475 2853 3629 2909 ἕνεκα
3686 2857 3776 2909 xui

2127 2935 2337 3006 κόσμου
2398 2940 2494 2989 τοῦ
2553 2938 2854 3010 ὁρωμένου,
2912 2941 3001 2993 καὶ
3072 2942 3269 3014 σαρκὸς
3337 2948 3786 3020 καταφρονοῦμεν

2131 3024 2203 3083 ὡς
2235 3024 2532 3096 Λυομένης.
2568 3025 2715 3094 Αὕτη
2765 3027 2904 3081 ἐστὶν
2938 3031 2972 3095 ἡ
3032 3029 3273 3104 ἡμετέρα
3316 3031 3615 3107 ὁμολογία,
3650 3034 3789 3099 πρὸς

2130 3113 2331 3181 ταύτην
2391 3112 2757 3189 ἐστηρίγμεθα
2818 3116 2908 3169 xui
2967 3114 3305 3191 ἡδρασμεθα.
3366 3122 3525 3196 Ὑπὲρ
3614 3123 3787 3187 αὐτῆς

377 3226 512 3264 nem
535 3190 981 3281 hancifragilem
1012 3219 1180 3280 atque
1201 3190 1478 3266 caducam
1512 3211 1888 3281 despicimus.
1907 3212 2017 3267 Ta-

2134 3202 2221 3255 xui
2261 3202 2363 3255 πᾶν
2423 3203 2604 3256 ὁτιοῦν
2672 3203 2786 3274 εἰμι
2846 3209 2954 3258 τῶν
3012 3203 3202 3260 δεινῶν
3251 3209 3482 3286 πάσχειν
3538 3206 3787 3282 ἕτοιμος.

373 3298 447 3354 lis
500 3307 817 3354 estnostra
861 3300 1170 3356 confessio.
1230 3301 1294 3353 In
1327 3300 1438 3355 hac
1478 3300 1630 3355 ﬁrmi
1672 3304 1729 3355 et
1773 3300 2017 3357 stabiles

376 3388 783 3442 consistimus.
844 3388 949 3443 Pro
980 3388 1089 3443 hac
1131 3392 1189 3443 et
1238 3405 1342 3460 ego
1375 3389 1640 3459 quemvis
1689 3389 2016 3444 cruciatum

375 3476 667 3532 sustinere
696 3481 933 3545 paratus
963 3493 1117 3533 sum.
1144 3478 1228 3531 Tu
1262 3494 1394 3532 vero
1425 3478 1471 3532 si
1494 3478 1739 3532 celerem
1774 3481 2018 3533 mortem

375 3564 662 3628 attuleris,
699 3570 1030 3635 pergratum
1066 3566 1204 3620 mihi
1249 3566 1446 3632 facies,
1479 3572 1535 3620 et
1554 3566 1803 3638 teipsum
1846 3568 2020 3622 dede-

378 3668 509 3706 core
542 3653 841 3706 liberabis.
890 3655 1011 3717 Quo
1043 3653 1197 3709 enim
1228 3654 1595 3710 diuturniore
1634 3654 1892 3711 cruciatu
1928 3672 2021 3711 me

374 3739 621 3807 alﬂiges,
680 3757 747 3795 eo
792 3742 1117 3810 promptior
1147 3742 1218 3796 ad
1245 3744 1416 3810 jussa
1462 3748 1565 3798 tua
1594 3746 2022 3798 contemnenda

378 3828 661 3883 inveniar.
699 3828 842 3884 Nam
877 3828 928 3883 si
966 3829 1111 3884 nihil
1144 3830 1303 3884 aliud
1337 3838 1512 3898 esset,
1547 3836 1701 3887 certe
1730 3841 1784 3887 et
1815 3837 2023 3903 marty-

374 3933 467 3971 res
498 3916 628 3973 illos
651 3935 932 3985 revereor,
958 3921 1054 3989 qui
1082 3924 1215 3974 ante
1238 3937 1343 3974 nos
1374 3926 1666 3975 certamen
1688 3922 2017 3987 subierunt,

372 4014 423 4059 et
457 4004 704 4075 reliquos
734 4010 899 4076 istos,
934 4007 1031 4077 qui
1084 4008 1393 4062 nobiscum
1427 4025 1541 4062 una
1572 4025 1860 4064 carcerem
1892 4026 2020 4064 rur-

375 4110 476 4147 sus
510 4092 773 4149 habitant
801 4112 812 4147 :
838 4096 911 4150 ob
932 4096 1109 4166 idque
1140 4096 1341 4167 etipse
1372 4095 1513 4151 illud
1538 4098 1770 4167 studeo,
1802 4114 1873 4153 ne
1894 4099 2021 4153 sine

377 4196 591 4236 corona
648 4183 992 4237 discedam:
1037 4185 1139 4239 sed
1188 4190 1251 4239 ut
1309 4190 1619 4257 postquam
1667 4188 1728 4241 in
1786 4186 2022 4243 illorum

378 4269 552 4325 choro
575 4277 953 4327 enumeratus
976 4273 1157 4341 fuero,
1182 4274 1310 4329 istis
1334 4274 1651 4345 optabilem
1684 4276 2023 4332 certaminis

382 4357 492 4410 mei
517 4373 756 4413 cursum
774 4362 1095 4416 ostendam.

451 4446 598 4500 VIII.
634 4448 760 4500 Ilaec
793 4450 1060 4519 martyris
1089 4451 1261 4504 verba
1295 4451 1713 4507 dubitationem
1748 4467 2021 4522 magnam

2131 3289 2293 3347 Ἀλλ’
2330 3290 2374 3344 εἶ
2411 3291 2505 3363 μὲν
2559 3294 2784 3368 ταχεῖάν
2850 3314 2943 3364 μοι
3002 3296 3103 3362 τὴν
3161 3298 3417 3365 τελευτὴν
3466 3298 3785 3373 ἐπαγαγοις,

2131 3383 2267 3451 ἡμῖν
2324 3400 2381 3432 τε
2441 3381 2507 3432 τὲ
2551 3379 2786 3452 μάλιστα
2837 3388 3042 3457 χαριεῖ,
3102 3386 3190 3439 καὶ
3252 3387 3471 3440 σεαυτὸν
3529 3387 3784 3442 ἀπαλλά-

2131 3471 2235 3539 ξεις
2294 3467 2579 3541 αἰσχύνης.
2643 3468 2705 3525 Εἰ
2766 3469 2822 3524 δέ
2880 3471 2968 3524 καὶ
3036 3472 3320 3528 κολάσεσιν
3380 3475 3553 3543 αὐτὴν
3602 3497 3791 3551 παρα-

2129 3558 2318 3618 τείνεις
2402 3559 2491 3611 καὶ
2579 3562 2897 3633 τιμωρίαις,
2950 3566 3211 3616 τοσοῦτον
3278 3563 3446 3618 πλέον
3516 3563 3639 3638 ὄψει
3698 3565 3787 3619 xui

2130 3650 2278 3720 ἡμᾶς
2371 3653 2468 3703 τοῦ
2570 3655 2664 3703 σοῦ
2776 3658 3247 3726 καταφρονοῦντας
3341 3658 3785 3729 προστάγματος.

2129 3735 2402 3809 Αἰδοῦμαι
2432 3738 2532 3812 γὰρ
2564 3738 2607 3790 εἰ
2644 3741 2801 3809 μήτι
2842 3738 3039 3814 ἕτερον,
3082 3740 3230 3796 ἀλλὰ
3285 3744 3411 3803 τοὺς
3469 3745 3575 3818 πρό
3623 3747 3787 3816 ἡμῶν

2129 3830 2208 3893 τῷ
2272 3826 2553 3901 μαρτυρίῳ
2607 3826 3013 3901 τελειωθέντας,
3083 3831 3170 3883 xui
3221 3828 3314 3884 σὺν
3347 3834 3484 3903 ἡμῖν
3516 3832 3680 3887 πάλιν
3720 3835 3788 3888 τὸ

2132 3910 2509 3987 δεσμωτήριον
2554 3920 2963 3977 κατοικοῦντας·
3024 3918 3114 3971 καὶ
3184 3917 3271 3972 διὰ
3344 3924 3507 3974 τοῦτο
3568 3919 3787 3974 σπεύδω

2135 4002 2210 4073 μή
2270 4000 2523 4064 ἀπελθεῖν
2584 4003 2983 4079 ἀστεφάνωτας,
3043 4004 3190 4060 ἀλλὰ
3247 4012 3354 4061 τῶν
3435 4008 3656 4063 ἐκείνων
3724 4030 3787 4063 τε

2133 4094 2289 4163 χορῷ
2348 4094 2809 4165 σοναριθμηθῆναι
2849 4094 2937 4146 xui
2995 4093 3211 4156 τούτοις
3276 4098 3374 4165 τήν
3436 4098 3787 4169 ποθουμένην

2128 4186 2228 4246 τῆς
2259 4178 2541 4248 ἀθλήσεως
2585 4178 2858 4250 ὑποδεῖξαι
2890 4182 3136 4255 πορείαν.

2776 3658 3247 3726 καταφρονοῦντας

2204 4454 2283 4509 H'.
2351 4452 2535 4508 Ταῦτα
2600 4453 2679 4514 εἷς
2736 4453 3053 4525 ἀμηχανίαν
3110 4452 3203 4505 τὸν
3291 4450 3549 4524 τύραννον
3628 4473 3790 4523 περι-

379 4540 621 4599 tyranno
652 4536 1012 4591 attulerunt:
1038 4538 1133 4606 qui
1168 4554 1300 4592 cum
1327 4541 1641 4610 Epimacho
1673 4542 2017 4610 persuadere

2132 4542 2338 4613 ἱστησι,
2395 4542 2485 4594 xui
2549 4543 2613 4595 τὸ
2680 4540 2881 4603 πείθειν
2954 4540 3053 4593 οῦκ
3109 4536 3281 4613 ἔχων,
3348 4541 3435 4595 ἐπὶ
3495 4539 3660 4612 ξύλου
3687 4543 3780 4595 τὸν

378 4638 490 4675 non
527 4631 740 4691 posset,
765 4639 898 4678 eum
920 4626 976 4678 in
1005 4625 1162 4696 ligno
1190 4629 1471 4697 suspendi
1494 4628 1697 4698 jussit,
1728 4645 1796 4684 ac
1820 4630 2017 4685 ferreis

378 4712 673 4777 unguibus
696 4711 955 4767 lacerari.
986 4714 1086 4769 Ille
1106 4732 1171 4769 co
1204 4716 1395 4785 magis
1418 4717 1705 4785 ejusmodi
1734 4722 2023 4775 tormento

374 4799 706 4867 laetabatur,
741 4818 854 4870 quo
878 4818 940 4856 se
971 4802 1044 4856 ob
1075 4819 1203 4857 eam
1238 4820 1357 4859 rem
1384 4804 1696 4860 beatiorem
1723 4806 2015 4861 existima-

374 4889 511 4942 bat:
546 4888 759 4960 quippe
790 4891 940 4961 quod
974 4891 1235 4947 imitator
1254 4898 1406 4949 esset
1435 4911 1659 4958 eorum,
1684 4912 1810 4965 quae
1828 4895 2020 4951 Domi-

374 4991 486 5028 nus
515 4976 683 5029 Jesus
707 4993 917 5045 passus
948 4978 1155 5034 fuerat.
1182 4982 1377 5050 Itaque
1397 4981 1611 5035 aiebat:
1648 4982 1706 5035 Si
1737 4981 2020 5037 Dominus

374 5068 569 5118 noster
596 5064 765 5119 Jcsus
797 5065 1054 5121 Christus
1088 5073 1322 5138 prepter
1346 5086 1450 5124 nos
1483 5070 1795 5125 cruciﬁxus
1825 5073 1931 5137 est,
1965 5074 2020 5125 et

372 5151 526 5206 fellis
586 5160 759 5224 atque
796 5156 940 5209 aceti
975 5158 1269 5226 potionem
1302 5158 1525 5229 accepit
1560 5174 1572 5212 :
1622 5159 1669 5213 si
1702 5160 1828 5229 ejus
1864 5160 2019 5215 latus

372 5238 579 5295 lancea
624 5256 966 5311 percussum
1000 5244 1132 5313 fuit,
1172 5246 1221 5300 si
1254 5244 1462 5314 palmis
1507 5245 1685 5303 clavis
1718 5248 2018 5318 perforata

374 5331 539 5394 sunt,
572 5344 749 5397 quare
782 5347 897 5387 non
927 5333 1111 5389 debeo
1132 5338 1189 5389 et
1217 5349 1322 5406 ego
1360 5334 1521 5389 illius
1553 5352 1773 5390 servus.
1805 5352 2021 5407 magna

377 5430 513 5470 cum
559 5416 853 5487 voluptate
900 5420 959 5476 in
1013 5420 1105 5476 his
1152 5422 1297 5492 ipsis
1331 5439 1464 5479 eum
1509 5424 1733 5480 Christo
1774 5426 2019 5482 Domino

378 5518 508 5557 meo
540 5507 967 5566 communicare
987 5510 1014 5562 ?
1043 5511 1209 5566 Certe
1240 5516 1457 5584 martyr
1491 5512 1588 5568 ille
1610 5514 1785 5569 etiam
1817 5515 2020 5572 lancea

378 5588 606 5654 percuti
644 5594 912 5663 cupiebat
945 5614 957 5653 :
993 5599 1257 5668 quinimo
1307 5601 1381 5657 fel
1412 5601 1603 5673 ipsum
1657 5605 1967 5674 appetebat
2000 5622 2015 5661 :

2128 4626 2293 4703 ἄνδρα
2370 4631 2707 4701 μετεωρίζει,
2783 4630 2874 4682 καὶ
2959 4626 3215 4698 διαξαίνει
3303 4630 3551 4703 σιδηροῖς
3618 4630 3782 4683 αὐτὸν

2136 4718 2327 4788 ὄνυξιν.
2388 4719 2449 4773 Ὀ
2510 4714 2567 4770 δέ
2625 4720 2880 4771 τοσοῦτον
2946 4712 3138 4794 ἔχαιρε
3192 4716 3407 4790 μᾶλλον
3440 4721 3507 4790 τῇ
3539 4720 3783 4791 τιμωρίᾳ

2130 4808 2203 4867 ὡς
2258 4807 2346 4861 xui
2420 4806 2749 4878 μακαριστὸν
2808 4806 2996 4860 ἑαυτὸν
3024 4805 3225 4860 τιθέναι
3265 4812 3367 4875 τῆς
3411 4806 3777 4880 ἀναρτήσεως,

2130 4897 2212 4949 ὅτι
2281 4892 2610 4948 δεσποτικῶν
2688 4896 3023 4966 παθημάτων
3102 4896 3353 4968 μιμητὴς
3419 4892 3784 4950 ἀνεδείκνυτο⁶

2130 4984 2194 5041 Εἰ
2232 4984 2332 5059 γὰρ
2387 4984 2415 5036 ὁ
2456 4983 2657 5057 Κύριος
2715 4987 2876 5056 ἡμῶν
2933 4983 3144 5053 Ἰησοὺς
3196 4985 3459 5057 Χριστὸς,
3493 4982 3671 5060 ἔλεγε,
3714 4984 3791 5040 δι’

2130 5076 2277 5144 ἡμᾶς
2321 5071 2412 5125 xui
2472 5077 2687 5147 σταυρῷ
2742 5072 3099 5146 προσήλωτο,
3133 5074 3223 5127 καὶ
3272 5070 3451 5147 χολὴν
3519 5073 3609 5126 xui
3660 5070 3783 5144 ὅξος

2129 5165 2465 5236 προσήκατο,
2540 5161 2629 5215 xui
2688 5162 2873 5236 λόγχῃ
2930 5163 3030 5230 τήν
3098 5164 3335 5238 πλευρὰν
3403 5162 3643 5233 νένυκτο,
3684 5164 3777 5219 xui

2130 5250 2291 5320 ἧλοις
2332 5248 2652 5324 δίατέτρητο
2691 5251 2787 5312 τας
2826 5251 3105 5324 παλάμας·
3143 5256 3260 5314 πῶς
3291 5251 3353 5306 οῦ
3386 5253 3497 5326 χρή
3563 5273 3628 5324 με
3684 5253 3778 5309 τὸν

2130 5338 2329 5396 δοῦλον
2358 5345 2464 5393 τῶν
2498 5340 2671 5394 αὐτῶν
2703 5345 2783 5411 τῷ
2831 5341 3070 5416 Δεσπότῃ
3109 5344 3222 5413 μεθ’
3282 5345 3489 5417 ἠγονῆς
3520 5347 3780 5408 κοινωνῆ-

2132 5451 2218 5484 σαι
2252 5450 2267 5497 ;
2300 5428 2525 5501 Ἀμέλει
2564 5430 2653 5483 xui
2701 5431 2801 5496 τὴν
2830 5427 3044 5504 λόγχην
3093 5430 3295 5501 ἐζήτει,
3325 5431 3417 5485 καὶ
3461 5438 3562 5499 τῆς
3590 5430 3777 5505 χολῆς

2129 5518 2407 5589 ἐπεθύμει,
2465 5518 2577 5587 καὶ,
2637 5519 2960 5589 Ἠκέτωσαν,
3020 5516 3193 5593 ἔλεγε,
3232 5520 3297 5572 τὰ
3364 5516 3776 5595 κολαφίσματα,

2129 5605 2195 5660 τὰ
2261 5604 2636 5678 ἐμπτόσματο·
2708 5605 2735 5658 ὁ
2796 5604 3071 5669 ἄκανθινος
3128 5604 3449 5670 ἐπιτιθέσθω
3510 5627 3603 5679 μοι
3664 5609 3784 5664 στέ-
