  <div class='ocr_page' id='page_1' title='image "/cluster/home/n/w/nwhite01/storage/ocr_20150623/115/mdp.39015028574336/686.png"; bbox 0 0 4128 6274; ppageno 0'>
   <div class='ocr_carea' id='block_1_1' title="bbox 343 325 498 386">
    <p class='ocr_par' dir='ltr' id='par_1_1' title="bbox 343 325 498 386">
     <span class='ocr_line' id='line_1_1' title="bbox 343 325 498 386; baseline 0.013 -2"><span class='ocrx_word' id='word_1_1' title='bbox 343 325 498 386; x_wconf 75' lang='grc'><strong>1325</strong></span> 
     </span>
    </p>
   </div>
   <div class='ocr_carea' id='block_1_2' title="bbox 342 474 1991 557">
    <p class='ocr_par' dir='ltr' id='par_1_2' title="bbox 342 474 1980 557">
     <span class='ocr_line' id='line_1_2' title="bbox 342 474 1980 557; baseline -0.004 -21"><span class='ocrx_word' id='word_1_2' title='bbox 342 503 505 556; x_wconf 78' lang='grc' dir='ltr'>φανος</span> <span class='ocrx_word' id='word_1_3' title='bbox 547 499 562 516; x_wconf 79' lang='grc'><strong><em>⁸</em></strong></span> <span class='ocrx_word' id='word_1_4' title='bbox 617 481 1005 557; x_wconf 82' lang='grc' dir='ltr'>έγχειριζέσθω</span> <span class='ocrx_word' id='word_1_5' title='bbox 1061 479 1334 552; x_wconf 75' lang='grc' dir='ltr'><strong>κάλαμος.</strong></span> <span class='ocrx_word' id='word_1_6' title='bbox 1403 480 1470 536; x_wconf 81' lang='lat' dir='ltr'><strong>Oi</strong></span> <span class='ocrx_word' id='word_1_7' title='bbox 1537 477 1844 553; x_wconf 77' lang='grc' dir='ltr'>ἐμπαιγμοὶ</span> <span class='ocrx_word' id='word_1_8' title='bbox 1904 474 1980 548; x_wconf 74' lang='grc' dir='ltr'>δὲ,</span> 
     </span>
    </p>
   </div>
   <div class='ocr_carea' id='block_1_3' title="bbox 2108 474 3266 557">
    <p class='ocr_par' dir='ltr' id='par_1_3' title="bbox 2108 477 3266 552">
     <span class='ocr_line' id='line_1_3' title="bbox 2108 477 3266 552; baseline 0.004 -19"><span class='ocrx_word' id='word_1_9' title='bbox 2108 485 2150 533; x_wconf 75' lang='lat' dir='ltr'><strong>3t</strong></span> <span class='ocrx_word' id='word_1_10' title='bbox 2201 477 2452 534; x_wconf 80' lang='lat' dir='ltr'><strong>Veniant</strong></span> <span class='ocrx_word' id='word_1_11' title='bbox 2501 479 2557 534; x_wconf 90' lang='lat' dir='ltr'><strong>in</strong></span> <span class='ocrx_word' id='word_1_12' title='bbox 2618 495 2712 535; x_wconf 91' lang='lat' dir='ltr'><strong>me</strong></span> <span class='ocrx_word' id='word_1_13' title='bbox 2776 479 2978 552; x_wconf 70' lang='lat' dir='ltr'><strong>alapas,</strong></span> <span class='ocrx_word' id='word_1_14' title='bbox 3039 481 3266 538; x_wconf 87' lang='lat' dir='ltr'><strong>dicebat</strong></span> 
     </span>
    </p>
   </div>
   <div class='ocr_carea' id='block_1_4' title="bbox 341 565 1986 648">
    <p class='ocr_par' dir='ltr' id='par_1_4' title="bbox 341 565 1986 648">
     <span class='ocr_line' id='line_1_4' title="bbox 341 565 1986 648; baseline -0.002 -24"><span class='ocrx_word' id='word_1_15' title='bbox 341 571 498 648; x_wconf 76' lang='grc' dir='ltr'>φησὶ,</span> <span class='ocrx_word' id='word_1_16' title='bbox 538 575 666 640; x_wconf 81' lang='grc' dir='ltr'>ποῦ,</span> <span class='ocrx_word' id='word_1_17' title='bbox 705 575 812 625; x_wconf 81' lang='grc' dir='ltr'><strong>ποῦ</strong></span> <span class='ocrx_word' id='word_1_18' title='bbox 855 571 922 624; x_wconf 73' lang='grc' dir='ltr'><strong>τὰ</strong></span> <span class='ocrx_word' id='word_1_19' title='bbox 968 567 1317 642; x_wconf 85' lang='grc' dir='ltr'>ῥαπίσματα;</span> <span class='ocrx_word' id='word_1_20' title='bbox 1349 569 1529 640; x_wconf 83' lang='grc' dir='ltr'>Μικρὰ</span> <span class='ocrx_word' id='word_1_21' title='bbox 1573 567 1675 640; x_wconf 82' lang='grc' dir='ltr'>γὰρ</span> <span class='ocrx_word' id='word_1_22' title='bbox 1733 565 1856 638; x_wconf 85' lang='grc' dir='ltr'>ἐμοὶ</span> <span class='ocrx_word' id='word_1_23' title='bbox 1919 565 1986 620; x_wconf 69' lang='grc' dir='ltr'><strong>τά</strong></span> 
     </span>
    </p>
   </div>
   <div class='ocr_carea' id='block_1_5' title="bbox 338 652 1982 733">
    <p class='ocr_par' dir='ltr' id='par_1_5' title="bbox 338 652 1982 733">
     <span class='ocr_line' id='line_1_5' title="bbox 338 652 1982 733; baseline -0.004 -20"><span class='ocrx_word' id='word_1_24' title='bbox 338 659 585 732; x_wconf 86' lang='grc' dir='ltr'>παρόντα</span> <span class='ocrx_word' id='word_1_25' title='bbox 639 659 775 733; x_wconf 86' lang='grc' dir='ltr'>πρὸς</span> <span class='ocrx_word' id='word_1_26' title='bbox 825 658 1003 713; x_wconf 80' lang='grc' dir='ltr'>ἐκεῖνα</span> <span class='ocrx_word' id='word_1_27' title='bbox 1051 655 1311 731; x_wconf 86' lang='grc' dir='ltr'>βλέποντι</span> <span class='ocrx_word' id='word_1_28' title='bbox 1341 656 1431 711; x_wconf 84' lang='grc' dir='ltr'>καὶ</span> <span class='ocrx_word' id='word_1_29' title='bbox 1491 653 1662 715; x_wconf 76' lang='grc' dir='ltr'>οὕτως</span> <span class='ocrx_word' id='word_1_30' title='bbox 1693 652 1982 731; x_wconf 70' lang='grc' dir='ltr'>ἐφιεμένῳ.</span> 
     </span>
    </p>
   </div>
   <div class='ocr_carea' id='block_1_6' title="bbox 1519 317 2559 381">
    <p class='ocr_par' dir='ltr' id='par_1_6' title="bbox 1519 317 2559 381">
     <span class='ocr_line' id='line_1_6' title="bbox 1519 317 2559 381; baseline -0.003 0"><span class='ocrx_word' id='word_1_31' title='bbox 1519 319 1993 381; x_wconf 77' lang='lat' dir='ltr'><strong>MARTYRIUM</strong></span> <span class='ocrx_word' id='word_1_32' title='bbox 2040 320 2106 379; x_wconf 92' lang='lat' dir='ltr'><strong>S.</strong></span> <span class='ocrx_word' id='word_1_33' title='bbox 2154 317 2559 380; x_wconf 77' lang='lat' dir='ltr'><strong>EPlMACilI.</strong></span> 
     </span>
    </p>
   </div>
   <div class='ocr_carea' id='block_1_7' title="bbox 3581 326 3739 385">
    <p class='ocr_par' dir='ltr' id='par_1_7' title="bbox 3581 326 3739 385">
     <span class='ocr_line' id='line_1_7' title="bbox 3581 326 3739 385; baseline -0.013 0"><span class='ocrx_word' id='word_1_34' title='bbox 3581 326 3739 385; x_wconf 71' lang='lat' dir='ltr'><strong>i326</strong></span> 
     </span>
    </p>
   </div>
   <div class='ocr_carea' id='block_1_8' title="bbox 3323 483 3778 556">
    <p class='ocr_par' dir='ltr' id='par_1_8' title="bbox 3323 483 3778 556">
     <span class='ocr_line' id='line_1_8' title="bbox 3323 483 3778 556; baseline 0.007 -16"><span class='ocrx_word' id='word_1_35' title='bbox 3323 497 3341 540; x_wconf 87' lang='lat'><strong>:</strong></span> <span class='ocrx_word' id='word_1_36' title='bbox 3400 483 3738 556; x_wconf 90' lang='lat' dir='ltr'><strong>injiciantur</strong></span> <span class='ocrx_word' id='word_1_37' title='bbox 3771 499 3778 505; x_wconf 90' lang='lat'>&#39;</span> 
     </span>
    </p>
   </div>
   <div class='ocr_carea' id='block_1_9' title="bbox 2095 567 3735 645">
    <p class='ocr_par' dir='ltr' id='par_1_9' title="bbox 2095 567 3735 645">
     <span class='ocr_line' id='line_1_9' title="bbox 2095 567 3735 645; baseline 0.005 -23"><span class='ocrx_word' id='word_1_38' title='bbox 2095 570 2273 637; x_wconf 87' lang='lat' dir='ltr'><strong>sputa</strong></span> <span class='ocrx_word' id='word_1_39' title='bbox 2313 581 2328 622; x_wconf 89' lang='lat'><strong>:</strong></span> <span class='ocrx_word' id='word_1_40' title='bbox 2370 567 2768 623; x_wconf 86' lang='lat' dir='ltr'><strong>circumdetur</strong></span> <span class='ocrx_word' id='word_1_41' title='bbox 2816 573 2989 641; x_wconf 87' lang='lat' dir='ltr'><strong>caput</strong></span> <span class='ocrx_word' id='word_1_42' title='bbox 3018 585 3216 626; x_wconf 87' lang='lat' dir='ltr'><strong>meum</strong></span> <span class='ocrx_word' id='word_1_43' title='bbox 3246 586 3459 628; x_wconf 78' lang='lat' dir='ltr'><strong>corona</strong></span> <span class='ocrx_word' id='word_1_44' title='bbox 3487 573 3689 645; x_wconf 89' lang='lat' dir='ltr'><strong>spinea</strong></span> <span class='ocrx_word' id='word_1_45' title='bbox 3721 593 3735 642; x_wconf 89' lang='lat'><strong>;</strong></span> 
     </span>
    </p>
   </div>
   <div class='ocr_carea' id='block_1_10' title="bbox 2095 654 3740 718">
    <p class='ocr_par' dir='ltr' id='par_1_10' title="bbox 2095 654 3740 718">
     <span class='ocr_line' id='line_1_10' title="bbox 2095 654 3740 718; baseline 0.005 -8"><span class='ocrx_word' id='word_1_46' title='bbox 2095 655 2266 710; x_wconf 83' lang='lat' dir='ltr'><strong>detur</strong></span> <span class='ocrx_word' id='word_1_47' title='bbox 2293 654 2355 710; x_wconf 91' lang='lat' dir='ltr'><strong>in</strong></span> <span class='ocrx_word' id='word_1_48' title='bbox 2387 671 2598 711; x_wconf 90' lang='lat' dir='ltr'><strong>manus</strong></span> <span class='ocrx_word' id='word_1_49' title='bbox 2637 663 2692 712; x_wconf 92' lang='lat' dir='ltr'><strong>et</strong></span> <span class='ocrx_word' id='word_1_50' title='bbox 2723 657 2964 713; x_wconf 89' lang='lat' dir='ltr'><strong>arundo.</strong></span> <span class='ocrx_word' id='word_1_51' title='bbox 2999 657 3247 715; x_wconf 86' lang='lat' dir='ltr'><strong>Ubinam</strong></span> <span class='ocrx_word' id='word_1_52' title='bbox 3288 665 3424 715; x_wconf 88' lang='lat' dir='ltr'><strong>sunt</strong></span> <span class='ocrx_word' id='word_1_53' title='bbox 3453 661 3740 718; x_wconf 80' lang='lat' dir='ltr'><strong>dedecora</strong></span> 
     </span>
    </p>
   </div>
   <div class='ocr_carea' id='block_1_11' title="bbox 339 743 3738 822">
    <p class='ocr_par' dir='ltr' id='par_1_11' title="bbox 339 743 3738 822">
     <span class='ocr_line' id='line_1_11' title="bbox 339 743 3738 822; baseline 0 -18"><span class='ocrx_word' id='word_1_54' title='bbox 339 753 396 804; x_wconf 89' lang='lat' dir='ltr'><strong>et</strong></span> <span class='ocrx_word' id='word_1_55' title='bbox 424 749 772 805; x_wconf 84' lang='lat' dir='ltr'><strong>irrisiones?</strong></span> <span class='ocrx_word' id='word_1_56' title='bbox 792 747 890 804; x_wconf 92' lang='lat' dir='ltr'><strong>ubi</strong></span> <span class='ocrx_word' id='word_1_57' title='bbox 920 749 1098 818; x_wconf 70' lang='lat' dir='ltr'><strong>alapae</strong></span> <span class='ocrx_word' id='word_1_58' title='bbox 1117 749 1146 802; x_wconf 87' lang='lat'><strong>?</strong></span> <span class='ocrx_word' id='word_1_59' title='bbox 1166 747 1375 803; x_wconf 86' lang='lat' dir='ltr'><strong>Omnia</strong></span> <span class='ocrx_word' id='word_1_60' title='bbox 1403 746 1560 802; x_wconf 90' lang='lat' dir='ltr'><strong>enim</strong></span> <span class='ocrx_word' id='word_1_61' title='bbox 1594 745 1896 817; x_wconf 70' lang='lat' dir='ltr'><strong>prmsentia</strong></span> <span class='ocrx_word' id='word_1_62' title='bbox 1920 745 2037 799; x_wconf 69' lang='lat' dir='ltr'><strong>haec</strong></span> <span class='ocrx_word' id='word_1_63' title='bbox 2069 743 2213 799; x_wconf 89' lang='lat' dir='ltr'><strong>mihi</strong></span> <span class='ocrx_word' id='word_1_64' title='bbox 2235 744 2308 800; x_wconf 91' lang='lat' dir='ltr'><strong>ad</strong></span> <span class='ocrx_word' id='word_1_65' title='bbox 2341 745 2535 799; x_wconf 82' lang='lat' dir='ltr'><strong>futura</strong></span> <span class='ocrx_word' id='word_1_66' title='bbox 2564 743 2664 799; x_wconf 90' lang='lat' dir='ltr'><strong>illa</strong></span> <span class='ocrx_word' id='word_1_67' title='bbox 2693 745 2844 801; x_wconf 90' lang='lat' dir='ltr'><strong>bona</strong></span> <span class='ocrx_word' id='word_1_68' title='bbox 2875 746 3178 818; x_wconf 81' lang='lat' dir='ltr'><strong>spectanti,</strong></span> <span class='ocrx_word' id='word_1_69' title='bbox 3207 762 3388 819; x_wconf 87' lang='lat' dir='ltr'><strong>eaque</strong></span> <span class='ocrx_word' id='word_1_70' title='bbox 3419 751 3738 822; x_wconf 78' lang='lat' dir='ltr'><strong>appetenti,</strong></span> 
     </span>
    </p>
   </div>
   <div class='ocr_carea' id='block_1_12' title="bbox 337 835 2036 911">
    <p class='ocr_par' dir='ltr' id='par_1_12' title="bbox 337 835 2036 911">
     <span class='ocr_line' id='line_1_12' title="bbox 337 835 2036 911; baseline -0.004 -16"><span class='ocrx_word' id='word_1_71' title='bbox 337 839 610 895; x_wconf 90' lang='lat' dir='ltr'><strong>videntur</strong></span> <span class='ocrx_word' id='word_1_72' title='bbox 636 855 808 911; x_wconf 88' lang='lat' dir='ltr'><strong>parva</strong></span> <span class='ocrx_word' id='word_1_73' title='bbox 839 838 1103 910; x_wconf 69' lang='lat' dir='ltr'><strong>quaedam</strong></span> <span class='ocrx_word' id='word_1_74' title='bbox 1135 855 1282 906; x_wconf 90' lang='lat' dir='ltr'><strong>esse,</strong></span> <span class='ocrx_word' id='word_1_75' title='bbox 1315 853 1380 893; x_wconf 86' lang='lat' dir='ltr'><strong>ac</strong></span> <span class='ocrx_word' id='word_1_76' title='bbox 1411 853 1514 908; x_wconf 86' lang='lat' dir='ltr'><strong>pro</strong></span> <span class='ocrx_word' id='word_1_77' title='bbox 1535 835 1720 891; x_wconf 88' lang='lat' dir='ltr'><strong>nihilo</strong></span> <span class='ocrx_word' id='word_1_78' title='bbox 1751 835 2036 892; x_wconf 81' lang='lat' dir='ltr'><strong>facienda.</strong></span> 
     </span>
    </p>
   </div>
   <div class='ocr_carea' id='block_1_13' title="bbox 410 925 1979 1002">
    <p class='ocr_par' dir='ltr' id='par_1_13' title="bbox 410 925 1979 1002">
     <span class='ocr_line' id='line_1_13' title="bbox 410 925 1979 1002; baseline -0.002 -22"><span class='ocrx_word' id='word_1_79' title='bbox 410 928 484 982; x_wconf 80' lang='lat'><strong>8&#39;.</strong></span> <span class='ocrx_word' id='word_1_80' title='bbox 519 926 627 981; x_wconf 88' lang='grc' dir='ltr'>Διά</span> <span class='ocrx_word' id='word_1_81' title='bbox 648 932 812 982; x_wconf 78' lang='grc' dir='ltr'>τοῦτο</span> <span class='ocrx_word' id='word_1_82' title='bbox 842 928 931 982; x_wconf 82' lang='grc' dir='ltr'><strong>καὶ</strong></span> <span class='ocrx_word' id='word_1_83' title='bbox 967 928 1202 1002; x_wconf 80' lang='grc' dir='ltr'>βάσανος</span> <span class='ocrx_word' id='word_1_84' title='bbox 1243 927 1396 1002; x_wconf 71' lang='grc' dir='ltr'>ἑτέρᾳ</span> <span class='ocrx_word' id='word_1_85' title='bbox 1424 930 1503 997; x_wconf 79' lang='grc' dir='ltr'><strong>τῷ</strong></span> <span class='ocrx_word' id='word_1_86' title='bbox 1538 925 1754 998; x_wconf 78' lang='grc' dir='ltr'>ἀθλητῇ</span> <span class='ocrx_word' id='word_1_87' title='bbox 1809 945 1979 998; x_wconf 86' lang='grc' dir='ltr'>προσ-</span> 
     </span>
    </p>
   </div>
   <div class='ocr_carea' id='block_1_14' title="bbox 337 1011 1981 1089">
    <p class='ocr_par' dir='ltr' id='par_1_14' title="bbox 337 1011 1981 1089">
     <span class='ocr_line' id='line_1_14' title="bbox 337 1011 1981 1089; baseline -0.002 -21"><span class='ocrx_word' id='word_1_88' title='bbox 337 1016 482 1084; x_wconf 74' lang='grc' dir='ltr'>Θήκη</span> <span class='ocrx_word' id='word_1_89' title='bbox 541 1021 642 1083; x_wconf 81' lang='grc' dir='ltr'><strong>τῆς</strong></span> <span class='ocrx_word' id='word_1_90' title='bbox 697 1011 1087 1088; x_wconf 77' lang='grc' dir='ltr'>προλαόούσης</span> <span class='ocrx_word' id='word_1_91' title='bbox 1127 1014 1385 1089; x_wconf 76' lang='grc' dir='ltr'><strong>ἐπήγετο,</strong></span> <span class='ocrx_word' id='word_1_92' title='bbox 1432 1013 1523 1068; x_wconf 83' lang='grc' dir='ltr'><strong>καὶ</strong></span> <span class='ocrx_word' id='word_1_93' title='bbox 1573 1011 1752 1076; x_wconf 90' lang='grc' dir='ltr'>λίθοις</span> <span class='ocrx_word' id='word_1_94' title='bbox 1811 1011 1981 1083; x_wconf 77' lang='grc' dir='ltr'>ὀξέσιν</span> 
     </span>
    </p>
   </div>
   <div class='ocr_carea' id='block_1_15' title="bbox 338 1099 1982 1176">
    <p class='ocr_par' dir='ltr' id='par_1_15' title="bbox 338 1099 1982 1176">
     <span class='ocr_line' id='line_1_15' title="bbox 338 1099 1982 1176; baseline -0.002 -21"><span class='ocrx_word' id='word_1_95' title='bbox 338 1103 368 1155; x_wconf 83' lang='grc' dir='ltr'><strong>ὁ</strong></span> <span class='ocrx_word' id='word_1_96' title='bbox 417 1107 664 1174; x_wconf 89' lang='grc' dir='ltr'>γενναῖος</span> <span class='ocrx_word' id='word_1_97' title='bbox 690 1102 1029 1173; x_wconf 75' lang='grc' dir='ltr'>,ἐπλήττετο,</span> <span class='ocrx_word' id='word_1_98' title='bbox 1060 1104 1390 1176; x_wconf 85' lang='grc' dir='ltr'>πρόσταγμα</span> <span class='ocrx_word' id='word_1_99' title='bbox 1447 1099 1504 1155; x_wconf 76' lang='grc' dir='ltr'>δὲ</span> <span class='ocrx_word' id='word_1_100' title='bbox 1567 1105 1665 1155; x_wconf 77' lang='grc' dir='ltr'><strong>τοῦ</strong></span> <span class='ocrx_word' id='word_1_101' title='bbox 1721 1101 1982 1173; x_wconf 83' lang='grc' dir='ltr'>τυράννου</span> 
     </span>
    </p>
   </div>
   <div class='ocr_carea' id='block_1_16' title="bbox 335 1187 1984 1265">
    <p class='ocr_par' dir='ltr' id='par_1_16' title="bbox 335 1187 1984 1265">
     <span class='ocr_line' id='line_1_16' title="bbox 335 1187 1984 1265; baseline -0.001 -22"><span class='ocrx_word' id='word_1_102' title='bbox 335 1194 522 1260; x_wconf 76' lang='grc' dir='ltr'>τοῦτο,</span> <span class='ocrx_word' id='word_1_103' title='bbox 561 1190 652 1244; x_wconf 87' lang='grc' dir='ltr'><strong>καὶ</strong></span> <span class='ocrx_word' id='word_1_104' title='bbox 709 1197 809 1260; x_wconf 81' lang='grc' dir='ltr'><strong>τῆς</strong></span> <span class='ocrx_word' id='word_1_105' title='bbox 868 1190 1109 1261; x_wconf 80' lang='grc' dir='ltr'>ἀπηνοῦς</span> <span class='ocrx_word' id='word_1_106' title='bbox 1171 1195 1356 1265; x_wconf 79' lang='grc' dir='ltr'>ψυχῆς</span> <span class='ocrx_word' id='word_1_107' title='bbox 1410 1189 1620 1260; x_wconf 74' lang='grc' dir='ltr'>ἐκείνης</span> <span class='ocrx_word' id='word_1_108' title='bbox 1685 1189 1776 1244; x_wconf 80' lang='grc' dir='ltr'>καὶ</span> <span class='ocrx_word' id='word_1_109' title='bbox 1815 1187 1984 1242; x_wconf 82' lang='grc' dir='ltr'>ἃπαν-</span> 
     </span>
    </p>
   </div>
   <div class='ocr_carea' id='block_1_17' title="bbox 339 1276 1984 1355">
    <p class='ocr_par' dir='ltr' id='par_1_17' title="bbox 339 1276 1984 1355">
     <span class='ocr_line' id='line_1_17' title="bbox 339 1276 1984 1355; baseline -0.001 -25"><span class='ocrx_word' id='word_1_110' title='bbox 339 1277 586 1351; x_wconf 85' lang='grc' dir='ltr'>θρώπου.</span> <span class='ocrx_word' id='word_1_111' title='bbox 617 1280 756 1345; x_wconf 78' lang='grc' dir='ltr'>⁶Ἰνα,</span> <span class='ocrx_word' id='word_1_112' title='bbox 808 1279 964 1355; x_wconf 71' lang='grc' dir='ltr'>φησὶ,</span> <span class='ocrx_word' id='word_1_113' title='bbox 995 1279 1171 1334; x_wconf 82' lang='grc' dir='ltr'>πυκνὰ</span> <span class='ocrx_word' id='word_1_114' title='bbox 1221 1276 1681 1352; x_wconf 86' lang='grc' dir='ltr'>διαθραττομένου</span> <span class='ocrx_word' id='word_1_115' title='bbox 1735 1279 1832 1330; x_wconf 81' lang='grc' dir='ltr'><strong>τοῦ</strong></span> <span class='ocrx_word' id='word_1_116' title='bbox 1874 1276 1984 1329; x_wconf 87' lang='grc' dir='ltr'><strong>σώ-</strong></span> 
     </span>
    </p>
   </div>
   <div class='ocr_carea' id='block_1_18' title="bbox 341 1362 1986 1442">
    <p class='ocr_par' dir='ltr' id='par_1_18' title="bbox 341 1362 1986 1442">
     <span class='ocr_line' id='line_1_18' title="bbox 341 1362 1986 1442; baseline -0.002 -22"><span class='ocrx_word' id='word_1_117' title='bbox 341 1385 536 1435; x_wconf 88' lang='grc' dir='ltr'>ματος,</span> <span class='ocrx_word' id='word_1_118' title='bbox 566 1367 757 1421; x_wconf 83' lang='grc' dir='ltr'>Θᾶττον</span> <span class='ocrx_word' id='word_1_119' title='bbox 815 1365 1098 1442; x_wconf 65' lang='grc' dir='ltr'>ἀπορρήξῃ</span> <span class='ocrx_word' id='word_1_120' title='bbox 1152 1365 1244 1421; x_wconf 79' lang='grc' dir='ltr'><strong>καὶ</strong></span> <span class='ocrx_word' id='word_1_121' title='bbox 1280 1367 1380 1435; x_wconf 75' lang='grc' dir='ltr'>τὴν</span> <span class='ocrx_word' id='word_1_122' title='bbox 1446 1367 1652 1440; x_wconf 76' lang='grc' dir='ltr'>ψυχήν.</span> <span class='ocrx_word' id='word_1_123' title='bbox 1698 1362 1986 1433; x_wconf 73' lang='grc' dir='ltr'>Ἐλελήθει</span> 
     </span>
    </p>
   </div>
   <div class='ocr_carea' id='block_1_19' title="bbox 339 1452 1988 1528">
    <p class='ocr_par' dir='ltr' id='par_1_19' title="bbox 339 1452 1988 1528">
     <span class='ocr_line' id='line_1_19' title="bbox 339 1452 1988 1528; baseline -0.001 -20"><span class='ocrx_word' id='word_1_124' title='bbox 339 1452 398 1508; x_wconf 76' lang='grc' dir='ltr'>δὲ</span> <span class='ocrx_word' id='word_1_125' title='bbox 428 1455 530 1528; x_wconf 79' lang='grc' dir='ltr'>ἄρα</span> <span class='ocrx_word' id='word_1_126' title='bbox 570 1452 950 1528; x_wconf 85' lang='grc' dir='ltr'>λαμπρότερον</span> <span class='ocrx_word' id='word_1_127' title='bbox 988 1452 1146 1510; x_wconf 77' lang='grc' dir='ltr'>αὒτὸν</span> <span class='ocrx_word' id='word_1_128' title='bbox 1197 1454 1582 1528; x_wconf 77' lang='grc' dir='ltr'><strong>ἐργαζόμενος,</strong></span> <span class='ocrx_word' id='word_1_129' title='bbox 1613 1453 1700 1507; x_wconf 83' lang='grc' dir='ltr'><strong>καὶ</strong></span> <span class='ocrx_word' id='word_1_130' title='bbox 1760 1452 1988 1507; x_wconf 81' lang='grc' dir='ltr'>πλείονα</span> 
     </span>
    </p>
   </div>
   <div class='ocr_carea' id='block_1_20' title="bbox 334 1539 1985 1616">
    <p class='ocr_par' dir='ltr' id='par_1_20' title="bbox 334 1539 1985 1616">
     <span class='ocr_line' id='line_1_20' title="bbox 334 1539 1985 1616; baseline -0.001 -20"><span class='ocrx_word' id='word_1_131' title='bbox 334 1546 418 1612; x_wconf 77' lang='grc' dir='ltr'>τῷ</span> <span class='ocrx_word' id='word_1_132' title='bbox 451 1541 683 1615; x_wconf 90' lang='grc' dir='ltr'>μάρτυρι</span> <span class='ocrx_word' id='word_1_133' title='bbox 723 1542 992 1615; x_wconf 81' lang='grc' dir='ltr'>προξενῶν</span> <span class='ocrx_word' id='word_1_134' title='bbox 1040 1544 1141 1611; x_wconf 81' lang='grc' dir='ltr'><strong>τήν</strong></span> <span class='ocrx_word' id='word_1_135' title='bbox 1192 1543 1329 1616; x_wconf 88' lang='grc' dir='ltr'>πρὸς</span> <span class='ocrx_word' id='word_1_136' title='bbox 1373 1544 1464 1596; x_wconf 89' lang='grc' dir='ltr'>τὸν</span> <span class='ocrx_word' id='word_1_137' title='bbox 1499 1542 1626 1596; x_wconf 86' lang='grc' dir='ltr'><strong>Θεὸν</strong></span> <span class='ocrx_word' id='word_1_138' title='bbox 1657 1539 1985 1615; x_wconf 78' lang='grc' dir='ltr'>παῤῥησίαν.</span> 
     </span>
    </p>
   </div>
   <div class='ocr_carea' id='block_1_21' title="bbox 337 1625 1986 1704">
    <p class='ocr_par' dir='ltr' id='par_1_21' title="bbox 337 1625 1986 1704">
     <span class='ocr_line' id='line_1_21' title="bbox 337 1625 1986 1704; baseline -0.002 -20"><span class='ocrx_word' id='word_1_139' title='bbox 337 1628 518 1685; x_wconf 79' lang='grc' dir='ltr'>Ἀλλά</span> <span class='ocrx_word' id='word_1_140' title='bbox 546 1631 873 1704; x_wconf 73' lang='grc' dir='ltr'><strong>προσεκτέον</strong></span> <span class='ocrx_word' id='word_1_141' title='bbox 921 1635 1002 1701; x_wconf 81' lang='grc' dir='ltr'><strong>τῷ</strong></span> <span class='ocrx_word' id='word_1_142' title='bbox 1060 1628 1365 1704; x_wconf 80' lang='grc' dir='ltr'>διηγήματι</span> <span class='ocrx_word' id='word_1_143' title='bbox 1393 1647 1408 1664; x_wconf 74' lang='grc' dir='ltr'><strong>ο</strong></span> <span class='ocrx_word' id='word_1_144' title='bbox 1458 1631 1549 1684; x_wconf 82' lang='grc' dir='ltr'><strong>καὶ</strong></span> <span class='ocrx_word' id='word_1_145' title='bbox 1593 1629 1697 1704; x_wconf 80' lang='grc' dir='ltr'><strong>γὰρ</strong></span> <span class='ocrx_word' id='word_1_146' title='bbox 1750 1625 1986 1697; x_wconf 80' lang='grc' dir='ltr'>ἐκδηλο-</span> 
     </span>
    </p>
   </div>
   <div class='ocr_carea' id='block_1_22' title="bbox 337 1715 1986 1792">
    <p class='ocr_par' dir='ltr' id='par_1_22' title="bbox 337 1715 1986 1792">
     <span class='ocr_line' id='line_1_22' title="bbox 337 1715 1986 1792; baseline -0.001 -21"><span class='ocrx_word' id='word_1_147' title='bbox 337 1718 496 1790; x_wconf 87' lang='grc' dir='ltr'>τέρας</span> <span class='ocrx_word' id='word_1_148' title='bbox 527 1715 636 1788; x_wconf 77' lang='grc' dir='ltr'>ἤδη</span> <span class='ocrx_word' id='word_1_149' title='bbox 686 1725 788 1786; x_wconf 71' lang='grc' dir='ltr'>τῆς</span> <span class='ocrx_word' id='word_1_150' title='bbox 818 1717 1048 1792; x_wconf 84' lang='grc' dir='ltr'>χάριτος</span> <span class='ocrx_word' id='word_1_151' title='bbox 1091 1715 1404 1788; x_wconf 74' lang='grc' dir='ltr'>ἀπολαύειν,</span> <span class='ocrx_word' id='word_1_152' title='bbox 1434 1717 1524 1772; x_wconf 83' lang='lat' dir='ltr'><strong>xui</strong></span> <span class='ocrx_word' id='word_1_153' title='bbox 1555 1723 1661 1772; x_wconf 78' lang='grc' dir='ltr'>τῶν</span> <span class='ocrx_word' id='word_1_154' title='bbox 1695 1716 1986 1789; x_wconf 80' lang='grc' dir='ltr'>θαυμάτων</span> 
     </span>
    </p>
   </div>
   <div class='ocr_carea' id='block_1_23' title="bbox 338 1807 934 1881">
    <p class='ocr_par' dir='ltr' id='par_1_23' title="bbox 338 1807 934 1881">
     <span class='ocr_line' id='line_1_23' title="bbox 338 1807 934 1881; baseline -0.002 -19"><span class='ocrx_word' id='word_1_155' title='bbox 338 1807 655 1881; x_wconf 82' lang='grc' dir='ltr'>Ἐπίμαχος</span> <span class='ocrx_word' id='word_1_156' title='bbox 685 1807 934 1881; x_wconf 82' lang='grc' dir='ltr'>ἄρχεται.</span> 
     </span>
    </p>
   </div>
   <div class='ocr_carea' id='block_1_24' title="bbox 411 2068 1985 2143">
    <p class='ocr_par' dir='ltr' id='par_1_24' title="bbox 411 2068 1985 2143">
     <span class='ocr_line' id='line_1_24' title="bbox 411 2068 1985 2143; baseline -0.002 -17"><span class='ocrx_word' id='word_1_157' title='bbox 411 2071 469 2126; x_wconf 82' lang='grc' dir='ltr'><strong>Γ.</strong></span> <span class='ocrx_word' id='word_1_158' title='bbox 527 2070 588 2126; x_wconf 90' lang='grc' dir='ltr'>Ὁ</span> <span class='ocrx_word' id='word_1_159' title='bbox 657 2070 750 2142; x_wconf 79' lang='grc' dir='ltr'>μὶν</span> <span class='ocrx_word' id='word_1_160' title='bbox 827 2068 1062 2138; x_wconf 84' lang='grc' dir='ltr'>ἐξαίνετο</span> <span class='ocrx_word' id='word_1_161' title='bbox 1147 2071 1418 2143; x_wconf 89' lang='grc' dir='ltr'>μετέωρος</span> <span class='ocrx_word' id='word_1_162' title='bbox 1475 2068 1564 2124; x_wconf 78' lang='grc' dir='ltr'>ἒπὶ</span> <span class='ocrx_word' id='word_1_163' title='bbox 1641 2070 1833 2140; x_wconf 80' lang='grc' dir='ltr'>ξύλου,</span> <span class='ocrx_word' id='word_1_164' title='bbox 1897 2071 1985 2124; x_wconf 89' lang='lat' dir='ltr'><strong>xui</strong></span> 
     </span>
    </p>
   </div>
   <div class='ocr_carea' id='block_1_25' title="bbox 339 2155 1991 2232">
    <p class='ocr_par' dir='ltr' id='par_1_25' title="bbox 339 2155 1991 2232">
     <span class='ocr_line' id='line_1_25' title="bbox 339 2155 1991 2232; baseline 0.001 -21"><span class='ocrx_word' id='word_1_165' title='bbox 339 2156 519 2221; x_wconf 82' lang='grc' dir='ltr'>λίθοις</span> <span class='ocrx_word' id='word_1_166' title='bbox 576 2158 642 2212; x_wconf 87' lang='grc' dir='ltr'><strong>τὰ</strong></span> <span class='ocrx_word' id='word_1_167' title='bbox 702 2157 833 2212; x_wconf 84' lang='grc' dir='ltr'><strong>ὀστᾶ</strong></span> <span class='ocrx_word' id='word_1_168' title='bbox 897 2155 1273 2213; x_wconf 86' lang='grc' dir='ltr'>διακέκλαστο.</span> <span class='ocrx_word' id='word_1_169' title='bbox 1307 2158 1457 2232; x_wconf 86' lang='grc' dir='ltr'>Κόρη</span> <span class='ocrx_word' id='word_1_170' title='bbox 1510 2157 1567 2212; x_wconf 86' lang='grc' dir='ltr'><strong>δέ</strong></span> <span class='ocrx_word' id='word_1_171' title='bbox 1596 2179 1679 2220; x_wconf 91' lang='grc' dir='ltr'><strong>τις</strong></span> <span class='ocrx_word' id='word_1_172' title='bbox 1711 2157 1821 2212; x_wconf 83' lang='grc' dir='ltr'>ἐκεῖ</span> <span class='ocrx_word' id='word_1_173' title='bbox 1850 2179 1991 2232; x_wconf 91' lang='grc' dir='ltr'>παρ-</span> 
     </span>
    </p>
   </div>
   <div class='ocr_carea' id='block_1_26' title="bbox 342 2242 1991 2319">
    <p class='ocr_par' dir='ltr' id='par_1_26' title="bbox 342 2242 1991 2319">
     <span class='ocr_line' id='line_1_26' title="bbox 342 2242 1991 2319; baseline 0.001 -21"><span class='ocrx_word' id='word_1_174' title='bbox 342 2246 580 2313; x_wconf 76' lang='grc' dir='ltr'>ειστήκει</span> <span class='ocrx_word' id='word_1_175' title='bbox 647 2245 810 2319; x_wconf 90' lang='grc' dir='ltr'>μέρος</span> <span class='ocrx_word' id='word_1_176' title='bbox 893 2242 1026 2298; x_wconf 78' lang='grc' dir='ltr'>οὖσα</span> <span class='ocrx_word' id='word_1_177' title='bbox 1083 2245 1174 2299; x_wconf 83' lang='grc' dir='ltr'><strong>καὶ</strong></span> <span class='ocrx_word' id='word_1_178' title='bbox 1233 2245 1368 2313; x_wconf 85' lang='grc' dir='ltr'><strong>αύτὴ</strong></span> <span class='ocrx_word' id='word_1_179' title='bbox 1435 2251 1532 2300; x_wconf 77' lang='grc' dir='ltr'><strong>τοῦ</strong></span> <span class='ocrx_word' id='word_1_180' title='bbox 1589 2258 1838 2319; x_wconf 84' lang='grc' dir='ltr'>θεατρου,</span> <span class='ocrx_word' id='word_1_181' title='bbox 1899 2246 1991 2300; x_wconf 85' lang='grc' dir='ltr'>τὸν</span> 
     </span>
    </p>
   </div>
   <div class='ocr_carea' id='block_1_27' title="bbox 339 2331 1989 2410">
    <p class='ocr_par' dir='ltr' id='par_1_27' title="bbox 339 2331 1989 2410">
     <span class='ocr_line' id='line_1_27' title="bbox 339 2331 1989 2410; baseline 0.001 -22"><span class='ocrx_word' id='word_1_182' title='bbox 339 2331 526 2406; x_wconf 76' lang='grc' dir='ltr'>ἕτερον</span> <span class='ocrx_word' id='word_1_183' title='bbox 584 2331 958 2407; x_wconf 89' lang='grc' dir='ltr'>πεπηρωμένη</span> <span class='ocrx_word' id='word_1_184' title='bbox 1040 2338 1150 2388; x_wconf 77' lang='grc' dir='ltr'><strong>τῶν</strong></span> <span class='ocrx_word' id='word_1_185' title='bbox 1226 2333 1546 2410; x_wconf 73' lang='grc' dir='ltr'>ὀφθαλμῶν.</span> <span class='ocrx_word' id='word_1_186' title='bbox 1605 2334 1820 2404; x_wconf 80' lang='grc' dir='ltr'>Ταύτης</span> <span class='ocrx_word' id='word_1_187' title='bbox 1896 2333 1989 2389; x_wconf 77' lang='grc' dir='ltr'><strong>οὖν</strong></span> 
     </span>
    </p>
   </div>
   <div class='ocr_carea' id='block_1_28' title="bbox 344 2421 1992 2501">
    <p class='ocr_par' dir='ltr' id='par_1_28' title="bbox 344 2421 1992 2501">
     <span class='ocr_line' id='line_1_28' title="bbox 344 2421 1992 2501; baseline 0.002 -25"><span class='ocrx_word' id='word_1_188' title='bbox 344 2424 541 2482; x_wconf 69' lang='grc' dir='ltr'>ἀτενῶς</span> <span class='ocrx_word' id='word_1_189' title='bbox 594 2423 732 2496; x_wconf 85' lang='grc' dir='ltr'>πρὸς</span> <span class='ocrx_word' id='word_1_190' title='bbox 811 2421 1013 2476; x_wconf 78' lang='grc' dir='ltr'>ἐκεῖνον</span> <span class='ocrx_word' id='word_1_191' title='bbox 1083 2424 1322 2497; x_wconf 84' lang='grc' dir='ltr'>ὁρώσης,</span> <span class='ocrx_word' id='word_1_192' title='bbox 1379 2423 1470 2478; x_wconf 81' lang='grc' dir='ltr'><strong>καὶ</strong></span> <span class='ocrx_word' id='word_1_193' title='bbox 1549 2425 1646 2487; x_wconf 71' lang='grc' dir='ltr'><strong>τὰς</strong></span> <span class='ocrx_word' id='word_1_194' title='bbox 1742 2424 1992 2501; x_wconf 71' lang='grc' dir='ltr'>χαλεπὰς</span> 
     </span>
    </p>
   </div>
   <div class='ocr_carea' id='block_1_29' title="bbox 341 2508 1989 2586">
    <p class='ocr_par' dir='ltr' id='par_1_29' title="bbox 341 2508 1989 2586">
     <span class='ocr_line' id='line_1_29' title="bbox 341 2508 1989 2586; baseline 0.001 -22"><span class='ocrx_word' id='word_1_195' title='bbox 341 2509 546 2572; x_wconf 84' lang='grc' dir='ltr'>ἐκείνας</span> <span class='ocrx_word' id='word_1_196' title='bbox 577 2508 830 2571; x_wconf 80' lang='grc' dir='ltr'>κολάσεις</span> <span class='ocrx_word' id='word_1_197' title='bbox 879 2508 1119 2583; x_wconf 82' lang='grc' dir='ltr'>ὀδυρμὸν</span> <span class='ocrx_word' id='word_1_198' title='bbox 1177 2512 1535 2584; x_wconf 79' lang='grc' dir='ltr'>ποιουμένης,</span> <span class='ocrx_word' id='word_1_199' title='bbox 1571 2512 1734 2586; x_wconf 90' lang='grc' dir='ltr'>μέρος</span> <span class='ocrx_word' id='word_1_200' title='bbox 1773 2534 1825 2566; x_wconf 84' lang='grc' dir='ltr'><strong>τι</strong></span> <span class='ocrx_word' id='word_1_201' title='bbox 1881 2517 1989 2568; x_wconf 81' lang='grc' dir='ltr'><strong>τῶν</strong></span> 
     </span>
    </p>
   </div>
   <div class='ocr_carea' id='block_1_30' title="bbox 343 2599 1992 2674">
    <p class='ocr_par' dir='ltr' id='par_1_30' title="bbox 343 2599 1992 2674">
     <span class='ocr_line' id='line_1_30' title="bbox 343 2599 1992 2674; baseline 0 -20"><span class='ocrx_word' id='word_1_202' title='bbox 343 2603 440 2655; x_wconf 79' lang='grc' dir='ltr'><strong>τοῦ</strong></span> <span class='ocrx_word' id='word_1_203' title='bbox 537 2600 810 2672; x_wconf 84' lang='grc' dir='ltr'>μάρτυρος</span> <span class='ocrx_word' id='word_1_204' title='bbox 892 2604 1104 2674; x_wconf 81' lang='grc' dir='ltr'>σαρκῶν</span> <span class='ocrx_word' id='word_1_205' title='bbox 1201 2599 1398 2664; x_wconf 77' lang='grc' dir='ltr'>έγεῖθεν</span> <span class='ocrx_word' id='word_1_206' title='bbox 1482 2601 1822 2664; x_wconf 73' lang='grc' dir='ltr'>ἀποσπασθὲν</span> <span class='ocrx_word' id='word_1_207' title='bbox 1899 2601 1992 2656; x_wconf 88' lang='grc' dir='ltr'><strong>καὶ</strong></span> 
     </span>
    </p>
   </div>
   <div class='ocr_carea' id='block_1_31' title="bbox 344 2685 1994 2763">
    <p class='ocr_par' dir='ltr' id='par_1_31' title="bbox 344 2685 1994 2763">
     <span class='ocr_line' id='line_1_31' title="bbox 344 2685 1994 2763; baseline 0.001 -21"><span class='ocrx_word' id='word_1_208' title='bbox 344 2685 580 2762; x_wconf 84' lang='grc' dir='ltr'>διαέριόν</span> <span class='ocrx_word' id='word_1_209' title='bbox 631 2708 747 2748; x_wconf 92' lang='grc' dir='ltr'><strong>πως</strong></span> <span class='ocrx_word' id='word_1_210' title='bbox 787 2688 1107 2763; x_wconf 77' lang='grc' dir='ltr'>φερόμενον,</span> <span class='ocrx_word' id='word_1_211' title='bbox 1141 2689 1437 2759; x_wconf 76' lang='grc' dir='ltr'>ἀποστάζει</span> <span class='ocrx_word' id='word_1_212' title='bbox 1481 2695 1578 2744; x_wconf 71' lang='grc' dir='ltr'><strong>τοῦ</strong></span> <span class='ocrx_word' id='word_1_213' title='bbox 1618 2689 1856 2762; x_wconf 76' lang='grc' dir='ltr'>α’ίματος</span> <span class='ocrx_word' id='word_1_214' title='bbox 1917 2690 1994 2753; x_wconf 85' lang='grc' dir='ltr'>εἷς</span> 
     </span>
    </p>
   </div>
   <div class='ocr_carea' id='block_1_32' title="bbox 339 2775 1992 2853">
    <p class='ocr_par' dir='ltr' id='par_1_32' title="bbox 339 2775 1992 2853">
     <span class='ocr_line' id='line_1_32' title="bbox 339 2775 1992 2853; baseline 0.002 -23"><span class='ocrx_word' id='word_1_215' title='bbox 339 2777 432 2830; x_wconf 83' lang='grc' dir='ltr'>τὸν</span> <span class='ocrx_word' id='word_1_216' title='bbox 485 2776 770 2851; x_wconf 78' lang='grc' dir='ltr'>ὀφθαλμόν</span> <span class='ocrx_word' id='word_1_217' title='bbox 802 2795 815 2808; x_wconf 90' lang='grc'><strong>·</strong></span> <span class='ocrx_word' id='word_1_218' title='bbox 853 2777 944 2831; x_wconf 83' lang='grc' dir='ltr'><strong>καὶ</strong></span> <span class='ocrx_word' id='word_1_219' title='bbox 996 2779 1024 2830; x_wconf 88' lang='grc' dir='ltr'>ὁ</span> <span class='ocrx_word' id='word_1_220' title='bbox 1074 2775 1386 2851; x_wconf 81' lang='grc' dir='ltr'>σταλαγμὸς</span> <span class='ocrx_word' id='word_1_221' title='bbox 1435 2778 1628 2833; x_wconf 71' lang='grc' dir='ltr'>αὐτίκα</span> <span class='ocrx_word' id='word_1_222' title='bbox 1684 2782 1877 2852; x_wconf 78' lang='grc' dir='ltr'>παγεὶς</span> <span class='ocrx_word' id='word_1_223' title='bbox 1921 2778 1992 2853; x_wconf 83' lang='grc' dir='ltr'><strong>(ὢ</strong></span> 
     </span>
    </p>
   </div>
   <div class='ocr_carea' id='block_1_33' title="bbox 339 2863 1992 2940">
    <p class='ocr_par' dir='ltr' id='par_1_33' title="bbox 339 2863 1992 2940">
     <span class='ocr_line' id='line_1_33' title="bbox 339 2863 1992 2940; baseline 0.002 -21"><span class='ocrx_word' id='word_1_224' title='bbox 339 2865 626 2936; x_wconf 79' lang='grc' dir='ltr'>θαύματος</span> <span class='ocrx_word' id='word_1_225' title='bbox 697 2865 1044 2920; x_wconf 78' lang='grc' dir='ltr'>ἀνεικάστουί</span> <span class='ocrx_word' id='word_1_226' title='bbox 1107 2863 1151 2918; x_wconf 78' lang='grc' dir='ltr'>ὣ</span> <span class='ocrx_word' id='word_1_227' title='bbox 1235 2867 1409 2920; x_wconf 86' lang='grc' dir='ltr'>πάντα</span> <span class='ocrx_word' id='word_1_228' title='bbox 1502 2865 1668 2940; x_wconf 82' lang='grc' dir='ltr'>λόγον</span> <span class='ocrx_word' id='word_1_229' title='bbox 1753 2870 1992 2938; x_wconf 75' lang='grc' dir='ltr'>νικώσης</span> 
     </span>
    </p>
   </div>
   <div class='ocr_carea' id='block_1_34' title="bbox 341 2953 1992 3031">
    <p class='ocr_par' dir='ltr' id='par_1_34' title="bbox 341 2953 1992 3031">
     <span class='ocr_line' id='line_1_34' title="bbox 341 2953 1992 3031; baseline 0.002 -24"><span class='ocrx_word' id='word_1_230' title='bbox 341 2953 800 3030; x_wconf 76' lang='grc' dir='ltr'>φιλανθρωπίας),</span> <span class='ocrx_word' id='word_1_231' title='bbox 869 2959 986 3026; x_wconf 75' lang='grc' dir='ltr'>φῶς</span> <span class='ocrx_word' id='word_1_232' title='bbox 1039 2953 1241 3026; x_wconf 86' lang='grc' dir='ltr'>γίνεται</span> <span class='ocrx_word' id='word_1_233' title='bbox 1298 2955 1491 3028; x_wconf 83' lang='grc' dir='ltr'>ταύτῃ,</span> <span class='ocrx_word' id='word_1_234' title='bbox 1551 2957 1639 3009; x_wconf 79' lang='grc' dir='ltr'>καὶ</span> <span class='ocrx_word' id='word_1_235' title='bbox 1710 2958 1837 3031; x_wconf 84' lang='grc' dir='ltr'>ὑγιῆ</span> <span class='ocrx_word' id='word_1_236' title='bbox 1897 2958 1992 3012; x_wconf 84' lang='grc' dir='ltr'>τὸν</span> 
     </span>
    </p>
   </div>
   <div class='ocr_carea' id='block_1_35' title="bbox 343 3038 1994 3120">
    <p class='ocr_par' dir='ltr' id='par_1_35' title="bbox 343 3038 1994 3120">
     <span class='ocr_line' id='line_1_35' title="bbox 343 3038 1994 3120; baseline 0.003 -24"><span class='ocrx_word' id='word_1_237' title='bbox 343 3041 628 3119; x_wconf 74' lang='grc' dir='ltr'>ὀφθαλμὸν</span> <span class='ocrx_word' id='word_1_238' title='bbox 663 3038 1015 3095; x_wconf 85' lang='grc' dir='ltr'>ἀποδίδωσιν.</span> <span class='ocrx_word' id='word_1_239' title='bbox 1060 3040 1236 3097; x_wconf 84' lang='grc' dir='ltr'><strong>Ἀλλᾶ</strong></span> <span class='ocrx_word' id='word_1_240' title='bbox 1265 3047 1424 3096; x_wconf 79' lang='grc' dir='ltr'>τοῦτο</span> <span class='ocrx_word' id='word_1_241' title='bbox 1479 3044 1573 3115; x_wconf 79' lang='grc' dir='ltr'>μὲν</span> <span class='ocrx_word' id='word_1_242' title='bbox 1625 3042 1690 3114; x_wconf 77' lang='grc' dir='ltr'>δὴ</span> <span class='ocrx_word' id='word_1_243' title='bbox 1724 3046 1994 3120; x_wconf 80' lang='grc' dir='ltr'>πάρεργον</span> 
     </span>
    </p>
   </div>
   <div class='ocr_carea' id='block_1_36' title="bbox 2020 1773 2076 1839">
    <p class='ocr_par' dir='ltr' id='par_1_36' title="bbox 2020 1773 2076 1839">
     <span class='ocr_line' id='line_1_36' title="bbox 2020 1773 2076 1839; baseline 0 0"><span class='ocrx_word' id='word_1_244' title='bbox 2020 1773 2076 1839; x_wconf 92' lang='grc' dir='ltr'><strong>Β</strong></span> 
     </span>
    </p>
   </div>
   <div class='ocr_carea' id='block_1_37' title="bbox 2167 924 3738 998">
    <p class='ocr_par' dir='ltr' id='par_1_37' title="bbox 2167 924 3738 998">
     <span class='ocr_line' id='line_1_37' title="bbox 2167 924 3738 998; baseline 0.004 -19"><span class='ocrx_word' id='word_1_245' title='bbox 2167 925 2260 981; x_wconf 83' lang='grc' dir='ltr'><strong>ΙΧ.</strong></span> <span class='ocrx_word' id='word_1_246' title='bbox 2292 924 2421 980; x_wconf 71' lang='grc' dir='ltr'><strong>Ηωο</strong></span> <span class='ocrx_word' id='word_1_247' title='bbox 2452 941 2586 980; x_wconf 92' lang='lat' dir='ltr'><strong>cum</strong></span> <span class='ocrx_word' id='word_1_248' title='bbox 2615 926 2834 981; x_wconf 86' lang='lat' dir='ltr'><strong>diceret</strong></span> <span class='ocrx_word' id='word_1_249' title='bbox 2863 929 3100 998; x_wconf 83' lang='lat' dir='ltr'><strong>martyr,</strong></span> <span class='ocrx_word' id='word_1_250' title='bbox 3142 926 3436 998; x_wconf 91' lang='lat' dir='ltr'><strong>prioribus</strong></span> <span class='ocrx_word' id='word_1_251' title='bbox 3462 930 3738 985; x_wconf 83' lang='lat' dir='ltr'><strong>tormenti</strong></span> 
     </span>
    </p>
   </div>
   <div class='ocr_carea' id='block_1_38' title="bbox 2095 1014 3739 1088">
    <p class='ocr_par' dir='ltr' id='par_1_38' title="bbox 2095 1014 3739 1088">
     <span class='ocr_line' id='line_1_38' title="bbox 2095 1014 3739 1088; baseline 0.004 -20"><span class='ocrx_word' id='word_1_252' title='bbox 2095 1029 2244 1069; x_wconf 87' lang='lat' dir='ltr'><strong>nova</strong></span> <span class='ocrx_word' id='word_1_253' title='bbox 2300 1014 2565 1084; x_wconf 73' lang='lat' dir='ltr'><strong>quaedam</strong></span> <span class='ocrx_word' id='word_1_254' title='bbox 2613 1015 3059 1084; x_wconf 87' lang='lat' dir='ltr'><strong>adjiciebantur,</strong></span> <span class='ocrx_word' id='word_1_255' title='bbox 3089 1022 3144 1071; x_wconf 91' lang='lat' dir='ltr'><strong>et</strong></span> <span class='ocrx_word' id='word_1_256' title='bbox 3193 1017 3386 1072; x_wconf 88' lang='lat' dir='ltr'><strong>acutis</strong></span> <span class='ocrx_word' id='word_1_257' title='bbox 3442 1016 3739 1088; x_wconf 88' lang='lat' dir='ltr'><strong>lapidibus</strong></span> 
     </span>
    </p>
   </div>
   <div class='ocr_carea' id='block_1_39' title="bbox 2094 1101 3741 1174">
    <p class='ocr_par' dir='ltr' id='par_1_39' title="bbox 2094 1101 3741 1174">
     <span class='ocr_line' id='line_1_39' title="bbox 2094 1101 3741 1174; baseline 0.003 -17"><span class='ocrx_word' id='word_1_258' title='bbox 2094 1118 2415 1174; x_wconf 88' lang='lat' dir='ltr'><strong>generosus</strong></span> <span class='ocrx_word' id='word_1_259' title='bbox 2443 1101 2543 1158; x_wconf 91' lang='lat' dir='ltr'><strong>ille</strong></span> <span class='ocrx_word' id='word_1_260' title='bbox 2578 1103 2816 1172; x_wconf 77' lang='lat' dir='ltr'><strong>athleta,</strong></span> <span class='ocrx_word' id='word_1_261' title='bbox 2843 1105 3097 1172; x_wconf 87' lang='lat' dir='ltr'><strong>tyranni,</strong></span> <span class='ocrx_word' id='word_1_262' title='bbox 3131 1103 3237 1160; x_wconf 92' lang='lat' dir='ltr'><strong>boc</strong></span> <span class='ocrx_word' id='word_1_263' title='bbox 3279 1109 3369 1160; x_wconf 88' lang='lat' dir='ltr'><strong>est</strong></span> <span class='ocrx_word' id='word_1_264' title='bbox 3400 1106 3654 1163; x_wconf 90' lang='lat' dir='ltr'><strong>crudelis</strong></span> <span class='ocrx_word' id='word_1_265' title='bbox 3685 1115 3741 1162; x_wconf 90' lang='lat' dir='ltr'><strong>et</strong></span> 
     </span>
    </p>
   </div>
   <div class='ocr_carea' id='block_1_40' title="bbox 2095 1189 3744 1261">
    <p class='ocr_par' dir='ltr' id='par_1_40' title="bbox 2095 1189 3744 1261">
     <span class='ocr_line' id='line_1_40' title="bbox 2095 1189 3744 1261; baseline 0.004 -17"><span class='ocrx_word' id='word_1_266' title='bbox 2095 1189 2432 1246; x_wconf 66' lang='lat' dir='ltr'><strong>inhumana:</strong></span> <span class='ocrx_word' id='word_1_267' title='bbox 2464 1206 2703 1261; x_wconf 85' lang='lat' dir='ltr'><strong>prorsus</strong></span> <span class='ocrx_word' id='word_1_268' title='bbox 2733 1192 2942 1246; x_wconf 72' lang='lat' dir='ltr'><strong>animm</strong></span> <span class='ocrx_word' id='word_1_269' title='bbox 2966 1192 3159 1261; x_wconf 85' lang='lat' dir='ltr'><strong>jussu,</strong></span> <span class='ocrx_word' id='word_1_270' title='bbox 3195 1192 3522 1248; x_wconf 85' lang='lat' dir='ltr'><strong>feriebatur.</strong></span> <span class='ocrx_word' id='word_1_271' title='bbox 3558 1195 3744 1250; x_wconf 86' lang='lat' dir='ltr'><strong>Insta-</strong></span> 
     </span>
    </p>
   </div>
   <div class='ocr_carea' id='block_1_41' title="bbox 2096 1277 3739 1352">
    <p class='ocr_par' dir='ltr' id='par_1_41' title="bbox 2096 1277 3739 1352">
     <span class='ocr_line' id='line_1_41' title="bbox 2096 1277 3739 1352; baseline 0.002 -20"><span class='ocrx_word' id='word_1_272' title='bbox 2096 1277 2196 1332; x_wconf 86' lang='lat' dir='ltr'><strong>bat</strong></span> <span class='ocrx_word' id='word_1_273' title='bbox 2225 1277 2382 1332; x_wconf 89' lang='lat' dir='ltr'><strong>enim</strong></span> <span class='ocrx_word' id='word_1_274' title='bbox 2405 1293 2471 1332; x_wconf 90' lang='lat' dir='ltr'><strong>ac</strong></span> <span class='ocrx_word' id='word_1_275' title='bbox 2504 1278 2784 1348; x_wconf 84' lang='lat' dir='ltr'><strong>urgebat:</strong></span> <span class='ocrx_word' id='word_1_276' title='bbox 2817 1283 2922 1346; x_wconf 89' lang='lat' dir='ltr'><strong>Ita,</strong></span> <span class='ocrx_word' id='word_1_277' title='bbox 2953 1278 3250 1350; x_wconf 87' lang='lat' dir='ltr'><strong>inquiens,</strong></span> <span class='ocrx_word' id='word_1_278' title='bbox 3287 1279 3586 1336; x_wconf 88' lang='lat' dir='ltr'><strong>hominem</strong></span> <span class='ocrx_word' id='word_1_279' title='bbox 3610 1296 3739 1352; x_wconf 90' lang='lat' dir='ltr'><strong>per-</strong></span> 
     </span>
    </p>
   </div>
   <div class='ocr_carea' id='block_1_42' title="bbox 2098 1365 3744 1438">
    <p class='ocr_par' dir='ltr' id='par_1_42' title="bbox 2098 1365 3744 1438">
     <span class='ocr_line' id='line_1_42' title="bbox 2098 1365 3744 1438; baseline 0.004 -20"><span class='ocrx_word' id='word_1_280' title='bbox 2098 1365 2296 1431; x_wconf 88' lang='lat' dir='ltr'><strong>cutite,</strong></span> <span class='ocrx_word' id='word_1_281' title='bbox 2330 1368 2396 1419; x_wconf 90' lang='lat' dir='ltr'><strong>ut</strong></span> <span class='ocrx_word' id='word_1_282' title='bbox 2442 1365 2572 1435; x_wconf 89' lang='lat' dir='ltr'><strong>ejus</strong></span> <span class='ocrx_word' id='word_1_283' title='bbox 2628 1381 2864 1436; x_wconf 86' lang='lat' dir='ltr'><strong>corpore</strong></span> <span class='ocrx_word' id='word_1_284' title='bbox 2914 1365 3133 1422; x_wconf 88' lang='lat' dir='ltr'><strong>crebris</strong></span> <span class='ocrx_word' id='word_1_285' title='bbox 3190 1366 3400 1422; x_wconf 83' lang='lat' dir='ltr'><strong>ictibus</strong></span> <span class='ocrx_word' id='word_1_286' title='bbox 3431 1367 3744 1438; x_wconf 82' lang='lat' dir='ltr'><strong>perfracto,</strong></span> 
     </span>
    </p>
   </div>
   <div class='ocr_carea' id='block_1_43' title="bbox 2098 1453 3741 1525">
    <p class='ocr_par' dir='ltr' id='par_1_43' title="bbox 2098 1453 3741 1525">
     <span class='ocr_line' id='line_1_43' title="bbox 2098 1453 3741 1525; baseline 0.002 -18"><span class='ocrx_word' id='word_1_287' title='bbox 2098 1453 2394 1508; x_wconf 88' lang='lat' dir='ltr'><strong>celerrime</strong></span> <span class='ocrx_word' id='word_1_288' title='bbox 2427 1453 2688 1508; x_wconf 90' lang='lat' dir='ltr'><strong>animam</strong></span> <span class='ocrx_word' id='word_1_289' title='bbox 2719 1454 2909 1525; x_wconf 89' lang='lat' dir='ltr'><strong>ipsam</strong></span> <span class='ocrx_word' id='word_1_290' title='bbox 2941 1454 3272 1525; x_wconf 86' lang='lat' dir='ltr'><strong>abrumpat.</strong></span> <span class='ocrx_word' id='word_1_291' title='bbox 3293 1456 3402 1510; x_wconf 91' lang='lat' dir='ltr'><strong>Sed</strong></span> <span class='ocrx_word' id='word_1_292' title='bbox 3430 1472 3548 1511; x_wconf 92' lang='lat' dir='ltr'><strong>non</strong></span> <span class='ocrx_word' id='word_1_293' title='bbox 3579 1457 3741 1512; x_wconf 84' lang='lat' dir='ltr'><strong>vide-</strong></span> 
     </span>
    </p>
   </div>
   <div class='ocr_carea' id='block_1_44' title="bbox 2098 1540 3738 1611">
    <p class='ocr_par' dir='ltr' id='par_1_44' title="bbox 2098 1540 3738 1611">
     <span class='ocr_line' id='line_1_44' title="bbox 2098 1540 3738 1611; baseline 0.002 -15"><span class='ocrx_word' id='word_1_294' title='bbox 2098 1540 2196 1596; x_wconf 87' lang='lat' dir='ltr'><strong>bat</strong></span> <span class='ocrx_word' id='word_1_295' title='bbox 2252 1545 2538 1611; x_wconf 85' lang='lat' dir='ltr'><strong>tyrannus</strong></span> <span class='ocrx_word' id='word_1_296' title='bbox 2587 1540 2706 1608; x_wconf 90' lang='lat' dir='ltr'><strong>ille,</strong></span> <span class='ocrx_word' id='word_1_297' title='bbox 2763 1546 3078 1611; x_wconf 88' lang='lat' dir='ltr'><strong>martyrem</strong></span> <span class='ocrx_word' id='word_1_298' title='bbox 3136 1559 3203 1598; x_wconf 88' lang='lat' dir='ltr'><strong>ea</strong></span> <span class='ocrx_word' id='word_1_299' title='bbox 3250 1559 3311 1598; x_wconf 91' lang='lat' dir='ltr'><strong>re</strong></span> <span class='ocrx_word' id='word_1_300' title='bbox 3363 1541 3738 1600; x_wconf 84' lang='lat' dir='ltr'><strong>illustriorem</strong></span> 
     </span>
    </p>
   </div>
   <div class='ocr_carea' id='block_1_45' title="bbox 2097 1628 3744 1702">
    <p class='ocr_par' dir='ltr' id='par_1_45' title="bbox 2097 1628 3744 1702">
     <span class='ocr_line' id='line_1_45' title="bbox 2097 1628 3744 1702; baseline 0.002 -19"><span class='ocrx_word' id='word_1_301' title='bbox 2097 1628 2270 1697; x_wconf 77' lang='lat' dir='ltr'><strong>efﬁci,</strong></span> <span class='ocrx_word' id='word_1_302' title='bbox 2304 1630 2706 1701; x_wconf 88' lang='lat' dir='ltr'><strong>majoremque</strong></span> <span class='ocrx_word' id='word_1_303' title='bbox 2737 1631 2888 1701; x_wconf 91' lang='lat' dir='ltr'><strong>apud</strong></span> <span class='ocrx_word' id='word_1_304' title='bbox 2930 1629 3109 1686; x_wconf 91' lang='lat' dir='ltr'><strong>Deum</strong></span> <span class='ocrx_word' id='word_1_305' title='bbox 3151 1630 3426 1686; x_wconf 85' lang='lat' dir='ltr'><strong>ﬁduciam</strong></span> <span class='ocrx_word' id='word_1_306' title='bbox 3459 1631 3574 1702; x_wconf 89' lang='lat' dir='ltr'><strong>ipsi</strong></span> <span class='ocrx_word' id='word_1_307' title='bbox 3603 1648 3744 1687; x_wconf 91' lang='lat' dir='ltr'><strong>con-</strong></span> 
     </span>
    </p>
   </div>
   <div class='ocr_carea' id='block_1_46' title="bbox 2098 1716 3739 1790">
    <p class='ocr_par' dir='ltr' id='par_1_46' title="bbox 2098 1716 3739 1790">
     <span class='ocr_line' id='line_1_46' title="bbox 2098 1716 3739 1790; baseline 0.002 -18"><span class='ocrx_word' id='word_1_308' title='bbox 2098 1716 2306 1772; x_wconf 88' lang='lat' dir='ltr'><strong>ciliari.</strong></span> <span class='ocrx_word' id='word_1_309' title='bbox 2339 1717 2623 1773; x_wconf 69' lang='lat' dir='ltr'><strong>Caeterum</strong></span> <span class='ocrx_word' id='word_1_310' title='bbox 2671 1735 2897 1788; x_wconf 89' lang='lat' dir='ltr'><strong>eorum,</strong></span> <span class='ocrx_word' id='word_1_311' title='bbox 2919 1735 3047 1790; x_wconf 71' lang='lat' dir='ltr'><strong>quae</strong></span> <span class='ocrx_word' id='word_1_312' title='bbox 3076 1719 3322 1775; x_wconf 88' lang='lat' dir='ltr'><strong>dicenda</strong></span> <span class='ocrx_word' id='word_1_313' title='bbox 3349 1724 3510 1787; x_wconf 85' lang='lat' dir='ltr'><strong>sunt,</strong></span> <span class='ocrx_word' id='word_1_314' title='bbox 3536 1737 3739 1776; x_wconf 87' lang='lat' dir='ltr'><strong>narra-</strong></span> 
     </span>
    </p>
   </div>
   <div class='ocr_carea' id='block_1_47' title="bbox 2099 1807 3739 1879">
    <p class='ocr_par' dir='ltr' id='par_1_47' title="bbox 2099 1807 3739 1879">
     <span class='ocr_line' id='line_1_47' title="bbox 2099 1807 3739 1879; baseline 0.002 -19"><span class='ocrx_word' id='word_1_315' title='bbox 2099 1807 2313 1862; x_wconf 91' lang='lat' dir='ltr'><strong>tionem</strong></span> <span class='ocrx_word' id='word_1_316' title='bbox 2375 1822 2708 1877; x_wconf 89' lang='lat' dir='ltr'><strong>sequamur.</strong></span> <span class='ocrx_word' id='word_1_317' title='bbox 2771 1807 3051 1878; x_wconf 88' lang='lat' dir='ltr'><strong>Deinceps</strong></span> <span class='ocrx_word' id='word_1_318' title='bbox 3094 1809 3250 1863; x_wconf 89' lang='lat' dir='ltr'><strong>enim</strong></span> <span class='ocrx_word' id='word_1_319' title='bbox 3315 1809 3559 1879; x_wconf 90' lang='lat' dir='ltr'><strong>planum</strong></span> <span class='ocrx_word' id='word_1_320' title='bbox 3619 1809 3739 1874; x_wconf 84' lang='lat' dir='ltr'><strong>fiet,</strong></span> 
     </span>
    </p>
   </div>
   <div class='ocr_carea' id='block_1_48' title="bbox 2099 1895 3744 1968">
    <p class='ocr_par' dir='ltr' id='par_1_48' title="bbox 2099 1895 3744 1968">
     <span class='ocr_line' id='line_1_48' title="bbox 2099 1895 3744 1968; baseline 0.002 -18"><span class='ocrx_word' id='word_1_321' title='bbox 2099 1895 2598 1965; x_wconf 90' lang='lat' dir='ltr'><strong>quemadmodum</strong></span> <span class='ocrx_word' id='word_1_322' title='bbox 2622 1896 2973 1967; x_wconf 88' lang='lat' dir='ltr'><strong>Epimachus</strong></span> <span class='ocrx_word' id='word_1_323' title='bbox 2994 1897 3457 1954; x_wconf 85' lang='lat' dir='ltr'><strong>manifestiorem</strong></span> <span class='ocrx_word' id='word_1_324' title='bbox 3483 1897 3583 1952; x_wconf 90' lang='lat' dir='ltr'><strong>Dei</strong></span> <span class='ocrx_word' id='word_1_325' title='bbox 3613 1913 3744 1968; x_wconf 88' lang='lat' dir='ltr'><strong>gra-</strong></span> 
     </span>
    </p>
   </div>
   <div class='ocr_carea' id='block_1_49' title="bbox 2099 1983 3026 2040">
    <p class='ocr_par' dir='ltr' id='par_1_49' title="bbox 2099 1983 3026 2040">
     <span class='ocr_line' id='line_1_49' title="bbox 2099 1983 3026 2040; baseline -0.001 -2"><span class='ocrx_word' id='word_1_326' title='bbox 2099 1983 2240 2038; x_wconf 89' lang='lat' dir='ltr'><strong>tiam</strong></span> <span class='ocrx_word' id='word_1_327' title='bbox 2263 1987 2320 2039; x_wconf 92' lang='lat' dir='ltr'><strong>et</strong></span> <span class='ocrx_word' id='word_1_328' title='bbox 2347 1983 2632 2039; x_wconf 90' lang='lat' dir='ltr'><strong>miracula</strong></span> <span class='ocrx_word' id='word_1_329' title='bbox 2662 1987 2900 2040; x_wconf 89' lang='lat' dir='ltr'><strong>secutus</strong></span> <span class='ocrx_word' id='word_1_330' title='bbox 2921 1988 3026 2039; x_wconf 91' lang='lat' dir='ltr'><strong>est.</strong></span> 
     </span>
    </p>
   </div>
   <div class='ocr_carea' id='block_1_50' title="bbox 2169 2072 3741 2146">
    <p class='ocr_par' dir='ltr' id='par_1_50' title="bbox 2169 2072 3741 2146">
     <span class='ocr_line' id='line_1_50' title="bbox 2169 2072 3741 2146; baseline 0.001 -17"><span class='ocrx_word' id='word_1_331' title='bbox 2169 2076 2245 2129; x_wconf 83' lang='grc' dir='ltr'><strong>Χ.</strong></span> <span class='ocrx_word' id='word_1_332' title='bbox 2272 2073 2661 2129; x_wconf 87' lang='lat' dir='ltr'><strong>Lacerabatur</strong></span> <span class='ocrx_word' id='word_1_333' title='bbox 2680 2072 2777 2128; x_wconf 92' lang='lat' dir='ltr'><strong>ille</strong></span> <span class='ocrx_word' id='word_1_334' title='bbox 2808 2073 3044 2144; x_wconf 86' lang='lat' dir='ltr'><strong>quidem</strong></span> <span class='ocrx_word' id='word_1_335' title='bbox 3079 2074 3138 2129; x_wconf 89' lang='lat' dir='ltr'><strong>in</strong></span> <span class='ocrx_word' id='word_1_336' title='bbox 3157 2074 3339 2146; x_wconf 88' lang='lat' dir='ltr'><strong>ligno,</strong></span> <span class='ocrx_word' id='word_1_337' title='bbox 3362 2079 3419 2129; x_wconf 91' lang='lat' dir='ltr'><strong>et</strong></span> <span class='ocrx_word' id='word_1_338' title='bbox 3445 2073 3741 2145; x_wconf 85' lang='lat' dir='ltr'><strong>lapidibus</strong></span> 
     </span>
    </p>
   </div>
   <div class='ocr_carea' id='block_1_51' title="bbox 2100 2162 3739 2236">
    <p class='ocr_par' dir='ltr' id='par_1_51' title="bbox 2100 2162 3739 2236">
     <span class='ocr_line' id='line_1_51' title="bbox 2100 2162 3739 2236; baseline 0.001 -20"><span class='ocrx_word' id='word_1_339' title='bbox 2100 2162 2436 2236; x_wconf 81' lang='lat' dir='ltr'><strong>feriebatur,</strong></span> <span class='ocrx_word' id='word_1_340' title='bbox 2497 2166 2562 2216; x_wconf 92' lang='lat' dir='ltr'><strong>ut</strong></span> <span class='ocrx_word' id='word_1_341' title='bbox 2585 2163 2713 2232; x_wconf 88' lang='lat' dir='ltr'><strong>ejus</strong></span> <span class='ocrx_word' id='word_1_342' title='bbox 2742 2178 2874 2218; x_wconf 90' lang='lat' dir='ltr'><strong>ossa</strong></span> <span class='ocrx_word' id='word_1_343' title='bbox 2932 2162 3106 2220; x_wconf 87' lang='lat' dir='ltr'><strong>etiam</strong></span> <span class='ocrx_word' id='word_1_344' title='bbox 3137 2162 3268 2234; x_wconf 85' lang='lat' dir='ltr'><strong>ipsa</strong></span> <span class='ocrx_word' id='word_1_345' title='bbox 3315 2164 3739 2232; x_wconf 80' lang='lat' dir='ltr'><strong>frangerentur.</strong></span> 
     </span>
    </p>
   </div>
   <div class='ocr_carea' id='block_1_52' title="bbox 2100 2249 3741 2322">
    <p class='ocr_par' dir='ltr' id='par_1_52' title="bbox 2100 2249 3741 2322">
     <span class='ocr_line' id='line_1_52' title="bbox 2100 2249 3741 2322; baseline 0 -18"><span class='ocrx_word' id='word_1_346' title='bbox 2100 2249 2302 2306; x_wconf 90' lang='lat' dir='ltr'><strong>Puella</strong></span> <span class='ocrx_word' id='word_1_347' title='bbox 2330 2266 2464 2306; x_wconf 90' lang='lat' dir='ltr'><strong>vero</strong></span> <span class='ocrx_word' id='word_1_348' title='bbox 2483 2251 2744 2320; x_wconf 65' lang='lat' dir='ltr'><strong>quedam</strong></span> <span class='ocrx_word' id='word_1_349' title='bbox 2769 2249 2888 2305; x_wconf 89' lang='lat' dir='ltr'><strong>illic</strong></span> <span class='ocrx_word' id='word_1_350' title='bbox 2910 2250 3159 2314; x_wconf 88' lang='lat' dir='ltr'><strong>astabat,</strong></span> <span class='ocrx_word' id='word_1_351' title='bbox 3181 2256 3237 2306; x_wconf 91' lang='lat' dir='ltr'><strong>et</strong></span> <span class='ocrx_word' id='word_1_352' title='bbox 3266 2250 3394 2322; x_wconf 87' lang='lat' dir='ltr'><strong>ipsa</strong></span> <span class='ocrx_word' id='word_1_353' title='bbox 3424 2266 3539 2305; x_wconf 89' lang='lat' dir='ltr'><strong>una</strong></span> <span class='ocrx_word' id='word_1_354' title='bbox 3559 2265 3627 2304; x_wconf 84' lang='lat' dir='ltr'><strong>ex</strong></span> <span class='ocrx_word' id='word_1_355' title='bbox 3646 2265 3741 2304; x_wconf 88' lang='lat' dir='ltr'><strong>eo-</strong></span> 
     </span>
    </p>
   </div>
   <div class='ocr_carea' id='block_1_53' title="bbox 2101 2337 3742 2410">
    <p class='ocr_par' dir='ltr' id='par_1_53' title="bbox 2101 2337 3742 2410">
     <span class='ocr_line' id='line_1_53' title="bbox 2101 2337 3742 2410; baseline -0.001 -16"><span class='ocrx_word' id='word_1_356' title='bbox 2101 2355 2231 2395; x_wconf 88' lang='lat' dir='ltr'><strong>rum</strong></span> <span class='ocrx_word' id='word_1_357' title='bbox 2273 2354 2539 2406; x_wconf 91' lang='lat' dir='ltr'><strong>numero,</strong></span> <span class='ocrx_word' id='word_1_358' title='bbox 2577 2339 2674 2408; x_wconf 88' lang='lat' dir='ltr'><strong>qui</strong></span> <span class='ocrx_word' id='word_1_359' title='bbox 2707 2337 3033 2410; x_wconf 84' lang='lat' dir='ltr'><strong>spectaculo</strong></span> <span class='ocrx_word' id='word_1_360' title='bbox 3073 2340 3333 2394; x_wconf 88' lang='lat' dir='ltr'><strong>aderant.</strong></span> <span class='ocrx_word' id='word_1_361' title='bbox 3384 2343 3516 2393; x_wconf 85' lang='lat' dir='ltr'><strong>Erat</strong></span> <span class='ocrx_word' id='word_1_362' title='bbox 3544 2342 3742 2394; x_wconf 90' lang='lat' dir='ltr'><strong>autem</strong></span> 
     </span>
    </p>
   </div>
   <div class='ocr_carea' id='block_1_54' title="bbox 2103 2426 3742 2499">
    <p class='ocr_par' dir='ltr' id='par_1_54' title="bbox 2103 2426 3742 2499">
     <span class='ocr_line' id='line_1_54' title="bbox 2103 2426 3742 2499; baseline -0.002 -16"><span class='ocrx_word' id='word_1_363' title='bbox 2103 2429 2268 2484; x_wconf 92' lang='lat' dir='ltr'><strong>oculo</strong></span> <span class='ocrx_word' id='word_1_364' title='bbox 2299 2427 2479 2483; x_wconf 90' lang='lat' dir='ltr'><strong>altero</strong></span> <span class='ocrx_word' id='word_1_365' title='bbox 2519 2432 2821 2483; x_wconf 70' lang='lat' dir='ltr'><strong>excaecata.</strong></span> <span class='ocrx_word' id='word_1_366' title='bbox 2867 2427 2971 2483; x_wconf 89' lang='lat' dir='ltr'><strong>Illa</strong></span> <span class='ocrx_word' id='word_1_367' title='bbox 2999 2443 3134 2482; x_wconf 93' lang='lat' dir='ltr'><strong>cum</strong></span> <span class='ocrx_word' id='word_1_368' title='bbox 3185 2428 3256 2482; x_wconf 89' lang='lat' dir='ltr'><strong>ad</strong></span> <span class='ocrx_word' id='word_1_369' title='bbox 3290 2431 3605 2499; x_wconf 86' lang='lat' dir='ltr'><strong>martyrem</strong></span> <span class='ocrx_word' id='word_1_370' title='bbox 3653 2426 3742 2480; x_wconf 91' lang='lat' dir='ltr'><strong>in-</strong></span> 
     </span>
    </p>
   </div>
   <div class='ocr_carea' id='block_1_55' title="bbox 2099 2510 3744 2587">
    <p class='ocr_par' dir='ltr' id='par_1_55' title="bbox 2099 2510 3744 2587">
     <span class='ocr_line' id='line_1_55' title="bbox 2099 2510 3744 2587; baseline -0.001 -17"><span class='ocrx_word' id='word_1_371' title='bbox 2099 2520 2262 2572; x_wconf 89' lang='lat' dir='ltr'><strong>tenta</strong></span> <span class='ocrx_word' id='word_1_372' title='bbox 2300 2519 2476 2586; x_wconf 85' lang='lat' dir='ltr'><strong>esset,</strong></span> <span class='ocrx_word' id='word_1_373' title='bbox 2508 2519 2564 2570; x_wconf 90' lang='lat' dir='ltr'><strong>et</strong></span> <span class='ocrx_word' id='word_1_374' title='bbox 2583 2510 2960 2587; x_wconf 82' lang='lat' dir='ltr'><strong>gravissimos</strong></span> <span class='ocrx_word' id='word_1_375' title='bbox 2991 2517 3114 2585; x_wconf 87' lang='lat' dir='ltr'><strong>ejus</strong></span> <span class='ocrx_word' id='word_1_376' title='bbox 3145 2515 3438 2570; x_wconf 86' lang='lat' dir='ltr'><strong>cruciatus</strong></span> <span class='ocrx_word' id='word_1_377' title='bbox 3459 2513 3744 2569; x_wconf 90' lang='lat' dir='ltr'><strong>lamenta-</strong></span> 
     </span>
    </p>
   </div>
   <div class='ocr_carea' id='block_1_56' title="bbox 2102 2604 3745 2676">
    <p class='ocr_par' dir='ltr' id='par_1_56' title="bbox 2102 2604 3745 2676">
     <span class='ocr_line' id='line_1_56' title="bbox 2102 2604 3745 2676; baseline -0.002 -16"><span class='ocrx_word' id='word_1_378' title='bbox 2102 2609 2281 2673; x_wconf 88' lang='lat' dir='ltr'><strong>retur,</strong></span> <span class='ocrx_word' id='word_1_379' title='bbox 2315 2621 2446 2675; x_wconf 89' lang='lat' dir='ltr'><strong>pars</strong></span> <span class='ocrx_word' id='word_1_380' title='bbox 2473 2606 2736 2676; x_wconf 63' lang='lat' dir='ltr'><strong>quedam</strong></span> <span class='ocrx_word' id='word_1_381' title='bbox 2758 2619 2788 2660; x_wconf 90' lang='lat' dir='ltr'><strong>e</strong></span> <span class='ocrx_word' id='word_1_382' title='bbox 2820 2605 3088 2676; x_wconf 80' lang='lat' dir='ltr'><strong>martyris</strong></span> <span class='ocrx_word' id='word_1_383' title='bbox 3118 2605 3392 2660; x_wconf 88' lang='lat' dir='ltr'><strong>carnibus</strong></span> <span class='ocrx_word' id='word_1_384' title='bbox 3427 2604 3745 2671; x_wconf 89' lang='lat' dir='ltr'><strong>abstracta,</strong></span> 
     </span>
    </p>
   </div>
   <div class='ocr_carea' id='block_1_57' title="bbox 2102 2693 3744 2766">
    <p class='ocr_par' dir='ltr' id='par_1_57' title="bbox 2102 2693 3744 2766">
     <span class='ocr_line' id='line_1_57' title="bbox 2102 2693 3744 2766; baseline -0.002 -16"><span class='ocrx_word' id='word_1_385' title='bbox 2102 2700 2161 2750; x_wconf 93' lang='lat' dir='ltr'><strong>et</strong></span> <span class='ocrx_word' id='word_1_386' title='bbox 2192 2711 2292 2764; x_wconf 89' lang='lat' dir='ltr'><strong>per</strong></span> <span class='ocrx_word' id='word_1_387' title='bbox 2320 2710 2510 2750; x_wconf 91' lang='lat' dir='ltr'><strong>aerem</strong></span> <span class='ocrx_word' id='word_1_388' title='bbox 2541 2694 2784 2765; x_wconf 91' lang='lat' dir='ltr'><strong>perlata,</strong></span> <span class='ocrx_word' id='word_1_389' title='bbox 2819 2693 2877 2748; x_wconf 93' lang='lat' dir='ltr'><strong>in</strong></span> <span class='ocrx_word' id='word_1_390' title='bbox 2909 2693 3070 2750; x_wconf 90' lang='lat' dir='ltr'><strong>illius</strong></span> <span class='ocrx_word' id='word_1_391' title='bbox 3101 2694 3308 2766; x_wconf 73' lang='lat' dir='ltr'><strong>puellae</strong></span> <span class='ocrx_word' id='word_1_392' title='bbox 3340 2693 3574 2750; x_wconf 91' lang='lat' dir='ltr'><strong>oculum</strong></span> <span class='ocrx_word' id='word_1_393' title='bbox 3607 2709 3744 2749; x_wconf 88' lang='lat' dir='ltr'><strong>san-</strong></span> 
     </span>
    </p>
   </div>
   <div class='ocr_carea' id='block_1_58' title="bbox 2103 2781 3748 2854">
    <p class='ocr_par' dir='ltr' id='par_1_58' title="bbox 2103 2781 3748 2854">
     <span class='ocr_line' id='line_1_58' title="bbox 2103 2781 3748 2854; baseline -0.002 -16"><span class='ocrx_word' id='word_1_394' title='bbox 2103 2783 2296 2854; x_wconf 83' lang='lat' dir='ltr'><strong>guinis</strong></span> <span class='ocrx_word' id='word_1_395' title='bbox 2323 2787 2548 2854; x_wconf 83' lang='lat' dir='ltr'><strong>guttam</strong></span> <span class='ocrx_word' id='word_1_396' title='bbox 2573 2781 2902 2852; x_wconf 88' lang='lat' dir='ltr'><strong>instillavit,</strong></span> <span class='ocrx_word' id='word_1_397' title='bbox 2922 2798 3047 2853; x_wconf 72' lang='lat' dir='ltr'><strong>quas</strong></span> <span class='ocrx_word' id='word_1_398' title='bbox 3061 2783 3298 2854; x_wconf 88' lang='lat' dir='ltr'><strong>quidem</strong></span> <span class='ocrx_word' id='word_1_399' title='bbox 3321 2785 3377 2853; x_wconf 92' lang='grc' dir='ltr'>(ο</span> <span class='ocrx_word' id='word_1_400' title='bbox 3399 2781 3748 2837; x_wconf 87' lang='lat' dir='ltr'><strong>miraculum</strong></span> 
     </span>
    </p>
   </div>
   <div class='ocr_carea' id='block_1_59' title="bbox 2103 2868 3752 2942">
    <p class='ocr_par' dir='ltr' id='par_1_59' title="bbox 2103 2868 3752 2942">
     <span class='ocr_line' id='line_1_59' title="bbox 2103 2868 3752 2942; baseline -0.001 -18"><span class='ocrx_word' id='word_1_401' title='bbox 2103 2869 2424 2940; x_wconf 86' lang='lat' dir='ltr'><strong>singulare,</strong></span> <span class='ocrx_word' id='word_1_402' title='bbox 2449 2887 2481 2924; x_wconf 95' lang='grc' dir='ltr'><strong>ο</strong></span> <span class='ocrx_word' id='word_1_403' title='bbox 2516 2870 2611 2926; x_wconf 91' lang='lat' dir='ltr'><strong>Dei</strong></span> <span class='ocrx_word' id='word_1_404' title='bbox 2643 2871 3063 2942; x_wconf 86' lang='lat' dir='ltr'><strong>benignitatem</strong></span> <span class='ocrx_word' id='word_1_405' title='bbox 3087 2871 3247 2925; x_wconf 89' lang='lat' dir='ltr'><strong>omni</strong></span> <span class='ocrx_word' id='word_1_406' title='bbox 3279 2871 3544 2926; x_wconf 90' lang='lat' dir='ltr'><strong>oratione</strong></span> <span class='ocrx_word' id='word_1_407' title='bbox 3566 2868 3752 2938; x_wconf 91' lang='lat' dir='ltr'><strong>majo-</strong></span> 
     </span>
    </p>
   </div>
   <div class='ocr_carea' id='block_1_60' title="bbox 2104 2957 3753 3030">
    <p class='ocr_par' dir='ltr' id='par_1_60' title="bbox 2104 2957 3753 3030">
     <span class='ocr_line' id='line_1_60' title="bbox 2104 2957 3753 3030; baseline -0.001 -16"><span class='ocrx_word' id='word_1_408' title='bbox 2104 2961 2250 3030; x_wconf 90' lang='lat' dir='ltr'><strong>rem)</strong></span> <span class='ocrx_word' id='word_1_409' title='bbox 2281 2959 2341 3014; x_wconf 90' lang='lat' dir='ltr'><strong>in</strong></span> <span class='ocrx_word' id='word_1_410' title='bbox 2373 2961 2572 3014; x_wconf 91' lang='lat' dir='ltr'><strong>lumen</strong></span> <span class='ocrx_word' id='word_1_411' title='bbox 2612 2958 2810 3014; x_wconf 84' lang='lat' dir='ltr'><strong>statim</strong></span> <span class='ocrx_word' id='word_1_412' title='bbox 2844 2974 3122 3014; x_wconf 87' lang='lat' dir='ltr'><strong>conversa</strong></span> <span class='ocrx_word' id='word_1_413' title='bbox 3151 2963 3260 3024; x_wconf 90' lang='lat' dir='ltr'><strong>est,</strong></span> <span class='ocrx_word' id='word_1_414' title='bbox 3285 2964 3342 3014; x_wconf 91' lang='lat' dir='ltr'><strong>et</strong></span> <span class='ocrx_word' id='word_1_415' title='bbox 3373 2957 3582 3030; x_wconf 67' lang='lat' dir='ltr'><strong>puella:</strong></span> <span class='ocrx_word' id='word_1_416' title='bbox 3614 2972 3753 3013; x_wconf 87' lang='lat' dir='ltr'><strong>ocu-</strong></span> 
     </span>
    </p>
   </div>
   <div class='ocr_carea' id='block_1_61' title="bbox 2104 3049 3753 3121">
    <p class='ocr_par' dir='ltr' id='par_1_61' title="bbox 2104 3049 3753 3121">
     <span class='ocr_line' id='line_1_61' title="bbox 2104 3049 3753 3121; baseline -0.001 -18"><span class='ocrx_word' id='word_1_417' title='bbox 2104 3049 2225 3104; x_wconf 90' lang='lat' dir='ltr'><strong>lum</strong></span> <span class='ocrx_word' id='word_1_418' title='bbox 2259 3067 2469 3106; x_wconf 90' lang='lat' dir='ltr'><strong>sanum</strong></span> <span class='ocrx_word' id='word_1_419' title='bbox 2499 3051 2707 3107; x_wconf 75' lang='lat' dir='ltr'><strong>effecit.</strong></span> <span class='ocrx_word' id='word_1_420' title='bbox 2731 3054 2851 3107; x_wconf 89' lang='lat' dir='ltr'><strong>Hoc</strong></span> <span class='ocrx_word' id='word_1_421' title='bbox 2881 3050 3180 3120; x_wconf 86' lang='lat' dir='ltr'><strong>Epimachi</strong></span> <span class='ocrx_word' id='word_1_422' title='bbox 3202 3049 3473 3121; x_wconf 87' lang='lat' dir='ltr'><strong>martyris</strong></span> <span class='ocrx_word' id='word_1_423' title='bbox 3497 3049 3753 3104; x_wconf 86' lang='lat' dir='ltr'><strong>miracu-</strong></span> 
     </span>
    </p>
   </div>
   <div class='ocr_carea' id='block_1_62' title="bbox 344 3129 1991 3210">
    <p class='ocr_par' dir='ltr' id='par_1_62' title="bbox 344 3129 1991 3205">
     <span class='ocr_line' id='line_1_62' title="bbox 344 3129 1991 3205; baseline 0.002 -19"><span class='ocrx_word' id='word_1_424' title='bbox 344 3129 642 3205; x_wconf 81' lang='grc' dir='ltr'>Ἐπιμάχῳ</span> <span class='ocrx_word' id='word_1_425' title='bbox 700 3134 797 3184; x_wconf 77' lang='grc' dir='ltr'><strong>τοῦ</strong></span> <span class='ocrx_word' id='word_1_426' title='bbox 883 3130 1205 3205; x_wconf 81' lang='grc' dir='ltr'>μαρτυρίου,</span> <span class='ocrx_word' id='word_1_427' title='bbox 1266 3130 1356 3184; x_wconf 76' lang='grc' dir='ltr'>καί</span> <span class='ocrx_word' id='word_1_428' title='bbox 1420 3131 1597 3194; x_wconf 70' lang='grc' dir='ltr'>οὕτως</span> <span class='ocrx_word' id='word_1_429' title='bbox 1674 3138 1838 3192; x_wconf 69' lang='grc' dir='ltr'>αὐτού</span> <span class='ocrx_word' id='word_1_430' title='bbox 1904 3136 1991 3190; x_wconf 85' lang='grc' dir='ltr'><strong>καὶ</strong></span> 
     </span>
    </p>
   </div>
   <div class='ocr_carea' id='block_1_63' title="bbox 2108 3129 3750 3210">
    <p class='ocr_par' dir='ltr' id='par_1_63' title="bbox 2108 3135 3750 3210">
     <span class='ocr_line' id='line_1_63' title="bbox 2108 3135 3750 3210; baseline -0.001 -18"><span class='ocrx_word' id='word_1_431' title='bbox 2108 3137 2224 3194; x_wconf 90' lang='lat' dir='ltr'><strong>lum</strong></span> <span class='ocrx_word' id='word_1_432' title='bbox 2277 3139 2444 3209; x_wconf 91' lang='lat' dir='ltr'><strong>quasi</strong></span> <span class='ocrx_word' id='word_1_433' title='bbox 2485 3142 2958 3210; x_wconf 89' lang='lat' dir='ltr'><strong>pertranseuntes</strong></span> <span class='ocrx_word' id='word_1_434' title='bbox 2999 3138 3275 3205; x_wconf 88' lang='lat' dir='ltr'><strong>diximus,</strong></span> <span class='ocrx_word' id='word_1_435' title='bbox 3317 3141 3381 3192; x_wconf 89' lang='lat' dir='ltr'><strong>ut</strong></span> <span class='ocrx_word' id='word_1_436' title='bbox 3419 3135 3750 3192; x_wconf 85' lang='lat' dir='ltr'><strong>ostendere-</strong></span> 
     </span>
    </p>
   </div>
   <div class='ocr_carea' id='block_1_64' title="bbox 348 3217 1992 3297">
    <p class='ocr_par' dir='ltr' id='par_1_64' title="bbox 348 3217 1992 3297">
     <span class='ocr_line' id='line_1_64' title="bbox 348 3217 1992 3297; baseline 0.004 -24"><span class='ocrx_word' id='word_1_437' title='bbox 348 3219 500 3292; x_wconf 80' lang='grc' dir='ltr'>ῥανὶς</span> <span class='ocrx_word' id='word_1_438' title='bbox 545 3217 782 3291; x_wconf 81' lang='grc' dir='ltr'>α’ίματος</span> <span class='ocrx_word' id='word_1_439' title='bbox 836 3218 972 3290; x_wconf 77' lang='grc' dir='ltr'>μόνη</span> <span class='ocrx_word' id='word_1_440' title='bbox 1016 3221 1284 3288; x_wconf 85' lang='grc' dir='ltr'>τοσαύτην</span> <span class='ocrx_word' id='word_1_441' title='bbox 1324 3217 1544 3274; x_wconf 83' lang='grc' dir='ltr'>δύναται</span> <span class='ocrx_word' id='word_1_442' title='bbox 1576 3223 1834 3297; x_wconf 85' lang='grc' dir='ltr'>παρέχειν</span> <span class='ocrx_word' id='word_1_443' title='bbox 1893 3226 1992 3293; x_wconf 81' lang='grc' dir='ltr'><strong>τήν</strong></span> 
     </span>
    </p>
   </div>
   <div class='ocr_carea' id='block_1_65' title="bbox 346 3307 652 3382">
    <p class='ocr_par' dir='ltr' id='par_1_65' title="bbox 346 3307 652 3382">
     <span class='ocr_line' id='line_1_65' title="bbox 346 3307 652 3382; baseline 0.007 -21"><span class='ocrx_word' id='word_1_444' title='bbox 346 3307 652 3382; x_wconf 79' lang='grc' dir='ltr'>θεραπείαν.</span> 
     </span>
    </p>
   </div>
   <div class='ocr_carea' id='block_1_66' title="bbox 419 3393 1998 3470">
    <p class='ocr_par' dir='ltr' id='par_1_66' title="bbox 419 3393 1998 3470">
     <span class='ocr_line' id='line_1_66' title="bbox 419 3393 1998 3470; baseline -0.004 -17"><span class='ocrx_word' id='word_1_445' title='bbox 419 3398 521 3454; x_wconf 86' lang='grc' dir='ltr'><strong>ΙΑ’.</strong></span> <span class='ocrx_word' id='word_1_446' title='bbox 555 3395 704 3452; x_wconf 84' lang='grc' dir='ltr'>Ἐπεὶ</span> <span class='ocrx_word' id='word_1_447' title='bbox 757 3395 815 3450; x_wconf 77' lang='grc' dir='ltr'>δὲ</span> <span class='ocrx_word' id='word_1_448' title='bbox 857 3396 1084 3466; x_wconf 68' lang='grc' dir='ltr'>ἀκλινὴς</span> <span class='ocrx_word' id='word_1_449' title='bbox 1129 3396 1334 3458; x_wconf 76' lang='grc' dir='ltr'>ἐκεῖνος</span> <span class='ocrx_word' id='word_1_450' title='bbox 1365 3397 1544 3470; x_wconf 81' lang='grc' dir='ltr'><strong>ὡρᾶτο</strong></span> <span class='ocrx_word' id='word_1_451' title='bbox 1588 3395 1678 3449; x_wconf 83' lang='grc' dir='ltr'><strong>καὶ</strong></span> <span class='ocrx_word' id='word_1_452' title='bbox 1717 3396 1817 3463; x_wconf 75' lang='grc' dir='ltr'>τὴν</span> <span class='ocrx_word' id='word_1_453' title='bbox 1846 3393 1998 3448; x_wconf 80' lang='grc' dir='ltr'>εὐσέ-</span> 
     </span>
    </p>
   </div>
   <div class='ocr_carea' id='block_1_67' title="bbox 347 3480 1997 3557">
    <p class='ocr_par' dir='ltr' id='par_1_67' title="bbox 347 3480 1997 3557">
     <span class='ocr_line' id='line_1_67' title="bbox 347 3480 1997 3557; baseline -0.001 -19"><span class='ocrx_word' id='word_1_454' title='bbox 347 3481 498 3540; x_wconf 74' lang='grc' dir='ltr'>ϐειαν</span> <span class='ocrx_word' id='word_1_455' title='bbox 555 3485 886 3557; x_wconf 86' lang='grc' dir='ltr'>ἀμετάθετος</span> <span class='ocrx_word' id='word_1_456' title='bbox 945 3489 979 3554; x_wconf 87' lang='grc' dir='ltr'>ἡ</span> <span class='ocrx_word' id='word_1_457' title='bbox 1038 3485 1320 3540; x_wconf 85' lang='grc' dir='ltr'>τελευταία</span> <span class='ocrx_word' id='word_1_458' title='bbox 1383 3487 1502 3540; x_wconf 83' lang='grc' dir='ltr'>κατ’</span> <span class='ocrx_word' id='word_1_459' title='bbox 1559 3485 1723 3539; x_wconf 68' lang='grc' dir='ltr'>αὑτοῦ</span> <span class='ocrx_word' id='word_1_460' title='bbox 1790 3480 1997 3538; x_wconf 81' lang='grc' dir='ltr'>δίδοται</span> 
     </span>
    </p>
   </div>
   <div class='ocr_carea' id='block_1_68' title="bbox 346 3572 2000 3650">
    <p class='ocr_par' dir='ltr' id='par_1_68' title="bbox 346 3572 2000 3650">
     <span class='ocr_line' id='line_1_68' title="bbox 346 3572 2000 3650; baseline -0.002 -22"><span class='ocrx_word' id='word_1_461' title='bbox 346 3575 550 3650; x_wconf 73' lang='grc' dir='ltr'>ψῆφος,</span> <span class='ocrx_word' id='word_1_462' title='bbox 582 3574 672 3628; x_wconf 81' lang='grc' dir='ltr'><strong>καὶ</strong></span> <span class='ocrx_word' id='word_1_463' title='bbox 730 3572 870 3650; x_wconf 68' lang='grc' dir='ltr'>ξίφει</span> <span class='ocrx_word' id='word_1_464' title='bbox 920 3577 1018 3643; x_wconf 82' lang='grc' dir='ltr'><strong>τήν</strong></span> <span class='ocrx_word' id='word_1_465' title='bbox 1084 3574 1232 3644; x_wconf 74' lang='grc' dir='ltr'>ἱερὰν</span> <span class='ocrx_word' id='word_1_466' title='bbox 1282 3572 1489 3641; x_wconf 80' lang='grc' dir='ltr'>ἐκείνην</span> <span class='ocrx_word' id='word_1_467' title='bbox 1523 3574 1550 3626; x_wconf 85' lang='grc' dir='ltr'>ὁ</span> <span class='ocrx_word' id='word_1_468' title='bbox 1588 3573 1790 3647; x_wconf 83' lang='grc' dir='ltr'>μάρτυς</span> <span class='ocrx_word' id='word_1_469' title='bbox 1827 3592 2000 3650; x_wconf 77' lang='grc' dir='ltr'>κεφα-</span> 
     </span>
    </p>
   </div>
   <div class='ocr_carea' id='block_1_69' title="bbox 349 3659 1999 3736">
    <p class='ocr_par' dir='ltr' id='par_1_69' title="bbox 349 3659 1999 3736">
     <span class='ocr_line' id='line_1_69' title="bbox 349 3659 1999 3736; baseline -0.002 -21"><span class='ocrx_word' id='word_1_470' title='bbox 349 3659 453 3728; x_wconf 76' lang='grc' dir='ltr'><strong>λήν</strong></span> <span class='ocrx_word' id='word_1_471' title='bbox 494 3661 800 3736; x_wconf 72' lang='grc' dir='ltr'>ἀφαιρεῖται</span> <span class='ocrx_word' id='word_1_472' title='bbox 833 3680 847 3694; x_wconf 87' lang='grc'>⁶</span> <span class='ocrx_word' id='word_1_473' title='bbox 898 3664 960 3716; x_wconf 88' lang='grc' dir='ltr'>τὸ</span> <span class='ocrx_word' id='word_1_474' title='bbox 1006 3662 1187 3734; x_wconf 86' lang='grc' dir='ltr'>μέντοι</span> <span class='ocrx_word' id='word_1_475' title='bbox 1248 3667 1409 3734; x_wconf 79' lang='grc' dir='ltr'>σῶμα</span> <span class='ocrx_word' id='word_1_476' title='bbox 1439 3662 1633 3715; x_wconf 86' lang='grc' dir='ltr'>τούτου</span> <span class='ocrx_word' id='word_1_477' title='bbox 1691 3662 1753 3714; x_wconf 88' lang='grc' dir='ltr'>τὸ</span> <span class='ocrx_word' id='word_1_478' title='bbox 1817 3660 1999 3732; x_wconf 88' lang='grc' dir='ltr'>τίμιον</span> 
     </span>
    </p>
   </div>
   <div class='ocr_carea' id='block_1_70' title="bbox 349 3751 1997 3825">
    <p class='ocr_par' dir='ltr' id='par_1_70' title="bbox 349 3751 1997 3825">
     <span class='ocr_line' id='line_1_70' title="bbox 349 3751 1997 3825; baseline -0.001 -22"><span class='ocrx_word' id='word_1_479' title='bbox 349 3754 557 3804; x_wconf 85' lang='grc' dir='ltr'>πιστῶν</span> <span class='ocrx_word' id='word_1_480' title='bbox 619 3752 808 3825; x_wconf 82' lang='grc' dir='ltr'>χερσὶν</span> <span class='ocrx_word' id='word_1_481' title='bbox 857 3752 1019 3812; x_wconf 87' lang='grc' dir='ltr'>ὁσίως</span> <span class='ocrx_word' id='word_1_482' title='bbox 1075 3751 1419 3824; x_wconf 75' lang='grc' dir='ltr'>περισταλέν,</span> <span class='ocrx_word' id='word_1_483' title='bbox 1479 3751 1590 3804; x_wconf 79' lang='grc' dir='ltr'>ἐκεῖ</span> <span class='ocrx_word' id='word_1_484' title='bbox 1634 3751 1997 3818; x_wconf 79' lang='grc' dir='ltr'>κατατίθεται,</span> 
     </span>
    </p>
   </div>
   <div class='ocr_carea' id='block_1_71' title="bbox 349 3835 1999 3912">
    <p class='ocr_par' dir='ltr' id='par_1_71' title="bbox 349 3835 1999 3912">
     <span class='ocr_line' id='line_1_71' title="bbox 349 3835 1999 3912; baseline 0.001 -22"><span class='ocrx_word' id='word_1_485' title='bbox 349 3835 487 3892; x_wconf 74' lang='grc' dir='ltr'>ὅπου</span> <span class='ocrx_word' id='word_1_486' title='bbox 536 3839 626 3892; x_wconf 89' lang='grc' dir='ltr'>καὶ</span> <span class='ocrx_word' id='word_1_487' title='bbox 668 3839 768 3906; x_wconf 79' lang='grc' dir='ltr'><strong>τήν</strong></span> <span class='ocrx_word' id='word_1_488' title='bbox 832 3840 1169 3912; x_wconf 76' lang='grc' dir='ltr'>μαρτυρικήν</span> <span class='ocrx_word' id='word_1_489' title='bbox 1214 3838 1412 3905; x_wconf 86' lang='grc' dir='ltr'>ὑπέστη</span> <span class='ocrx_word' id='word_1_490' title='bbox 1453 3837 1758 3894; x_wconf 86' lang='grc' dir='ltr'>τελείωσιν.</span> <span class='ocrx_word' id='word_1_491' title='bbox 1792 3839 1999 3893; x_wconf 89' lang='grc' dir='ltr'>Τούτου</span> 
     </span>
    </p>
   </div>
   <div class='ocr_carea' id='block_1_72' title="bbox 344 3927 1999 4002">
    <p class='ocr_par' dir='ltr' id='par_1_72' title="bbox 344 3927 1999 4002">
     <span class='ocr_line' id='line_1_72' title="bbox 344 3927 1999 4002; baseline -0.001 -21"><span class='ocrx_word' id='word_1_492' title='bbox 344 3929 446 3996; x_wconf 77' lang='grc' dir='ltr'><strong>τήν</strong></span> <span class='ocrx_word' id='word_1_493' title='bbox 511 3927 806 4002; x_wconf 87' lang='grc' dir='ltr'>μαρτυρίαν</span> <span class='ocrx_word' id='word_1_494' title='bbox 871 3927 1140 4001; x_wconf 75' lang='grc' dir='ltr'>ἐθαύμασε</span> <span class='ocrx_word' id='word_1_495' title='bbox 1185 3929 1280 3999; x_wconf 75' lang='grc' dir='ltr'>μὲν</span> <span class='ocrx_word' id='word_1_496' title='bbox 1347 3929 1438 3981; x_wconf 74' lang='lat' dir='ltr'><strong>xui</strong></span> <span class='ocrx_word' id='word_1_497' title='bbox 1489 3930 1518 3982; x_wconf 87' lang='grc' dir='ltr'>ὁ</span> <span class='ocrx_word' id='word_1_498' title='bbox 1577 3932 1684 3982; x_wconf 80' lang='grc' dir='ltr'>τῶν</span> <span class='ocrx_word' id='word_1_499' title='bbox 1731 3927 1999 3997; x_wconf 80' lang='grc' dir='ltr'>Ἀλεξαν-</span> 
     </span>
    </p>
   </div>
   <div class='ocr_carea' id='block_1_73' title="bbox 350 4013 2001 4092">
    <p class='ocr_par' dir='ltr' id='par_1_73' title="bbox 350 4013 2001 4092">
     <span class='ocr_line' id='line_1_73' title="bbox 350 4013 2001 4092; baseline 0.001 -24"><span class='ocrx_word' id='word_1_500' title='bbox 350 4013 521 4089; x_wconf 84' lang='grc' dir='ltr'>δρέων</span> <span class='ocrx_word' id='word_1_501' title='bbox 573 4014 772 4089; x_wconf 80' lang='grc' dir='ltr'>δῆμος,</span> <span class='ocrx_word' id='word_1_502' title='bbox 811 4017 901 4072; x_wconf 84' lang='grc' dir='ltr'>καὶ</span> <span class='ocrx_word' id='word_1_503' title='bbox 939 4019 1058 4071; x_wconf 85' lang='grc' dir='ltr'>ὅσοι</span> <span class='ocrx_word' id='word_1_504' title='bbox 1098 4024 1197 4085; x_wconf 78' lang='grc' dir='ltr'><strong>τῆς</strong></span> <span class='ocrx_word' id='word_1_505' title='bbox 1247 4019 1544 4090; x_wconf 86' lang='grc' dir='ltr'>προσοίκου</span> <span class='ocrx_word' id='word_1_506' title='bbox 1596 4018 1878 4092; x_wconf 81' lang='grc' dir='ltr'>Αἰγύπτου</span> <span class='ocrx_word' id='word_1_507' title='bbox 1935 4017 2001 4070; x_wconf 73' lang='grc' dir='ltr'><strong>τά</strong></span> 
     </span>
    </p>
   </div>
   <div class='ocr_carea' id='block_1_74' title="bbox 348 4103 1999 4176">
    <p class='ocr_par' dir='ltr' id='par_1_74' title="bbox 348 4103 1999 4176">
     <span class='ocr_line' id='line_1_74' title="bbox 348 4103 1999 4176; baseline -0.001 -18"><span class='ocrx_word' id='word_1_508' title='bbox 348 4105 581 4159; x_wconf 83' lang='grc' dir='ltr'>πιότατα</span> <span class='ocrx_word' id='word_1_509' title='bbox 638 4106 917 4176; x_wconf 82' lang='grc' dir='ltr'>νέμονται,</span> <span class='ocrx_word' id='word_1_510' title='bbox 947 4105 1326 4176; x_wconf 82' lang='grc' dir='ltr'>κατεκόσμησε</span> <span class='ocrx_word' id='word_1_511' title='bbox 1383 4103 1439 4158; x_wconf 77' lang='grc' dir='ltr'>δὲ</span> <span class='ocrx_word' id='word_1_512' title='bbox 1497 4106 1585 4158; x_wconf 81' lang='grc' dir='ltr'>καὶ</span> <span class='ocrx_word' id='word_1_513' title='bbox 1638 4104 1800 4166; x_wconf 80' lang='grc' dir='ltr'>αὐτὸς</span> <span class='ocrx_word' id='word_1_514' title='bbox 1859 4103 1999 4157; x_wconf 77' lang='grc' dir='ltr'>ἄνω-</span> 
     </span>
    </p>
   </div>
   <div class='ocr_carea' id='block_1_75' title="bbox 350 4191 2004 4269">
    <p class='ocr_par' dir='ltr' id='par_1_75' title="bbox 350 4191 2004 4269">
     <span class='ocr_line' id='line_1_75' title="bbox 350 4191 2004 4269; baseline -0.001 -22"><span class='ocrx_word' id='word_1_515' title='bbox 350 4204 436 4256; x_wconf 87' lang='grc' dir='ltr'><strong>θεν</strong></span> <span class='ocrx_word' id='word_1_516' title='bbox 493 4192 651 4246; x_wconf 71' lang='grc' dir='ltr'>αὐτὸν</span> <span class='ocrx_word' id='word_1_517' title='bbox 700 4194 980 4269; x_wconf 75' lang='grc' dir='ltr'>στεφάνοις</span> <span class='ocrx_word' id='word_1_518' title='bbox 1036 4196 1316 4267; x_wconf 80' lang='grc' dir='ltr'>λαμπροῖς</span> <span class='ocrx_word' id='word_1_519' title='bbox 1350 4195 1378 4246; x_wconf 85' lang='grc' dir='ltr'><strong>ὁ</strong></span> <span class='ocrx_word' id='word_1_520' title='bbox 1411 4192 1816 4267; x_wconf 75' lang='grc' dir='ltr'>Ἀγωνοθέτης,</span> <span class='ocrx_word' id='word_1_521' title='bbox 1844 4192 1914 4245; x_wconf 83' lang='grc' dir='ltr'><strong>δι’</strong></span> <span class='ocrx_word' id='word_1_522' title='bbox 1945 4191 2004 4246; x_wconf 81' lang='grc' dir='ltr'><strong>ὅν</strong></span> 
     </span>
    </p>
   </div>
   <div class='ocr_carea' id='block_1_76' title="bbox 350 4279 2002 4356">
    <p class='ocr_par' dir='ltr' id='par_1_76' title="bbox 350 4279 2002 4356">
     <span class='ocr_line' id='line_1_76' title="bbox 350 4279 2002 4356; baseline -0.001 -21"><span class='ocrx_word' id='word_1_523' title='bbox 350 4301 411 4335; x_wconf 88' lang='grc' dir='ltr'><strong>τε</strong></span> <span class='ocrx_word' id='word_1_524' title='bbox 465 4286 651 4344; x_wconf 76' lang='grc' dir='ltr'>παθεῖν</span> <span class='ocrx_word' id='word_1_525' title='bbox 712 4281 911 4354; x_wconf 61' lang='grc' dir='ltr'>εἵλετο,</span> <span class='ocrx_word' id='word_1_526' title='bbox 942 4283 1032 4337; x_wconf 84' lang='grc' dir='ltr'><strong>καὶ</strong></span> <span class='ocrx_word' id='word_1_527' title='bbox 1092 4283 1154 4336; x_wconf 79' lang='grc' dir='ltr'><strong>οὗ</strong></span> <span class='ocrx_word' id='word_1_528' title='bbox 1225 4284 1476 4354; x_wconf 75' lang='grc' dir='ltr'>μιμητὴς</span> <span class='ocrx_word' id='word_1_529' title='bbox 1543 4279 1704 4354; x_wconf 78' lang='grc' dir='ltr'>έδίψα</span> <span class='ocrx_word' id='word_1_530' title='bbox 1761 4279 2002 4356; x_wconf 81' lang='grc' dir='ltr'>γενέσθαι</span> 
     </span>
    </p>
   </div>
   <div class='ocr_carea' id='block_1_77' title="bbox 348 4367 1998 4444">
    <p class='ocr_par' dir='ltr' id='par_1_77' title="bbox 348 4367 1998 4444">
     <span class='ocr_line' id='line_1_77' title="bbox 348 4367 1998 4444; baseline 0.001 -22"><span class='ocrx_word' id='word_1_531' title='bbox 348 4371 458 4422; x_wconf 80' lang='grc' dir='ltr'>τῶν</span> <span class='ocrx_word' id='word_1_532' title='bbox 515 4370 856 4442; x_wconf 82' lang='grc' dir='ltr'>παθημάτων</span> <span class='ocrx_word' id='word_1_533' title='bbox 892 4387 908 4402; x_wconf 84' lang='grc'>⁶</span> <span class='ocrx_word' id='word_1_534' title='bbox 971 4370 1016 4441; x_wconf 82' lang='grc' dir='ltr'>ᾧ</span> <span class='ocrx_word' id='word_1_535' title='bbox 1062 4369 1254 4444; x_wconf 84' lang='grc' dir='ltr'>πρέπει</span> <span class='ocrx_word' id='word_1_536' title='bbox 1313 4374 1457 4424; x_wconf 80' lang='grc' dir='ltr'>πᾶσα</span> <span class='ocrx_word' id='word_1_537' title='bbox 1515 4367 1662 4442; x_wconf 78' lang='grc' dir='ltr'>δόξα,</span> <span class='ocrx_word' id='word_1_538' title='bbox 1703 4371 1840 4442; x_wconf 75' lang='grc' dir='ltr'>τιμὴ</span> <span class='ocrx_word' id='word_1_539' title='bbox 1913 4371 1998 4424; x_wconf 84' lang='grc' dir='ltr'><strong>καὶ</strong></span> 
     </span>
    </p>
   </div>
   <div class='ocr_carea' id='block_1_78' title="bbox 2107 3224 3755 3298">
    <p class='ocr_par' dir='ltr' id='par_1_78' title="bbox 2107 3224 3755 3298">
     <span class='ocr_line' id='line_1_78' title="bbox 2107 3224 3755 3298; baseline -0.002 -16"><span class='ocrx_word' id='word_1_540' title='bbox 2107 3243 2239 3283; x_wconf 90' lang='lat' dir='ltr'><strong>mus</strong></span> <span class='ocrx_word' id='word_1_541' title='bbox 2277 3243 2455 3283; x_wconf 90' lang='lat' dir='ltr'><strong>unam</strong></span> <span class='ocrx_word' id='word_1_542' title='bbox 2481 3229 2612 3297; x_wconf 87' lang='lat' dir='ltr'><strong>ejus</strong></span> <span class='ocrx_word' id='word_1_543' title='bbox 2642 3227 2746 3282; x_wconf 91' lang='lat' dir='ltr'><strong>viri</strong></span> <span class='ocrx_word' id='word_1_544' title='bbox 2789 3226 3096 3298; x_wconf 89' lang='lat' dir='ltr'><strong>sanguinis</strong></span> <span class='ocrx_word' id='word_1_545' title='bbox 3140 3230 3371 3297; x_wconf 88' lang='lat' dir='ltr'><strong>guttam</strong></span> <span class='ocrx_word' id='word_1_546' title='bbox 3401 3224 3592 3280; x_wconf 86' lang='lat' dir='ltr'><strong>subito</strong></span> <span class='ocrx_word' id='word_1_547' title='bbox 3622 3227 3755 3280; x_wconf 89' lang='lat' dir='ltr'><strong>tan-</strong></span> 
     </span>
    </p>
   </div>
   <div class='ocr_carea' id='block_1_79' title="bbox 2107 3315 3182 3387">
    <p class='ocr_par' dir='ltr' id='par_1_79' title="bbox 2107 3315 3182 3387">
     <span class='ocr_line' id='line_1_79' title="bbox 2107 3315 3182 3387; baseline 0 -17"><span class='ocrx_word' id='word_1_548' title='bbox 2107 3321 2229 3371; x_wconf 89' lang='lat' dir='ltr'><strong>tam</strong></span> <span class='ocrx_word' id='word_1_549' title='bbox 2262 3315 2630 3372; x_wconf 83' lang='lat' dir='ltr'><strong>curationem</strong></span> <span class='ocrx_word' id='word_1_550' title='bbox 2663 3316 2868 3370; x_wconf 78' lang='lat' dir='ltr'><strong>aii’erre</strong></span> <span class='ocrx_word' id='word_1_551' title='bbox 2899 3316 3182 3387; x_wconf 90' lang='lat' dir='ltr'><strong>potuisse.</strong></span> 
     </span>
    </p>
   </div>
   <div class='ocr_carea' id='block_1_80' title="bbox 2178 3400 3760 3474">
    <p class='ocr_par' dir='ltr' id='par_1_80' title="bbox 2178 3400 3760 3474">
     <span class='ocr_line' id='line_1_80' title="bbox 2178 3400 3760 3474; baseline -0.003 -15"><span class='ocrx_word' id='word_1_552' title='bbox 2178 3403 2274 3460; x_wconf 85' lang='lat' dir='ltr'><strong>Xl.</strong></span> <span class='ocrx_word' id='word_1_553' title='bbox 2336 3405 2481 3459; x_wconf 90' lang='lat' dir='ltr'><strong>Cum</strong></span> <span class='ocrx_word' id='word_1_554' title='bbox 2529 3419 2665 3458; x_wconf 89' lang='lat' dir='ltr'><strong>vero</strong></span> <span class='ocrx_word' id='word_1_555' title='bbox 2696 3409 2917 3474; x_wconf 89' lang='lat' dir='ltr'><strong>martyr</strong></span> <span class='ocrx_word' id='word_1_556' title='bbox 2943 3403 3004 3456; x_wconf 90' lang='lat' dir='ltr'><strong>in</strong></span> <span class='ocrx_word' id='word_1_557' title='bbox 3055 3403 3346 3458; x_wconf 88' lang='lat' dir='ltr'><strong>diversam</strong></span> <span class='ocrx_word' id='word_1_558' title='bbox 3407 3400 3760 3456; x_wconf 88' lang='lat' dir='ltr'><strong>sententiam</strong></span> 
     </span>
    </p>
   </div>
   <div class='ocr_carea' id='block_1_81' title="bbox 2108 3489 3763 3562">
    <p class='ocr_par' dir='ltr' id='par_1_81' title="bbox 2108 3489 3763 3562">
     <span class='ocr_line' id='line_1_81' title="bbox 2108 3489 3763 3562; baseline -0.002 -16"><span class='ocrx_word' id='word_1_559' title='bbox 2108 3491 2260 3547; x_wconf 85' lang='lat' dir='ltr'><strong>tlecti</strong></span> <span class='ocrx_word' id='word_1_560' title='bbox 2284 3508 2400 3547; x_wconf 91' lang='lat' dir='ltr'><strong>non</strong></span> <span class='ocrx_word' id='word_1_561' title='bbox 2433 3495 2652 3562; x_wconf 89' lang='lat' dir='ltr'><strong>posset,</strong></span> <span class='ocrx_word' id='word_1_562' title='bbox 2685 3498 2740 3545; x_wconf 91' lang='lat' dir='ltr'><strong>et</strong></span> <span class='ocrx_word' id='word_1_563' title='bbox 2760 3490 2865 3546; x_wconf 92' lang='lat' dir='ltr'><strong>Dei</strong></span> <span class='ocrx_word' id='word_1_564' title='bbox 2895 3489 3232 3562; x_wconf 90' lang='lat' dir='ltr'><strong>religionem</strong></span> <span class='ocrx_word' id='word_1_565' title='bbox 3265 3503 3635 3560; x_wconf 88' lang='lat' dir='ltr'><strong>nequaquam</strong></span> <span class='ocrx_word' id='word_1_566' title='bbox 3667 3504 3763 3544; x_wconf 88' lang='lat' dir='ltr'><strong>ne-</strong></span> 
     </span>
    </p>
   </div>
   <div class='ocr_carea' id='block_1_82' title="bbox 2108 3577 3766 3651">
    <p class='ocr_par' dir='ltr' id='par_1_82' title="bbox 2108 3577 3766 3651">
     <span class='ocr_line' id='line_1_82' title="bbox 2108 3577 3766 3651; baseline -0.002 -17"><span class='ocrx_word' id='word_1_567' title='bbox 2108 3595 2246 3651; x_wconf 89' lang='lat' dir='ltr'><strong>gare</strong></span> <span class='ocrx_word' id='word_1_568' title='bbox 2282 3578 2472 3648; x_wconf 90' lang='lat' dir='ltr'><strong>vellet,</strong></span> <span class='ocrx_word' id='word_1_569' title='bbox 2496 3578 2705 3634; x_wconf 90' lang='lat' dir='ltr'><strong>ultima</strong></span> <span class='ocrx_word' id='word_1_570' title='bbox 2735 3579 2795 3632; x_wconf 93' lang='lat' dir='ltr'><strong>in</strong></span> <span class='ocrx_word' id='word_1_571' title='bbox 2835 3593 2962 3633; x_wconf 90' lang='lat' dir='ltr'><strong>eum</strong></span> <span class='ocrx_word' id='word_1_572' title='bbox 2989 3578 3278 3634; x_wconf 87' lang='lat' dir='ltr'><strong>sententia</strong></span> <span class='ocrx_word' id='word_1_573' title='bbox 3318 3577 3436 3632; x_wconf 87' lang='lat' dir='ltr'><strong>lata</strong></span> <span class='ocrx_word' id='word_1_574' title='bbox 3466 3581 3576 3645; x_wconf 91' lang='lat' dir='ltr'><strong>est,</strong></span> <span class='ocrx_word' id='word_1_575' title='bbox 3601 3583 3654 3632; x_wconf 90' lang='lat' dir='ltr'><strong>et</strong></span> <span class='ocrx_word' id='word_1_576' title='bbox 3676 3593 3766 3632; x_wconf 84' lang='lat' dir='ltr'><strong>sa-</strong></span> 
     </span>
    </p>
   </div>
   <div class='ocr_carea' id='block_1_83' title="bbox 2109 3664 3759 3738">
    <p class='ocr_par' dir='ltr' id='par_1_83' title="bbox 2109 3664 3759 3738">
     <span class='ocr_line' id='line_1_83' title="bbox 2109 3664 3759 3738; baseline -0.002 -16"><span class='ocrx_word' id='word_1_577' title='bbox 2109 3683 2272 3722; x_wconf 90' lang='lat' dir='ltr'><strong>crum</strong></span> <span class='ocrx_word' id='word_1_578' title='bbox 2305 3667 2448 3722; x_wconf 90' lang='lat' dir='ltr'><strong>illud</strong></span> <span class='ocrx_word' id='word_1_579' title='bbox 2490 3666 2761 3736; x_wconf 85' lang='lat' dir='ltr'><strong>martyris</strong></span> <span class='ocrx_word' id='word_1_580' title='bbox 2800 3675 2976 3737; x_wconf 90' lang='lat' dir='ltr'><strong>caput</strong></span> <span class='ocrx_word' id='word_1_581' title='bbox 3015 3667 3202 3722; x_wconf 86' lang='lat' dir='ltr'><strong>securi</strong></span> <span class='ocrx_word' id='word_1_582' title='bbox 3236 3681 3578 3738; x_wconf 88' lang='lat' dir='ltr'><strong>percussum</strong></span> <span class='ocrx_word' id='word_1_583' title='bbox 3607 3664 3759 3719; x_wconf 79' lang='lat' dir='ltr'><strong>fuit:</strong></span> 
     </span>
    </p>
   </div>
   <div class='ocr_carea' id='block_1_84' title="bbox 2110 3753 3765 3826">
    <p class='ocr_par' dir='ltr' id='par_1_84' title="bbox 2110 3753 3765 3826">
     <span class='ocr_line' id='line_1_84' title="bbox 2110 3753 3765 3826; baseline -0.001 -17"><span class='ocrx_word' id='word_1_584' title='bbox 2110 3759 2167 3810; x_wconf 92' lang='lat' dir='ltr'><strong>et</strong></span> <span class='ocrx_word' id='word_1_585' title='bbox 2195 3757 2318 3825; x_wconf 83' lang='lat' dir='ltr'><strong>ejus</strong></span> <span class='ocrx_word' id='word_1_586' title='bbox 2349 3755 2590 3826; x_wconf 89' lang='lat' dir='ltr'><strong>quidem</strong></span> <span class='ocrx_word' id='word_1_587' title='bbox 2629 3755 3030 3810; x_wconf 86' lang='lat' dir='ltr'><strong>venerandum</strong></span> <span class='ocrx_word' id='word_1_588' title='bbox 3079 3771 3314 3825; x_wconf 89' lang='lat' dir='ltr'><strong>corpus,</strong></span> <span class='ocrx_word' id='word_1_589' title='bbox 3357 3753 3624 3809; x_wconf 84' lang='lat' dir='ltr'><strong>fidelium</strong></span> <span class='ocrx_word' id='word_1_590' title='bbox 3655 3753 3765 3808; x_wconf 84' lang='lat' dir='ltr'><strong>ho-</strong></span> 
     </span>
    </p>
   </div>
   <div class='ocr_carea' id='block_1_85' title="bbox 2109 3841 3762 3914">
    <p class='ocr_par' dir='ltr' id='par_1_85' title="bbox 2109 3841 3762 3914">
     <span class='ocr_line' id='line_1_85' title="bbox 2109 3841 3762 3914; baseline -0.001 -17"><span class='ocrx_word' id='word_1_591' title='bbox 2109 3843 2338 3899; x_wconf 92' lang='lat' dir='ltr'><strong>minum</strong></span> <span class='ocrx_word' id='word_1_592' title='bbox 2374 3843 2646 3898; x_wconf 88' lang='lat' dir='ltr'><strong>manibus</strong></span> <span class='ocrx_word' id='word_1_593' title='bbox 2685 3841 2956 3914; x_wconf 84' lang='lat' dir='ltr'><strong>religiose</strong></span> <span class='ocrx_word' id='word_1_594' title='bbox 2987 3849 3272 3908; x_wconf 88' lang='lat' dir='ltr'><strong>curatum,</strong></span> <span class='ocrx_word' id='word_1_595' title='bbox 3305 3843 3428 3898; x_wconf 91' lang='lat' dir='ltr'><strong>illic</strong></span> <span class='ocrx_word' id='word_1_596' title='bbox 3459 3841 3762 3897; x_wconf 88' lang='lat' dir='ltr'><strong>conditum</strong></span> 
     </span>
    </p>
   </div>
   <div class='ocr_carea' id='block_1_86' title="bbox 2109 3930 3765 4002">
    <p class='ocr_par' dir='ltr' id='par_1_86' title="bbox 2109 3930 3765 4002">
     <span class='ocr_line' id='line_1_86' title="bbox 2109 3930 3765 4002; baseline -0.002 -17"><span class='ocrx_word' id='word_1_597' title='bbox 2109 3935 2217 4000; x_wconf 89' lang='lat' dir='ltr'><strong>est,</strong></span> <span class='ocrx_word' id='word_1_598' title='bbox 2253 3931 2352 3986; x_wconf 90' lang='lat' dir='ltr'><strong>ubi</strong></span> <span class='ocrx_word' id='word_1_599' title='bbox 2401 3935 2460 3986; x_wconf 90' lang='lat' dir='ltr'><strong>et</strong></span> <span class='ocrx_word' id='word_1_600' title='bbox 2506 3931 2772 4002; x_wconf 88' lang='lat' dir='ltr'><strong>martyrii</strong></span> <span class='ocrx_word' id='word_1_601' title='bbox 2831 3931 3113 3987; x_wconf 87' lang='lat' dir='ltr'><strong>sustinuit</strong></span> <span class='ocrx_word' id='word_1_602' title='bbox 3169 3930 3765 3987; x_wconf 90' lang='lat' dir='ltr'><strong>consummationem.</strong></span> 
     </span>
    </p>
   </div>
   <div class='ocr_carea' id='block_1_87' title="bbox 2112 4018 3771 4090">
    <p class='ocr_par' dir='ltr' id='par_1_87' title="bbox 2112 4018 3771 4090">
     <span class='ocr_line' id='line_1_87' title="bbox 2112 4018 3771 4090; baseline -0.001 -18"><span class='ocrx_word' id='word_1_603' title='bbox 2112 4019 2248 4090; x_wconf 87' lang='lat' dir='ltr'><strong>Ejus</strong></span> <span class='ocrx_word' id='word_1_604' title='bbox 2290 4019 2397 4073; x_wconf 90' lang='lat' dir='ltr'><strong>viri</strong></span> <span class='ocrx_word' id='word_1_605' title='bbox 2439 4023 2735 4075; x_wconf 89' lang='lat' dir='ltr'><strong>certamen</strong></span> <span class='ocrx_word' id='word_1_606' title='bbox 2775 4034 2894 4074; x_wconf 91' lang='lat' dir='ltr'><strong>non</strong></span> <span class='ocrx_word' id='word_1_607' title='bbox 2939 4018 3374 4074; x_wconf 83' lang='lat' dir='ltr'><strong>Alexandrinus</strong></span> <span class='ocrx_word' id='word_1_608' title='bbox 3406 4023 3636 4073; x_wconf 90' lang='lat' dir='ltr'><strong>tantum</strong></span> <span class='ocrx_word' id='word_1_609' title='bbox 3668 4032 3771 4088; x_wconf 81' lang='lat' dir='ltr'><strong>po-</strong></span> 
     </span>
    </p>
   </div>
   <div class='ocr_carea' id='block_1_88' title="bbox 2111 4106 3770 4178">
    <p class='ocr_par' dir='ltr' id='par_1_88' title="bbox 2111 4106 3770 4178">
     <span class='ocr_line' id='line_1_88' title="bbox 2111 4106 3770 4178; baseline 0 -18"><span class='ocrx_word' id='word_1_610' title='bbox 2111 4106 2308 4177; x_wconf 89' lang='lat' dir='ltr'><strong>pulus,</strong></span> <span class='ocrx_word' id='word_1_611' title='bbox 2342 4106 2561 4177; x_wconf 88' lang='lat' dir='ltr'><strong>quique</strong></span> <span class='ocrx_word' id='word_1_612' title='bbox 2591 4107 2876 4162; x_wconf 82' lang='lat' dir='ltr'><strong>ﬁnitimas</strong></span> <span class='ocrx_word' id='word_1_613' title='bbox 2901 4123 2968 4162; x_wconf 88' lang='lat' dir='ltr'><strong>ac</strong></span> <span class='ocrx_word' id='word_1_614' title='bbox 3007 4107 3400 4162; x_wconf 83' lang='lat' dir='ltr'><strong>feracissimas</strong></span> <span class='ocrx_word' id='word_1_615' title='bbox 3429 4106 3661 4178; x_wconf 70' lang='lat' dir='ltr'><strong>Egypti</strong></span> <span class='ocrx_word' id='word_1_616' title='bbox 3685 4122 3770 4161; x_wconf 89' lang='lat' dir='ltr'><strong>re-</strong></span> 
     </span>
    </p>
   </div>
   <div class='ocr_carea' id='block_1_89' title="bbox 2109 4193 3764 4266">
    <p class='ocr_par' dir='ltr' id='par_1_89' title="bbox 2109 4193 3764 4266">
     <span class='ocr_line' id='line_1_89' title="bbox 2109 4193 3764 4266; baseline 0 -17"><span class='ocrx_word' id='word_1_617' title='bbox 2109 4196 2310 4266; x_wconf 88' lang='lat' dir='ltr'><strong>giones</strong></span> <span class='ocrx_word' id='word_1_618' title='bbox 2340 4195 2557 4264; x_wconf 90' lang='lat' dir='ltr'><strong>colunt,</strong></span> <span class='ocrx_word' id='word_1_619' title='bbox 2589 4195 2758 4251; x_wconf 89' lang='lat' dir='ltr'><strong>valde</strong></span> <span class='ocrx_word' id='word_1_620' title='bbox 2802 4195 3076 4251; x_wconf 91' lang='lat' dir='ltr'><strong>admirati</strong></span> <span class='ocrx_word' id='word_1_621' title='bbox 3101 4212 3167 4252; x_wconf 89' lang='lat' dir='ltr'><strong>ac</strong></span> <span class='ocrx_word' id='word_1_622' title='bbox 3201 4197 3428 4252; x_wconf 87' lang='lat' dir='ltr'><strong>reveriti</strong></span> <span class='ocrx_word' id='word_1_623' title='bbox 3451 4204 3626 4251; x_wconf 88' lang='lat' dir='ltr'><strong>sunt:</strong></span> <span class='ocrx_word' id='word_1_624' title='bbox 3659 4193 3764 4251; x_wconf 89' lang='lat' dir='ltr'><strong>sed</strong></span> 
     </span>
    </p>
   </div>
   <div class='ocr_carea' id='block_1_90' title="bbox 2111 4283 3770 4340">
    <p class='ocr_par' dir='ltr' id='par_1_90' title="bbox 2111 4283 3770 4340">
     <span class='ocr_line' id='line_1_90' title="bbox 2111 4283 3770 4340; baseline 0 -2"><span class='ocrx_word' id='word_1_625' title='bbox 2111 4283 2255 4338; x_wconf 89' lang='lat' dir='ltr'><strong>illud</strong></span> <span class='ocrx_word' id='word_1_626' title='bbox 2287 4283 2543 4339; x_wconf 91' lang='lat' dir='ltr'><strong>mundus</strong></span> <span class='ocrx_word' id='word_1_627' title='bbox 2601 4300 2756 4339; x_wconf 90' lang='lat' dir='ltr'><strong>nunc</strong></span> <span class='ocrx_word' id='word_1_628' title='bbox 2800 4283 3053 4340; x_wconf 88' lang='lat' dir='ltr'><strong>celebrat</strong></span> <span class='ocrx_word' id='word_1_629' title='bbox 3102 4285 3433 4340; x_wconf 85' lang='lat' dir='ltr'><strong>universus.</strong></span> <span class='ocrx_word' id='word_1_630' title='bbox 3484 4283 3770 4338; x_wconf 90' lang='lat' dir='ltr'><strong>Eumdem</strong></span> 
     </span>
    </p>
   </div>
   <div class='ocr_carea' id='block_1_91' title="bbox 2112 4370 3766 4442">
    <p class='ocr_par' dir='ltr' id='par_1_91' title="bbox 2112 4370 3766 4442">
     <span class='ocr_line' id='line_1_91' title="bbox 2112 4370 3766 4442; baseline 0.001 -17"><span class='ocrx_word' id='word_1_631' title='bbox 2112 4387 2343 4442; x_wconf 87' lang='lat' dir='ltr'><strong>quoque</strong></span> <span class='ocrx_word' id='word_1_632' title='bbox 2373 4372 2766 4426; x_wconf 89' lang='lat' dir='ltr'><strong>certaminum</strong></span> <span class='ocrx_word' id='word_1_633' title='bbox 2816 4379 3019 4428; x_wconf 88' lang='lat' dir='ltr'><strong>auctor</strong></span> <span class='ocrx_word' id='word_1_634' title='bbox 3050 4379 3103 4426; x_wconf 91' lang='lat' dir='ltr'><strong>et</strong></span> <span class='ocrx_word' id='word_1_635' title='bbox 3147 4373 3326 4442; x_wconf 81' lang='lat' dir='ltr'><strong>judex</strong></span> <span class='ocrx_word' id='word_1_636' title='bbox 3373 4376 3526 4428; x_wconf 92' lang='lat' dir='ltr'><strong>Deus</strong></span> <span class='ocrx_word' id='word_1_637' title='bbox 3557 4388 3589 4427; x_wconf 93' lang='lat' dir='ltr'><strong>e</strong></span> <span class='ocrx_word' id='word_1_638' title='bbox 3618 4370 3766 4428; x_wconf 70' lang='lat' dir='ltr'><strong>calo</strong></span> 
     </span>
    </p>
   </div>
   <div class='ocr_carea' id='block_1_92' title="bbox 351 4456 1991 4557">
    <p class='ocr_par' dir='ltr' id='par_1_92' title="bbox 351 4456 1991 4529">
     <span class='ocr_line' id='line_1_92' title="bbox 351 4456 1991 4529; baseline 0.001 -19"><span class='ocrx_word' id='word_1_639' title='bbox 351 4456 856 4529; x_wconf 79' lang='grc' dir='ltr'>προσκύνησις,νῦν</span> <span class='ocrx_word' id='word_1_640' title='bbox 897 4459 988 4514; x_wconf 89' lang='lat' dir='ltr'><strong>xui</strong></span> <span class='ocrx_word' id='word_1_641' title='bbox 1043 4459 1122 4512; x_wconf 76' lang='lat' dir='ltr'><strong>nisi</strong></span> <span class='ocrx_word' id='word_1_642' title='bbox 1171 4459 1261 4513; x_wconf 83' lang='lat' dir='ltr'><strong>xui</strong></span> <span class='ocrx_word' id='word_1_643' title='bbox 1310 4458 1386 4519; x_wconf 70' lang='grc' dir='ltr'>εἷς</span> <span class='ocrx_word' id='word_1_644' title='bbox 1443 4457 1572 4522; x_wconf 65' lang='grc' dir='ltr'>τοὺς</span> <span class='ocrx_word' id='word_1_645' title='bbox 1629 4457 1826 4520; x_wconf 79' lang='grc' dir='ltr'>αἰῶνας</span> <span class='ocrx_word' id='word_1_646' title='bbox 1890 4461 1991 4512; x_wconf 76' lang='grc' dir='ltr'><strong>τῶν</strong></span> 
     </span>
    </p>
   </div>
   <div class='ocr_carea' id='block_1_93' title="bbox 2108 4456 3774 4557">
    <p class='ocr_par' dir='ltr' id='par_1_93' title="bbox 2111 4459 3774 4532">
     <span class='ocr_line' id='line_1_93' title="bbox 2111 4459 3774 4532; baseline 0 -18"><span class='ocrx_word' id='word_1_647' title='bbox 2111 4459 2328 4515; x_wconf 81' lang='lat' dir='ltr'><strong>illustri</strong></span> <span class='ocrx_word' id='word_1_648' title='bbox 2358 4475 2573 4516; x_wconf 90' lang='lat' dir='ltr'><strong>corona</strong></span> <span class='ocrx_word' id='word_1_649' title='bbox 2603 4459 2860 4529; x_wconf 82' lang='lat' dir='ltr'><strong>donavit,</strong></span> <span class='ocrx_word' id='word_1_650' title='bbox 2912 4463 3150 4532; x_wconf 88' lang='lat' dir='ltr'><strong>propter</strong></span> <span class='ocrx_word' id='word_1_651' title='bbox 3189 4476 3367 4530; x_wconf 90' lang='lat' dir='ltr'><strong>quem</strong></span> <span class='ocrx_word' id='word_1_652' title='bbox 3417 4459 3774 4531; x_wconf 89' lang='lat' dir='ltr'><strong>Epimacbus</strong></span> 
     </span>
    </p>
   </div>
   <div class='ocr_carea' id='block_1_94' title="bbox 351 4543 814 4618">
    <p class='ocr_par' dir='ltr' id='par_1_94' title="bbox 351 4543 814 4618">
     <span class='ocr_line' id='line_1_94' title="bbox 351 4543 814 4618; baseline 0.013 -20"><span class='ocrx_word' id='word_1_653' title='bbox 351 4543 585 4601; x_wconf 77' lang='grc' dir='ltr'>αἰώνων.</span> <span class='ocrx_word' id='word_1_654' title='bbox 619 4549 814 4618; x_wconf 74' lang='grc' dir='ltr'>Ἀμήν.</span> 
     </span>
    </p>
   </div>
   <div class='ocr_carea' id='block_1_95' title="bbox 2120 4548 3777 4622">
    <p class='ocr_par' dir='ltr' id='par_1_95' title="bbox 2120 4548 3777 4622">
     <span class='ocr_line' id='line_1_95' title="bbox 2120 4548 3777 4622; baseline -0.002 -18"><span class='ocrx_word' id='word_1_655' title='bbox 2120 4550 2411 4606; x_wconf 90' lang='lat' dir='ltr'><strong>cruciatus</strong></span> <span class='ocrx_word' id='word_1_656' title='bbox 2467 4567 2673 4606; x_wconf 89' lang='lat' dir='ltr'><strong>omnes</strong></span> <span class='ocrx_word' id='word_1_657' title='bbox 2733 4565 3047 4622; x_wconf 87' lang='lat' dir='ltr'><strong>perpessus</strong></span> <span class='ocrx_word' id='word_1_658' title='bbox 3097 4554 3208 4617; x_wconf 86' lang='lat' dir='ltr'><strong>est,</strong></span> <span class='ocrx_word' id='word_1_659' title='bbox 3240 4550 3486 4622; x_wconf 86' lang='lat' dir='ltr'><strong>ejusque</strong></span> <span class='ocrx_word' id='word_1_660' title='bbox 3518 4548 3777 4605; x_wconf 87' lang='lat' dir='ltr'><strong>imitator</strong></span> 
     </span>
    </p>
   </div>
   <div class='ocr_carea' id='block_1_96' title="bbox 353 4636 3773 4710">
    <p class='ocr_par' dir='ltr' id='par_1_96' title="bbox 353 4636 3773 4710">
     <span class='ocr_line' id='line_1_96' title="bbox 353 4636 3773 4710; baseline 0.001 -20"><span class='ocrx_word' id='word_1_661' title='bbox 353 4650 484 4690; x_wconf 89' lang='lat' dir='ltr'><strong>esse</strong></span> <span class='ocrx_word' id='word_1_662' title='bbox 512 4636 572 4690; x_wconf 94' lang='lat' dir='ltr'><strong>in</strong></span> <span class='ocrx_word' id='word_1_663' title='bbox 610 4636 918 4692; x_wconf 89' lang='lat' dir='ltr'><strong>tormentis</strong></span> <span class='ocrx_word' id='word_1_664' title='bbox 950 4638 1307 4708; x_wconf 89' lang='lat' dir='ltr'><strong>perferendis</strong></span> <span class='ocrx_word' id='word_1_665' title='bbox 1352 4637 1606 4693; x_wconf 81' lang='lat' dir='ltr'><strong>maxime</strong></span> <span class='ocrx_word' id='word_1_666' title='bbox 1657 4637 1986 4708; x_wconf 90' lang='lat' dir='ltr'><strong>concupivit</strong></span> <span class='ocrx_word' id='word_1_667' title='bbox 2041 4655 2108 4695; x_wconf 90' lang='lat' dir='ltr'><strong>ac</strong></span> <span class='ocrx_word' id='word_1_668' title='bbox 2139 4639 2382 4695; x_wconf 86' lang='lat' dir='ltr'><strong>studuit.</strong></span> <span class='ocrx_word' id='word_1_669' title='bbox 2418 4639 2539 4710; x_wconf 88' lang='lat' dir='ltr'><strong>Ipsi</strong></span> <span class='ocrx_word' id='word_1_670' title='bbox 2569 4638 2822 4695; x_wconf 87' lang='lat' dir='ltr'><strong>Creatori</strong></span> <span class='ocrx_word' id='word_1_671' title='bbox 2863 4645 2917 4694; x_wconf 92' lang='lat' dir='ltr'><strong>et</strong></span> <span class='ocrx_word' id='word_1_672' title='bbox 2947 4637 3252 4707; x_wconf 89' lang='lat' dir='ltr'><strong>Salvatori,</strong></span> <span class='ocrx_word' id='word_1_673' title='bbox 3285 4639 3532 4694; x_wconf 91' lang='lat' dir='ltr'><strong>Domino</strong></span> <span class='ocrx_word' id='word_1_674' title='bbox 3561 4654 3627 4692; x_wconf 88' lang='lat' dir='ltr'><strong>ac</strong></span> <span class='ocrx_word' id='word_1_675' title='bbox 3657 4637 3773 4693; x_wconf 91' lang='lat' dir='ltr'><strong>Deo</strong></span> 
     </span>
    </p>
   </div>
   <div class='ocr_carea' id='block_1_97' title="bbox 353 4724 3778 4799">
    <p class='ocr_par' dir='ltr' id='par_1_97' title="bbox 353 4724 3778 4799">
     <span class='ocr_line' id='line_1_97' title="bbox 353 4724 3778 4799; baseline 0.001 -21"><span class='ocrx_word' id='word_1_676' title='bbox 353 4727 554 4780; x_wconf 89' lang='lat' dir='ltr'><strong>nostro</strong></span> <span class='ocrx_word' id='word_1_677' title='bbox 588 4725 665 4780; x_wconf 86' lang='lat' dir='ltr'><strong>sit</strong></span> <span class='ocrx_word' id='word_1_678' title='bbox 693 4724 899 4796; x_wconf 88' lang='lat' dir='ltr'><strong>gloria,</strong></span> <span class='ocrx_word' id='word_1_679' title='bbox 932 4725 1120 4781; x_wconf 88' lang='lat' dir='ltr'><strong>honor</strong></span> <span class='ocrx_word' id='word_1_680' title='bbox 1148 4731 1206 4781; x_wconf 92' lang='lat' dir='ltr'><strong>et</strong></span> <span class='ocrx_word' id='word_1_681' title='bbox 1227 4727 1488 4782; x_wconf 89' lang='lat' dir='ltr'><strong>adoratio</strong></span> <span class='ocrx_word' id='word_1_682' title='bbox 1510 4742 1644 4781; x_wconf 91' lang='lat' dir='ltr'><strong>cum</strong></span> <span class='ocrx_word' id='word_1_683' title='bbox 1677 4726 1842 4781; x_wconf 90' lang='lat' dir='ltr'><strong>Patre</strong></span> <span class='ocrx_word' id='word_1_684' title='bbox 1875 4728 2147 4799; x_wconf 89' lang='lat' dir='ltr'><strong>principii</strong></span> <span class='ocrx_word' id='word_1_685' title='bbox 2173 4727 2427 4798; x_wconf 82' lang='lat' dir='ltr'><strong>ﬁnisque</strong></span> <span class='ocrx_word' id='word_1_686' title='bbox 2447 4731 2706 4798; x_wconf 83' lang='lat' dir='ltr'><strong>experte,</strong></span> <span class='ocrx_word' id='word_1_687' title='bbox 2739 4731 2797 4783; x_wconf 91' lang='lat' dir='ltr'><strong>et</strong></span> <span class='ocrx_word' id='word_1_688' title='bbox 2827 4727 3202 4782; x_wconf 87' lang='lat' dir='ltr'><strong>sanctissimo</strong></span> <span class='ocrx_word' id='word_1_689' title='bbox 3243 4731 3416 4797; x_wconf 89' lang='lat' dir='ltr'><strong>atque</strong></span> <span class='ocrx_word' id='word_1_690' title='bbox 3445 4725 3778 4782; x_wconf 80' lang='lat' dir='ltr'><strong>viviﬁcante</strong></span> 
     </span>
    </p>
   </div>
   <div class='ocr_carea' id='block_1_98' title="bbox 355 4811 3777 4889">
    <p class='ocr_par' dir='ltr' id='par_1_98' title="bbox 355 4811 3777 4889">
     <span class='ocr_line' id='line_1_98' title="bbox 355 4811 3777 4889; baseline 0.001 -22"><span class='ocrx_word' id='word_1_691' title='bbox 355 4811 598 4883; x_wconf 89' lang='lat' dir='ltr'><strong>Spiritu,</strong></span> <span class='ocrx_word' id='word_1_692' title='bbox 632 4831 758 4886; x_wconf 85' lang='lat' dir='ltr'><strong>quae</strong></span> <span class='ocrx_word' id='word_1_693' title='bbox 781 4821 870 4870; x_wconf 86' lang='lat' dir='ltr'><strong>est</strong></span> <span class='ocrx_word' id='word_1_694' title='bbox 898 4832 1017 4871; x_wconf 85' lang='lat' dir='ltr'><strong>una</strong></span> <span class='ocrx_word' id='word_1_695' title='bbox 1046 4815 1316 4872; x_wconf 85' lang='lat' dir='ltr'><strong>divinitas</strong></span> <span class='ocrx_word' id='word_1_696' title='bbox 1347 4816 1408 4872; x_wconf 94' lang='lat' dir='ltr'><strong>in</strong></span> <span class='ocrx_word' id='word_1_697' title='bbox 1438 4816 1648 4888; x_wconf 69' lang='lat' dir='ltr'><strong>aquali</strong></span> <span class='ocrx_word' id='word_1_698' title='bbox 1678 4820 1737 4871; x_wconf 94' lang='lat' dir='ltr'><strong>et</strong></span> <span class='ocrx_word' id='word_1_699' title='bbox 1766 4815 2068 4871; x_wconf 90' lang='lat' dir='ltr'><strong>individua</strong></span> <span class='ocrx_word' id='word_1_700' title='bbox 2107 4816 2414 4886; x_wconf 88' lang='lat' dir='ltr'><strong>Trinitate,</strong></span> <span class='ocrx_word' id='word_1_701' title='bbox 2447 4817 2630 4873; x_wconf 88' lang='lat' dir='ltr'><strong>vitam</strong></span> <span class='ocrx_word' id='word_1_702' title='bbox 2662 4817 2929 4889; x_wconf 63' lang='lat' dir='ltr'><strong>prabens</strong></span> <span class='ocrx_word' id='word_1_703' title='bbox 2971 4816 3130 4872; x_wconf 91' lang='lat' dir='ltr'><strong>omni</strong></span> <span class='ocrx_word' id='word_1_704' title='bbox 3162 4814 3417 4888; x_wconf 90' lang='lat' dir='ltr'><strong>spiritui,</strong></span> <span class='ocrx_word' id='word_1_705' title='bbox 3441 4819 3498 4871; x_wconf 91' lang='lat' dir='ltr'><strong>et</strong></span> <span class='ocrx_word' id='word_1_706' title='bbox 3521 4829 3777 4887; x_wconf 87' lang='lat' dir='ltr'><strong>regnans</strong></span> 
     </span>
    </p>
   </div>
   <div class='ocr_carea' id='block_1_99' title="bbox 355 4904 1957 4975">
    <p class='ocr_par' dir='ltr' id='par_1_99' title="bbox 355 4904 1957 4975">
     <span class='ocr_line' id='line_1_99' title="bbox 355 4904 1957 4975; baseline 0.002 -19"><span class='ocrx_word' id='word_1_707' title='bbox 355 4915 512 4958; x_wconf 89' lang='lat' dir='ltr'><strong>nunc</strong></span> <span class='ocrx_word' id='word_1_708' title='bbox 544 4907 600 4959; x_wconf 91' lang='lat' dir='ltr'><strong>et</strong></span> <span class='ocrx_word' id='word_1_709' title='bbox 631 4919 883 4975; x_wconf 89' lang='lat' dir='ltr'><strong>semper,</strong></span> <span class='ocrx_word' id='word_1_710' title='bbox 917 4908 974 4959; x_wconf 90' lang='lat' dir='ltr'><strong>et</strong></span> <span class='ocrx_word' id='word_1_711' title='bbox 1007 4904 1065 4960; x_wconf 91' lang='lat' dir='ltr'><strong>in</strong></span> <span class='ocrx_word' id='word_1_712' title='bbox 1098 4905 1311 4962; x_wconf 72' lang='lat' dir='ltr'><strong>saecula</strong></span> <span class='ocrx_word' id='word_1_713' title='bbox 1341 4906 1714 4962; x_wconf 64' lang='lat' dir='ltr'><strong>saeculorum.</strong></span> <span class='ocrx_word' id='word_1_714' title='bbox 1746 4907 1957 4961; x_wconf 79' lang='lat' dir='ltr'><strong>Amen.</strong></span> 
     </span>
    </p>
   </div>
  </div>
