4180 6186
531 181 589 237 ll
1623 185 1968 241 AHYTONIS
2008 186 2456 244 BASILEENSIS
2494 192 2808 250 EPISCOPI

3870 212 3934 264 12

742 312 3925 350 ____._______________________________

1277 409 1985 531 AHYTHON
2016 410 2138 531 lS
2230 413 3186 547 CAPITULARE.

1122 646 1131 653 ρ

1104 658 1109 665 τ

515 639 681 705 Haec
728 637 1040 729 Capitula

1154 656 1257 739 uae
1330 648 1708 739 sequuntur
1738 624 1983 739 _Abyto
2028 642 2457 739 _l_3asileensi‘s
2519 648 2844 739 Ecclesiae
2898 654 3206 739 antistes,
3263 668 3327 722 et
3379 658 3585 726 abbas
3633 662 3920 729 cmnobii

602 727 785 829 quod
814 726 1042 817 Augia
1068 726 1792 836 ‘di‘citurnpi'esbyteris
1824 726 1969 796 suae
2011 726 2759 836 di‘mceiseos‘nrdinavit
2789 763 2803 822 ;
2866 742 3112 836 quibus
3156 726 3923 836 tribuerenturqualiter

601 817 867 922 seipsos
917 818 1286 922 ac‘plebem
1318 817 1442 884 sibi
1478 817 1917 885 commissam
1950 830 2131 887 caste
2175 829 2241 888 et
2270 824 2458 913 juste
2488 848 2755 916 regere,
2788 817 2991 920 atque
3021 832 3085 898 in
3120 834 3450 922 religione
3486 817 3713 904 divitia
3758 817 3923 906 con-

600 905 877 976 ﬁrmare
908 905 1220 974 debeant.

576 1143 790 1209 Primo,
823 1139 1094 1230 omnium
1123 1140 1498 1198 discutienda
1528 1146 1619 1230 est
1671 1143 2050 1200 sacerdotum
2082 1145 2149 1200 ﬁ-
2188 1148 2241 1203 A
2269 1147 2418 1206 dum
2439 1154 2545 1216 est,
2587 1153 2733 1226 quia
2760 1156 3081 1213 necessitas
3120 1157 3218 1214 vix
3259 1158 3442 1216 haet
3496 1159 3692 1230 legem
3721 1176 3736 1217 :
3769 1164 3827 1217 et
3856 1166 3921 1218 ut

504 1233 633 1301 des,
659 1230 910 1303 qualiter
936 1229 1182 1287 credant
1202 1235 1258 1286 et
1286 1231 1435 1286 alios
1465 1228 1703 1287 credere
1733 1232 1987 1289 doceant
2017 1232 2153 1289 :ubi

2267 1253 2374 1293 vas
2400 1238 2479 1295 ad
2509 1240 2735 1297 fontem
2754 1242 3130 1316 baptismatis
3158 1232 3443 1319 habeant,
3465 1250 3632 1321 quod
3675 1249 3755 1306 ad
3782 1249 3914 1306 reli-

501 1327 557 1378 et
581 1320 856 1391 exempla
885 1321 1282 1392 proponenda
1304 1325 1462 1388 sunt,
1487 1326 1785 1393 quatenus
1816 1338 1851 1377 a
1883 1326 2155 1380 creatura
2263 1343 2418 1400 quos
2442 1345 2590 1385 usus
2620 1331 2959 1389 nullatenus
2989 1341 3354 1393 assumatur.

499 1412 737 1466 Creator
760 1408 1383 1482 quantulumcumque
1423 1410 1611 1483 possit
1635 1410 1899 1479 intelligi.

568 1497 862 1567 Secundo,
887 1498 1229 1568 jubendum
1260 1503 1349 1554 est
1380 1504 1442 1554 ut
1480 1499 1676 1556 Oratio
1707 1500 2035 1563 Dominica,
2090 1501 2151 1556 in

493 1603 616 1660 qua
644 1587 851 1643 omnia
877 1588 1218 1644 necessaria
1274 1588 1557 1644 humanae
1587 1588 1720 1644 vitae
1760 1591 2150 1661 comprehen-

493 1676 728 1739 duntur,
781 1679 837 1732 et
889 1675 1245 1749 Symbolum
1273 1676 1702 1749 apostolorum,
1732 1675 1794 1731 in
1823 1694 1944 1749 quo
1998 1672 2150 1733 ﬁdes

490 1765 786 1821 catholica
827 1781 901 1820 ex
947 1765 1178 1836 integro
1227 1766 1773 1837 comprehenditur,
1830 1765 1908 1821 ab
1951 1769 2147 1822 omni-

486 1854 603 1910 bus
658 1854 922 1911 discatur
979 1858 1099 1910 tam
1158 1855 1357 1911 Latine
1412 1871 1598 1928 quam
1674 1854 2012 1925 Barbarice,
2083 1858 2148 1911 ut

485 1942 652 2017 quod
698 1959 798 1999 ore
856 1942 1229 2016 proﬁtemur,
1278 1943 1456 1999 corde
1513 1943 1808 2015 credatur,
1842 1948 1899 2000 et
1936 1943 2144 2000 intelli-

488 2037 679 2105 gatur.

558 2121 775 2190 Tertio,
808 2120 1211 2178 intimandum
1241 2125 1330 2179 est
1354 2125 1421 2177 ut
1439 2120 1518 2177 ad
1542 2121 1928 2179 salutationes
1953 2138 2143 2179 sacer-

483 2210 713 2268 dotales
746 2226 1029 2280 congruae
1057 2212 1481 2283 responsiones
1514 2211 1841 2280 discantur,
1875 2212 1979 2267 ubi
2017 2224 2142 2267 non

483 2296 678 2357 solum
728 2300 921 2357 clerici
953 2305 1009 2357 et
1038 2302 1157 2355 Deo
1196 2300 1407 2356 dicatae
1457 2300 1752 2357 sacerdoti
1797 2301 2139 2375 responsio-

480 2405 619 2445 nem
650 2389 922 2455 oﬂ‘erant,
975 2389 1081 2444 sed
1136 2390 1333 2445 omnis
1389 2388 1560 2462 plebs
1612 2389 1829 2446 devota
1872 2406 2140 2448 consona

480 2493 627 2534 voce
655 2477 1020 2551 respondere
1049 2477 1245 2532 debet.

553 2567 797 2633 Quarto,
826 2569 891 2621 ut
918 2564 1068 2620 ﬁdes
1100 2563 1291 2620 sancti
1318 2565 1622 2621 Athanasii
1657 2574 1695 2621 α
1725 2566 2135 2622 sacerdotibus

481 2651 767 2724 discatur,
795 2657 853 2710 et
877 2661 902 2688 ⁸
931 2668 1002 2708 ex
1034 2651 1212 2708 corde
1238 2652 1404 2708 omni
1434 2650 1529 2708 die
1556 2652 1865 2709 Dominico
1923 2653 2002 2711 ad
2031 2654 2135 2711 ho-

477 2757 613 2798 ram
642 2742 901 2814 primam
932 2740 1226 2797 recitetur.

551 2831 788 2900 Quinto,
821 2835 885 2887 ut
904 2831 1095 2886 sciant
1122 2830 1271 2902 quid
1300 2830 1373 2887 sit
1417 2832 1862 2886 sacramentum
1907 2830 2132 2905 baptis-

476 2922 657 2978 matis
682 2927 738 2978 et
775 2920 1279 2988 conﬁrmationis;
1340 2925 1397 2977 et
1427 2920 1606 2993 quale
1658 2920 1731 2975 sit
1777 2922 2131 2993 mysterium

402 2994 415 3007 ’
478 3011 743 3085 corporis
772 3015 831 3068 et
858 3010 1166 3082 sanguinis
1198 3011 1451 3079 Domini,
1478 3009 1789 3082 quomodo
1809 3010 1871 3066 in
1905 3010 2134 3068 eisdem

475 3102 779 3175 mysteriis
806 3100 1051 3158 visibilis
1083 3106 1358 3157 creatura
1389 3099 1637 3167 videtur,
1691 3104 1747 3157 et
1782 3105 1990 3157 tamen
2042 3101 2133 3158 in-

475 3191 723 3248 visibilis
749 3191 914 3247 solus
940 3189 1020 3246 ad
1049 3189 1437 3246 aeternitatem
1465 3188 1682 3245 animas
1712 3188 2132 3247 subministra-

476 3284 593 3353 tur,
622 3281 788 3353 quod
818 3282 878 3335 in
908 3279 1036 3335 sola
1064 3278 1183 3333 ﬁde
1212 3280 1566 3335 continetur.

550 3371 745 3435 Sexto,
775 3380 909 3440 quae
958 3365 1106 3436 ipsis
1160 3366 1572 3421 sacerdotibus
1622 3367 1963 3422 necessaria
1994 3370 2133 3423 sunt

476 3458 556 3515 ad
579 3455 970 3522 discendum;
1002 3454 1064 3509 id
1093 3458 1200 3523 est,
1235 3454 1800 3519 Sacramentarium,
1828 3454 2128 3510 Lectiona-

472 3547 651 3610 rium,
711 3542 1230 3618 Antiphonarium,
1280 3541 1713 3613 Baptisterium,
1774 3545 2125 3614 Computus,

474 3639 677 3695 Canon
706 3633 1148 3709 poenitentialis,
1174 3631 1545 3702 Psalterium,
1590 3631 1858 3687 Homilies
1884 3647 1991 3703 per
2017 3647 2123 3688 an-

472 3728 535 3783 ni
564 3725 852 3783 circulum
876 3721 1197 3780 Dominicis
1219 3720 1434 3777 diebus
1467 3725 1524 3776 et
1562 3720 1809 3790 singulis
1848 3720 2125 3778 festivita-

470 3816 632 3874 tibus
662 3820 834 3888 aptse.
869 3816 951 3870 Ex
979 3809 1514 3904 quibusomnibus
1554 3809 1825 3904 siunum
1849 3808 2118 3904 defuerit,
2162 3850 2201 3904 Ο

2335 1418 2576 1486 Octavo,
2592 1422 3111 1491 pronuntiandum
3136 1430 3223 1481 est
3243 1434 3305 1483 ut
3336 1425 3525 1482 sciant
3552 1430 3822 1499 tempora
3838 1428 3914 1484 fe-

2261 1504 2455 1560 riandi
2484 1522 2586 1578 per
2612 1523 2874 1578 annum;
2924 1510 2989 1566 id
3027 1514 3133 1582 est,
3176 1529 3421 1570 omnem
3479 1514 3850 1571 Dnminicam
3875 1532 3911 1572 a

2262 1609 2438 1649 mane
2471 1611 2660 1666 usque
2687 1597 2763 1651 ad
2783 1614 3124 1670 vesperam,
3148 1601 3251 1671 [ob
3281 1603 3725 1659 venerationem
3756 1613 3778 1639 ο
3805 1605 3915 1659 Do—

2260 1681 2491 1737 minicee
2517 1685 2994 1754 resurrectionis;
3024 1686 3343 1744 sabbatum
3370 1705 3511 1744 vero
3536 1691 3915 1762 operandum

2257 1787 2294 1828 a
2319 1788 2498 1829 mane
2524 1790 2714 1847 usque
2731 1776 2814 1831 ad
2858 1793 3192 1850 vesperam,
3223 1795 3298 1834 ne
3323 1779 3408 1850 in]
3457 1779 3768 1837 Judaismo
3815 1798 3910 1838 ca-

2254 1859 2513 1931 piantur.
2558 1863 2827 1919 Feriandi
2858 1880 2995 1920 vero
3024 1881 3129 1938 per
3160 1881 3389 1922 annum
3430 1867 3524 1923 isti
3577 1872 3717 1925 sunt
3758 1869 3908 1941 dies,

2253 1950 2318 2004 ut
2369 1965 2553 2023 supra
2627 1952 2745 2007 orsi
2803 1966 3033 2023 sumus,
3110 1954 3330 2010 Natalis
3409 1956 3663 2028 Domini,
3719 1957 3911 2014 sancti

2256 2037 2558 2111 Stephani,
2614 2041 2803 2096 sancti
2856 2042 3100 2098 Joannis
3158 2044 3564 2115 Evangelistae,
3619 2050 3909 2102 Innocen-

2250 2128 2400 2194 tum,
2470 2129 2693 2184 Octava
2780 2129 3035 2195 Domini,
3100 2131 3504 2204 Theophania,
3572 2134 3908 2189 Puriﬁcatio

2251 2218 2474 2270 sanctae
2504 2217 2714 2283 Mariae,
2749 2222 3022 2274 sanctum
3050 2221 3293 2289 Pascha,
3329 2222 3478 2278 sicut
3506 2222 3568 2277 in
3615 2221 3908 2295 superiori

2250 2302 2510 2374 capitulo
2559 2306 3063 2378 comprehensum
3123 2313 3210 2365 est
3255 2328 3267 2364 :
3314 2311 3668 2380 Rogationes
3717 2308 3907 2366 tribus

2245 2389 2481 2459 diebus,
2533 2396 2820 2450 Ascensio
2879 2395 3138 2466 Domini,
3203 2394 3532 2455 Sabbatum
3564 2412 3570 2421 ‘
3607 2403 3901 2466 sanctum,

2176 2503 2215 2556 Β
2246 2481 2617 2537 Pentecostes
2650 2500 2663 2538 :
2695 2485 2884 2539 sancti
2938 2485 3183 2540 Joannis
3236 2488 3526 2559 Baptistae,
3580 2487 3903 2544 duodecim

2244 2568 2677 2640 apostolorum,
2703 2571 2963 2627 maxime
2986 2576 3185 2628 tamen
3212 2574 3308 2630 SS.
3340 2576 3485 2630 Petri
3513 2577 3571 2631 et
3592 2575 3779 2646 Pauli,
3798 2574 3904 2649 qui

2243 2658 2544 2729 Europam
2585 2673 2693 2714 sua
2744 2660 3165 2732 praedicatione
3220 2658 3709 2720 illuminaverunt
3740 2682 3754 2720 :
3786 2656 3902 2719 As-

2243 2746 2504 2818 sumptio
2534 2752 2757 2804 sanctas
2792 2749 3005 2818 Mariae,
3063 2751 3362 2808 Dedicatio
3412 2753 3677 2809 basilicae
3710 2753 3900 2810 sancti

2241 2834 2584 2904 archangeli
2617 2836 2943 2905 Michaelis,
2977 2839 3273 2896 dedicatio
3303 2842 3717 2915 cujuscunque
3761 2858 3899 2899 ora-

2242 2923 2393 2991 torii,
2422 2938 2525 2979 seu
2554 2925 3072 2995 cujuslibetsancti
3098 2928 3160 2983 in
3190 2930 3361 3000 cujus
3399 2928 3627 2986 honore
3683 2930 3898 2987 eadem

2241 3010 2494 3069 ecclesia
2520 3013 2771 3070 fundata
2801 3019 2920 3083 est;
2962 3017 3128 3088 quod
3150 3017 3358 3073 vicinis
3409 3023 3640 3075 tantum
3672 3019 3900 3076 circum

2239 3103 2753 3159 commorantibus
2785 3103 3175 3161 indicendum
3216 3113 3323 3173 est,
3375 3123 3497 3163 non
3545 3109 3902 3177 generaliter

2239 3192 2542 3248 omnibus.
2594 3194 2886 3249 lndictum
2938 3210 3081 3250 vero
3133 3195 3427 3265 jejunium
3478 3197 3745 3268 quando,
3784 3196 3810 3232 ἀ
3859 3212 3901 3255 a

2238 3279 2487 3352 palatio,
2519 3281 2612 3337 vel
2637 3297 2673 3337 a
2699 3282 2884 3338 domo
2915 3282 3087 3339 fuerit
3112 3282 3552 3352 denuntiatum,
3581 3284 3658 3340 ab
3706 3286 3901 3341 omni-

2236 3369 2353 3424 bus
2384 3372 2735 3438 generaliter
2759 3373 3130 3427 obscrvetur.
3163 3373 3422 3442 Reliquae
3444 3389 3585 3428 vero
3615 3372 3899 3430 festivita-

2236 3458 2322 3510 tes
2352 3471 2459 3526 per
2484 3472 2735 3521 annum,
2770 3456 2920 3511 sicut
2943 3457 3130 3512 sancti
3163 3457 3444 3527 Remedii,
3495 3460 3684 3515 sancti
3740 3464 3901 3519 Mau-

2232 3541 2378 3607 ricii,
2412 3543 2600 3598 sancti
2622 3542 2865 3612 Martini,
2897 3559 3020 3598 non
3071 3549 3212 3599 sunt
3248 3545 3535 3614 cogendae
3576 3546 3654 3603 ad
3684 3548 3895 3605 ferian-

2232 3629 2401 3701 dum,
2435 3647 2543 3686 nec
2575 3635 2775 3687 tamen
2797 3631 3261 3704 prohibendum,
3288 3634 3338 3688 si
3359 3634 3565 3706 plebes
3584 3636 3699 3692 hoc
3727 3642 3889 3694 caste

2232 3723 2289 3777 et
2300 3719 2423 3776 zelo
2456 3720 2555 3776 Dei
2580 3721 2829 3792 cupiunt
2853 3736 3145 3778 exercere.

2304 3813 2488 3875 Nono,
2510 3808 2847 3879 jubendum
2878 3814 2965 3865 est
2993 3810 3220 3867 eisdem
3248 3811 3659 3869 sacerdotibus
3675 3816 3741 3870 ut
3759 3829 3891 3871 non

471 3905 795 3963 sacerdotis
821 3918 1044 3960 nomen
1075 3902 1175 3958 vix
1198 3902 1259 3957 in
1295 3916 1364 3956 eo
1397 3898 1732 3956 constabit:
1765 3900 1911 3972 quia
1946 3899 2122 3956 valde
2170 3898 2195 3904 '
2230 3899 2575 3972 permittant
2629 3915 2835 3955 secum
2902 3899 3180 3956 mulieres
3228 3900 3497 3957 habitare
3543 3903 3883 3969 extraneas,

467 3994 818 4070 periculosas
850 3997 986 4048 sunt
1018 3990 1376 4061 evangelicae
1397 3990 1597 4057 minae,
1623 3989 1844 4061 quibus
1865 3987 2118 4044 dicitur:

465 4081 539 4139 Si
563 4096 750 4139 caecus
791 4095 941 4136 caeco
976 4080 1262 4136 ducatum
1295 4083 1560 4148 praestet,
1593 4077 1764 4135 ambo
1796 4078 1857 4133 in
1881 4077 2119 4147 foveam

468 4171 695 4228 cadunt
727 4170 965 4242 (Matth.
997 4185 1098 4238 xv,
1135 4169 1237 4240 14).
2120 4198 2125 4203 ι

542 4259 827 4333 Septimo,
852 4263 917 4314 ut
941 4257 1129 4314 sciant
1156 4261 1430 4330 tempora
1484 4256 1750 4328 legitima
1800 4256 1879 4313 ad
1926 4256 2118 4330 bapti-

462 4348 724 4406 zandum
753 4348 815 4404 in
842 4346 1122 4416 anno;id
1151 4350 1260 4416 est,
1317 4345 1571 4403 sabbato
1616 4350 1823 4402 sancto
1860 4347 2112 4415 Paschae,

459 4441 524 4496 ut
552 4437 654 4495 illa
681 4436 834 4494 trina
861 4435 1080 4492 mersio
1109 4435 1173 4491 in
1202 4433 1563 4507 baptismate
1602 4434 1862 4490 imitetur
1896 4434 2115 4492 tridua-

458 4544 603 4585 nam
631 4531 885 4584 mortem
932 4524 1167 4581 Domini
1225 4524 1612 4582 clariﬁcatam
1658 4525 2108 4581 resurrectione.

455 4618 526 4674 Et
550 4617 771 4674 idcirco
801 4630 992 4689 usque
1022 4613 1101 4670 ad
1131 4617 1409 4670 octavum
1439 4613 1598 4669 diem
1628 4612 1761 4684 ipsa
1791 4627 2109 4683 regenera-

454 4706 535 4763 tio
566 4712 773 4764 sancta
801 4705 879 4763 ab
907 4703 1073 4761 omni
1127 4701 1353 4775 populo
1404 4700 1734 4758 Christiano
1788 4699 2110 4758 celebrabi-

2225 3986 2397 4058 juxta
2427 3988 2725 4043 Nicaenum
2754 3987 3093 4055 concilium,
3122 3988 3237 4044 nisi
3276 4004 3378 4045 eas
3407 3993 3642 4045 tantum
3670 3987 3733 4043 in
3753 3988 3863 4061 qui

2226 4075 2342 4132 bus
2368 4075 2626 4149 suspicio
2655 4074 2820 4132 nulla
2849 4075 3025 4132 malae
3056 4076 3230 4133 famae
3257 4077 3478 4133 oboriri
3501 4078 3718 4151 potest.

2297 4166 2559 4235 Decimo,
2592 4170 2655 4221 ut
2706 4165 2987 4222 tabernas
3019 4182 3143 4222 non
3173 4166 3603 4238 ingrediantur,
3655 4181 3765 4221 nec
3797 4182 3890 4223 se-

2224 4253 2426 4311 dendo
2455 4254 2640 4325 domi,
2668 4270 2777 4311 nec
2804 4254 2869 4310 in
2901 4254 3106 4311 itinere
3154 4256 3451 4329 occupati.
3505 4254 3562 4312 Si
3608 4269 3751 4311 vero
3774 4269 3886 4312 net-

2223 4359 2392 4400 cesse
2415 4343 2641 4400 habent
2666 4342 2891 4399 ibidem
2912 4343 3141 4417 aliquid
3171 4343 3428 4407 emendi,
3464 4342 3680 4399 missos
3737 4358 3885 4400 suos

2220 4433 2500 4504 dirigant,
2533 4437 2589 4489 et
2628 4433 2829 4489 oblata
2859 4433 2922 4490 in
2953 4433 3134 4490 aliam
3161 4431 3416 4489 domum
3468 4432 3777 4489 conferant
3824 4434 3885 4489 et

2220 4538 2358 4580 cum
2379 4523 2705 4593 gratiarum
2737 4522 2968 4579 actione
2997 4522 3249 4579 ﬁdeliter
3274 4521 3626 4595 percipiant.

2291 4611 2706 4679 Undecimo,ut
2722 4611 2940 4684 placita
2959 4611 3268 4668 saecularia
3282 4626 3406 4667 non
3421 4610 3884 4680 observengnec

2213 4700 2597 4773 ﬁdejussores
2618 4701 2927 4772 exsistant,
2952 4717 3062 4758 nec
3079 4717 3260 4758 canes
3285 4700 3359 4758 ad
3378 4696 3884 4769 venandum,nec

453 4798 566 4851 tur.
584 4795 761 4851 Aliud
778 4811 921 4851 vero
952 4799 1188 4865 tempus
1211 4790 1588 4864 baptismatis
1619 4788 1873 4846 sabbato
1898 4794 2106 4849 sancto
2215 4790 2546 4863 accipitres,
2564 4806 2674 4846 nec
2695 4790 2980 4858 falcones,
3003 4807 3111 4847 nec
3128 4788 3532 4863 sparavarios,
3560 4802 3671 4843 nec
3694 4785 3883 4845 ullius

450 4882 828 4940 Pentecostes
871 4879 1301 4937 celebrandum
1353 4884 1460 4935 est.
1506 4879 1564 4936 Si
1592 4895 1735 4935 vero
1782 4880 2104 4937 necessitas
2209 4877 2338 4935 ludi
2359 4883 2463 4936 aut
2484 4880 2805 4953 spectaculi
2834 4879 3135 4936 licentiam
3156 4874 3680 4935 babeant.Suﬂicit
3707 4873 3879 4931 enim

450 4972 781 5043 contigerit,
805 4969 971 5028 omni
991 4973 1257 5043 tempore
1278 4968 1304 5008 ιι
1331 4969 1394 5024 in
1431 4968 1696 5042 periculo
1740 4968 2101 5027 subvenien~

518 5123 544 5151 ³
571 5114 672 5171 Ea:
690 5115 885 5171 corde.
922 5111 1045 5168 Hoc
1079 5113 1170 5168 est
1220 5112 1574 5182 memoriter,
1603 5110 1727 5184 Gal.
1744 5127 1866 5182 par
1909 5127 2094 5184 eceur,

444 5189 511 5266 ut
527 5190 690 5266 recte
719 5183 1259 5266 monetﬁcherius.
1289 5184 1494 5266 Statim
1511 5183 1790 5266 Voculam
1809 5186 1973 5266 omni
1992 5185 2096 5266 ad-
2131 5212 2176 5266 D

443 5257 708 5329 didimus
737 5273 809 5312 ex
841 5256 1044 5329 codice
1074 5253 1356 5329 quodam,
1375 5255 1793 5329 antiquissimo
1823 5257 2092 5329 __Sangal‘-

438 5328 612 5413 lensi,
644 5345 909 5403 quocum
956 5326 1219 5401 priorem
1266 5326 1588 5384 editionem
1639 5326 1888 5384 contulit
1917 5327 2090 5383 Baln-

438 5416 655 5553 ῗωιῗὶῃ
667 5543 677 5553 ⁸
686 5472 977 5542 periculo.
1012 5473 1145 5527 Haec
1173 5468 1518 5528 addidimus
1548 5486 1579 5527 e
1626 5468 1867 5526 duobus
1906 5467 2081 5525 codd.

438 5542 681 5672 δὀῦόὲιι
676 5586 1130 5672 uenerationem.
1165 5612 1337 5679 Quod
1394 5612 1565 5668 uncis
1594 5610 1821 5668 includi
1851 5572 2083 5666 curavi-

430 5703 590 5759 mus,
608 5703 683 5747 ex
705 5686 920 5746 iisdem
947 5684 1257 5745 codicibus
1294 5682 1652 5755 adjecimus.
1670 5687 1739 5740 In
1762 5697 1973 5740 eorum
2001 5680 2084 5741 al-

2211 4969 2295 5026 eis
2324 4969 2491 5044 quod
2517 4969 2580 5026 in
2613 4969 2809 5042 primo
2832 4968 3068 5042 psalmo
3088 4967 3304 5038 legitur
3335 4967 3447 5021 :In
3478 4964 3606 5034 lege
3633 4963 3885 5020 Domini

2208 5115 2334 5191 tero
2360 5112 2833 5191 obseruatio-nem
2861 5109 3095 5191 legitur.

2278 5183 2305 5217 ά
2333 5183 2384 5236 Α
2398 5183 2653 5250 palatio.
2692 5185 2770 5236 De
2794 5172 3035 5253 jejuniis
3064 5176 3361 5253 aqregibus
3413 5172 3874 5253 nostrisnindic-

2204 5253 2278 5310 tis
2309 5246 2544 5309 consuli
2575 5246 2829 5324 possunt
2852 5246 3217 5321 'Gregorius'
3238 5248 3619 5314 Turonensis,
3646 5246 3747 5302 lib.
3781 5260 3865 5317 ιχ,

2204 5340 2336 5370 mm-
2366 5329 2422 5370 24
2442 5366 2453 5370 ,
2485 5329 2543 5370 et.
2592 5324 2838 5370 Carnlng
2888 5325 3154 5370 Magnus-
3201 5320 3451 5370 enistola
3507 5319 3585 5370 ad
3634 5318 3865 5370 Fastra-

2204 5340 2337 5396 cap.
2366 5329 2454 5390 2t,
2485 5329 2543 5380 et
2575 5319 2838 5405 ‘Carolus
2888 5319 3154 5404 Magnus,
3201 5320 3455 5450 eiiistola
3492 5319 3585 5403 .ad
3634 5319 3869 5372 Fastra-

2201 5395 2367 5452 dam.
2410 5392 2584 5460 Quod
2634 5394 2851 5451 deinde
2900 5394 3115 5463 legitur
3142 5407 3180 5450 α
3247 5408 3378 5450 omo
3400 5396 3687 5463 Vitiosum
3729 5402 3866 5443 esse

2199 5466 2484 5540 Acherius
2510 5469 2666 5521 recte
2697 5468 2919 5536 monet,
2964 5460 3027 5540 et
3053 5464 3342 5540 legndum
3390 5477 3519 5517 esse
3551 5476 3589 5516 a
3618 5460 3859 5540 domno,

2199 5536 2306 5609 sed
2333 5536 2496 5592 idem
2521 5552 2643 5592 non
2672 5541 2827 5609 recte
2852 5529 3199 5609 eiplicat'a
3225 5537 3451 5609 domno
3501 5529 3857 5605 apostolico,

2197 5608 2321 5667 sive
2349 5624 2515 5682 papa
2539 5626 2552 5678 ;
2576 5608 2772 5666 verius
2798 5612 2903 5681 est,
2928 5605 2974 5667 ἓν.
2998 5606 3242 5682 proprio
3267 5605 3576 5679 episcopo.
