4160 6182
196 190 263 248 ιδ

1676 152 2137 243 Carmana.

3545 190 3613 247 ιιι

198 324 314 371 ene
337 324 540 369 eorum
570 309 968 377 voluntatem,
1001 317 1058 368 et
1077 314 1141 367 in
1165 310 1296 383 lege
1308 313 1436 381 ejus
1464 308 1747 366 meditari
1766 308 1860 364 die
1892 312 1943 363 Α
2044 311 2285 368 Decimo
2313 317 2547 382 octavo,
2592 314 2658 368 ut
2702 312 2902 368 nullus
2949 311 3258 369 ordinatus
3304 311 3428 369 sive
3477 310 3633 369 ordi-

198 418 268 459 ar
294 407 464 457 nocte
496 400 684 468 (Psal.
721 415 765 465 ι,
800 402 872 470 2).
906 402 969 454 Et
995 401 1161 472 quod
1190 402 1252 455 in
1287 399 1568 472 Apostolo
1596 396 1864 471 preecipi—
1970 400 2212 455 ualidus
2260 401 2473 472 migret
2520 402 2595 457 de
2642 416 2752 457 sua
2798 404 3083 475 parochia
3122 402 3199 459 ad
3249 402 3468 471 aliam;
3519 414 3631 459 nec

202 497 292 547 ter
318 509 331 547 :
362 492 553 546 Nemo
582 490 852 544 militans
882 491 1004 545 Deo
1030 491 1295 559 implicet
1323 505 1381 545 se
1412 489 1660 559 negotiis
1685 501 1869 543 saecu-
1972 488 2051 544 ad
2078 487 2288 545 limina
2317 491 2729 563 apostolorum
2779 504 2966 551 causa
3009 494 3312 564 orationis,
3367 491 3631 550 ecclesias

204 582 458 647 laribus,
482 584 548 635 ut
567 578 877 648 cipias-eat
894 581 995 635 cui
1017 594 1078 635 se
1095 581 1371 649 probavit
1402 579 1487 650 (Il
1524 580 1669 633 Tim.
1695 592 1755 644 ιι,
1787 577 1865 645 4).

280 669 658 737 Duodecimo,
692 672 759 724 ut
790 668 980 723 sciant
1008 670 1151 741 quia
1200 685 1380 725 nemo
1429 684 1535 741 per
1582 665 1869 739 pecunias

211 759 575 817 ordinandus
601 764 709 821 est,
745 773 860 814 nec
886 772 991 831 per
1034 774 1287 816 munera
1329 758 1652 817 Ecclesium
1691 754 1872 812 debet

213 863 515 921 occupare,
543 848 692 920 quia
714 848 768 903 si
803 847 1029 903 factum
1058 847 1248 915 fuerit,
1278 848 1335 903 et
1384 847 1511 919 ipse
1541 852 1597 902 et
1632 844 1872 901 ordina-

209 943 298 995 tor
332 938 459 1009 ejus
508 936 864 1011 deponendi
902 942 1085 993 sunt:
1142 937 1287 1009 quia
1344 935 1728 993 manifestum
1784 936 1874 989 est

207 1042 307 1082 eos
346 1026 449 1099 qui
475 1025 614 1082 talia
665 1030 865 1097 agunt
912 1026 1246 1081 simoniaca
1291 1024 1501 1081 haeresi
1534 1029 1868 1093 aegrotare;

211 1119 266 1172 et
316 1115 490 1172 talem
542 1121 665 1170 non
717 1123 833 1188 per
878 1115 1097 1169 ostium
1144 1114 1205 1169 in
1250 1113 1403 1169 ovile
1449 1113 1649 1169 ovium
1700 1112 1873 1183 juxta

216 1205 499 1274 Evangelii
526 1205 737 1271 verba,
778 1203 882 1258 sed
913 1203 1335 1259 ascendentem
1386 1201 1648 1269 aliunde,
1680 1200 1874 1255 furem

216 1307 342 1350 esse
366 1299 421 1349 et
443 1293 766 1349 latronem.
804 1295 869 1348 Et
911 1308 1033 1348 non
1081 1292 1278 1347 solum
1327 1292 1442 1364 ipsi
1491 1291 1597 1363 qui
1635 1291 1749 1345 hoc
1774 1287 1878 1344 ota-

217 1383 389 1447 ciunt,
420 1383 522 1439 sed
551 1388 610 1439 et
635 1382 753 1456 qui
802 1382 1184 1437 consentiunt
1211 1380 1585 1445 facientibus,
1636 1392 1877 1433 excom-

227 1472 548 1528 municandi
582 1477 751 1528 sunt.

297 1562 472 1616 Tertio
489 1562 752 1631 decimo,
786 1563 852 1615 ut
876 1558 1076 1615 nullus
1108 1562 1427 1629 vagantem
1458 1572 1531 1613 ex
1556 1556 1753 1613 aliena
1772 1568 1878 1628 pa-

1974 592 2097 632 suaa
2136 592 2283 634 cura
2326 579 2640 649 derelicta;
2690 597 2801 637 nec
2845 582 2924 638 ad
2969 582 3259 655 palatium
3315 597 3501 639 causa
3547 581 3635 638 in-

1976 666 2363 740 terpellandi;
2418 683 2527 724 nec
2586 685 2623 724 a
2670 671 3097 728 communione
3143 684 3494 744 suspensus,
3554 668 3634 729 ab

1976 755 2092 810 alio
2122 757 2613 813 communionem
2634 758 2982 831 recipiendi,
3011 760 3137 817 sine
3159 761 3552 832 permissione
3576 763 3636 818 et

1976 846 2348 917 praescientia
2373 846 2638 919 episcopi
2660 846 2771 903 sui.
2799 849 2972 914 Quod
3012 848 3060 904 si
3089 848 3308 918 fecerit,
3335 850 3481 906 nihil
3529 864 3635 907 va-

1976 934 2057 990 let
2084 934 2435 1006 hujusmodi
2477 936 2846 1005 communio,
2894 941 2999 994 aut
3040 938 3338 996 ordinatio
3385 944 3489 997 aut
3533 939 3637 997 de-

1978 1023 2274 1093 migratio.
2310 1027 2376 1082 Et
2401 1025 2515 1081 hoc
2540 1024 2822 1082 omnibus
2846 1025 3127 1083 ﬁdelibus
3156 1027 3640 1086 dcnuntiandum

1979 1116 2085 1177 est,
2136 1118 2202 1169 ut
2244 1114 2351 1187 qui
2397 1130 2582 1171 causa
2623 1116 2908 1172 orationis
2946 1114 3024 1172 ad
3070 1114 3282 1172 limina
3323 1115 3642 1175 beatorum

1979 1201 2394 1273 apostolorum
2425 1218 2670 1275 pergere
2718 1204 2987 1277 cupiunt,
3037 1203 3204 1259 domi
3248 1203 3644 1263 conﬁteantur

1982 1294 2228 1360 peccata
2260 1306 2390 1361 sua,
2418 1295 2476 1347 et
2519 1292 2601 1347 sic
2640 1292 3133 1365 proﬁciscantur:
3162 1293 3307 1366 quia
3340 1308 3375 1350 a
3396 1292 3642 1367 proprio

1983 1377 2270 1450 episcopo
2301 1384 2404 1434 aut
2430 1380 2738 1437 sacerdote
2766 1380 2995 1451 ligandi
3025 1386 3129 1439 aut
3173 1379 3446 1439 solvendi
3477 1384 3639 1453 sunt,

1981 1478 2106 1522 non
2136 1467 2214 1522 ab
2245 1473 2548 1525 extraneo.

2056 1558 2222 1612 Nono
2246 1557 2482 1615 decimo
2510 1534 2879 1629 (3mm.
2902 1559 3003 1618 lib.
3031 1577 3108 1630 ιιι,
3142 1560 3354 1633 c.198),
3383 1565 3449 1620 ut
3478 1552 3644 1619 aliud

238 1650 422 1706 rochia
463 1652 674 1707 audeat
702 1650 990 1722 recipere,
1032 1654 1135 1704 aut
1179 1665 1383 1703 secum
1434 1644 1875 1711 commorandi,
1914 1662 1956 1719 Β
1984 1645 2045 1699 in
2076 1645 2324 1702 ecclesia
2352 1663 2474 1704 non
2526 1648 2760 1719 legatur
2798 1654 2901 1706 aut
2937 1654 3226 1722 cantetur,
3266 1651 3379 1707 nisi
3394 1667 3467 1708 ea
3506 1664 3642 1724 qua

228 1745 325 1793 aut
342 1739 577 1796 missam
628 1737 1001 1803 celebrandi,
1032 1737 1148 1793 nisi
1179 1736 1571 1809 permissione
1620 1738 1828 1790 nostra
1861 1750 1875 1788 :

222 1839 323 1883 nec
352 1828 522 1884 ullius
556 1830 838 1886 Ecclesiae
877 1832 981 1882 aut
1008 1826 1201 1899 plebis
1248 1824 1658 1897 gubernacula
1697 1820 1880 1879 susci-

218 1917 428 1989 piendi,
475 1920 597 1975 nisi
622 1916 1029 1993 praeveniente
1075 1916 1437 1972 conscientia
1478 1918 1721 1981 nostra;
1775 1910 1880 1984 qui

218 2020 382 2063 secus
413 2004 647 2074 fecerit,
676 2005 1316 2063 excommunicabitur.

278 2097 505 2163 Quarto
548 2097 816 2162 decimo,
844 2100 909 2151 ut
954 2096 1014 2150 in
1063 2093 1328 2164 tuguriis,
1361 2092 1457 2149 vel
1507 2093 1570 2147 in
1613 2089 1880 2147 ecclesiis

214 2200 326 2241 non
370 2185 774 2251 consecratis,
804 2183 895 2240 vel
940 2184 1001 2237 in
1046 2182 1350 2248 domibus,
1391 2181 1505 2236 nisi
1550 2180 1698 2236 forte
1746 2178 1884 2234 visi-

213 2274 374 2330 tandi
402 2274 611 2344 gratia
640 2272 978 2328 inﬁrmitate
1007 2269 1279 2333 detentis,
1312 2269 1638 2324 missarum
1663 2271 1882 2339 mysta.

214 2364 293 2420 ria
325 2377 458 2419 non
494 2362 824 2418 celebrent.
850 2358 1025 2426 Quod
1052 2361 1102 2415 si
1126 2359 1386 2430 fecerint,
1417 2364 1661 2432 propter
1688 2357 1883 2414 inobe~

217 2453 505 2511 dientiam
538 2448 979 2521 degradandos
1008 2464 1072 2505 se
1104 2449 1309 2504 sciant.

283 2544 502 2606 Quinto
544 2540 809 2605 decimo,
841 2540 1008 2612 quod
1040 2539 1291 2605 decima,
1338 2554 1472 2609 quae
1520 2554 1555 2593 a
1602 2537 1881 2593 ﬁdelibus

225 2631 413 2701 datur,
445 2632 581 2686 Deia
609 2646 833 2686 census
863 2628 1277 2700 nuncupanda
1308 2630 1416 2697 est,
1448 2630 1503 2682 et
1531 2626 1666 2683 ideo
1694 2642 1768 2681 ex
1798 2627 1888 2682 in-

1985 1735 2349 1792 auctoritatis
2384 1735 2598 1793 divinis
2630 1743 2786 1807 sunt,
2818 1743 2876 1795 et
2896 1739 3140 1796 Patrum
3170 1739 3644 1797 orthodoxorum

1987 1824 2185 1879 sanxit
2211 1825 2549 1882 auctoritas.
2596 1830 2711 1883 Nec
2758 1827 2952 1883 falsa°
2999 1828 3247 1885 nomina
3290 1828 3644 1899 angelorum

1986 1911 2185 1968 colant
2214 1912 2321 1968 sed
2351 1928 2423 1969 ea
2448 1918 2681 1970 tantum
2705 1932 2841 1988 quae
2894 1916 3246 1989 prophetica
3292 1922 3350 1974 et
3393 1930 3647 1987 evange-

1986 2001 2100 2057 lica
2123 1999 2299 2056 docet
2326 2002 2638 2075 scriptura,
2670 2002 2730 2059 id
2768 2008 2876 2070 est,
2926 2005 3189 2076 Michael,
3239 2004 3491 2072 Gabriel,
3538 2007 3646 2063 Bai-

1986 2089 2184 2163 phael.
2220 2093 2331 2146 Nec
2376 2091 2615 2149 diversa
2664 2094 2926 2150 sentiant
2970 2095 3032 2151 in
3074 2094 3314 2166 judiciis
3359 2093 3648 2168 poenitem

1988 2178 2157 2247 tium,
2198 2190 2336 2234 cum
2370 2192 2527 2235 unus
2576 2182 2796 2250 minus,
2848 2182 2994 2238 alter
3039 2192 3183 2237 vero
3231 2185 3430 2253 majus
3481 2178 3651 2238 alteri

1988 2266 2317 2335 adulando,
2376 2270 2543 2325 alteri
2588 2270 2959 2327 detrahendo
3014 2269 3250 2344 placere
3305 2269 3490 2326 velit:
3541 2263 3649 2325 sed

1989 2357 2365 2414 considerata
2391 2358 2676 2431 qualitate
2705 2374 2977 2433 personae
2984 2358 3157 2432 juxta
3171 2358 3427 2416 modum
3455 2356 3648 2434 culpas

1990 2451 2204 2517 agatur
2227 2458 2481 2505 censura
2503 2449 2794 2506 vindictae.

2064 2537 2378 2605 Vicesimo,
2412 2537 2781 2595 admonendi
2805 2544 2944 2596 sunt
2966 2543 3032 2595 ut
3074 2537 3473 2613 perpendant,
3502 2537 3652 2614 quia

1989 2627 2288 2701 quidquid
2317 2644 2355 2684 a
2383 2627 2661 2684 ﬁdelibus
2680 2629 2878 2697 datur,
2904 2629 3236 2702 redemptio
3262 2634 3651 2703 peccatorum

230 2724 382 2791 tegro
425 2726 514 2776 est
555 2717 889 2775 reddenda.
924 2708 1107 2787 Cujus
1153 2716 1317 2771 tertia
1364 2731 1503 2788 pars
1548 2715 1887 2771 secundum
1992 2723 2113 2773 est:
2143 2723 2201 2774 et
2226 2717 2361 2774 ideo
2392 2734 2515 2773 non
2536 2718 2862 2789 glorientur
2897 2718 3119 2776 talibus
3161 2719 3503 2793 sumptibus
3539 2720 3648 2789 uti,

233 2825 515 2864 canonem
547 2808 903 2865 Tolotanum
949 2806 1151 2877 (Cone.
1186 2807 1368 2860 Talet.
1420 2804 1523 2875 ix),
1573 2805 1889 2878 episcopo-
1993 2804 2098 2863 sed
2123 2804 2319 2877 magis
2350 2811 2596 2865 timeant
2625 2808 2790 2881 quod
2818 2807 2895 2877 (in
2925 2808 3112 2865 Veteri
3153 2812 3531 2867 Testamento
3573 2809 3651 2866 de

235 2915 361 2953 rum
390 2898 564 2954 debet
587 2914 735 2954 esse.
767 2901 884 2953 Nos
914 2911 1058 2951 vero
1098 2896 1211 2950 hac
1250 2898 1543 2966 potestate
1586 2895 1670 2950 uti
1716 2893 1887 2950 nolu-

1994 2897 2401 2953 sacerdotibus
2447 2897 2674 2954 dictum
2712 2902 2835 2954 est:
2882 2899 3267 2970 Iniquitatem
3300 2899 3514 2970 pepuli
3557 2911 3652 2955 eos

242 2986 388 3054 mus,
406 2982 508 3043 sed
528 2986 755 3043 tantum
778 2988 1060 3060 quartam
1078 2980 1308 3075 partem
1326 2982 1351 3023 δ
1369 2983 1541 3075 juxta
1566 2978 1886 3040 constituta
1915 3019 1955 3075 Ε
1993 2982 2201 3045 debere
2220 2994 2490 3057 portare.
2527 2990 2592 3045 Et
2618 2987 2753 3045 ideo
2774 3005 2913 3045 cum
2944 3004 3170 3059 magno
3192 2988 3403 3045 timore
3425 2989 3443 3029 τ
3470 3003 3655 3061 super

246 3079 629 3133 Romanorum
654 3076 1029 3150 pontiﬁcum,
1077 3080 1132 3129 ct
1170 3074 1617 3129 observantiam
1666 3078 1885 3130 sancta:
1932 3074 1937 3075 7
1994 3094 2097 3134 eos
2130 3077 2360 3133 solliciti
2382 3078 2517 3146 sint,
2540 3094 2801 3150 quorum
2823 3078 2999 3134 donis
3027 3077 3481 3150 participantur,
3509 3077 3656 3148 quia

252 3165 508 3221 Ecclesia:
560 3168 857 3232 Romanis,
909 3164 983 3220 de
1036 3162 1248 3219 eadem
1307 3161 1530 3218 habere
1584 3161 1882 3218 volumus.

262 3252 427 3317 Quod
472 3253 523 3306 si
560 3254 692 3325 quis
739 3252 1133 3308 contentiosus
1179 3251 1318 3306 inde
1365 3255 1638 3322 repertus
1691 3250 1883 3321 fuerit,

268 3339 390 3394 sive
438 3339 697 3410 clericus,
746 3341 908 3395 sive°
952 3341 1130 3397 laicus
1174 3339 1271 3395 ille
1318 3340 1409 3407 sit,
1460 3339 1885 3396 communione

260 3428 591 3502 privabitur,
621 3435 675 3485 et
703 3430 971 3502 synodali
997 3442 1248 3486 censura
1278 3422 1727 3500 diiudicabitur.

325 3522 490 3577 Sexto
516 3520 763 3587 decimo,
800 3525 859 3576 ut
882 3521 1298 3593 unusquisque
1326 3519 1441 3574 hoc
1472 3517 1800 3590 provideat,
1824 3523 1889 3575 ut

250 3610 513 3667 mulieres
542 3611 617 3666 ad
645 3610 830 3666 altare
860 3627 982 3666 non
1014 3610 1323 3678 accedant,
1352 3624 1459 3663 nec
1489 3608 1635 3681 ipsae
1661 3608 1781 3664 Deo
1800 3608 1889 3664 di-

249 3706 386 3757 catae
422 3701 483 3756 in
522 3700 687 3756 nullo
730 3700 1058 3756 ministerio
1108 3698 1309 3754 altaris
1351 3696 1883 3753 intermisceantur.

250 3791 414 3859 Quod
442 3792 486 3847 si
516 3792 693 3865 pallae
722 3791 923 3848 altaris
951 3790 1225 3848 lavandae
1257 3793 1415 3859 sunt,
1447 3805 1482 3844 a
1508 3787 1732 3844 clericis
1757 3789 1891 3846 abs-

250 3883 563 3947 trahantur,
606 3888 660 3938 et
695 3882 771 3938 ad
822 3882 1120 3938 cancellos
1164 3879 1400 3937 feminis
1454 3877 1782 3949 tradantur,
1835 3885 1893 3937 et

241 3972 452 4028 ibidem
510 3976 875 4044 repetantur.
926 3971 1201 4028 Similiter
1251 3974 1307 4025 et
1350 3966 1703 4042 presbyteri,
1749 3985 1888 4025 cum

239 4061 429 4118 oblata
459 4060 541 4117 ab
595 4060 820 4117 eisdem
870 4060 1221 4117 mulieribus
1261 4058 1612 4122 offeruntur,
1662 4056 1885 4115 ibidem

239 4149 620 4222 accipiantur,
647 4153 705 4204 et
728 4148 808 4204 ad
839 4147 1024 4205 altare
1050 4148 1411 4205 deferantur.

301 4238 563 4311 Septimo
616 4238 873 4306 decimo,
933 4244 998 4295 ut
1050 4239 1166 4311 ipsi
1218 4239 1556 4297 sacerdotes
1602 4239 1789 4296 verbo
1835 4243 1892 4294 et

240 4325 507 4399 exemplo
528 4325 816 4381 omnibus
846 4324 1193 4399 prmdicent,
1220 4331 1287 4383 ut
1312 4327 1511 4384 nullas
1547 4338 1766 4384 usuras
1795 4341 1890 4382 ac-

238 4415 470 4489 cipiant,
489 4430 604 4470 nec
621 4414 919 4488 sescupla,
951 4431 1060 4471 nec
1085 4417 1346 4489 speciem
1362 4432 1472 4490 pro
1500 4416 1717 4491 specie.
1743 4414 1893 4482 Quia

239 4505 398 4562 valde
422 4504 691 4561 inﬁdelis
720 4510 779 4561 et
806 4504 1044 4562 rebellis
1082 4506 1182 4562 Dei
1223 4506 1602 4578 iussionibus
1654 4510 1743 4564 est
1788 4504 1895 4575 qui

241 4593 339 4651 hoc
357 4593 490 4666 agit
515 4610 528 4646 :
559 4593 729 4666 quod
749 4593 1034 4650 omnibus
1056 4594 1402 4652 Christianis
1420 4596 1446 4632 ά
1476 4604 1645 4669 aeque
1665 4594 1895 4651 dictum

244 4682 627 4754 dignoscitur,
698 4684 964 4740 maxime
1029 4688 1229 4741 tamen
1306 4684 1738 4757 sacerdotibus,
1790 4682 1896 4757 qui

249 4771 421 4831 forma
448 4777 509 4830 et
529 4773 878 4847 exemplum
909 4773 1048 4831 ﬁdei
1074 4774 1361 4832 omnibus
1387 4792 1520 4833 esse
1545 4773 1788 4833 debent.

310 4882 738 4955 fpeiricensus.
786 4880 879 4955 Sic
908 4880 1136 4955 laudati
1185 4883 1441 4952 codices,
1488 4888 1686 4940 recte:
1736 4881 1898 4955 prior

262 4948 437 5077 em
460 4953 573 5010 Dei
595 4967 804 5009 censa:
836 4953 901 5009 in
929 4953 1141 5011 eadem
1171 4960 1228 5012 et
1254 4956 1373 5012 Deo
1412 4948 1487 5013 ea:
1505 4948 1898 5026 integro‘red—

367 5066 586 5221 3.3;;
578 5096 927 5154 constituta.
961 5098 1216 5170 Uterque
1238 5096 1429 5155 codex
1440 5100 1496 5157 S.
1513 5098 1680 5171 Galli,
1692 5114 1899 5156 secun-

282 5243 335 5316 “ﬁ
354 5234 581 5292 Laicus
608 5239 727 5316 ille.
756 5239 922 5316 Prior
951 5238 1149 5316 editio,
1189 5242 1499 5316 diacon_us,
1526 5241 1710 5316 Aquod
1759 5256 1901 5316 cum

242 5310 524 5364 vitiosum
556 5311 999 5383 esset,icodice‘s
1030 5312 1183 5369 duos
1216 5329 1375 5383 saepe
1403 5310 1683 5371 laudatos
1715 5312 1901 5369 secuti

240 5392 465 5455 sumus.
492 5383 557 5436 In
583 5381 715 5455 fine
733 5382 1066 5454 legebatur,
1087 5381 1488 5455 judica'bitur.

238 5451 573 5581 (safe/Eque
601 5451 851 5512 dictum.
892 5451 1060 5511 Prior
1086 5451 1286 5527 editio,
1324 5472 1488 5531 aeque
1513 5456 1902 5514 interdictum

236 5599 287 5674 7f
313 5592 850 5674 Nominqcolgn't.
892 5596 959 5674 Ut
1010 5598 1369 5674 Adalbertus
1419 5599 1747 5674 episcopus
1779 5614 1900 5674 _an_.

1925 4380 1970 4435 D

1992 3183 2286 3238 magnum
2315 3167 2646 3238 periculum
2673 3171 2762 3221 est
2782 3165 3050 3235 judicem
3078 3166 3209 3219 ﬁeri
3254 3164 3389 3219 vitae
3420 3164 3651 3235 alienae,

1993 3257 2099 3329 qui
2128 3255 2317 3310 nescit
2346 3260 2544 3309 tenere
2567 3251 2983 3308 moderamina
3011 3251 3146 3307 vita;
3172 3266 3317 3308 suae.

2064 3336 2358 3400 Vicesimo
2387 3341 2603 3415 prium,
2629 3342 2695 3399 ut
2725 3340 2916 3397 sciant
2942 3345 2999 3398 et
3024 3339 3359 3411 intelligant
3406 3340 3553 3414 quid
3579 3342 3656 3400 sit

1987 3433 2199 3491 incesti
2230 3432 2475 3500 criman,
2506 3436 2562 3488 et
2586 3433 2700 3489 hoc
2719 3431 3137 3505 unusquisque
3164 3430 3351 3489 insua
3365 3432 3656 3505 parochia

1993 3522 2306 3595 provideat
2330 3538 2405 3578 ne
2434 3521 2557 3589 ﬁat,
2592 3526 2648 3577 et
2674 3521 2723 3576 si
2753 3520 2981 3577 factum
3008 3520 3201 3590 fuerit,
3233 3526 3532 3594 quantum
3563 3537 3656 3577 ce-

1993 3612 2229 3669 lerrime
2260 3611 2518 3685 potuerit
2541 3611 2891 3667 emendetur
2916 3628 2929 3679 ;
2958 3610 3022 3666 id
3047 3614 3154 3679 est,
3183 3615 3250 3666 ut
3288 3609 3491 3666 nullus
3538 3609 3657 3666 sibi

1996 3701 2254 3774 accipiat
2280 3701 2355 3757 de
2377 3699 2818 3773 propinquitate
2850 3713 3045 3772 usque
3069 3707 3096 3744 ε
3122 3697 3185 3754 in
3213 3699 3424 3771 quinto
3470 3713 3650 3769 genu.

1997 3790 2170 3857 Quod
2199 3790 2248 3845 si
2276 3790 2619 3860 ignoranter
2642 3787 2870 3844 factum
2894 3787 3085 3854 fuerit,
3115 3802 3240 3842 non
3264 3786 3433 3843 facile
3453 3787 3657 3844 creda-

1996 3885 2110 3948 tur,
2141 3879 2246 3935 sed
2270 3878 2497 3950 judicio
2528 3876 3046 3933 Deiexaminetur:
3080 3878 3280 3932 etnon
3303 3879 3657 3949 separentur

1996 3965 2058 4021 in
2086 3967 2302 4038 quarto
2320 3978 2498 4033 genu,
2530 3963 2556 3997 ιι
2588 3961 2695 4017 sed
2726 3960 2788 4016 in
2815 3959 3162 4032 poenitentia
3181 3960 3409 4017 cunctis
3440 3959 3657 4017 diebus

1998 4052 2436 4126 conjunctionis
2456 4068 2578 4107 suae
2601 4053 2998 4124 perseverent.
3022 4048 3298 4106 Similiter
3313 4054 3370 4106 et
3389 4049 3479 4106 vir
3498 4050 3654 4106 duas

1997 4160 2214 4201 uxores
2240 4142 2392 4199 inter
2417 4156 2479 4196 se
2501 4139 2681 4196 simili
2706 4139 2936 4196 ratione
2964 4139 3338 4211 conjunctas,
3371 4143 3477 4196 aut
3504 4154 3657 4195 uxor

1997 4235 2153 4291 duos
2175 4232 2333 4289 viros
2361 4231 2512 4287 inter
2537 4245 2599 4285 se
2637 4228 2851 4286 eodem
2895 4229 3079 4287 modo
3126 4229 3500 4300 conjunctos,
3551 4232 3657 4286 aut

2001 4326 2327 4397 compatcr,
2359 4324 2462 4379 aut
2489 4322 2837 4387 commater,
2877 4316 3096 4376 ﬁliolus
3137 4322 3241 4375 aut
3266 4316 3452 4375 ﬁliola
3488 4316 3658 4391 spiri-

2002 4412 2180 4472 tualis
2206 4412 2281 4469 de
2305 4411 2489 4479 fonte,
2525 4414 2627 4466 aut
2652 4408 2726 4465 de
2747 4407 3222 4477 conﬁrmatione,
3270 4412 3374 4464 aut
3419 4411 3539 4464 Deo
3569 4404 3658 4464 di-

2001 4507 2154 4574 cata,
2182 4505 2290 4558 aut
2313 4498 2554 4558 alterius
2575 4513 2726 4554 uxor
2755 4497 2990 4554 vivente
3015 4498 3253 4563 marito,
3282 4500 3388 4554 aut
3414 4494 3656 4553 alterius

2002 4592 2249 4649 maritus
2278 4590 2515 4647 vivente
2532 4600 2738 4645 uxore.
2768 4588 2870 4643 His
2897 4587 3117 4644 talibus
3144 4585 3312 4642 nulla
3344 4581 3574 4640 ratione
3593 4581 3659 4637 in

2001 4676 2452 4742 matrimonium
2494 4677 2721 4735 licitum
2749 4681 2838 4733 est
2865 4675 3168 4747 conjungi.
3204 4678 3268 4728 In
3292 4670 3489 4742 primo
3514 4680 3658 4727 vero

2003 4790 2164 4847 genu
2203 4768 2299 4829 vel
2327 4768 2593 4827 secundo
2624 4768 2673 4823 si
2701 4765 2921 4823 inventi
2969 4760 3186 4818 fuerint
3213 4758 3407 4816 scelus
3444 4774 3657 4835 perpe-

2005 4879 2248 4937 cuidam
2277 4892 2400 4931 suae
2432 4878 2662 4945 septem
2687 4866 3041 4941 angelorum
3067 4866 3318 4926 nomina
3341 4866 3547 4940 ignota
3571 4867 3661 4926 in-

2004 4951 2315 5102 sgf?ng
2343 5032 2455 5075 eos.
2506 5018 2547 5073 E
2588 5010 2831 5072 duobus
2876 5011 3185 5071 codicibus
3230 5015 3290 5071 S.
3337 5008 3483 5070 Galli
3529 5010 3660 5069 haec

2005 5092 2445 5236 δ’ἀέιῧιῃῗάἰηιρ
2474 5176 2649 5236 genu.
2682 5156 2931 5236 Laudati
2972 5156 3239 5236 codices,
3277 5155 3341 5211 in
3384 5155 3661 5236 quintum

2008 5252 2193 5311 genus
2226 5225 2331 5291 :‘et
2357 5225 2534 5311 infra,
2562 5233 2625 5311 ir}
2656 5233 2939 5311 quartum
2968 5244 3175 5311 gen‘us.
3207 5228 3285 5311 ‘In
3314 5225 3664 5311 consultet:-

2008 5298 2155 5367 mer.
2210 5298 2850 5390 anno.752'celebrato,
2881 5298 3129 5381 perinde
3165 5302 3345 5381 atque
3392 5298 3455 5353 in
3502 5298 3664 5369 Legi-

2008 5382 2124 5438 bus
2153 5349 2599 5441 itipuariorum,
2631 5376 2699 5428 ut
2727 5376 2813 5440 55,
2845 5375 2873 5441 §
2904 5376 2956 5435 3,
2989 5377 3046 5428 et
3070 5387 3132 5427 1n
3162 5369 3417 5441 Legibus
3434 5371 3666 5441 Longo—

2007 5382 2124 5438 bus
2153 5382 2599 5451 Ripuariorum,
2631 5382 2699 5428 ut
2727 5382 2813 5440 55,
2845 5382 2873 5441 ς
2904 5382 2956 5435 3,
2989 5382 3046 5428 et
3070 5387 3132 5427 1n
3162 5382 3417 5441 Legibus
3434 5382 3662 5441 Longo-

2007 5451 2360 5516 bardorum,
2383 5448 2467 5504 tit.
2506 5446 2589 5515 14,
2619 5443 2658 5500 l.
2696 5443 2745 5516 1,
2775 5444 3118 5516 geniculum
3141 5458 3252 5516 pro
3277 5442 3662 5514 generatione

2009 5527 2731 5662 usggﬁgzmcenitentia.
2762 5586 2974 5662 Totum
2996 5585 3112 5643 hoc
3135 5599 3327 5662 usque
3350 5580 3432 5643 ad
3458 5578 3663 5641 simili-

237 5667 298 5725 44
322 5668 390 5727 in
413 5667 679 5729 concilio
700 5664 1127 5729 Suessionensi
1146 5657 1491 5742 damnatus,
1510 5668 1617 5745 qui
1631 5657 1901 5733 'or'ationi
2013 5671 2106 5726 ter
2131 5666 2196 5724 in
2222 5657 2434 5723 neutro
2456 5661 2519 5720 Β.
2552 5657 2698 5719 Galli
2726 5657 2932 5720 codice
2957 5657 3263 5732 reperitur.
