4160 6182
551 195 615 248 45
1576 191 1893 251 AUDBADI
1934 172 2357 250 ssuouhusrs
2393 194 2918 252 CHOREPISCOPI.
3888 192 3954 247 ιο

545 320 733 374 trasse
780 315 1205 384 fornicationis,
1268 316 1629 374 matrimonii
1689 325 1715 352 α
1760 316 1900 388 jura
1954 315 2193 373 alterius
2219 316 2270 374 Δ
2374 318 2666 376 Vicesimo
2690 318 2879 380 tertio.
2908 313 3277 374 admonendi
3306 316 3448 370 sunt
3468 316 3534 370 ut
3579 313 3769 370 sciant
3810 313 3958 388 quia

546 408 741 465 sciant
768 423 831 475 se
861 407 1128 465 funditus
1177 407 1526 481 perdidisse.
1578 411 1639 461 In
1669 406 1838 462 tertio
1864 422 2006 462 vero
2036 421 2194 475 genu
2302 408 2564 465 ecclesiis
2587 409 2808 482 quibus
2833 409 3118 480 praesunt,
3147 403 3357 477 sponsi
3384 403 3523 460 facti
3544 408 3716 459 sunt:
3745 404 3954 460 etideo

543 497 593 553 si
616 498 845 554 inventi
870 497 1088 555 fuerint
1116 498 1214 554 tali
1239 496 1482 552 crimine
1512 495 1772 569 pollutos
1812 512 1960 563 esse,
2011 496 2194 566 digna
2300 498 2465 553 omni
2494 497 2802 568 vigilantia
2829 494 3083 568 qualiter
3107 510 3212 550 eas
3242 491 3547 561 decorent,
3578 496 3635 547 et
3647 491 3955 548 incessan-

539 587 892 658 pcenitentia
941 603 1043 642 eos
1078 585 1501 657 subsequatur,
1526 591 1582 639 et
1603 589 1801 640 tamen
1827 584 2191 640 matrimonii

533 674 673 745 jura
701 677 804 743 eis,
835 691 956 732 non
985 673 1266 752 vicissim,
1297 673 1403 729 sed
1429 673 1508 729 ad
1536 673 1684 729 alios
1723 690 1846 729 non
1877 679 2185 744 negentur.

540 764 647 821 Ubi
673 781 811 821 vero
837 763 1136 835 mancipia
1175 778 1298 818 non
1328 763 1505 818 unius
1537 764 1642 819 sed
1692 763 1941 819 diversa;
1992 767 2187 831 potes-

536 854 671 909 tatis
693 853 898 923 juncta
939 851 1170 913 t'uerint,
1206 851 1320 907 nisi
1349 852 1854 908 consentientibus
1879 851 2186 924 utriusque

532 940 809 1006 dominis,
838 938 1498 1013 hujusmodicopulatio
1520 945 1648 996 rata
1677 957 1799 996 non
1820 939 1987 996 erit.h
2008 939 2185 1006 Quid-

528 1028 674 1101 quid
698 1044 840 1084 vero
870 1028 1230 1099 negligendo
1262 1029 1529 1096 sentitur,
1559 1034 1615 1085 et
1657 1029 1870 1085 virtute
1916 1044 2039 1101 qua
2082 1044 2187 1098 po-

524 1117 700 1173 tuerit
722 1134 845 1175 non
876 1119 1259 1187 emendetur;
1304 1135 1448 1174 nam
1486 1119 1666 1189 hujus
1716 1118 1945 1190 c0pulae
1975 1122 2183 1174 auctor

524 1206 652 1277 erit,
703 1208 806 1279 qui
848 1207 987 1263 huic
1035 1207 1393 1278 negligeudo
1442 1207 1755 1263 consentit.
1812 1207 1990 1263 Plura
2042 1210 2182 1264 sunt

524 1311 661 1368 quae
719 1296 799 1351 ad
838 1296 1047 1352 incesti
1086 1297 1311 1352 crimen
1364 1297 1542 1353 scribi
1594 1300 1889 1369 poterant,
1922 1296 2073 1352 sicut
2116 1296 2179 1352 in

523 1389 735 1454 matre,
786 1390 843 1441 et
888 1385 1028 1453 ﬁlia,
1077 1401 1337 1441 noverca
1389 1394 1445 1441 et
1490 1402 1640 1458 pone
1690 1385 2008 1441 innumera
2045 1402 2178 1458 quae

522 1476 707 1531 menti
739 1475 817 1530 ad
844 1475 1230 1531 scribendum
1260 1492 1383 1532 non
1422 1480 1778 1532 occurrunt:
1827 1474 2179 1546 hujusmodi

521 1568 745 1635 tamen,
779 1568 835 1620 et
861 1564 953 1619 his
982 1564 1274 1619 similibus
1295 1566 1588 1637 personis,
1628 1564 1847 1638 copula
1889 1565 2177 1621 maritalis

520 1652 586 1709 in
617 1652 1046 1727 sempiternum
1077 1653 1462 1710 subtrahitur.

592 1743 885 1799 Vicesimo
914 1743 1200 1814 secundo,
1224 1742 1595 1799 admonendi
1616 1747 1758 1798 sunt
1776 1748 1840 1800 ut
1870 1743 2061 1800 sciant
2077 1759 2178 1815 po-

518 1831 674 1904 pulis
699 1831 1048 1887 denuntiare
1078 1846 1214 1903 quae
1241 1831 1357 1886 sint
1381 1846 1563 1902 opera
1592 1831 2014 1887 misericordiae
2036 1848 2175 1887 cum

517 1920 809 1976 fructibus
841 1920 983 1988 suis,
1024 1936 1161 1993 quae
1204 1919 1552 1990 evangelica
1599 1925 1654 1975 et
1700 1919 2028 1993 apostolica
2065 1936 2174 1993 pa-

518 2009 658 2081 gina
686 2009 1116 2081 complectitur,
1167 2009 1390 2082 quibus
1432 2010 1775 2082 pervenitur
1825 2010 1904 2065 ad
1952 2011 2170 2067 vitam:

515 2115 726 2172 quaeve
757 2114 942 2170 opera
968 2098 1296 2170 iniquitatis
1326 2115 1465 2153 cum
1496 2099 1785 2154 fructibus
1815 2099 1935 2153 suis
1980 2100 2174 2156 multi-

514 2187 793 2261 plicibus,
820 2187 1041 2261 quibus
1069 2186 1217 2243 calle
1246 2187 1480 2243 sinistro
1501 2188 1578 2243 ad
1595 2193 1883 2243 aeternum
1916 2190 2174 2246 tenditur

513 2275 839 2332 interitum.
866 2280 929 2332 Et
954 2280 1018 2332 ut
1041 2275 1285 2349 perjurii
1324 2276 1544 2332 crimen
1589 2277 1754 2332 omni
1794 2278 1977 2334 modo
2015 2278 2171 2335 devi-

514 2368 674 2419 tent:
708 2365 852 2436 quia
893 2380 1016 2420 non
1062 2363 1257 2419 solum
1299 2364 1362 2419 in
1410 2365 1729 2433 Evangelio
1772 2365 1865 2421 vel
1912 2366 2170 2438 reliquiis

432 2489 445 2494 -
517 2454 865 2506 sanctorum
914 2451 1140 2509 crimen
1184 2451 1449 2522 perjurii,
1491 2452 1595 2506 sed
1637 2452 1698 2506 in
1748 2453 1989 2509 veritate
2036 2471 2168 2526 quae

515 2537 670 2593 Deus
698 2541 790 2593 est
810 2538 882 2609 (si
913 2537 1215 2606 mentitur)
1244 2541 1587 2610 perpetrare
1614 2538 2006 2609 dignoscitur.

586 2663 796 2738 ξιιωοςῑΔ
814 2663 1088 2738 alterius.
1113 2662 1205 2738 Sic
1228 2661 1458 2738 laudati
1478 2663 1732 2734 codices,
1749 2665 1964 2720 rectius
1981 2682 2167 2738 quam

512 2734 678 2808 prior
706 2734 904 2808 editio,
926 2736 1080 2808 jura
1107 2735 1383 2790 ulterius.

583 2824 613 2864 ιι
639 2805 940 2878 Quidquid
961 2821 1117 2862 vero.
1147 2809 1368 2861 Locum
1389 2805 1549 2861 hunc
1578 2806 1662 2862 ita
1681 2807 1963 2865 emendat
1985 2810 2168 2866 Ache-

2298 590 2386 642 ter
2408 586 2766 657 deserviant,
2795 585 2971 642 totius
2995 583 3132 640 vitae.
3158 598 3283 638 suae
3310 580 3685 652 vigilantiam
3725 582 3955 655 impen-

2295 674 2461 732 dant.

2365 764 2654 821 Vicesimo
2692 768 2930 837 quarto,
2975 766 3040 818 ut
3084 762 3264 817 horas
3302 758 3647 830 canonicas,
3692 764 3817 815 tam
3850 776 3952 817 no-

2293 857 2535 910 cturnas
2562 869 2751 926 quam
2791 851 3058 918 diurnas,
3099 848 3440 906 nullatenus
3476 848 3945 922 praetermittam.

2293 942 2444 1009 Quia
2498 943 2653 1000 sicut
2706 944 2976 997 Romana
3029 938 3288 995 Ecclesia
3346 937 3569 1011 psallit,
3625 937 3709 994 ita
3750 938 3944 994 omni-

2287 1032 2404 1088 bus
2451 1033 2726 1104 ejusdem
2774 1029 3063 1104 propositi
3105 1028 3263 1085 viam
3307 1027 3687 1084 tendentibus
3732 1027 3945 1085 facien-

2288 1121 2437 1178 dum
2496 1125 2605 1178 est.
2655 1124 2721 1176 Et
2769 1136 2892 1185 non
2947 1118 3144 1174 solum
3193 1116 3339 1173 Novi
3392 1117 3749 1174 Testamenti
3806 1124 3945 1174 sunt

2287 1211 2651 1267 documenta
2671 1209 2884 1265 eadem
2904 1206 3228 1264 formulam
3253 1206 3611 1263 observandi
3633 1206 3740 1262 sed
3764 1207 3942 1264 etiam

2290 1300 2504 1356 Veteris
2557 1297 2913 1355 Testamenti
2970 1299 3129 1370 patet
3193 1296 3343 1351 ratio
3382 1312 3395 1351 :
3453 1294 3597 1368 quia
3653 1297 3943 1368 PrOpheta

2288 1390 2508 1462 Spiritu
2558 1392 2765 1444 sancto
2802 1386 3117 1442 instinctus
3160 1383 3425 1457 profert:
3470 1384 3696 1454 Septies
3738 1386 3801 1441 in
3848 1386 3943 1442 die

2289 1478 2526 1535 laudem
2582 1477 2714 1533 dixi
2778 1475 2887 1531 tibi
2938 1474 3126 1545 (Psal.
3187 1489 3373 1539 cxvui,
3432 1472 3570 1544 164).
3633 1475 3699 1528 Et
3745 1491 3759 1528 :
3821 1474 3940 1531 Me-

2285 1567 2389 1623 dia
2428 1570 2599 1622 nocte
2642 1563 2959 1635 surgebam
3012 1562 3093 1619 ad
3145 1561 3545 1632 conﬁtendum
3592 1562 3704 1617 tibi
3739 1562 3933 1631 (Ibid,

2206 1676 2248 1731 Β
2286 1670 2436 1712 vers.
2468 1654 2580 1727 62).

2352 1743 2643 1799 Vicesimo
2680 1742 2910 1816 quinto,
2957 1745 3022 1797 ut
3062 1739 3340 1814 plebibus
3380 1739 3733 1796 denuntient
3771 1740 3936 1814 quod

2282 1831 2437 1889 ﬁlios
2465 1836 2522 1889 et
2546 1831 2700 1887 ﬁlias
2727 1830 3059 1904 spirituales
3087 1845 3241 1902 quos
3269 1828 3330 1884 in
3362 1827 3720 1902 baptismate
3749 1831 3932 1885 susci-

2281 1922 2473 1995 piunt,
2503 1921 2588 1978 eis
2616 1921 3001 1992 ﬁdejussores
3026 1922 3084 1975 et
3108 1933 3428 1991 sponsores
3457 1916 3596 1974 ﬁdei
3624 1918 3929 1986 exsistunt,

2280 2016 2338 2068 et
2384 2028 2493 2085 pro
2552 2011 2635 2066 eis
2675 2009 2939 2076 diabolo,
2985 2008 3081 2064 cui
3126 2012 3263 2063 ante
3327 2007 3650 2078 mancipati
3701 2006 3935 2064 fuerant

2281 2099 2705 2157 abrenuntiant
2735 2116 2748 2154 :
2791 2104 2849 2155 et
2884 2098 3019 2154 ideo
3053 2112 3243 2170 usque
3274 2112 3413 2152 cum
3460 2096 3644 2153 adulti
3692 2096 3930 2165 fuerint,

2279 2194 2337 2247 et
2361 2190 2446 2246 eis
2471 2188 2611 2244 ﬁdei
2640 2204 2763 2245 suae
2793 2186 3186 2261 sponsionem
3206 2190 3263 2242 et
3284 2184 3806 2242 abrenuntiationis
3832 2201 3931 2241 ex-

2276 2278 2588 2352 posuerint
2666 2283 2722 2334 et
2786 2275 3170 2343 reddiderint,
3244 2275 3307 2330 in
3377 2291 3488 2331 sua
3558 2274 3928 2348 providentia

2276 2369 2557 2426 habeant.
2583 2371 2647 2424 Et
2675 2367 2842 2441 quod
2866 2367 2948 2423 illi
2972 2382 3083 2440 pro
3110 2366 3194 2422 eis
3238 2365 3705 2438 spoponderant,
3737 2364 3818 2421 ab
3844 2365 3928 2421 eis

2276 2454 2490 2511 eadem
2519 2471 2808 2528 responsa
2834 2472 2908 2512 ex
2935 2455 3166 2525 integro
3195 2453 3453 2524 exigant.

2274 2668 2397 2796 rius
2427 2687 2463 2796 τι
2492 2668 2793 2797 Quidquid
2851 2685 2988 2727 vero
3029 2669 3400 2740 negligenter
3450 2669 3822 2725 consentitur
3872 2675 3928 2726 et

2275 2756 2371 2797 vir
2398 2757 2438 2797 u
2467 2755 2517 2797 e.
2549 2757 2580 2797 e
2607 2757 2657 2797 c.

2275 2755 2517 2811 virtute,
2549 2755 2657 2801 etc.

514 2980 3914 3019 Μ

1829 3142 2001 3189 ANNO
2046 3143 2276 3190 DOMINI
2322 3143 2580 3190 DCCCLIV
2590 3174 2603 3187 .

1390 3272 3040 3536 AUDRADUS

1692 3651 2109 3709 sENONENSlS
2148 3652 2739 3712 CHOREPISCOPUS.
2782 3729 2789 3733 θ

2019 3786 2418 3798 vom

1171 3908 1608 3995 ΝΟΤΙΤΙΑ
1705 3909 2289 3995 HIS'IURICA
2392 3909 2504 3997 IN

2600 3909 3248 3997 AUDRADUM.

1678 4068 1992 4142 (Galland.,
2024 4068 2169 4127 Bibl.
2200 4072 2377 4143 Patr.,
2404 4075 2551 4129 tom.
2581 4074 2739 4140 XIII).

570 4313 653 4368 Ex
677 4309 981 4366 sacerdote
1007 4310 1470 4383 chorepiscopus
1503 4308 1859 4366 Senonensis
1885 4308 1997 4383 fuit
2031 4315 2148 4383 Au-
2181 4323 2220 4380 ρ
2261 4311 2278 4380 (

494 4382 721 4439 dradus
744 4385 945 4453 noster
968 4381 1043 4437 ad
1075 4380 1529 4453 ann‘umusque
1558 4384 1682 4447 849,
1714 4397 1837 4453 quo
1880 4380 1941 4436 in
1992 4381 2148 4436 Pari-

493 4453 673 4534 s_iensi
710 4452 1231 4534 _concilio__omnesl
1265 4452 1673 4534 chgi'epz'scopi
1713 4452 1817 4523 qui
1855 4457 2029 4534 erant
2084 4454 2147 4509 in

490 4527 755 4583 Francia
786 4525 1036 4593 depositi
1062 4530 1201 4580 sunt
1217 4526 1320 4594 (α).
1340 4522 1582 4596 Scripsit
1608 4522 1829 4596 librum
1853 4525 1942 4580 De
1962 4524 2146 4596 Reveg

495 4598 838 4676 iatipnibus,
867 4610 1032 4676 anno
1061 4600 1184 4665 853,
1227 4596 1411 4676 [cujus
1454 4594 1731 4676 encerpta
1772 4594 1936 4676 legas
1982 4594 2147 4676 apud

488 4669 809 4725 Andraeam
848 4666 931 4722 du
962 4667 1188 4721 Chesne
1220 4665 1321 4737 (ὁ).
1351 4671 1413 4722 ln
1456 4665 1548 4720 his
1592 4665 1960 4737 memoratur
1996 4665 2147 4722 liber

488 4741 576 4796 De
603 4743 789 4796 Fonte
819 4740 971 4803 vitae,
1012 4736 1372 4793 hexametris
1416 4737 1717 4808 scriptust
1741 4736 1820 4808 ad
1872 4737 2145 4793 Hincma—

487 4826 623 4866 rum
663 4811 1080 4873 Rhemensem,
1132 4825 1314 4881 quem
1367 4807 1600 4882 primus
1649 4807 1835 4864 edidit
1874 4807 2145 4865 Oudinus

555 4934 638 5078 Ea)
670 4936 893 5007 Lupus,
923 4950 1017 5007 ep.
1045 4938 1133 5002 40,
1164 4950 1303 4991 eum
1333 4935 1686 5005 magistrum
1724 4950 1897 4992 suum
1942 4938 2137 4992 vocat.

581 5006 637 5075 ὁ)
668 5005 1016 5078 Βειιτοῑιηλειά
1044 5021 1142 5062 an.
1172 5010 1295 5075 838,
1327 5021 1496 5062 num.
1528 5008 1581 5062 6.

581 5006 637 5075 ὁ)
668 5005 1016 5079 Βειιῖοῑιζλθζά
1044 5021 1142 5062 an.
1172 5010 1295 5075 838,
1327 5021 1496 5062 num.
1528 5008 1581 5062 6.

2281 4318 2332 4368 ο)
2364 4326 2438 4367 ex
2466 4327 2579 4366 ms.
2631 4308 2887 4365 abbatiae
2932 4308 3345 4378 Floreﬂlensis,
3393 4308 3549 4381 inter
3589 4308 3917 4381 Scriptores

2258 4381 2457 4453 Gallias
2501 4386 2555 4438 et
2604 4380 2810 4453 Belgii.
2852 4381 3075 4437 Erravit
3122 4386 3323 4436 tamen
3372 4380 3460 4453 vir
3517 4380 3734 4436 doctus
3791 4384 3915 4453 toto

2256 4452 2428 4525 coelo,
2459 4453 2607 4510 dum
2635 4451 2901 4525 libellum
2932 4453 3092 4525 hunc
3128 4453 3369 4525 ipsimet
3397 4451 3719 4525 Hincmaro
3748 4451 3914 4506 attri-

2253 4523 2574 4595 buit,'cum
2603 4523 2955 4579 Audradum
2984 4523 3030 4578 si
3079 4539 3111 4579 e
3150 4523 3557 4595 controversia
3598 4527 3915 4595 parentem

2255 4593 2560 4665 agnOscat.
2607 4598 2691 4651 Ex
2718 4611 2788 4650 eo
2818 4611 2930 4651 nos
2973 4595 3138 4650 illum
3169 4594 3542 4650 exhibemus.
3576 4593 3701 4665 Fuit
3728 4608 3915 4665 porro

2252 4663 2570 4723 Audradus
2599 4671 2998 4736 cognomento
3026 4666 3313 4731 modicus,
3340 4663 3663 4720 Burchardi
3693 4663 3917 4722 carno-

2253 4738 2437 4820 tensis
2463 4738 2726 4820 episcOpi
2756 4737 3259 4820 consanguineus,
3291 4736 3672 4809 interfuitque
3710 4736 3914 4791 conci-

2250 4807 2331 4865 lio
2363 4807 2689 4866 Sendnensi
2718 4824 2880 4865 anno
2908 4812 3010 4865 853
3043 4809 3147 4880 (d).

2344 4933 2392 4990 ι’)
2424 4937 2552 4989 Ann
2561 4932 2636 4988 al.
2669 4932 2944 4989 Fuldens.

2344 4949 2375 4990 c
2424 4932 2636 4989 Annal.
2669 4932 2944 4989 Fuldens.

2320 4932 2404 5078 in?)
2432 5003 2715 5077 Sigebert,
2743 5020 2876 5079 cap.
2905 5007 2974 5063 94
3002 5002 3077 5059 de
3106 5004 3163 5062 S.
3194 5005 3267 5060 E.

1160 5261 1687 5351 EPISTULA
1745 5261 2243 5349 AUDRADI
2304 5262 2448 5348 AD
2508 5261 3213 5351 HINCMABUM.

475 5556 696 5616 Nobilis
724 5556 945 5629 ingenii
973 5557 1265 5628 linguam,
1294 5557 1552 5615 facunde
1582 5559 1781 5630 poeta,

476 5647 716 5705 C(nlitus
748 5664 880 5727 esse
906 5648 1011 5706 tibi
1037 5647 1197 5706 dulci
1224 5646 1636 5706 modulamine
1661 5645 1902 5721 pandis,

2235 5559 2391 5615 Dum
2417 5559 2682 5631 ﬂagrans
2715 5560 2941 5631 animo,
2973 5558 3256 5616 virtutum
3284 5569 3520 5629 pascua
3546 5553 3789 5626 lustras,

2237 5646 2393 5705 Dum
2421 5648 2683 5707 salientis
2712 5663 2887 5723 aquae
2910 5648 3219 5724 perfundis
3241 5644 3476 5703 lumina
3502 5660 3659 5716 rore,
