4180 6186
201 260 262 312 l7

195 379 360 435 Ocius
379 374 521 432 hinc
540 372 710 428 lectae
740 371 890 428 lauri
913 367 1184 424 succedis
1213 371 1270 424 et
1289 367 1520 423 umbrae

190 466 459 524 Pallentis
485 463 747 532 hederae,
774 476 1010 517 necnon
1032 463 1089 515 et
1117 458 1359 530 pinguis
1391 457 1558 513 olivae
1589 472 1603 512 :

191 559 347 614 Dans
364 555 519 611 miro
541 568 759 608 nexam
791 550 972 623 capiti
997 549 1070 604 de
1101 547 1263 603 fonte
1293 563 1600 602 coronam.

191 647 462 719 Denique
481 659 627 717 quos
651 640 889 697 dudum
921 639 1182 694 sitientes
1210 637 1292 693 ire
1326 653 1430 710 per
1455 653 1635 706 agros

191 735 493 792 Cernebas
517 731 791 800 miseros,
815 727 1014 784 studio
1035 726 1282 782 ﬂorente
1314 726 1630 796 monebas,

194 829 266 882 Ut
296 823 490 894 (fontis
517 821 678 886 vitae)
709 818 1042 875 clarissima
1072 832 1311 872 cernere
1341 816 1564 888 templa

191 917 362 980 Irent,
392 917 448 966 et
471 911 622 966 votis
653 913 918 982 peterent
940 908 1052 963 sibi
1079 907 1242 962 dona
1272 907 1495 962 salutis.

182 1006 266 1059 Me
277 1017 525 1073 quoque
531 999 703 1070 jamd
712 1000 785 1054 Ut‘
796 1015 896 1054 um
915 998 1166 1053 charum
1180 1012 1363 1068 quem
1376 995 1544 1051 ducis
1557 993 1843 1064 amicum,

180 1091 426 1148 Talibus
445 1089 797 1145 Audradum
825 1087 1016 1156 dictis,
1045 1086 1380 1155 Hincmare,
1425 1084 1722 1140 monebas
1757 1102 1769 1139 :

182 1184 252 1237 Ut
271 1181 442 1236 vivas
471 1179 631 1244 felix,
663 1178 900 1234 monitis
929 1192 1090 1232 nunc
1120 1179 1286 1231 utere
1309 1175 1547 1241 nostris,

179 1273 415 1341 Rumpe
448 1283 672 1329 moras,
703 1282 882 1322 cursu
902 1280 1236 1339 properans
1256 1280 1378 1337 quo
1393 1263 1619 1320 moenia
1629 1262 1839 1318 cernis.

178 1360 335 1414 Fons
365 1357 448 1413 ibi
475 1356 551 1413 de
576 1355 778 1412 medio
805 1355 962 1410 sedis
990 1353 1330 1410 diverberat
1357 1369 1557 1424 auras,

179 1451 244 1502 Et
271 1447 419 1503 mihi
451 1445 704 1515 largitur
727 1445 894 1500 vivos
923 1443 1161 1500 haurire
1189 1459 1458 1515 sapores,

176 1541 369 1609 Atque
395 1535 501 1592 tibi
536 1535 751 1591 faciam
776 1533 1122 1607 praecedens
1149 1533 1359 1588 limina
1379 1531 1586 1605 pandi.

477 1670 672 1725 Ficlio
689 1669 927 1739 poetica
958 1667 1239 1724 Audradi
1262 1667 1537 1736 episcopi.

175 1802 471 1859 Credulus
490 1803 587 1858 his
613 1801 894 1874 equidem
924 1801 1095 1857 dictis
1128 1800 1375 1856 festinus
1404 1799 1601 1856 amici.

175 1893 500 1966 Explorare
530 1892 754 1955 locum,
791 1907 1038 1948 cernens
1077 1889 1184 1946 sed
1208 1889 1474 1945 culmina
1500 1888 1660 1944 veni.

173 1981 305 2036 Sive
335 1980 491 2036 ﬁdes
514 1981 717 2036 horret
747 1979 929 2047 dictu,
963 1995 1067 2035 seu
1093 1977 1252 2034 fictio
1291 1977 1485 2033 fratris

175 2071 368 2124 Fama
393 2085 535 2124 mox
563 2067 721 2124 facili
754 2072 962 2124 sancto
987 2083 1083 2122 me
1117 2065 1333 2122 clausit
1362 2065 1439 2122 ab
1471 2064 1670 2121 imbri.

173 2160 388 2214 Vertex
418 2173 558 2212 cum
590 2157 788 2213 subito
819 2160 990 2230 paret
1008 2155 1082 2212 de
1109 2156 1378 2226 margine
1409 2155 1552 2210 bino

173 2248 496 2303 Sacrarum
515 2247 679 2304 tereti
707 2246 935 2302 fontem
961 2245 1334 2302 circumdare
1384 2261 1549 2314 saxo,

179 2335 242 2390 Si
270 2334 420 2390 foret
447 2350 738 2402 emensus,
774 2338 1005 2406 septem
1036 2333 1128 2388 bis
1153 2333 1425 2388 redderet
1466 2333 1638 2390 ulnas

181 2423 453 2480 Candida
481 2423 705 2496 septeni
736 2423 966 2496 species
996 2422 1260 2492 fulgebat
1285 2423 1345 2478 in
1375 2422 1551 2478 ulnis.

179 2514 259 2568 Ac
291 2511 537 2568 totidem
565 2513 782 2569 mixtas
811 2511 1046 2568 nebulis
1073 2511 1409 2567 obduxerat
1447 2514 1656 2567 Eurus.

182 2600 297 2656 Illic
327 2600 478 2656 dum
505 2600 724 2658 frustra
751 2601 787 2656 d
798 2600 1047 2674 uodenis
1073 2605 1290 2656 atteror
1315 2599 1499 2662 horis,

179 2692 380 2762 Tuque
409 2689 577 2746 domi
596 2690 847 2763 placidis
877 2690 1101 2745 celares
1137 2694 1404 2761 tempora
1434 2689 1638 2758 ramis,

181 2781 455 2834 Incusare
476 2778 660 2834 ﬁdem
691 2778 846 2850 ccepi
882 2777 1111 2834 fallacis
1135 2777 1329 2846 amici,

178 2869 288 2923 Nec
317 2866 538 2923 desunt
563 2867 870 2940 lacrymaa,
899 2883 1005 2923 cur
1029 2872 1083 2922 te
1114 2865 1451 2938 praecedere
1484 2866 1614 2922 sivi.

179 2954 454 3011 Occiduis
492 2972 736 3028 quoque
763 2956 1089 3026 surgebant
1111 2955 1242 3026 jam
1268 2955 1542 3027 partibus
1576 2955 1832 3024 umbras,

180 3045 393 3118 Vesper
419 3049 480 3100 et
517 3046 830 3118 Hesperias
861 3045 1117 3101 ornabat
1145 3045 1426 3116 lampade
1456 3049 1663 3102 terras.

181 3136 325 3190 Cum
360 3135 505 3190 fletu
531 3135 720 3191 victos
751 3135 953 3191 oculos
985 3151 1091 3207 per
1120 3135 1342 3190 mcenia
1375 3135 1567 3204 volvo,

175 3222 444 3280 Vocibus
470 3225 562 3279 his
586 3225 927 3289 Dominum,
945 3225 1094 3280 votis
1109 3225 1444 3295 iterumque
1472 3240 1792 3296 reposcens
1817 3243 1830 3281 :

175 3314 216 3368 O
243 3313 609 3384 quicunque
636 3313 754 3368 loci
784 3318 980 3368 custos
1008 3319 1319 3379 rectorque
1343 3313 1583 3384 videris,

172 3402 213 3457 Ο
244 3401 513 3471 dignare
561 3400 716 3455 sitim
747 3401 962 3456 misero
987 3403 1348 3471 restinguere
1371 3406 1600 3458 tantam
1626 3402 1638 3458 !

172 3490 306 3544 Mox
333 3489 409 3544 de
436 3489 580 3545 sede
608 3505 778 3545 sacra
809 3507 920 3546 vox
949 3497 1035 3547 est
1063 3491 1240 3548 allata
1269 3507 1376 3563 per
1405 3507 1584 3546 auras
1618 3508 1630 3547 :

177 3579 324 3632 Sum
347 3595 549 3635 rerum
577 3583 800 3645 custos,
833 3596 966 3635 sum
997 3581 1116 3636 vivi
1145 3581 1324 3636 fontis
1356 3580 1544 3650 origo,

182 3666 299 3721 Sed
319 3668 436 3723 sine
461 3684 608 3724 vase
649 3684 792 3724 suos
822 3669 1176 3725 mortalibus
1220 3669 1483 3740 abnegat
1535 3670 1784 3726 haustus
1815 3688 1828 3725 :

184 3753 270 3808 Sit
288 3755 379 3809 cui
404 3772 731 3827 cognoscas
761 3757 894 3812 talis
926 3763 1245 3830 compacta
1269 3757 1482 3828 ﬁgura,

198 3839 413 3898 Scilicet
440 3850 496 3899 ut
521 3844 772 3900 calamis
807 3846 1067 3918 septenis
1098 3851 1303 3915 surgat
1335 3847 1413 3901 ab
1443 3847 1587 3913 imo,

191 3928 378 3999 Erigat
403 3939 458 3988 et
487 3951 793 3990 summum
826 3935 1200 4004 distinguens
1228 3952 1372 3991 ausa
1403 3951 1712 4003 cacumen,

184 4020 294 4074 Ora
323 4021 566 4092 quidem
594 4023 841 4079 totidem
871 4023 1006 4080 colli
1035 4023 1110 4079 de
1137 4025 1347 4080 vertice
1374 4025 1650 4095 ﬂagrant.

177 4108 218 4162 Ο
244 4124 434 4179 quam
465 4111 781 4180 gratisonis
806 4111 1151 4168 celebrabat
1175 4113 1316 4169 talia
1346 4113 1540 4168 verbis
1576 4114 1587 4168 !

176 4199 428 4254 Demum
451 4201 599 4272 quid
621 4200 899 4267 facerem,
930 4201 1134 4257 docuit
1161 4219 1438 4258 sermone
1467 4208 1740 4276 paterno.

169 4288 351 4342 Curre
399 4289 675 4357 domum,
735 4291 1139 4364 manibusque
1198 4292 1350 4348 refer
1391 4309 1527 4365 quae
1582 4293 1829 4364 mando,

1461 4383 1712 4447 [miselle
1745 4402 1756 4451 ;

162 4472 270 4522 Aut
302 4467 355 4522 si
388 4469 713 4540 pauperies
740 4473 796 4525 te
821 4469 964 4526 illud
997 4487 1117 4526 non
1147 4471 1283 4526 sinit
1312 4471 1556 4541 habere,

159 4556 369 4612 Invida
391 4573 506 4612 seu
531 4558 736 4614 furtim
765 4559 964 4631 rapuit
992 4559 1066 4614 de
1093 4565 1263 4616 nocte
1299 4576 1575 4629 noverca,

161 4650 267 4701 Aut
299 4647 347 4701 si
378 4646 556 4702 nulla
582 4647 751 4704 domi
772 4648 995 4704 mansit
1023 4665 1159 4723 spes
1184 4649 1545 4705 inveniendi.

1508 243 1638 300 LIB.
1682 243 1772 298 DE
1810 240 2046 298 FONTE
2089 244 2279 300 VITE.

3553 255 3616 311 18

1953 368 2044 422 Au
2058 367 2119 422 di
2151 369 2494 436 consilium,
2526 387 2632 426 cur
2656 372 2749 427 his
2773 373 3033 429 exureris
3053 375 3214 432 auris
3234 378 3262 432 ‘I

1963 458 2085 512 Huc
2114 459 2364 530 quidam
2385 461 2642 530 juvenis,
2678 467 2731 518 te
2765 468 2936 519 nocte
2981 465 3198 538 dieque
3255 466 3611 541 frequentat,

1957 548 2024 600 Et
2048 548 2276 619 scypho
2306 550 2520 605 nostris
2550 551 2839 606 libamina
2870 552 3062 609 fundit
3091 555 3148 609 in
3183 556 3299 611 aris
3333 575 3344 612 :

1963 635 2068 691 Olli
2100 653 2211 692 nos
2241 639 2458 694 nostris
2488 639 2764 695 dedimus
2793 642 3108 699 viridantia
3130 646 3312 715 pratis

1956 725 2153 793 Tecta,
2179 727 2402 799 quibus
2435 734 2675 784 maneat
2698 730 2922 799 jussus,
2957 749 3061 787 seu
3086 735 3272 804 prosit
3301 737 3530 795 amicis.

1957 817 2198 886 Cygnea
2217 817 2467 889 jamque
2497 818 2608 872 sibi
2642 819 2882 874 costinis
2914 821 3062 876 atria
3089 827 3280 892 gyrat,

1957 906 2143 960 Utitur
2169 911 2223 961 et
2245 907 2418 962 claris
2449 914 2653 963 nostro
2687 910 3096 966 moderamine
3124 913 3407 984 lymphis,

1954 997 2089 1050 Jam
2121 1013 2226 1051 seu
2251 996 2414 1051 dives
2443 998 2792 1069 amatpictis
2825 1000 3110 1055 recubare
3160 1005 3388 1073 tapetis.

1955 1085 2131 1140 Ocius
2165 1086 2527 1150 accelerans,
2561 1087 2640 1141 illi
2671 1089 2798 1142 h'cec
2826 1104 2962 1143 mea
2993 1089 3150 1144 dicta
3176 1091 3387 1147 referto
3418 1111 3431 1148 :

1955 1175 2216 1247 Hospitio
2246 1181 2517 1232 sanctam
2538 1177 2805 1248 requiem
2837 1179 3123 1232 meruisse
3155 1179 3358 1236 ﬁdeles

1956 1265 2042 1321 Sis
2064 1266 2331 1320 memor!
2366 1266 2678 1336 ojuvenis,
2711 1282 2871 1321 nunc
2896 1271 2949 1322 et
2980 1267 3103 1322 sine
3134 1268 3250 1324 ﬁne
3281 1271 3493 1329 valeto.

1951 1355 2210 1409 Auribus
2236 1355 2349 1410 hoc
2381 1355 2596 1428 capiat,
2633 1356 2794 1410 tectis
2821 1361 2875 1411 te
2910 1357 3124 1412 vimine
3157 1359 3326 1414 textis

1949 1446 2258 1516 Temperet
2287 1448 2465 1516 atque
2498 1445 2674 1511 sitim,
2700 1461 2983 1500 somnum
3030 1446 3144 1500 sub
3197 1453 3368 1504 nocte
3405 1451 3602 1522 quiete

1953 1535 2200 1599 Sternat,
2229 1537 2285 1589 et
2313 1534 2603 1588 haerentes
2633 1539 2854 1589 recreet
2873 1550 2979 1606 per
3007 1535 3233 1590 viscera
3257 1536 3463 1596 ﬁbras.

1950 1625 2016 1677 Et
2047 1623 2241 1693 prima
2271 1639 2408 1678 cum
2439 1622 2569 1677 luce
2602 1622 2728 1677 dies
2753 1623 3029 1693 dejecerit
3058 1625 3330 1696 umbras,

1880 1723 1919 1776 Β
1949 1712 2160 1768 Molliat
2193 1712 2484 1781 argillam,
2516 1712 2712 1784 primo
2731 1712 2824 1767 vel
2855 1713 2976 1768 sole
3001 1718 3281 1786 tepescat,

1950 1805 2016 1858 Et
2040 1806 2180 1857 nota
2209 1805 2403 1856 tornet
2428 1802 2642 1874 specie,
2675 1817 2862 1874 quam
2885 1803 3048 1858 novit
3078 1803 3320 1862 abunde
3354 1826 3366 1862 :

1949 1893 2222 1948 Obducat
2249 1907 2404 1958 cera,
2431 1907 2750 1964 ceramque
2774 1893 3063 1949 recondat
3085 1910 3288 1959 arena,

1950 1986 2244 2036 Innocuos
2265 1981 2435 2050 ignes
2459 1982 2634 2050 juxta
2667 1997 2811 2036 mox
2839 1981 3085 2038 collocet
3113 1983 3280 2052 illud,

1946 2075 2154 2143 Equet
2181 2069 2370 2137 lance,
2405 2070 2643 2126 metalla
2670 2070 2865 2142 placet
2890 2087 3025 2126 cum
3059 2073 3324 2144 pondere
3344 2075 3528 2133 libras.

1948 2163 2090 2226 Quae
2121 2159 2444 2215 commissa
2466 2159 2579 2214 sibi
2597 2159 2888 2222 meminit,
2912 2160 3180 2233 luci-ique
3211 2180 3444 2220 memor
3468 2165 3534 2222 ﬁt

1947 2253 2052 2304 Per
2072 2265 2205 2321 quae
2233 2248 2414 2319 pollet
2439 2264 2649 2314 ovans,
2670 2248 2890 2302 nostris
2943 2251 3335 2306 vernantibus
3401 2255 3551 2309 aulis
3585 2273 3598 2323 ;

1946 2336 2256 2393 Ambabus
2287 2336 2566 2391 manibus
2586 2341 2723 2408 post
2751 2335 2958 2392 omnia
2984 2335 3224 2392 follibus
3253 2338 3429 2401 efﬂet.

1949 2429 2014 2482 Et
2041 2429 2256 2481 vacuet
2285 2425 2543 2481 formam
2577 2440 2731 2495 cera,
2763 2424 3108 2497 repleatque
3131 2427 3393 2485 metallo.

1951 2519 2087 2573 Post
2108 2514 2355 2587 aliquod
2386 2514 2666 2586 spatium,
2690 2529 2795 2568 vas
2826 2513 2986 2569 testis
3007 2519 3188 2570 exuat
3215 2517 3387 2587 assis,

1949 2607 2338 2678 Efﬁgiemque
2369 2621 2583 2660 novam
2619 2604 2773 2659 ferro
2794 2603 3130 2674 diffumiget
3157 2623 3337 2678 unco,

1948 2693 2348 2765 Concilietque
2372 2693 2483 2748 tuis
2511 2691 2796 2748 manibus
2823 2692 3162 2748 venerabile
3192 2695 3433 2766 pignus.

1947 2782 2095 2839 Illud
2120 2784 2238 2838 huc
2277 2786 2474 2837 tecum
2505 2781 2750 2835 veniens
2779 2780 3008 2836 deferre
3042 2789 3365 2848 memento,

1948 2875 2066 2928 Hoc
2095 2870 2312 2926 libabis
2340 2886 2514 2942 aquae
2544 2869 2768 2925 fontem
2802 2869 3066 2926 salientis
3099 2871 3178 2926 ad
3203 2877 3386 2945 astra,

1947 2966 2194 3031 Insuper
2215 2964 2270 3016 et
2299 2975 2544 3016 causam
2573 2963 2788 3015 reseret
2813 2959 2961 3032 quid
2991 2975 3127 3014 vase
3156 2959 3434 3034 ﬁgurem,

1878 3077 1918 3132 ρ
1950 3053 2015 3105 Et
2041 3049 2258 3104 dubios
2285 3048 2486 3103 verbis
2518 3047 2752 3102 animos
2783 3047 2888 3102 tibi
2918 3047 3114 3103 firmet
3142 3049 3350 3105 amicis

1945 3141 2174 3194 Interea
2205 3137 2446 3208 triplum
2471 3136 2666 3192 solvat
2693 3153 2831 3192 cum
2863 3138 3128 3192 carmine
3155 3139 3408 3209 nodum,

1946 3233 2127 3293 Quem
2151 3227 2360 3296 poterit
2390 3225 2588 3279 fusum
2613 3241 2885 3279 reserans
2907 3240 3118 3278 ornare
3146 3227 3456 3280 metallum

1944 3319 2109 3370 Hunc
2142 3314 2244 3368 tibi
2277 3318 2472 3366 mente
2497 3312 2721 3366 locans.
2745 3311 2852 3368 Olli
2887 3312 2970 3366 sic
3001 3327 3264 3383 pangere
3286 3313 3512 3369 mando

1944 3403 2007 3459 In
2040 3401 2275 3472 gemine
2308 3400 2502 3473 specie
2524 3400 2679 3455 lunze
2703 3399 3086 3469 distinguitur
3109 3401 3292 3468 orbis,

1946 3493 2172 3550 Scilicet
2197 3491 2454 3546 obscura
2481 3490 2760 3562 claraque
2790 3488 3035 3559 fugante
3066 3491 3362 3560 tenebras,

1944 3583 2206 3639 Luminis
2237 3586 2293 3637 et
2324 3581 2537 3635 faciem
2563 3584 2747 3635 terras
2772 3579 2919 3635 dum
2945 3580 3116 3636 vertit
3146 3579 3224 3636 ad
3254 3581 3426 3647 imas,

1941 3672 2136 3727 Altera
2164 3687 2304 3743 pars
2335 3669 2483 3724 coelo
2515 3668 2772 3724 tenebris
2799 3667 3060 3723 obducta
3093 3672 3342 3724 tenetur.

1943 3761 2205 3833 Denique
2226 3759 2319 3814 bis
2351 3762 2580 3830 septem
2609 3756 2812 3811 lumen
2841 3756 3112 3812 mirabile
3143 3758 3273 3812 visu

1943 3849 2174 3906 Evomit
2209 3849 2270 3903 in
2301 3847 2469 3903 terris
2499 3846 2827 3916 glomerata
2859 3845 3048 3900 fronte
3079 3846 3312 3900 diebus.

1940 3944 2109 4008 Nam,
2133 3938 2352 3993 mirum
2381 3936 2542 3991 dictu
2572 3936 2582 3990 l
2609 3938 2886 3990 crescunt
2906 3935 3052 3988 dum
3076 3933 3303 3989 Iumina
3326 3932 3589 4000 Phoebas,

1939 4027 2244 4085 Instituere
2275 4027 2477 4081 Patres
2507 4024 2762 4079 nimium
2796 4022 3088 4078 solemnia
3126 4023 3394 4077 Paschze.

1944 4117 2056 4174 Sed
2087 4132 2324 4171 sursum
2351 4114 2601 4186 pallens,
2629 4118 2692 4168 ut
2720 4111 2982 4185 primum
3006 4111 3264 4166 condere
3293 4111 3500 4166 lumen

1941 4203 2217 4277 Cmperit,
2251 4208 2308 4259 et
2337 4203 2504 4258 terris
2541 4201 2706 4271 nigra
2742 4200 3016 4255 vilescere
3049 4199 3246 4255 forma

1944 4295 2057 4350 Ter
2082 4297 2309 4366 septem
2337 4295 2675 4361 numerant,
2705 4306 2858 4362 quos
2880 4306 2999 4343 non
3035 4287 3319 4343 excedere
3352 4287 3508 4342 soles

1947 4384 2046 4451 Sit,
2079 4382 2184 4439 sed
2211 4382 2270 4436 in
2301 4381 2393 4435 his
2414 4380 2660 4445 licitum,
2692 4383 2968 4434 sanctum
3030 4377 3296 4432 solemne
3342 4377 3584 4448 requiri.

1946 4471 2096 4538 Quid
2118 4472 2213 4528 hic
2243 4471 2466 4526 Pascha
2497 4470 2663 4541 pium
2686 4485 2997 4523 numerus.
3024 4483 3128 4521 seu
3160 4466 3303 4521 luna
3332 4466 3588 4535 figurent

1944 4561 2203 4633 Explicet
2235 4577 2246 4614 :
2281 4563 2337 4614 et
2368 4558 2608 4630 triplum
2640 4557 2852 4629 poterit
2876 4556 3200 4611 dissolvere
3228 4555 3478 4610 nodum.

1944 4650 2048 4705 Hic
2061 4665 2293 4706 memor
2309 4653 2457 4714 esto,
2477 4647 2678 4702 locum
2686 4646 2926 4718 juvenis
2938 4659 3232 4717 responsa
3245 4646 3583 4714 capessant.

1871 4428 1914 4481 D

714 4989 1278 5127 LIBER
1400 4991 1650 5129 DE
1769 4989 2402 5131 FON'I‘E
2514 4985 3034 5125 VITfE

148 5378 289 5434 Tum
318 5391 617 5452 praesens
645 5376 886 5446 juvenis
910 5376 1173 5433 referens
1199 5377 1328 5434 haec
1377 5379 1586 5436 ordine
1635 5383 1828 5452 jusso,

148 5469 317 5524 Iussa
350 5467 583 5534 refers,
618 5480 886 5534 agnosco
916 5467 1163 5539 quidem
1193 5469 1484 5526 mandata
1513 5472 1730 5540 relatis,

151 5556 509 5615 Immortale
544 5554 736 5610 decus
772 5555 1044 5614 Domino.
1076 5573 1456 5631 regnumque
1500 5577 1761 5633 perenne

155 5648 254 5711 Qui
278 5647 442 5703 mihi
464 5643 768 5715 dignatur
797 5644 1068 5713 geminas
1096 5646 1387 5703 mandare
1420 5649 1663 5721 salutes,

160 5735 383 5812 Quique
407 5733 597 5793 dedit
626 5732 762 5791 vivo
790 5732 1011 5792 faciem
1040 5735 1402 5805 perfundere
1427 5738 1574 5809 rivo,

1942 5381 2362 5451 Vimineasque
2392 5376 2613 5432 domus
2642 5371 2940 5431 frondenti
2974 5371 3234 5442 tegmine
3264 5372 3441 5429 cessit
3469 5389 3482 5427 :

1944 5469 2172 5544 Excipit
2201 5486 2270 5525 ac
2291 5467 2477 5524 nostri
2505 5466 2736 5538 scypho
2759 5463 3050 5520 libamina
3079 5463 3222 5532 voti,

1949 5560 2106 5617 Illius
2134 5558 2302 5616 haud
2331 5557 2585 5612 dubium
2619 5555 2794 5610 nobis
2817 5559 3117 5627 praecepta
3143 5552 3343 5608 tulisti.

1950 5653 2056 5719 Da,
2079 5649 2308 5716 dilecte,
2331 5663 2606 5717 manum,
2623 5659 2981 5716 mecumque
3012 5643 3124 5698 hac
3139 5647 3311 5698 nocte
3332 5641 3591 5713 quiesce,

1949 5739 2406 5809 Florentemque
2436 5736 2688 5795 domum
2715 5735 2844 5809 jam
2875 5748 3037 5788 nunc
3063 5731 3389 5788 ﬁdissimus
3418 5730 3592 5795 intra,
