4180 6186
518 227 585 285 19
1543 219 1868 277 AUDRADI
1908 214 2338 281 εῑΝοΝωιειδ
2377 214 2886 278 CHOREPISCOPI
3852 230 3922 285 20

516 347 708 416 Atque
739 342 956 399 sedens
987 341 1259 403 animum
1285 345 1553 401 recreato
1579 342 1921 403 salubribus
1962 341 2165 412 undis,
2205 339 2252 390 A
2281 337 2529 394 Confero
2561 341 2748 400 multa
2770 342 2893 410 tibi,
2922 343 3096 399 nobis
3127 346 3188 401 tu
3218 358 3415 425 pauca
3440 347 3754 417 rependas,

523 436 691 491 Utere
712 432 804 493 vel
831 431 1026 489 stratis
1056 447 1273 493 somno
1302 431 1417 491 sub
1446 436 1619 488 nocte
1646 431 1878 504 tapetis.
2283 427 2464 483 Unius
2492 434 2556 491 ut
2580 430 2726 499 ligni
2760 440 2971 503 tangas
3002 449 3076 490 uc
3110 433 3268 491 mala
3295 440 3619 506 memento,

525 525 749 580 Caetera
772 536 1031 597 quasque
1059 521 1268 590 refers,
1294 538 1515 583 aurora
1547 526 1688 581 teste
1716 521 2032 585 lacessam.
2280 519 2426 572 Nam
2462 522 2515 574 te
2544 519 2618 579 tle
2646 521 2792 578 limo
2824 522 2955 593 ieci,
2988 522 3228 594 vitaque
3253 522 3479 595 repleri

526 615 656 668 Non
685 610 906 671 meritis
930 610 1185 681 indigna
1200 611 1315 670 tuis
1347 612 1451 669 tibi
1482 611 1667 680 gloria
1694 610 1896 670 crevit.
2286 607 2353 661 Ut
2377 622 2615 680 semper
2641 609 2827 678 vivas,
2858 612 2908 666 si
2938 626 3061 667 non
3086 610 3419 679 neglexeris
3447 611 3596 671 illud
3627 630 3640 675 ξ

527 704 732 768 Tanta,
751 700 952 761 bonus
991 701 1213 774 hospes
1235 717 1406 758 sacro
1434 700 1508 755 de
1532 699 1692 757 fonte
1722 700 1941 769 bibisti,
2282 696 2350 750 Et
2370 712 2608 759 mecum
2638 715 2871 769 regnes,
2903 700 3068 758 senio
3099 716 3224 756 non
3252 700 3474 758 fractus
3502 702 3562 759 in
3585 720 3806 763 ravum.

529 794 801 863 Namque
830 790 992 847 vales
1015 791 1206 851 doctis
1237 805 1464 859 aegrum
1485 805 1699 846 sanare
1728 790 1982 862 loquelis
2287 785 2455 849 Quod
2488 788 2532 842 si
2563 788 2636 847 de
2667 789 2843 847 vetita
2876 790 3209 860 gustaveris
3240 790 3454 869 arbore
3484 793 3734 864 malum,

532 882 618 936 En
648 880 900 953 quaesita
925 895 1161 948 manus,
1193 894 1314 951 quo
1343 877 1433 941 vis
1461 893 1875 950 properemus,
1924 878 2113 937 amice
2145 878 2174 937 ?

2076 894 2113 937 :e
2145 878 2174 937 ‘2
2286 875 2583 932 Continuo
2605 878 2872 935 mortalis
2900 880 3034 946 eris,
3062 879 3332 952 captivus
3359 885 3417 937 et
3445 881 3578 949 ibis,

532 973 650 1026 Nec
676 969 973 1029 fraudabo
998 972 1193 1025 torum
1224 966 1531 1037 membris,
1564 983 1675 1024 nec
1727 968 1948 1041 pocula
1989 966 2175 1025 labris
2284 964 2558 1038 Fonsque
2581 968 2683 1025 tibi
2712 969 2843 1027 vitia
2870 969 3329 1027 claudeturcum
3357 972 3664 1044 paradiso.

534 1059 694 1116 Illius
715 1064 1002 1116 aeternum
1034 1059 1277 1115 maneat
1304 1072 1411 1129 per
1433 1056 1651 1119 smcula
1678 1073 1903 1121 nomen
2290 1058 2434 1117 Nam
2468 1061 2522 1115 te
2550 1057 2653 1128 qui
2686 1062 2851 1117 terrae
2882 1059 3198 1117 dominum
3229 1061 3494 1118 concedo
3524 1079 3791 1133 manere,

536 1147 792 1220 Hospitis
815 1144 1001 1215 electi,
1032 1144 1138 1217 qui
1165 1160 1264 1205 me
1292 1145 1507 1207 direxit
1526 1145 1605 1201 ad
1636 1145 1862 1209 aulam.
2291 1148 2536 1202 Carcere
2557 1146 2988 1215 ﬂammivomo,
3022 1149 3169 1205 tristi
3194 1165 3304 1207 nec
3343 1154 3593 1223 torqueo
3624 1152 3811 1224 fumo,

537 1237 651 1294 Sed
677 1250 814 1296 cum
834 1236 1001 1295 tanta
1027 1232 1132 1290 tibi
1155 1233 1346 1295 virtus
1366 1232 1702 1307 laudesque
1729 1239 2041 1299 manerent
2071 1253 2085 1303 ;
2291 1236 2710 1310 Horrisonlque
2738 1238 2905 1301 canis
2934 1239 3164 1297 rabiem
3193 1256 3315 1297 non
3347 1257 3586 1297 cernere
3615 1258 3788 1315 cogo,

537 1327 708 1384 Miror
737 1338 842 1379 cur
867 1321 1043 1385 tantis
1072 1322 1314 1381 voluisti
1344 1323 1602 1379 subdere
1632 1323 1827 1395 pmnis
2292 1328 2407 1381 Nec
2437 1326 2548 1381 feci
2580 1327 2843 1396 gelidum
2870 1329 3132 1384 tenebris
3158 1329 3374 1386 sentire
3402 1330 3693 1399 dolorem,

537 1417 642 1482 Me,
676 1411 781 1485 qui
800 1410 883 1471 nil
910 1411 1111 1480 nocui,
1138 1411 1427 1481 juvenem
1449 1412 1554 1468 sed
1581 1427 1816 1486 semper
1854 1411 2075 1475 amavi,
2294 1413 2544 1470 Alterius
2575 1415 2772 1485 fugias
2798 1416 3031 1474 domini
3061 1418 3452 1476 succumbere
3462 1419 3670 1491 jussis.

542 1502 745 1557 Dicere
768 1500 818 1561 si
840 1500 1035 1569 liceat,
1070 1498 1357 1573 placitum
1387 1500 1645 1574 culpabo
1680 1501 1968 1570 magistri.
2296 1503 2479 1573 Cujus
2512 1509 2821 1573 suggestu,
2854 1506 3072 1563 misero
3103 1506 3149 1563 si
3178 1507 3376 1563 riseris
3405 1514 3561 1565 actu.

538 1594 690 1648 Nam
718 1588 1032 1663 quondam
1060 1587 1313 1662 placidis
1330 1604 1577 1647 caneres
1591 1606 1729 1647 cum
1751 1590 1998 1647 vocibus
2013 1588 2183 1658 odas,
2297 1592 2457 1656 Quas
2480 1592 2651 1647 retuli
2678 1609 2885 1668 supra,
2919 1595 3130 1652 merito
3163 1596 3538 1654 succumbito
3569 1599 3782 1677 poenis.

538 1681 633 1736 Me
663 1695 772 1735 ceu
798 1679 1103 1744 dilectum,
1135 1678 1445 1741 mulcehas
1472 1679 1737 1739 carmine
1762 1679 1864 1739 tali
1896 1698 1908 1734 :

542 1769 797 1828 Consule
819 1768 1088 1839 festinus,
1129 1769 1407 1842 proprias,
1432 1768 1664 1839 dilecte,
1697 1768 1891 1829 saluti.

543 1861 625 1916 Te
655 1873 898 1932 quoque
924 1857 1216 1935 paulatim
1242 1858 1589 1931 prmcedens
1638 1858 1847 1919 limina
1891 1859 2184 1931 pandam.

541 1951 702 2005 Intra
731 1963 867 2021 quae
894 1948 1113 2009 saliens
1140 1947 1278 2007 fons
1308 1948 1477 2012 vivus
1502 1947 1777 2005 verberat
1803 1952 1988 2006 astra.

541 2039 705 2101 Ficta
736 2037 891 2098 ﬁdes
920 2035 1123 2111 placiti
1143 2036 1345 2109 rapuit
1367 2036 1618 2108 vestigia
1641 2036 1821 2109 pacti,

2227 1687 2268 1753 Β
2294 1709 2486 1764 Homo
2497 1724 2756 1778 peccans
2786 1712 3007 1766 amittit
3032 1711 3146 1766 sibi
3167 1716 3223 1767 et
3252 1714 3500 1780 posteris
3516 1714 3747 1782 fontem
3778 1715 3934 1770 vita.

2297 1813 2493 1868 Eheu!
2529 1815 2632 1890 qui
2663 1814 2840 1887 primi
2869 1815 3134 1879 recinam
3159 1832 3319 1871 nunc
3348 1815 3504 1873 facta
3529 1818 3795 1891 parentis

2300 1903 2410 1968 Qui
2440 1903 2660 1974 sprevit
2688 1910 2987 1977 praecepta
3019 1905 3138 1973 Dei,
3167 1904 3473 1978 vitamque
3503 1906 3759 1979 reliquit,

2300 1993 2365 2046 Et
2396 1991 2600 2053 mortis
2626 1991 2874 2048 domino
2899 1993 3225 2060 consensit,
3258 1997 3316 2048 et
3338 1992 3531 2056 intulit
3558 1994 3690 2052 orbi

543 2080 891 2182 ὲ⁸“’“”.“““⁴”’
920 2080 1123 2111 ⁸’⁸“⁸“’““
1143 2080 1345 2136 ’“’¹’.“⁸“’
1382 2080 1821 2135 ’ῗ’”“⁶¹’““’.¹“’””’
2016 2142 2029 2156 ,
2298 2080 2492 2152 Atque
2522 2080 2644 2135 suis
2663 2080 2838 2155 natis,
2872 2080 3035 2136 omni
3062 2080 3373 2159 sobolique
3404 2081 3675 2159 sequenti

587 2126 952 2182 ondictoaue
974 2124 1107 2182 loco
1137 2140 1380 2182 vemens
1404 2129 1744 2182 incognitus
1773 2125 1986 2182 horror
2016 2164 2030 2182 .
2306 2169 2341 2182 η
2668 2168 2700 2182 ..
3012 2168 3028 2182 .
3146 2169 3155 2178 .
3481 2174 3491 2182 .
3605 2169 3617 2181 .
3669 2170 3675 2181 .

587 2126 952 2200 ondictoque
974 2124 1107 2185 loco
1137 2125 1380 2185 veniens
1404 2124 1744 2195 incognitus
1773 2125 1986 2187 horror
2016 2142 2030 2185 :

544 2168 952 2273 gf’”“"""“""
974 2168 1107 2185 ww
1147 2168 1380 2185 ”“’““’””
1404 2168 1744 2225 ⁶““’“ῗ⁰⁵““⁶’”
1774 2168 1977 2187 ’⁶“““”’
2016 2168 2030 2185 '
2055 2215 2064 2225 .
2302 2169 2461 2232 Quas
2494 2168 2709 2223 meruit
2731 2183 2965 2240 poenas,
2993 2168 3242 2227 domino
3272 2174 3569 2227 mereatur
3601 2169 3828 2247 iniquo.

592 2232 762 2273 isque
808 2218 1140 2273 quaterque
1191 2230 1419 2273 vocans
1466 2215 1879 2273 Hmcmarum.
1936 2214 2189 2273 VOOlbutl
2307 2256 2409 2273 ,,,,.
2708 2256 2748 2273 ν.
3019 2257 3029 2273 .
3390 2263 3399 2273 .
3432 2261 3470 2273 ,η

592 2216 762 2295 ist“
808 2218 1140 2290 ίίιλδίθτίίυθ
1191 2230 1419 2277 νοοθτίδ
1466 2215 1879 2286 “mrum,
1914 2214 2189 2377 [Vgng
2304 2214 2608 2321 arma
2628 2214 3584 2331 sian'rg’ni";g;;;x;;;ss,

1937 2319 1973 2365 ἃ
2062 2319 2117 2367 0'
2309 2346 2420 2377 Enn
2449 2346 2574 2377 ιτςιιη
2629 2349 2878 2377 Μηπιηνη
2903 2345 3250 2377 ηιιηηηιητηη
3278 2345 3583 2377 οηηηηηςιη,

2306 2346 2427 2400 Eva
2449 2346 2596 2415 viro,
2628 2349 2880 2401 mortem
2902 2345 3250 2418 cunctisque
3278 2345 3640 2419 sequacibus
3665 2346 3868 2417 ambo.

2307 2435 2399 2489 Sic
2430 2434 2613 2489 homo
2642 2449 2781 2489 cum
2812 2433 3016 2499 voluit,
3046 2434 3230 2489 vitam
3258 2449 3369 2507 pro
3397 2438 3584 2490 morte
3616 2433 3872 2515 reliquit.

2306 2522 2503 2593 Incipe
2534 2537 2695 2577 nunc
2717 2538 2955 2577 mecum
2977 2522 3229 2578 caelestis
3250 2522 3444 2594 gratia
3473 2538 3716 2579 carmen

2304 2610 2521 2667 Eterni
2543 2610 2743 2681 fontis,
2776 2610 2967 2687 ciphri
2994 2610 3314 2684 paschalis,
3338 2615 3395 2668 et
3417 2612 3601 2677 horai.

547 2393 879 2457 Hauribam
907 2406 1130 2451 vacuas
1158 2392 1369 2453 crebra
1388 2392 1463 2455 de
1488 2408 1634 2449 voce
1662 2392 1934 2465 loquelas

545 2487 723 2552 Aure,
754 2484 937 2552 tuque
959 2478 1145 2539 ﬁdem
1174 2479 1402 2548 velans,
1428 2495 1724 2552 responsa
1752 2480 2045 2550 negabas.

548 2570 882 2626 Altitonans
910 2567 1104 2627 donec
1133 2585 1230 2629 me
1253 2568 1417 2627 misit
1439 2569 1712 2642 partibus
1742 2569 1887 2638 istis,

552 2662 897 2734 Cunctaque
920 2674 1057 2745 quia
1077 2657 1268 2727 retuli,
1300 2658 1508 2720 docilit
1531 2674 1806 2722 sermone
1832 2661 2102 2732 paterno.

552 2726 921 2821 Confortere,
938 2726 1183 2823 Yprecor,
1216 2726 1395 2807 violet
1416 2763 1492 2809 ne
1519 2764 1664 2807 cura
1691 2726 1955 2820 quietem
1989 2766 2003 2817 ;

2411 2726 2511 2782 Ad
2535 2741 2703 2799 quem
2728 2732 3049 2787 revocatur
3076 2742 3112 2785 a
3137 2728 3259 2789 Deo
3280 2742 3391 2799 per
3400 2729 3840 2799 paenitentiam.

555 2837 638 2895 Sit
666 2835 768 2892 tibi
794 2851 955 2899 nunc
982 2835 1240 2909 requies,
1270 2835 1465 2909 spatio
1495 2836 1608 2895 sub
1638 2836 1829 2895 noctis
1859 2851 2087 2909 opaca,
2309 2833 2420 2891 Sed
2440 2838 2642 2893 tamen
2664 2834 3054 2907 Omnipotens
3065 2850 3268 2892 rerum
3294 2834 3642 2892 cuisumma
3661 2840 3949 2908 potstas,

552 2928 622 2982 Et
645 2924 919 2987 veniente
948 2924 1044 2981 die
1072 2923 1244 2983 dictis
1271 2940 1571 2998 responsa
1608 2924 1862 2998 parabo.
2309 2927 2497 2992 Quem
2528 2924 2665 2985 fecit
2684 2924 2992 2989 hominem
3020 2924 3232 2995 doluit,
3259 2925 3576 2983 miseratus
3605 2929 3662 2981 et
3685 2925 3877 2996 illum,

552 3013 780 3071 Pallida
805 3013 1122 3079 luciferum
1149 3014 1421 3087 sequitur
1441 3014 1569 3085 jam
1602 3013 1726 3071 ﬁlia
1755 3014 1918 3084 solis,
2238 3037 2279 3099 ς
2309 3013 2590 3070 Dulcibus
2611 3013 2889 3086 alloquiis
2915 3017 2973 3071 et
2999 3013 3158 3072 celsa
3184 3029 3331 3071 voce
3359 3013 3664 3071 reclamat.

555 3106 600 3162 O
627 3121 800 3161 meus
819 3103 1124 3173 Audrade,
1151 3119 1360 3178 sospes
1391 3106 1491 3175 sis,
1520 3104 1758 3162 somnia
1784 3103 2028 3176 linquis,
2310 3105 2437 3168 Quo
2463 3102 2640 3174 fugis,
2673 3119 2709 3161 ο
2731 3102 2961 3161 factura
2988 3102 3107 3161 mei
3136 3103 3163 3160 ἲ
3191 3117 3301 3175 per
3326 3101 3502 3158 devia
3532 3102 3702 3158 vallis

557 3195 601 3252 O
630 3193 974 3255 venerande
997 3194 1201 3263 nimis,
1232 3210 1452 3255 sanum
1483 3209 1579 3252 me
1620 3193 1859 3253 somnia
1898 3193 2199 3269 linquunt,
2309 3192 2523 3253 Tendis
2551 3193 2632 3250 ad
2654 3193 2891 3264 ignotas
2916 3195 2973 3250 et
3000 3192 3145 3249 eieci
3173 3190 3425 3249 carceris
3451 3190 3630 3247 aedes.

556 3283 855 3356 Principio
878 3283 1051 3354 lucis,
1078 3283 1238 3355 pacti
1262 3283 1358 3340 vel
1387 3282 1672 3356 temporis
1708 3282 1879 3341 hora.
2313 3282 2804 3356 Sulphureasque
2859 3281 3097 3349 domos,
3154 3280 3434 3338 ﬂammas
3487 3280 3615 3336 sine
3669 3278 3789 3334 ﬁne
3846 3296 3957 3336 νος

557 3375 775 3428 Perﬁce
796 3386 1062 3443 namque
1086 3386 1297 3442 precor
1316 3371 1574 3429 multum
1595 3372 1915 3428 laudabilis
1960 3372 2207 3444 hospes,
3603 3369 3881 3438 [mentea

558 3460 780 3528 Pignus
810 3476 822 3513 :
856 3464 913 3519 et
931 3473 1199 3530 exponas
1220 3459 1473 3519 missum
1495 3474 1635 3515 cum
1656 3459 1921 3515 carmine
1947 3458 2201 3519 nodum.
2317 3457 2435 3512 Illic
2466 3473 2628 3513 mors
2657 3456 2901 3519 inimica
2927 3456 3142 3512 sedens
3175 3460 3278 3511 tua
3302 3454 3515 3512 funera
3543 3454 3740 3525 sarcit,

560 3548 761 3621 Incipe
791 3564 953 3611 nunc
982 3563 1222 3611 mecum
1251 3547 1505 3607 scelestis
1537 3547 1725 3617 gratia
1754 3562 1999 3605 carmen
2318 3544 2506 3600 Obvia
2534 3544 2690 3601 mille
2719 3548 2821 3601 tuo
2852 3545 3215 3616 praemittens
3246 3542 3476 3617 spicula
3500 3544 3687 3600 cordi.

562 3637 787 3693 zEterni
816 3635 1014 3704 fontis,
1046 3635 1237 3708 ciphri
1267 3634 1586 3701 Paschalis,
1610 3640 1667 3690 et
1689 3634 1875 3697 horae.
2316 3633 2523 3703 Flecte,
2556 3634 2754 3701 miser,
2787 3650 3055 3701 cursum,
3087 3649 3210 3704 quo
3238 3632 3329 3689 sol
3358 3634 3667 3704 consurgit
3689 3650 3791 3691 eos

566 3727 648 3783 Sit
674 3726 800 3795 regi
830 3725 1080 3785 Domino
1100 3724 1308 3792 virtus,
1330 3722 1482 3794 laus,
1516 3721 1706 3792 gloria
1733 3736 1990 3794 semper,
2315 3725 2417 3779 Est
2446 3724 2547 3779 ubi
2573 3728 2775 3780 nostra
2800 3723 3039 3790 domus,
3062 3727 3122 3780 et
3148 3722 3269 3778 vivi
3298 3722 3476 3779 fontis
3504 3724 3692 3793 origo.

563 3815 722 3871 Illius
753 3819 810 3872 et
839 3814 1054 3873 faciem
1083 3813 1362 3888 precibus
1386 3828 1711 3886 poscamus
1741 3815 2010 3884 uterque,
2318 3815 2384 3869 Et
2415 3816 2642 3886 septem
2664 3812 2881 3884 palmae
2907 3812 3121 3868 faciem
3134 3811 3397 3871 salientis
3427 3812 3713 3868 amictant

565 3905 852 3967 Sensibus
878 3909 946 3962 ut
966 3904 1185 3965 nostris
1213 3903 1434 3977 aspiret
1457 3903 1631 3974 jussa
1660 3901 1848 3970 fateri,
2317 3902 2614 3960 Fecundaa
2652 3901 2868 3964 fructu,
2898 3918 3158 3974 quarum
3187 3918 3307 3958 non
3346 3916 3533 3972 poma
3588 3904 3957 3973 putrescunt.

568 3995 678 4061 Qui
707 3994 814 4049 tibi
841 3993 1062 4053 differri
1086 3992 1263 4063 jussit
1291 4008 1402 4049 sua
1430 3990 1672 4063 pocula,
1703 3989 1898 4047 donec
2316 3991 2653 4064 Temperies
2682 3991 2855 4056 veris,
2889 3990 3065 4046 ﬂores
3091 3996 3147 4044 et
3176 3989 3411 4046 roscida
3432 3989 3630 4050 mella,

565 4086 869 4141 Etcrnum
897 4080 1134 4139 fatearis
1163 4095 1323 4148 eum,
1352 4079 1683 4151 credasque
1721 4076 2027 4150 colasque.
2318 4085 2384 4137 Et
2413 4081 2691 4136 miranda
2718 4096 2861 4136 suos
2890 4080 3165 4137 emittunt
3188 4079 3465 4149 gramina
3493 4078 3690 4148 ﬂores,

565 4191 655 4247 De
673 4190 973 4245 creatione
997 4186 1209 4244 mundi
1231 4192 1284 4244 et
1312 4186 1587 4254 hominis,
1634 4187 1734 4242 cui
1758 4187 1917 4241 Deus
1936 4184 2184 4254 infundi

2076 4185 2210 4241 mm
2318 4171 2627 4229 Pulchrius
2658 4170 2718 4231 in
2751 4176 2871 4227 toto
2902 4184 3109 4226 verum
3141 4170 3223 4225 nil
3247 4170 3504 4226 cernitur
3524 4167 3690 4227 orbe.

1278 4259 1482 4319 vitam.
2320 4261 2444 4318 Huc
2476 4260 2769 4333 plangens
2797 4259 3260 4332 lacrymansque
3289 4255 3963 4329 redi,veniamquepre~

567 4347 767 4420 Incipe
794 4362 958 4404 nunc
986 4362 1226 4409 mecum
1251 4345 1506 4404 caelestis
1535 4346 1724 4416 gratia
1754 4359 1999 4405 carmen
2243 4388 2289 4445 Β
3693 4343 3885 4416 [ceris,

567 4439 789 4497 JEterni
821 4437 1019 4506 fontis,
1047 4436 1238 4510 ciphri
1261 4435 1561 4509 paschalis
1586 4440 1644 4493 et
1666 4437 1850 4492 hora).
2244 4433 2284 4445 “”
2323 4442 2387 4495 Et
2415 4438 2564 4494 votis
2597 4453 2853 4511 exposce
2882 4436 2988 4493 tibi
3013 4437 3114 4509 pia
3146 4434 3363 4508 pocula
3389 4433 3588 4499 fontis,

566 4528 700 4589 Vult
717 4527 936 4589 etenim
966 4525 1120 4593 sciri,
1153 4524 1364 4583 mundi
1383 4525 1489 4598 qui
1517 4529 1792 4597 tempora
1811 4523 1994 4595 ducit,
2323 4530 2388 4582 Et
2414 4526 2607 4589 fructu
2632 4526 2850 4598 palmas
2881 4525 3109 4598 peccati
3124 4522 3364 4580 vincula
3392 4522 3567 4578 solvi.

568 4623 844 4689 Pontum,
867 4615 1279 4687 telluremque,
1310 4614 1603 4687 polosque
1631 4613 1870 4683 creavit,
1903 4611 2089 4675 etillis
2322 4618 2592 4687 Namque
2616 4620 2725 4671 tuas
2756 4613 2984 4681 mortis,
3018 4618 3079 4669 tu
3110 4611 3387 4669 conscius
3415 4626 3543 4668 esse
3569 4609 3802 4666 videris.

564 4714 695 4768 Ere
724 4706 925 4764 subtili
951 4706 1209 4773 formam
1228 4704 1610 4777 speciemque
1638 4702 1888 4771 reducit,
2321 4705 2456 4759 Haec
2478 4703 2811 4759 celebrante
2837 4705 2953 4759 Deo
2983 4702 3257 4758 clementi
3288 4701 3551 4757 carmine
3575 4698 3780 4765 verba,

564 4799 751 4856 Astris
786 4797 893 4870 qui
919 4797 1122 4862 caelos,
1155 4794 1335 4851 variis
1365 4793 1729 4850 animalibus
1756 4808 1924 4859 arva,
2322 4792 2527 4849 Infelix
2552 4793 2777 4859 oculos,
2811 4808 3086 4862 gressum
3112 4808 3221 4846 nec
3258 4789 3418 4845 ﬂexit
3446 4788 3525 4844 ad
3554 4787 3743 4852 illum,

566 4892 610 4945 E
633 4903 811 4959 grege
854 4901 1252 4959 squammoso
1305 4884 1542 4952 ﬂuvios,
1596 4883 2030 4955 volucrumque
2083 4897 2214 4954 per—
2325 4879 2438 4936 Sed
2466 4880 2673 4935 mortis
2703 4878 3020 4935 dominum
3050 4878 3249 4934 lethali
3279 4876 3437 4932 fonte
3461 4879 3717 4939 secutus,

1925 4973 2137 5044 [ornat
2322 4969 2797 5043 Excepitdignas
2828 4972 2991 5024 tanto
3021 4984 3129 5041 pro
3160 4965 3405 5022 crimine
3424 4978 3638 5039 pmnas

565 5069 741 5136 Aera,
775 5067 913 5138 post
934 5062 1241 5120 hominem
1264 5062 1398 5119 fecit
1424 5064 1654 5119 ratione
1673 5066 1993 5134 repertum,
2322 5060 2512 5114 Hostis
2540 5061 2604 5113 ut
2633 5057 2877 5127 agnovit
2897 5055 3162 5112 revocari
3191 5052 3454 5109 carmine
3488 5051 3780 5115 vinctum,

564 5155 805 5213 Talibus
833 5157 889 5210 et
916 5152 1089 5209 dictis
1120 5151 1334 5208 effatur
1355 5151 1627 5209 conditor
1647 5151 1834 5205 illum.
2316 5147 2549 5201 Fraude
2579 5146 2751 5201 dolos
2783 5146 2958 5211 acuit,
2986 5144 3230 5215 ﬁgitque
3261 5140 3570 5196 cacumine
3598 5138 3802 5207 culmi,

564 5264 940 5332 Prmepmm
969 5276 1006 5316 α
1035 5265 1149 5316 Deo
1179 5260 1406 5316 hemim-
1443 5258 1639 5329 pm-mo
1686 5257 2047 5328 imposgmm,
2105 5257 2213 5312 sub
2318 5234 2678 5291 Mortiferum
2700 5250 2950 5306 pomum
2982 5234 3161 5301 uexit,
3180 5230 3535 5302 calamoque
3565 5229 3890 5285 draconem

929 5347 1112 5402 poma
1134 5319 1455 5389 amittendi
1474 5330 1663 5401 fontis
1686 5319 1838 5384 vitia.
2029 5319 2040 5328 ’
2321 5323 2554 5394 Extulit,
2587 5328 2642 5380 et
2667 5324 2836 5393 virga
2865 5322 3103 5393 signum
3129 5336 3314 5393 pomo
3343 5319 3710 5394 colubroque

567 5422 830 5493 Quaeque
855 5423 1175 5477 moventur
1196 5419 1261 5475 in
1290 5417 1437 5479 orbe
1465 5433 1644 5489 novo,
1696 5414 2094 5486 frondentque
2124 5414 2211 5473 vi-
2319 5416 2470 5468 Ante
2500 5415 2730 5486 patrem
2760 5411 2988 5485 prolem
3011 5427 3185 5466 suam
3212 5429 3224 5466 :
3250 5426 3372 5466 nou
3397 5409 3587 5475 intulit
3613 5407 3726 5467 illis

1814 5505 2087 5577 [rentque
2123 5520 2136 5574 ;
2318 5502 2469 5570 Vim,
2500 5501 2667 5583 quod
2698 5504 2908 5575 sponte
2938 5516 3049 5556 sua
3075 5500 3271 5559 cuncti
3294 5500 3518 5574 periere
3549 5500 3885 5569 sequentes.

568 5597 783 5657 Omnia
802 5598 974 5659 trado
1004 5596 1131 5665 tibi,
1161 5596 1434 5654 mihimet
1459 5599 1524 5655 tu
1539 5594 1814 5652 subditus
1845 5597 1970 5651 esto
1996 5610 2009 5649 :
2322 5591 2412 5648 Sic
2434 5591 2617 5646 victor
2640 5605 2907 5665 serpens,
2935 5590 3226 5649 victorum
3254 5590 3427 5661 signa
3454 5586 3690 5655 levavit,

568 5687 804 5757 litantis
831 5687 1056 5767 vivant,
1086 5687 1306 5753 nostris
1337 5691 1401 5745 tu
1427 5684 1664 5753 condite
1683 5684 1886 5765 jussis.
2115 5672 2141 5705 ‘
2319 5682 2386 5738 Et
2406 5680 2522 5737 sibi
2545 5695 2654 5755 per
2677 5695 2955 5755 campos,
2986 5678 3286 5753 urbesque
3310 5677 3651 5750 domosque
3673 5672 3877 5751 petivit
