4160 6182
231 204 293 267 21
1552 206 1689 271 LIB.
1734 205 1823 267 DE

1993 205 2088 261 ῙΤΕ
2135 205 2331 271 νηῈ.
3594 212 3665 271 22

228 331 294 384 Et
317 341 589 395 nemora,
617 325 821 401 sculpi
852 325 1192 396 simulacra,
1218 329 1525 402 Deumque
1562 326 1792 401 precari

231 419 297 474 Se
321 415 519 487 jussit,
544 416 989 489 hominumque
1019 430 1210 487 genus
1239 415 1348 471 sibi
1391 414 1655 472 subdidit
1692 428 1891 470 omne.

226 514 413 579 Mittit
448 515 598 573 Deus
624 511 705 576 ad
754 512 1158 579 revocandum
1201 513 1496 571 hominem
1547 511 1892 583 prophetas,

597 603 705 674 qui
723 603 888 660 nihil
907 607 1165 672 possunt
1193 604 1256 659 in
1288 601 1402 660 hac
1429 617 1517 659 re.

232 702 433 777 Incipe
455 716 609 758 nunc
636 717 887 758 mecum
910 701 1165 757 ccelestis
1194 701 1389 771 gratia
1418 716 1663 758 carmen

238 790 449 848 Eterni
474 789 674 855 fontis,
705 789 902 862 ciphri
920 788 1246 862 paschalis,
1278 794 1335 845 et
1362 789 1545 845 horae.

235 880 343 938 Sed
370 881 521 935 Deus
547 883 813 936 aeternus
838 877 1149 935 hominem
1178 878 1385 934 saevire
1414 877 1659 934 metallo

228 969 492 1039 Indoluit,
521 953 829 1040 elegitque
856 966 1038 1036 viros,
1070 982 1224 1039 quos
1250 981 1379 1023 esse
1407 967 1732 1039 prophetas

227 1058 425 1124 Jussit,
451 1062 509 1114 et
534 1060 847 1115 errantem
874 1055 1080 1112 docuit
1101 1071 1385 1115 revocare
1422 1059 1754 1129 parentem.

226 1149 292 1202 Hi
323 1146 550 1207 Domini
578 1145 789 1203 videre
813 1145 1089 1212 domum,
1120 1143 1468 1217 fontemque
1506 1143 1787 1201 biberunt

226 1236 481 1292 Gustavit
505 1234 736 1308 palmae
769 1235 1049 1301 fructum,
1083 1234 1189 1290 sed
1216 1234 1418 1291 nullus
1447 1250 1682 1303 eorum,

227 1325 467 1383 Vincula
491 1340 605 1383 nec
634 1324 841 1397 potuit
860 1323 1075 1396 captivi
1104 1323 1337 1381 solvere
1366 1324 1717 1396 quisquam.

234 1431 511 1497 Christus,
536 1433 686 1501 fons
717 1433 862 1487 vim
892 1435 1170 1498 wternus,
1205 1430 1504 1486 hominem
1542 1445 1654 1487 sua
1700 1408 1892 1486 morte

939 1521 1177 1576 redimit

243 1626 478 1700 Equalis
507 1628 705 1684 Patris
732 1627 927 1683 donec
955 1626 1030 1683 de
1057 1626 1285 1696 virgine
1315 1630 1493 1681 natus

236 1715 385 1770 Filius
412 1716 684 1785 advenit,
708 1716 990 1773 homines
1022 1715 1271 1771 retinere
1308 1714 1599 1783 labentes,

227 1805 285 1857 Et
298 1819 578 1861 revocare
614 1805 737 1861 sibi
762 1804 970 1860 mortis
997 1803 1071 1859 de
1100 1819 1333 1859 carcere
1362 1802 1587 1876 lapsos.

223 1892 339 1964 Ipse
356 1893 613 1965 quidem
647 1908 917 1966 praesens
950 1892 1261 1955 Dominus,
1285 1892 1414 1948 haec
1444 1890 1629 1947 verba
1650 1889 1885 1955 salutis,

222 1980 459 2053 Eloquio
489 1982 667 2038 dulci
692 1982 914 2037 saliens
942 1981 1099 2048 fons,
1130 1980 1323 2037 intulit
1351 1980 1483 2036 orbi
1510 1995 1523 2035 :

217 2070 542 2142 Terrigenae
575 2071 929 2144 quicunque
956 2070 1115 2125 sitim
1144 2069 1495 2139 restringere
1523 2066 1650 2123 rivo

217 2158 414 2241 Vultis,
447 2165 756 2216 aeternum
787 2158 1008 2214 cursim
1035 2157 1373 2215 contendite
1404 2157 1649 2222 fontem,

218 2248 432 2305 Unicus
467 2263 617 2304 ecce
638 2248 741 2302 Dei
772 2247 905 2303 fons
934 2247 1087 2315 vitae,
1125 2247 1257 2319 jure
1284 2244 1534 2318 perenni

215 2336 408 2393 Eﬂluo
425 2350 608 2391 nunc
632 2335 833 2405 largos
861 2336 1032 2391 vobis
1062 2335 1399 2392 sitientibus
1428 2333 1674 2389 imbres.

214 2426 488 2498 Namque
520 2439 703 2479 meas
730 2423 1051 2479 hominum
1088 2423 1365 2496 quisquis
1404 2419 1723 2492 gustaverit
1768 2434 1881 2474 un-

1651 2507 1809 2579 [das,

224 2601 370 2658 Ultra
388 2616 517 2656 non
549 2598 728 2669 sitiet,
761 2598 902 2654 felix
929 2597 1034 2654 sed
1067 2598 1222 2654 vivet
1250 2598 1308 2653 in
1339 2613 1551 2653 aevum.

196 2689 459 2745 ‘Cernitis
488 2703 630 2745 ecce
659 2687 909 2760 quidem
938 2686 1218 2759 praesenti
1245 2701 1493 2758 corpore
1521 2689 1755 2751 natum,

232 2779 306 2833 lle
334 2777 513 2833 Patris
542 2776 745 2832 interni
772 2775 1043 2845 genitum
1070 2774 1195 2830 sine
1218 2774 1501 2847 temporis
1528 2774 1701 2829 hora.

236 2868 308 2921 De
335 2882 428 2921 me
450 2866 644 2939 deque
674 2868 837 2921 Patre
866 2863 1141 2937 procedit
1167 2864 1415 2936 Spiritus
1446 2863 1663 2928 almus,

242 2954 412 3019 Quem
464 2959 687 3027 septem
745 2953 967 3027 palmis
1026 2951 1242 3009 faciem
1286 2968 1423 3025 quae
1476 2952 1656 3008 fontis
1701 2949 1884 3007 amic-

1633 3041 1807 3111 [tant,

251 3129 531 3202 Multiplici
557 3130 708 3187 dono
735 3130 1049 3198 distinctae,
1078 3131 1328 3203 mystice
1357 3130 1616 3199 signant.

258 3220 397 3273 Nam
418 3218 692 3275 dederam
712 3220 933 3275 mundo
962 3220 1171 3289 vitam,
1201 3235 1389 3292 quam
1432 3218 1657 3291 respuit
1683 3218 1882 3275 Adam

265 3306 525 3359 Humano
556 3307 744 3374 generi
769 3308 1004 3375 gignens
1027 3308 1244 3364 lethale
1273 3323 1599 3377 venenum,

263 3391 424 3448 Unde
450 3391 554 3448 fuit
577 3397 777 3461 totum,
805 3396 1001 3451 mortis
1032 3397 1412 3469 tenebrisque
1450 3398 1734 3467 pererrat,

256 3479 414 3536 illum
440 3480 541 3553 qui
559 3480 682 3547 feci,
700 3481 827 3553 jam
852 3499 1114 3556 praesens
1140 3484 1269 3557 ipse
1295 3483 1555 3557 requiro.

576 3589 791 3645 Merito
819 3592 1127 3647 exclusum
1157 3606 1187 3647 ε
1213 3591 1520 3661 paradiso.

245 3695 395 3766 Elige
419 3712 676 3771 namque
704 3697 1013 3755 hominem
1051 3699 1316 3755 moriens
1357 3697 1667 3754 absolvere
1696 3696 1876 3766 letho,

246 3786 490 3856 Namque
516 3800 621 3857 per
650 3801 963 3842 excessum
1002 3787 1186 3843 vitam
1226 3802 1336 3860 pro
1385 3791 1574 3841 morte
1620 3785 1877 3859 reliquit,

248 3874 449 3945 Proque
476 3873 597 3928 suis
629 3875 853 3930 meritis
884 3875 1146 3949 paradisi
1171 3875 1430 3949 perdidit
1460 3874 1682 3930 aulam.

241 3960 559 4031 Cognitione
587 3962 688 4018 Dei
718 3979 968 4034 vacuus,
1000 3964 1321 4019 simulacra
1346 3963 1616 4035 deosque

238 4050 485 4121 Efﬁgiare
507 4052 621 4108 sibi
649 4053 898 4122 studuit,
926 4053 1326 4128 dominosque
1360 4050 1616 4126 precari.

235 4139 386 4195 Hunc
410 4155 518 4210 ego
550 4140 807 4203 decrevi,
844 4142 954 4198 soli
984 4143 1132 4198 mihi
1159 4143 1415 4198 subdere
1442 4140 1613 4197 colla.

235 4229 373 4293 Quid
402 4228 586 4284 facit?
615 4230 692 4285 ab
726 4230 872 4286 furis
897 4232 1123 4304 rapitur
1149 4232 1435 4304 deceptus
1470 4245 1696 4297 amore,

230 4319 400 4390 thue
430 4321 616 4375 Deum
640 4324 957 4376 veneratur
976 4336 1137 4389 eum,
1168 4321 1265 4377 cui
1293 4321 1554 4377 claustra
1584 4319 1874 4391 gehennae

233 4407 436 4463 Inferus
464 4414 525 4463 et
556 4408 840 4478 flammae,
872 4410 1249 4484 tenebrisque
1270 4410 1532 4467 obducta
1556 4423 1776 4478 vorago

232 4497 355 4551 Atra
393 4500 602 4552 manet
631 4496 830 4565 sedes,
862 4498 1227 4571 spirantibus
1277 4498 1542 4571 undique
1589 4495 1873 4554 ﬂammis.

234 4585 269 4641 Ο
290 4584 516 4642 factura
542 4586 686 4651 mei,
716 4587 865 4642 tristi
894 4588 1008 4644 sub
1036 4593 1192 4647 sorte
1229 4589 1514 4647 laborans
1538 4588 1550 4644 ι

236 4674 399 4738 Quam
426 4674 546 4730 feci
576 4675 861 4731 manibus
888 4676 1125 4745 faciem,
1157 4678 1399 4751 vitaque
1428 4676 1672 4750 replevi,

240 4762 311 4818 Ad
332 4780 419 4821 me
443 4762 760 4843 deﬂectas.
793 4769 941 4835 Nam
972 4768 1075 4840 qui
1100 4783 1250 4823 voco
1281 4782 1530 4847 corpore
1560 4769 1802 4841 sumpto

243 4851 300 4905 'l‘e
318 4868 592 4909 revocare
623 4853 846 4921 volens,
876 4855 1012 4911 veni
1041 4857 1366 4912 moriturus
1392 4854 1452 4911 in
1482 4854 1693 4911 orbem

253 4937 459 5006 Signifer
480 4940 581 4997 ille
610 4942 861 5014 quidem
889 4943 1050 5015 lethi,
1076 4946 1405 5017 mortisque
1430 4950 1694 5017 repertor

252 5025 446 5084 Talibus
466 5030 709 5099 auditis,
751 5031 921 5088 furiis
954 5048 1244 5089 accensus
1269 5040 1327 5090 et
1354 5034 1462 5104 ira,

244 5114 457 5180 Artibus
476 5118 784 5185 insimulat
804 5120 973 5178 ﬁdis:
1007 5124 1107 5189 Sat
1124 5138 1474 5196 possumus,
1501 5120 1714 5196 inquit.

240 5202 373 5265 Cum
398 5210 581 5266 mater
606 5207 926 5277 hominum
956 5214 1164 5273 nostro
1203 5212 1329 5271 sine
1362 5212 1607 5271 numine
1635 5213 1870 5269 tantum

233 5290 477 5353 Ediderit
509 5298 689 5366 terris,
724 5297 947 5371 culpati
976 5300 1179 5363 nescia
1215 5304 1440 5373 partus.

228 5380 491 5455 Conditor
513 5384 611 5445 ille
642 5390 880 5459 potens,
909 5388 1041 5446 coeli
1078 5389 1180 5464 qui
1211 5389 1476 5463 possidet
1504 5403 1725 5456 arcem,

224 5470 278 5524 In
304 5472 466 5529 terris
493 5472 809 5532 hominem
840 5477 1107 5551 primum
1144 5494 1329 5552 quem
1358 5477 1512 5542 fecit,
1544 5476 1725 5546 adivi,

221 5559 543 5635 Disjecique
570 5564 697 5621 suis
725 5565 1001 5623 clausum
1027 5583 1212 5641 quem
1242 5571 1511 5641 sepserat
1534 5568 1704 5638 aulis,

222 5650 442 5717 Etmihi
469 5652 733 5727 subieci,
758 5660 819 5727 et
850 5660 1051 5732 natea,
1076 5656 1417 5731 vulgusque
1450 5662 1767 5733 nepotum,

2005 326 2254 401 Insuper
2278 334 2335 389 et
2361 331 2605 405 proprio
2629 329 2921 403 complevi
2945 330 3229 399 dogmate
3252 332 3572 390 mundum.

2005 418 2086 471 Me
2118 418 2246 474 sine
2274 435 2383 475 nec
2413 420 2642 493 prolem
2673 425 2891 477 matres
2921 436 3179 491 genuere
3210 420 3458 489 maritis,

2009 508 2087 560 Ex
2111 522 2233 577 quo
2260 513 2462 565 nostra
2492 508 2696 565 volens
2719 507 2910 565 Adam
2940 513 3241 582 princepta
3270 513 3534 583 secutus,

2003 597 2192 667 Seque
2222 612 2483 667 suosque
2513 597 2677 654 dedit
2700 597 2875 654 nobis
2905 599 3124 654 servire
3154 603 3432 671 parentes
3465 618 3479 655 :

2006 684 2361 752 Legibusliis
2391 684 2584 741 donec
2614 691 2791 757 pacto
2820 703 2943 759 quo
2968 686 3173 744 nescia
3196 685 3418 757 fractis,

2002 776 2221 829 Tantus
2245 774 2306 828 in
2336 773 2482 830 orbe
2504 790 2673 846 puer,
2708 774 2928 830 nullius
2948 774 3212 831 criminis
3242 776 3430 833 haeres

2002 866 2205 930 Intrat,
2235 867 2292 918 et
2318 861 2597 934 antiquas
2621 862 2929 934 praesumit
2952 863 3225 933 frangere
3264 864 3446 933 leges.

2002 951 2154 1006 Dum
2185 951 2329 1006 mihi
2367 954 2750 1023 prostratum,
2778 950 2993 1023 quaerit
3035 951 3151 1006 sibi
3203 968 3444 1021 surgere
3484 968 3662 1008 mun-

3395 1041 3585 1112 [dum,

2002 1132 2167 1184 Hunc
2196 1145 2308 1200 ego
2340 1134 2425 1186 ter
2451 1132 2683 1186 tentans
2704 1128 3014 1185 hominem
3044 1144 3411 1197 cognoscere
3440 1146 3661 1202 purum

2001 1218 2137 1272 Arte
2167 1233 2300 1272 mea
2331 1217 2520 1285 volui;
2550 1217 2902 1289 heupulsus
2924 1216 3271 1289 dubiusque
3302 1218 3550 1274 recessi!

2000 1309 2153 1375 Ergo
2182 1305 2351 1362 decet
2379 1306 2611 1377 majora
2641 1306 2832 1362 virum
2865 1305 3080 1362 sentire
3110 1304 3352 1378 pericla.

2000 1398 2146 1450 Mors
2176 1395 2323 1450 mihi
2354 1399 2406 1451 te
2433 1395 2659 1451 sociam
2687 1394 2858 1451 solito
2884 1411 3024 1451 cum
3064 1393 3286 1451 fmdere
3306 1394 3585 1465 jungam,

1999 1484 2106 1548 Qui
2137 1484 2247 1539 nisi
2273 1499 2571 1555 cognosca
2626 1499 2861 1556 semper
2888 1483 3036 1556 quid
3062 1482 3253 1556 possit
3280 1483 3497 1540 amica.

1998 1576 2135 1629 Esse
2166 1579 2361 1646 potest
2390 1578 2578 1629 totum
2611 1579 2843 1629 revocet
2871 1589 2977 1647 per
3018 1573 3288 1630 carmina
3334 1572 3656 1630 mundum.

1920 1675 1963 1727 B
2000 1678 2177 1745 Quem
2207 1695 2363 1734 mors
2385 1680 2739 1752 alloquitur,
2773 1686 3169 1750 regnaturum
3199 1680 3417 1752 ubique
3464 1684 3657 1735 terra-

2747 1802 2903 1842 rum.

1996 1895 2144 1949 Mors
2173 1891 2336 1947 dedit
2358 1896 2600 1949 econtra
2632 1892 2775 1948 tales
2800 1893 2874 1950 de
2901 1897 3139 1967 pectore
3168 1909 3382 1951 voces:

1995 1980 2243 2036 Fredera
2271 1981 2317 2036 si
2349 1981 2586 2054 quaeris,
2619 1986 2815 2038 tecum
2845 1996 3081 2054 semper
3122 1981 3367 2055 ubique,

1994 2071 2212 2126 Perﬁce
2242 2069 2409 2143 quod
2433 2069 2681 2142 gaudes,
2709 2074 2866 2127 totus
2897 2086 3086 2144 quam
3118 2070 3368 2144 suscipit
3396 2070 3580 2139 orbis,

1993 2158 2269 2217 Emulus
2298 2157 2392 2214 ille
2415 2163 2550 2213 tuus
2575 2174 2782 2215 morsu
2802 2159 3075 2229 degustet
3099 2174 3330 2215 amaro.

1995 2245 2182 2314 Erige,
2214 2245 2298 2299 nil
2335 2245 2552 2310 tardes,
2599 2247 2851 2315 virgam,
2884 2262 3137 2318 pomum
3183 2245 3655 2315 colubrumque;

1994 2337 2123 2400 Quo
2153 2333 2274 2389 lato
2305 2332 2483 2402 digne
2513 2333 2801 2388 Dominus
2836 2332 3136 2389 veneraris
3163 2333 3225 2388 in
3254 2332 3420 2399 orbe,

1994 2426 2229 2496 Lexque
2259 2426 2481 2489 manet,
2508 2422 2736 2495 priscos
2785 2421 3052 2478 subdens
3090 2421 3194 2477 tibi
3221 2422 3354 2493 jure
3384 2419 3653 2488 colonos,

1994 2512 2153 2568 Illius
2184 2512 2245 2567 in
2270 2510 2484 2567 faciem
2514 2511 2779 2568 victricia
2805 2512 2977 2582 signa
3003 2511 3220 2569 levato.

1993 2604 2266 2657 Humano
2295 2600 2398 2673 qui
2430 2615 2596 2657 more
2625 2600 2740 2656 nisi
2761 2604 2863 2657 tua
2888 2604 3124 2674 sceptra
3154 2603 3463 2673 sequatur,

1995 2692 2158 2747 Sorte
2185 2705 2320 2749 mea
2338 2688 2597 2745 calidam
2628 2689 2906 2747 divellam
2936 2705 3185 2763 corpore
3225 2692 3507 2745 mentem.

1990 2782 2194 2851 Tuque
2224 2782 2436 2853 potens
2467 2778 2734 2835 animam
2764 2779 2982 2852 rapies,
3008 2783 3368 2852 raptamque
3397 2777 3651 2848 tenebis,

1993 2869 2221 2941 Corpus
2254 2868 2315 2922 in
2346 2871 2549 2939 optata
2580 2868 2892 2925 claudetur
2915 2872 3106 2925 morte
3152 2868 3477 2941 sepultum,

1994 2958 2084 3015 Sic
2110 2972 2354 3030 quoque
2385 2957 2644 3013 cessabit
2669 2962 2905 3014 nostros
2940 2957 3274 3030 irrumpere
3302 2957 3473 3013 ﬁnes.

1922 3032 1962 3087 (ἶ
1992 3046 2244 3112 Dixerat,
2273 3049 2330 3102 et
2358 3045 2618 3115 daemon,
2645 3062 2939 3103 concusso
2968 3046 3228 3103 culmine
3262 3045 3438 3116 signi,

1990 3135 2184 3191 Audet
2211 3135 2271 3191 in
2295 3139 2516 3193 aeterno
2536 3136 2910 3209 torquendus
2940 3135 3245 3207 sulphuris
3278 3135 3415 3203 igne

1990 3223 2272 3279 Infestare
2303 3224 2403 3278 Dei
2436 3222 2669 3289 faciem,
2700 3239 2885 3294 pomo
2924 3222 3317 3291 colubroque.

1990 3331 2147 3385 Fons
2172 3329 2306 3384 vitae
2334 3331 2716 3384 restauratur
2736 3342 2851 3398 per
2895 3326 3202 3385 Christum
3244 3330 3652 3401 resurgentem

2521 3450 2559 3492 a
2597 3436 2804 3493 mortis
2841 3437 3117 3507 sepulcro

1994 3541 2187 3615 Incipe
2216 3557 2380 3599 nunc
2408 3558 2650 3601 mecum
2680 3542 2934 3600 caelestis
2971 3542 3165 3613 gratia
3193 3556 3439 3599 carmen

1989 3632 2214 3689 Eterni
2238 3630 2439 3699 fontis,
2468 3632 2655 3704 ciphri
2686 3633 3012 3705 paschalis,
3045 3636 3103 3689 et
3130 3633 3314 3689 horae.

1989 3724 2061 3776 At
2090 3720 2322 3793 patiens
2353 3722 2641 3778 Dominus
2692 3723 3008 3779 hominum
3038 3724 3135 3778 cui
3167 3738 3312 3779 cura
3346 3720 3649 3794 perennis,

1992 3810 2173 3880 Signa
2202 3811 2361 3868 levat
2379 3816 2589 3867 contra
2631 3810 2879 3880 lignum,
2910 3827 3284 3884 pomumque
3305 3814 3650 3885 Deumque;

1993 3902 2106 3955 Pro
2138 3900 2293 3954 furto
2322 3900 2492 3974 pomi
2522 3916 2757 3957 sacrum
2786 3900 2940 3956 dans
2965 3900 3027 3956 in
3052 3915 3229 3955 cruce
3265 3914 3539 3971 pomum.

1988 3989 2174 4060 Hujus
2199 4004 2321 4045 non
2354 3990 2617 4062 speciem
2665 3989 2859 4061 potuit
2894 4004 3059 4045 mors
3088 3988 3207 4045 fere
3252 4004 3364 4045 nec
3392 3988 3645 4062 hydrus,

1986 4081 2236 4151 Moxque
2256 4077 2464 4149 fugam
2492 4083 2793 4152 caperent,
2816 4078 2869 4135 si
2884 4094 3007 4135 non
3026 4078 3117 4139 vis
3137 4078 3416 4151 proxima
3436 4078 3650 4137 Christi

1986 4167 2391 4238 Majestasque
2422 4167 2520 4222 Dei
2552 4168 2873 4224 Leviathan
2903 4167 3221 4241 prenderet
3242 4169 3447 4237 hamo,

1988 4258 2053 4311 Et
2082 4261 2259 4311 natus
2285 4256 2547 4312 hominis
2574 4266 2827 4313 mortem
2852 4257 3166 4313 moriendo
3206 4261 3463 4323 necaret,

1987 4345 2096 4410 Qui
2128 4361 2358 4418 ponens
2390 4345 2657 4402 animam
2689 4350 2895 4403 sancto
2927 4346 3229 4402 commisit
3258 4346 3336 4403 ab
3360 4362 3499 4402 ore:

1984 4438 2256 4492 Protinus
2289 4436 2450 4493 alma
2473 4437 2666 4508 jubet,
2695 4436 2884 4494 hostis
2914 4438 3249 4494 smvissima
3278 4436 3431 4494 colla

1986 4523 2204 4580 Divinis
2230 4525 2439 4594 stringi
2462 4526 2699 4595 vinclis;
2736 4531 3091 4599 torvumque
3109 4527 3458 4583 draconem.

2336 4632 2557 4688 Portus
2590 4633 2797 4689 mortis
2847 4635 3281 4705 e/fringentem.

1980 4737 2117 4793 Jam
2146 4741 2443 4794 tormenta
2477 4743 2760 4811 premunt
2785 4742 3083 4821 suspecta,
3129 4736 3492 4808 trahuntque
3542 4748 3641 4805 ge-

3349 4823 3639 4896 [mentem

1980 4910 2071 4965 Ad
2102 4915 2308 4981 portas
2333 4911 2513 4982 erebi,
2548 4911 2834 4967 Dominus
2862 4927 3016 4985 quas
3044 4913 3262 4984 obruit,
3286 4918 3468 4988 atque

1981 4996 2229 5053 Tartara
2258 4997 2531 5069 disrupit.
2559 4999 2863 5058 Caecitunc
2889 5002 3144 5059 carceris
3172 5002 3332 5059 aedes

1979 5087 2105 5142 Lux
2133 5089 2290 5144 Deus
2328 5086 2644 5160 irradians,
2670 5090 2877 5148 evertit
2901 5091 3035 5153 luce
3064 5092 3366 5149 tenebras.

2085 5196 2163 5269 Et
2193 5198 2540 5267 eripientem
2571 5212 2603 5254 e
2625 5198 2904 5266 faucibus
2929 5200 3211 5257 draconis
3243 5200 3526 5258 homines.

1980 5306 2023 5360 Ο
2055 5320 2211 5361 nova
2238 5303 2489 5376 captivis
2516 5302 2698 5365 facies
2729 5307 2870 5363 tunc
2904 5306 3035 5363 visa
3059 5308 3363 5375 Tonantis,

1979 5393 2091 5459 Qui
2119 5408 2308 5463 genus
2336 5394 2676 5450 humanum
2704 5395 2904 5467 rapuit
2928 5394 3005 5453 de
3033 5395 3205 5455 fauce
3225 5396 3524 5455 draconis.

1976 5480 2223 5543 Vincula
2250 5481 2538 5547 dissolvit,
2574 5483 2845 5556 praedam
2873 5484 3148 5561 patrique
3173 5488 3427 5558 reduxit,

1976 5568 2355 5644 Armillaeque
2384 5572 2561 5631 tetras
2590 5576 2885 5644 percussit
2919 5577 3168 5649 cuspide
3197 5577 3416 5643 fauces,

1976 5661 2157 5721 Posse
2182 5675 2296 5719 nec
2314 5659 2563 5731 indulsit
2588 5662 2793 5725 sanari
2817 5662 3037 5723 vulnus
3074 5668 3346 5738 apertum
