  <div class='ocr_page' id='page_1' title='image "/cluster/home/n/w/nwhite01/storage/ocr_20150623/115/hvd.32044054759790/017.png"; bbox 0 0 4160 6182; ppageno 0'>
   <div class='ocr_carea' id='block_1_1' title="bbox 466 213 3887 286">
    <p class='ocr_par' dir='ltr' id='par_1_1' title="bbox 466 213 3887 286">
     <span class='ocr_line' id='line_1_1' title="bbox 466 213 3887 286; baseline -0.005 0"><span class='ocrx_word' id='word_1_1' title='bbox 466 231 536 286; x_wconf 80' lang='lat'><strong>23</strong></span> <span class='ocrx_word' id='word_1_2' title='bbox 1550 222 1869 281; x_wconf 76' lang='lat' dir='ltr'><strong>AUDRADI</strong></span> <span class='ocrx_word' id='word_1_3' title='bbox 1899 213 2324 278; x_wconf 77' lang='lat' dir='ltr'><strong>SENONENSIS</strong></span> <span class='ocrx_word' id='word_1_4' title='bbox 2348 214 2852 274; x_wconf 83' lang='lat' dir='ltr'><strong>CHOREPISCOPI</strong></span> <span class='ocrx_word' id='word_1_5' title='bbox 3811 214 3887 270; x_wconf 73' lang='grc'><strong>24</strong></span> 
     </span>
    </p>
   </div>
   <div class='ocr_carea' id='block_1_2' title="bbox 464 324 3815 422">
    <p class='ocr_par' dir='ltr' id='par_1_2' title="bbox 464 324 3815 422">
     <span class='ocr_line' id='line_1_2' title="bbox 464 324 3815 422; baseline -0.005 -11"><span class='ocrx_word' id='word_1_6' title='bbox 464 358 627 412; x_wconf 85' lang='lat' dir='ltr'><strong>Tunc</strong></span> <span class='ocrx_word' id='word_1_7' title='bbox 664 350 872 409; x_wconf 87' lang='lat' dir='ltr'><strong>mortis</strong></span> <span class='ocrx_word' id='word_1_8' title='bbox 912 366 1154 406; x_wconf 85' lang='lat' dir='ltr'><strong>morsus</strong></span> <span class='ocrx_word' id='word_1_9' title='bbox 1206 347 1523 422; x_wconf 73' lang='lat' dir='ltr'><strong>praedictus</strong></span> <span class='ocrx_word' id='word_1_10' title='bbox 1566 360 1710 401; x_wconf 87' lang='lat' dir='ltr'><strong>voce</strong></span> <span class='ocrx_word' id='word_1_11' title='bbox 1761 342 2068 418; x_wconf 63' lang='lat' dir='ltr'><strong>propheta:</strong></span> <span class='ocrx_word' id='word_1_12' title='bbox 2092 324 2197 397; x_wconf 64' lang='grc' dir='ltr'><strong>αἈ</strong></span> <span class='ocrx_word' id='word_1_13' title='bbox 2232 339 2345 397; x_wconf 90' lang='lat' dir='ltr'><strong>Sed</strong></span> <span class='ocrx_word' id='word_1_14' title='bbox 2376 356 2616 395; x_wconf 86' lang='lat' dir='ltr'><strong>sursum</strong></span> <span class='ocrx_word' id='word_1_15' title='bbox 2641 339 2894 413; x_wconf 90' lang='lat' dir='ltr'><strong>pallens,</strong></span> <span class='ocrx_word' id='word_1_16' title='bbox 2934 340 3000 394; x_wconf 92' lang='lat' dir='ltr'><strong>ut</strong></span> <span class='ocrx_word' id='word_1_17' title='bbox 3027 337 3292 411; x_wconf 89' lang='lat' dir='ltr'><strong>primum</strong></span> <span class='ocrx_word' id='word_1_18' title='bbox 3319 335 3576 393; x_wconf 89' lang='lat' dir='ltr'><strong>condere</strong></span> <span class='ocrx_word' id='word_1_19' title='bbox 3604 335 3815 394; x_wconf 86' lang='lat' dir='ltr'><strong>lumen</strong></span> 
     </span>
    </p>
   </div>
   <div class='ocr_carea' id='block_1_3' title="bbox 469 432 1977 513">
    <p class='ocr_par' dir='ltr' id='par_1_3' title="bbox 469 432 1977 513">
     <span class='ocr_line' id='line_1_3' title="bbox 469 432 1977 513; baseline -0.009 -13"><span class='ocrx_word' id='word_1_20' title='bbox 469 442 717 511; x_wconf 82' lang='lat' dir='ltr'><strong>Exstitit,</strong></span> <span class='ocrx_word' id='word_1_21' title='bbox 744 445 803 496; x_wconf 87' lang='lat' dir='ltr'><strong>et</strong></span> <span class='ocrx_word' id='word_1_22' title='bbox 831 444 1064 513; x_wconf 89' lang='lat' dir='ltr'><strong>partem</strong></span> <span class='ocrx_word' id='word_1_23' title='bbox 1092 438 1311 511; x_wconf 84' lang='lat' dir='ltr'><strong>rapuit,</strong></span> <span class='ocrx_word' id='word_1_24' title='bbox 1342 439 1696 508; x_wconf 83' lang='lat' dir='ltr'><strong>partemque</strong></span> <span class='ocrx_word' id='word_1_25' title='bbox 1721 432 1977 504; x_wconf 85' lang='lat' dir='ltr'><strong>reliquit.</strong></span> 
     </span>
    </p>
   </div>
   <div class='ocr_carea' id='block_1_4' title="bbox 468 522 2011 594">
    <p class='ocr_par' dir='ltr' id='par_1_4' title="bbox 468 522 2011 594">
     <span class='ocr_line' id='line_1_4' title="bbox 468 522 2011 594; baseline -0.008 -5"><span class='ocrx_word' id='word_1_26' title='bbox 468 532 704 588; x_wconf 85' lang='lat' dir='ltr'><strong>Primus</strong></span> <span class='ocrx_word' id='word_1_27' title='bbox 735 534 791 586; x_wconf 91' lang='lat' dir='ltr'><strong>et</strong></span> <span class='ocrx_word' id='word_1_28' title='bbox 820 529 898 585; x_wconf 92' lang='lat' dir='ltr'><strong>ad</strong></span> <span class='ocrx_word' id='word_1_29' title='bbox 928 528 1106 584; x_wconf 85' lang='lat' dir='ltr'><strong>vitam</strong></span> <span class='ocrx_word' id='word_1_30' title='bbox 1135 524 1366 581; x_wconf 91' lang='lat' dir='ltr'><strong>devicta</strong></span> <span class='ocrx_word' id='word_1_31' title='bbox 1395 527 1583 579; x_wconf 89' lang='lat' dir='ltr'><strong>morte</strong></span> <span class='ocrx_word' id='word_1_32' title='bbox 1615 522 2011 594; x_wconf 83' lang='lat' dir='ltr'><strong>triumphans.</strong></span> 
     </span>
    </p>
   </div>
   <div class='ocr_carea' id='block_1_5' title="bbox 468 608 2014 686">
    <p class='ocr_par' dir='ltr' id='par_1_5' title="bbox 468 608 2014 686">
     <span class='ocr_line' id='line_1_5' title="bbox 468 608 2014 686; baseline -0.009 -9"><span class='ocrx_word' id='word_1_33' title='bbox 468 623 584 677; x_wconf 86' lang='lat' dir='ltr'><strong>Ter</strong></span> <span class='ocrx_word' id='word_1_34' title='bbox 611 618 897 676; x_wconf 86' lang='lat' dir='ltr'><strong>redeunte</strong></span> <span class='ocrx_word' id='word_1_35' title='bbox 926 617 1043 685; x_wconf 91' lang='lat' dir='ltr'><strong>die,</strong></span> <span class='ocrx_word' id='word_1_36' title='bbox 1076 618 1212 686; x_wconf 88' lang='lat' dir='ltr'><strong>post</strong></span> <span class='ocrx_word' id='word_1_37' title='bbox 1240 614 1368 668; x_wconf 62' lang='lat' dir='ltr'><strong>haec</strong></span> <span class='ocrx_word' id='word_1_38' title='bbox 1394 611 1652 668; x_wconf 84' lang='lat' dir='ltr'><strong>surrexit</strong></span> <span class='ocrx_word' id='word_1_39' title='bbox 1679 610 1759 667; x_wconf 88' lang='lat' dir='ltr'><strong>ab</strong></span> <span class='ocrx_word' id='word_1_40' title='bbox 1784 608 2014 665; x_wconf 82' lang='lat' dir='ltr'><strong>umbris</strong></span> 
     </span>
    </p>
   </div>
   <div class='ocr_carea' id='block_1_6' title="bbox 469 698 1994 775">
    <p class='ocr_par' dir='ltr' id='par_1_6' title="bbox 469 698 1994 775">
     <span class='ocr_line' id='line_1_6' title="bbox 469 698 1994 775; baseline -0.007 -11"><span class='ocrx_word' id='word_1_41' title='bbox 469 710 754 775; x_wconf 86' lang='lat' dir='ltr'><strong>Christus,</strong></span> <span class='ocrx_word' id='word_1_42' title='bbox 785 712 840 763; x_wconf 90' lang='lat' dir='ltr'><strong>et</strong></span> <span class='ocrx_word' id='word_1_43' title='bbox 868 722 899 761; x_wconf 91' lang='lat' dir='ltr'><strong>e</strong></span> <span class='ocrx_word' id='word_1_44' title='bbox 928 702 1183 760; x_wconf 81' lang='lat' dir='ltr'><strong>tenebris</strong></span> <span class='ocrx_word' id='word_1_45' title='bbox 1210 701 1417 758; x_wconf 88' lang='lat' dir='ltr'><strong>lumen</strong></span> <span class='ocrx_word' id='word_1_46' title='bbox 1446 698 1817 772; x_wconf 88' lang='lat' dir='ltr'><strong>resplenduit</strong></span> <span class='ocrx_word' id='word_1_47' title='bbox 1842 698 1994 755; x_wconf 88' lang='lat' dir='ltr'><strong>orbi.</strong></span> 
     </span>
    </p>
   </div>
   <div class='ocr_carea' id='block_1_7' title="bbox 471 790 1962 869">
    <p class='ocr_par' dir='ltr' id='par_1_7' title="bbox 471 790 1962 869">
     <span class='ocr_line' id='line_1_7' title="bbox 471 790 1962 869; baseline -0.01 -12"><span class='ocrx_word' id='word_1_48' title='bbox 471 803 541 857; x_wconf 90' lang='lat' dir='ltr'><strong>Ut</strong></span> <span class='ocrx_word' id='word_1_49' title='bbox 568 798 658 855; x_wconf 92' lang='lat' dir='ltr'><strong>sol</strong></span> <span class='ocrx_word' id='word_1_50' title='bbox 686 800 819 869; x_wconf 88' lang='lat' dir='ltr'><strong>post</strong></span> <span class='ocrx_word' id='word_1_51' title='bbox 847 792 1124 849; x_wconf 88' lang='lat' dir='ltr'><strong>tenebras</strong></span> <span class='ocrx_word' id='word_1_52' title='bbox 1154 791 1464 860; x_wconf 80' lang='lat' dir='ltr'><strong>consurgit</strong></span> <span class='ocrx_word' id='word_1_53' title='bbox 1492 790 1625 846; x_wconf 90' lang='lat' dir='ltr'><strong>luce</strong></span> <span class='ocrx_word' id='word_1_54' title='bbox 1657 804 1962 855; x_wconf 89' lang='lat' dir='ltr'><strong>coruscus,</strong></span> 
     </span>
    </p>
   </div>
   <div class='ocr_carea' id='block_1_8' title="bbox 468 875 2118 953">
    <p class='ocr_par' dir='ltr' id='par_1_8' title="bbox 468 875 2118 953">
     <span class='ocr_line' id='line_1_8' title="bbox 468 875 2118 953; baseline -0.007 -11"><span class='ocrx_word' id='word_1_55' title='bbox 468 886 733 945; x_wconf 87' lang='lat' dir='ltr'><strong>Condere</strong></span> <span class='ocrx_word' id='word_1_56' title='bbox 762 897 945 953; x_wconf 87' lang='lat' dir='ltr'><strong>quem</strong></span> <span class='ocrx_word' id='word_1_57' title='bbox 972 880 1177 936; x_wconf 63' lang='lat' dir='ltr'><strong>densas</strong></span> <span class='ocrx_word' id='word_1_58' title='bbox 1209 895 1528 951; x_wconf 88' lang='lat' dir='ltr'><strong>nunquam</strong></span> <span class='ocrx_word' id='word_1_59' title='bbox 1567 882 1813 950; x_wconf 89' lang='lat' dir='ltr'><strong>potuere</strong></span> <span class='ocrx_word' id='word_1_60' title='bbox 1840 875 2118 932; x_wconf 59' lang='lat' dir='ltr'><strong>tenebrae.</strong></span> 
     </span>
    </p>
   </div>
   <div class='ocr_carea' id='block_1_9' title="bbox 474 963 2120 1040">
    <p class='ocr_par' dir='ltr' id='par_1_9' title="bbox 474 963 2120 1040">
     <span class='ocr_line' id='line_1_9' title="bbox 474 963 2120 1040; baseline -0.009 -8"><span class='ocrx_word' id='word_1_61' title='bbox 474 976 568 1033; x_wconf 90' lang='lat' dir='ltr'><strong>Sic</strong></span> <span class='ocrx_word' id='word_1_62' title='bbox 594 974 777 1029; x_wconf 88' lang='lat' dir='ltr'><strong>chaos</strong></span> <span class='ocrx_word' id='word_1_63' title='bbox 806 983 1175 1040; x_wconf 84' lang='lat' dir='ltr'><strong>exsuperans</strong></span> <span class='ocrx_word' id='word_1_64' title='bbox 1204 966 1489 1036; x_wconf 85' lang='lat' dir='ltr'><strong>Christus,</strong></span> <span class='ocrx_word' id='word_1_65' title='bbox 1512 965 1587 1022; x_wconf 91' lang='lat' dir='ltr'><strong>de</strong></span> <span class='ocrx_word' id='word_1_66' title='bbox 1610 970 1798 1021; x_wconf 92' lang='lat' dir='ltr'><strong>morte</strong></span> <span class='ocrx_word' id='word_1_67' title='bbox 1826 963 2120 1033; x_wconf 79' lang='lat' dir='ltr'><strong>migravit.</strong></span> 
     </span>
    </p>
   </div>
   <div class='ocr_carea' id='block_1_10' title="bbox 469 1054 2122 1134">
    <p class='ocr_par' dir='ltr' id='par_1_10' title="bbox 469 1054 2122 1134">
     <span class='ocr_line' id='line_1_10' title="bbox 469 1054 2122 1134; baseline -0.007 -15"><span class='ocrx_word' id='word_1_68' title='bbox 469 1068 660 1134; x_wconf 82' lang='lat' dir='ltr'><strong>Atque</strong></span> <span class='ocrx_word' id='word_1_69' title='bbox 690 1060 860 1133; x_wconf 90' lang='lat' dir='ltr'><strong>pium</strong></span> <span class='ocrx_word' id='word_1_70' title='bbox 892 1056 1111 1113; x_wconf 89' lang='lat' dir='ltr'><strong>celebri</strong></span> <span class='ocrx_word' id='word_1_71' title='bbox 1137 1072 1274 1110; x_wconf 88' lang='lat' dir='ltr'><strong>cum</strong></span> <span class='ocrx_word' id='word_1_72' title='bbox 1305 1055 1548 1111; x_wconf 86' lang='lat' dir='ltr'><strong>nomine</strong></span> <span class='ocrx_word' id='word_1_73' title='bbox 1588 1055 1819 1111; x_wconf 87' lang='lat' dir='ltr'><strong>Pascha</strong></span> <span class='ocrx_word' id='word_1_74' title='bbox 1849 1054 2122 1109; x_wconf 81' lang='lat' dir='ltr'><strong>sacravit.</strong></span> 
     </span>
    </p>
   </div>
   <div class='ocr_carea' id='block_1_11' title="bbox 470 1144 1911 1219">
    <p class='ocr_par' dir='ltr' id='par_1_11' title="bbox 470 1144 1911 1219">
     <span class='ocr_line' id='line_1_11' title="bbox 470 1144 1911 1219; baseline -0.008 -10"><span class='ocrx_word' id='word_1_75' title='bbox 470 1157 599 1219; x_wconf 89' lang='lat' dir='ltr'><strong>Quo</strong></span> <span class='ocrx_word' id='word_1_76' title='bbox 624 1148 894 1207; x_wconf 83' lang='lat' dir='ltr'><strong>transivit</strong></span> <span class='ocrx_word' id='word_1_77' title='bbox 921 1147 1082 1202; x_wconf 90' lang='lat' dir='ltr'><strong>enim</strong></span> <span class='ocrx_word' id='word_1_78' title='bbox 1111 1146 1212 1201; x_wconf 87' lang='lat' dir='ltr'><strong>lux</strong></span> <span class='ocrx_word' id='word_1_79' title='bbox 1244 1150 1349 1211; x_wconf 89' lang='lat' dir='ltr'><strong>est,</strong></span> <span class='ocrx_word' id='word_1_80' title='bbox 1379 1150 1436 1201; x_wconf 89' lang='lat' dir='ltr'><strong>et</strong></span> <span class='ocrx_word' id='word_1_81' title='bbox 1468 1145 1586 1199; x_wconf 89' lang='lat' dir='ltr'><strong>vita</strong></span> <span class='ocrx_word' id='word_1_82' title='bbox 1610 1144 1911 1216; x_wconf 86' lang='lat' dir='ltr'><strong>perennis,</strong></span> 
     </span>
    </p>
   </div>
   <div class='ocr_carea' id='block_1_12' title="bbox 470 1234 1953 1305">
    <p class='ocr_par' dir='ltr' id='par_1_12' title="bbox 470 1234 1953 1305">
     <span class='ocr_line' id='line_1_12' title="bbox 470 1234 1953 1305; baseline -0.005 -9"><span class='ocrx_word' id='word_1_83' title='bbox 470 1246 628 1297; x_wconf 85' lang='lat' dir='ltr'><strong>Dans</strong></span> <span class='ocrx_word' id='word_1_84' title='bbox 658 1239 915 1294; x_wconf 86' lang='lat' dir='ltr'><strong>formam</strong></span> <span class='ocrx_word' id='word_1_85' title='bbox 946 1235 1121 1291; x_wconf 90' lang='lat' dir='ltr'><strong>nobis</strong></span> <span class='ocrx_word' id='word_1_86' title='bbox 1148 1234 1407 1290; x_wconf 86' lang='lat' dir='ltr'><strong>tenebris</strong></span> <span class='ocrx_word' id='word_1_87' title='bbox 1438 1249 1722 1303; x_wconf 79' lang='lat' dir='ltr'><strong>exurgere</strong></span> <span class='ocrx_word' id='word_1_88' title='bbox 1756 1249 1953 1305; x_wconf 67' lang='lat' dir='ltr'><strong>posse,</strong></span> 
     </span>
    </p>
   </div>
   <div class='ocr_carea' id='block_1_13' title="bbox 474 1322 1949 1393">
    <p class='ocr_par' dir='ltr' id='par_1_13' title="bbox 474 1322 1949 1393">
     <span class='ocr_line' id='line_1_13' title="bbox 474 1322 1949 1393; baseline -0.008 -6"><span class='ocrx_word' id='word_1_89' title='bbox 474 1331 533 1387; x_wconf 88' lang='lat' dir='ltr'><strong>Si</strong></span> <span class='ocrx_word' id='word_1_90' title='bbox 562 1334 765 1385; x_wconf 90' lang='lat' dir='ltr'><strong>tamen</strong></span> <span class='ocrx_word' id='word_1_91' title='bbox 795 1325 951 1381; x_wconf 91' lang='lat' dir='ltr'><strong>illius</strong></span> <span class='ocrx_word' id='word_1_92' title='bbox 977 1324 1348 1380; x_wconf 88' lang='lat' dir='ltr'><strong>celebremus</strong></span> <span class='ocrx_word' id='word_1_93' title='bbox 1378 1322 1676 1393; x_wconf 85' lang='lat' dir='ltr'><strong>dogmatis</strong></span> <span class='ocrx_word' id='word_1_94' title='bbox 1714 1322 1949 1391; x_wconf 90' lang='lat' dir='ltr'><strong>horam,</strong></span> 
     </span>
    </p>
   </div>
   <div class='ocr_carea' id='block_1_14' title="bbox 474 1410 1984 1487">
    <p class='ocr_par' dir='ltr' id='par_1_14' title="bbox 474 1410 1984 1487">
     <span class='ocr_line' id='line_1_14' title="bbox 474 1410 1984 1487; baseline -0.005 -14"><span class='ocrx_word' id='word_1_95' title='bbox 474 1416 723 1474; x_wconf 82' lang='lat' dir='ltr'><strong>Lumine</strong></span> <span class='ocrx_word' id='word_1_96' title='bbox 751 1429 939 1487; x_wconf 87' lang='lat' dir='ltr'><strong>quam</strong></span> <span class='ocrx_word' id='word_1_97' title='bbox 960 1413 1118 1468; x_wconf 73' lang='lat' dir='ltr'><strong>lunae</strong></span> <span class='ocrx_word' id='word_1_98' title='bbox 1150 1428 1403 1467; x_wconf 90' lang='lat' dir='ltr'><strong>numero</strong></span> <span class='ocrx_word' id='word_1_99' title='bbox 1433 1411 1693 1481; x_wconf 74' lang='lat' dir='ltr'><strong>signavit</strong></span> <span class='ocrx_word' id='word_1_100' title='bbox 1717 1416 1773 1466; x_wconf 89' lang='lat' dir='ltr'><strong>et</strong></span> <span class='ocrx_word' id='word_1_101' title='bbox 1804 1410 1984 1466; x_wconf 90' lang='lat' dir='ltr'><strong>almo.</strong></span> 
     </span>
    </p>
   </div>
   <div class='ocr_carea' id='block_1_15' title="bbox 472 1500 1843 1572">
    <p class='ocr_par' dir='ltr' id='par_1_15' title="bbox 472 1500 1843 1572">
     <span class='ocr_line' id='line_1_15' title="bbox 472 1500 1843 1572; baseline -0.004 -11"><span class='ocrx_word' id='word_1_102' title='bbox 472 1505 758 1562; x_wconf 77' lang='lat' dir='ltr'><strong>Inferiore.</strong></span> <span class='ocrx_word' id='word_1_103' title='bbox 782 1503 968 1572; x_wconf 81' lang='lat' dir='ltr'><strong>legas,</strong></span> <span class='ocrx_word' id='word_1_104' title='bbox 1002 1501 1050 1556; x_wconf 89' lang='lat' dir='ltr'><strong>si</strong></span> <span class='ocrx_word' id='word_1_105' title='bbox 1078 1501 1166 1556; x_wconf 86' lang='lat' dir='ltr'><strong>vis</strong></span> <span class='ocrx_word' id='word_1_106' title='bbox 1193 1502 1320 1557; x_wconf 62' lang='lat' dir='ltr'><strong>haec</strong></span> <span class='ocrx_word' id='word_1_107' title='bbox 1347 1500 1616 1557; x_wconf 88' lang='lat' dir='ltr'><strong>carmina</strong></span> <span class='ocrx_word' id='word_1_108' title='bbox 1646 1516 1843 1556; x_wconf 89' lang='lat' dir='ltr'><strong>nosse.</strong></span> 
     </span>
    </p>
   </div>
   <div class='ocr_carea' id='block_1_16' title="bbox 543 1610 2057 1689">
    <p class='ocr_par' dir='ltr' id='par_1_16' title="bbox 543 1610 2057 1689">
     <span class='ocr_line' id='line_1_16' title="bbox 543 1610 2057 1689; baseline -0.005 -12"><span class='ocrx_word' id='word_1_109' title='bbox 543 1610 891 1689; x_wconf 62' lang='lat' dir='ltr'><strong>Eafplicatio</strong></span> <span class='ocrx_word' id='word_1_110' title='bbox 929 1618 1178 1688; x_wconf 79' lang='lat' dir='ltr'><strong>mystica</strong></span> <span class='ocrx_word' id='word_1_111' title='bbox 1212 1617 1527 1673; x_wconf 75' lang='lat' dir='ltr'><strong>Paschalis</strong></span> <span class='ocrx_word' id='word_1_112' title='bbox 1557 1622 1610 1672; x_wconf 81' lang='lat' dir='ltr'><strong>et</strong></span> <span class='ocrx_word' id='word_1_113' title='bbox 1652 1618 1780 1686; x_wconf 85' lang='lat' dir='ltr'><strong>ejus</strong></span> <span class='ocrx_word' id='word_1_114' title='bbox 1804 1616 2057 1672; x_wconf 80' lang='lat' dir='ltr'><strong>dierum.</strong></span> 
     </span>
    </p>
   </div>
   <div class='ocr_carea' id='block_1_17' title="bbox 474 1732 1928 1801">
    <p class='ocr_par' dir='ltr' id='par_1_17' title="bbox 474 1732 1928 1801">
     <span class='ocr_line' id='line_1_17' title="bbox 474 1732 1928 1801; baseline -0.004 -9"><span class='ocrx_word' id='word_1_115' title='bbox 474 1735 692 1792; x_wconf 84' lang='lat' dir='ltr'><strong>Perﬁce</strong></span> <span class='ocrx_word' id='word_1_116' title='bbox 721 1749 881 1789; x_wconf 90' lang='lat' dir='ltr'><strong>nunc</strong></span> <span class='ocrx_word' id='word_1_117' title='bbox 912 1749 1151 1789; x_wconf 88' lang='lat' dir='ltr'><strong>mecum</strong></span> <span class='ocrx_word' id='word_1_118' title='bbox 1183 1732 1433 1787; x_wconf 78' lang='lat' dir='ltr'><strong>ccelestis</strong></span> <span class='ocrx_word' id='word_1_119' title='bbox 1466 1732 1656 1801; x_wconf 86' lang='lat' dir='ltr'><strong>gratia</strong></span> <span class='ocrx_word' id='word_1_120' title='bbox 1685 1747 1928 1787; x_wconf 90' lang='lat' dir='ltr'><strong>carmen</strong></span> 
     </span>
    </p>
   </div>
   <div class='ocr_carea' id='block_1_18' title="bbox 473 1822 1786 1898">
    <p class='ocr_par' dir='ltr' id='par_1_18' title="bbox 473 1822 1786 1898">
     <span class='ocr_line' id='line_1_18' title="bbox 473 1822 1786 1898; baseline -0.005 -16"><span class='ocrx_word' id='word_1_121' title='bbox 473 1826 692 1883; x_wconf 67' lang='lat' dir='ltr'><strong>1Eterni</strong></span> <span class='ocrx_word' id='word_1_122' title='bbox 716 1824 914 1893; x_wconf 91' lang='lat' dir='ltr'><strong>fontis,</strong></span> <span class='ocrx_word' id='word_1_123' title='bbox 942 1823 1131 1898; x_wconf 77' lang='lat' dir='ltr'><strong>ciphri</strong></span> <span class='ocrx_word' id='word_1_124' title='bbox 1163 1822 1489 1894; x_wconf 78' lang='lat' dir='ltr'><strong>paSchalis,</strong></span> <span class='ocrx_word' id='word_1_125' title='bbox 1523 1827 1579 1877; x_wconf 89' lang='lat' dir='ltr'><strong>et</strong></span> <span class='ocrx_word' id='word_1_126' title='bbox 1606 1822 1786 1877; x_wconf 58' lang='lat' dir='ltr'><strong>horae.</strong></span> 
     </span>
    </p>
   </div>
   <div class='ocr_carea' id='block_1_19' title="bbox 476 1910 1846 1985">
    <p class='ocr_par' dir='ltr' id='par_1_19' title="bbox 476 1910 1846 1985">
     <span class='ocr_line' id='line_1_19' title="bbox 476 1910 1846 1985; baseline -0.005 -11"><span class='ocrx_word' id='word_1_127' title='bbox 476 1921 641 1974; x_wconf 89' lang='lat' dir='ltr'><strong>Nunc</strong></span> <span class='ocrx_word' id='word_1_128' title='bbox 671 1914 834 1977; x_wconf 88' lang='lat' dir='ltr'><strong>audi,</strong></span> <span class='ocrx_word' id='word_1_129' title='bbox 864 1913 1062 1980; x_wconf 87' lang='lat' dir='ltr'><strong>frater,</strong></span> <span class='ocrx_word' id='word_1_130' title='bbox 1095 1929 1229 1985; x_wconf 75' lang='lat' dir='ltr'><strong>quae</strong></span> <span class='ocrx_word' id='word_1_131' title='bbox 1262 1912 1335 1966; x_wconf 90' lang='lat' dir='ltr'><strong>sit</strong></span> <span class='ocrx_word' id='word_1_132' title='bbox 1364 1911 1653 1984; x_wconf 89' lang='lat' dir='ltr'><strong>displosio</strong></span> <span class='ocrx_word' id='word_1_133' title='bbox 1683 1910 1846 1967; x_wconf 87' lang='lat' dir='ltr'><strong>nodi.</strong></span> 
     </span>
    </p>
   </div>
   <div class='ocr_carea' id='block_1_20' title="bbox 475 2000 1851 2076">
    <p class='ocr_par' dir='ltr' id='par_1_20' title="bbox 475 2000 1851 2076">
     <span class='ocr_line' id='line_1_20' title="bbox 475 2000 1851 2076; baseline -0.005 -14"><span class='ocrx_word' id='word_1_134' title='bbox 475 2008 543 2062; x_wconf 93' lang='lat' dir='ltr'><strong>In</strong></span> <span class='ocrx_word' id='word_1_135' title='bbox 574 2005 814 2075; x_wconf 87' lang='lat' dir='ltr'><strong>gemina</strong></span> <span class='ocrx_word' id='word_1_136' title='bbox 843 2002 1039 2076; x_wconf 90' lang='lat' dir='ltr'><strong>specie</strong></span> <span class='ocrx_word' id='word_1_137' title='bbox 1074 2002 1229 2056; x_wconf 81' lang='lat' dir='ltr'><strong>lunae</strong></span> <span class='ocrx_word' id='word_1_138' title='bbox 1252 2001 1637 2069; x_wconf 75' lang='lat' dir='ltr'><strong>distinguitur</strong></span> <span class='ocrx_word' id='word_1_139' title='bbox 1670 2000 1851 2072; x_wconf 89' lang='lat' dir='ltr'><strong>orbis,</strong></span> 
     </span>
    </p>
   </div>
   <div class='ocr_carea' id='block_1_21' title="bbox 474 2089 1921 2162">
    <p class='ocr_par' dir='ltr' id='par_1_21' title="bbox 474 2089 1921 2162">
     <span class='ocr_line' id='line_1_21' title="bbox 474 2089 1921 2162; baseline -0.004 -12"><span class='ocrx_word' id='word_1_140' title='bbox 474 2095 704 2150; x_wconf 84' lang='lat' dir='ltr'><strong>Scilicet</strong></span> <span class='ocrx_word' id='word_1_141' title='bbox 727 2093 1006 2160; x_wconf 90' lang='lat' dir='ltr'><strong>obscura,</strong></span> <span class='ocrx_word' id='word_1_142' title='bbox 1039 2090 1303 2162; x_wconf 89' lang='lat' dir='ltr'><strong>clarique</strong></span> <span class='ocrx_word' id='word_1_143' title='bbox 1332 2089 1574 2158; x_wconf 84' lang='lat' dir='ltr'><strong>fugante</strong></span> <span class='ocrx_word' id='word_1_144' title='bbox 1616 2089 1921 2145; x_wconf 89' lang='lat' dir='ltr'><strong>tenebras.</strong></span> 
     </span>
    </p>
   </div>
   <div class='ocr_carea' id='block_1_22' title="bbox 480 2178 2061 2254">
    <p class='ocr_par' dir='ltr' id='par_1_22' title="bbox 480 2178 2061 2254">
     <span class='ocr_line' id='line_1_22' title="bbox 480 2178 2061 2254; baseline -0.004 -15"><span class='ocrx_word' id='word_1_145' title='bbox 480 2183 699 2239; x_wconf 90' lang='lat' dir='ltr'><strong>Dicitur</strong></span> <span class='ocrx_word' id='word_1_146' title='bbox 728 2182 843 2239; x_wconf 91' lang='lat' dir='ltr'><strong>hac</strong></span> <span class='ocrx_word' id='word_1_147' title='bbox 873 2180 1069 2254; x_wconf 91' lang='lat' dir='ltr'><strong>specie</strong></span> <span class='ocrx_word' id='word_1_148' title='bbox 1094 2195 1235 2252; x_wconf 88' lang='lat' dir='ltr'><strong>pars</strong></span> <span class='ocrx_word' id='word_1_149' title='bbox 1268 2184 1432 2234; x_wconf 70' lang='lat' dir='ltr'><strong>terra:</strong></span> <span class='ocrx_word' id='word_1_150' title='bbox 1458 2194 1723 2251; x_wconf 91' lang='lat' dir='ltr'><strong>parsque</strong></span> <span class='ocrx_word' id='word_1_151' title='bbox 1762 2178 2061 2251; x_wconf 89' lang='lat' dir='ltr'><strong>polorum.</strong></span> 
     </span>
    </p>
   </div>
   <div class='ocr_carea' id='block_1_23' title="bbox 964 2294 1667 2364">
    <p class='ocr_par' dir='ltr' id='par_1_23' title="bbox 964 2294 1667 2364">
     <span class='ocr_line' id='line_1_23' title="bbox 964 2294 1667 2364; baseline 0 -14"><span class='ocrx_word' id='word_1_152' title='bbox 964 2297 1135 2350; x_wconf 80' lang='lat' dir='ltr'><strong>Luna</strong></span> <span class='ocrx_word' id='word_1_153' title='bbox 1162 2294 1417 2350; x_wconf 75' lang='lat' dir='ltr'><strong>hominis</strong></span> <span class='ocrx_word' id='word_1_154' title='bbox 1445 2295 1667 2364; x_wconf 76' lang='lat' dir='ltr'><strong>ﬁgura.</strong></span> 
     </span>
    </p>
   </div>
   <div class='ocr_carea' id='block_1_24' title="bbox 480 2409 1977 2482">
    <p class='ocr_par' dir='ltr' id='par_1_24' title="bbox 480 2409 1977 2482">
     <span class='ocr_line' id='line_1_24' title="bbox 480 2409 1977 2482; baseline -0.003 -13"><span class='ocrx_word' id='word_1_155' title='bbox 480 2413 714 2482; x_wconf 81' lang='lat' dir='ltr'><strong>Efﬁgies</strong></span> <span class='ocrx_word' id='word_1_156' title='bbox 739 2410 1027 2479; x_wconf 89' lang='lat' dir='ltr'><strong>hominis,</strong></span> <span class='ocrx_word' id='word_1_157' title='bbox 1057 2409 1340 2465; x_wconf 89' lang='lat' dir='ltr'><strong>manibus</strong></span> <span class='ocrx_word' id='word_1_158' title='bbox 1373 2409 1673 2482; x_wconf 84' lang='lat' dir='ltr'><strong>plasmata</strong></span> <span class='ocrx_word' id='word_1_159' title='bbox 1703 2409 1977 2465; x_wconf 87' lang='lat' dir='ltr'><strong>creantis.</strong></span> 
     </span>
    </p>
   </div>
   <div class='ocr_carea' id='block_1_25' title="bbox 482 2497 1998 2557">
    <p class='ocr_par' dir='ltr' id='par_1_25' title="bbox 482 2497 1998 2557">
     <span class='ocr_line' id='line_1_25' title="bbox 482 2497 1998 2557; baseline -0.001 -2"><span class='ocrx_word' id='word_1_160' title='bbox 482 2503 781 2557; x_wconf 83' lang='lat' dir='ltr'><strong>Hactenus</strong></span> <span class='ocrx_word' id='word_1_161' title='bbox 814 2505 871 2554; x_wconf 91' lang='lat' dir='ltr'><strong>et</strong></span> <span class='ocrx_word' id='word_1_162' title='bbox 908 2499 1077 2554; x_wconf 90' lang='lat' dir='ltr'><strong>terris</strong></span> <span class='ocrx_word' id='word_1_163' title='bbox 1104 2513 1458 2553; x_wconf 84' lang='lat' dir='ltr'><strong>conversum</strong></span> <span class='ocrx_word' id='word_1_164' title='bbox 1488 2498 1690 2553; x_wconf 88' lang='lat' dir='ltr'><strong>lumen</strong></span> <span class='ocrx_word' id='word_1_165' title='bbox 1723 2497 1801 2553; x_wconf 90' lang='lat' dir='ltr'><strong>ad</strong></span> <span class='ocrx_word' id='word_1_166' title='bbox 1830 2498 1998 2553; x_wconf 90' lang='lat' dir='ltr'><strong>illum</strong></span> 
     </span>
    </p>
   </div>
   <div class='ocr_carea' id='block_1_26' title="bbox 480 2587 2104 2658">
    <p class='ocr_par' dir='ltr' id='par_1_26' title="bbox 480 2587 2104 2658">
     <span class='ocr_line' id='line_1_26' title="bbox 480 2587 2104 2658; baseline -0.002 -12"><span class='ocrx_word' id='word_1_167' title='bbox 480 2592 719 2646; x_wconf 84' lang='lat' dir='ltr'><strong>Vertere</strong></span> <span class='ocrx_word' id='word_1_168' title='bbox 748 2588 892 2644; x_wconf 90' lang='lat' dir='ltr'><strong>luna</strong></span> <span class='ocrx_word' id='word_1_169' title='bbox 924 2592 1146 2653; x_wconf 88' lang='lat' dir='ltr'><strong>monet,</strong></span> <span class='ocrx_word' id='word_1_170' title='bbox 1182 2603 1318 2658; x_wconf 63' lang='lat' dir='ltr'><strong>quas</strong></span> <span class='ocrx_word' id='word_1_171' title='bbox 1349 2587 1497 2643; x_wconf 90' lang='lat' dir='ltr'><strong>dum</strong></span> <span class='ocrx_word' id='word_1_172' title='bbox 1529 2604 1639 2643; x_wconf 90' lang='lat' dir='ltr'><strong>sua</strong></span> <span class='ocrx_word' id='word_1_173' title='bbox 1676 2587 1907 2644; x_wconf 90' lang='lat' dir='ltr'><strong>lumina</strong></span> <span class='ocrx_word' id='word_1_174' title='bbox 1936 2588 2104 2643; x_wconf 87' lang='lat' dir='ltr'><strong>terris</strong></span> 
     </span>
    </p>
   </div>
   <div class='ocr_carea' id='block_1_27' title="bbox 488 2675 1990 2734">
    <p class='ocr_par' dir='ltr' id='par_1_27' title="bbox 488 2675 1990 2734">
     <span class='ocr_line' id='line_1_27' title="bbox 488 2675 1990 2734; baseline -0.001 0"><span class='ocrx_word' id='word_1_175' title='bbox 488 2678 679 2734; x_wconf 88' lang='lat' dir='ltr'><strong>Volvit</strong></span> <span class='ocrx_word' id='word_1_176' title='bbox 701 2683 758 2733; x_wconf 93' lang='lat' dir='ltr'><strong>et</strong></span> <span class='ocrx_word' id='word_1_177' title='bbox 784 2677 865 2733; x_wconf 89' lang='lat' dir='ltr'><strong>ad</strong></span> <span class='ocrx_word' id='word_1_178' title='bbox 893 2677 1131 2733; x_wconf 87' lang='lat' dir='ltr'><strong>coelum.</strong></span> <span class='ocrx_word' id='word_1_179' title='bbox 1157 2675 1412 2731; x_wconf 88' lang='lat' dir='ltr'><strong>tenebris</strong></span> <span class='ocrx_word' id='word_1_180' title='bbox 1441 2676 1706 2732; x_wconf 90' lang='lat' dir='ltr'><strong>obducta</strong></span> <span class='ocrx_word' id='word_1_181' title='bbox 1744 2681 1990 2732; x_wconf 91' lang='lat' dir='ltr'><strong>tenetur.</strong></span> 
     </span>
    </p>
   </div>
   <div class='ocr_carea' id='block_1_28' title="bbox 483 2765 2136 2839">
    <p class='ocr_par' dir='ltr' id='par_1_28' title="bbox 483 2765 2136 2839">
     <span class='ocr_line' id='line_1_28' title="bbox 483 2765 2136 2839; baseline -0.001 -17"><span class='ocrx_word' id='word_1_182' title='bbox 483 2771 591 2823; x_wconf 88' lang='lat' dir='ltr'><strong>Dat</strong></span> <span class='ocrx_word' id='word_1_183' title='bbox 620 2766 882 2822; x_wconf 85' lang='lat' dir='ltr'><strong>hominis</strong></span> <span class='ocrx_word' id='word_1_184' title='bbox 909 2765 1188 2835; x_wconf 89' lang='lat' dir='ltr'><strong>formam,</strong></span> <span class='ocrx_word' id='word_1_185' title='bbox 1230 2765 1333 2837; x_wconf 90' lang='lat' dir='ltr'><strong>qui</strong></span> <span class='ocrx_word' id='word_1_186' title='bbox 1378 2765 1525 2820; x_wconf 89' lang='lat' dir='ltr'><strong>dum</strong></span> <span class='ocrx_word' id='word_1_187' title='bbox 1566 2765 1865 2822; x_wconf 87' lang='lat' dir='ltr'><strong>terrestria</strong></span> <span class='ocrx_word' id='word_1_188' title='bbox 1906 2766 2136 2839; x_wconf 73' lang='lat' dir='ltr'><strong>quaerit,</strong></span> 
     </span>
    </p>
   </div>
   <div class='ocr_carea' id='block_1_29' title="bbox 488 2855 1812 2927">
    <p class='ocr_par' dir='ltr' id='par_1_29' title="bbox 488 2855 1812 2927">
     <span class='ocr_line' id='line_1_29' title="bbox 488 2855 1812 2927; baseline -0.001 -15"><span class='ocrx_word' id='word_1_189' title='bbox 488 2856 717 2927; x_wconf 78' lang='lat' dir='ltr'><strong>Ingenii</strong></span> <span class='ocrx_word' id='word_1_190' title='bbox 744 2855 951 2911; x_wconf 88' lang='lat' dir='ltr'><strong>lumen</strong></span> <span class='ocrx_word' id='word_1_191' title='bbox 979 2860 1167 2911; x_wconf 88' lang='lat' dir='ltr'><strong>terras</strong></span> <span class='ocrx_word' id='word_1_192' title='bbox 1198 2856 1484 2911; x_wconf 85' lang='lat' dir='ltr'><strong>convertit</strong></span> <span class='ocrx_word' id='word_1_193' title='bbox 1513 2855 1589 2911; x_wconf 92' lang='lat' dir='ltr'><strong>ad</strong></span> <span class='ocrx_word' id='word_1_194' title='bbox 1621 2855 1774 2911; x_wconf 88' lang='lat' dir='ltr'><strong>imas</strong></span> <span class='ocrx_word' id='word_1_195' title='bbox 1801 2874 1812 2911; x_wconf 89' lang='lat'><strong>:</strong></span> 
     </span>
    </p>
   </div>
   <div class='ocr_carea' id='block_1_30' title="bbox 423 2941 2064 3016">
    <p class='ocr_par' dir='ltr' id='par_1_30' title="bbox 423 2941 2064 3016">
     <span class='ocr_line' id='line_1_30' title="bbox 423 2941 2064 3016; baseline -0.002 -15"><span class='ocrx_word' id='word_1_196' title='bbox 423 2941 425 2944; x_wconf 35' lang='grc'><em>⁴</em></span> <span class='ocrx_word' id='word_1_197' title='bbox 486 2944 713 3016; x_wconf 82' lang='lat' dir='ltr'><strong>Excipit</strong></span> <span class='ocrx_word' id='word_1_198' title='bbox 739 2948 793 3000; x_wconf 88' lang='lat' dir='ltr'><strong>et</strong></span> <span class='ocrx_word' id='word_1_199' title='bbox 822 2943 982 3013; x_wconf 86' lang='lat' dir='ltr'><strong>vulgi</strong></span> <span class='ocrx_word' id='word_1_200' title='bbox 1008 2943 1277 3012; x_wconf 82' lang='lat' dir='ltr'><strong>gaudens</strong></span> <span class='ocrx_word' id='word_1_201' title='bbox 1308 2943 1455 2999; x_wconf 86' lang='lat' dir='ltr'><strong>dum</strong></span> <span class='ocrx_word' id='word_1_202' title='bbox 1488 2960 1797 3000; x_wconf 90' lang='lat' dir='ltr'><strong>murmure</strong></span> <span class='ocrx_word' id='word_1_203' title='bbox 1835 2944 2064 3006; x_wconf 87' lang='lat' dir='ltr'><strong>laudes,</strong></span> 
     </span>
    </p>
   </div>
   <div class='ocr_carea' id='block_1_31' title="bbox 486 3032 1923 3107">
    <p class='ocr_par' dir='ltr' id='par_1_31' title="bbox 486 3032 1923 3107">
     <span class='ocr_line' id='line_1_31' title="bbox 486 3032 1923 3107; baseline 0.001 -20"><span class='ocrx_word' id='word_1_204' title='bbox 486 3034 795 3107; x_wconf 89' lang='lat' dir='ltr'><strong>Dispectus</strong></span> <span class='ocrx_word' id='word_1_205' title='bbox 826 3032 995 3100; x_wconf 72' lang='lat' dir='ltr'><strong>cmlo,</strong></span> <span class='ocrx_word' id='word_1_206' title='bbox 1023 3032 1283 3088; x_wconf 90' lang='lat' dir='ltr'><strong>tenebris</strong></span> <span class='ocrx_word' id='word_1_207' title='bbox 1310 3032 1610 3088; x_wconf 84' lang='lat' dir='ltr'><strong>obductus</strong></span> <span class='ocrx_word' id='word_1_208' title='bbox 1650 3033 1923 3090; x_wconf 87' lang='lat' dir='ltr'><strong>habetur.</strong></span> 
     </span>
    </p>
   </div>
   <div class='ocr_carea' id='block_1_32' title="bbox 555 3157 2068 3226">
    <p class='ocr_par' dir='ltr' id='par_1_32' title="bbox 555 3157 2068 3226">
     <span class='ocr_line' id='line_1_32' title="bbox 555 3157 2068 3226; baseline 0.001 -12"><span class='ocrx_word' id='word_1_209' title='bbox 555 3158 889 3214; x_wconf 81' lang='lat' dir='ltr'><strong>Celebratz‘o</strong></span> <span class='ocrx_word' id='word_1_210' title='bbox 915 3157 1163 3215; x_wconf 58' lang='lat' dir='ltr'><strong>Pascha?</strong></span> <span class='ocrx_word' id='word_1_211' title='bbox 1174 3157 1533 3226; x_wconf 75' lang='lat' dir='ltr'><strong>prohibetur</strong></span> <span class='ocrx_word' id='word_1_212' title='bbox 1560 3164 1702 3215; x_wconf 84' lang='lat' dir='ltr'><strong>ante</strong></span> <span class='ocrx_word' id='word_1_213' title='bbox 1733 3160 1941 3215; x_wconf 81' lang='lat' dir='ltr'><strong>lunam</strong></span> <span class='ocrx_word' id='word_1_214' title='bbox 1968 3175 2068 3215; x_wconf 82' lang='lat' dir='ltr'><strong>xv.</strong></span> 
     </span>
    </p>
   </div>
   <div class='ocr_carea' id='block_1_33' title="bbox 483 3280 1889 3354">
    <p class='ocr_par' dir='ltr' id='par_1_33' title="bbox 483 3280 1889 3354">
     <span class='ocr_line' id='line_1_33' title="bbox 483 3280 1889 3354; baseline 0.003 -20"><span class='ocrx_word' id='word_1_215' title='bbox 483 3281 711 3337; x_wconf 89' lang='lat' dir='ltr'><strong>Interea</strong></span> <span class='ocrx_word' id='word_1_216' title='bbox 739 3280 1059 3337; x_wconf 90' lang='lat' dir='ltr'><strong>minimum</strong></span> <span class='ocrx_word' id='word_1_217' title='bbox 1088 3282 1300 3354; x_wconf 89' lang='lat' dir='ltr'><strong>poterit</strong></span> <span class='ocrx_word' id='word_1_218' title='bbox 1328 3281 1618 3337; x_wconf 90' lang='lat' dir='ltr'><strong>solemnis</strong></span> <span class='ocrx_word' id='word_1_219' title='bbox 1660 3282 1889 3350; x_wconf 89' lang='lat' dir='ltr'><strong>haberi,</strong></span> 
     </span>
    </p>
   </div>
   <div class='ocr_carea' id='block_1_34' title="bbox 483 3369 1908 3443">
    <p class='ocr_par' dir='ltr' id='par_1_34' title="bbox 483 3369 1908 3443">
     <span class='ocr_line' id='line_1_34' title="bbox 483 3369 1908 3443; baseline 0 -17"><span class='ocrx_word' id='word_1_220' title='bbox 483 3369 575 3426; x_wconf 89' lang='lat' dir='ltr'><strong>Bis</strong></span> <span class='ocrx_word' id='word_1_221' title='bbox 604 3370 823 3425; x_wconf 89' lang='lat' dir='ltr'><strong>etenim</strong></span> <span class='ocrx_word' id='word_1_222' title='bbox 855 3375 1086 3443; x_wconf 91' lang='lat' dir='ltr'><strong>septem</strong></span> <span class='ocrx_word' id='word_1_223' title='bbox 1118 3369 1447 3438; x_wconf 87' lang='lat' dir='ltr'><strong>glomerata</strong></span> <span class='ocrx_word' id='word_1_224' title='bbox 1474 3370 1664 3426; x_wconf 90' lang='lat' dir='ltr'><strong>fronte</strong></span> <span class='ocrx_word' id='word_1_225' title='bbox 1694 3372 1908 3428; x_wconf 91' lang='lat' dir='ltr'><strong>diebus</strong></span> 
     </span>
    </p>
   </div>
   <div class='ocr_carea' id='block_1_35' title="bbox 486 3457 1741 3523">
    <p class='ocr_par' dir='ltr' id='par_1_35' title="bbox 486 3457 1741 3523">
     <span class='ocr_line' id='line_1_35' title="bbox 486 3457 1741 3523; baseline 0.001 -8"><span class='ocrx_word' id='word_1_226' title='bbox 486 3459 720 3515; x_wconf 89' lang='lat' dir='ltr'><strong>Evomit</strong></span> <span class='ocrx_word' id='word_1_227' title='bbox 742 3458 803 3513; x_wconf 91' lang='lat' dir='ltr'><strong>in</strong></span> <span class='ocrx_word' id='word_1_228' title='bbox 836 3458 1002 3514; x_wconf 88' lang='lat' dir='ltr'><strong>terris</strong></span> <span class='ocrx_word' id='word_1_229' title='bbox 1031 3457 1238 3512; x_wconf 90' lang='lat' dir='ltr'><strong>lumen</strong></span> <span class='ocrx_word' id='word_1_230' title='bbox 1278 3457 1548 3513; x_wconf 90' lang='lat' dir='ltr'><strong>mirabile</strong></span> <span class='ocrx_word' id='word_1_231' title='bbox 1577 3460 1741 3523; x_wconf 88' lang='lat' dir='ltr'><strong>luna,</strong></span> 
     </span>
    </p>
   </div>
   <div class='ocr_carea' id='block_1_36' title="bbox 488 3546 2132 3621">
    <p class='ocr_par' dir='ltr' id='par_1_36' title="bbox 488 3546 2132 3621">
     <span class='ocr_line' id='line_1_36' title="bbox 488 3546 2132 3621; baseline -0.001 -19"><span class='ocrx_word' id='word_1_232' title='bbox 488 3550 551 3604; x_wconf 93' lang='lat' dir='ltr'><strong>In</strong></span> <span class='ocrx_word' id='word_1_233' title='bbox 582 3548 805 3621; x_wconf 91' lang='lat' dir='ltr'><strong>quibus</strong></span> <span class='ocrx_word' id='word_1_234' title='bbox 852 3550 945 3603; x_wconf 89' lang='lat' dir='ltr'><strong>est</strong></span> <span class='ocrx_word' id='word_1_235' title='bbox 978 3546 1226 3602; x_wconf 90' lang='lat' dir='ltr'><strong>vetitum</strong></span> <span class='ocrx_word' id='word_1_236' title='bbox 1257 3552 1534 3602; x_wconf 85' lang='lat' dir='ltr'><strong>sanctum</strong></span> <span class='ocrx_word' id='word_1_237' title='bbox 1582 3549 1847 3604; x_wconf 90' lang='lat' dir='ltr'><strong>solemne</strong></span> <span class='ocrx_word' id='word_1_238' title='bbox 1894 3549 2132 3620; x_wconf 81' lang='lat' dir='ltr'><strong>requiri.</strong></span> 
     </span>
    </p>
   </div>
   <div class='ocr_carea' id='block_1_37' title="bbox 488 3636 2134 3710">
    <p class='ocr_par' dir='ltr' id='par_1_37' title="bbox 488 3636 2134 3710">
     <span class='ocr_line' id='line_1_37' title="bbox 488 3636 2134 3710; baseline 0.001 -16"><span class='ocrx_word' id='word_1_239' title='bbox 488 3638 603 3705; x_wconf 87' lang='lat' dir='ltr'><strong>Qui</strong></span> <span class='ocrx_word' id='word_1_240' title='bbox 620 3638 904 3709; x_wconf 74' lang='lat' dir='ltr'><strong>duo,quae</strong></span> <span class='ocrx_word' id='word_1_241' title='bbox 921 3636 1215 3691; x_wconf 89' lang='lat' dir='ltr'><strong>Christum</strong></span> <span class='ocrx_word' id='word_1_242' title='bbox 1231 3637 1572 3707; x_wconf 75' lang='lat' dir='ltr'><strong>praecedunt</strong></span> <span class='ocrx_word' id='word_1_243' title='bbox 1588 3643 1858 3710; x_wconf 89' lang='lat' dir='ltr'><strong>tempora</strong></span> <span class='ocrx_word' id='word_1_244' title='bbox 1876 3638 2134 3706; x_wconf 83' lang='lat' dir='ltr'><strong>signant,</strong></span> 
     </span>
    </p>
   </div>
   <div class='ocr_carea' id='block_1_38' title="bbox 483 3724 2076 3797">
    <p class='ocr_par' dir='ltr' id='par_1_38' title="bbox 483 3724 2076 3797">
     <span class='ocr_line' id='line_1_38' title="bbox 483 3724 2076 3797; baseline 0.001 -15"><span class='ocrx_word' id='word_1_245' title='bbox 483 3730 632 3783; x_wconf 76' lang='lat' dir='ltr'><strong>Ante</strong></span> <span class='ocrx_word' id='word_1_246' title='bbox 652 3726 859 3782; x_wconf 86' lang='lat' dir='ltr'><strong>datam</strong></span> <span class='ocrx_word' id='word_1_247' title='bbox 886 3725 1081 3794; x_wconf 88' lang='lat' dir='ltr'><strong>legem</strong></span> <span class='ocrx_word' id='word_1_248' title='bbox 1110 3724 1394 3797; x_wconf 87' lang='lat' dir='ltr'><strong>primum,</strong></span> <span class='ocrx_word' id='word_1_249' title='bbox 1425 3726 1540 3781; x_wconf 89' lang='lat' dir='ltr'><strong>sub</strong></span> <span class='ocrx_word' id='word_1_250' title='bbox 1571 3727 1700 3795; x_wconf 90' lang='lat' dir='ltr'><strong>lege</strong></span> <span class='ocrx_word' id='word_1_251' title='bbox 1722 3727 2076 3784; x_wconf 88' lang='lat' dir='ltr'><strong>secundum.</strong></span> 
     </span>
    </p>
   </div>
   <div class='ocr_carea' id='block_1_39' title="bbox 484 3813 1867 3888">
    <p class='ocr_par' dir='ltr' id='par_1_39' title="bbox 484 3813 1867 3888">
     <span class='ocr_line' id='line_1_39' title="bbox 484 3813 1867 3888; baseline 0.001 -18"><span class='ocrx_word' id='word_1_252' title='bbox 484 3817 593 3870; x_wconf 88' lang='lat' dir='ltr'><strong>Per</strong></span> <span class='ocrx_word' id='word_1_253' title='bbox 621 3830 759 3886; x_wconf 66' lang='lat' dir='ltr'><strong>qua:</strong></span> <span class='ocrx_word' id='word_1_254' title='bbox 790 3813 1098 3884; x_wconf 66' lang='lat' dir='ltr'><strong>terrigenas</strong></span> <span class='ocrx_word' id='word_1_255' title='bbox 1124 3814 1353 3886; x_wconf 85' lang='lat' dir='ltr'><strong>peccati</strong></span> <span class='ocrx_word' id='word_1_256' title='bbox 1382 3816 1647 3888; x_wconf 89' lang='lat' dir='ltr'><strong>pondere</strong></span> <span class='ocrx_word' id='word_1_257' title='bbox 1677 3816 1867 3888; x_wconf 87' lang='lat' dir='ltr'><strong>pressi</strong></span> 
     </span>
    </p>
   </div>
   <div class='ocr_carea' id='block_1_40' title="bbox 486 3902 1839 3976">
    <p class='ocr_par' dir='ltr' id='par_1_40' title="bbox 486 3902 1839 3976">
     <span class='ocr_line' id='line_1_40' title="bbox 486 3902 1839 3976; baseline 0.002 -18"><span class='ocrx_word' id='word_1_258' title='bbox 486 3902 802 3973; x_wconf 88' lang='lat' dir='ltr'><strong>Ingenium</strong></span> <span class='ocrx_word' id='word_1_259' title='bbox 828 3902 965 3959; x_wconf 65' lang='lat' dir='ltr'><strong>vita;</strong></span> <span class='ocrx_word' id='word_1_260' title='bbox 992 3902 1228 3959; x_wconf 85' lang='lat' dir='ltr'><strong>sibimet</strong></span> <span class='ocrx_word' id='word_1_261' title='bbox 1257 3904 1524 3962; x_wconf 90' lang='lat' dir='ltr'><strong>conferre</strong></span> <span class='ocrx_word' id='word_1_262' title='bbox 1551 3905 1839 3976; x_wconf 83' lang='lat' dir='ltr'><strong>volentes,</strong></span> 
     </span>
    </p>
   </div>
   <div class='ocr_carea' id='block_1_41' title="bbox 486 3991 1861 4061">
    <p class='ocr_par' dir='ltr' id='par_1_41' title="bbox 486 3991 1861 4061">
     <span class='ocr_line' id='line_1_41' title="bbox 486 3991 1861 4061; baseline 0.004 -15"><span class='ocrx_word' id='word_1_263' title='bbox 486 3992 724 4061; x_wconf 90' lang='lat' dir='ltr'><strong>Indigni</strong></span> <span class='ocrx_word' id='word_1_264' title='bbox 753 3991 927 4059; x_wconf 67' lang='lat' dir='ltr'><strong>coelo,</strong></span> <span class='ocrx_word' id='word_1_265' title='bbox 959 3992 1218 4049; x_wconf 86' lang='lat' dir='ltr'><strong>tenebris</strong></span> <span class='ocrx_word' id='word_1_266' title='bbox 1249 4010 1508 4051; x_wconf 89' lang='lat' dir='ltr'><strong>mersere</strong></span> <span class='ocrx_word' id='word_1_267' title='bbox 1537 4000 1861 4052; x_wconf 86' lang='lat' dir='ltr'><strong>senectam.</strong></span> 
     </span>
    </p>
   </div>
   <div class='ocr_carea' id='block_1_42' title="bbox 484 4079 2027 4153">
    <p class='ocr_par' dir='ltr' id='par_1_42' title="bbox 484 4079 2027 4153">
     <span class='ocr_line' id='line_1_42' title="bbox 484 4079 2027 4153; baseline 0.003 -15"><span class='ocrx_word' id='word_1_268' title='bbox 484 4082 664 4138; x_wconf 82' lang='lat' dir='ltr'><strong>Morte</strong></span> <span class='ocrx_word' id='word_1_269' title='bbox 694 4094 804 4136; x_wconf 90' lang='lat' dir='ltr'><strong>nec</strong></span> <span class='ocrx_word' id='word_1_270' title='bbox 835 4079 1092 4153; x_wconf 88' lang='lat' dir='ltr'><strong>abjecta,</strong></span> <span class='ocrx_word' id='word_1_271' title='bbox 1118 4088 1464 4140; x_wconf 89' lang='lat' dir='ltr'><strong>meruerunt</strong></span> <span class='ocrx_word' id='word_1_272' title='bbox 1499 4099 1739 4140; x_wconf 88' lang='lat' dir='ltr'><strong>cernere</strong></span> <span class='ocrx_word' id='word_1_273' title='bbox 1778 4084 2027 4142; x_wconf 87' lang='lat' dir='ltr'><strong>Pascha.</strong></span> 
     </span>
    </p>
   </div>
   <div class='ocr_carea' id='block_1_43' title="bbox 556 4187 1035 4255">
    <p class='ocr_par' dir='ltr' id='par_1_43' title="bbox 556 4187 1035 4255">
     <span class='ocr_line' id='line_1_43' title="bbox 556 4187 1035 4255; baseline 0.004 -13"><span class='ocrx_word' id='word_1_274' title='bbox 556 4194 583 4224; x_wconf 74' lang='grc'><strong><em>³</em></strong></span> <span class='ocrx_word' id='word_1_275' title='bbox 608 4187 744 4243; x_wconf 91' lang='lat' dir='ltr'><strong>Ose.</strong></span> <span class='ocrx_word' id='word_1_276' title='bbox 784 4201 906 4255; x_wconf 82' lang='lat' dir='ltr'><strong>xm,</strong></span> <span class='ocrx_word' id='word_1_277' title='bbox 951 4189 1035 4244; x_wconf 80' lang='grc'><strong>14.</strong></span> 
     </span>
    </p>
   </div>
   <div class='ocr_carea' id='block_1_44' title="bbox 2230 425 3560 500">
    <p class='ocr_par' dir='ltr' id='par_1_44' title="bbox 2230 425 3560 500">
     <span class='ocr_line' id='line_1_44' title="bbox 2230 425 3560 500; baseline 0 -19"><span class='ocrx_word' id='word_1_278' title='bbox 2230 428 2502 500; x_wconf 79' lang='lat' dir='ltr'><strong>Coeperit,</strong></span> <span class='ocrx_word' id='word_1_279' title='bbox 2531 434 2588 485; x_wconf 91' lang='lat' dir='ltr'><strong>et</strong></span> <span class='ocrx_word' id='word_1_280' title='bbox 2610 428 2780 484; x_wconf 89' lang='lat' dir='ltr'><strong>terris</strong></span> <span class='ocrx_word' id='word_1_281' title='bbox 2809 427 2982 497; x_wconf 89' lang='lat' dir='ltr'><strong>nigra</strong></span> <span class='ocrx_word' id='word_1_282' title='bbox 3009 426 3294 483; x_wconf 87' lang='lat' dir='ltr'><strong>vilescere</strong></span> <span class='ocrx_word' id='word_1_283' title='bbox 3320 425 3518 483; x_wconf 90' lang='lat' dir='ltr'><strong>forma</strong></span> <span class='ocrx_word' id='word_1_284' title='bbox 3546 443 3560 481; x_wconf 91' lang='lat'><strong>:</strong></span> 
     </span>
    </p>
   </div>
   <div class='ocr_carea' id='block_1_45' title="bbox 2228 515 3817 591">
    <p class='ocr_par' dir='ltr' id='par_1_45' title="bbox 2228 515 3817 591">
     <span class='ocr_line' id='line_1_45' title="bbox 2228 515 3817 591; baseline -0.001 -17"><span class='ocrx_word' id='word_1_285' title='bbox 2228 521 2335 574; x_wconf 89' lang='lat' dir='ltr'><strong>Ter</strong></span> <span class='ocrx_word' id='word_1_286' title='bbox 2361 522 2590 591; x_wconf 86' lang='lat' dir='ltr'><strong>septem</strong></span> <span class='ocrx_word' id='word_1_287' title='bbox 2613 520 2953 583; x_wconf 88' lang='lat' dir='ltr'><strong>numerant,</strong></span> <span class='ocrx_word' id='word_1_288' title='bbox 2985 531 3140 589; x_wconf 91' lang='lat' dir='ltr'><strong>quos</strong></span> <span class='ocrx_word' id='word_1_289' title='bbox 3177 531 3304 572; x_wconf 90' lang='lat' dir='ltr'><strong>non</strong></span> <span class='ocrx_word' id='word_1_290' title='bbox 3333 515 3621 571; x_wconf 82' lang='lat' dir='ltr'><strong>excedere</strong></span> <span class='ocrx_word' id='word_1_291' title='bbox 3659 515 3817 572; x_wconf 89' lang='lat' dir='ltr'><strong>soles</strong></span> 
     </span>
    </p>
   </div>
   <div class='ocr_carea' id='block_1_46' title="bbox 2198 603 3828 677">
    <p class='ocr_par' dir='ltr' id='par_1_46' title="bbox 2198 603 3828 677">
     <span class='ocr_line' id='line_1_46' title="bbox 2198 603 3828 677; baseline 0 -16"><span class='ocrx_word' id='word_1_292' title='bbox 2198 668 2201 671; x_wconf 23' lang='grc' dir='ltr'><em>ν</em></span> <span class='ocrx_word' id='word_1_293' title='bbox 2228 606 2329 669; x_wconf 90' lang='lat' dir='ltr'><strong>Sit,</strong></span> <span class='ocrx_word' id='word_1_294' title='bbox 2363 607 2467 662; x_wconf 90' lang='lat' dir='ltr'><strong>sed</strong></span> <span class='ocrx_word' id='word_1_295' title='bbox 2497 606 2559 661; x_wconf 91' lang='lat' dir='ltr'><strong>in</strong></span> <span class='ocrx_word' id='word_1_296' title='bbox 2588 606 2680 661; x_wconf 91' lang='lat' dir='ltr'><strong>his</strong></span> <span class='ocrx_word' id='word_1_297' title='bbox 2706 605 2953 671; x_wconf 88' lang='lat' dir='ltr'><strong>licitum,</strong></span> <span class='ocrx_word' id='word_1_298' title='bbox 2982 608 3261 661; x_wconf 87' lang='lat' dir='ltr'><strong>sanctum</strong></span> <span class='ocrx_word' id='word_1_299' title='bbox 3281 603 3550 660; x_wconf 89' lang='lat' dir='ltr'><strong>solemne</strong></span> <span class='ocrx_word' id='word_1_300' title='bbox 3579 604 3828 677; x_wconf 88' lang='lat' dir='ltr'><strong>requiri.</strong></span> 
     </span>
    </p>
   </div>
   <div class='ocr_carea' id='block_1_47' title="bbox 2221 693 3894 773">
    <p class='ocr_par' dir='ltr' id='par_1_47' title="bbox 2221 693 3894 773">
     <span class='ocr_line' id='line_1_47' title="bbox 2221 693 3894 773; baseline 0 -22"><span class='ocrx_word' id='word_1_301' title='bbox 2221 696 2324 773; x_wconf 42' lang='lat' dir='ltr'><strong>.Sic</strong></span> <span class='ocrx_word' id='word_1_302' title='bbox 2347 695 2713 768; x_wconf 83' lang='lat' dir='ltr'><strong>lacrymans.</strong></span> <span class='ocrx_word' id='word_1_303' title='bbox 2754 694 3021 768; x_wconf 89' lang='lat' dir='ltr'><strong>primum</strong></span> <span class='ocrx_word' id='word_1_304' title='bbox 3069 693 3219 749; x_wconf 69' lang='lat' dir='ltr'><strong>caelo</strong></span> <span class='ocrx_word' id='word_1_305' title='bbox 3259 710 3399 750; x_wconf 92' lang='lat' dir='ltr'><strong>cum</strong></span> <span class='ocrx_word' id='word_1_306' title='bbox 3435 699 3664 750; x_wconf 87' lang='lat' dir='ltr'><strong>vertere</strong></span> <span class='ocrx_word' id='word_1_307' title='bbox 3704 695 3894 751; x_wconf 88' lang='lat' dir='ltr'><strong>vitam</strong></span> 
     </span>
    </p>
   </div>
   <div class='ocr_carea' id='block_1_48' title="bbox 2233 783 3563 856">
    <p class='ocr_par' dir='ltr' id='par_1_48' title="bbox 2233 783 3563 856">
     <span class='ocr_line' id='line_1_48' title="bbox 2233 783 3563 856; baseline -0.002 -16"><span class='ocrx_word' id='word_1_308' title='bbox 2233 784 2501 856; x_wconf 88' lang='lat' dir='ltr'><strong>Coeperit,</strong></span> <span class='ocrx_word' id='word_1_309' title='bbox 2534 788 2591 840; x_wconf 92' lang='lat' dir='ltr'><strong>et</strong></span> <span class='ocrx_word' id='word_1_310' title='bbox 2610 784 2777 840; x_wconf 89' lang='lat' dir='ltr'><strong>terris</strong></span> <span class='ocrx_word' id='word_1_311' title='bbox 2807 783 2964 839; x_wconf 87' lang='lat' dir='ltr'><strong>viltis</strong></span> <span class='ocrx_word' id='word_1_312' title='bbox 2990 783 3306 856; x_wconf 90' lang='lat' dir='ltr'><strong>despectus</strong></span> <span class='ocrx_word' id='word_1_313' title='bbox 3333 787 3392 838; x_wconf 91' lang='lat' dir='ltr'><strong>et</strong></span> <span class='ocrx_word' id='word_1_314' title='bbox 3415 799 3563 839; x_wconf 90' lang='lat' dir='ltr'><strong>esse.</strong></span> 
     </span>
    </p>
   </div>
   <div class='ocr_carea' id='block_1_49' title="bbox 2229 872 3671 946">
    <p class='ocr_par' dir='ltr' id='par_1_49' title="bbox 2229 872 3671 946">
     <span class='ocr_line' id='line_1_49' title="bbox 2229 872 3671 946; baseline 0.001 -19"><span class='ocrx_word' id='word_1_315' title='bbox 2229 875 2359 928; x_wconf 85' lang='lat' dir='ltr'><strong>Jam</strong></span> <span class='ocrx_word' id='word_1_316' title='bbox 2392 874 2541 928; x_wconf 89' lang='lat' dir='ltr'><strong>coelo</strong></span> <span class='ocrx_word' id='word_1_317' title='bbox 2572 873 2789 942; x_wconf 91' lang='lat' dir='ltr'><strong>clarus,</strong></span> <span class='ocrx_word' id='word_1_318' title='bbox 2817 878 2903 929; x_wconf 91' lang='lat' dir='ltr'><strong>ter</strong></span> <span class='ocrx_word' id='word_1_319' title='bbox 2935 877 3163 946; x_wconf 86' lang='lat' dir='ltr'><strong>septem</strong></span> <span class='ocrx_word' id='word_1_320' title='bbox 3196 876 3478 946; x_wconf 90' lang='lat' dir='ltr'><strong>supputet</strong></span> <span class='ocrx_word' id='word_1_321' title='bbox 3505 872 3671 940; x_wconf 91' lang='lat' dir='ltr'><strong>illud,</strong></span> 
     </span>
    </p>
   </div>
   <div class='ocr_carea' id='block_1_50' title="bbox 2236 962 3678 1035">
    <p class='ocr_par' dir='ltr' id='par_1_50' title="bbox 2236 962 3678 1035">
     <span class='ocr_line' id='line_1_50' title="bbox 2236 962 3678 1035; baseline 0.001 -18"><span class='ocrx_word' id='word_1_322' title='bbox 2236 963 2461 1019; x_wconf 83' lang='lat' dir='ltr'><strong>Scilicet</strong></span> <span class='ocrx_word' id='word_1_323' title='bbox 2488 963 2548 1019; x_wconf 92' lang='lat' dir='ltr'><strong>in</strong></span> <span class='ocrx_word' id='word_1_324' title='bbox 2580 963 2832 1031; x_wconf 91' lang='lat' dir='ltr'><strong>mundo,</strong></span> <span class='ocrx_word' id='word_1_325' title='bbox 2867 963 3076 1019; x_wconf 88' lang='lat' dir='ltr'><strong>Christi</strong></span> <span class='ocrx_word' id='word_1_326' title='bbox 3117 978 3239 1035; x_wconf 91' lang='lat' dir='ltr'><strong>quo</strong></span> <span class='ocrx_word' id='word_1_327' title='bbox 3275 963 3463 1032; x_wconf 85' lang='lat' dir='ltr'><strong>gratia</strong></span> <span class='ocrx_word' id='word_1_328' title='bbox 3493 962 3678 1031; x_wconf 88' lang='lat' dir='ltr'><strong>fulget</strong></span> 
     </span>
    </p>
   </div>
   <div class='ocr_carea' id='block_1_51' title="bbox 2236 1052 3751 1125">
    <p class='ocr_par' dir='ltr' id='par_1_51' title="bbox 2236 1052 3751 1125">
     <span class='ocr_line' id='line_1_51' title="bbox 2236 1052 3751 1125; baseline 0.001 -18"><span class='ocrx_word' id='word_1_329' title='bbox 2236 1052 2505 1125; x_wconf 87' lang='lat' dir='ltr'><strong>Tempus</strong></span> <span class='ocrx_word' id='word_1_330' title='bbox 2531 1073 2543 1109; x_wconf 87' lang='lat'>:</span> <span class='ocrx_word' id='word_1_331' title='bbox 2568 1060 2626 1109; x_wconf 88' lang='lat' dir='ltr'><strong>et</strong></span> <span class='ocrx_word' id='word_1_332' title='bbox 2653 1069 2726 1109; x_wconf 84' lang='lat' dir='ltr'><strong>ex</strong></span> <span class='ocrx_word' id='word_1_333' title='bbox 2756 1057 2879 1108; x_wconf 88' lang='lat' dir='ltr'><strong>toto</strong></span> <span class='ocrx_word' id='word_1_334' title='bbox 2908 1069 3235 1109; x_wconf 86' lang='lat' dir='ltr'><strong>conversus</strong></span> <span class='ocrx_word' id='word_1_335' title='bbox 3268 1052 3448 1109; x_wconf 90' lang='lat' dir='ltr'><strong>corde</strong></span> <span class='ocrx_word' id='word_1_336' title='bbox 3484 1053 3751 1125; x_wconf 88' lang='lat' dir='ltr'><strong>requirat</strong></span> 
     </span>
    </p>
   </div>
   <div class='ocr_carea' id='block_1_52' title="bbox 2236 1140 3746 1215">
    <p class='ocr_par' dir='ltr' id='par_1_52' title="bbox 2236 1140 3746 1215">
     <span class='ocr_line' id='line_1_52' title="bbox 2236 1140 3746 1215; baseline 0.001 -19"><span class='ocrx_word' id='word_1_337' title='bbox 2236 1142 2468 1197; x_wconf 85' lang='lat' dir='ltr'><strong>Pascha</strong></span> <span class='ocrx_word' id='word_1_338' title='bbox 2498 1142 2888 1212; x_wconf 89' lang='lat' dir='ltr'><strong>salutiferum,</strong></span> <span class='ocrx_word' id='word_1_339' title='bbox 2919 1140 3136 1197; x_wconf 85' lang='lat' dir='ltr'><strong>celebri</strong></span> <span class='ocrx_word' id='word_1_340' title='bbox 3164 1141 3392 1197; x_wconf 88' lang='lat' dir='ltr'><strong>ratione</strong></span> <span class='ocrx_word' id='word_1_341' title='bbox 3421 1147 3746 1215; x_wconf 90' lang='lat' dir='ltr'><strong>repertum.</strong></span> 
     </span>
    </p>
   </div>
   <div class='ocr_carea' id='block_1_53' title="bbox 2239 1230 3566 1303">
    <p class='ocr_par' dir='ltr' id='par_1_53' title="bbox 2239 1230 3566 1303">
     <span class='ocr_line' id='line_1_53' title="bbox 2239 1230 3566 1303; baseline 0.002 -19"><span class='ocrx_word' id='word_1_342' title='bbox 2239 1234 2439 1303; x_wconf 88' lang='lat' dir='ltr'><strong>Deque</strong></span> <span class='ocrx_word' id='word_1_343' title='bbox 2472 1231 2789 1287; x_wconf 90' lang='lat' dir='ltr'><strong>tenebrosa</strong></span> <span class='ocrx_word' id='word_1_344' title='bbox 2818 1230 3038 1286; x_wconf 86' lang='lat' dir='ltr'><strong>saliens</strong></span> <span class='ocrx_word' id='word_1_345' title='bbox 3080 1230 3331 1301; x_wconf 89' lang='lat' dir='ltr'><strong>caligine</strong></span> <span class='ocrx_word' id='word_1_346' title='bbox 3356 1231 3566 1299; x_wconf 90' lang='lat' dir='ltr'><strong>noctis,</strong></span> 
     </span>
    </p>
   </div>
   <div class='ocr_carea' id='block_1_54' title="bbox 2238 1320 3891 1392">
    <p class='ocr_par' dir='ltr' id='par_1_54' title="bbox 2238 1320 3891 1392">
     <span class='ocr_line' id='line_1_54' title="bbox 2238 1320 3891 1392; baseline 0.002 -17"><span class='ocrx_word' id='word_1_347' title='bbox 2238 1324 2519 1376; x_wconf 83' lang='lat' dir='ltr'><strong>Transeat</strong></span> <span class='ocrx_word' id='word_1_348' title='bbox 2547 1320 2626 1376; x_wconf 92' lang='lat' dir='ltr'><strong>ad</strong></span> <span class='ocrx_word' id='word_1_349' title='bbox 2654 1320 2872 1385; x_wconf 89' lang='lat' dir='ltr'><strong>lucem,</strong></span> <span class='ocrx_word' id='word_1_350' title='bbox 2900 1320 3166 1376; x_wconf 90' lang='lat' dir='ltr'><strong>Christus</strong></span> <span class='ocrx_word' id='word_1_351' title='bbox 3194 1336 3379 1392; x_wconf 88' lang='lat' dir='ltr'><strong>quam</strong></span> <span class='ocrx_word' id='word_1_352' title='bbox 3425 1320 3674 1378; x_wconf 89' lang='lat' dir='ltr'><strong>contulit</strong></span> <span class='ocrx_word' id='word_1_353' title='bbox 3709 1321 3840 1378; x_wconf 88' lang='lat' dir='ltr'><strong>orbi</strong></span> <span class='ocrx_word' id='word_1_354' title='bbox 3878 1341 3891 1391; x_wconf 93' lang='lat'><strong>;</strong></span> 
     </span>
    </p>
   </div>
   <div class='ocr_carea' id='block_1_55' title="bbox 2242 1408 3568 1482">
    <p class='ocr_par' dir='ltr' id='par_1_55' title="bbox 2242 1408 3568 1482">
     <span class='ocr_line' id='line_1_55' title="bbox 2242 1408 3568 1482; baseline 0.001 -18"><span class='ocrx_word' id='word_1_355' title='bbox 2242 1412 2328 1479; x_wconf 90' lang='lat' dir='ltr'><strong>Ut,</strong></span> <span class='ocrx_word' id='word_1_356' title='bbox 2357 1409 2647 1466; x_wconf 88' lang='lat' dir='ltr'><strong>tribuente</strong></span> <span class='ocrx_word' id='word_1_357' title='bbox 2678 1412 2815 1478; x_wconf 88' lang='lat' dir='ltr'><strong>Deo,</strong></span> <span class='ocrx_word' id='word_1_358' title='bbox 2848 1409 2987 1466; x_wconf 77' lang='lat' dir='ltr'><strong>felix</strong></span> <span class='ocrx_word' id='word_1_359' title='bbox 3015 1425 3121 1482; x_wconf 91' lang='lat' dir='ltr'><strong>per</strong></span> <span class='ocrx_word' id='word_1_360' title='bbox 3162 1408 3364 1465; x_wconf 89' lang='lat' dir='ltr'><strong>secula</strong></span> <span class='ocrx_word' id='word_1_361' title='bbox 3393 1408 3568 1466; x_wconf 86' lang='lat' dir='ltr'><strong>vivat.</strong></span> 
     </span>
    </p>
   </div>
   <div class='ocr_carea' id='block_1_56' title="bbox 2241 1590 3696 1659">
    <p class='ocr_par' dir='ltr' id='par_1_56' title="bbox 2241 1590 3696 1659">
     <span class='ocr_line' id='line_1_56' title="bbox 2241 1590 3696 1659; baseline 0.001 -15"><span class='ocrx_word' id='word_1_362' title='bbox 2241 1590 2462 1647; x_wconf 84' lang='lat' dir='ltr'><strong>Perﬁce</strong></span> <span class='ocrx_word' id='word_1_363' title='bbox 2491 1606 2652 1647; x_wconf 87' lang='lat' dir='ltr'><strong>nunc</strong></span> <span class='ocrx_word' id='word_1_364' title='bbox 2676 1606 2918 1646; x_wconf 91' lang='lat' dir='ltr'><strong>mecum</strong></span> <span class='ocrx_word' id='word_1_365' title='bbox 2952 1590 3202 1646; x_wconf 67' lang='lat' dir='ltr'><strong>crrlestis</strong></span> <span class='ocrx_word' id='word_1_366' title='bbox 3233 1590 3425 1659; x_wconf 84' lang='lat' dir='ltr'><strong>gratia</strong></span> <span class='ocrx_word' id='word_1_367' title='bbox 3454 1606 3696 1648; x_wconf 87' lang='lat' dir='ltr'><strong>carmen</strong></span> 
     </span>
    </p>
   </div>
   <div class='ocr_carea' id='block_1_57' title="bbox 2172 1678 3572 1753">
    <p class='ocr_par' dir='ltr' id='par_1_57' title="bbox 2172 1678 3572 1753">
     <span class='ocr_line' id='line_1_57' title="bbox 2172 1678 3572 1753; baseline -0.001 -17"><span class='ocrx_word' id='word_1_368' title='bbox 2172 1697 2210 1749; x_wconf 78' lang='grc' dir='ltr'><strong>Β</strong></span> <span class='ocrx_word' id='word_1_369' title='bbox 2242 1681 2455 1736; x_wconf 63' lang='grc' dir='ltr'><strong>[Ειθιυηί</strong></span> <span class='ocrx_word' id='word_1_370' title='bbox 2484 1680 2686 1747; x_wconf 87' lang='lat' dir='ltr'><strong>fontis,</strong></span> <span class='ocrx_word' id='word_1_371' title='bbox 2722 1680 2909 1753; x_wconf 90' lang='lat' dir='ltr'><strong>ciphri</strong></span> <span class='ocrx_word' id='word_1_372' title='bbox 2936 1678 3258 1753; x_wconf 79' lang='lat' dir='ltr'><strong>paschalis,</strong></span> <span class='ocrx_word' id='word_1_373' title='bbox 3292 1684 3350 1736; x_wconf 90' lang='lat' dir='ltr'><strong>et</strong></span> <span class='ocrx_word' id='word_1_374' title='bbox 3386 1680 3572 1736; x_wconf 69' lang='lat' dir='ltr'><strong>horae.</strong></span> 
     </span>
    </p>
   </div>
   <div class='ocr_carea' id='block_1_58' title="bbox 2242 1768 3535 1841">
    <p class='ocr_par' dir='ltr' id='par_1_58' title="bbox 2242 1768 3535 1841">
     <span class='ocr_line' id='line_1_58' title="bbox 2242 1768 3535 1841; baseline -0.001 -15"><span class='ocrx_word' id='word_1_375' title='bbox 2242 1770 2571 1827; x_wconf 77' lang='lat' dir='ltr'><strong>Auxiliante</strong></span> <span class='ocrx_word' id='word_1_376' title='bbox 2597 1773 2713 1826; x_wconf 90' lang='lat' dir='ltr'><strong>Deo</strong></span> <span class='ocrx_word' id='word_1_377' title='bbox 2746 1770 2918 1841; x_wconf 88' lang='lat' dir='ltr'><strong>cujus</strong></span> <span class='ocrx_word' id='word_1_378' title='bbox 2947 1769 3093 1825; x_wconf 90' lang='lat' dir='ltr'><strong>mihi</strong></span> <span class='ocrx_word' id='word_1_379' title='bbox 3125 1768 3304 1826; x_wconf 82' lang='lat' dir='ltr'><strong>verba</strong></span> <span class='ocrx_word' id='word_1_380' title='bbox 3336 1770 3535 1835; x_wconf 86' lang='lat' dir='ltr'><strong>tulisti,</strong></span> 
     </span>
    </p>
   </div>
   <div class='ocr_carea' id='block_1_59' title="bbox 2246 1860 3748 1931">
    <p class='ocr_par' dir='ltr' id='par_1_59' title="bbox 2246 1860 3748 1931">
     <span class='ocr_line' id='line_1_59' title="bbox 2246 1860 3748 1931; baseline 0.003 -18"><span class='ocrx_word' id='word_1_381' title='bbox 2246 1865 2549 1916; x_wconf 68' lang='lat' dir='ltr'><strong>Arcanum</strong></span> <span class='ocrx_word' id='word_1_382' title='bbox 2574 1860 2714 1915; x_wconf 84' lang='lat' dir='ltr'><strong>ﬁdei</strong></span> <span class='ocrx_word' id='word_1_383' title='bbox 2735 1876 3029 1931; x_wconf 88' lang='lat' dir='ltr'><strong>reserans,</strong></span> <span class='ocrx_word' id='word_1_384' title='bbox 3061 1860 3172 1915; x_wconf 90' lang='lat' dir='ltr'><strong>sub</strong></span> <span class='ocrx_word' id='word_1_385' title='bbox 3205 1860 3448 1916; x_wconf 88' lang='lat' dir='ltr'><strong>nomine</strong></span> <span class='ocrx_word' id='word_1_386' title='bbox 3487 1861 3748 1928; x_wconf 60' lang='lat' dir='ltr'><strong>Pascha,</strong></span> 
     </span>
    </p>
   </div>
   <div class='ocr_carea' id='block_1_60' title="bbox 2245 1948 3771 2022">
    <p class='ocr_par' dir='ltr' id='par_1_60' title="bbox 2245 1948 3771 2022">
     <span class='ocr_line' id='line_1_60' title="bbox 2245 1948 3771 2022; baseline -0.001 -17"><span class='ocrx_word' id='word_1_387' title='bbox 2245 1949 2506 2020; x_wconf 85' lang='lat' dir='ltr'><strong>Explicui</strong></span> <span class='ocrx_word' id='word_1_388' title='bbox 2535 1967 2547 2004; x_wconf 90' lang='lat'>:</span> <span class='ocrx_word' id='word_1_389' title='bbox 2590 1949 2833 2021; x_wconf 90' lang='lat' dir='ltr'><strong>triplum</strong></span> <span class='ocrx_word' id='word_1_390' title='bbox 2865 1948 3151 2022; x_wconf 90' lang='lat' dir='ltr'><strong>potuique</strong></span> <span class='ocrx_word' id='word_1_391' title='bbox 3180 1949 3471 2005; x_wconf 88' lang='lat' dir='ltr'><strong>resolvere</strong></span> <span class='ocrx_word' id='word_1_392' title='bbox 3523 1950 3771 2006; x_wconf 90' lang='lat' dir='ltr'><strong>nodum.</strong></span> 
     </span>
    </p>
   </div>
   <div class='ocr_carea' id='block_1_61' title="bbox 2245 2037 3709 2109">
    <p class='ocr_par' dir='ltr' id='par_1_61' title="bbox 2245 2037 3709 2109">
     <span class='ocr_line' id='line_1_61' title="bbox 2245 2037 3709 2109; baseline 0.001 -15"><span class='ocrx_word' id='word_1_393' title='bbox 2245 2037 2520 2108; x_wconf 88' lang='lat' dir='ltr'><strong>Marginis</strong></span> <span class='ocrx_word' id='word_1_394' title='bbox 2540 2042 2597 2094; x_wconf 92' lang='lat' dir='ltr'><strong>et</strong></span> <span class='ocrx_word' id='word_1_395' title='bbox 2621 2037 2891 2107; x_wconf 87' lang='lat' dir='ltr'><strong>geminas</strong></span> <span class='ocrx_word' id='word_1_396' title='bbox 2922 2038 3107 2094; x_wconf 87' lang='lat' dir='ltr'><strong>cecini</strong></span> <span class='ocrx_word' id='word_1_397' title='bbox 3127 2038 3273 2109; x_wconf 51' lang='lat' dir='ltr'><strong>jam,</strong></span> <span class='ocrx_word' id='word_1_398' title='bbox 3286 2038 3433 2094; x_wconf 87' lang='lat' dir='ltr'><strong>forte</strong></span> <span class='ocrx_word' id='word_1_399' title='bbox 3460 2039 3709 2109; x_wconf 74' lang='lat' dir='ltr'><strong>figuras.</strong></span> 
     </span>
    </p>
   </div>
   <div class='ocr_carea' id='block_1_62' title="bbox 2248 2127 3568 2200">
    <p class='ocr_par' dir='ltr' id='par_1_62' title="bbox 2248 2127 3568 2200">
     <span class='ocr_line' id='line_1_62' title="bbox 2248 2127 3568 2200; baseline 0.001 -19"><span class='ocrx_word' id='word_1_400' title='bbox 2248 2127 2417 2183; x_wconf 89' lang='lat' dir='ltr'><strong>Clara</strong></span> <span class='ocrx_word' id='word_1_401' title='bbox 2447 2127 2705 2200; x_wconf 87' lang='lat' dir='ltr'><strong>septenis</strong></span> <span class='ocrx_word' id='word_1_402' title='bbox 2731 2127 2926 2199; x_wconf 85' lang='lat' dir='ltr'><strong>specie</strong></span> <span class='ocrx_word' id='word_1_403' title='bbox 2949 2128 3048 2199; x_wconf 87' lang='lat' dir='ltr'><strong>qui</strong></span> <span class='ocrx_word' id='word_1_404' title='bbox 3081 2127 3265 2197; x_wconf 88' lang='lat' dir='ltr'><strong>fulget</strong></span> <span class='ocrx_word' id='word_1_405' title='bbox 3290 2127 3352 2183; x_wconf 90' lang='lat' dir='ltr'><strong>in</strong></span> <span class='ocrx_word' id='word_1_406' title='bbox 3395 2127 3568 2200; x_wconf 90' lang='lat' dir='ltr'><strong>ulnis,</strong></span> 
     </span>
    </p>
   </div>
   <div class='ocr_carea' id='block_1_63' title="bbox 2245 2217 3603 2287">
    <p class='ocr_par' dir='ltr' id='par_1_63' title="bbox 2245 2217 3603 2287">
     <span class='ocr_line' id='line_1_63' title="bbox 2245 2217 3603 2287; baseline 0 -15"><span class='ocrx_word' id='word_1_407' title='bbox 2245 2222 2325 2273; x_wconf 77' lang='lat' dir='ltr'><strong>Ac</strong></span> <span class='ocrx_word' id='word_1_408' title='bbox 2356 2217 2601 2272; x_wconf 83' lang='lat' dir='ltr'><strong>totidem</strong></span> <span class='ocrx_word' id='word_1_409' title='bbox 2627 2217 2826 2272; x_wconf 80' lang='lat' dir='ltr'><strong>mixtis</strong></span> <span class='ocrx_word' id='word_1_410' title='bbox 2864 2219 3122 2272; x_wconf 69' lang='lat' dir='ltr'><strong>variatur</strong></span> <span class='ocrx_word' id='word_1_411' title='bbox 3162 2217 3375 2272; x_wconf 67' lang='lat' dir='ltr'><strong>cortice</strong></span> <span class='ocrx_word' id='word_1_412' title='bbox 3415 2218 3603 2287; x_wconf 85' lang='lat' dir='ltr'><strong>nigro.</strong></span> 
     </span>
    </p>
   </div>
   <div class='ocr_carea' id='block_1_64' title="bbox 2248 2307 3892 2379">
    <p class='ocr_par' dir='ltr' id='par_1_64' title="bbox 2248 2307 3892 2379">
     <span class='ocr_line' id='line_1_64' title="bbox 2248 2307 3892 2379; baseline 0 -18"><span class='ocrx_word' id='word_1_413' title='bbox 2248 2309 2359 2362; x_wconf 90' lang='lat' dir='ltr'><strong>Vos</strong></span> <span class='ocrx_word' id='word_1_414' title='bbox 2385 2307 2777 2379; x_wconf 86' lang='lat' dir='ltr'><strong>quoquejam</strong></span> <span class='ocrx_word' id='word_1_415' title='bbox 2806 2307 2952 2375; x_wconf 77' lang='lat' dir='ltr'><strong>fudi,</strong></span> <span class='ocrx_word' id='word_1_416' title='bbox 2989 2307 3322 2361; x_wconf 69' lang='lat' dir='ltr'><strong>\‘0ltl‘iitllt18</strong></span> <span class='ocrx_word' id='word_1_417' title='bbox 3364 2307 3581 2379; x_wconf 78' lang='lat' dir='ltr'><strong>pignus</strong></span> <span class='ocrx_word' id='word_1_418' title='bbox 3628 2307 3892 2374; x_wconf 86' lang='lat' dir='ltr'><strong>honoris,</strong></span> 
     </span>
    </p>
   </div>
   <div class='ocr_carea' id='block_1_65' title="bbox 2251 2396 3796 2469">
    <p class='ocr_par' dir='ltr' id='par_1_65' title="bbox 2251 2396 3796 2469">
     <span class='ocr_line' id='line_1_65' title="bbox 2251 2396 3796 2469; baseline -0.001 -17"><span class='ocrx_word' id='word_1_419' title='bbox 2251 2396 2516 2468; x_wconf 90' lang='lat' dir='ltr'><strong>Septenis</strong></span> <span class='ocrx_word' id='word_1_420' title='bbox 2548 2396 2813 2458; x_wconf 88' lang='lat' dir='ltr'><strong>calamis,</strong></span> <span class='ocrx_word' id='word_1_421' title='bbox 2846 2396 3010 2451; x_wconf 74' lang='lat' dir='ltr'><strong>horis</strong></span> <span class='ocrx_word' id='word_1_422' title='bbox 3046 2398 3409 2469; x_wconf 60' lang='lat' dir='ltr'><strong>tuiiainznqile</strong></span> <span class='ocrx_word' id='word_1_423' title='bbox 3444 2402 3524 2452; x_wconf 76' lang='lat' dir='ltr'><strong>ter</strong></span> <span class='ocrx_word' id='word_1_424' title='bbox 3553 2412 3796 2452; x_wconf 86' lang='lat' dir='ltr'><strong>ornans.</strong></span> 
     </span>
    </p>
   </div>
   <div class='ocr_carea' id='block_1_66' title="bbox 2250 2484 3901 2558">
    <p class='ocr_par' dir='ltr' id='par_1_66' title="bbox 2250 2484 3901 2558">
     <span class='ocr_line' id='line_1_66' title="bbox 2250 2484 3901 2558; baseline 0 -18"><span class='ocrx_word' id='word_1_425' title='bbox 2250 2489 2367 2540; x_wconf 85' lang='lat' dir='ltr'><strong>Hoc</strong></span> <span class='ocrx_word' id='word_1_426' title='bbox 2398 2485 2517 2540; x_wconf 85' lang='lat' dir='ltr'><strong>ﬁne</strong></span> <span class='ocrx_word' id='word_1_427' title='bbox 2545 2485 2801 2558; x_wconf 87' lang='lat' dir='ltr'><strong>quisque</strong></span> <span class='ocrx_word' id='word_1_428' title='bbox 2824 2485 2959 2553; x_wconf 90' lang='lat' dir='ltr'><strong>sitit,</strong></span> <span class='ocrx_word' id='word_1_429' title='bbox 2989 2485 3204 2541; x_wconf 82' lang='lat' dir='ltr'><strong>frustra</strong></span> <span class='ocrx_word' id='word_1_430' title='bbox 3220 2486 3521 2540; x_wconf 82' lang='lat' dir='ltr'><strong>contendit</strong></span> <span class='ocrx_word' id='word_1_431' title='bbox 3550 2485 3627 2541; x_wconf 90' lang='lat' dir='ltr'><strong>ad</strong></span> <span class='ocrx_word' id='word_1_432' title='bbox 3649 2484 3901 2541; x_wconf 88' lang='lat' dir='ltr'><strong>umbras</strong></span> 
     </span>
    </p>
   </div>
   <div class='ocr_carea' id='block_1_67' title="bbox 2247 2574 3499 2648">
    <p class='ocr_par' dir='ltr' id='par_1_67' title="bbox 2247 2574 3499 2648">
     <span class='ocr_line' id='line_1_67' title="bbox 2247 2574 3499 2648; baseline -0.002 -17"><span class='ocrx_word' id='word_1_433' title='bbox 2247 2575 2460 2632; x_wconf 69' lang='lat' dir='ltr'><strong>Eterni</strong></span> <span class='ocrx_word' id='word_1_434' title='bbox 2491 2574 2688 2646; x_wconf 90' lang='lat' dir='ltr'><strong>fontis,</strong></span> <span class='ocrx_word' id='word_1_435' title='bbox 2717 2576 2813 2631; x_wconf 91' lang='lat' dir='ltr'><strong>hic</strong></span> <span class='ocrx_word' id='word_1_436' title='bbox 2838 2580 2925 2631; x_wconf 87' lang='lat' dir='ltr'><strong>est</strong></span> <span class='ocrx_word' id='word_1_437' title='bbox 2951 2575 3241 2648; x_wconf 82' lang='lat' dir='ltr'><strong>sapientia</strong></span> <span class='ocrx_word' id='word_1_438' title='bbox 3269 2574 3451 2648; x_wconf 90' lang='lat' dir='ltr'><strong>patris</strong></span> <span class='ocrx_word' id='word_1_439' title='bbox 3486 2592 3499 2642; x_wconf 92' lang='lat'><strong>;</strong></span> 
     </span>
    </p>
   </div>
   <div class='ocr_carea' id='block_1_68' title="bbox 2251 2663 3681 2733">
    <p class='ocr_par' dir='ltr' id='par_1_68' title="bbox 2251 2663 3681 2733">
     <span class='ocr_line' id='line_1_68' title="bbox 2251 2663 3681 2733; baseline -0.001 -14"><span class='ocrx_word' id='word_1_440' title='bbox 2251 2672 2374 2719; x_wconf 79' lang='lat' dir='ltr'><strong>Non</strong></span> <span class='ocrx_word' id='word_1_441' title='bbox 2404 2663 2647 2719; x_wconf 88' lang='lat' dir='ltr'><strong>intrabit</strong></span> <span class='ocrx_word' id='word_1_442' title='bbox 2678 2664 2838 2720; x_wconf 90' lang='lat' dir='ltr'><strong>enim</strong></span> <span class='ocrx_word' id='word_1_443' title='bbox 2868 2664 3224 2720; x_wconf 86' lang='lat' dir='ltr'><strong>commercia</strong></span> <span class='ocrx_word' id='word_1_444' title='bbox 3253 2668 3520 2733; x_wconf 86' lang='lat' dir='ltr'><strong>pectores</strong></span> <span class='ocrx_word' id='word_1_445' title='bbox 3552 2664 3681 2731; x_wconf 89' lang='lat' dir='ltr'><strong>atri,</strong></span> 
     </span>
    </p>
   </div>
   <div class='ocr_carea' id='block_1_69' title="bbox 2252 2752 3752 2825">
    <p class='ocr_par' dir='ltr' id='par_1_69' title="bbox 2252 2752 3752 2825">
     <span class='ocr_line' id='line_1_69' title="bbox 2252 2752 3752 2825; baseline -0.003 -16"><span class='ocrx_word' id='word_1_446' title='bbox 2252 2752 2500 2809; x_wconf 86' lang='lat' dir='ltr'><strong>Subdita</strong></span> <span class='ocrx_word' id='word_1_447' title='bbox 2528 2754 2787 2824; x_wconf 88' lang='lat' dir='ltr'><strong>peccatis</strong></span> <span class='ocrx_word' id='word_1_448' title='bbox 2807 2769 2918 2809; x_wconf 90' lang='lat' dir='ltr'><strong>nec</strong></span> <span class='ocrx_word' id='word_1_449' title='bbox 2948 2770 3117 2809; x_wconf 89' lang='lat' dir='ltr'><strong>mens</strong></span> <span class='ocrx_word' id='word_1_450' title='bbox 3152 2753 3529 2825; x_wconf 88' lang='lat' dir='ltr'><strong>amplectitur</strong></span> <span class='ocrx_word' id='word_1_451' title='bbox 3568 2752 3752 2808; x_wconf 87' lang='lat' dir='ltr'><strong>illam.</strong></span> 
     </span>
    </p>
   </div>
   <div class='ocr_carea' id='block_1_70' title="bbox 2249 2841 3758 2915">
    <p class='ocr_par' dir='ltr' id='par_1_70' title="bbox 2249 2841 3758 2915">
     <span class='ocr_line' id='line_1_70' title="bbox 2249 2841 3758 2915; baseline 0.001 -20"><span class='ocrx_word' id='word_1_452' title='bbox 2249 2841 2494 2914; x_wconf 91' lang='lat' dir='ltr'><strong>Spiritus</strong></span> <span class='ocrx_word' id='word_1_453' title='bbox 2524 2842 2653 2915; x_wconf 88' lang='lat' dir='ltr'><strong>ipse</strong></span> <span class='ocrx_word' id='word_1_454' title='bbox 2683 2843 2803 2911; x_wconf 91' lang='lat' dir='ltr'><strong>Dei,</strong></span> <span class='ocrx_word' id='word_1_455' title='bbox 2835 2843 2938 2898; x_wconf 91' lang='lat' dir='ltr'><strong>sed</strong></span> <span class='ocrx_word' id='word_1_456' title='bbox 2963 2860 3084 2915; x_wconf 90' lang='lat' dir='ltr'><strong>qua</strong></span> <span class='ocrx_word' id='word_1_457' title='bbox 3109 2843 3499 2911; x_wconf 72' lang='lat' dir='ltr'><strong>dignissimus</strong></span> <span class='ocrx_word' id='word_1_458' title='bbox 3536 2844 3758 2915; x_wconf 90' lang='lat' dir='ltr'><strong>hospes</strong></span> 
     </span>
    </p>
   </div>
   <div class='ocr_carea' id='block_1_71' title="bbox 2250 2933 3585 3005">
    <p class='ocr_par' dir='ltr' id='par_1_71' title="bbox 2250 2933 3585 3005">
     <span class='ocr_line' id='line_1_71' title="bbox 2250 2933 3585 3005; baseline 0.002 -19"><span class='ocrx_word' id='word_1_459' title='bbox 2250 2934 2604 3005; x_wconf 78' lang='lat' dir='ltr'><strong>Expurgans</strong></span> <span class='ocrx_word' id='word_1_460' title='bbox 2633 2933 2808 3000; x_wconf 89' lang='lat' dir='ltr'><strong>vitiis,</strong></span> <span class='ocrx_word' id='word_1_461' title='bbox 2843 2937 3088 3005; x_wconf 87' lang='lat' dir='ltr'><strong>septeno</strong></span> <span class='ocrx_word' id='word_1_462' title='bbox 3120 2948 3367 2988; x_wconf 88' lang='lat' dir='ltr'><strong>munere</strong></span> <span class='ocrx_word' id='word_1_463' title='bbox 3398 2933 3585 2989; x_wconf 88' lang='lat' dir='ltr'><strong>dotat.</strong></span> 
     </span>
    </p>
   </div>
   <div class='ocr_carea' id='block_1_72' title="bbox 2256 3021 3686 3094">
    <p class='ocr_par' dir='ltr' id='par_1_72' title="bbox 2256 3021 3686 3094">
     <span class='ocr_line' id='line_1_72' title="bbox 2256 3021 3686 3094; baseline 0 -17"><span class='ocrx_word' id='word_1_464' title='bbox 2256 3025 2658 3094; x_wconf 82' lang='lat' dir='ltr'><strong>Perpetuoque</strong></span> <span class='ocrx_word' id='word_1_465' title='bbox 2681 3022 2789 3077; x_wconf 92' lang='lat' dir='ltr'><strong>sibi</strong></span> <span class='ocrx_word' id='word_1_466' title='bbox 2820 3037 3166 3077; x_wconf 80' lang='lat' dir='ltr'><strong>mensuram</strong></span> <span class='ocrx_word' id='word_1_467' title='bbox 3197 3021 3435 3076; x_wconf 86' lang='lat' dir='ltr'><strong>dedicat</strong></span> <span class='ocrx_word' id='word_1_468' title='bbox 3464 3022 3686 3091; x_wconf 87' lang='lat' dir='ltr'><strong>aulam,</strong></span> 
     </span>
    </p>
   </div>
   <div class='ocr_carea' id='block_1_73' title="bbox 2253 3094 3770 3183">
    <p class='ocr_par' dir='ltr' id='par_1_73' title="bbox 2253 3094 3770 3183">
     <span class='ocr_line' id='line_1_73' title="bbox 2253 3094 3770 3183; baseline 0.003 -22"><span class='ocrx_word' id='word_1_469' title='bbox 2253 3110 2387 3165; x_wconf 63' lang='lat' dir='ltr'><strong>Haec</strong></span> <span class='ocrx_word' id='word_1_470' title='bbox 2415 3110 2617 3166; x_wconf 86' lang='lat' dir='ltr'><strong>sitiens</strong></span> <span class='ocrx_word' id='word_1_471' title='bbox 2645 3094 2927 3183; x_wconf 58' lang='lat' dir='ltr'><strong>lfmphas</strong></span> <span class='ocrx_word' id='word_1_472' title='bbox 2960 3108 3172 3180; x_wconf 87' lang='lat' dir='ltr'><strong>poterit</strong></span> <span class='ocrx_word' id='word_1_473' title='bbox 3199 3108 3439 3164; x_wconf 86' lang='lat' dir='ltr'><strong>haurire</strong></span> <span class='ocrx_word' id='word_1_474' title='bbox 3472 3109 3770 3166; x_wconf 89' lang='lat' dir='ltr'><strong>salubres.</strong></span> 
     </span>
    </p>
   </div>
   <div class='ocr_carea' id='block_1_74' title="bbox 2251 3196 3897 3273">
    <p class='ocr_par' dir='ltr' id='par_1_74' title="bbox 2251 3196 3897 3273">
     <span class='ocr_line' id='line_1_74' title="bbox 2251 3196 3897 3273; baseline -0.001 -19"><span class='ocrx_word' id='word_1_475' title='bbox 2251 3200 2371 3255; x_wconf 85' lang='lat' dir='ltr'><strong>Hoc</strong></span> <span class='ocrx_word' id='word_1_476' title='bbox 2396 3216 2503 3255; x_wconf 87' lang='lat' dir='ltr'><strong>vas</strong></span> <span class='ocrx_word' id='word_1_477' title='bbox 2533 3199 2807 3273; x_wconf 89' lang='lat' dir='ltr'><strong>quisquis</strong></span> <span class='ocrx_word' id='word_1_478' title='bbox 2837 3197 3037 3263; x_wconf 87' lang='lat' dir='ltr'><strong>habet,</strong></span> <span class='ocrx_word' id='word_1_479' title='bbox 3070 3196 3247 3252; x_wconf 87' lang='lat' dir='ltr'><strong>fontis</strong></span> <span class='ocrx_word' id='word_1_480' title='bbox 3278 3197 3512 3253; x_wconf 85' lang='lat' dir='ltr'><strong>festinet</strong></span> <span class='ocrx_word' id='word_1_481' title='bbox 3554 3199 3635 3255; x_wconf 88' lang='lat' dir='ltr'><strong>ad</strong></span> <span class='ocrx_word' id='word_1_482' title='bbox 3685 3198 3897 3256; x_wconf 89' lang='lat' dir='ltr'><strong>undas.</strong></span> 
     </span>
    </p>
   </div>
   <div class='ocr_carea' id='block_1_75' title="bbox 2250 3286 3582 3346">
    <p class='ocr_par' dir='ltr' id='par_1_75' title="bbox 2250 3286 3582 3346">
     <span class='ocr_line' id='line_1_75' title="bbox 2250 3286 3582 3346; baseline 0 -3"><span class='ocrx_word' id='word_1_483' title='bbox 2250 3289 2495 3345; x_wconf 86' lang='lat' dir='ltr'><strong>Hauriat</strong></span> <span class='ocrx_word' id='word_1_484' title='bbox 2517 3293 2571 3346; x_wconf 91' lang='lat' dir='ltr'><strong>et</strong></span> <span class='ocrx_word' id='word_1_485' title='bbox 2601 3288 2786 3345; x_wconf 89' lang='lat' dir='ltr'><strong>sacris</strong></span> <span class='ocrx_word' id='word_1_486' title='bbox 2814 3286 3025 3343; x_wconf 88' lang='lat' dir='ltr'><strong>fundat</strong></span> <span class='ocrx_word' id='word_1_487' title='bbox 3044 3286 3309 3342; x_wconf 89' lang='lat' dir='ltr'><strong>libamen</strong></span> <span class='ocrx_word' id='word_1_488' title='bbox 3338 3286 3399 3342; x_wconf 92' lang='lat' dir='ltr'><strong>in</strong></span> <span class='ocrx_word' id='word_1_489' title='bbox 3442 3287 3582 3343; x_wconf 89' lang='lat' dir='ltr'><strong>aris.</strong></span> 
     </span>
    </p>
   </div>
   <div class='ocr_carea' id='block_1_76' title="bbox 2249 3375 3722 3444">
    <p class='ocr_par' dir='ltr' id='par_1_76' title="bbox 2249 3375 3722 3444">
     <span class='ocr_line' id='line_1_76' title="bbox 2249 3375 3722 3444; baseline 0.001 -13"><span class='ocrx_word' id='word_1_490' title='bbox 2249 3379 2529 3433; x_wconf 88' lang='lat' dir='ltr'><strong>Cursibus</strong></span> <span class='ocrx_word' id='word_1_491' title='bbox 2557 3379 2849 3441; x_wconf 70' lang='lat' dir='ltr'><strong>uatliereis,</strong></span> <span class='ocrx_word' id='word_1_492' title='bbox 2885 3379 3113 3431; x_wconf 83' lang='lat' dir='ltr'><strong>sonitus</strong></span> <span class='ocrx_word' id='word_1_493' title='bbox 3140 3375 3205 3432; x_wconf 88' lang='lat' dir='ltr'><strong>ﬁt</strong></span> <span class='ocrx_word' id='word_1_494' title='bbox 3242 3377 3544 3432; x_wconf 82' lang='lat' dir='ltr'><strong>maximus</strong></span> <span class='ocrx_word' id='word_1_495' title='bbox 3573 3378 3722 3444; x_wconf 91' lang='lat' dir='ltr'><strong>orbi,</strong></span> 
     </span>
    </p>
   </div>
   <div class='ocr_carea' id='block_1_77' title="bbox 2250 3464 3826 3531">
    <p class='ocr_par' dir='ltr' id='par_1_77' title="bbox 2250 3464 3826 3531">
     <span class='ocr_line' id='line_1_77' title="bbox 2250 3464 3826 3531; baseline 0.001 -12"><span class='ocrx_word' id='word_1_496' title='bbox 2250 3464 2360 3529; x_wconf 87' lang='lat' dir='ltr'><strong>Qui</strong></span> <span class='ocrx_word' id='word_1_497' title='bbox 2390 3464 2531 3531; x_wconf 89' lang='lat' dir='ltr'><strong>tegit</strong></span> <span class='ocrx_word' id='word_1_498' title='bbox 2560 3464 2719 3518; x_wconf 87' lang='lat' dir='ltr'><strong>hunc</strong></span> <span class='ocrx_word' id='word_1_499' title='bbox 2748 3465 2957 3519; x_wconf 65' lang='lat' dir='ltr'><strong>sumito.</strong></span> <span class='ocrx_word' id='word_1_500' title='bbox 2982 3465 3218 3520; x_wconf 86' lang='lat' dir='ltr'><strong>monuit</strong></span> <span class='ocrx_word' id='word_1_501' title='bbox 3243 3481 3339 3520; x_wconf 90' lang='lat' dir='ltr'><strong>me</strong></span> <span class='ocrx_word' id='word_1_502' title='bbox 3363 3464 3636 3520; x_wconf 87' lang='lat' dir='ltr'><strong>sensibus</strong></span> <span class='ocrx_word' id='word_1_503' title='bbox 3666 3465 3826 3520; x_wconf 88' lang='lat' dir='ltr'><strong>imis.</strong></span> 
     </span>
    </p>
   </div>
   <div class='ocr_carea' id='block_1_78' title="bbox 2249 3550 3717 3623">
    <p class='ocr_par' dir='ltr' id='par_1_78' title="bbox 2249 3550 3717 3623">
     <span class='ocr_line' id='line_1_78' title="bbox 2249 3550 3717 3623; baseline 0.001 -18"><span class='ocrx_word' id='word_1_504' title='bbox 2249 3550 2726 3623; x_wconf 73' lang='lat' dir='ltr'><strong>Hzec,Audrade,</strong></span> <span class='ocrx_word' id='word_1_505' title='bbox 2760 3552 2860 3607; x_wconf 75' lang='lat' dir='ltr'><strong>tibi</strong></span> <span class='ocrx_word' id='word_1_506' title='bbox 2904 3552 3202 3610; x_wconf 88' lang='lat' dir='ltr'><strong>modulari</strong></span> <span class='ocrx_word' id='word_1_507' title='bbox 3241 3553 3501 3609; x_wconf 89' lang='lat' dir='ltr'><strong>carmine</strong></span> <span class='ocrx_word' id='word_1_508' title='bbox 3537 3551 3717 3621; x_wconf 91' lang='lat' dir='ltr'><strong>dulci,</strong></span> 
     </span>
    </p>
   </div>
   <div class='ocr_carea' id='block_1_79' title="bbox 2250 3640 3715 3715">
    <p class='ocr_par' dir='ltr' id='par_1_79' title="bbox 2250 3640 3715 3715">
     <span class='ocr_line' id='line_1_79' title="bbox 2250 3640 3715 3715; baseline 0.002 -21"><span class='ocrx_word' id='word_1_509' title='bbox 2250 3640 2505 3711; x_wconf 83' lang='lat' dir='ltr'><strong>Pignora</strong></span> <span class='ocrx_word' id='word_1_510' title='bbox 2535 3641 2716 3696; x_wconf 90' lang='lat' dir='ltr'><strong>chara</strong></span> <span class='ocrx_word' id='word_1_511' title='bbox 2751 3641 2893 3696; x_wconf 88' lang='lat' dir='ltr'><strong>satis</strong></span> <span class='ocrx_word' id='word_1_512' title='bbox 2916 3641 3146 3698; x_wconf 90' lang='lat' dir='ltr'><strong>recinas</strong></span> <span class='ocrx_word' id='word_1_513' title='bbox 3184 3659 3321 3714; x_wconf 75' lang='lat' dir='ltr'><strong>quae</strong></span> <span class='ocrx_word' id='word_1_514' title='bbox 3348 3641 3562 3715; x_wconf 79' lang='lat' dir='ltr'><strong>saepius</strong></span> <span class='ocrx_word' id='word_1_515' title='bbox 3591 3656 3715 3697; x_wconf 90' lang='lat' dir='ltr'><strong>oro.</strong></span> 
     </span>
    </p>
   </div>
   <div class='ocr_carea' id='block_1_80' title="bbox 2251 3730 3631 3803">
    <p class='ocr_par' dir='ltr' id='par_1_80' title="bbox 2251 3730 3631 3803">
     <span class='ocr_line' id='line_1_80' title="bbox 2251 3730 3631 3803; baseline 0 -17"><span class='ocrx_word' id='word_1_516' title='bbox 2251 3730 2343 3787; x_wconf 90' lang='lat' dir='ltr'><strong>Sic</strong></span> <span class='ocrx_word' id='word_1_517' title='bbox 2372 3746 2616 3803; x_wconf 90' lang='lat' dir='ltr'><strong>quoque</strong></span> <span class='ocrx_word' id='word_1_518' title='bbox 2646 3730 2798 3786; x_wconf 80' lang='lat' dir='ltr'><strong>felici</strong></span> <span class='ocrx_word' id='word_1_519' title='bbox 2829 3731 3111 3786; x_wconf 86' lang='lat' dir='ltr'><strong>tractabis</strong></span> <span class='ocrx_word' id='word_1_520' title='bbox 3142 3737 3377 3803; x_wconf 90' lang='lat' dir='ltr'><strong>gutture</strong></span> <span class='ocrx_word' id='word_1_521' title='bbox 3409 3732 3631 3787; x_wconf 90' lang='lat' dir='ltr'><strong>fontem</strong></span> 
     </span>
    </p>
   </div>
   <div class='ocr_carea' id='block_1_81' title="bbox 2249 3819 3652 3890">
    <p class='ocr_par' dir='ltr' id='par_1_81' title="bbox 2249 3819 3652 3890">
     <span class='ocr_line' id='line_1_81' title="bbox 2249 3819 3652 3890; baseline 0 -16"><span class='ocrx_word' id='word_1_522' title='bbox 2249 3819 2594 3885; x_wconf 65' lang='lat' dir='ltr'><strong>Quaesitum,</strong></span> <span class='ocrx_word' id='word_1_523' title='bbox 2627 3819 2809 3890; x_wconf 87' lang='lat' dir='ltr'><strong>longo</strong></span> <span class='ocrx_word' id='word_1_524' title='bbox 2837 3820 3180 3885; x_wconf 85' lang='lat' dir='ltr'><strong>certamine,</strong></span> <span class='ocrx_word' id='word_1_525' title='bbox 3222 3820 3411 3876; x_wconf 90' lang='lat' dir='ltr'><strong>dulcis</strong></span> <span class='ocrx_word' id='word_1_526' title='bbox 3442 3820 3652 3884; x_wconf 85' lang='lat' dir='ltr'><strong>amice.</strong></span> 
     </span>
    </p>
   </div>
   <div class='ocr_carea' id='block_1_82' title="bbox 2248 3908 3607 3981">
    <p class='ocr_par' dir='ltr' id='par_1_82' title="bbox 2248 3908 3607 3981">
     <span class='ocr_line' id='line_1_82' title="bbox 2248 3908 3607 3981; baseline -0.001 -15"><span class='ocrx_word' id='word_1_527' title='bbox 2248 3908 2503 3966; x_wconf 85' lang='lat' dir='ltr'><strong>Maxima</strong></span> <span class='ocrx_word' id='word_1_528' title='bbox 2532 3910 2695 3966; x_wconf 92' lang='lat' dir='ltr'><strong>dona</strong></span> <span class='ocrx_word' id='word_1_529' title='bbox 2720 3909 2825 3965; x_wconf 91' lang='lat' dir='ltr'><strong>tibi</strong></span> <span class='ocrx_word' id='word_1_530' title='bbox 2858 3909 3110 3966; x_wconf 81' lang='lat' dir='ltr'><strong>ccelestis</strong></span> <span class='ocrx_word' id='word_1_531' title='bbox 3144 3910 3333 3981; x_wconf 85' lang='lat' dir='ltr'><strong>gratia</strong></span> <span class='ocrx_word' id='word_1_532' title='bbox 3362 3910 3607 3966; x_wconf 86' lang='lat' dir='ltr'><strong>confert.</strong></span> 
     </span>
    </p>
   </div>
   <div class='ocr_carea' id='block_1_83' title="bbox 2250 3999 3831 4071">
    <p class='ocr_par' dir='ltr' id='par_1_83' title="bbox 2250 3999 3831 4071">
     <span class='ocr_line' id='line_1_83' title="bbox 2250 3999 3831 4071; baseline 0.001 -17"><span class='ocrx_word' id='word_1_533' title='bbox 2250 4001 2387 4054; x_wconf 64' lang='lat' dir='ltr'><strong>Haec</strong></span> <span class='ocrx_word' id='word_1_534' title='bbox 2418 4016 2650 4056; x_wconf 91' lang='lat' dir='ltr'><strong>memor</strong></span> <span class='ocrx_word' id='word_1_535' title='bbox 2679 4005 2806 4056; x_wconf 89' lang='lat' dir='ltr'><strong>esto</strong></span> <span class='ocrx_word' id='word_1_536' title='bbox 2839 4000 2974 4067; x_wconf 91' lang='lat' dir='ltr'><strong>mei,</strong></span> <span class='ocrx_word' id='word_1_537' title='bbox 3011 4001 3196 4056; x_wconf 80' lang='lat' dir='ltr'><strong>sacris</strong></span> <span class='ocrx_word' id='word_1_538' title='bbox 3222 4016 3363 4056; x_wconf 91' lang='lat' dir='ltr'><strong>cum</strong></span> <span class='ocrx_word' id='word_1_539' title='bbox 3388 4000 3652 4056; x_wconf 89' lang='lat' dir='ltr'><strong>funderis</strong></span> <span class='ocrx_word' id='word_1_540' title='bbox 3691 3999 3831 4071; x_wconf 89' lang='lat' dir='ltr'><strong>aris,</strong></span> 
     </span>
    </p>
   </div>
   <div class='ocr_carea' id='block_1_84' title="bbox 2251 4088 3655 4159">
    <p class='ocr_par' dir='ltr' id='par_1_84' title="bbox 2251 4088 3655 4159">
     <span class='ocr_line' id='line_1_84' title="bbox 2251 4088 3655 4159; baseline 0 -13"><span class='ocrx_word' id='word_1_541' title='bbox 2251 4088 2529 4159; x_wconf 91' lang='lat' dir='ltr'><strong>Obsecro,</strong></span> <span class='ocrx_word' id='word_1_542' title='bbox 2563 4089 2646 4146; x_wconf 92' lang='lat' dir='ltr'><strong>mi</strong></span> <span class='ocrx_word' id='word_1_543' title='bbox 2676 4088 2873 4159; x_wconf 87' lang='lat' dir='ltr'><strong>frater,</strong></span> <span class='ocrx_word' id='word_1_544' title='bbox 2907 4105 3069 4146; x_wconf 90' lang='lat' dir='ltr'><strong>nunc</strong></span> <span class='ocrx_word' id='word_1_545' title='bbox 3094 4088 3476 4146; x_wconf 89' lang='lat' dir='ltr'><strong>felicissimus</strong></span> <span class='ocrx_word' id='word_1_546' title='bbox 3509 4094 3655 4146; x_wconf 89' lang='lat' dir='ltr'><strong>esto.</strong></span> 
     </span>
    </p>
   </div>
   <div class='ocr_carea' id='block_1_85' title="bbox 1242 4386 3162 4523">
    <p class='ocr_par' dir='ltr' id='par_1_85' title="bbox 1242 4386 3162 4523">
     <span class='ocr_line' id='line_1_85' title="bbox 1242 4386 3162 4523; baseline 0.005 -10"><span class='ocrx_word' id='word_1_547' title='bbox 1242 4428 1812 4515; x_wconf 74' lang='lat' dir='ltr'><strong>EXCERPTA</strong></span> <span class='ocrx_word' id='word_1_548' title='bbox 1912 4430 2228 4519; x_wconf 81' lang='lat' dir='ltr'><strong>LIBRI</strong></span> <span class='ocrx_word' id='word_1_549' title='bbox 2300 4386 3162 4523; x_wconf 68' lang='lat' dir='ltr'><strong>RiiVliLATlONUM</strong></span> 
     </span>
    </p>
   </div>
   <div class='ocr_carea' id='block_1_86' title="bbox 1343 4605 3066 4696">
    <p class='ocr_par' dir='ltr' id='par_1_86' title="bbox 1343 4605 3066 4696">
     <span class='ocr_line' id='line_1_86' title="bbox 1343 4605 3066 4696; baseline 0.006 -27"><span class='ocrx_word' id='word_1_550' title='bbox 1343 4605 1868 4682; x_wconf 65' lang='lat' dir='ltr'><strong>QuasAnnawus</strong></span> <span class='ocrx_word' id='word_1_551' title='bbox 1897 4612 2175 4677; x_wconf 81' lang='lat' dir='ltr'><strong>Monicus</strong></span> <span class='ocrx_word' id='word_1_552' title='bbox 2200 4614 2442 4696; x_wconf 78' lang='lat' dir='ltr'><strong>scripsit</strong></span> <span class='ocrx_word' id='word_1_553' title='bbox 2473 4632 2639 4677; x_wconf 79' lang='lat' dir='ltr'><strong>anno</strong></span> <span class='ocrx_word' id='word_1_554' title='bbox 2678 4615 2908 4678; x_wconf 74' lang='lat' dir='ltr'><strong>Christi</strong></span> <span class='ocrx_word' id='word_1_555' title='bbox 2925 4616 3066 4680; x_wconf 80' lang='lat'><strong>853.</strong></span> 
     </span>
    </p>
   </div>
   <div class='ocr_carea' id='block_1_87' title="bbox 597 4788 3798 4873">
    <p class='ocr_par' dir='ltr' id='par_1_87' title="bbox 597 4788 3798 4873">
     <span class='ocr_line' id='line_1_87' title="bbox 597 4788 3798 4873; baseline 0.003 -29"><span class='ocrx_word' id='word_1_556' title='bbox 597 4788 798 4861; x_wconf 75' lang='lat' dir='ltr'><strong>(Apud</strong></span> <span class='ocrx_word' id='word_1_557' title='bbox 825 4789 911 4847; x_wconf 90' lang='lat' dir='ltr'><strong>du</strong></span> <span class='ocrx_word' id='word_1_558' title='bbox 936 4790 1173 4861; x_wconf 89' lang='lat' dir='ltr'><strong>Chesn.,</strong></span> <span class='ocrx_word' id='word_1_559' title='bbox 1204 4790 1417 4867; x_wconf 90' lang='lat' dir='ltr'><strong>Script.</strong></span> <span class='ocrx_word' id='word_1_560' title='bbox 1446 4792 1580 4851; x_wconf 85' lang='lat' dir='ltr'><strong>Rer.</strong></span> <span class='ocrx_word' id='word_1_561' title='bbox 1608 4794 1845 4866; x_wconf 87' lang='lat' dir='ltr'><strong>Franc.,</strong></span> <span class='ocrx_word' id='word_1_562' title='bbox 1864 4801 1904 4854; x_wconf 88' lang='lat' dir='ltr'><strong>t.</strong></span> <span class='ocrx_word' id='word_1_563' title='bbox 1937 4799 2004 4867; x_wconf 89' lang='lat' dir='ltr'><strong>Il,</strong></span> <span class='ocrx_word' id='word_1_564' title='bbox 2031 4815 2093 4873; x_wconf 90' lang='lat' dir='ltr'><strong>p.</strong></span> <span class='ocrx_word' id='word_1_565' title='bbox 2125 4803 2250 4869; x_wconf 86' lang='lat'><strong>390,</strong></span> <span class='ocrx_word' id='word_1_566' title='bbox 2280 4816 2353 4858; x_wconf 85' lang='lat' dir='ltr'><strong>ex</strong></span> <span class='ocrx_word' id='word_1_567' title='bbox 2385 4817 2496 4860; x_wconf 87' lang='lat' dir='ltr'><strong>ms.</strong></span> <span class='ocrx_word' id='word_1_568' title='bbox 2515 4799 2650 4860; x_wconf 88' lang='lat' dir='ltr'><strong>cod.</strong></span> <span class='ocrx_word' id='word_1_569' title='bbox 2672 4800 3055 4860; x_wconf 88' lang='lat' dir='ltr'><strong>eruditissimi</strong></span> <span class='ocrx_word' id='word_1_570' title='bbox 3078 4799 3183 4857; x_wconf 90' lang='lat' dir='ltr'><strong>viri</strong></span> <span class='ocrx_word' id='word_1_571' title='bbox 3215 4801 3423 4858; x_wconf 89' lang='lat' dir='ltr'><strong>Jacobi</strong></span> <span class='ocrx_word' id='word_1_572' title='bbox 3455 4798 3798 4873; x_wconf 83' lang='lat' dir='ltr'><strong>Sirmondi.)</strong></span> 
     </span>
    </p>
   </div>
   <div class='ocr_carea' id='block_1_88' title="bbox 1985 4984 2402 5004">
    <p class='ocr_par' dir='ltr' id='par_1_88' title="bbox 1985 4984 2402 5004">
     <span class='ocr_line' id='line_1_88' title="bbox 1985 4984 2402 5004; baseline -0.005 0"><span class='ocrx_word' id='word_1_573' title='bbox 1985 4984 2402 5004; x_wconf 55' lang='lat' dir='ltr'><strong>-——.r‘-———o</strong></span> 
     </span>
    </p>
   </div>
   <div class='ocr_carea' id='block_1_89' title="bbox 1114 5125 3912 5214">
    <p class='ocr_par' dir='ltr' id='par_1_89' title="bbox 1114 5125 3912 5214">
     <span class='ocr_line' id='line_1_89' title="bbox 1114 5125 3912 5214; baseline -0.005 -16"><span class='ocrx_word' id='word_1_574' title='bbox 1114 5126 1345 5184; x_wconf 64' lang='lat' dir='ltr'><strong>CAPUT</strong></span> <span class='ocrx_word' id='word_1_575' title='bbox 1379 5128 1513 5186; x_wconf 76' lang='lat' dir='ltr'><strong>Vm-</strong></span> <span class='ocrx_word' id='word_1_576' title='bbox 2175 5141 2216 5198; x_wconf 84' lang='grc' dir='ltr'><strong>Ι)</strong></span> <span class='ocrx_word' id='word_1_577' title='bbox 2249 5156 2356 5214; x_wconf 88' lang='lat' dir='ltr'><strong>pes</strong></span> <span class='ocrx_word' id='word_1_578' title='bbox 2386 5136 2782 5196; x_wconf 85' lang='lat' dir='ltr'><strong>Ecclesiarum</strong></span> <span class='ocrx_word' id='word_1_579' title='bbox 2857 5136 2969 5205; x_wconf 86' lang='lat' dir='ltr'><strong>Qui</strong></span> <span class='ocrx_word' id='word_1_580' title='bbox 2998 5151 3143 5193; x_wconf 80' lang='lat' dir='ltr'><strong>mox</strong></span> <span class='ocrx_word' id='word_1_581' title='bbox 3169 5133 3511 5202; x_wconf 88' lang='lat' dir='ltr'><strong>adfuerunt,</strong></span> <span class='ocrx_word' id='word_1_582' title='bbox 3533 5133 3589 5186; x_wconf 89' lang='lat' dir='ltr'><strong>et</strong></span> <span class='ocrx_word' id='word_1_583' title='bbox 3615 5125 3912 5185; x_wconf 69' lang='lat' dir='ltr'><strong>adorau-</strong></span> 
     </span>
    </p>
   </div>
   <div class='ocr_carea' id='block_1_90' title="bbox 559 5206 3914 5302">
    <p class='ocr_par' dir='ltr' id='par_1_90' title="bbox 559 5206 3914 5302">
     <span class='ocr_line' id='line_1_90' title="bbox 559 5206 3914 5302; baseline -0.003 -22"><span class='ocrx_word' id='word_1_584' title='bbox 559 5206 626 5261; x_wconf 66' lang='lat' dir='ltr'><strong>Et</strong></span> <span class='ocrx_word' id='word_1_585' title='bbox 644 5220 790 5302; x_wconf 50' lang='lat' dir='ltr'><strong>fuit?</strong></span> <span class='ocrx_word' id='word_1_586' title='bbox 813 5206 1185 5302; x_wconf 60' lang='lat' dir='ltr'><strong>d6§98ndens</strong></span> <span class='ocrx_word' id='word_1_587' title='bbox 1216 5215 1523 5291; x_wconf 89' lang='lat' dir='ltr'><strong>Dominus,</strong></span> <span class='ocrx_word' id='word_1_588' title='bbox 1556 5228 1613 5282; x_wconf 90' lang='lat' dir='ltr'><strong>et</strong></span> <span class='ocrx_word' id='word_1_589' title='bbox 1640 5242 1780 5285; x_wconf 91' lang='lat' dir='ltr'><strong>eum</strong></span> <span class='ocrx_word' id='word_1_590' title='bbox 1810 5245 1880 5287; x_wconf 90' lang='lat' dir='ltr'><strong>eo</strong></span> <span class='ocrx_word' id='word_1_591' title='bbox 1926 5244 2140 5287; x_wconf 89' lang='lat' dir='ltr'><strong>omnes</strong></span> <span class='ocrx_word' id='word_1_592' title='bbox 2249 5206 2404 5285; x_wconf 69' lang='lat' dir='ltr'><strong>runt.</strong></span> <span class='ocrx_word' id='word_1_593' title='bbox 2422 5228 2690 5302; x_wconf 88' lang='lat' dir='ltr'><strong>Cumque</strong></span> <span class='ocrx_word' id='word_1_594' title='bbox 2711 5227 3117 5285; x_wconf 84' lang='lat' dir='ltr'><strong>benedixisset</strong></span> <span class='ocrx_word' id='word_1_595' title='bbox 3144 5240 3271 5290; x_wconf 90' lang='lat' dir='ltr'><strong>eos,</strong></span> <span class='ocrx_word' id='word_1_596' title='bbox 3292 5220 3439 5277; x_wconf 85' lang='lat' dir='ltr'><strong>dixit</strong></span> <span class='ocrx_word' id='word_1_597' title='bbox 3463 5238 3476 5276; x_wconf 90' lang='lat'><strong>:</strong></span> <span class='ocrx_word' id='word_1_598' title='bbox 3506 5219 3690 5291; x_wconf 85' lang='lat' dir='ltr'><strong>Cujus</strong></span> <span class='ocrx_word' id='word_1_599' title='bbox 3720 5215 3914 5288; x_wconf 66' lang='lat' dir='ltr'><strong>culpa:</strong></span> 
     </span>
    </p>
   </div>
   <div class='ocr_carea' id='block_1_91' title="bbox 487 5294 3915 5387">
    <p class='ocr_par' dir='ltr' id='par_1_91' title="bbox 487 5294 3915 5387">
     <span class='ocr_line' id='line_1_91' title="bbox 487 5294 3915 5387; baseline 0.004 -39"><span class='ocrx_word' id='word_1_600' title='bbox 487 5294 699 5387; x_wconf 76' lang='lat' dir='ltr'><strong>sancti.</strong></span> <span class='ocrx_word' id='word_1_601' title='bbox 725 5299 790 5352; x_wconf 86' lang='lat' dir='ltr'><strong>Et</strong></span> <span class='ocrx_word' id='word_1_602' title='bbox 819 5299 969 5357; x_wconf 90' lang='lat' dir='ltr'><strong>sedit</strong></span> <span class='ocrx_word' id='word_1_603' title='bbox 1010 5301 1073 5359; x_wconf 91' lang='lat' dir='ltr'><strong>in</strong></span> <span class='ocrx_word' id='word_1_604' title='bbox 1105 5303 1364 5364; x_wconf 87' lang='lat' dir='ltr'><strong>conﬁnio</strong></span> <span class='ocrx_word' id='word_1_605' title='bbox 1393 5312 1628 5372; x_wconf 58' lang='lat' dir='ltr'><strong>aetheris</strong></span> <span class='ocrx_word' id='word_1_606' title='bbox 1675 5322 1732 5375; x_wconf 90' lang='lat' dir='ltr'><strong>et</strong></span> <span class='ocrx_word' id='word_1_607' title='bbox 1772 5320 1948 5377; x_wconf 86' lang='lat' dir='ltr'><strong>aeris.</strong></span> <span class='ocrx_word' id='word_1_608' title='bbox 1976 5323 2139 5377; x_wconf 86' lang='lat' dir='ltr'><strong>Tunc</strong></span> <span class='ocrx_word' id='word_1_609' title='bbox 2248 5322 2354 5385; x_wconf 88' lang='lat' dir='ltr'><strong>est,</strong></span> <span class='ocrx_word' id='word_1_610' title='bbox 2379 5294 3028 5382; x_wconf 54' lang='lat' dir='ltr'><strong>fratres-amantissimi,</strong></span> <span class='ocrx_word' id='word_1_611' title='bbox 3049 5312 3220 5387; x_wconf 89' lang='lat' dir='ltr'><strong>quod</strong></span> <span class='ocrx_word' id='word_1_612' title='bbox 3250 5311 3333 5367; x_wconf 92' lang='lat' dir='ltr'><strong>sic</strong></span> <span class='ocrx_word' id='word_1_613' title='bbox 3366 5309 3634 5367; x_wconf 87' lang='lat' dir='ltr'><strong>atteritur</strong></span> <span class='ocrx_word' id='word_1_614' title='bbox 3654 5312 3710 5363; x_wconf 92' lang='lat' dir='ltr'><strong>et</strong></span> <span class='ocrx_word' id='word_1_615' title='bbox 3737 5319 3915 5361; x_wconf 84' lang='lat' dir='ltr'><strong>vexa-</strong></span> 
     </span>
    </p>
   </div>
   <div class='ocr_carea' id='block_1_92' title="bbox 485 5381 3909 5482">
    <p class='ocr_par' dir='ltr' id='par_1_92' title="bbox 485 5381 3909 5482">
     <span class='ocr_line' id='line_1_92' title="bbox 485 5381 3909 5482; baseline 0.003 -43"><span class='ocrx_word' id='word_1_616' title='bbox 485 5381 575 5482; x_wconf 72' lang='lat' dir='ltr'><strong>sol</strong></span> <span class='ocrx_word' id='word_1_617' title='bbox 604 5382 960 5482; x_wconf 78' lang='lat' dir='ltr'><strong>obscuratus</strong></span> <span class='ocrx_word' id='word_1_618' title='bbox 987 5395 1073 5448; x_wconf 90' lang='lat' dir='ltr'><strong>est</strong></span> <span class='ocrx_word' id='word_1_619' title='bbox 1090 5392 1279 5452; x_wconf 88' lang='lat' dir='ltr'><strong>tribus</strong></span> <span class='ocrx_word' id='word_1_620' title='bbox 1308 5401 1604 5460; x_wconf 90' lang='lat' dir='ltr'><strong>continuis</strong></span> <span class='ocrx_word' id='word_1_621' title='bbox 1632 5405 1867 5474; x_wconf 91' lang='lat' dir='ltr'><strong>diebus,</strong></span> <span class='ocrx_word' id='word_1_622' title='bbox 1897 5415 1954 5466; x_wconf 88' lang='lat' dir='ltr'><strong>et</strong></span> <span class='ocrx_word' id='word_1_623' title='bbox 1990 5409 2138 5466; x_wconf 89' lang='lat' dir='ltr'><strong>luna</strong></span> <span class='ocrx_word' id='word_1_624' title='bbox 2248 5381 2681 5463; x_wconf 31' lang='lat' dir='ltr'><strong>tur&#39;hsereditas</strong></span> <span class='ocrx_word' id='word_1_625' title='bbox 2702 5422 2858 5470; x_wconf 86' lang='lat' dir='ltr'><strong>mea,</strong></span> <span class='ocrx_word' id='word_1_626' title='bbox 2887 5381 3091 5476; x_wconf 54' lang='lat' dir='ltr'><strong>quam—</strong></span> <span class='ocrx_word' id='word_1_627' title='bbox 3107 5400 3362 5458; x_wconf 90' lang='lat' dir='ltr'><strong>redemit</strong></span> <span class='ocrx_word' id='word_1_628' title='bbox 3400 5399 3574 5456; x_wconf 88' lang='lat' dir='ltr'><strong>Pater</strong></span> <span class='ocrx_word' id='word_1_629' title='bbox 3612 5392 3909 5482; x_wconf 89' lang='lat' dir='ltr'><strong>sanguine</strong></span> 
     </span>
    </p>
   </div>
   <div class='ocr_carea' id='block_1_93' title="bbox 480 5468 3909 5565">
    <p class='ocr_par' dir='ltr' id='par_1_93' title="bbox 480 5468 3909 5565">
     <span class='ocr_line' id='line_1_93' title="bbox 480 5468 3909 5565; baseline -0.001 -23"><span class='ocrx_word' id='word_1_630' title='bbox 480 5468 674 5565; x_wconf 52' lang='lat'><strong>“3398</strong></span> <span class='ocrx_word' id='word_1_631' title='bbox 699 5472 928 5565; x_wconf 47' lang='lat' dir='ltr'><strong>gisfiem</strong></span> <span class='ocrx_word' id='word_1_632' title='bbox 953 5482 1250 5554; x_wconf 86' lang='lat' dir='ltr'><strong>noctibus,</strong></span> <span class='ocrx_word' id='word_1_633' title='bbox 1283 5491 1341 5544; x_wconf 91' lang='lat' dir='ltr'><strong>et</strong></span> <span class='ocrx_word' id='word_1_634' title='bbox 1380 5491 1616 5552; x_wconf 88' lang='lat' dir='ltr'><strong>nullum</strong></span> <span class='ocrx_word' id='word_1_635' title='bbox 1642 5468 1879 5554; x_wconf 83' lang='lat' dir='ltr'><strong>radium</strong></span> <span class='ocrx_word' id='word_1_636' title='bbox 1928 5498 1988 5553; x_wconf 89' lang='lat' dir='ltr'><strong>in</strong></span> <span class='ocrx_word' id='word_1_637' title='bbox 2020 5498 2136 5553; x_wconf 90' lang='lat' dir='ltr'><strong>hoc</strong></span> <span class='ocrx_word' id='word_1_638' title='bbox 2244 5498 2424 5551; x_wconf 88' lang='lat' dir='ltr'><strong>meo?</strong></span> <span class='ocrx_word' id='word_1_639' title='bbox 2456 5498 2523 5548; x_wconf 84' lang='lat' dir='ltr'><strong>At</strong></span> <span class='ocrx_word' id='word_1_640' title='bbox 2551 5493 2802 5565; x_wconf 87' lang='lat' dir='ltr'><strong>quidam</strong></span> <span class='ocrx_word' id='word_1_641' title='bbox 2831 5468 3040 5547; x_wconf 71' lang='lat' dir='ltr'><strong>eorum</strong></span> <span class='ocrx_word' id='word_1_642' title='bbox 3070 5490 3388 5546; x_wconf 86' lang='lat' dir='ltr'><strong>dixerunt:</strong></span> <span class='ocrx_word' id='word_1_643' title='bbox 3425 5485 3694 5550; x_wconf 88' lang='lat' dir='ltr'><strong>Domine,</strong></span> <span class='ocrx_word' id='word_1_644' title='bbox 3727 5481 3909 5553; x_wconf 89' lang='lat' dir='ltr'><strong>culpa</strong></span> 
     </span>
    </p>
   </div>
   <div class='ocr_carea' id='block_1_94' title="bbox 481 5560 3914 5654">
    <p class='ocr_par' dir='ltr' id='par_1_94' title="bbox 481 5560 3914 5654">
     <span class='ocr_line' id='line_1_94' title="bbox 481 5560 3914 5654; baseline 0 -31"><span class='ocrx_word' id='word_1_645' title='bbox 481 5560 675 5654; x_wconf 57' lang='lat' dir='ltr'><strong>spatio</strong></span> <span class='ocrx_word' id='word_1_646' title='bbox 701 5561 984 5654; x_wconf 85' lang='lat' dir='ltr'><strong>fuderunt</strong></span> <span class='ocrx_word' id='word_1_647' title='bbox 1002 5571 1063 5628; x_wconf 90' lang='lat' dir='ltr'><strong>in</strong></span> <span class='ocrx_word' id='word_1_648' title='bbox 1084 5576 1319 5643; x_wconf 89' lang='lat' dir='ltr'><strong>terram,</strong></span> <span class='ocrx_word' id='word_1_649' title='bbox 1344 5595 1486 5638; x_wconf 92' lang='lat' dir='ltr'><strong>cum</strong></span> <span class='ocrx_word' id='word_1_650' title='bbox 1506 5584 1671 5640; x_wconf 84' lang='lat' dir='ltr'><strong>nulla</strong></span> <span class='ocrx_word' id='word_1_651' title='bbox 1688 5585 1847 5643; x_wconf 91' lang='lat' dir='ltr'><strong>nube</strong></span> <span class='ocrx_word' id='word_1_652' title='bbox 1866 5591 2133 5654; x_wconf 85' lang='lat' dir='ltr'><strong>tegeren-</strong></span> <span class='ocrx_word' id='word_1_653' title='bbox 2243 5598 2455 5652; x_wconf 88' lang='lat' dir='ltr'><strong>regum</strong></span> <span class='ocrx_word' id='word_1_654' title='bbox 2484 5560 2592 5635; x_wconf 49' lang='lat' dir='ltr'><strong>est:</strong></span> <span class='ocrx_word' id='word_1_655' title='bbox 2614 5580 2763 5635; x_wconf 82' lang='lat' dir='ltr'><strong>Dixit</strong></span> <span class='ocrx_word' id='word_1_656' title='bbox 2783 5578 2961 5650; x_wconf 87' lang='lat' dir='ltr'><strong>igitur</strong></span> <span class='ocrx_word' id='word_1_657' title='bbox 2991 5582 3144 5636; x_wconf 88' lang='lat' dir='ltr'><strong>Deus</strong></span> <span class='ocrx_word' id='word_1_658' title='bbox 3172 5598 3185 5634; x_wconf 91' lang='lat'><strong>:</strong></span> <span class='ocrx_word' id='word_1_659' title='bbox 3245 5576 3353 5641; x_wconf 87' lang='lat' dir='ltr'><strong>Qui</strong></span> <span class='ocrx_word' id='word_1_660' title='bbox 3395 5576 3533 5629; x_wconf 89' lang='lat' dir='ltr'><strong>sunt</strong></span> <span class='ocrx_word' id='word_1_661' title='bbox 3576 5571 3637 5627; x_wconf 91' lang='lat' dir='ltr'><strong>hi</strong></span> <span class='ocrx_word' id='word_1_662' title='bbox 3687 5584 3859 5640; x_wconf 89' lang='lat' dir='ltr'><strong>reges</strong></span> <span class='ocrx_word' id='word_1_663' title='bbox 3885 5567 3914 5623; x_wconf 87' lang='lat'><strong>?</strong></span> 
     </span>
    </p>
   </div>
   <div class='ocr_carea' id='block_1_95' title="bbox 476 5650 3916 5767">
    <p class='ocr_par' dir='ltr' id='par_1_95' title="bbox 476 5650 3916 5767">
     <span class='ocr_line' id='line_1_95' title="bbox 476 5650 3916 5767; baseline 0.004 -47"><span class='ocrx_word' id='word_1_664' title='bbox 476 5650 625 5707; x_wconf 61' lang='lat' dir='ltr'><strong>tur-1</strong></span> <span class='ocrx_word' id='word_1_665' title='bbox 631 5652 892 5727; x_wconf 72' lang='lat' dir='ltr'><strong>ussitque</strong></span> <span class='ocrx_word' id='word_1_666' title='bbox 911 5658 1200 5736; x_wconf 73' lang='lat' dir='ltr'><strong>Dominus</strong></span> <span class='ocrx_word' id='word_1_667' title='bbox 1215 5672 1353 5724; x_wconf 88' lang='lat' dir='ltr'><strong>ante</strong></span> <span class='ocrx_word' id='word_1_668' title='bbox 1373 5684 1437 5724; x_wconf 86' lang='lat' dir='ltr'><strong>se</strong></span> <span class='ocrx_word' id='word_1_669' title='bbox 1456 5673 1656 5728; x_wconf 88' lang='lat' dir='ltr'><strong>venire</strong></span> <span class='ocrx_word' id='word_1_670' title='bbox 1675 5689 1887 5732; x_wconf 88' lang='lat' dir='ltr'><strong>omnes</strong></span> <span class='ocrx_word' id='word_1_671' title='bbox 1908 5650 2130 5767; x_wconf 62' lang='lat' dir='ltr'><strong>princi-</strong></span> <span class='ocrx_word' id='word_1_672' title='bbox 2243 5650 2375 5727; x_wconf 55' lang='lat' dir='ltr'><strong>Noti</strong></span> <span class='ocrx_word' id='word_1_673' title='bbox 2403 5669 2676 5743; x_wconf 77' lang='lat' dir='ltr'><strong>cognovi,</strong></span> <span class='ocrx_word' id='word_1_674' title='bbox 2700 5685 2826 5728; x_wconf 82' lang='lat' dir='ltr'><strong>non</strong></span> <span class='ocrx_word' id='word_1_675' title='bbox 2858 5667 3155 5727; x_wconf 63' lang='lat' dir='ltr'><strong>constitui-</strong></span> <span class='ocrx_word' id='word_1_676' title='bbox 3174 5659 3656 5736; x_wconf 66' lang='grc' dir='ltr'><strong>ΒοδΡοαάθτυηῑρ</strong></span> <span class='ocrx_word' id='word_1_677' title='bbox 3673 5664 3731 5717; x_wconf 70' lang='grc' dir='ltr'><strong>οι</strong></span> <span class='ocrx_word' id='word_1_678' title='bbox 3751 5658 3916 5716; x_wconf 69' lang='grc' dir='ltr'><strong>άίκθ·</strong></span> 
     </span>
    </p>
   </div>
  </div>
