4180 6186
311 193 379 254 2'5
1596 205 1802 265 LIBER
1845 206 2410 274 REVKLATIONUM
3650 236 3721 290 26

477 321 528 377 ei
559 321 957 422 inLudqvicus.
974 329 1140 398 pater
1183 343 1412 386 eorum.
1465 330 1732 422 Dixitque
1761 335 1914 388 Deus
1947 349 1960 383 :
1997 335 2047 388 Α
2077 334 2255 394 beato
2292 341 2536 398 Martino
2567 343 2856 418 principe,
2887 345 3104 404 liberes
3148 348 3226 404 ab
3272 350 3636 422 inﬁdelibus,
3666 360 3724 412 et

310 411 417 466 Ubi
438 416 528 466 est
556 411 649 467 ille
681 412 708 466 ?
739 415 809 467 Et
839 413 1223 472 adduxerunt
1243 433 1403 486 eum,
1438 424 1494 474 et
1514 420 1794 476 dixerunt
1825 439 1837 477 :
1868 424 1969 476 Ec-

306 516 374 555 ce
397 500 595 556 adest.
625 504 687 556 Et
714 501 862 557 dixit
883 502 1172 560 Dominus
1202 507 1280 561 ad
1301 523 1440 563 eum
1473 526 1486 561 :
1515 511 1708 574 Quare
1734 511 1968 582 posuis—

313 589 354 645 ti
382 591 543 645 inter
587 591 736 646 ﬁlios
786 597 922 648 tuos
967 597 1195 650 tantam
1225 595 1612 665 discordiam,
1654 604 1719 654 ut
1747 599 1826 654 ob
1853 599 1967 655 hoc

314 683 444 734 tam
477 680 678 734 acriter
707 679 916 736 fideles
947 682 1064 736 mei
1087 689 1379 740 vexentur
1411 687 1438 741 ?
1493 687 1825 758 Respondit
1847 687 1964 756 ille,

320 773 381 822 et
407 767 546 822 dixit
590 785 604 822 :
657 770 928 834 Domine,
991 787 1102 839 ego
1142 777 1360 844 putans
1391 774 1555 847 quod
1604 775 1763 830 ﬁlius
1795 793 1968 831 meus

317 856 511 925 major
554 857 868 912 Lotharius
895 858 1001 913 tibi
1047 859 1218 915 vellet
1247 861 1512 929 obedire,
1547 867 1603 918 et
1632 864 1965 919 secundum

311 947 477 999 tuam
523 943 897 1000 voluntatem
929 946 1251 1003 Ecclesium
1285 953 1450 1004 tuam
1495 966 1719 1020 regere,
1754 952 1968 1007 consti-

308 1033 396 1086 tui
424 1032 596 1087 illum
630 1033 761 1088 loco
796 1051 928 1090 meo
959 1036 1037 1092 ad
1078 1037 1409 1105 regendum
1442 1040 1735 1112 pOpulum
1769 1046 1961 1096 tuum.

310 1121 426 1176 Sed
454 1129 663 1193 postea
694 1122 906 1178 videns
930 1139 1068 1180 eum
1091 1125 1150 1180 in
1182 1127 1464 1198 superbia
1491 1134 1698 1185 eontra
1726 1135 1777 1185 te
1803 1146 1964 1185 erec-

243 1243 246 1245 -
306 1201 550 1274 tum,'et
573 1211 730 1266 nolle
761 1213 1141 1284 acquiescere
1191 1219 1256 1270 ut
1291 1217 1627 1272 secundum
1661 1223 1713 1274 te
1752 1219 1965 1288 guber-

306 1305 480 1356 naret
511 1300 747 1372 plebem
803 1306 990 1370 tuam,
1027 1304 1299 1360 submovi
1329 1321 1490 1373 eum,
1539 1313 1596 1362 et
1641 1307 1964 1379 parvulum

305 1405 493 1460 quem
517 1388 732 1444 dedisti
765 1391 910 1445 mihi
941 1393 1184 1448 nomine
1217 1394 1495 1450 (Zarolum
1524 1396 1738 1452 videns
1772 1397 1966 1452 humi-

306 1477 428 1533 lem
479 1482 534 1533 et
579 1478 984 1548 obedientem,
1033 1481 1290 1536 intellexi
1329 1482 1493 1540 dona
1539 1485 1963 1541 misericordia:

310 1571 426 1620 ture
458 1567 517 1622 in
550 1582 621 1622 eo
646 1583 798 1636 esse,
825 1568 1031 1624 etideo
1062 1570 1338 1626 constitui
1369 1587 1507 1626 eum
1528 1571 1662 1628 loco
1691 1574 1960 1643 majoris,

310 1661 375 1710 ut
399 1655 637 1710 humilis
667 1672 906 1728 semper
923 1662 979 1712 et
997 1657 1284 1714 obediens
1310 1661 1646 1716 secundum
1669 1666 1837 1718 tuam
1865 1679 1963 1717 vo-
1993 1689 2033 1740 Β

311 1743 602 1800 luntatem
636 1746 878 1802 serviret
921 1747 1027 1802 tibi
1056 1748 1116 1803 in
1151 1748 1476 1805 ministerio
1509 1751 1960 1820 gubernationis

307 1834 518 1906 populi
554 1835 654 1889 tui.
691 1836 1016 1907 Respondit
1061 1838 1375 1906 Dominus,
1408 1844 1462 1894 et
1484 1841 1818 1896 astantibus
1849 1842 1961 1897 sibi

307 1922 494 1978 dixit:
527 1925 689 1980 Certe
721 1940 930 1979 verum
955 1924 1114 1993 dicit,
1151 1928 1443 1997 majorem
1476 1935 1720 2000 propter
1751 1946 1958 2002 super-

307 2011 478 2066 biam
501 2027 536 2066 a
563 2027 747 2081 regno
777 2028 1084 2069 removere
1127 2015 1335 2081 voluit,
1391 2016 1685 2072 minorem
1720 2024 1961 2090 propter

308 2099 703 2155 humilitatem
727 2107 784 2156 et
804 2100 1206 2158 obedientiam
1233 2119 1483 2173 regnare
1503 2107 1826 2161 constituit.
1852 2107 1958 2162 Ubi

307 2192 450 2243 sunt
479 2189 505 2242 ?
527 2189 734 2261 inquit.
766 2189 878 2254 Qui
905 2191 1176 2262 protinus
1207 2193 1451 2248 adducti
1474 2199 1764 2250 suntante
1795 2211 1954 2251 eum.

315 2279 382 2330 Et
405 2277 486 2331 ait
513 2277 793 2332 Dominus
837 2295 850 2333 :
914 2280 1222 2335 Lotharius
1251 2282 1396 2354 quia
1444 2283 1609 2349 dixit,
1647 2286 1766 2353 Ego
1798 2301 1954 2354 sum,

318 2365 638 2434 dejiciatur.
671 2368 918 2423 Carolus
943 2373 1188 2441 propter
1209 2370 1612 2428 obedientiam
1639 2377 1696 2426 et
1721 2374 1958 2428 humili-

315 2459 494 2509 tatem
527 2457 882 2513 stabiliatur.
913 2458 1085 2522 Quid,
1114 2458 1384 2530 inquam,
1421 2460 1495 2516 de
1527 2461 1695 2516 tertio
1725 2463 1752 2517 ?
1785 2465 1848 2517 Et
1875 2463 1959 2518 di-

304 2549 523 2598 xerunt
547 2545 796 2616 quidam
826 2546 901 2600 de
933 2547 1303 2602 astantibus:
1336 2549 1605 2618 Domine,
1638 2565 1809 2604 arma
1835 2567 1960 2604 mo-

304 2633 464 2686 vitin
499 2639 749 2705 patrem.
786 2638 1056 2708 Cumque
1088 2637 1286 2704 gravis
1311 2638 1802 2694 sententiadeillo
1828 2640 1956 2709 jam

303 2721 662 2788 immineret,
710 2723 806 2778 alii
846 2724 920 2779 de
965 2725 1302 2780 astantibus
1331 2725 1604 2782 dixerunt
1636 2743 1648 2781 :
1686 2726 1954 2793 Domine,

303 2826 460 2882 opus
491 2810 722 2867 bonum
764 2812 1076 2869 inventum
1123 2818 1210 2869 est
1234 2814 1293 2868 in
1325 2831 1415 2872 eo.
1445 2819 1594 2870 Nam
1630 2815 1766 2870 licet
1787 2816 1957 2872 multi

303 2899 438 2968 ejus
464 2916 647 2956 causa
670 2901 745 2956 de
767 2908 868 2958 tuo
893 2904 1009 2958 sint
1038 2903 1343 2976 absumpti
1363 2905 1620 2975 servitio,
1645 2909 1845 2960 tamen
1862 2905 1958 2960 ille

304 2988 506 3044 studet
537 2995 600 3044 ut
643 2991 716 3046 de
748 2993 1092 3061 alienigenis
1127 2992 1259 3048 loco
1312 3009 1520 3049 eorum
1551 2995 1654 3049 tibi
1685 2994 1832 3051 alios
1863 3011 1957 3051 ac-

299 3077 555 3148 quirens
586 3080 886 3150 subroget.
921 3085 986 3136 Et
1026 3081 1109 3136 ait
1155 3081 1232 3136 ad
1272 3082 1400 3137 haec
1445 3084 1732 3138 Dominus
1783 3100 1796 3138 :
1846 3086 1956 3139 Lo-

303 3165 541 3221 tharius
572 3169 715 3240 quia
743 3185 897 3240 opus
924 3170 1157 3225 bonum
1188 3169 1495 3226 inventum
1518 3176 1606 3227 est
1632 3171 1694 3227 in
1715 3187 1806 3239 eo,
1833 3177 1954 3227 sta-

307 3253 566 3308 biliatur
587 3264 645 3310 et
664 3257 812 3327 ipse.

965 3347 1180 3405 CAPUT
1223 3350 1309 3404 IX.

388 3430 649 3486 Veniant
674 3431 853 3501 igitur
873 3439 1004 3490 ante
1032 3452 1149 3504 me,
1173 3442 1231 3492 et
1275 3435 1442 3493 inibo
1457 3435 1655 3492 fcedus
1684 3451 1823 3492 cum
1851 3436 1958 3501 eis,

297 3520 472 3593 quod
503 3537 629 3577 non
658 3521 830 3579 liceat
859 3524 1082 3581 violari.
1117 3529 1279 3582 Tunc
1313 3527 1488 3598 jussu
1536 3525 1638 3582 Dei
1662 3524 1960 3582 adductus

301 3615 474 3666 estet
519 3610 857 3668 Ludovicus
887 3614 1170 3670 Italorum
1209 3630 1334 3684 rex,
1385 3615 1542 3670 ﬁlius
1582 3613 1861 3680 Lotharii,
1904 3619 1962 3672 et

312 3701 510 3754 statuti
553 3705 697 3755 sunt
737 3701 799 3755 hi
829 3707 943 3757 tres
989 3707 1127 3759 ante
1162 3706 1366 3759 Deum.
1403 3706 1466 3758 Et
1493 3703 1643 3758 dixit
1670 3703 1959 3759 Dominus

317 3786 518 3843 Carolo
545 3809 558 3844 :
586 3789 681 3844 Tu
701 3805 852 3861 puer
878 3807 1076 3861 meus,
1096 3792 1145 3847 si
1161 3791 1403 3847 humilis
1431 3795 1488 3847 et
1515 3791 1807 3848 obediens
1839 3791 1961 3847 fue-

316 3878 408 3941 ris,
439 3883 494 3932 et
519 3881 925 3950 permanseris
955 3897 1161 3937 coram
1210 3897 1328 3952 me,
1383 3886 1441 3938 et
1473 3881 1763 3938 Ecclesias
1791 3897 1958 3938 meas

307 3968 626 4023 restitueris
655 3969 715 4024 in
757 3975 980 4025 statum
1024 3987 1201 4026 suum
1258 3987 1382 4043 quo
1433 3971 1704 4027 ordinavi
1749 3987 1873 4041 eas,
1904 3975 1962 4028 et

306 4057 628 4130 unicuique
659 4059 854 4114 ordini
886 4075 1220 4129 congruum
1269 4076 1392 4116 suas
1438 4060 1740 4130 religionis
1789 4061 1961 4115 resti-

305 4146 492 4200 tueris
516 4151 720 4218 caput,
752 4153 809 4203 et
834 4148 1030 4204 ordini
1071 4147 1396 4222 unicuique
1426 4149 1735 4222 propriam
1765 4148 1959 4221 legem

305 4238 508 4290 tenere
538 4234 765 4305 feceris,
799 4241 857 4292 et
908 4252 946 4293 a
988 4238 1214 4310 rapinis
1239 4241 1296 4294 et
1324 4237 1872 4310 depraedationibus
1903 4242 1962 4295 et

303 4322 694 4380 ecclesiarum
745 4326 1170 4382 violationibus
1227 4343 1475 4384 omnem
1529 4327 1825 4400 populum
1854 4328 1959 4400 qui

304 4411 407 4467 tibi
436 4415 824 4471 committitur
862 4432 1099 4472 cessare
1137 4417 1367 4486 feceris,
1411 4421 1468 4472 et
1500 4416 1825 4489 unicuique
1854 4417 1959 4474 ho-

304 4502 453 4557 mini
489 4501 779 4572 justitiam
810 4506 1160 4573 servaveris,
1221 4510 1278 4562 et
1322 4505 1503 4562 corde
1532 4505 1696 4562 bono
1721 4510 1779 4561 et
1802 4506 1950 4578 opti-

305 4607 408 4645 mo
430 4589 803 4647 voluntatem
833 4609 1034 4650 meam
1061 4611 1299 4667 semper
1322 4597 1561 4649 secutus
1593 4594 1796 4661 fueris,
1820 4610 1956 4650 ecce

305 4679 386 4734 do
411 4679 522 4735 tibi
553 4685 857 4753 sceptrum
886 4684 1054 4754 regni
1085 4689 1141 4740 et
1175 4699 1467 4740 coronam
1501 4702 1514 4737 ι
1557 4687 1613 4738 et
1638 4688 1702 4739 ut
1731 4685 1882 4738 inter
1905 4689 1958 4739 te

305 4773 363 4824 et
393 4769 638 4824 fratrem
672 4775 839 4826 tuum
873 4772 1237 4829 Ludovicum
1287 4774 1726 4829 Germanorum
1755 4788 1958 4844 regem

305 4873 425 4930 pax
468 4857 548 4913 sit
599 4865 908 4931 perpetua,
948 4865 1007 4916 et
1058 4861 1210 4934 ipsa,
1269 4878 1394 4935 qua
1439 4861 1728 4935 partitum
1757 4866 1845 4916 est
1873 4877 1959 4916 re-

308 4962 500 5016 gnum
531 4947 682 5003 inter
724 4964 834 5005 vos
887 4965 1026 5005 cum
1083 4950 1355 5021 fugarem
1404 4954 1543 5008 ante
1581 4949 1795 5006 faciem
1826 4965 1961 5005 ves-

309 5040 463 5092 tram
494 5037 860 5100 Lotharium,
887 5039 995 5096 erit
1022 5039 1236 5097 divisio
1265 5056 1595 5113 regnorum
1624 5043 1960 5096 vestrorum

309 5141 423 5180 nec
442 5130 576 5183 tuus
605 5128 666 5183 in
705 5133 942 5200 partem
997 5130 1274 5199 Lotharii,
1334 5146 1444 5186 nec
1475 5130 1607 5202 ejus
1637 5129 1698 5185 in
1727 5133 1962 5202 partem

308 5219 476 5270 tuam
502 5232 840 5287 processus.
889 5221 956 5274 Et
1003 5223 1066 5275 tu
1117 5219 1429 5286 Ludovice,
1462 5219 1524 5274 in
1571 5217 1962 5275 Sermonibus

303 5303 431 5358 istis
479 5306 765 5362 eumdem
801 5307 1029 5365 habeas
1069 5325 1308 5365 mecum
1355 5314 1598 5382 pactum
1630 5307 1958 5363 firmatum.

305 5394 587 5450 Similiter
607 5400 665 5451 et
695 5401 779 5466 tu,
804 5397 950 5453 alter
982 5399 1298 5470 Ludovice,
1332 5398 1609 5454 Italorum
1635 5415 1759 5454 rex.
1792 5399 1856 5452 Et
1876 5396 1964 5451 in-

301 5489 390 5539 ter
418 5501 527 5540 vos
577 5490 698 5542 tres
724 5503 848 5559 pax
883 5495 1171 5562 perpetua
1215 5489 1275 5544 in
1324 5488 1416 5544 his
1445 5489 1644 5545 verbis
1674 5494 1730 5545 et
1759 5488 1818 5544 in
1849 5488 1964 5543 hoc

300 5580 483 5645 pacto
511 5581 775 5632 maneat.
814 5580 880 5633 Et
909 5578 988 5635 ob
1021 5579 1136 5636 hoc
1171 5579 1338 5651 quod
1373 5579 1520 5635 mihi
1550 5579 1612 5635 in
1639 5580 1800 5635 hunc
1829 5594 1961 5634 mo-

299 5663 454 5722 dum
487 5667 831 5737 servieritis,
865 5669 945 5725 do
971 5669 1097 5740 tibi,
1131 5668 1358 5741 Carole,
1377 5675 1442 5727 ut
1456 5669 1958 5742 Hispanias,duce

2077 428 2178 481 tuo
2208 443 2394 498 regno
2425 431 2502 486 ad
2533 433 2823 490 honorem
2852 437 3114 492 nominis
3143 439 3260 493 mei
3290 442 3622 499 secundum
3652 444 3720 499 li-

2075 512 2367 572 bertatem
2420 519 2690 576 tidelium
2733 539 3008 580 meorum
3040 527 3366 584 consocies.
3422 533 3533 587 Nec
3575 547 3722 601 gens

2080 604 2457 676 Scytharum,
2487 625 2622 680 quae
2651 626 2905 682 regnum
2931 618 3102 670 tuum
3130 615 3453 674 immodice
3486 619 3718 692 afﬂigit,

2076 699 2283 749 contra
2307 699 2362 750 te
2394 701 2685 770 tuumque
2708 716 2961 770 regnum
2985 705 3327 775 praevaleat,
3362 711 3418 763 et
3447 708 3579 776 falsi
3609 710 3724 766 fra-

2075 785 2191 838 tres
2216 799 2284 838 ac
2309 785 2663 844 rebelliones
2695 791 2778 845 tui
2799 792 2966 860 regni
3007 797 3144 849 ante
3177 794 3391 851 faciem
3429 801 3592 854 tuam
3622 815 3720 856 ve-

2074 871 2162 927 lut
2189 874 2391 928 fumus
2425 883 2559 959 ante
2592 878 2803 934 faciem
2836 881 2992 936 venti
3023 882 3322 939 deﬁciant.
3359 885 3604 959 Tibique
3635 891 3724 944 tui

2075 960 2174 1016 ﬁlii
2209 968 2264 1017 et
2292 951 2559 1036 nepotes,
2601 969 2647 1021 si
2680 969 2792 1022 hoc
2823 975 3068 1040 pactum
3101 973 3484 1040 servaverint,
3516 993 3719 1032 succe-

2075 1053 2275 1108 dendo
2311 1054 2568 1115 feliciter.
2597 1057 2789 1113 donec
2816 1059 2873 1113 in
2905 1076 2974 1114 eo
3006 1077 3208 1116 coram
3230 1078 3325 1116 me
3355 1065 3636 1133 steterint,
3660 1067 3720 1120 in

2074 1158 2327 1208 regnum
2350 1145 2694 1201 succedant.
2720 1151 3136 1204 Verumtamen
3161 1151 3304 1221 quia
3329 1152 3617 1207 Ecclesias
3648 1155 3722 1210 de

2076 1248 2184 1285 suo
2243 1238 2399 1287 statu
2457 1235 2814 1291 submovere
2860 1254 2981 1294 non
3028 1239 3291 1310 timuisti,
3317 1245 3373 1295 et
3399 1247 3641 1313 propter
3671 1249 3721 1300 te

2073 1325 2307 1375 tantum
2342 1323 2570 1377 malum
2602 1324 2808 1394 afﬂigit
2851 1328 3170 1384 Ecclesiam
3198 1345 3420 1395 meam,
3479 1331 3632 1386 scias
3665 1337 3718 1388 te

2075 1411 2344 1481 sequenti
2378 1428 2536 1466 anno
2569 1413 2625 1468 in
2676 1415 2790 1469 hoc
2820 1417 2953 1488 ipso
2996 1434 3202 1472 mense
3251 1419 3354 1490 qui
3396 1436 3556 1474 nunc
3614 1426 3718 1485 est,

2075 1500 2436 1556 Britanniam
2471 1508 2811 1574 venturum,
2866 1506 3069 1578 ibique
3100 1508 3180 1562 ita
3206 1509 3282 1562 ab
3324 1509 3577 1564 inimicis
3607 1511 3722 1566 tuis

2073 1589 2624 1653 dehonestandum,
2662 1599 2720 1648 ut
2747 1597 2976 1664 (f.add.
2999 1597 3115 1667 vix)
3141 1599 3308 1652 vivus
3339 1599 3580 1654 evadas.
3607 1599 3722 1655 Ibi-

2071 1694 2188 1748 que
2223 1681 2508 1734 morictur
2543 1682 2808 1752 pertidus
2853 1689 2908 1739 et
2951 1685 3244 1740 nefandus
3278 1686 3585 1754 Vivianus,
3619 1688 3722 1760 qui

2072 1783 2194 1821 non
2224 1769 2492 1824 extimuit
2522 1772 2874 1830 conculcare
2916 1775 3287 1831 nobilitatem
3325 1777 3719 1833 Ecclesiarum

2071 1873 2366 1922 mearum,
2429 1860 2710 1916 abbatem
2759 1880 2819 1917 se
2875 1864 3135 1931 glorians
3185 1866 3528 1920 monasterii
3561 1867 3722 1922 beati

2071 1948 2293 2002 Martini
2345 1953 2401 2004 et
2457 1956 2828 2008 creterorum.
2874 1953 3258 2010 Devorabunt
3312 1955 3468 2010 enim
3499 1955 3720 2012 idcirco

2072 2052 2278 2091 carnes
2304 2037 2436 2105 ejus
2468 2038 2603 2092 ferre
2628 2039 2934 2096 silvarum.
2968 2041 3240 2097 Similiter
3269 2043 3533 2098 etcaeteri
3562 2043 3718 2099 mul-

2070 2125 2109 2180 ti
2151 2131 2446 2193 corruent,
2488 2133 2541 2181 et
2577 2132 2655 2193 tu,
2700 2134 2761 2183 ut
2799 2128 2942 2197 dixi,
3001 2128 3314 2186 difﬁculter
3367 2131 3608 2187 evades.
3664 2131 3718 2187 Si

2069 2212 2313 2284 quidem
2369 2213 2493 2267 noli
2525 2219 2663 2268 tunc
2709 2217 3029 2288 desperare
3079 2217 3153 2271 de
3188 2219 3601 2288 recuperanda
3631 2236 3721 2274 sa-

2069 2299 2211 2366 lute,
2253 2300 2356 2353 sed
2386 2317 2780 2375 quascunque
2817 2303 3106 2358 Ecclesias
3139 2321 3209 2358 eo
3246 2304 3402 2359 bello
3429 2305 3718 2360 delibera-

2069 2404 2233 2454 vero,
2263 2389 2500 2443 restitue
2541 2390 2598 2444 in
2645 2397 2864 2446 statum
2913 2409 3111 2458 suum,
3145 2397 3200 2447 et
3226 2407 3337 2461 ego
3368 2393 3470 2447 tibi
3503 2409 3715 2448 omnes

2071 2475 2364 2549 aliasquaa
2383 2484 2521 2533 sunt
2541 2479 2596 2534 in
2618 2497 2802 2549 regno
2821 2486 2922 2535 tuo
2936 2482 3324 2548 deordinatae,
3345 2498 3720 2554 consequen-

2071 2571 2157 2621 ter
2187 2566 2554 2622 deliberabo.
2619 2570 2757 2624 Vide
2789 2575 2851 2624 tu
2884 2571 3249 2625 omnimodis
3281 2576 3345 2625 ut
3383 2587 3578 2642 neque
3610 2587 3718 2642 pro

2071 2655 2272 2726 aliqua
2297 2655 2641 2720 ambitione,
2677 2663 2779 2712 aut
2801 2659 3051 2729 pristina
3080 2659 3426 2728 temeritate,
3448 2659 3662 2713 iterum
3682 2675 3717 2714 a

2072 2760 2181 2797 suo
2209 2744 2414 2798 ordine
2445 2745 2536 2798 vel
2564 2749 2718 2800 statu
2744 2763 2846 2801 eas
2874 2747 3136 2818 amplius
3167 2763 3498 2813 removeas,
3521 2747 3718 2819 sipac-

2071 2835 2196 2886 tum
2226 2847 2428 2886 meum
2458 2833 2619 2904 quod
2654 2833 2944 2889 hodierna
2970 2834 3066 2889 die
3091 2839 3287 2890 tecum
3317 2835 3515 2906 pepigi
3529 2834 3618 2889 vis
3636 2834 3720 2889 in-

2069 2919 2346 2975 violabile
2365 2937 2734 2992 permanere.
2753 2923 2923 2988 Quod
2943 2924 2988 2977 si
3002 2924 3114 2979 hoc
3138 2928 3199 2979 tu
3221 2940 3343 2979 non
3366 2923 3716 2990 servaveris,

2070 3024 2179 3063 nec
2207 3009 2393 3065 verba
2423 3011 2575 3082 pacti
2629 3011 2745 3066 mei
2790 3011 2894 3067 tibi
2947 3028 3009 3066 se
3051 3011 3508 3068 conservabunt.
3552 3013 3618 3067 Et
3657 3015 3722 3066 tu

2073 3097 2367 3153 Ludovice
2399 3101 2833 3155 Germanorum
2854 3115 2976 3165 rex,
2997 3101 3200 3172 accipe
3229 3105 3529 3170 sceptrum
3552 3097 3720 3168 regni

2069 3190 2126 3240 et
2150 3202 2435 3242 coronam
2466 3187 2622 3242 hanc
2645 3187 2704 3242 in
2727 3188 3107 3242 ﬁrmamento
3136 3188 3294 3260 pacti
3317 3187 3521 3256 hujus.
3547 3184 3721 3250 Quod

2071 3273 2122 3328 si
2152 3275 2614 3344 conservaveris,
2661 3273 2814 3328 duce
2857 3273 3034 3328 beato
3079 3273 3262 3329 Paulo
3287 3272 3575 3345 principe,
3611 3272 3720 3327 erit

2067 3360 2129 3416 in
2157 3364 2362 3431 gentes
2392 3377 2526 3433 quae
2557 3366 2695 3418 sunt
2742 3361 2942 3417 adhuc
2980 3361 3252 3417 inﬁdeles
3285 3361 3449 3434 apud
3475 3362 3720 3416 Germa-

2067 3451 2200 3507 nias
2231 3448 2573 3506 felicissima
2595 3449 2862 3506 dilatatio
2894 3455 3013 3506 tua.
3050 3450 3106 3506 Si
3137 3454 3339 3506 autem
3363 3454 3426 3506 tu
3452 3449 3567 3504 hoc
3596 3461 3720 3503 non

2067 3529 2532 3606 conservaveris,
2563 3554 2674 3594 nec
2695 3545 2940 3611 pactum
2969 3555 3173 3594 meum
3201 3539 3366 3612 quod
3388 3552 3500 3606 ego
3523 3541 3719 3592 tecum

2065 3627 2269 3702 pepigi
2301 3627 2513 3683 stabile
2544 3627 2830 3683 manebit.
2861 3629 2951 3684 Tu
2977 3633 3199 3694 autem,
3229 3626 3524 3683 Ludovice
3551 3625 3720 3681 Italo-

2067 3733 2202 3772 rum
2234 3732 2359 3778 rex,
2393 3717 2596 3788 accipe
2628 3721 2929 3789 sceptrum
2960 3716 3126 3787 regni
3163 3720 3220 3772 et
3247 3730 3536 3771 coronam
3561 3713 3739 3769 hanc.

2065 3805 2128 3861 in
2160 3806 2541 3861 firmamento
2586 3805 2743 3878 pacti
2791 3805 2992 3876 hujus.
3055 3804 3226 3871 Quod
3272 3805 3322 3860 si
3366 3803 3719 3872 servaveris,

2067 3893 2220 3949 duce
2245 3893 2424 3950 beato
2455 3897 2620 3950 Petro
2651 3893 2940 3966 principe,
2972 3893 3081 3949 erit
3109 3897 3318 3950 contra
3347 3897 3552 3962 gentes
3582 3907 3720 3963 quae

2070 3983 2424 4055 opprimunt
2446 3997 2700 4051 regnum
2732 3989 2920 4048 tuum,
2944 3980 3285 4036 felicissima
3314 3979 3579 4037 extensio
3596 3984 3718 4034 tua.

2072 4073 2172 4130 Sin
2206 4077 2428 4137 autem,
2462 4070 2792 4126 mutabitur
2820 4074 2876 4125 et
2904 4068 3084 4125 istud.
3132 4069 3200 4124 Hi
3231 4070 3391 4125 enim
3421 4074 3538 4125 tres
3562 4067 3721 4140 prin-

2071 4162 2256 4235 cipes,
2279 4177 2433 4233 quos
2454 4158 2638 4214 duces
2662 4163 2718 4214 et
2733 4158 3039 4230 adjutores
3070 4174 3207 4213 cum
3220 4158 3576 4214 exercitibus
3598 4173 3719 4211 suae

2070 4249 2365 4307 societatis
2400 4248 2573 4304 vobis
2619 4246 2779 4317 dedi,
2821 4247 2899 4303 ab
2947 4246 3283 4303 imminenti
3331 4245 3720 4303 damnatione

2075 4338 2374 4395 mundum
2405 4337 2530 4392 suis
2546 4335 3063 4392 intestimabilibus
3084 4336 3364 4408 precibus
3385 4337 3566 4392 modo
3609 4336 3726 4393 eri-

2066 4432 2343 4502 puerunt.
2372 4427 2506 4482 Sine
2535 4440 2795 4498 quorum
2838 4429 2902 4480 ut
2941 4425 3215 4481 ordinavi
3246 4426 3470 4481 ducatu
3499 4431 3554 4482 et
3580 4442 3720 4498 pro-

2068 4516 2340 4582 tectione,
2371 4513 2540 4570 nulla
2585 4513 2796 4569 vestris
2826 4513 3250 4586 congressibus
3281 4514 3450 4570 cedet
3477 4529 3721 4587 prospe-

2067 4605 2228 4660 ritas.
2283 4601 2668 4658 Servantibus
2699 4617 2941 4674 quoque
2980 4601 3174 4669 vobis,
3201 4606 3267 4656 ut
3294 4601 3436 4663 dixi,
3471 4606 3716 4671 pactum

2067 4692 2203 4761 hoc,
2249 4690 2415 4763 quod
2475 4688 2654 4746 hodie
2705 4689 3050 4745 solemniter
3098 4688 3414 4742 vobiscum
3465 4688 3713 4758 pepigi:

2069 4784 2211 4834 tunc
2240 4779 2301 4834 hi
2325 4779 2510 4834 duces
2539 4782 2596 4834 et
2621 4792 2826 4833 coram
2853 4792 2948 4830 me
2969 4778 3232 4829 vestram
3253 4777 3718 4848 vestrorumque

2067 4883 2394 4936 regnorum
2416 4881 2662 4920 causam
2679 4879 2921 4935 semper
2939 4866 3248 4934 peragent,
3276 4865 3333 4918 et
3352 4877 3718 4938 quocunque

2071 4955 2194 5010 sive
2221 4953 2296 5008 ad
2331 4952 2575 5022 bellum,
2617 4951 2738 5006 sive
2769 4952 2847 5006 ad
2869 4967 3104 5024 pacem,
3127 4951 3558 5023 processeritis,
3589 4970 3717 5010 ves—

2069 5044 2141 5100 tri
2180 5047 2634 5114 vestrorumque
2665 5039 2850 5096 duces
2886 5040 3243 5113 optatissimi
3271 5045 3327 5095 et
3353 5039 3552 5096 invicti
3584 5058 3720 5114 pro-

2069 5137 2320 5189 tectores
2351 5135 2542 5187 erunt.
2577 5131 2711 5184 Haec
2742 5129 3054 5202 complens
3104 5128 3394 5183 Dominus
3420 5129 3720 5188 ordinavit

2071 5222 2130 5278 in
2162 5222 2446 5277 omnibus
2487 5220 2759 5276 Ecclesiis
2791 5219 3091 5291 principes
3133 5217 3255 5273 sive
3284 5224 3554 5290 pastores
3595 5237 3718 5278 sua:

2071 5312 2247 5367 bonae
2281 5309 2624 5374 voluntatis,
2669 5309 2824 5363 dans
2859 5309 3042 5362 ﬁnem
3085 5307 3175 5362 his
3207 5307 3310 5380 qui
3350 5306 3502 5364 falso
3545 5325 3720 5367 voca-

2072 5400 2214 5455 bulo
2267 5402 2585 5454 censentur
2649 5403 2940 5470 pastores.
3017 5395 3293 5453 Similiter
3343 5397 3541 5469 capita
3599 5399 3718 5470 ple-

2072 5488 2236 5543 bium
2292 5487 2711 5542 universorum
2751 5485 3242 5543 Christianorum.
3304 5489 3370 5541 Et
3414 5485 3718 5542 benedixit

2073 5575 2370 5632 mundum
2388 5575 2592 5631 dicens
2621 5593 2634 5632 :
2665 5576 2812 5642 Quia
2833 5591 2943 5648 pro
2964 5574 3377 5648 iniquitatibus
3402 5574 3719 5630 hominum

2072 5665 2258 5723 modo
2306 5665 2481 5738 quasi
2533 5666 2663 5737 jam
2711 5665 3035 5723 damnatus
3083 5663 3366 5721 omnibus
3463 5659 3718 5718 ementis
