4160 6182
404 168 473 237 27
1006 163 1327 221 AUDRADI
1365 159 1788 226 SENONENSIS
1823 155 2316 230 CHOREPIGGGPI
2360 164 2559 232 uasa
2596 166 3160 225 REVELATIONUM.
3738 172 3812 226 2s

406 305 684 368 appares,
714 259 1102 360 nuneaceipe
1134 287 1608 348 benedictionem
1633 299 1833 352 meam
1853 287 1910 338 et
1935 285 2060 340 esto
2092 287 2136 346 Α
2169 288 2314 344 Nam
2373 306 2506 362 ego,
2563 292 2610 352 si
2665 308 2794 349 esse
2851 296 3072 364 posset,
3134 293 3278 348 satis
3296 292 3412 348 hoc
3427 292 3661 348 vellem.
3711 296 3809 348 Est

403 379 870 436 fecundissimus
901 378 1014 434 hoc
1041 394 1201 433 anno
1227 375 1515 448 sequenti,
1543 380 1608 430 ut
1637 372 1784 430 nulli
1807 371 2061 430 dubium

406 475 648 525 maneat
675 470 820 540 quin
853 483 963 538 ego
988 467 1080 522 his
1116 465 1304 520 tribus
1326 464 1560 530 diebus,
1587 462 1808 536 quibus
1839 459 1976 516 solis
2007 463 2065 516 et

404 558 563 612 lunae
585 557 736 624 radii
761 574 821 612 sc
844 555 1305 619 absconderunt,
1340 550 1701 608 visitaverim
1741 548 2065 605 Ecclesiam

404 662 625 712 meam,
655 647 901 716 ejusque
928 657 1175 698 causam
1208 641 1630 715 disposuerim.
1697 641 2064 710 Factumque

408 740 513 792 est.
545 739 609 790 Et
638 735 763 789 haec
785 729 1200 810 percomplens
1232 731 1540 798 Dominus,
1574 727 1843 784 ascendit
1887 741 2066 798 super

407 840 616 880 omnes
645 822 825 877 caelos
860 821 917 874 in
947 819 1191 876 dextera
1217 819 1422 874 Patris.
1457 818 1631 874 Venit
1687 832 1931 890 quoque
1963 831 2067 872 an“

407 911 709 968 niversarii
739 909 885 978 dies,
919 913 975 963 et
1004 925 1200 963 sermo
1231 907 1470 968 Domini
1502 905 1834 978 completus
1865 909 1952 968 est
2003 904 2066 967 in

408 999 682 1056 Carolum
713 1002 767 1052 et
796 997 1118 1052 exercitum
1149 996 1296 1067 ejus.
1329 999 1595 1070 Namque
1642 994 1953 1052 Vivianum
1984 991 2064 1048 ab

404 1087 678 1143 hostibus
704 1085 1078 1142 interfectum
1107 1085 1546 1140 devoraverunt
1574 1082 1711 1138 ferae
1754 1082 2064 1149 silvarum,

407 1181 463 1232 et
491 1175 692 1231 multa:
723 1174 996 1230 Ecclesiae
1027 1173 1104 1229 ab
1134 1173 1596 1247 oppressoribus
1633 1171 1772 1243 suis,
1827 1175 1892 1228 ut
1949 1173 2063 1226 Do-

407 1265 606 1321 minus
633 1264 1006 1336 praedixerat,
1041 1279 1112 1318 eo
1138 1262 1294 1318 bello
1323 1268 1460 1318 sunt
1490 1261 1850 1318 deliberatis.
1909 1263 2064 1318 Man-

409 1341 656 1411 daverat
686 1354 798 1408 hoc
827 1352 1059 1421 legatus
1090 1350 1487 1408 Ecclesiarum
1518 1351 1729 1407 Carolo
1774 1348 1900 1419 regi
1959 1364 2065 1422 per

412 1443 819 1499 Rotbbernum
878 1441 1206 1515 quemdam
1266 1440 1703 1496 cubicularium
1777 1437 1955 1508 regis,
2007 1441 2063 1496 et

411 1550 656 1592 omnem
680 1523 911 1587 textum
935 1531 1290 1594 narrationis
1321 1531 1680 1603 exposuerat
1707 1545 1720 1583 :
1749 1527 1915 1606 quod
1957 1542 2064 1591 rex

2169 378 2326 434 enim
2362 380 2503 438 mihi
2536 382 3034 451 consanguineus.
3065 384 3188 450 Age
3216 398 3360 450 ergo
3391 386 3458 436 ut
3483 397 3723 447 moneo,
3754 385 3813 437 et

2171 465 2216 520 si
2237 466 2464 539 aliquid
2494 469 2633 526 inde
2663 470 2945 539 dignatus
2969 471 3142 528 fuerit
3165 470 3480 526 ostendere
3506 469 3610 525 tibi
3631 473 3808 539 Deus,

2169 570 2290 610 non
2321 556 2663 616 abscondas
2695 576 2730 615 a
2753 575 2846 614 me
2867 558 3032 627 illud,
3054 559 3115 614 in
3144 559 3262 614 fide
3296 559 3394 615 Dei
3443 564 3497 613 te
3524 558 3808 614 obtestor.

2173 644 2438 717 Cumque
2466 663 2699 706 orarem
2728 647 2898 704 solito
2930 663 3038 719 pro
3069 647 3319 703 fratrum
3364 646 3573 717 salute,
3633 647 3812 702 etiam

2171 737 2228 788 et
2249 749 2354 804 pro
2387 737 2728 807 supradicto
2758 736 3015 804 negotio,
3045 752 3179 791 ecce
3209 737 3493 792 Dominus
3531 735 3814 805 dignatus

2170 826 2258 880 est
2281 839 2379 879 me
2409 825 2633 890 audire,
2668 830 2723 884 et
2743 825 3112 880 descendens
3141 825 3216 881 de
3243 825 3391 880 coelo
3419 824 3646 879 lumine
3703 841 3814 880 suo

2171 911 2559 970 eireumfulsit
2595 930 2690 968 me
2718 913 2779 969 in
2807 913 2940 970 loco
2969 930 3091 985 quo
3121 929 3289 970 eram
3319 929 3518 974 orans,
3542 919 3598 968 et
3628 913 3808 968 dixit:

2171 1001 2474 1067 Maledicta
2517 1002 2644 1056 dies
2674 1019 2802 1074 qua,
2824 1002 2932 1058 erit
2958 1002 3335 1059 liurehardus
3377 1002 3716 1074 episcopus.
3751 1005 3818 1058 Et

2170 1089 2298 1146 haec
2318 1090 2547 1161 dicens,
2562 1090 2620 1147 in
2641 1091 2858 1150 ccelum
2878 1091 3066 1148 rediit.
3096 1094 3254 1148 Unus
3277 1096 3476 1147 autem
3499 1107 3572 1146 ex
3587 1090 3816 1160 angelis

2171 1179 2275 1250 qui
2306 1195 2443 1238 cum
2475 1196 2546 1236 eo
2580 1186 2880 1246 venerant,
2911 1180 2988 1237 ad
3019 1180 3325 1244 dexteram
3375 1179 3522 1234 mihi
3573 1195 3815 1235 reman-

2172 1267 2266 1336 sit,
2299 1273 2355 1324 et
2379 1269 2497 1326 ait:
2533 1269 2860 1341 Nostiquid
2889 1269 3100 1325 dixerit
3125 1268 3413 1324 Dominus
3460 1269 3486 1322 ‘I
3547 1271 3613 1323 Et
3668 1269 3764 1324 aio
3798 1285 3812 1323 :

2172 1357 2439 1426 Domine,
2470 1363 2730 1430 apertius
2754 1358 2900 1414 scire
2927 1357 3160 1415 vellem.
3194 1362 3264 1413 At
3292 1357 3386 1413 ille
3438 1356 3585 1412 dixit
3616 1374 3630 1411 :
3679 1360 3816 1413 0m-

2170 1446 2350 1508 nibus
2378 1447 2608 1513 diebus,
2633 1447 2853 1518 quibus
2875 1446 3043 1502 tuerit
3070 1445 3451 1503 Burehardus
3473 1446 3812 1518 episcOpus,

2174 1534 2414 1597 stillabit
2443 1535 2530 1594 ira.
2562 1537 2660 1594 Dei
2685 1552 2866 1608 super
2895 1551 3108 1591 omnes
3156 1534 3437 1590 ecclesias
3485 1551 3678 1606 usque
3737 1535 3816 1590 ad

422 1622 663 1678 obedire
710 1621 987 1692 neglexit,
1022 1620 1129 1676 sed
1161 1618 1642 1676 inhonestissime
1678 1634 1713 1674 a
1764 1616 2065 1685 Britannia
2105 1637 2146 1705 Β,
2171 1625 2408 1687 ruinam
2435 1623 2690 1687 illarum.
2732 1624 2954 1681 Idcirco
2985 1622 3570 1680 excommunicando
3617 1623 3819 1694 probi-

420 1727 714 1779 reversus,
757 1727 880 1769 non
909 1709 1159 1766 restituit
1208 1709 1497 1765 Ecclesias
1553 1707 1614 1762 in
1667 1706 1876 1763 ordine
1931 1721 2060 1762 suo.

417 1799 822 1866 Quamobrem
847 1799 1098 1854 adduxit
1127 1803 1524 1854 Nortmannos
1554 1796 1613 1852 in
1647 1795 1863 1860 Gallias
1885 1796 2060 1863 Deus,

413 1891 518 1963 qui
555 1906 655 1956 eas
703 1893 854 1946 terra
912 1889 1182 1961 marique
1240 1891 1563 1952 vastarent,
1610 1891 1664 1941 et
1718 1885 2064 1952 immanitas

417 1967 689 2041 Omnium
719 1977 1179 2050 malignantium
1213 1976 1376 2032 velut
1405 1977 1492 2031 ira
1518 1975 1618 2030 Dei
1669 1973 1848 2048 coepit
1887 1973 2063 2030 undi-

414 2084 532 2140 que
561 2068 622 2122 in
653 2072 884 2140 partem
911 2068 1128 2123 horum
1164 2081 1375 2135 regum
1429 2064 1829 2121 effervescere.
1894 2063 2064 2118 Tune

415 2156 646 2226 legatus
675 2156 1069 2211 Eeelesiarum
1092 2155 1279 2211 tribus
1302 2155 1515 2210 diebus
1548 2161 1604 2210 et
1629 2153 1904 2216 noctibus
1928 2168 2064 2208 con-

414 2245 611 2315 tinuis,
641 2245 810 2300 tertio
844 2245 971 2300 sine
1003 2244 1136 2299 cibo
1167 2249 1222 2299 et
1269 2248 1438 2316 potu,
1499 2258 1702 2298 coram
1758 2243 1878 2302 Deo
1928 2257 2062 2314 per-

413 2334 657 2402 mansit,
687 2349 865 2397 orans
897 2337 960 2387 ut
988 2332 1364 2387 misereretur
1395 2330 1621 2403 populo
1654 2347 1784 2398 suo,
1844 2334 1901 2388 et
1941 2345 2064 2388 non

413 2421 799 2476 subtraheret
827 2421 1100 2476 inducias
1129 2420 1324 2477 datas.
1358 2420 1466 2486 Qui
1495 2419 1708 2481 iterum
1738 2418 1928 2482 ﬂexus
1987 2417 2065 2472 ad

413 2509 695 2581 pietatem
723 2509 999 2574 misertus
1025 2515 1130 2576 est,
1165 2515 1220 2576 et
1249 2514 1553 2580 utcunque
1596 2523 1668 2564 ex
1699 2512 1867 2580 parte
1914 2506 2066 2566 miti-

417 2598 580 2666 gavit
600 2597 752 2653 iram
786 2597 1001 2652 furoris
1035 2599 1147 2672 sui,
1176 2597 1482 2658 sustinens
1542 2597 1742 2654 adhuc
1799 2595 2067 2655 Inducia-

420 2703 560 2742 rum
594 2685 878 2769 spatium.

1039 2828 1269 2884 CAPUT
1307 2827 1421 2883 XV.

2170 1713 2270 1770 bet
2305 1712 2706 1774 ordinatorem
2736 1713 2866 1784 ejus
2896 1712 3248 1780 Altissimus,
3307 1728 3384 1768 ne
3431 1712 3704 1782 imponat
3732 1711 3814 1766 illi

2172 1818 2390 1862 manus
2418 1802 2479 1864 in
2504 1802 2916 1862 benedictione
2943 1800 3287 1873 episcopali.
3318 1804 3383 1857 Et
3404 1801 3533 1856 haec
3582 1800 3812 1868 dicens,

2172 1891 2491 1950 Dominum
2525 1896 2767 1948 secutus
2797 1895 2902 1948 est.
2926 1893 3047 1959 Ego
3085 1895 3286 1947 autem
3309 1889 3571 1945 adorans
3595 1895 3651 1944 et
3681 1905 3816 1957 gra-

2175 1981 2284 2040 tias
2314 1996 2521 2049 agens,
2546 1980 2720 2036 retuli
2750 1979 3030 2037 universa
3061 1978 3511 2051 archiepiscopo
3531 1993 3689 2046 meo,
3712 1978 3818 2050 qui

2171 2086 2310 2128 mox
2335 2070 2620 2141 scriptum
2649 2069 2806 2126 misit
2835 2067 3148 2125 oraculum
3198 2067 3357 2124 istud
3410 2067 3537 2136 regi
3584 2066 3814 2122 Carolo.

2170 2163 2237 2215 Et
2264 2175 2376 2229 ego
2398 2162 2694 2219 conventu
2724 2157 3166 2230 episcoporum,
3188 2157 3293 2228 qui
3321 2155 3400 2212 ob
3415 2156 3530 2210 hoc
3552 2157 3812 2212 Senonas

2171 2251 2598 2312 convenerunt,
2630 2251 2910 2305 monente
2955 2247 3085 2316 jam
3141 2245 3301 2301 dicto
3343 2244 3810 2316 archiepiscopo,

2169 2336 2342 2393 retuli
2365 2336 2531 2394 illud.
2553 2336 2660 2398 Qui
2686 2335 2882 2407 primo
2913 2334 3159 2406 quidem
3187 2333 3509 2390 noluerunt
3538 2333 3818 2389 ordinare

2172 2425 2527 2497 episcopum
2575 2424 2860 2484 eumdem
2909 2422 3340 2494 Burchardum,
3400 2427 3520 2478 tam
3573 2421 3818 2476 evidens

2174 2514 2275 2572 Dei
2303 2513 2614 2577 oraculum
2661 2518 3068 2584 pavescentes.
3097 2503 3231 2568 'Sed
3286 2510 3607 2583 imperium
3660 2509 3818 2579 regis

2173 2607 2404 2676 postea,
2437 2606 2494 2658 et
2522 2601 2846 2661 multorum
2875 2601 3295 2673 episcoporum
3352 2615 3424 2655 ac
3476 2598 3817 2671 principum

2171 2690 2341 2761 regni
2366 2706 2699 2748 consensus
2727 2688 3070 2762 praavaluit,
3121 2694 3180 2747 et
3206 2703 3414 2745 mense
3432 2691 3650 2760 quarto
3679 2687 3822 2743 anni

2177 2779 2558 2840 Induciarum
2599 2779 2765 2851 noni,
2797 2779 3108 2836 ordinatus
3139 2783 3227 2836 est
3253 2778 3592 2850 episcopus.
3639 2776 3818 2847 Cujus

2176 2869 2617 2929 ordinationem
2649 2872 2849 2940 aperte
2905 2869 2994 2925 ira
3049 2868 3148 2924 Dei
3198 2883 3342 2923 mox
3388 2869 3592 2922 secuta
3621 2871 3726 2930 est,
3762 2868 3820 2924 et

489 2951 805 3048 Et_fac_tum
839 2955 930 3015 est
963 2967 1124 3048 agno
1151 2955 1274 3022 853,
1307 2951 1421 3008 hoc
1447 2955 1535 3048 est
1561 2950 1943 3048 lnduciar‘tlm
1965 2966 2069 3048 {10-
2108 2989 2152 3048 G
2178 2957 2446 3032 sequenti
2476 2973 2681 3014 mense
2709 2973 2813 3028 per
2841 2961 3032 3013 totum
3057 2955 3356 3013 mundum
3384 2959 3563 3012 vento
3608 2960 3814 3010 urente

419 3057 518 3113 no,
551 3041 718 3097 tertio
747 3056 974 3108 mense,
999 3041 1214 3107 iterum
1261 3039 1532 3109 evocavit
1550 3055 1646 3095 me
1684 3055 1788 3096 rex
1821 3039 2067 3108 Carolus

417 3129 495 3186 ad
527 3146 610 3186 se.
642 3132 870 3195 Etcum
919 3129 1290 3203 principibus
1346 3127 1764 3198 Ecclesiarum,
1815 3127 2063 3192 testibus

417 3218 759 3283 Wanilone,
795 3217 1131 3288 Hinemaro,
1164 3216 1484 3290 Amalrieo,
1519 3215 1913 3294 Leopardulo,
1973 3233 2066 3280 ve-

419 3306 786 3368 nerabilibus
816 3306 1298 3380 archiepiscopis,
1331 3308 1620 3377 praesente
1645 3305 2066 3370 Christianissi-

418 3412 519 3454 ma
540 3395 746 3467 regina
761 3394 1165 3463 Ermentrude,
1190 3393 1366 3465 erepit
1390 3394 1726 3468 percontari
1746 3394 1925 3456 dehis
1937 3409 2066 3454 om-

419 3485 621 3548 nibus,
650 3485 744 3546 vel
775 3484 825 3546 si
855 3484 912 3543 in
947 3484 1149 3557 aliquo
1171 3482 1496 3557 potuissem
1521 3482 1886 3555 deprehendi
1907 3497 2069 3544 men-

419 3574 594 3636 dacio
626 3574 937 3636 sciscitari,
970 3575 1043 3630 At
1071 3589 1183 3643 ego
1208 3573 1269 3628 in
1297 3588 1572 3640 sermone
1596 3571 1827 3627 Domini
1855 3571 2070 3631 iterum

419 3665 501 3722 illi
534 3668 598 3729 ut
617 3679 800 3735 supra
826 3662 1045 3736 scripta
1076 3666 1214 3732 sunt
1246 3662 1453 3731 omnia
1480 3660 1774 3732 enarravi.
1807 3659 1916 3725 Qui
1951 3676 2069 3715 cce-

419 3753 507 3826 pit
536 3752 750 3818 iterum
809 3755 987 3824 atque
1036 3751 1250 3807 iterum
1308 3751 1650 3824 promittere
1703 3748 1868 3822 quod
1916 3748 2070 3808 infra

362 3867 370 3872 ~
421 3843 575 3901 duos
596 3857 832 3904 menses
857 3840 1047 3909 sancti
1066 3839 1291 3902 Martini
1311 3840 1641 3907 ecclesiam,
1667 3854 1774 3896 seu
1803 3842 2067 3905 caeteras,

421 3949 556 4006 quae
577 3931 937 3994 videbantur
955 3935 1196 4004 apertae,
1227 3931 1286 3984 in
1309 3945 1416 3986 suo
1450 3928 1657 3994 ordine
1684 3928 2066 3985 restituisset:

422 4023 587 4095 quod
609 4037 730 4086 non
755 4020 1122 4093 adimplevit.
1151 4019 1262 4076 Sed
1291 4019 1366 4074 ad
1390 4017 1847 4094 provocandam
1872 4017 2071 4076 adhuc

421 4112 576 4172 iram
621 4107 1076 4180 Omnipotentis,
1151 4107 1456 4165 accersivit
1494 4105 1824 4177 quemdam
1867 4107 2070 4170 diaco-

420 4215 590 4276 num,
621 4197 863 4256 nomine
895 4195 1326 4264 Burchardum,
1377 4195 1478 4267 qui
1539 4200 1664 4254 erat
1711 4212 1741 4264 e
1802 4195 2072 4266 partibus

427 4287 688 4360 Lptharii
715 4287 888 4358 regis,
921 4290 978 4350 et
1007 4285 1456 4350 commendavit
1480 4285 1562 4342 illi
1589 4285 1914 4344 Eeclesiam
1938 4286 2074 4340 Car-

429 4375 796 4446 nutensium,
831 4380 894 4438 ut
919 4378 1074 4432 esset
1103 4374 1161 4432 in
1193 4389 1262 4430 ea
1288 4373 1552 4446 pontifex
1588 4393 1601 4442 ;
1644 4391 1713 4432 ac
1750 4373 1801 4432 si
1841 4373 2071 4442 nullum

428 4465 486 4520 in
510 4479 696 4534 regno
722 4465 1009 4534 dignioris
1042 4464 1301 4526 nominis
1333 4463 1610 4524 clericum
1661 4463 1925 4530 invenire
1971 4479 2068 4540 po-

427 4554 652 4623 tuisset,
677 4556 743 4618 Et
773 4553 919 4618 dixit
943 4551 1229 4614 Weniloni
1263 4554 1567 4614 Senonum
1599 4552 2070 4626 archiepiscopo,

427 4649 488 4702 ut
512 4661 651 4713 eum
680 4643 982 4712 ordinaret
1012 4641 1386 4717 episcopum.
1437 4640 1674 4702 Vocavit
1728 4645 1928 4700 autem
1980 4657 2075 4698 me

426 4732 586 4794 idem
615 4734 1127 4810 archiepiscopus,
1158 4736 1215 4790 et
1239 4729 1425 4786 dixit:
1477 4728 1604 4790 Scio
1650 4728 1728 4786 ad
1781 4729 1932 4785 iram
1977 4729 2078 4788 Dei

427 4822 880 4890 provocandam
908 4838 1110 4892 regem
1137 4826 1411 4882 nostrum
1443 4818 1723 4882 Carolum
1752 4818 1965 4890 egisse,
2012 4823 2078 4883 ut

427 4907 841 4972 Burchardum
869 4925 904 4975 δε
935 4909 1206 4980 partibus
1239 4909 1496 4968 Lotharii
1527 4913 1820 4979 evocaret,
1853 4913 1909 4966 et
1933 4925 2074 4982 pas-

432 4999 620 5062 torem
656 4995 928 5064 Ecclesiae
957 4995 1357 5060 constitueret.
1393 5001 1540 5054 Nam
1571 4999 1644 5053 de
1674 5015 1744 5054 eo
1791 5014 1898 5070 per
1954 4999 2077 5056 uni-

427 5100 631 5146 versas
663 5085 830 5154 regni
850 5085 1030 5159 hujus
1061 5083 1457 5151 eeelesias.....
1493 5083 1659 5147 fama
1675 5091 1732 5139 et
1752 5086 1915 5140 dictu
1944 5086 2079 5142 hor-

426 5171 612 5230 ribilis
637 5172 947 5245 divulgata
976 5176 1080 5228 est.
1111 5171 1224 5228 Sed
1252 5171 1302 5227 si
1331 5187 1465 5226 esse
1488 5176 1691 5244 posset
1722 5177 1785 5232 ut
1828 5172 1925 5226 Dei
1958 5173 2077 5227 ira-

426 5260 649 5329 cundia
679 5277 800 5325 non
823 5264 1272 5334 provocaretur,
1302 5259 1447 5332 quia
1478 5260 1642 5331 apud
1690 5259 1894 5320 saeculi
1947 5277 2083 5316 cau-

429 5365 559 5404 sam
592 5353 868 5410 strenuus
892 5365 1022 5404 esse
1057 5349 1446 5419 dignoscitur,
1473 5363 1620 5417 rogo
1639 5353 1691 5405 te
1716 5348 2082 5404 omnimodis

430 5442 496 5498 ut
513 5453 647 5492 ores
677 5440 887 5509 Deum,
917 5442 1214 5512 quatenus
1263 5437 1544 5507 dignetur
1601 5437 1702 5493 tibi
1745 5438 2083 5506 ostendere,

431 5521 482 5582 si
497 5542 628 5582 esse
641 5525 956 5598 possitullo
979 5525 1184 5596 modo,
1216 5531 1279 5582 ut
1310 5526 1643 5582 secundum
1661 5527 1790 5598 ejus
1815 5526 2084 5583 volunta-

431 5621 550 5688 tem
595 5615 755 5684 idem
795 5615 1174 5688 Burehardus.
1240 5614 1366 5674 ﬁeri
1416 5620 1716 5690 mereatur
1759 5617 2082 5690 episcopus

2176 3063 2474 3121 percussae
2506 3051 2644 3106 sunt
2677 3046 2886 3114 vineae,
2920 3047 3296 3114 tempestates
3353 3047 3413 3100 et
3458 3045 3721 3100 tonitrua
3765 3046 3820 3097 et

2175 3135 2440 3210 pericula
2470 3135 2698 3194 caelitus
2729 3133 2880 3190 ultra
2934 3147 3121 3203 quam
3169 3130 3287 3186 dici
3334 3133 3524 3202 possit
3574 3133 3814 3188 emissa.

2177 3227 2518 3297 Eodemque
2550 3239 2709 3279 anno
2757 3220 3102 3277 Nortmanni
3159 3235 3267 3290 per
3322 3219 3540 3289 Ligeris
3581 3221 3818 3277 alveum

2176 3315 2564 3371 ascendentes
2628 3309 3059 3367 monasterium
3117 3308 3309 3362 sancti
3361 3309 3588 3364 Martini
3634 3311 3817 3364 Turo-

2176 3400 2382 3468 nense,
2412 3405 2468 3458 et
2493 3400 2803 3456 basilicam
2833 3398 2962 3466 ejus
3020 3401 3142 3453 toto
3195 3395 3336 3453 orbe
3389 3397 3815 3466 venerabilem,

2177 3489 2342 3548 nullo
2370 3487 2665 3550 obstante,
2718 3501 2924 3542 mense
2977 3500 3141 3542 nono
3188 3482 3527 3542 incendunt.
3589 3485 3817 3554 Corpus

2178 3582 2376 3638 autem
2407 3574 2566 3634 beati
2597 3574 2805 3632 damni
2832 3573 3060 3632 Martini
3116 3573 3310 3632 clerici
3360 3587 3489 3643 ejus
3541 3570 3681 3626 inde
3730 3570 3823 3626 ῆι·-

2168 3668 2406 3737 ’ςίθηῐθε
2432 3680 2636 3722 secum
2665 3667 3057 3736 portaverunt
3085 3663 3146 3719 in
3205 3660 3636 3718 monasterium
3687 3676 3814 3714 mo-

2177 3756 2511 3813 nachorum
2539 3752 2705 3825 quod
2735 3751 2948 3809 dicitur
2980 3751 3355 3808 Cormaricus
3391 3750 3584 3806 eidem
3615 3753 3821 3805 sancto

2180 3845 2538 3916 subjectum.
2567 3846 2727 3901 Tune
2755 3846 2998 3914 paetum
3029 3839 3195 3912 quod
3211 3839 3527 3912 pepigerat
3556 3838 3820 3895 Christus

2179 3952 2317 4000 cum
2358 3933 2600 4003 regibus
2653 3930 2882 3991 irritum
2933 3930 3156 3985 factum
3209 3935 3316 3996 est,
3371 3927 3516 4000 quia
3569 3943 3694 3982 non
3745 3927 3822 3982 ad

2180 4022 2663 4081 emendationem
2695 4035 2755 4074 se
2789 4018 2908 4074 ullo
2940 4017 3144 4082 modo,
3177 4017 3282 4074 sed
3331 4015 3704 4089 apertissime
3745 4015 3824 4072 ad

2181 4111 2632 4184 provocandam
2666 4123 2844 4180 super
2876 4123 2937 4162 se
2970 4106 3163 4176 magis
3195 4106 3345 4164 iram
3393 4105 3495 4164 Dei
3545 4105 3822 4177 omnipo-

2181 4202 2354 4258 tentis
2387 4201 2822 4256 converterunt.
2857 4195 3076 4252 Idcirco
3125 4199 3182 4254 et
3233 4194 3429 4254 omnis
3477 4210 3598 4266 pax
3650 4198 3824 4266 rupta

2185 4294 2272 4345 est
2301 4293 2357 4344 et
2385 4303 2565 4344 omne
2596 4285 2827 4344 malum
2851 4284 3065 4341 iterum
3087 4299 3196 4340 ceu
3235 4283 3594 4342 reviviscens
3646 4298 3824 4355 super

2183 4393 2393 4434 omnes
2421 4375 2700 4434 ecclesias
2732 4373 2894 4429 velut
2920 4372 3305 4432 intolerabilis
3328 4372 3509 4428 maris
3543 4371 3823 4444 procella,

2185 4463 2682 4538 superinundavit
2708 4481 2720 4531 ;
2751 4466 2815 4518 ut
2847 4462 2992 4518 nulli
3043 4461 3298 4519 dubium
3329 4477 3457 4519 esse
3505 4465 3711 4533 posset
3756 4459 3826 4514 ﬁ-

2184 4555 2298 4611 deli
2321 4559 2425 4611 aut
2445 4552 2672 4608 infideli
2701 4552 2790 4608 ira
2823 4551 2921 4608 Dei
2947 4551 3175 4611 coalitus
3205 4550 3492 4608 Ecclesias
3531 4565 3743 4605 omnes
3773 4552 3829 4604 et

2183 4649 2373 4702 totum
2400 4642 2699 4698 mundum
2735 4641 3001 4712 undique
3031 4645 3089 4695 et
3133 4639 3357 4711 ubique
3406 4637 3824 4710 conquassari.

2183 4737 2344 4795 Tunc.
2401 4732 2666 4790 maxime
2713 4747 2853 4803 pars
2901 4728 3212 4799 legationis
3269 4743 3418 4784 meas
3472 4727 3636 4784 irrita
3672 4726 3830 4782 facta

2185 4827 2292 4888 est,
2319 4826 2376 4878 et
2404 4820 2600 4876 omnis
2638 4819 2910 4886 confusio
2937 4823 2992 4879 et
3041 4817 3381 4878 maledictio
3433 4815 3611 4888 coepit
3651 4830 3826 4886 supe-

2184 4911 2534 4974 rinundare.

2791 4998 3014 5056 CAPUT
3053 4999 3233 5054 XVIII.

2258 5088 2410 5150 Audi
2434 5103 2528 5142 me
2582 5087 2780 5150 frater.
2813 5086 2913 5140 Hie
2947 5090 3036 5143 est
3066 5085 3222 5149 fons,
3255 5083 3334 5142 de
3357 5099 3479 5156 quo
3515 5080 3702 5142 multo
3749 5079 3834 5137 la-

2187 5177 2332 5232 bore
2362 5180 2419 5230 et
2447 5174 2642 5230 studio
2673 5174 2906 5230 edidisti
2926 5173 3329 5231 venerabilem
3379 5172 3601 5232 librum
3650 5186 3834 5244 quem

2189 5265 2341 5320 bene
2371 5262 2612 5322 titulasti
2645 5262 2718 5318 de
2749 5264 2932 5320 Fonte
2963 5263 3115 5318 vitae.
3155 5265 3216 5317 Et
3237 5262 3382 5326 dixit
3414 5261 3558 5322 mihi
3586 5259 3832 5321 doctor:

2192 5354 2576 5419 Recognosce
2595 5351 2889 5422 scyphum
2914 5351 3092 5406 istum
3121 5369 3133 5405 :
3165 5350 3238 5410 de
3265 5367 3336 5414 eo
3357 5351 3604 5423 quidem
3631 5348 3840 5406 carmi-

2191 5458 2271 5500 na
2283 5439 2445 5500 clara
2464 5438 2525 5494 in
2541 5445 2872 5496 memorato
2893 5439 3062 5494 Libro
3074 5439 3208 5498 vitae
3230 5439 3410 5496 fontis
3425 5436 3836 5508 composuisti.

2783 5526 3004 5584 CAPUT
3052 5528 3238 5586 XXIV.

2271 5619 2336 5681 Et
2357 5619 2497 5676 tunc
2520 5615 2699 5698 coepit
2729 5616 2906 5686 (Deus
2951 5620 3120 5690 Pater
3169 5616 3409 5682 scilicet}
3461 5629 3500 5672 a
3544 5613 3841 5686 principio
