4180 6186
325 238 394 292 29
430 242 435 247 κ
1326 232 1611 289 itan
1646 228 2182 291 essemalum
2219 228 2535 288 sciscam
2583 231 2739 288 rm
2799 188 2808 201 ’
3671 233 3743 290 ac

321 358 603 414 universa
632 354 902 411 dolendo
956 359 1240 427 repetere,
1294 356 1535 413 dicens:
1592 359 1656 412 In
1693 356 1812 421 die,
1858 355 1979 422 Fili,
2013 356 2062 409 A
2089 352 2311 426 quitim,
2330 356 2388 411 et
2410 353 2641 427 absque
2668 353 2790 412 ulla
2812 353 3162 427 pauitantia
3184 353 3249 411 in
3270 354 3354 413 eis
3383 354 3735 427 perdurant.

322 462 451 521 qua
475 444 813 502 secundum
845 448 1011 499 tuam
1057 444 1492 502 humanitatem
1537 444 1907 502 resurrexisti
1945 459 1983 499 a

324 536 606 599 mortuis,
635 531 952 606 postulasti
988 549 1026 588 a
1068 548 1166 588 me
1197 534 1606 606 omnipotente
1655 537 1825 590 Patre
1856 538 1979 600 tuo,

328 624 712 696 omnipotens
766 621 889 689 Fili,
923 621 1069 677 mihi
1111 638 1218 694 per
1262 623 1467 679 omnia
1514 623 1857 697 coaequalis,
1927 626 1981 678 et

337 710 882 781 consubstantialis,
909 714 967 766 et
1004 709 1142 766 dedi
1192 711 1297 767 tibi
1328 717 1532 781 gentes
1573 713 1635 768 in
1674 712 1981 769 haeredita-

338 804 545 859 tem.Et
560 816 720 856 nunc
739 799 905 855 vides
920 800 1230 872 quomodo
1251 817 1405 873 quos
1423 801 1727 858 redemisti
1744 806 1801 857 et
1820 801 1985 856 dese-

331 896 488 959 runt,
511 894 571 945 et
588 893 798 946 contra
818 892 893 956 te,
925 888 1029 961 qui
1053 894 1107 945 te
1135 895 1615 959 cognoveruntet
1633 891 1885 947 adorare
1897 890 1981 946 di-

325 980 624 1046 dicerunt,
659 995 830 1034 arma
858 978 1174 1049 tyrannica
1191 994 1328 1035 cum
1352 985 1728 1036 sacramento
1746 980 1982 1035 militari

325 1069 518 1141 partis
547 1068 812 1123 adversus
849 1083 1088 1122 sumere
1136 1083 1261 1123 non
1291 1073 1430 1125 sunt
1473 1069 1665 1125 veriti.
1707 1073 1826 1140 Ego
1852 1071 1981 1141 qui-

325 1158 491 1225 dem,
512 1157 637 1219 Fili,
652 1156 873 1212 multas
914 1156 1209 1221 inducias,
1228 1162 1283 1214 te
1303 1157 1552 1223 volente,
1580 1163 1642 1214 ut
1662 1158 1740 1214 ab
1756 1159 1870 1214 hac
1886 1175 1984 1214 ne-

326 1247 519 1318 quitia
536 1245 887 1318 paenitendo
908 1245 1344 1317 resipiscerent,
1364 1262 1475 1319 pro
1491 1247 1576 1302 eis
1613 1263 1709 1303 me
1732 1264 1902 1320 aeque
1925 1252 1985 1303 et

329 1342 406 1401 te,
429 1351 499 1390 ac
522 1333 808 1407 Spiritum
823 1339 1096 1391 nostrum
1119 1340 1221 1391 ate
1243 1352 1458 1408 meque
1470 1352 1641 1409 asque
1657 1337 1983 1409 proceden-

326 1431 471 1489 tem,
504 1424 803 1497 nobisque
830 1440 938 1497 per
962 1426 1167 1481 omnia
1201 1441 1564 1498 coasquuum
1597 1432 1651 1481 et
1693 1428 1982 1483 consubs-

328 1513 659 1579 tantialem,
694 1513 1084 1569 exorantibus
1108 1515 1330 1571 sanctis
1367 1514 1479 1571 tuis
1511 1514 1625 1571 illis
1656 1516 1924 1572 concessi
1966 1536 1978 1573 :

333 1620 488 1677 quas
522 1603 930 1674 neglexerunt,
972 1608 1031 1659 et
1074 1603 1134 1659 in
1166 1604 1446 1676 superbia
1475 1605 1680 1661 omnia
1709 1606 1837 1663 haec
1874 1622 1984 1679 pro

328 1693 514 1750 nihilo
542 1693 864 1751 duxerunt.
886 1695 1313 1767 Auxeruntque
1332 1694 1532 1767 potius
1555 1694 1665 1750 sibi
1683 1711 1868 1769 opera
1884 1711 1983 1752 nee
2016 1687 2055 1741 Β

2089 442 2357 514 Cumque
2385 442 2446 499 in
2474 444 2591 499 hoc
2620 443 2828 499 crebro
2861 443 2939 498 ab
2974 443 3088 499 illis
3135 443 3441 517 dispectus
3470 442 3739 501 efficerem

2090 531 2289 599 tmdio,
2311 531 2625 602 evaginavi
2653 532 2921 602 gladium
2966 548 3171 589 meum
3227 539 3293 589 ut
3344 532 3739 589 interﬁcerent

2091 636 2215 686 eos,
2246 625 2304 676 et
2332 625 2572 693 quanta:
2598 622 2952 679 infelicitatis
2968 626 3184 685 essent,
3203 638 3273 678 ae
3304 626 3548 694 quantm
3574 621 3740 694 apud

2090 728 2187 766 me
2218 711 2588 782 dejectionis,
2618 713 2961 778 ostendens,
3015 712 3174 768 diem
3205 712 3652 769 sanctissimum
3685 716 3742 769 et

2091 800 2545 859 celeberrimum
2579 803 2820 858 Pascha
2849 803 2964 857 ritu
3002 817 3243 875 pagano
3296 803 3356 858 in
3406 803 3608 859 medio
3638 818 3740 858 00-:

2090 907 2224 947 rum
2252 892 2417 964 apud
2438 892 2651 948 urbem
2673 892 3036 949 Parisiacam
3058 892 3342 947 maculari
3363 892 3613 964 permisi
3637 911 3652 961 ;
3676 896 3744 948 ut

2089 980 2186 1038 vel
2215 980 2298 1037 sic
2327 982 2734 1054 experirentur
2762 986 3014 1037 mortem
3069 981 3179 1036 sibi
3210 981 3427 1037 instare
3466 981 3737 1048 vicinius,

2091 1071 2194 1144 qui
2226 1071 2459 1127 Pascha
2478 1087 2715 1127 sacrum
2745 1072 2806 1126 in
2837 1070 3235 1126 celeberrimis
3285 1086 3532 1126 suorum
3581 1070 3742 1127 loco-

2092 1177 2227 1217 rum
2253 1161 2516 1217 basilicis
2542 1161 2708 1230 digni
2755 1160 3055 1217 celebrare
3100 1160 3346 1215 minime
3374 1160 3736 1217 viderentur.

2094 1250 2209 1306 Sed
2236 1251 2312 1305 illi
2347 1254 2544 1306 mente
2571 1250 2833 1324 superba
2879 1251 2937 1308 in
2971 1250 3094 1306 suis
3127 1249 3446 1306 sceleribus
3474 1249 3739 1305 obstina-

2092 1339 2317 1395 tissime
2347 1339 2852 1407 obduruerunt,et
2882 1355 2994 1411 ego
3022 1339 3326 1395 exsurrexi
3351 1339 3413 1393 in
3441 1339 3530 1394 ira
3554 1343 3620 1394 ut
3643 1338 3742 1393 de:

2091 1428 2275 1485 lerem
2302 1445 2407 1485 eos
2438 1444 2649 1484 omnes
2705 1429 2819 1486 Sed
2872 1433 2936 1484 tu
2984 1428 3325 1484 continuisti
3357 1443 3474 1493 me,
3522 1431 3579 1483 et
3629 1428 3741 1483 has

2092 1518 2388 1573 decennes
2418 1517 2691 1573 inducias
2716 1517 2952 1574 voluisti
3006 1517 3119 1572 illis
3168 1532 3408 1572 mecum
3437 1516 3741 1588 insepara-

2090 1605 2226 1662 bilis
2255 1606 2529 1663 voluntas
2557 1606 2636 1662 ad
2667 1606 3075 1680 paenitentiam
3106 1606 3303 1661 adhuc
3332 1605 3498 1678 dare,
3531 1609 3639 1661 etc.

2003 1823 2007 1827 ,
2058 1820 2159 1848 ===
2572 1820 2625 1848 =
2642 1820 2649 1848 ς
2664 1819 2717 1848 ==
2732 1819 3741 1848 ::=:=:_______—__

1710 1970 1855 2011 ANNO
1894 1970 2089 2011 DOIINI
2126 1970 2355 2011 DCCCLVI

1572 2144 1776 2283 Al
2602 2220 2649 2238 "'
2698 2218 2717 2234 ⁸
2760 2212 2819 2235 ’⁸
2886 2211 2905 2229 ⁸

1760 2226 1841 2281 ,λ’
2353 2231 2417 2273 υἶ
2604 2258 2620 2270 υ
2666 2240 2716 2266 ⁴ν
2760 2246 2819 2264 ὐ
2875 2239 2919 2255 ⁰“

1793 2284 1810 2299 ὁ
1849 2294 1867 2309 ο
2004 2284 2015 2288 ⁵
2171 2295 2239 2311 ,υ
2286 2298 2305 2310 υ
2361 2294 2448 2307 ν..
2502 2290 2518 2299 ,ι
2606 2274 2822 2300 νοννιυυ
2870 2278 2885 2285 -ν
2922 2276 2931 2282 -

1794 2312 1841 2330 θ’
1895 2300 2065 2321 θ’...ήυ
2161 2327 2251 2334 ρ-..
2288 2325 2306 2334 ι.
2402 2323 2421 2334 α
2502 2315 2519 2334 δ
2606 2322 2621 2329 ν
2703 2308 2719 2327 ⁸
2764 2298 2947 2323 U‘v‘.

1334 2608 1965 2825 onera
2002 2610 2753 2824 ennium
2828 2616 2834 2619 Α
2952 2611 2957 2614 ’

1534 2891 1585 2944 Α
1618 2891 2005 2947 DlSClPULlS
2034 2890 2202 2947 EJUS
2236 2890 2552 2954 SCRIPTA.

1321 3013 1522 3086 (Apud
1548 3013 1763 3082 Baluz.,
1796 3012 2162 3078 Miscellanea
2182 3013 2488 3080 historica,
2516 3016 2663 3071 tom.
2696 3014 2762 3080 Ι).

1140 3234 1181 3289 ἰ.

407 3322 646 3375 Domus
674 3319 946 3375 Aldricus
983 3322 1390 3378 Cenomanicae
1442 3322 1610 3378 urbis
1641 3323 1988 3396 episcopus,

338 3407 590 3463 natione
614 3407 803 3480 patris
834 3423 904 3464 ex
926 3415 1086 3481 parte
1116 3412 1381 3467 Francus
1414 3410 1535 3466 sive
1569 3413 1744 3480 Saxo,
1783 3411 1988 3466 matris

329 3513 583 3570 quoque
611 3513 684 3553 ex
717 3502 881 3570 parte
905 3498 1232 3555 Alamanus
1274 3504 1454 3573 atque
1486 3499 1851 3572 Bajuvarius.
1883 3501 1990 3555 Pa-

330 3590 417 3641 ter
448 3586 581 3656 ejus
608 3585 1039 3643 nominabatur
1052 3588 1214 3657 Sion,
1242 3593 1432 3644 mater
1459 3605 1703 3662 quoque
1735 3589 1865 3658 ejus
1888 3591 1989 3644 Ge-

332 3673 516 3730 rildis.
552 3674 873 3731 Praedictus
897 3691 1041 3746 ergo
1072 3677 1390 3750 episcopus
1410 3678 1574 3747 regia
1605 3694 1677 3733 ex
1705 3676 1989 3749 progenie

346 3766 502 3817 ortus
526 3769 707 3836 atque
739 3764 868 3819 aliis
898 3765 1288 3821 nobilissimis
1318 3766 1670 3839 parentibus
1716 3769 1803 3821 est
1848 3781 1988 3840 pro-

349 3855 595 3907 creatus.
624 3851 716 3907 Ab
743 3852 997 3910 infantia
1024 3858 1225 3910 autem
1256 3871 1395 3911 cum
1444 3854 1741 3928 episcopis
1773 3854 1990 3910 enutri-

341 3945 430 3995 tus
463 3946 644 4013 atque
674 3941 753 3997 ab
784 3942 868 3997 eis
890 3942 1167 3999 nobiliter
1196 3949 1250 3999 et
1281 3944 1579 4023 sapienter
1609 3948 1695 3998 est
1735 3943 1989 3998 instruc-

340 4033 431 4084 tus
461 4049 475 4097 ;
504 4030 915 4087 ecclesiasticis
931 4048 1175 4105 quoque
1206 4031 1535 4106 disciplinis
1565 4032 1899 4101 voluntarie
1929 4047 1990 4087 se

337 4118 714 4187 submittens,
746 4114 1156 4177 ordinabiliter
1201 4125 1715 4193 congruenterque
1774 4125 1865 4176 est
1905 4120 1990 4175 in-

335 4220 665 4264 connexus.
698 4211 828 4265 lam
858 4209 1018 4265 enim
1061 4210 1379 4267 duodecim
1430 4226 1623 4266 annos
1670 4209 1923 4275 habens,
1957 4225 1992 4265 a

326 4297 463 4364 jam
491 4295 651 4352 dicto
676 4303 846 4370 patre
874 4315 985 4354 suo
1016 4298 1094 4355 ad
1122 4299 1409 4373 palatium
1454 4299 1746 4355 deductus
1800 4302 1906 4370 est,
1937 4302 1994 4354 et

336 4383 601 4452 glo'ioso
633 4386 842 4442 Carolo
874 4390 1232 4444 Francorum
1266 4389 1389 4459 regi
1435 4392 1613 4462 atque
1643 4387 1870 4444 domno
1885 4389 1993 4443 Lu-

332 4472 552 4528 dovico
584 4474 712 4545 ejus
735 4474 859 4532 ﬁlio
883 4477 1210 4533 honorifice
1236 4476 1716 4549 commendatus,
1734 4480 1790 4533 et
1810 4475 1887 4531 ab
1918 4492 1989 4532 eo

333 4567 423 4616 est
452 4560 734 4618 decenter
764 4570 1093 4638 susceptus.
1127 4571 1256 4639 lpse
1285 4564 1556 4623 videlicet
1580 4565 1862 4621 omnibus
1885 4564 1988 4620 bo-
2019 4587 2061 4641 ι)

330 4649 426 4704 nis
455 4649 850 4725 moribusque
880 4653 1153 4710 dulcibus
1179 4660 1446 4729 ornatus,
1470 4655 1673 4720 omnia
1701 4655 1984 4710 omnibus

328 4737 528 4794 factus
559 4744 667 4811 est,
696 4745 751 4797 et
790 4746 913 4798 tam
963 4744 1087 4814 regi
1134 4759 1322 4817 quam
1370 4744 1653 4799 omnibus
1706 4744 1835 4815 ejus
1879 4761 1985 4816 op-

330 4827 649 4885 timatibus
716 4833 773 4885 et
846 4830 970 4901 regi
1034 4831 1488 4899 famulantibus,
1561 4832 1813 4888 Domino
1878 4822 1984 4888 an-

325 4921 577 4987 nuente,
608 4918 845 4990 placere
866 4920 1099 4976 meruit.
1136 4924 1243 4977 Per
1272 4921 1432 4976 diem
1460 4921 1663 4994 itaque
1687 4921 1811 4991 regi
1842 4925 1898 4977 et
1921 4920 1990 4976 ﬂ-

329 5002 569 5061 delibus
597 5006 718 5061 suis
749 5007 1084 5064 amabiliter
1139 5010 1422 5077 militans,
1472 5010 1728 5065 Domino
1785 5015 1987 5074 autem

331 5100 505 5149 nocte
530 5100 588 5151 et
616 5100 839 5151 secrete
872 5098 1005 5153 totis
1052 5098 1283 5155 nisibus
1313 5104 1371 5157 et
1398 5099 1614 5170 vigiliis
1647 5104 1826 5179 atque
1858 5114 1989 5154 ora-

334 5182 592 5239 tionibus
604 5183 893 5257 serviens,
912 5187 1164 5256 gratiam
1189 5187 1459 5245 divinam
1489 5189 1704 5245 meruit
1729 5186 1986 5260 assequi.

332 5270 445 5326 Sed
460 5272 704 5329 sollicite
721 5282 998 5331 evenerat
1018 5282 1080 5332 ut
1094 5277 1584 5351 quandocunque
1596 5277 1766 5333 locus
1790 5276 1842 5332 ei
1862 5292 1991 5331 eve-

324 5360 499 5429 niret,
531 5361 593 5416 in
620 5361 876 5418 ecclesia
900 5365 1127 5420 Sanctae
1150 5367 1341 5423 Mat-im
1367 5382 1505 5439 quae
1532 5370 1620 5421 est
1649 5368 1992 5420 constructa

321 5447 387 5502 in
415 5450 788 5520 Aquisgrani
820 5450 1038 5523 palatio
1072 5459 1291 5509 secrete
1331 5453 1599 5527 psalmos
1649 5452 1993 5509 decantaret

320 5540 382 5591 et
408 5539 716 5595 orationes
744 5537 1273 5608 faceret.Quadam
1299 5546 1498 5598 autem
1529 5542 1625 5599 die
1655 5541 1716 5599 in
1746 5541 1992 5616 praedic-

318 5630 383 5681 ta
410 5626 670 5685 ecclesia
724 5629 955 5687 Sanctae
981 5630 1173 5698 Mariae
1220 5630 1283 5687 in
1325 5632 1560 5689 sinistra
1593 5638 1761 5717 parte
1788 5631 1988 5690 altaris

2022 3238 2061 3293 C
2100 3240 2320 3291 secrete
2349 3234 2620 3307 psalmos
2637 3251 2781 3290 suos
2802 3238 3072 3300 cantans,
3093 3233 3373 3289 instinctu
3398 3232 3602 3297 divino
3624 3248 3749 3287 cor-

2097 3322 2172 3378 de
2196 3323 2540 3385 admonitus
2586 3327 2677 3387 est
2702 3325 2768 3377 ut
2794 3320 3067 3377 militiam
3100 3319 3447 3387 saecularem
3496 3320 3749 3389 dimitte-

2095 3416 2184 3466 ret
2209 3415 2265 3466 et
2292 3410 2542 3473 Domino
2567 3409 2950 3468 solummodo
2992 3408 3271 3466 famulari
3304 3409 3582 3465 studeret.
3619 3412 3747 3491 ipse

2096 3515 2341 3573 quoque
2366 3499 2566 3565 adhuc
2578 3504 2791 3557 tenerae
2817 3499 3003 3555 aetatis
3024 3503 3149 3555 erat
3174 3502 3353 3573 atque
3374 3497 3535 3570 pube
3551 3501 3744 3565 tenus,

2095 3592 2256 3671 Tunc
2287 3588 2482 3662 primo
2508 3588 2604 3645 is..
2635 3605 2697 3645 se
2712 3588 3054 3671 incipiebat,
3082 3588 3296 3653 timens
3324 3587 3499 3644 valde
3528 3604 3604 3644 ne
3632 3587 3748 3655 hoc

2095 3675 2177 3731 illi
2206 3670 2504 3735 diabolica
2544 3693 2615 3735 ex
2640 3681 2807 3750 parte
2837 3680 3272 3747 suggereretur,
3307 3674 3525 3731 obnixe
3559 3678 3746 3741 Deum

2096 3762 2453 3836 deprecatus
2486 3767 2574 3819 est
2618 3768 2702 3829 ut,
2742 3763 3160 3819 intercessione
3202 3761 3391 3825 beatae
3444 3762 3656 3833 Mariae,
3686 3762 3747 3818 in

2099 3852 2272 3924 cujus
2302 3851 2551 3908 ecclesia
2577 3852 2810 3922 orabat,
2839 3852 2884 3907 si
2911 3851 3192 3908 divinitus
3208 3851 3339 3923 jam
3355 3850 3513 3915 dicta
3542 3852 3748 3917 volun-

2096 3926 2187 3997 tas
2219 3940 2280 3996 in
2302 3940 2431 4012 ejus
2454 3941 2631 3996 corde
2651 3944 3010 4015 versaretur,
3038 3939 3423 3995 manifestum
3451 3939 3622 4012 eipro
3639 3956 3749 3996 sua

2099 4028 2505 4085 misericordia
2520 4027 2737 4085 faceret
2753 4048 2765 4098 ;
2783 4029 2874 4084 sin
2897 4033 3095 4085 autem
3125 4027 3425 4085 diabolica
3450 4027 3748 4087 immissio

2099 4121 2273 4185 esset,
2308 4106 2651 4173 similiter‘et
2678 4118 2794 4175 hoc
2823 4117 2905 4174 illi
2934 4123 3144 4179 notum
3171 4116 3408 4185 faceret.
3454 4117 3611 4173 Totis
3638 4119 3748 4183 ita-

2097 4221 2214 4279 que
2237 4205 2468 4261 nisibus
2500 4210 2557 4273 et
2586 4205 2878 4262 ﬂectendo
2896 4222 3113 4277 genua,
3140 4210 3468 4289 pectusque
3498 4205 3751 4262 tunden-

2096 4294 2199 4365 do,
2232 4299 2368 4350 ante
2392 4294 2692 4370 praedictae
2723 4300 2941 4351 sancta:
2971 4295 3160 4352 Mariae
3195 4310 3366 4351 aram
3392 4298 3748 4367 deprecatus

2097 4387 2185 4439 est
2215 4387 2279 4439 ut
2308 4382 2537 4438 domini
2569 4399 2640 4438 ex
2657 4383 2771 4438 hoc
2803 4383 3115 4447 meruisset
3130 4382 3326 4441 facere
3356 4382 3747 4453 voluntatem,

2097 4475 2165 4526 ut
2187 4470 2466 4526 diabolus
2479 4486 2618 4526 eum
2646 4471 2970 4537 seducendi
2993 4470 3228 4536 nullum
3252 4471 3455 4527 locum
3480 4470 3746 4537 haberet,

2099 4560 2231 4632 Ipse
2262 4560 2423 4614 enim
2468 4558 2747 4616 divinitus
2799 4562 2860 4615 in
2915 4560 3215 4621 antedicta
3256 4559 3419 4615 bona
3447 4558 3750 4621 voluntate

2100 4648 2468 4704 confortatus
2520 4653 2578 4704 et
2608 4647 2839 4704 ﬁrmius
2890 4648 3247 4719 subjugatus
3288 4651 3376 4703 est
3419 4650 3477 4701 ct
3512 4644 3749 4720 plenius

2098 4739 2540 4795 corroboratus.
2575 4738 2795 4801 Deinde
2827 4738 3005 4815 coepit
3036 4741 3155 4792 toto
3186 4735 3365 4791 corde
3393 4750 3606 4813 rogare
3641 4736 3750 4789 De-

2097 4845 2204 4885 um
2244 4833 2306 4884 ut
2336 4829 2383 4883 si
2414 4828 2641 4884 diaboli
2665 4832 2820 4885 esset
2838 4825 3192 4893 exhortatio,
3216 4824 3517 4881 recederet
3546 4822 3625 4880 ab
3655 4840 3748 4905 eo,

2100 4921 2155 4972 et
2169 4918 2218 4972 si
2235 4916 2436 4979 divina
2451 4920 2605 4975 esset
2626 4914 2834 4984 gratia,
2860 4914 3109 4999 pleniter
3130 4930 3266 4970 eam
3288 4913 3627 4981 secundum
3649 4912 3748 4969 Dei

2098 5005 2473 5065 voluntatem
2503 5004 2831 5085 adimplere
2852 5005 3185 5060 meruisset.
3216 5009 3279 5071 1n
3299 5005 3415 5071 hac
3447 5008 3647 5069 autem
3666 5003 3751 5067 in-

2099 5095 2361 5151 tentione
2391 5093 2576 5160 ferme
2592 5094 2912 5151 dimidium
2927 5111 3157 5162 annum
3188 5094 3367 5151 corde
3394 5109 3753 5167 angens,an-

2100 5185 2290 5255 gelica
2321 5189 2378 5242 et
2407 5185 2612 5242 divina
2647 5185 3079 5242 confortatione
3108 5184 3406 5255 suﬂ‘ultus,
3440 5184 3519 5245 ad
3548 5199 3750 5261 regem

2098 5276 2527 5348 deprecaturus
2540 5274 2789 5330 accessit
2812 5279 2870 5330 ut
2898 5273 3243 5330 saecularem
3265 5273 3538 5338 militiam
3559 5272 3755 5337 dimit-

2099 5369 2219 5421 tere
2247 5363 2298 5420 ei
2328 5362 2528 5419 liceret
2552 5367 2607 5420 et
2637 5363 2858 5419 militiae
2881 5361 3172 5439 spirituali
3196 5380 3256 5419 se
3284 5363 3650 5441 conjungere
3672 5367 3755 5423 at—

2097 5471 2215 5527 que
2235 5468 2373 5508 eum
2405 5452 2653 5508 Domino
2671 5451 2948 5511 famulari
2971 5452 3527 5526 permitteret.Nullo
3552 5458 3752 5509 tamen

2095 5542 2210 5599 nisi
2230 5541 2650 5599 tantummodo
2680 5556 2804 5598 uno
2835 5541 3023 5598 Deum
3071 5541 3298 5607 timenti
3326 5540 3522 5605 amico
3549 5555 3658 5602 suo
3696 5542 3751 5605 et

2095 5630 2454 5689 charissima
2472 5629 2750 5699 familiari
2764 5630 2880 5688 hoc
2902 5630 3209 5701 confessus
3221 5635 3327 5711 est,
3344 5630 3561 5699 timens
3576 5626 3752 5711 quip-
3814 5624 3817 5629 ’
