4160 6182
376 219 438 274 3i
1477 211 1759 267 ALDRICI
1789 199 2320 262 CENOKANENSIS
2363 198 2680 258 EPISCOPI
3710 195 3780 248 32

375 354 452 412 pe
475 354 553 396 ne
583 339 633 395 si
655 339 770 396 hoc
793 338 1182 410 intelligerent
1214 338 1489 409 parentes
1515 337 1571 390 et
1594 331 1792 399 amici,
1824 329 1876 386 ei
1906 329 2021 384 hoc
2053 331 2099 382 Α
2136 324 2309 381 dictis
2342 323 2569 412 artibus
2597 321 2944 412 doctissime
2961 315 3258 412 erudivit:
3282 313 3556 412 Videntes
3603 313 3784 412 igitur

377 427 571 484 facere
598 427 845 482 minime
867 427 1289 500 permitterent.
1326 425 1442 479 Rex
1483 425 1704 484 autem,
1750 419 1880 474 hinc
1923 433 2023 472 au-

377 513 572 580 diens,
597 514 824 587 oppido
842 514 1102 569 tristatus
1119 515 1223 576 est,
1242 509 1714 582 promittensque
1735 506 1787 561 ei
1803 503 2026 560 duode-

377 602 492 658 cim
515 607 573 658 et
597 602 858 674 amplius
883 600 1198 655 comitatus
1229 612 1291 652 se
1319 596 1601 652 daturum
1629 594 1677 648 si
1698 594 1813 650 hoc
1828 591 2025 647 dimit-

377 693 525 746 teret
546 695 604 746 et
627 690 688 745 in
717 705 827 744 sua
847 687 1050 742 militia
1080 688 1503 758 perseveraret.
1539 687 1668 755 Ipse
1698 697 1836 736 vero
1867 696 1902 736 a
1932 695 2023 734 re-

378 793 449 848 ge
480 779 594 833 hoc
620 776 868 832 audiens
884 776 983 842 ait,
996 773 1230 828 etiamsi
1244 772 1562 828 dimidium
1579 785 1757 825 suum
1768 783 2022 839 regnum

378 865 430 920 ei
460 865 646 928 daret,
671 863 802 936 ipsa
826 861 1194 917 voluntatem
1220 864 1464 932 propter
1490 859 1604 914 hoc
1635 873 1758 914 non
1773 856 2026 912 dimitte-

376 956 482 1008 ret.
516 952 728 1006 Videns
774 953 976 1005 autem
1023 965 1128 1004 rex
1170 963 1232 1003 se
1288 947 1457 1002 illum
1495 963 1532 1002 a
1561 963 1670 1002 sua
1699 945 2024 1001 intentione

375 1055 497 1095 non
526 1055 703 1110 posse
733 1043 1020 1107 avertere,
1039 1036 1330 1092 concessit
1358 1036 1410 1092 ei
1425 1036 1723 1092 licentiam
1745 1039 1801 1090 et
1823 1033 2024 1090 locum

377 1127 723 1199 ubicunque
744 1126 984 1195 eligeret
1010 1126 1072 1180 in
1102 1141 1213 1181 suo
1242 1141 1448 1195 regno.
1481 1124 1651 1180 Tunc
1699 1139 1842 1193 ergo
1873 1123 2021 1194 ipse,

376 1215 703 1287 inspirante
736 1214 937 1270 divina
967 1213 1178 1284 gratia,
1209 1213 1416 1286 petivit
1442 1211 1640 1268 locum
1669 1211 1781 1266 sibi
1806 1211 1934 1267 dari
1963 1210 2023 1265 in

375 1303 643 1375 quadam
673 1302 902 1359 civitate
928 1303 1099 1372 cujus
1129 1301 1492 1379 vocabulum
1522 1306 1610 1357 est
1629 1300 2025 1358 Mediomatri-

379 1391 488 1461 cis,
515 1407 651 1462 quze
683 1395 739 1446 et
769 1391 886 1446 alio
926 1391 1170 1447 nomine
1223 1390 1406 1447 Mettis
1459 1394 1744 1456 vocatur;
1793 1389 2025 1460 sibique

377 1496 516 1534 cum
546 1479 786 1535 duobus
817 1479 1040 1535 clericis
1073 1479 1491 1536 tantummodo
1533 1477 1852 1551 postulavit
1897 1476 2026 1532 dari

377 1567 788 1640 praebendam.
821 1572 938 1624 Rex
971 1574 1171 1626 autem
1211 1573 1269 1624 et
1295 1569 1408 1626 hoc
1433 1569 1811 1634 concessit,et
1832 1582 2024 1640 quan-

2131 429 2269 468 eum
2299 411 2630 468 antedictus
2659 408 2924 483 pontifex
2939 406 3201 461 domnus
3224 406 3417 472 Drogo
3450 406 3508 457 et
3527 406 3780 458 cunctus

2131 501 2321 556 clerus
2349 501 2472 555 sive
2505 499 2767 572 populus
2786 497 2846 553 in
2872 497 2999 567 jam
3021 493 3191 550 dictis
3221 490 3566 546 ministeriis
3597 495 3652 546 et
3673 491 3782 545 do-

2131 590 2332 647 ctrinis
2358 605 2650 659 magnum
2679 587 2902 643 habere
2933 582 3198 639 studium
3239 584 3294 636 et
3323 579 3544 635 multos
3575 579 3782 635 docto-

2128 696 2223 736 res
2245 685 2300 736 et
2321 679 2643 748 magistros
2669 675 2902 732 nobiles
2928 673 3162 736 fecisse,
3191 671 3253 726 in
3284 669 3484 740 majus
3515 685 3654 724 eum
3669 669 3782 724 mi-

2129 767 2460 833 nisterium,
2491 765 2770 839 quamvis
2803 767 3008 820 coacte
3039 759 3518 815 sublimaverunt
3557 761 3615 814 et
3668 758 3783 830 pri-

2130 857 2443 916 micerium
2474 855 2810 912 secundum
2840 847 3461 908 Romanumordinem
3483 863 3622 902 eum
3654 862 3783 902 esse

2131 947 2586 1010 constituerunt,
2609 949 2922 1014 totumque
2933 940 3158 996 clerum
3180 942 3304 993 tam
3330 936 3576 993 civitatis
3595 953 3784 1009 quam

2131 1041 2187 1093 et
2215 1035 2741 1104 monasteriorum,
2773 1031 2896 1087 sive
2940 1029 3118 1086 totius
3144 1026 3300 1082 illius
3329 1025 3582 1081 civitatis
3611 1041 3784 1098 paro-

2131 1127 2367 1191 chiae,ei
2394 1124 2700 1180 subditum
2730 1137 2861 1177 esse
2888 1120 3320 1192 praeceperunt,
3343 1120 3400 1172 et
3429 1115 3783 1185 magistrum

2132 1215 2408 1272 omnium
2435 1229 2574 1269 eum
2620 1211 3072 1268 constituerunt.
3109 1206 3207 1262 llle
3247 1205 3408 1260 enim
3439 1204 3500 1259 in
3530 1204 3623 1260 his
3667 1208 3788 1259 stu-

2132 1305 2472 1360 diosissime
2536 1302 2788 1357 Domino
2821 1297 3104 1366 serviens,
3137 1294 3420 1351 omnibus
3471 1293 3648 1349 bonis
3676 1294 3785 1350 ho-

2132 1393 2396 1450 minibus
2409 1390 2746 1448 amabiliter
2768 1387 3042 1444 famulari
3057 1384 3274 1442 meruit
3291 1403 3304 1453 ;
3329 1399 3589 1456 eumque
3612 1399 3791 1439 cunc-

2134 1483 2173 1538 ti
2199 1482 2342 1538 boni
2377 1481 2458 1536 ita
2479 1479 2766 1536 amabant
2793 1476 2965 1550 quasi
2999 1473 3379 1546 semetipsos;
3404 1476 3461 1528 et
3488 1472 3788 1544 quidquid

2134 1573 2217 1628 eis
2249 1570 2610 1643 imperabat,
2635 1567 2888 1623 libenter
2915 1564 3236 1620 faciebant.
3267 1561 3535 1617 Audiens
3584 1565 3785 1617 autem

377 1661 506 1712 tum
534 1658 765 1713 volebat
790 1659 899 1713 sibi
930 1659 1072 1714 dare
1101 1659 1446 1731 spopondit.
1480 1657 1600 1713 Tali
1630 1657 1788 1711 enim
1824 1655 2027 1711 condi-
2055 1682 2096 1735 Β
2135 1660 2470 1717 Ludovicus
2500 1659 2826 1731 imperator
2851 1657 3217 1711 Francorum
3257 1653 3388 1724 ejus
3416 1651 3782 1724 opinionem,

377 1747 535 1802 tione
565 1747 802 1803 licentia
831 1753 1098 1820 accepta,
1132 1765 1167 1803 a
1218 1764 1356 1818 rege
1387 1747 1690 1802 osculatus
1728 1751 1834 1814 est,
1863 1751 1919 1800 et
1949 1745 2026 1800 ad

373 1836 500 1906 jam
533 1835 754 1892 dictam
774 1836 983 1891 urbem
1013 1837 1348 1892 festinando
1369 1835 1671 1908 profectus
1695 1839 1780 1889 est
1796 1853 1809 1903 ;
1827 1833 2027 1905 ibique

378 1923 712 1980 amabiliter
743 1931 799 1979 et
848 1925 1060 1980 devote
1116 1925 1194 1979 ab
1242 1924 1526 1980 omnibus
1584 1927 1916 1994 susceptus,
1973 1926 2032 1976 et

379 2013 624 2067 clericus
652 2013 730 2068 ab
761 2013 1045 2084 episcopo
1092 2014 1363 2083 ejusdem
1406 2011 1653 2068 civitatis
1701 2016 1758 2066 et
1813 2015 2028 2065 cuncto

379 2101 534 2156 clero
555 2102 771 2156 divinis
787 2099 1770 2157 benedictionibusdecantantibus
1781 2104 1838 2155 et
1852 2099 2027 2171 hym-

317 2250 326 2258 κ
377 2191 469 2246 nis
491 2192 900 2262 spiritualibus
932 2186 2029 2276 modulanﬁbtisf.fzoiifogatps°est,z_et

374 2281 742 2336 vestimentis
769 2280 1140 2336 clericalibus
1159 2263 1514 2345 ἱέᾶιὶιίλὲξξθί
1527 2263 1828 2340 inﬁnitain
2053 2337 2066 2346 .

378 2369 692 2424 sitionibus
719 2369 796 2424 ab
823 2369 1106 2442 episcopo
1151 2373 1208 2424 et
1257 2385 1292 2423 a
1336 2368 1562 2424 cunctis
1615 2365 2030 2421 sacerdotibus

377 2457 631 2512 clericali
662 2457 1074 2512 benedictione
1103 2447 1735 2533 ξρζῖηδβόζεξῒῇδγὶητῇΐ
1765 2453 2043 2533 Stirling;
2068 2477 2084 2488 θ

378 2544 586 2599 fratres
615 2549 703 2599 est
731 2528 1246 2600 collocatum-0°00.
1275 2528 1753 2611 i‘giltfrfihi'ﬁitis
1796 2530 2040 2607 nisibiis:
2064 2543 2076 2611 ξ

377 2633 472 2688 die
499 2638 799 2705 noctuque
829 2633 1434 2699 deserviens,factum
1466 2637 1557 2688 est
1581 2637 1643 2687 ut
1672 2630 1891 2686 multos
1916 2632 2026 2684 Do-

378 2722 544 2777 mino
573 2721 963 2778 lucrifaceret.
1000 2726 1250 2778 Canium
1282 2722 1506 2794 quippe
1560 2723 1897 2776 Romanum
1947 2722 2028 2772 at-

380 2827 498 2883 que
525 2812 989 2867 Grammaticam
1029 2811 1150 2866 sive
1189 2811 1406 2865 divinae
1451 2810 1765 2882 Scriptura;
1815 2807 2028 2862 seriem

377 2900 679 2956 humiliter
703 2900 930 2956 discere
968 2900 1204 2969 meruit,
1246 2899 1468 2972 quibus
1499 2904 1556 2955 et
1608 2899 1871 2953 donante
1902 2913 2028 2952 om-

374 2989 544 3045 nium
576 2989 828 3045 Domino
857 2990 1105 3062 pleniter
1127 2995 1307 3061 atque
1333 2989 1678 3044 doctissime
1707 2988 2029 3044 instructus
2057 3025 2100 3082 C

375 3083 484 3137 est.
505 3081 641 3134 Post
668 3079 823 3135 duos
844 3095 1087 3152 quoque
1105 3079 1415 3134 clericatus
1446 3079 1537 3134 sui
1561 3094 1752 3134 annos
1778 3076 1856 3133 ab
1878 3077 2030 3150 epis-

375 3182 528 3240 copo
559 3167 831 3238 ejusdem
862 3168 1114 3224 civitatis
1155 3168 1400 3224 nomine
1433 3167 1730 3224 Gundulfo
1749 3167 1808 3222 in
1842 3167 2032 3222 Eccle-

375 3255 461 3312 sia
494 3257 688 3312 Sancti
719 3258 1000 3330 Stephani
1034 3257 1327 3313 diaconus
1357 3261 1445 3312 est
1461 3257 1792 3313 ordinatus.
1819 3257 2029 3329 lnipso

373 3345 551 3416 igitur
580 3345 771 3414 gradu
799 3350 914 3400 tres
945 3345 1129 3400 ferme
1169 3361 1362 3400 annos
1392 3346 1652 3400 militans
1684 3344 2029 3400 mirabiliter

375 3440 430 3490 et
460 3433 634 3487 docte
682 3431 951 3503 quotidie
982 3431 1338 3498 diaconatus
1365 3432 1457 3486 sui
1489 3432 1819 3503 adimplere
1850 3437 2032 3485 certa-

373 3521 457 3577 vit
483 3519 768 3575 oﬂ‘icium.
830 3522 1054 3574 Mortuo
1102 3535 1346 3591 quoque
1378 3518 1500 3588 jam
1530 3519 1688 3573 dicto
1732 3516 2030 3574 Gundulfo

373 3607 661 3682 praedicto
682 3606 1024 3663 ordinatore
1059 3623 1189 3676 suo,
1210 3607 1360 3661 alius
1392 3606 1715 3679 episcopus
1731 3605 1791 3660 in
1814 3604 2027 3660 eadem

375 3697 608 3753 civitate
639 3696 882 3751 nomine
911 3696 1129 3766 Drogo,
1185 3694 1344 3749 ﬁlius
1393 3695 1584 3750 Caroli
1629 3693 1880 3766 piissimi
1923 3693 2031 3748 im-

371 3785 684 3859 peratoris,
710 3783 1076 3854 subrogatus
1102 3788 1159 3840 et
1179 3784 1488 3839 ordinatus
1519 3789 1637 3840 est:
1671 3783 1776 3856 qui
1815 3783 2030 3838 videns

375 3873 639 3947 praedicti
672 3873 891 3929 Aldrici
921 3873 1110 3929 levita:
1142 3873 1529 3929 intentionem
1559 3879 1615 3929 et
1638 3871 1902 3928 studium
1925 3871 2030 3927 bo-

374 3979 545 4030 num,
579 3963 745 4035 quod
793 3968 916 4017 tam
972 3962 1031 4018 in
1063 3962 1392 4017 ministerio
1451 3978 1560 4016 suo
1590 3978 1774 4033 quam
1807 3966 1862 4016 et
1888 3976 2030 4029 erga

375 4068 587 4108 omnes
618 4050 902 4118 habebat,
937 4051 1117 4123 coepit
1142 4067 1279 4106 eum
1314 4051 1612 4106 exhortari
1647 4056 1710 4106 ut
1749 4049 2030 4105 sacerdos

376 4139 727 4196 efﬁceretur.
763 4139 958 4196 Noluit
979 4145 1181 4196 autem
1206 4141 1336 4211 jam
1368 4139 1563 4195 dictus
1591 4140 1887 4196 diaconus
1933 4139 2029 4194 Al-

375 4227 578 4283 dricus
607 4243 806 4299 neque
836 4244 1020 4283 ausus
1049 4233 1137 4284 est
1161 4227 1429 4283 divinam
1460 4227 1739 4300 repellere
1755 4227 2032 4283 benedic-

376 4316 622 4380 tionem,
656 4314 732 4368 ad
759 4329 946 4387 quam
978 4315 1307 4387 saepissime
1339 4314 1668 4371 vocabatur
1693 4331 1728 4371 a
1759 4317 2030 4385 Drogone

376 4403 647 4474 ejusdem
675 4402 928 4458 civitatis
960 4403 1244 4476 episcopo
1269 4407 1326 4459 et
1347 4419 1692 4460 successore
1719 4405 1848 4475 jam
1873 4403 2032 4460 dicto

376 4493 701 4549 ordinatori
733 4508 865 4562 suo,
897 4493 1045 4548 dum
1066 4493 1344 4549 nobiliter
1364 4493 1621 4564 degebat
1650 4495 1710 4549 in
1743 4495 2032 4550 diacona-

378 4585 472 4636 tus
501 4578 720 4646 oﬂicio,
749 4579 1001 4649 eligente
1029 4596 1167 4635 eum
1200 4579 1358 4636 clero
1395 4587 1451 4637 et
1477 4581 1704 4654 populo
1726 4583 2037 4654 presbyter

376 4672 465 4724 est
487 4667 818 4726 ordinatus.
853 4672 982 4742 lpse
1013 4672 1214 4725 autem
1248 4669 1462 4724 melius
1516 4686 1586 4726 ac
1612 4670 1825 4726 melius
1854 4671 2035 4726 virtu-

375 4761 504 4812 tum
524 4757 756 4829 pollens
779 4758 1032 4822 actibus,
1062 4757 1404 4830 multosque
1442 4758 1721 4814 erudiens
1739 4758 1859 4814 suis
1889 4775 2036 4832 prae-

375 4845 776 4901 dicationibus
808 4847 930 4901 sive
958 4847 1135 4902 bonis
1165 4847 1702 4914 exhortationibus,
1736 4849 1954 4906 multos
1979 4865 2040 4918 et

374 4934 844 4990 innumerabiles
866 4937 985 4990 Deo
1015 4939 1073 4991 et
1103 4942 1323 4992 sanctae
1365 4937 1637 4993 Ecclesiae
1674 4937 1890 4995 lucrari
1918 4957 2038 4998 me-

373 5022 511 5078 ruit.
573 5025 826 5078 Demum
875 5038 1120 5096 quoque
1195 5024 1551 5094 eligentibus
1609 5025 1912 5094 fratribus,
1984 5019 2042 5087 et

378 5110 668 5166 suadente
709 5111 831 5167 sive
863 5112 1216 5168 exhortante
1240 5114 1529 5187 episcopo
1571 5129 1682 5170 suo
1736 5116 2035 5192 Drogone,

378 5199 514 5255 licet
543 5205 767 5272 coacte,
800 5202 998 5257 senior
1019 5206 1229 5257 cantor
1259 5202 1339 5258 ibi
1371 5203 1747 5260 sublimatur.
1775 5210 1836 5262 In
1868 5209 2036 5264 scho-

378 5287 450 5342 lis
478 5304 621 5344 vero
667 5289 730 5344 in
776 5289 999 5362 quibus
1022 5291 1153 5362 jam
1195 5291 1478 5361 magister
1505 5299 1630 5350 erat
1676 5297 2034 5352 constitutus

387 5377 686 5450 sapienter
714 5377 936 5434 multos
965 5384 1021 5435 et
1071 5379 1540 5438 innumerabiles
1565 5383 1625 5438 in
1676 5385 2033 5456 supradictis

381 5464 608 5520 artibus
639 5465 935 5532 erudiens,
970 5482 1262 5537 magnum
1290 5468 1525 5526 lucrum
1570 5474 1631 5526 in
1672 5477 1881 5528 sancta
1931 5473 2032 5528 Dei

382 5553 644 5610 Ecclesia
665 5554 858 5612 facere
886 5557 1122 5628 meruit,
1153 5557 1276 5614 imo
1296 5559 1763 5615 innumerabiles
1791 5559 1854 5614 in
1897 5560 2026 5631 jam

451 5649 470 5676 '
500 5643 641 5703 Vide
677 5642 927 5704 annales
958 5645 1343 5717 Bertinianos,
1375 5663 1474 5704 an.
1505 5649 1633 5705 832.

2134 1749 2212 1806 ad
2242 1766 2303 1805 se
2325 1765 2464 1804 eum
2496 1747 2748 1810 vocavit,
2780 1749 2838 1800 et
2884 1746 2945 1800 in
2989 1760 3097 1799 suo
3137 1742 3380 1815 palatio,
3428 1741 3661 1798 volente
3690 1741 3786 1797 vel

2133 1839 2391 1907 nolente,
2416 1854 2555 1892 eum
2581 1836 2877 1892 seniorem
2909 1833 3280 1889 sacerdotem
3305 1847 3605 1903 suumque
3641 1847 3784 1886 con-

2135 1929 2423 1984 fessorem
2454 1941 2714 2000 praeesse
2742 1923 3062 1980 constituit.
3112 1921 3224 1987 Qui
3273 1924 3329 1976 et
3374 1919 3458 1976 ibl
3501 1919 3784 1975 omnibus

2134 2017 2418 2090 palatinis
2445 2015 2622 2070 bonis
2655 2013 2923 2086 placens,
2964 2016 3029 2066 ut
3075 2010 3283 2065 solitus
3313 2014 3458 2077 erat,
3501 2008 3784 2064 omnibus

2135 2106 2339 2163 omnia
2371 2105 2584 2169 factus,
2617 2103 2694 2159 ab
2721 2101 3004 2158 omnibus
3031 2099 3448 2155 honorabatur
3476 2102 3652 2171 atque
3680 2113 3780 2152 ve-

2087 2211 2096 2252 :
2139 2194 2482 2265 nerabatur.
2529 2197 2609 2248 Ita
2655 2206 2898 2264 quoque
2929 2204 3142 2245 omnes
3170 2204 3308 2243 eum
3342 2186 3683 2257 diligebant,
3730 2185 3780 2239 si

2084 2275 2100 2347 ξ
2286 2265 2512 2356 ᾗόίρεῐ,
2544 2280 2722 2354 quasi
2754 2278 3128 2350 semetipsos,
3190 2277 3446 2348 ejusque
3502 2273 3782 2346 jussioni-

2135 2374 2252 2430 bus
2277 2373 2336 2426 in
2366 2371 2649 2426 omnibus
2674 2368 2850 2442 quasi
2889 2366 3140 2422 senioris
3169 2365 3501 2422 voluntarie
3542 2369 3596 2419 et
3621 2364 3786 2418 bono

2135 2461 2340 2524 animo
2363 2460 2847 2531 obtemperantes
2875 2459 3062 2512 erant.
3097 2458 3361 2521 Quatuor
3386 2458 3585 2509 autem
3614 2468 3787 2508 men-

2139 2541 2798 2620 sesitiim'imperatore
2828 2546 2887 2600 in
2943 2561 3052 2599 suo
3083 2544 3307 2616 palatio
3361 2542 3636 2598 nobiliter
3687 2541 3789 2597 de-

2137 2654 2302 2707 gens,
2333 2637 2505 2708 eique
2532 2634 2868 2690 amabiliter
2890 2633 3172 2704 serviens,
3190 2647 3297 2688 nec
3323 2631 3402 2688 ad
3414 2646 3603 2686 unum
3629 2630 3788 2685 diem

2134 2727 2433 2782 licentiam
2461 2724 2675 2780 exinde
2699 2722 2996 2779 evadendi
3027 2728 3082 2778 et
3108 2723 3167 2777 in
3193 2721 3451 2794 patriam
3496 2717 3789 2791 pergendi

2134 2817 2453 2892 impetrare
2487 2812 2740 2870 valebat.
2788 2813 3208 2884 Episcopatum
3242 2811 3294 2866 ei
3337 2809 3561 2882 quippe
3592 2807 3787 2881 quod-

2135 2905 2300 2973 dam,
2329 2905 2501 2975 cujus
2552 2902 2912 2958 vocabulum
2977 2905 3065 2956 est
3110 2899 3488 2968 Cenomanis,
3538 2898 3789 2970 eligente

2135 3011 2273 3051 eum
2305 2993 2576 3064 ejusdem
2595 2990 2914 3065 provinciae
2931 2988 3384 3060 archiepiscopo
3408 2987 3788 3043 Landramno

2137 3089 2317 3156 atque
2365 3082 2579 3137 comite
2635 3079 2908 3150 ejusdem
2940 3075 3240 3149 parochias
3299 3076 3616 3143 Rorigone,
3665 3075 3786 3131 sive

2138 3172 2420 3228 omnibus
2454 3169 2713 3243 praeﬁxae
2746 3164 3042 3239 parochias
3075 3162 3377 3218 nobilibus
3416 3164 3785 3235 hominibus,

2139 3266 2319 3334 atque
2351 3259 2579 3316 cunctis
2601 3255 2901 3330 palatinis,
2933 3258 2989 3308 et
3018 3252 3174 3308 clero
3193 3256 3248 3307 et
3277 3253 3526 3325 populo,
3560 3270 3668 3326 per
3689 3254 3789 3309 ba-

2139 3351 2341 3406 culum
2394 3342 3084 3403 LandramniTuronicaa
3115 3340 3366 3397 civitatis
3412 3347 3470 3398 et
3495 3343 3790 3414 praedictae

2138 3435 2438 3507 parochias
2464 3431 2906 3502 metropolitani
2933 3431 3060 3499 jam
3093 3429 3317 3484 dictum
3371 3430 3787 3500 episcopatum

2138 3522 2198 3576 in
2223 3537 2334 3575 sua
2371 3517 2688 3592 praesentia
2719 3522 2774 3573 et
2802 3534 2872 3572 eo
2902 3518 3222 3586 instigante
3271 3535 3306 3574 a
3334 3517 3630 3572 Ludovico
3661 3516 3786 3587 glo-

2139 3607 2468 3664 riosissimo
2534 3606 2914 3677 imperatore.
2976 3607 3286 3662 orantibus
3340 3605 3582 3669 cunctis,
3643 3621 3787 3660 cura

2139 3695 2424 3770 pastorali
2450 3699 2536 3750 est
2563 3695 2957 3750 commissum
2983 3716 2997 3758 ;
3025 3695 3130 3768 qui
3153 3700 3208 3751 et
3243 3696 3356 3751 hoc
3384 3693 3701 3764 refugiens,
3733 3698 3792 3749 et

2137 3785 2350 3841 nolens
2401 3783 2750 3856 praedictum
2779 3784 3192 3856 episcopatum
3239 3784 3566 3856 suscipere,
3598 3783 3791 3838 omni-

2138 3875 2253 3930 bus
2280 3879 2504 3943 tamen,
2537 3873 2671 3928 licet
2701 3878 2960 3938 coactus,
3025 3873 3425 3938 hortantibus,
3465 3872 3666 3945 ipsum
3697 3889 3791 3928 sa-

2140 3978 2308 4019 crum
2329 3961 2588 4034 suscepit
2613 3960 3352 4017 ministerium.0rdinatus
3367 3976 3611 4033 quoque
3629 3977 3664 4016 a
3684 3977 3794 4016 suo

2140 4050 2424 4124 praedicto
2448 4050 2908 4122 metropolitano
2939 4055 2996 4104 et
3035 4049 3260 4104 caeteris
3292 4049 3599 4104 nobilibus
3621 4053 3677 4104 et
3695 4065 3788 4104 sa-

2142 4140 2443 4213 pientibus
2474 4139 2771 4212 epiSCOpis
2795 4140 2857 4194 in
2875 4138 3138 4210 idipsum
3167 4138 3680 4206 convenientibus,
3699 4138 3796 4194 eli-

2144 4233 2316 4297 gente
2347 4245 2485 4285 eum
2517 4228 2673 4284 clero
2703 4233 2758 4283 et
2781 4227 3083 4301 populoin
3100 4227 3384 4300 praedicta
3410 4228 3642 4284 civitate
3667 4227 3794 4284 etin

2144 4317 2277 4389 ipsa
2306 4322 2497 4373 matre
2530 4316 2788 4372 Ecclesia
2824 4316 2920 4372 die
2957 4315 3011 4370 11
3044 4315 3162 4372 Cal.
3199 4317 3463 4372 Januarii
3492 4322 3600 4385 est,
3633 4332 3794 4372 anno

2145 4405 2324 4474 igitur
2351 4404 2781 4461 incarnationis
2797 4404 3033 4459 Domini
3063 4405 3246 4459 nostri
3272 4405 3413 4460 Jesu
3457 4403 3669 4460 Christi
3699 4421 3795 4460 oc-

2147 4493 2569 4565 tingentesimo
2610 4493 2914 4562 trigesimo
2946 4497 3002 4548 et
3031 4492 3317 4560 secundo,
3363 4493 3682 4565 episcopus
3709 4497 3798 4548 est

2147 4588 2588 4641 consecratus!
2604 4582 2800 4638 Tertio
2832 4588 3033 4638 autem
3063 4581 3157 4637 die
3187 4587 3327 4656 post
3355 4582 3793 4638 ordinationem

2151 4689 2326 4730 suam
2354 4673 2481 4743 jam
2495 4669 2689 4727 dictus
2703 4671 2966 4726 domnus
2991 4671 3316 4744 imperator
3335 4671 3395 4726 in
3418 4687 3592 4727 suam
3619 4672 3797 4727 adve-

2147 4761 2319 4818 niens
2346 4761 2666 4825 civitatem,
2697 4761 2918 4830 gratias
2960 4777 3145 4831 agens
3178 4761 3496 4816 Dominum
3527 4759 3797 4816 laudavit

2150 4852 2314 4925 quod
2339 4852 2468 4922 jam
2501 4850 2814 4906 ordinatus
2840 4855 2965 4906 erat
2994 4851 3334 4924 episcopus.
3357 4851 3676 4908 Praedictus
3705 4866 3791 4904 er-

2149 4957 2226 5012 go
2246 4940 2510 5014 pontifex
2521 4940 2815 4997 domuum
2840 4941 3200 4996 Ludovicum
3215 4943 3632 5014 imperatorem
3656 4955 3794 4994 cum

2150 5031 2462 5103 psallentio
2493 5035 2549 5085 et
2578 5031 2821 5102 hymnis
2869 5035 2926 5085 et
2954 5031 3197 5086 canticis
3246 5033 3364 5087 sive
3417 5028 3692 5086 crucibus
3739 5034 3798 5084 et

2149 5119 2375 5175 caeteris
2404 5117 2622 5174 divinis
2647 5118 2904 5174 oraculis
2958 5119 3217 5191 benigne
3247 5126 3304 5176 et
3334 5120 3632 5194 sapienter
3657 5135 3799 5192 sus-

2147 5209 2394 5281 cipiens,
2427 5223 2687 5279 eumque
2711 5207 2789 5262 ad
2819 5207 3130 5264 ecclesiam
3160 5227 3348 5266 manu
3381 5216 3586 5267 tenens
3617 5213 3675 5264 et
3693 5208 3798 5264 de-

2145 5299 2371 5353 ducens
2400 5313 2508 5369 per
2538 5295 2748 5352 altaria
2774 5297 3027 5366 orando,
3048 5299 3173 5352 suis
3201 5300 3503 5372 precibus,
3533 5315 3672 5354 eum
3693 5299 3804 5354 Do-

2144 5388 2307 5442 mino
2347 5386 2810 5442 commendavit.
2867 5387 3283 5462 Suprascripto
3333 5388 3798 5460 igiturimpera-

2141 5475 2254 5531 tori
2284 5475 2689 5545 omnibusque
2712 5475 2836 5529 suis
2863 5474 3140 5532 nobiliter
3163 5484 3220 5534 et
3237 5479 3487 5535 dulciter
3519 5475 3801 5535 famulari

2145 5563 2390 5635 studuit,
2457 5561 2662 5636 ibique
2736 5563 2998 5621 domnus
3063 5567 3390 5643 imperator
3459 5564 3799 5622 Ludovicus
