4160 6182
303 197 366 251 33
1363 217 1372 226 -
1937 193 2118 252 VITA.
3659 213 3730 268 κ

297 316 655 374 nativ1tatem
708 317 961 372 Domini
1009 318 1193 374 nostri
1242 321 1378 375 Jesu
1425 318 1653 384 Christi,
1710 316 1957 390 praefato
1994 321 2043 372 Δ
2076 319 2266 376 clesiaa
2297 326 2416 378 tam
2452 322 2604 379 infra
2635 339 2809 380 suam
2838 326 3188 396 parochiam
3233 344 3421 401 quam
3463 335 3522 388 et
3562 337 3729 390 extra

295 407 526 462 Aldrico
557 406 853 478 episcopo
887 413 947 463 et
975 425 1083 464 suo
1105 409 1260 465 clero
1287 409 1721 483 sapientissime
1773 412 1830 462 et
1858 408 1960 462 ho-

295 494 536 553 noriﬁce
563 493 832 550 ofﬁcium
876 505 1220 568 peragente,
1253 498 1594 554 solemniter
1621 495 1955 552 celebravit.

297 588 442 644 Octo
467 601 697 657 quoque
729 584 868 640 dies
902 587 964 641 iu
990 587 1202 642 eadem
1229 589 1459 644 civitate
1487 587 1747 643 domnus
1773 585 1960 657 impe-

301 679 462 732 rator
481 673 765 734 residens,
803 674 1019 730 villam
1046 677 1376 748 quamdam
1408 693 1542 749 quae
1594 674 1860 746 Brogilus
1905 677 1962 730 et

305 763 586 821 Novavilla
616 769 1023 836 nuncupatur
1045 783 1183 821 cum
1221 767 1502 822 omnibus
1558 764 1635 822 ad
1674 781 1735 820 se
1788 763 1962 835 perti-

297 853 580 916 nentibus,
613 870 756 924 quae
799 854 1044 909 dudum
1065 855 1202 910 inde
1226 856 1524 911 abstracta
1545 860 1601 910 et
1644 853 1703 909 in
1734 853 1960 909 benefi-

291 945 440 998 cium
460 942 604 998 data
628 941 852 1008 fuerat,
912 959 1018 1014 per
1067 960 1245 998 suum
1286 948 1650 1016 praeceptum
1699 941 1752 997 ei
1781 947 1960 1013 atque

287 1031 551 1088 Ecclesiae
583 1049 710 1087 suae
741 1031 915 1087 sedis
966 1032 1088 1087 sive
1137 1033 1360 1088 clericis
1405 1037 1461 1088 et
1507 1030 1732 1087 domini
1772 1029 1958 1085 servis

285 1121 424 1176 inibi
454 1120 712 1176 Domino
744 1119 1190 1176 famulantibus
1211 1121 1343 1191 jure
1377 1118 1722 1174 firmissimo
1744 1134 1957 1192 perpe-

289 1209 394 1264 tuis
423 1209 809 1281 temporibus
839 1209 1279 1283 possidendam
1309 1208 1585 1265 reddidit.

1098 1303 1166 1354 ll.

351 1388 669 1443 Prtedictus
700 1404 959 1460 quoque
991 1387 1282 1460 pontifex,
1311 1387 1372 1443 in
1402 1387 1598 1460 primo
1651 1385 1960 1460 pontiﬁca-

290 1482 372 1532 tus
401 1477 489 1532 sui
520 1493 718 1544 anno,
755 1494 986 1549 aquam
1016 1493 1125 1550 per
1155 1477 1585 1550 aquaeductum
1620 1476 1680 1531 in
1713 1474 1957 1547 praedic-

293 1569 404 1621 tam
427 1566 744 1624 civitatem
777 1567 1265 1635 Cenomanicam,
1297 1583 1481 1639 quam
1518 1565 1718 1620 nullus
1768 1563 1956 1618 homi-

2070 424 2266 479 {acere
2302 412 2534 477 meruit,
2567 417 2623 467 et
2660 413 2880 468 multos
2931 416 3182 472 Domino
3229 417 3444 474 lucrari
3487 421 3723 478 meruit.

2071 499 2227 553 Fecit
2271 499 2450 568 igitur
2487 502 2806 574 priedictus
2853 503 3122 561 Aldricus
3170 507 3433 579 pontifex
3474 509 3534 565 in
3580 526 3727 582 prm-

2072 588 2291 660 scripto
2321 589 2580 646 claustro
2607 597 2768 648 recta
2797 607 2956 650 nova
2985 599 3039 649 et
3067 595 3271 667 dupla,
3311 601 3374 653 in
3403 598 3623 670 quibus
3671 605 3729 657 et

2070 676 2336 732 diversas
2368 680 2717 735 mansiones
2738 681 2816 737 ad
2847 698 3000 754 opus
3040 683 3284 741 fratrum
3311 691 3369 742 et
3393 687 3472 743 ad
3515 704 3725 745 eorum

2071 765 2449 821 necessitates
2498 769 2912 838 procurandas
2959 771 3301 828 mirabiliter
3347 779 3400 830 et
3453 776 3727 834 nobiliter

2071 857 2416 913 construxit.
2443 857 2690 929 Insuper
2713 863 2767 913 et
2805 859 2865 914 in
2910 861 3036 930 jam
3088 863 3245 920 dicto
3292 864 3549 924 claustro
3592 867 3726 925 fecit

2070 945 2382 1001 ecclesiam
2439 946 2500 1002 in
2571 947 2796 1002 honore
2864 951 3048 1004 sancti
3102 953 3384 1025 Stephani
3448 971 3484 1012 a
3545 972 3722 1028 novo,

2069 1050 2255 1106 quam
2269 1035 2395 1090 etin
2416 1035 2641 1090 honore
2659 1034 2884 1107 praefixi
2897 1039 3082 1093 sancti
3094 1039 3372 1111 Stephani
3387 1043 3724 1101 etomnium

2069 1128 2415 1178 sanctorum
2462 1124 2672 1196 quinta
2716 1124 2930 1180 Iduum
2985 1128 3331 1184 Novembris
3386 1130 3726 1189 solemniter

2069 1212 2462 1277 consecravit;
2483 1213 2541 1266 in
2559 1228 2682 1284 qua
2703 1217 2760 1268 et
2778 1214 2837 1268 in
2860 1213 2992 1285 ipsa
3010 1214 3105 1268 die
3119 1219 3578 1274 consecrationis
3595 1222 3724 1291 ejus

2068 1299 2308 1369 signum
2337 1301 2616 1373 apparuit
2641 1301 2931 1357 mirabile.
2971 1302 3223 1368 Quidam
3255 1305 3414 1360 enim
3443 1309 3723 1365 sacerdos

2067 1389 2213 1444 inibi
2245 1406 2386 1445 suos
2418 1395 2649 1446 wantos
2689 1391 2945 1462 perdidit
2965 1392 3112 1447 dum
3151 1394 3501 1464 prtedictum
3530 1413 3724 1454 sacra-

2066 1484 2227 1534 retur
2260 1478 2546 1551 templum
2573 1498 2586 1547 ;
2618 1495 2772 1551 quos
2802 1479 3051 1552 quidam
3101 1481 3347 1538 clericus
3394 1484 3720 1557 inveniens,

2068 1563 2270 1618 furtim
2295 1563 2369 1618 de
2400 1564 2532 1635 ipsa
2561 1563 2809 1619 ecclesia
2834 1581 2990 1621 nova
3013 1572 3323 1639 exportare
3350 1569 3618 1640 cupiens,
3645 1569 3720 1626 de

295 1670 422 1711 num
444 1655 525 1712 ibi
554 1662 752 1712 antea
792 1657 993 1712 venire
1049 1655 1298 1724 viderat,
1359 1671 1471 1712 suo
1503 1669 1683 1727 opere
1705 1659 1759 1708 et
1789 1653 1952 1708 bono
1994 1665 2036 1717 B
2066 1653 2350 1725 praedicta
2396 1653 2590 1708 Sancti
2648 1653 2926 1725 Stephani
2976 1660 3032 1710 et
3059 1656 3329 1713 omnium
3375 1663 3720 1716 sanctorum

286 1743 509 1816 ingenio
543 1745 864 1801 adducere
895 1745 1129 1811 meruit,
1174 1743 1582 1817 omnibusque
1634 1743 1737 1816 qui
1777 1747 1953 1796 antea

281 1835 446 1890 valde
476 1851 652 1907 aqua
680 1834 1058 1905 indigebant,
1090 1849 1197 1890 nec
1226 1850 1360 1890 eam
1389 1833 1503 1890 nisi
1523 1848 1630 1905 per
1656 1847 1952 1900 magnum

275 1923 545 1980 laborem
609 1929 867 1980 eatenus
923 1923 1144 1980 habere
1209 1928 1501 1996 poterant,
1533 1920 1948 1986 sufﬁcientem,

275 2013 610 2069 auxiliante
640 2013 917 2077 Domino,
947 2013 1168 2068 habere
1198 2013 1350 2068 fecit.
1397 2015 1590 2068 Unum
1649 2009 1951 2083 siquidem

274 2101 366 2156 vel
395 2103 528 2157 duo
563 2102 776 2157 media
801 2117 972 2173 aqua:
1003 2101 1156 2156 infra
1199 2101 1492 2157 civitatem
1530 2104 1705 2156 antea
1753 2113 1949 2153 emere

269 2206 460 2247 nemo
490 2190 746 2246 valebat
791 2190 908 2245 nisi
963 2206 1152 2245 unum
1207 2190 1522 2246 denarium
1570 2187 1949 2244 afferentibus

270 2294 418 2334 eam
437 2279 520 2331 de
547 2278 766 2334 Sartha
787 2277 964 2331 velde
982 2277 1182 2349 aliquo
1199 2278 1360 2332 fonte
1372 2275 1949 2347 dedisset,quouiam

273 2381 396 2420 nec
418 2368 692 2435 puteum
721 2364 864 2418 inibi
883 2364 1144 2435 aliquem
1159 2364 1484 2420 habebant.
1513 2363 1648 2419 Ideo
1671 2370 1786 2419 tam
1813 2365 1948 2420 cha-

270 2471 342 2510 ra
363 2457 524 2510 erat.
559 2456 628 2506 in
650 2452 786 2524 ipso
817 2468 1061 2524 quoque
1093 2468 1248 2508 anno
1270 2453 1587 2508 claustrum
1619 2453 1715 2508 ubi
1732 2454 1823 2508 sui
1848 2470 1947 2510 ca-

272 2542 484 2598 nonici
513 2541 870 2596 conversari
897 2540 1243 2609 regulariter
1267 2548 1322 2597 et
1369 2543 1647 2597 canonice
1703 2548 1950 2615 possent

278 2631 586 2688 ludificare
614 2629 815 2701 ccepit,
865 2629 968 2701 qui
1009 2635 1184 2684 antea
1235 2645 1567 2702 nunquam,
1633 2638 1693 2687 ut
1740 2632 1946 2702 fertur,

281 2720 611 2776 claustrum
638 2716 865 2773 habere
890 2722 1255 2782 meruerunt,
1276 2717 1379 2774 sed
1397 2734 1501 2790 per
1522 2718 1815 2774 civitatem
1829 2720 1948 2776 huc

288 2814 342 2864 et
369 2808 506 2864 illuc
560 2811 853 2877 vagantes
907 2812 965 2861 et
1016 2805 1376 2862 dormientes
1423 2813 1476 2863 et
1520 2807 1942 2872 discurrentes,

293 2902 411 2952 tam
435 2899 496 2952 in
524 2901 694 2953 nocte
723 2912 917 2968 quam
946 2895 1008 2950 in
1034 2894 1151 2965 die,
1205 2912 1310 2968 per
1362 2895 1599 2952 diversa
1643 2896 1946 2952 domicilia

296 3001 530 3040 manere
560 2986 852 3056 solebant,
870 2989 930 3040 et
948 2988 1193 3056 propter
1211 2984 1324 3040 hoc
1340 2984 1838 3056 impedimentum
1865 2985 1942 3040 ad

265 3126 268 3127 ν
301 3073 555 3130 ofﬁcium
577 3075 846 3130 divinum
875 3089 1210 3140 occurrere,
1265 3079 1328 3130 ut
1379 3073 1653 3144 decebat,
1697 3074 1942 3132 minime

303 3162 604 3232 valebant;
635 3164 837 3236 eisque
865 3179 1042 3218 suam
1063 3162 1336 3230 domum,
1368 3162 1430 3218 in
1459 3179 1585 3235 qua
1611 3169 1940 3233 manerent,

314 3255 371 3304 et
393 3251 630 3306 solarios
673 3252 794 3307 sive
833 3251 1070 3307 cellaria
1098 3256 1154 3307 et
1213 3251 1334 3307 alia
1385 3251 1659 3319 aedificia,
1691 3269 1825 3325 quae
1864 3254 1941 3309 ad

325 3353 497 3392 suum
524 3354 670 3411 opus
692 3339 968 3408 habebat,
995 3341 1257 3397 tradidit.
1291 3343 1358 3396 Et
1389 3356 1512 3395 non
1533 3341 1594 3396 in
1623 3342 1736 3396 hoc
1781 3342 1942 3397 sufﬁ-

329 3424 477 3480 ciens
503 3431 635 3494 erat,
661 3427 764 3482 sed
794 3428 962 3484 etiam
1015 3429 1163 3486 alias
1216 3429 1434 3485 domos
1478 3446 1585 3502 per
1631 3430 1941 3486 circuitum

319 3515 586 3584 nobiliter,
617 3517 765 3573 sicut
812 3518 885 3573 ad
933 3519 1045 3575 hoc
1102 3536 1256 3592 opus
1307 3519 1560 3575 decebat
1592 3526 1938 3575 construere

313 3606 554 3662 certavit.
609 3608 896 3662 Prtefatus
941 3624 1082 3678 ergo
1114 3608 1378 3680 pontifex
1425 3607 1533 3664 fuit
1589 3609 1677 3664 vir
1709 3609 1942 3664 mitissi-

308 3709 435 3750 mus
459 3701 512 3751 et
542 3695 780 3768 sapiens
840 3696 1034 3761 valde,
1086 3697 1293 3766 lingua
1348 3697 1634 3765 eruditus,
1674 3697 1942 3770 psalmos

311 3799 503 3840 omnes
531 3801 638 3857 per
666 3785 937 3840 ordinem
969 3786 1309 3840 memoriter
1339 3785 1614 3853 retinens,
1671 3792 1727 3842 et
1754 3787 1815 3841 in
1842 3803 1941 3842 eo-

301 3888 423 3929 rum
445 3874 721 3930 sensibus
755 3873 1142 3930 subtilissima
1197 3875 1616 3931 exercitatione
1673 3876 1938 3931 limatus.

294 3962 491 4035 lingua
517 3979 759 4036 quoque
789 3963 1116 4019 inlectione
1133 3965 1345 4036 posita,
1369 3969 1425 4020 et
1446 3965 1788 4020 exhortator
1817 3982 1941 4020 om-

293 4054 455 4109 nium
507 4054 805 4109 bonorum
845 4069 1121 4126 operum,
1175 4052 1454 4126 plebique
1506 4053 1941 4110 ﬂorentissimae

292 4142 568 4198 salutaria
595 4142 934 4215 praedicans
959 4142 1099 4198 fidei
1138 4141 1443 4198 catholica:
1475 4147 1533 4199 et
1573 4143 1938 4214 apostolicae,

286 4230 664 4287 immaculate
690 4248 1048 4288 conservare
1073 4232 1409 4305 perenniter
1437 4248 1547 4288 sua
1575 4232 1803 4288 monita
1844 4248 1938 4288 sa-

282 4320 495 4377 lutaria
513 4321 872 4394 praedicans,
896 4320 1079 4377 corda
1103 4321 1369 4376 ﬁdelium
1391 4319 1806 4385 corroborans,
1843 4338 1937 4376 or-

282 4411 562 4466 thodoxae
584 4411 719 4466 ﬁdei
750 4410 1064 4467 aemulator
1111 4427 1180 4466 ac
1232 4411 1510 4467 defensor
1552 4410 1935 4476 fortissimus,

277 4501 651 4574 paupertatis
666 4504 1069 4570 amator,erga
1079 4501 1288 4573 inopes
1301 4517 1422 4556 non
1437 4501 1629 4556 solum
1645 4501 1939 4568 mitis,sed

274 4587 456 4642 etiam
480 4587 787 4651 sollicitus,
823 4590 1199 4662 captivorum
1236 4590 1415 4646 etiam
1455 4589 1817 4662 redemptor,
1841 4607 1936 4645 or-

273 4677 625 4749 phanorum
642 4695 884 4752 quoque
903 4685 959 4736 et
976 4680 1293 4736 viduarum
1313 4680 1578 4749 largitor,
1597 4681 1939 4737 necessaria

272 4767 569 4836 tribuens,
582 4773 818 4824 amator
833 4769 1230 4839 religiositatis
1246 4768 1609 4835 Christianae,
1626 4775 1937 4836 normm,et

273 4855 549 4925 religiose
563 4856 902 4913 volentibus
919 4857 1116 4914 vivere
1139 4863 1194 4914 et
1209 4858 1309 4914 Dei
1339 4857 1612 4913 timorem
1638 4858 1858 4914 habere
1876 4859 1934 4914 in

286 4945 398 4999 suis
422 4945 772 5017 praecordiis
798 4945 1035 5003 dilectio
1064 4947 1362 5015 residens;
1399 4947 1488 5001 vir
1509 4963 1650 5001 vero
1675 4951 1801 5002 erat
1831 4949 1934 5002 mi-

293 5031 542 5090 tissimus
578 5039 762 5108 atque
802 5036 1006 5092 suavis
1037 5037 1324 5109 omnique
1369 5035 1633 5091 bonitate
1664 5040 1930 5102 ornatus,

289 5127 507 5178 amator
527 5123 666 5180 cleri
691 5125 1010 5198 omnisque
1033 5125 1242 5200 populi
1267 5124 1598 5192 Christiani,
1620 5123 1824 5179 tardus
1854 5125 1932 5180 ad

280 5205 676 5279 irascendum,
700 5217 757 5268 et
771 5212 944 5268 velox
961 5213 1040 5269 ad
1060 5211 1495 5278 miserandum,
1521 5211 1666 5267 nulli
1685 5227 1792 5284 pro
1807 5228 1930 5266 ma-

268 5295 332 5353 lo
373 5298 603 5356 malum
655 5301 939 5373 reddens,
992 5317 1187 5375 neque
1217 5301 1543 5358 vindictam
1594 5301 1928 5356 secundum

264 5390 547 5448 meritum
567 5392 837 5449 tribuens
858 5411 871 5462 ;
897 5393 1002 5449 sed
1018 5393 1154 5466 pius
1170 5397 1227 5450 et
1241 5392 1580 5449 misericors
1598 5395 1724 5448 erat
1743 5391 1931 5448 omni-

260 5473 396 5546 bus,
409 5486 666 5537 cunctos
689 5483 1018 5553 attrahens,
1031 5483 1458 5554 neminemque
1474 5481 1800 5554 dissipans.
1816 5483 1929 5538 Ma-

260 5579 447 5637 gnum
469 5585 722 5642 gregem
741 5571 1015 5630 adunare
1037 5573 1100 5629 in
1121 5589 1312 5630 unum
1337 5575 1394 5627 et
1419 5571 1630 5641 ingens
1667 5570 1924 5638 lucrum,

254 5655 738 5720 adminiculante
766 5663 1025 5720 Domino
1054 5663 1212 5720 infra
1240 5662 1437 5718 sinum
1461 5665 1679 5718 sanctae
1701 5659 1803 5716 Dei
1823 5661 1929 5716 Ec-

2065 1742 2312 1798 ecclesia
2341 1742 2498 1798 exire
2525 1759 2645 1798 non
2674 1743 2880 1814 potuit,
2915 1760 3022 1799 nec
3065 1743 3227 1816 ipsos
3252 1751 3484 1803 wantos
3514 1763 3718 1804 secum

2061 1832 2289 1887 deferre
2316 1831 2514 1898 valuit,
2549 1837 2684 1887 ante
2710 1848 2874 1904 juam
2914 1849 3015 1888 eos
3059 1833 3118 1889 in
3168 1834 3300 1906 ipsa
3339 1836 3590 1893 ecclesia
3633 1837 3718 1893 vi-

2059 1919 2338 1976 dentibus
2370 1919 2568 1976 multis
2608 1921 2781 1992 ejicit,
2809 1926 2866 1977 et
2890 1921 3032 1988 fuga
3069 1922 3274 1996 lapsus
3305 1925 3509 1982 evasit.
3562 1927 3720 1984 Fecit

2059 2022 2325 2079 namque
2355 2007 2414 2063 in
2445 2008 2729 2080 praedicta
2771 2009 3020 2066 ecclesia
3049 2011 3264 2068 altaria
3286 2029 3388 2069 sex
3414 2031 3426 2080 ;
3455 2030 3715 2086 quorum

2059 2112 2249 2152 unum
2270 2114 2509 2153 sursum
2531 2099 2792 2170 positum
2822 2101 2883 2155 in
2905 2101 3105 2158 media
3125 2101 3340 2158 absida
3361 2103 3714 2162 collocatum

2057 2186 2119 2241 in
2150 2187 2376 2242 honore
2399 2193 2616 2242 sanctas
2651 2189 2882 2259 Sophiae
2912 2191 3186 2257 sacravit,
3219 2195 3276 2246 et
3300 2191 3579 2263 reliquias
3608 2197 3720 2248 Do-

2060 2275 2206 2329 mini
2237 2275 2421 2330 nostri
2447 2278 2582 2329 Jesu
2613 2276 2844 2338 Christi,
2878 2282 3000 2331 tam
3031 2277 3105 2331 de
3138 2278 3393 2348 spongia
3444 2296 3630 2351 quam
3661 2286 3717 2337 et

2058 2361 2132 2418 de
2155 2362 2439 2418 sandaliis
2459 2363 2589 2433 ejus
2609 2363 2885 2436 propriis,
2907 2364 2969 2419 in
2997 2365 3367 2421 confessione
3387 2366 3448 2422 in
3470 2383 3540 2422 eo
3561 2367 3715 2425 facta

2058 2451 2384 2507 collocavit.
2416 2452 2565 2506 Fecit
2589 2469 2832 2524 quoque
2860 2459 3037 2525 atque
3068 2455 3323 2510 sacravit
3359 2456 3486 2525 jam
3515 2455 3710 2512 dictus

2056 2540 2322 2613 pontifex
2351 2540 2410 2594 in
2438 2540 2726 2612 superiori
2753 2547 2809 2596 et
2831 2542 2891 2596 in
2918 2541 3160 2598 dextera
3200 2550 3366 2616 parte
3410 2545 3598 2617 ipsius
3623 2562 3714 2602 ec-

2057 2629 2250 2685 clesiae
2282 2629 2444 2684 aliud
2471 2629 2655 2685 altare
2685 2630 2742 2685 in
2793 2631 3020 2687 honore
3068 2633 3254 2688 sancti
3304 2635 3608 2706 Stephani,
3657 2640 3714 2691 et

2058 2719 2250 2774 sancti
2274 2718 2580 2785 Vincentii,
2615 2735 2685 2774 ac
2718 2721 2907 2776 sancti
2939 2723 3218 2791 Gervasii,
3261 2725 3568 2796 sanctique
3597 2725 3711 2779 Pri-

2056 2808 2195 2874 vati,
2232 2808 2353 2864 sive
2383 2808 2571 2863 sancti
2603 2809 2846 2875 Quirini,
2871 2814 3050 2882 atque
3076 2811 3262 2866 sancti
3284 2812 3551 2881 Naboris,
3580 2830 3712 2868 nec-

2055 2912 2176 2951 non
2208 2901 2264 2952 et
2296 2896 2483 2952 sancti
2533 2897 2759 2953 Nazarii
2798 2908 3133 2971 martyrum
3185 2900 3414 2962 Christi,
3465 2902 3607 2957 etin
3639 2918 3709 2957 eo

2055 2986 2333 3042 decenter
2358 3002 2567 3042 eorum
2597 2986 2876 3060 reliquias
2908 2988 3234 3044 collocavit.
3269 2990 3424 3045 Fecit
3446 3007 3708 3062 namque

2052 3076 2114 3131 in
2139 3075 2430 3147 superiori
2461 3079 2517 3132 et
2540 3075 2603 3132 in
2633 3076 2870 3132 sinistra
2898 3083 3063 3149 parte
3093 3078 3281 3149 ipsius
3312 3079 3574 3135 ecclesiae
3605 3084 3710 3134 ter-

2050 3166 2201 3221 tium
2241 3164 2446 3234 altare,
2482 3169 2662 3236 atque
2693 3165 2950 3221 sacravit
2979 3166 3038 3220 in
3085 3166 3311 3219 honore
3356 3172 3576 3220 sanctae
3609 3167 3709 3220 Dei

2051 3253 2349 3324 genitricis
2399 3253 2610 3319 Mariae,
2658 3251 2782 3305 sive
2822 3252 3011 3304 sancti
3064 3251 3376 3304 Clementis
3424 3255 3706 3309 Romanis

2053 3340 2321 3395 Ecclesia;
2375 3338 2640 3410 episcopi
2689 3343 2746 3394 et
2798 3337 3097 3411 martyris,
3147 3343 3202 3394 ct
3250 3340 3438 3396 sancti
3488 3340 3703 3410 Albini,

2051 3429 2238 3486 sancti
2284 3429 2541 3484 Amantii
2591 3444 2660 3485 ac
2727 3428 2915 3485 sancti
2973 3428 3282 3500 Arnulphi,
3347 3446 3452 3486 seu
3515 3433 3707 3489 sancti

2050 3519 2295 3586 Martini,
2357 3523 2535 3590 atque
2593 3519 2782 3574 sancti
2843 3518 3154 3574 Clementis
3207 3517 3384 3590 primi
3434 3522 3704 3577 Metensis

2052 3608 2215 3664 urbis
2244 3607 2527 3681 episcopi,
2578 3614 2756 3681 atque
2789 3608 2974 3664 sancti
3023 3607 3312 3676 Audoeni,
3360 3625 3595 3665 necnon
3650 3615 3706 3667 et

2053 3698 2243 3754 sancti
2273 3696 2568 3766 Martialis,
2597 3712 2666 3753 ac
2697 3697 2885 3752 sancti
2917 3696 3234 3766 Benedicti,
3282 3702 3338 3753 et
3385 3699 3575 3754 sancti
3605 3701 3705 3755 Pa-

2052 3787 2220 3856 terni,
2251 3792 2307 3842 et
2346 3787 2531 3843 sancti
2562 3785 2840 3849 Silvestri,
2893 3785 3299 3842 confessorum
3348 3787 3599 3856 Domini,
3650 3794 3706 3845 et

2050 3876 2112 3931 in
2177 3892 2247 3931 eo
2304 3875 2558 3947 propriis
2615 3873 2896 3930 manibus
2949 3873 3224 3928 decenter
3281 3875 3698 3946 praedictorum

2052 3969 2396 4022 sanctorum
2422 3963 2701 4036 reliquias
2730 3963 2793 4018 in
2842 3962 3211 4018 confessione
3257 3962 3447 4036 ipsius
3502 3963 3702 4020 altaris

2051 4054 2378 4111 collocavit.
2414 4053 2479 4108 In
2527 4051 2840 4109 subteriori
2889 4066 3031 4121 ergo
3076 4056 3241 4124 parte
3280 4055 3338 4108 et
3383 4053 3442 4107 in
3492 4053 3703 4110 absida

2050 4143 2237 4216 ipsius
2266 4141 2546 4207 ecclesias,
2576 4140 2709 4197 fecit
2734 4144 2789 4196 et
2817 4141 3187 4196 consecravit
3209 4146 3491 4214 quartum
3520 4141 3702 4198 altare

2051 4232 2112 4287 in
2137 4233 2363 4288 honore
2399 4230 2589 4287 sancti
2621 4229 2904 4302 Stephani
2934 4234 2990 4285 et
3017 4230 3288 4286 omnium
3335 4235 3699 4301 sanctorum,

2052 4322 2192 4376 etin
2222 4337 2293 4377 eo
2314 4320 2501 4377 sancti
2527 4318 2810 4392 Stephani
2852 4323 3032 4391 atque
3074 4319 3328 4375 aliorum
3376 4319 3701 4376 multorum

2053 4416 2392 4467 sanctorum
2448 4409 2728 4481 reliquias
2775 4409 3032 4481 propriis
3089 4409 3370 4465 manibus
3426 4410 3702 4467 decenter

2051 4499 2360 4556 collocavit
2389 4504 2567 4571 atque
2594 4497 2902 4554 conclusit.
2937 4501 2997 4552 In
3028 4497 3268 4554 dextera
3301 4498 3478 4568 igitur
3507 4499 3702 4554 subte-

2048 4589 2184 4645 riori
2230 4593 2396 4660 parte
2443 4588 2629 4660 ipsius
2685 4585 2946 4642 ecclesiae
2990 4587 3266 4658 quintum
3315 4587 3450 4642 fecit
3494 4587 3696 4646 altare.

2047 4678 2212 4752 quod
2228 4683 2285 4736 et
2314 4676 2678 4735 consecravit
2705 4677 2764 4731 in
2791 4677 3017 4730 honore
3041 4674 3226 4729 sancti
3251 4673 3409 4726 Pauli
3433 4679 3487 4727 et
3509 4673 3698 4728 sancti

2045 4767 2253 4824 Jacobi
2274 4766 2529 4840 apostoli
2558 4770 2614 4819 et
2639 4765 2825 4821 sancti
2857 4761 3105 4818 Matthzei
3150 4758 3404 4830 apostoli
3435 4764 3489 4815 et
3517 4775 3696 4817 evan-

2047 4857 2288 4926 gelistas,
2319 4860 2377 4910 et
2405 4855 2463 4908 in
2497 4851 2870 4908 confessione
2912 4847 3098 4919 ipsius
3145 4847 3345 4904 altaris
3383 4849 3696 4922 praedicto-

2043 4960 2176 4999 rum
2235 4946 2577 4997 sanctorum
2630 4937 3042 5010 apostolorum
3108 4937 3390 5011 reliquias
3441 4941 3697 5013 propriis

2043 5029 2324 5087 manibus
2345 5028 2622 5084 decenter
2641 5027 2979 5100 composuit
3002 5032 3180 5101 atque
3203 5028 3507 5084 conclusit.
3538 5030 3603 5086 In
3626 5029 3700 5084 si-

2042 5121 2226 5177 nistra
2255 5123 2312 5176 et
2339 5119 2399 5175 in
2421 5118 2734 5175 subteriori
2757 5123 2920 5192 parte
2960 5118 3147 5191 ipsius
3174 5118 3436 5174 ecclesiae
3463 5124 3696 5176 sextum

2042 5210 2174 5267 fecit
2203 5209 2387 5266 altare
2416 5209 2582 5282 quod
2630 5213 2686 5265 et
2734 5208 3104 5265 consecravit
3142 5207 3205 5264 in
3253 5208 3480 5263 honore
3507 5214 3701 5281 sancti

2041 5299 2337 5355 Theodori
2366 5303 2424 5355 et
2449 5297 2639 5354 sancti
2666 5296 2886 5352 Juliani
2916 5301 3094 5369 atque
3139 5296 3330 5353 sancti
3375 5297 3692 5365 Lamberti,

2040 5393 2375 5462 martyrum
2395 5387 2621 5455 Christi,
2653 5391 2710 5442 et
2748 5386 2808 5442 in
2838 5386 3207 5443 confessione
3254 5385 3446 5459 ipsius
3493 5386 3694 5445 altaris

2041 5493 2248 5534 eorum
2277 5476 2532 5550 pignora
2562 5474 2818 5549 propriis
2847 5473 3157 5530 collocavit
3184 5473 3489 5531 manibus.

2835 5566 2903 5618 Ill

2112 5661 2282 5712 Anno
2311 5652 2610 5729 siquidem
2635 5651 3060 5714 incarnationis
3089 5652 3324 5710 Domini
3351 5650 3538 5707 nostri
3554 5652 3690 5704 Jesu
