4160 6182
417 184 488 244 εδ
1523 173 1804 232 ALDRICI
1843 160 2377 226 CENOHLNENSIS
2416 165 2720 224 EPISCOPI
2753 183 2762 192 ·
3754 167 3826 222 δι

421 307 632 367 Christi
658 305 1150 378 octingentesimo
1189 301 1490 372 trigesimo
1537 303 1595 354 et
1635 299 1869 368 quarto,
1923 289 2070 348 indi-
2101 295 2149 347 Α
2183 289 2280 347 tali
2310 291 2533 364 quippe
2557 295 2721 364 parte
2751 289 2938 362 ipsius
2964 287 3249 378 ecclesiae,
3267 289 3328 344 in
3352 288 3488 378 ipso
3509 289 3730 344 solario
3749 289 3829 344 fe-

421 400 616 456 etione
647 411 787 454 vero
814 396 1154 459 tredecima,
1196 397 1252 447 et
1281 404 1442 445 anno
1471 385 1704 459 imperii
1729 383 1937 439 domui
1968 385 2071 436 Lu-

420 488 617 544 dovici
661 485 911 558 piissimi
957 478 1328 554 imperatoris
1364 476 1655 545 vigesimo
1697 479 1760 534 et,
1781 469 2068 535 secundo,

421 588 584 632 anno
615 573 1005 631 ordinationis
1036 566 1361 641 praescripti
1404 564 1620 619 Aldrici
1661 559 1928 635 episcopi
1957 563 2068 614 ter—

421 665 521 734 tio,
554 665 899 737 praedictam
931 657 1246 714 ecclesiam
1271 656 1401 726 jam
1425 653 1619 709 dictus
1659 649 1926 724 pontifex
1973 663 2068 702 so-

419 753 692 809 lemniter
721 757 776 806 et
806 749 1080 804 decenter
1109 741 1421 800 dedicavit.
1456 747 1516 798 in
1546 740 1890 814 praescripto
1902 752 2070 792 nam-

421 855 537 914 que
567 838 962 895 Calendarum
1006 835 1122 901 die,
1155 833 1402 889 Turonis
1449 829 1794 902 metropolis
1838 827 2071 914 civitate

418 913 526 1002 per
551 939 914 983 consensum
943 927 1000 979 et
1046 922 1398 978 electionem
1447 917 1808 976 Landramni
1853 913 2069 988 prmdi-

419 1023 525 1072 etin
579 1014 884 1070 Turonioaa
927 1011 1092 1067 urbis
1133 1008 1590 1082 archiepiscopi,
1636 1007 1763 1062 sive
1813 1005 2069 1060 aliorum

417 1104 844 1176 episcoporum
873 1105 1050 1172 atque
1077 1099 1406 1154 multorum
1437 1097 1727 1153 abbatum
1759 1100 1938 1166 atque
1969 1107 2068 1147 eos

418 1193 632 1249 mitum
663 1205 898 1246 necnon
922 1194 978 1243 et
998 1188 1250 1243 aliorum
1273 1185 1799 1242 innumerabilium
1816 1182 2073 1255 pruden-

418 1282 568 1336 tium
607 1280 869 1335 virorum
901 1292 936 1332 a
967 1275 1265 1332 Ludovico
1313 1273 1662 1346 priescripto
1689 1273 2070 1343 imperatore,

419 1384 564 1425 cura
593 1366 1006 1422 Cenomanicaa
1037 1364 1201 1419 urbis
1231 1369 1286 1419 et
1307 1361 1640 1418 sollicitudo
1660 1361 1839 1417 totius
1865 1357 2072 1431 populi

418 1457 606 1530 ipsius
664 1455 828 1510 urbis
875 1453 1175 1527 parochias
1220 1453 1457 1508 Aldrico
1499 1450 1746 1523 praefato
1789 1448 2071 1520 episcopo

416 1545 744 1601 commissa
773 1548 901 1610 est;
948 1544 1044 1598 cui
1084 1542 1464 1614 omnipotens
1510 1543 1682 1608 Dens,
1730 1536 2073 1609 suppliciter

2180 379 2256 434 cit
2294 385 2472 451 atque
2493 379 2748 435 sacravit
2769 378 2951 434 altare
2971 377 3032 433 in
3056 379 3285 434 honore
3295 373 3569 434 omnium
3591 383 3834 434 sancto-

2179 482 2335 536 rum,
2356 467 2414 521 in
2436 481 2557 540 quo
2575 474 2630 524 et
2658 467 2984 523 multorum
3026 472 3370 522 sanctorum
3397 467 3650 538 pignora
3692 483 3831 539 pro-

2179 557 2321 628 priis
2355 556 2665 613 collocavit
2697 556 3002 612 manibus.
3047 561 3108 611 In
3140 556 3378 611 sinistra
3417 561 3619 611 autem
3664 561 3832 628 parte

2177 644 2366 718 ipsius
2412 646 2672 702 ecclesias
2724 651 2780 701 ct
2835 646 2894 700 iu
2949 646 3184 701 sinistro
3242 644 3723 700 deambulatorio
3772 646 3834 700 in

2178 735 2447 790 orientali
2470 741 2633 808 parte
2660 735 2795 790 fecit
2818 740 2874 790 et
2902 734 3273 790 consecravit
3313 734 3498 790 altare
3525 734 3584 788 in
3606 732 3834 790 honore

2180 824 2370 878 sancti
2395 824 2726 896 Dionysiiet
2761 824 2947 879 sancti
2974 824 3286 891 Laurentii,
3321 839 3390 878 ac
3421 824 3612 878 sancti
3644 825 3837 879 Remis

2177 913 2256 983 gii
2285 913 2595 984 sanctique
2617 913 2896 980 Medardi,
2922 929 3025 968 seu
3045 913 3236 967 sancti
3261 912 3541 968 Bonifacii
3565 917 3621 968 et
3645 914 3835 969 sancti

2183 1002 2421 1068 Rustici,
2472 1017 2707 1057 necnon
2754 1007 2811 1057 et
2846 1003 3035 1057 sancti
3069 1001 3384 1057 Eleutherii
3419 1007 3754 1074 martyrum
3779 1009 3836 1060 et

2181 1091 2591 1146 confessorum
2612 1092 2842 1162 Christi,
2867 1096 3152 1147 eteorum
3181 1091 3462 1163 reliquias
3478 1091 3682 1163 inipso
3700 1109 3834 1165 pro-

2181 1181 2321 1253 priis
2339 1182 2619 1236 manibus
2643 1181 2954 1237 collocavit
2969 1182 3156 1237 altari.
3184 1187 3244 1236 in
3263 1181 3548 1254 praedicto
3567 1182 3837 1238 videlicet

2182 1270 2418 1326 sinistro
2461 1271 2639 1325 solari
2685 1276 2742 1326 et
2785 1271 3262 1326 deambulatorio
3309 1271 3371 1325 in
3415 1270 3614 1326 medio
3674 1271 3834 1326 aliud

2181 1359 2316 1415 fecit
2341 1365 2398 1414 et
2421 1361 2671 1415 sacravit
2701 1360 2885 1415 altare
2913 1361 2973 1415 in
3004 1361 3232 1414 honore
3286 1365 3505 1415 sancire
3537 1361 3635 1414 Dei
3669 1361 3834 1430 geni-

2181 1449 2340 1504 tricis
2361 1449 2552 1506 Marice
2574 1463 2645 1505 ac
2682 1455 2901 1505 sancta:
2931 1451 3257 1506 Anastasiee
3285 1453 3628 1521 sanctisque
3655 1451 3833 1505 Caeci-

2179 1537 2295 1605 lite,
2336 1551 2571 1594 necnon
2623 1544 2680 1594 et
2725 1540 2998 1595 omnium
3050 1545 3394 1594 sanctarum
3423 1539 3744 1608 virginum,
3779 1538 3836 1595 et

419 1643 688 1701 oramus,
713 1645 832 1688 una
860 1632 1176 1687 nobiscum
1215 1631 1438 1686 tribuat
1456 1629 1724 1701 requiem
1763 1625 2070 1697 sempiter-
2114 1649 2153 1702 Β
2180 1628 2436 1700 pignora
2457 1634 2800 1684 sanctarum
2827 1628 3122 1698 virginum
3145 1628 3206 1683 in
3237 1643 3308 1684 eo
3340 1628 3528 1684 multa
3573 1630 3832 1701 propriis

419 1734 565 1779 nam
587 1727 642 1778 et
680 1721 864 1777 vitam
886 1725 1192 1776 aeternam.
1218 1718 1567 1790 Praescripto
1609 1715 1882 1772 videlicet
1911 1729 2072 1768 anno

419 1810 843 1868 incarnationis
860 1809 1094 1865 Domini
1118 1809 1300 1864 nostri
1326 1811 1461 1863 Jesu
1490 1806 1721 1873 Christi,
1751 1803 2073 1859 undecimo

419 1915 663 1974 quoque
683 1898 1079 1955 Calendarum
1101 1896 1439 1954 Decembris
1459 1895 1555 1951 die
1577 1893 1916 1950 solemniter
1931 1906 2072 1947 con-

419 1990 668 2046 secravit
681 1990 809 2060 jam
840 1988 1031 2044 dictus
1055 1987 1326 2042 Aldricus
1347 1983 1610 2058 pontifex
1636 1983 1914 2039 absidam
1947 1994 2073 2037 mas

420 2079 522 2134 tris
543 2083 600 2134 et
619 2077 866 2134 senioris
896 2075 1145 2132 civitatis
1173 2075 1456 2142 ecclesias,
1487 2087 1673 2146 quam
1695 2087 1732 2128 a
1761 2086 1914 2127 novo
1936 2071 2070 2125 fune

417 2167 582 2224 davit
607 2172 664 2222 et
683 2165 1028 2222 mirabiliter
1054 2164 1287 2220 ornavit
1315 2168 1492 2235 atque
1526 2161 1853 2228 fabricavit,
1874 2165 1931 2215 et
1948 2173 2072 2231 qua

417 2260 475 2312 et
494 2255 676 2310 altare
698 2253 1044 2310 mirabiliter
1063 2251 1421 2308 fabricatum
1437 2253 1491 2307 et
1512 2249 1913 2322 compositum
1931 2263 2070 2304 con-

417 2344 644 2401 struxit.
667 2344 799 2398 Jam
819 2341 1041 2401 dictam
1064 2341 1290 2413 quippe
1308 2340 1591 2396 absidem
1619 2355 1738 2395 una
1760 2349 1898 2394 cum
1915 2349 2068 2410 prae;-

417 2433 542 2489 t’ato
560 2432 732 2488 altari
752 2429 1120 2486 consecravit
1141 2430 1202 2483 in
1223 2430 1449 2484 honore
1467 2428 1655 2484 sancti
1674 2427 1992 2482 Salvatoris
2014 2430 2071 2481 et

419 2525 638 2576 sanctas
681 2519 781 2574 Dei
819 2517 1116 2589 genitricis
1150 2517 1361 2584 Marias,
1391 2522 1448 2571 et
1465 2519 1808 2572 sanctorum
1845 2519 2068 2586 marty-

418 2613 553 2663 rum
574 2607 835 2663 Gervasii
866 2610 923 2661 et
959 2605 1222 2672 Protasii,
1272 2603 1377 2660 sed
1419 2609 1476 2660 et
1515 2603 1702 2659 sancti
1748 2603 2065 2674 Stephani;

417 2697 479 2751 in
509 2712 632 2768 quo
651 2701 708 2751 et
729 2694 1010 2766 reliquias
1047 2693 1233 2749 sancti
1255 2693 1574 2750 Salvatoris
1613 2697 1669 2747 et
1695 2695 1910 2747 sanctae
1941 2692 2067 2761 ejus

419 2785 589 2841 sdem
623 2785 723 2840 Dei
765 2783 1056 2854 genitricis
1087 2785 1297 2852 Mariae,
1325 2787 1504 2853 atque
1533 2781 1607 2836 de
1652 2780 1894 2853 proprio
1939 2795 2068 2835 cor-

418 2887 562 2947 pore
583 2877 927 2930 sanctOrum
945 2875 1276 2942 martyrum
1299 2870 1567 2926 Gervasii
1588 2868 1925 2935 etProtasii,
1947 2869 2069 2924 sive

2183 1718 2493 1774 collocavit
2524 1719 2822 1775 manibus.
2853 1721 3138 1774 Deorsum
3170 1733 3412 1791 quoque
3443 1724 3499 1774 et
3544 1721 3602 1774 in
3631 1719 3832 1775 dentes

2181 1822 2267 1878 ra,
2315 1810 2437 1862 sive
2467 1808 2737 1863 orientali
2780 1815 2946 1880 parte
3002 1807 3264 1880 praefatae
3293 1807 3555 1863 ecclesiae
3618 1808 3753 1863 fecit
3780 1814 3836 1864 et

2183 1897 2553 1952 consecravit
2594 1897 2778 1953 altare
2830 1897 2892 1952 in
2943 1897 3170 1952 honore
3211 1897 3400 1952 sancti
3450 1897 3747 1953 Ambrosii
3779 1901 3836 1953 et

2183 1986 2371 2041 sancti
2400 1987 2718 2056 Benedicti,
2753 1987 3061 2058 sanctique
3091 1986 3374 2055 Gregorii,
3398 1999 3467 2041 ac
3500 1987 3686 2042 sancti
3716 1992 3832 2042 Au-

2183 2077 2401 2145 gustini
2432 2077 2554 2131 sive
2585 2077 2772 2132 sancti
2801 2075 3017 2131 Juliani
3046 2080 3225 2146 atque
3248 2076 3436 2131 sancti
3469 2076 3828 2148 Hieronymi,

2179 2175 2416 2221 necnon
2459 2171 2516 2220 et
2543 2167 2730 2220 sancti
2777 2165 3001 2234 Vigoris
3039 2165 3248 2220 Christi
3309 2165 3738 2227 confessorum.
3771 2170 3827 2221 et

2179 2268 2388 2310 eorum
2418 2255 2479 2310 in
2507 2269 2578 2310 eo
2607 2255 2884 2310 decenter
2911 2260 2970 2309 et
2997 2253 3400 2310 ecclesiastico
3455 2264 3616 2309 more
3649 2254 3825 2309 collo-

2179 2344 2335 2398 cavit
2373 2343 2676 2414 reliquias.
2703 2346 2875 2398 Extra
2905 2343 3156 2398 chorum
3188 2342 3406 2398 scilicet
3427 2347 3483 2398 et
3502 2344 3560 2398 in
3585 2343 3829 2398 dextera

2178 2439 2345 2506 parte
2374 2433 2561 2505 ipsius
2592 2431 2856 2489 ecclesiae
2911 2432 3044 2489 fecit
3078 2438 3131 2489 et
3164 2433 3527 2489 consecravit
3557 2433 3742 2488 altare
3770 2434 3830 2488 in

2178 2522 2405 2577 honore
2427 2525 2616 2577 sancti
2644 2523 2874 2592 Georgii
2917 2526 2975 2577 et
3027 2522 3218 2577 sancti
3281 2521 3504 2591 Felicis,
3537 2538 3607 2577 ac
3639 2523 3830 2578 sancti

2179 2610 2601 2684 Symphoriani
2625 2612 2748 2666 sive
2772 2612 2958 2666 sancti
2977 2612 3116 2667 Sixti
3149 2617 3327 2683 atque
3357 2612 3544 2667 sancti
3566 2611 3828 2680 Tiburtii,

2177 2707 2520 2757 Sanctorum
2552 2701 2774 2774 quippe
2805 2701 3117 2758 Marcellini
3147 2705 3204 2757 et
3233 2702 3398 2765 Petri,
3429 2706 3488 2757 et
3514 2709 3725 2758 eorum
3768 2702 3827 2756 in

2175 2805 2246 2846 eo
2273 2790 2550 2845 decenter
2579 2790 2894 2846 collocavit
2923 2790 3224 2862 reliquias.
3280 2795 3343 2846 in
3400 2791 3635 2847 sinistra
3661 2797 3828 2846 nam-

2176 2889 2292 2954 que
2323 2886 2378 2936 et
2406 2881 2467 2936 in
2497 2881 2766 2936 orientali
2789 2887 2955 2953 parte
2984 2882 3171 2952 ipsius
3202 2881 3464 2936 ecclesiae
3493 2882 3627 2937 licuit
3649 2887 3706 2937 et
3735 2897 3824 2937 εει·-

419 2964 606 3019 sane“
630 2961 912 3034 Stephani
936 2959 998 3050 ii?
1026 2959 1346 3050 δωρέάίοίο
1377 2957 1570 3050 atterit
1598 2959 1854 3030 Propriis
1883 2958 2070 3050 maQi'
2108 2997 2150 3050 ο
2177 2973 2365 3026 oravit
2385 2970 2566 3024 altare
2589 2970 2648 3024 in
2669 2970 2898 3024 honore
2931 2973 3148 3024 sancite
3177 2970 3553 3026 Scholasticie
3585 2976 3640 3027 et
3666 2986 3831 3026 sanc-

416 3051 533 3108 bus
561 3052 839 3107 decenter
877 3049 1187 3105 collocavit
1217 3053 1272 3104 ct
1319 3047 1664 3104 mirabiliter
1707 3047 2066 3119 composuit.

414 3142 606 3198 Aliam
630 3155 873 3213 quoque
904 3143 1134 3211 partem
1155 3138 1516 3211 priescriptas
1548 3137 1750 3193 matris
1779 3136 1838 3193 et
1865 3137 2068 3192 civita-

415 3232 488 3287 tis
505 3229 790 3298 ecclesiae,
822 3229 994 3298 cujus
1037 3226 1500 3283 consecrationis
1542 3225 1668 3282 dies
1709 3227 1946 3299 penitus
1990 3225 2070 3281 ab

373 3320 376 3322 ⁷
414 3317 698 3375 omnibus
738 3316 1148 3385 ignorabatur.
1191 3316 1251 3370 in
1281 3315 1566 3386 praedicto
1598 3316 1832 3371 Domini
1865 3314 2068 3371 Salva-

414 3407 556 3461 toris
585 3403 771 3459 nostri
800 3405 936 3457 Jesu
964 3402 1175 3456 Christi
1204 3403 1446 3456 nomine
1485 3407 1540 3455 et
1573 3409 1794 3457 sanctae
1841 3403 1941 3457 Dei
1972 3417 2065 3470 ge-

414 3492 636 3549 nitricis
665 3489 877 3554 Mariae,
931 3494 1394 3561 sanctorumque
1440 3495 1775 3562 martyrum
1811 3490 2066 3546 Gervasii

415 3589 471 3640 et
513 3580 776 3646 Protasii,
823 3584 1002 3650 atque
1061 3579 1249 3632 sancti
1305 3577 1607 3649 Stephani,
1667 3580 2067 3635 reconciliavit

414 3677 593 3743 atque
639 3667 979 3724 solemniter
1025 3665 1339 3721 dedicavit.
1392 3668 1457 3720 In
1501 3666 1751 3739 praefata
1798 3681 2063 3741 namque

413 3759 666 3816 ecclesia
697 3756 915 3813 seniori
959 3755 1168 3812 altaria
1213 3757 1540 3812 construxit
1567 3761 1625 3812 et
1651 3773 1687 3812 a
1731 3773 1890 3813 novo
1928 3759 2062 3813 fun-

413 3849 596 3918 davit,
625 3851 803 3922 atque
823 3847 885 3902 in
906 3845 1247 3918 supradicta
1269 3844 1364 3900 die
1387 3845 1642 3902 sacravit
1679 3861 1930 3903 numero
1959 3848 2062 3903 de-

414 3954 543 3994 cem
568 3955 580 3993 :
607 3943 662 3993 et
680 3936 929 3992 nomina
945 3932 1124 4006 super
1134 3949 1205 3990 ea
1220 3947 1429 3991 eorum
1452 3939 1815 4002 sanctorum,
1839 3938 1897 3992 in
1915 3953 2062 4010 quo-

411 4043 548 4083 rum
590 4025 893 4081 memoriis
935 4039 1007 4080 ea
1049 4025 1435 4089 consecravit,
1480 4024 1739 4097 desuper
1768 4027 2062 4083 ascribere

407 4116 584 4188 jussit
607 4133 619 4183 ;
649 4129 784 4186 quae
805 4118 863 4168 et
877 4113 1075 4170 adhuc
1095 4127 1200 4185 per
1222 4113 1460 4184 singula
1487 4113 1927 4172 altariainserta
1949 4117 2062 4172 sin-

413 4203 658 4276 gillatim
681 4208 739 4258 et
756 4202 1027 4258 distincte
1044 4219 1114 4259 ac
1137 4202 1448 4274 diligenter
1463 4203 1954 4275 investigantibus
1974 4223 2062 4262 re-

410 4293 586 4366 periri
615 4291 905 4348 hodierna
946 4291 1042 4347 die
1084 4296 1333 4364 queunt.
1369 4293 1852 4350 Deambulatoria
1876 4295 2059 4367 siqui-

409 4382 549 4438 dem
575 4397 812 4436 sursum
832 4395 939 4454 per
967 4384 1155 4437 totum
1183 4382 1244 4437 in
1275 4381 1520 4438 circuitu
1568 4383 1757 4455 ipsius
1797 4385 2060 4440 ecclesiae

411 4471 564 4538 fecit,
587 4471 648 4525 in
669 4469 888 4542 quibus
906 4476 960 4525 et
985 4470 1189 4527 altaria
1209 4471 1477 4543 quinque
1499 4471 1772 4528 nobiliter
1793 4479 2060 4530 constru-

409 4560 495 4616 xit
519 4564 698 4632 atque
737 4560 1014 4616 sacravit.
1059 4560 1320 4614 Primum
1368 4561 1526 4615 enim
1556 4561 1618 4616 in
1644 4561 1888 4619 dextera
1912 4569 1969 4619 et
1999 4566 2059 4620 in

410 4648 678 4706 orientali
703 4655 869 4722 parte
921 4649 1103 4705 altare
1132 4648 1193 4704 in
1223 4648 1518 4720 praedictis
1565 4651 2058 4709 deambulatoriis

408 4739 672 4812 positum
689 4741 944 4795 sacravit
970 4739 1030 4794 in
1059 4737 1288 4795 honore
1320 4739 1511 4795 sancti
1539 4741 1764 4797 Martini
1784 4746 1841 4797 et
1871 4743 2061 4799 sancti

409 4827 627 4895 Hilarii,
652 4843 723 4883 ac
754 4828 943 4884 sancti
973 4829 1248 4886 Germani
1283 4829 1592 4904 sanctique
1631 4830 1888 4903 Vedasti,
1937 4833 2058 4890 sive

407 4917 596 4973 sancti
625 4917 895 4972 Domnoli
922 4923 1099 4990 atque
1153 4921 1339 4976 sancti
1373 4921 1607 4977 Carileii
1637 4925 1694 4978 et
1739 4924 1930 4980 sancti
1960 4924 2057 4980 Ri-

407 5006 1067 5076 gomericonfessorum
1097 5007 1326 5075 Christi,
1361 5013 1419 5064 et
1455 5012 1710 5081 pignora
1752 5013 2062 5085 praedicto-

404 5112 542 5153 rum
572 5101 918 5152 sanctorum
934 5095 995 5151 in
1016 5111 1086 5152 eo
1115 5096 1373 5168 propriis
1397 5100 1678 5156 manibus
1697 5102 1974 5161 decenter
2004 5110 2060 5161 et

405 5185 804 5242 ecclesiastico
835 5201 1001 5241 more
1031 5185 1361 5242 collocavit.
1403 5187 1578 5245 Aliud
1601 5207 1738 5248 vero
1783 5193 1965 5249 altare
1996 5194 2057 5249 in

405 5275 748 5348 supradicta
776 5275 1018 5332 dextera
1039 5280 1205 5348 parte
1227 5281 1284 5332 et
1305 5276 1367 5331 in
1395 5278 1608 5336 eodem
1637 5281 2056 5338 deambulatu-

401 5365 490 5421 rio
505 5364 568 5420 in
584 5363 782 5422 medio
808 5365 1072 5438 positum
1101 5371 1401 5422 sacratum
1426 5366 1488 5422 in
1509 5369 1736 5426 honore
1759 5359 1945 5426 sancti
1958 5374 2060 5426 Pe-

403 5454 473 5512 tri
500 5457 556 5510 et
593 5454 779 5510 sancti
826 5454 1070 5512 Joannis
1108 5455 1361 5528 apostoli
1391 5461 1446 5514 et
1469 5459 1848 5529 evangelistae
1875 5463 2055 5530 atque

402 5543 590 5612 sancti
609 5542 880 5615 Andreae,
906 5561 1143 5601 necnon
1172 5547 1514 5603 etomnium
1543 5547 1974 5619 apostolorum,
1999 5553 2055 5604 et

399 5632 681 5707 reliquias
702 5648 912 5692 eorum
931 5634 995 5692 in
1011 5637 1144 5708 ipso
1165 5633 1678 5695 collocavit-altari.
1694 5640 1760 5694 In
1775 5636 2050 5696 occiden-

2178 3060 2250 3110 tas
2280 3058 2520 3127 Agnetis
2553 3067 2624 3112 ac
2654 3062 2869 3112 sanctae
2904 3056 3112 3123 Lucite,
3146 3061 3327 3126 atque
3381 3065 3601 3115 sanctae
3654 3059 3831 3115 Lode~

2180 3145 2528 3210 sindte,sive
2558 3151 2777 3200 sancite
2811 3145 2984 3210 Afrae,
3030 3148 3374 3216 sanctasque
3405 3148 3744 3203 Geretrudis
3771 3153 3826 3204 et

2179 3240 2397 3290 sancite
2430 3234 2818 3305 Aldegundis,
2847 3231 3146 3303 virginum
3172 3233 3411 3305 Christi,
3439 3242 3498 3291 et
3525 3238 3587 3291 in
3611 3254 3681 3293 eo
3730 3253 3825 3294 ea-

2178 3340 2311 3379 rum
2356 3325 2636 3396 reliquias
2685 3321 2943 3394 prOpriis
2995 3321 3275 3378 decenter
3303 3324 3613 3381 collocavit
3645 3327 3829 3381 mani-

2175 3411 2310 3467 bus.
2347 3415 2519 3466 Extra
2550 3413 2799 3465 chorum
2832 3415 3032 3465 autem
3064 3411 3125 3466 in
3175 3411 3410 3465 sinistra
3439 3419 3606 3483 parte
3635 3414 3825 3483 ipsius

2172 3499 2438 3554 ecclesiae
2452 3499 2659 3553 fecitet
2682 3499 3049 3554 consecravit
3073 3500 3254 3556 altare
3268 3499 3328 3553 in
3350 3499 3573 3554 honore
3600 3507 3822 3555 sanctre

2173 3588 2420 3657 Agathse
2471 3594 2529 3642 et
2577 3593 2795 3642 sanctae
2847 3588 3150 3644 Felicitatis
3205 3600 3274 3645 ac
3315 3593 3531 3645 sanctas
3587 3590 3819 3645 Sabinae

2177 3683 2518 3748 sauciaeque
2553 3678 2893 3748 Euphemus
2929 3679 3051 3733 sive
3077 3683 3296 3734 sanctae
3321 3681 3622 3752 Perpetuus
3644 3686 3822 3752 atque

2175 3771 2396 3821 sanctae
2430 3764 2698 3834 Brigidae,
2733 3779 2967 3822 necnon
3003 3771 3058 3822 et
3083 3773 3302 3823 sanctae
3335 3768 3665 3834 Genovefre,
3707 3769 3825 3824 vir-

2174 3855 2381 3926 ginum
2413 3855 2644 3922 Christi,
2679 3861 2735 3910 et
2765 3870 2970 3911 earum
3008 3856 3067 3911 in
3107 3871 3178 3912 eo
3229 3856 3520 3932 decentch
3570 3860 3826 3931 propriis

2171 3945 2456 4002 manibus
2515 3945 2825 4002 collocavit
2866 3947 3170 4027 reliquias.
3227 3949 3290 4002 ln
3349 3948 3548 4003 media
3582 3962 3826 4021 quoque

2171 4036 2431 4092 Ecclesia
2462 4035 2597 4091 fecit
2621 4035 2803 4091 altare
2831 4035 2890 4090 in
2920 4051 3041 4108 quo
3086 4040 3141 4091 et
3191 4037 3544 4092 cruciﬁxum
3594 4039 3826 4094 Domini

2169 4125 2356 4180 nostri
2373 4127 2510 4180 Jesu
2533 4124 2744 4179 Christi
2771 4137 2917 4179 auro
2929 4129 2991 4179 et
3012 4131 3259 4194 argento
3280 4126 3628 4182 mirabiliter
3651 4127 3785 4182 fabr
3799 4127 3842 4181 i-

2169 4219 2372 4271 catum
2399 4214 2600 4282 erexit,
2633 4217 2691 4268 et
2719 4212 2921 4284 ipsum
2976 4213 3159 4268 altare
3211 4215 3271 4269 in
3321 4216 3519 4270 media
3576 4215 3822 4272 ecclesia

2168 4301 2429 4375 positum
2462 4303 2522 4356 in
2543 4302 2770 4356 honore
2794 4301 3183 4357 sanctissimae
3200 4303 3499 4358 Trinitatis
3530 4303 3589 4358 in
3614 4321 3685 4360 eo
3714 4304 3815 4359 de-

2170 4396 2368 4447 center
2396 4390 2651 4462 propriis
2682 4389 2994 4445 collocavit
3021 4389 3320 4446 manihus.
3350 4391 3694 4447 Antedictus
3718 4392 3820 4461 igi-

2168 4486 2263 4537 tur
2284 4481 2555 4536 Aldricus
2577 4480 2990 4536 Cenomanicre
3018 4481 3282 4552 praefatae
3313 4480 3477 4536 urbis
3504 4482 3822 4555 episcopus

2168 4585 2329 4627 anno
2359 4568 2785 4624 incarnationis
2819 4569 3052 4624 Domini
3082 4570 3264 4625 nostri
3295 4571 3438 4624 Jesu
3487 4571 3701 4627 Christi
3727 4584 3822 4627 oc-

2167 4659 2583 4730 tingentesimo
2621 4658 2924 4728 trigesimo
2954 4664 3011 4715 et
3038 4659 3269 4731 quinto,
3301 4663 3358 4714 et
3388 4674 3550 4715 anno
3589 4661 3824 4733 imperii

2166 4748 2417 4821 piissimi
2446 4745 2726 4802 Ludovici
2770 4747 3146 4819 imperatoris
3195 4747 3486 4817 vigesimo
3523 4755 3581 4805 et
3631 4750 3819 4818 tertio,

2167 4848 2328 4896 anno
2359 4837 2653 4910 siquidem
2695 4837 3086 4894 ordinationis
3128 4849 3250 4892 suae
3279 4837 3467 4911 tertio,
3499 4839 3819 4894 indictione

2166 4926 2680 5000 quatuor-decima,
2739 4925 3058 4982 undecimo
3107 4941 3247 4982 vero
3297 4926 3692 4984 Calendarum
3722 4927 3822 4981 Ju-

2165 5016 2383 5072 liarum
2435 5015 2530 5071 die
2583 5014 2927 5072 solemniter
2973 5016 3344 5073 consecravit
3391 5014 3822 5072 occidentalem

2165 5097 2414 5178 partem~
2440 5105 2775 5175 szepedictee
2807 5106 3012 5162 matris
3038 5110 3095 5162 et
3124 5105 3535 5163 Ceno’manicte
3569 5104 3824 5162 civitatis

2167 5194 2418 5249 senioris
2449 5193 2732 5263 ecclesiae,
2765 5207 2951 5266 quam
2980 5197 3036 5251 et
3057 5213 3092 5251 a
3111 5211 3272 5252 novo
3295 5195 3570 5252 fundavit
3627 5200 3685 5252 et
3712 5196 3823 5253 mi-

2163 5281 2426 5338 rabiliter
2455 5283 2708 5350 ornavit,
2728 5282 2806 5339 ad
2831 5283 3107 5339 effectum
3129 5301 3379 5359 quoque
3398 5295 3591 5361 usque
3613 5285 3828 5358 perdiu

2164 5373 2248 5427 xit
2267 5388 2279 5426 :
2298 5372 2360 5426 in
2393 5387 2514 5443 qua
2531 5377 2589 5428 et
2619 5372 2802 5428 altare
2842 5372 2977 5428 fecit
2999 5373 3059 5427 in
3085 5373 3316 5431 honore
3361 5376 3552 5432 sancti
3580 5376 3825 5432 Joannis

2164 5459 2461 5532 Baptistae,
2486 5459 2652 5531 quod
2675 5465 2733 5516 et
2757 5461 3004 5533 insuper
3033 5461 3192 5520 dicto
3207 5464 3610 5522 Calendarum
3639 5462 3738 5522 die
3761 5466 3824 5521 in

2161 5549 2389 5604 honore
2419 5549 2611 5604 sancti
2632 5550 2878 5606 Joannis
2895 5552 3173 5625 Baptistae
3223 5552 3570 5609 solemniter
3613 5567 3826 5611 consere

2163 5637 2369 5710 craVit,
2391 5643 2450 5697 et
2461 5640 2730 5714 praedicti
2759 5642 2948 5702 sancti
2967 5644 3214 5704 Joannis
3231 5642 3513 5715 Baptistae
3524 5643 3656 5703 sive
3668 5640 3816 5705 alio-
