4180 6186
279 228 344 281 ῃ
1903 202 1944 269 ν

2051 240 2080 271 ..
3622 211 3691 281 δὲ

273 363 407 405 rum
435 314 770 412 multorum
802 344 1147 397 sanctorum
1172 332 1458 414 reliquias
1512 339 1772 413 propriis
1801 344 1928 395 ma-
1957 327 2003 393 Α
2042 322 2168 406 fuit,
2198 339 2374 410 cujus
2406 334 2875 398 consecrati'Onis
2906 339 3033 396 dies
3065 326 3142 397 ab
3192 327 3475 400 omnibus
3521 346 3691 419 peni-

275 438 454 495 nibus
512 433 574 489 in
629 442 704 487 eo
753 430 1035 487 decenter
1082 430 1416 488 collocavit.
1449 430 1627 487 Aliud
1672 436 1817 500 ergo
1869 428 1931 484 in

274 524 524 579 dextera
565 524 735 594 parte
763 519 954 593 ipsius
1005 519 1389 576 occidentalis
1442 520 1627 592 partis
1671 518 1932 575 ecclesiae

281 612 419 669 fecit
448 612 623 667 altare
648 614 706 665 et
733 609 797 665 in
826 609 1172 682 praescripto
1201 610 1303 665 die
1328 609 1699 666 consecravit
1733 608 1795 664 in
1823 606 1932 663 ho-

284 717 432 757 nore
460 699 639 755 sancti
666 698 1074 771 Christophori
1109 702 1167 754 et
1212 699 1401 754 sancti
1431 697 1730 771 Hippolyti
1757 701 1933 769 atque

290 789 471 845 sancti
499 787 821 854 Saturnini,
854 790 1191 859 martyrum
1224 786 1455 856 Christi,
1486 791 1542 842 et
1570 798 1776 842 eorum
1808 784 1935 841 reli-

280 879 449 950 quias
475 877 541 932 in
555 874 931 933 eonfeesi‘one
949 876 1137 949 ipsius
1154 875 1354 932 altaris
1374 875 1633 949 propriis
1654 874 1935 932 decenter

272 965 595 1023 collocavit
642 958 946 1023 manibus.
1005 970 1067 1022 in
1116 965 1355 1024 sinistra
1425 982 1690 1039 namque
1768 969 1935 1038 parte

2039 426 2134 482 tus
2162 425 2574 499 ignorabatur,
2596 424 2700 486 sed
2719 428 2904 486 modo
2920 436 3208 487 renovata
3230 432 3286 488 et
3310 434 3693 492 reconciliata

2040 514 2163 571 sive
2195 522 2543 575 consecrata
2571 522 2659 575 est
2684 517 2744 574 in
2775 518 3003 574 honore
3023 519 3322 591 praedictae
3351 525 3570 579 sanctas
3593 512 3694 580 Dei

2042 603 2338 673 genitricis
2369 604 2561 663 Mariae
2589 618 2696 663 seu
2721 610 3063 663 sanctorum
3087 597 3347 666 Gervasii
3370 614 3426 666 et
3447 604 3694 668 Protasii

2043 692 2169 749 Sive
2222 696 2414 751 Sancti
2473 694 2755 770 Stephani
2810 695 3152 753 solemniter
3197 698 3253 754 et
3300 700 3586 757 canonice
3631 690 3694 758 in

2042 785 2393 856 praescripto
2424 778 2824 840 Calendarum
2849 772 2944 840 die
2974 801 3009 841 a
3041 787 3288 858 praeﬁxo
3318 774 3554 848 Aldrico
3575 789 3697 864 epi-

2044 874 2249 944 scopo,
2281 873 2589 929 constituit
2616 872 2745 929 ﬁeri
2775 877 2831 928 et
2876 872 3119 945 plenam
3162 870 3541 934 refectionem
3565 879 3695 949 jam

2043 960 2215 1017 dictis
2240 962 2335 1017 Dei
2365 962 2550 1018 servis
2571 962 2915 1018 ministrari.
2939 966 3000 1017 in
3021 963 3112 1018 his
3134 980 3377 1049 quoque
3399 968 3696 1039 praedictis

268 1042 465 1129 ipsius
510 1053 897 1112 occidentalis
928 1055 1113 1128 partis
1164 1054 1415 1111 senioris
1445 1054 1711 1111 ecclesiis
1750 1055 1811 1110 in
1842 1071 1937 1109 su-
2042 1050 2313 1123 Quinque
2338 1042 2758 1108 festivitatibus
2789 1051 3020 1107 censuit
3048 1057 3111 1107 ut
3130 1042 3394 1126 praedicti
3423 1057 3694 1114 canonici

270 1145 615 1219 prascripto
647 1144 1046 1201 Calendarum
1066 1139 1163 1200 die
1196 1144 1433 1200 tertium
1460 1144 1830 1200 consecravit
1855 1143 1935 1199 al-
2040 1140 2101 1195 et
2133 1139 2233 1195 Dei
2266 1141 2420 1196 servi
2452 1141 2791 1213 acciperent
2837 1137 2911 1196 de
2957 1136 3207 1213 praefata
3235 1141 3374 1199 villa
3422 1141 3495 1200 de
3538 1161 3695 1218 pane

270 1239 394 1290 tare
432 1234 492 1289 in
522 1233 753 1289 honore
783 1234 971 1289 sancti
1001 1234 1239 1289 Victorii
1270 1239 1329 1289 et
1355 1233 1543 1289 sancti
1599 1232 1834 1303 Victori,
1868 1248 1938 1288 ac
2044 1227 2272 1300 ‘optimo
2301 1244 2408 1302 per
2429 1227 2697 1300 singu10s
2722 1224 3145 1301 praedictarum
3167 1227 3544 1289 festivitatem
3569 1234 3697 1291 dies

272 1322 472 1379 sancti
505 1322 697 1393 Brixii,
716 1322 1025 1395 sanctique
1055 1322 1446 1394 Arvei,atque
1477 1322 1668 1378 sancti
1691 1324 1938 1377 Bauma-
2045 1314 2282 1373 modius
2310 1321 2590 1390 quatuor,
2623 1318 2833 1375 arietes
2878 1319 3139 1391 optimos
3181 1336 3308 1392 sex,
3338 1322 3396 1376 et
3440 1320 3514 1377 de
3560 1312 3698 1380 vino

271 1411 350 1479 di,
385 1426 502 1468 seu
532 1412 726 1467 sancti
755 1411 980 1477 Almiri,
1015 1424 1119 1467 seu
1169 1412 1361 1467 sancti
1411 1411 1611 1467 Ulfacii
1657 1412 1714 1467 et
1750 1411 1939 1467 sancti
2041 1405 2276 1478 optimo
2302 1404 2538 1462 modios
2563 1405 2718 1461 duos
2758 1404 2900 1462 etde
2917 1402 3160 1479 potione
3182 1408 3409 1479 optima
3425 1406 3697 1467 modium

272 1500 496 1557 ιι]ιὶοηί
542 1500 723 1573 primi
770 1500 963 1572 ipsius
1003 1500 1168 1556 urbis
1215 1500 1499 1573 epis00pi,
1529 1506 1707 1572 atque
1751 1500 1940 1556 sancti
2047 1508 2259 1567 unum,
2290 1498 2350 1552 et
2375 1499 2606 1563 caetera,
2628 1495 2781 1552 sicut
2807 1496 2867 1551 in
2895 1496 3024 1568 ejus
3054 1499 3407 1554 testamento
3432 1498 3599 1572 quod
3623 1498 3699 1557 de

279 1587 513 1643 Turibii
537 1587 807 1644 etsancti
836 1588 1088 1656 Pavacii,
1133 1602 1370 1643 necnon
1424 1592 1482 1643 et
1528 1588 1721 1644 sancti
1774 1587 1940 1644 Libo—
2026 1584 2261 1641 eadem
2291 1584 2532 1649 refecit,
2559 1585 2935 1673 continentur
2958 1584 3198 1673 inserta.

281 1677 369 1740 rii,
406 1676 819 1733 confessorum
869 1676 1101 1741 Christi,
1133 1681 1191 1733 et
1238 1692 1447 1732 eorum
1494 1677 1776 1749 reliquias
1806 1693 1941 1749 pro-
1970 1684 2009 1750 Β
2832 1666 2900 1732 ν.
3016 1666 3019 1673 ’
3652 1756 3657 1761 ι

276 1766 425 1840 prii;
475 1767 763 1823 manibus
818 1767 1099 1824 decenter
1148 1768 1209 1823 in
1258 1767 1601 1840 supradicto
1631 1768 1943 1825 collocavit
2122 1766 2181 1818 In
2230 1762 2365 1835 ipso
2413 1776 2555 1833 ergo
2604 1763 2998 1821 ordinationis
3029 1769 3207 1838 atque
3235 1768 3700 1853 consecrationis

277 1856 473 1913 altari.
507 1857 854 1929 Praescripto
882 1870 1149 1929 namque
1176 1856 1496 1912 undecimo
1538 1855 1939 1913 calendarum
2046 1851 2410 1924 praescriptis
2455 1852 2662 1909 matris
2692 1854 2749 1909 et
2774 1855 3188 1911 Cenomanicee
3219 1851 3469 1913 civitatis
3512 1856 3698 1915 eccle-

275 1945 571 2001 Juliarum
612 1945 729 2013 die,
764 1946 1098 2002 aniedietus
1140 1945 1413 2002 Aldricus
1456 1946 1722 2019 pontifex
1750 1949 1838 2002 est
1866 1946 1940 2003 de
2049 1938 2149 1994 sine
2200 1954 2382 1995 anno
2419 1941 2614 2012 primo
2664 1942 2909 1998 virtutes
2951 1943 3012 1998 in
3064 1933 3408 2016 supradicta
3450 1942 3702 2001 ecclesia.

279 2038 456 2090 utero
474 2036 681 2090 manus
706 2050 833 2091 sua:
858 2040 1056 2102 natust,
1077 2035 1173 2091 cui
1202 2036 1583 2109 omnipotens
1610 2039 1764 2092 Deus
1794 2035 1941 2092 assi-

282 2123 408 2180 dua
434 2123 860 2181 intercessione
888 2125 1312 2197 prasdictorum
1345 2125 1465 2180 sive
1494 2125 1767 2181 ornnium
1798 2140 1938 2181 san-

284 2216 518 2268 ctorum
565 2213 786 2269 tribuat
836 2213 955 2269 vita
982 2212 1336 2270 mternaliter
1364 2228 1487 2270 una
1526 2222 1663 2270 cum
1693 2214 1777 2270 eis
1824 2213 1939 2269 frui

291 2301 671 2373 sempiterna.
698 2304 915 2358 Amen.

1060 2392 1155 2447 IV.

358 2478 525 2535 Dedit
550 2478 774 2552 quippe
803 2478 1088 2552 praefatus
1113 2479 1385 2536 Aldricus
1426 2480 1691 2553 pontifex
1736 2481 1937 2538 villam

288 2567 622 2639 quamdam
643 2569 947 2625 canonicis
975 2568 1118 2637 suis,
1136 2570 1307 2640 cujus
1323 2567 1685 2625 vocabuitIm
1713 2574 1803 2627 est
1834 2572 1939 2626 Bu-

286 2658 504 2729 και-ἱείς)
524 2672 662 2714 cum
683 2658 968 2714 omnibus
990 2657 1067 2714 ad
1097 2673 1161 2713 se
1186 2656 1640 2731 pertinentibus,
1657 2672 1780 2715 una
1801 2672 1938 2715 cum

286 2745 437 2802 silva
455 2747 628 2817 cujus
658 2746 1025 2803 vocabulum
1046 2750 1136 2802 est
1152 2746 1477 2815 Feiieionis,
1494 2746 1571 2802 de
1599 2758 1721 2819 qua
1737 2751 1794 2803 et
1813 2747 1938 2820 ple-

286 2835 421 2890 nius
448 2835 715 2907 prmdicti
742 2834 1019 2892 canonici
1066 2846 1275 2892 eorum
1306 2839 1674 2892 mererentur
1718 2836 1941 2894 habere

286 2923 604 2996 stipendia,
634 2929 694 2980 et
728 2924 1139 2981 delectabilir's
1186 2924 1441 2980 Domino
1486 2924 1785 2993 famulari,
1820 2926 1941 2981 sive

2048 2030 2459 2101 apparuerunt
2512 2024 2736 2102 multis,
2766 2030 3109 2087 videntibus
3157 2033 3410 2089 Demino
3450 2020 3701 2104 insigni-

2045 2116 2135 2174 tet'
2186 2117 2479 2175 tribuente
2532 2118 2753 2175 multis.
2815 2121 3070 2186 Quidam
3124 2123 3284 2178 enim
3342 2120 3592 2180 claudus
3645 2128 3703 2181 et

2050 2205 2318 2278 utrisque
2365 2205 2624 2278 pedibus
2677 2201 2888 2263 debilis
2942 2210 3001 2264 in
3051 2198 3300 2282 praefata
3345 2208 3593 2267 ecclesia
3621 2206 3702 2269 ad

2050 2294 2511 2366 vespertinalem
2580 2296 2834 2367 synaxin
2892 2296 3237 2363 adveniens,
3297 2290 3444 2354 dum
3490 2298 3703 2355 fratres

2051 2383 2305 2439 Domino
2360 2388 2501 2440 vota
2556 2382 2964 2457 persolverent
3008 2391 3063 2442 et
3117 2378 3314 2442 ofﬁcia
3362 2380 3702 2461 vespertina

2050 2477 2423 2547 peragerent,
2458 2474 2722 2548 utrisque
2753 2475 3008 2549 pedibus
3035 2470 3402 2533 restauratus
3431 2494 3502 2535 ac
3522 2495 3702 2535 sana-

2049 2566 2145 2618 tu’s
2176 2562 2376 2619 multis
2403 2562 2747 2619 videntibus
2777 2564 2905 2634 fuit,
2930 2554 3009 2621 it’a
3037 2580 3180 2621 vero
3210 2566 3531 2638 pristinum
3558 2566 3701 2624 reci-

2049 2660 2189 2725 pere
2218 2650 2432 2709 meruit
2463 2660 2733 2723 gressum
2774 2653 2950 2727 quasi
2997 2664 3314 2728 nunquam
3351 2652 3604 2713 claudus
3632 2674 3703 2715 ac

2049 2740 2261 2798 debilis
2308 2740 2534 2799 fuisset.
2591 2732 2754 2799 Alius
2812 2744 3109 2816 Siquidem
3163 2736 3242 2800 ad
3289 2742 3696 2804 matutinalem

2050 2831 2307 2903 synaxin
2355 2831 2623 2899 veniens,
2672 2820 2785 2904 qui
2835 2837 3039 2889 mutus
3089 2832 3167 2889 ab
3211 2837 3345 2890 ortu
3380 2834 3698 2893 nativitatis

2051 2934 2175 2975 suae
2208 2925 2265 2976 et
2292 2916 2511 2976 surdus
2543 2923 2689 2992 erat,
2717 2914 2865 2977 dum
2897 2923 3169 2979 canonici
3199 2940 3269 2980 ac
3314 2922 3414 2981 Dei
3459 2926 3613 2981 servi
3640 2925 3701 2982 in

286 3028 394 3085 pro
417 3014 779 3087 imperatere
809 3014 1110 3071 antedicto
1142 3014 1441 3070 Ludovico
1470 3019 1527 3070 et
1556 3015 1812 3085 conjuge
1833 3030 1943 3072 sua
1973 3052 2013 3106 ς
2045 3010 2186 3106 jam
2204 3009 2362 3066 diota
2392 3010 2579 3066 sancti
2610 3000 2931 3067 Salvatoris
2956 3015 3013 3067 et
3037 3014 3255 3106 sanctae
3283 3012 3385 3106 Dei
3406 3014 3702 3106 genitricis

284 3102 506 3169 Iudith,
522 3102 629 3158 sed
654 3108 712 3158 et
731 3119 841 3175 pro
859 3103 1060 3158 liberis
1088 3101 1550 3172 regalibus,sive
1578 3118 1688 3176 pro
1711 3104 1943 3159 univer-
1978 3096 2013 3106 ν
2051 3097 2264 3168 Marias,
2288 3103 2346 3154 et
2371 3101 2720 3155 sanctorum
2753 3103 3089 3172 martyrum
3119 3100 3376 3157 Gervasii
3407 3107 3465 3158 et
3506 3096 3705 3160 Prota~

285 3204 353 3246 so
381 3191 649 3247 exercitu
696 3207 927 3263 eorum,
970 3197 1147 3264 atque
1186 3207 1296 3264 pro
1345 3191 1666 3264 saepedicto
1708 3190 1944 3246 Aldrico
2052 3187 2141 3255 sii,
2167 3191 2346 3259 atque
2369 3188 2557 3244 sancti
2586 3188 2868 3260 Stephani
2889 3188 3138 3244 ecclesia
3167 3176 3548 3245 devotiSsime
3578 3208 3703 3247 ma-

284 3278 485 3350 ipsius
509 3279 681 3334 urbis
707 3281 985 3351 episcopo
1013 3295 1182 3337 orare
1207 3282 1476 3337 certatim
1529 3282 1857 3349 studerent,
1890 3284 1947 3336 et
2052 3275 2361 3331 tutinalem
2391 3276 2746 3347 peragerent
2770 3276 3046 3359 synaxin,
3076 3278 3197 3332 tam
3217 3276 3490 3334 auditum
3517 3296 3705 3353 quam

288 3365 855 3422 delectabiliussive
876 3366 1183 3425 studiosius
1201 3370 1287 3425 eis
1301 3369 1557 3425 Domino
1574 3371 1826 3425 militare
1848 3369 1948 3425 de-
2052 3361 2109 3419 εἲ
2154 3362 2518 3419 locutionem
2558 3360 2704 3420 inibi
2735 3363 2985 3437 pl'enit’ei‘
3036 3365 3277 3438 recepit,
3311 3371 3366 3423 et
3412 3358 3494 3424 ita
3538 3368 3706 3442 loqui

291 3452 558 3511 lectaret.
589 3457 669 3510 De
708 3456 953 3526 pra-ﬁxa
988 3457 1260 3514 videlicet
1302 3457 1442 3514 villa
1482 3459 1732 3529 censuit,
1765 3461 1946 3531 atque
2053 3462 2123 3510 ac
2173 3453 2379 3509 audire
2408 3456 2625 3511 meruit
2650 3464 2761 3510 ceu
2804 3462 3117 3529 nunquam
3161 3456 3379 3514 surdus
3404 3474 3473 3515 ac
3503 3463 3707 3515 mutus

287 3545 413 3600 suis
441 3546 890 3602 successoribus
937 3549 1332 3605 contestando
1384 3550 1447 3604 in
1494 3564 1603 3606 suo
1634 3549 1945 3622 privilegio
2053 3542 2277 3599 fuisset.
2313 3543 2591 3612 SeQuenti
2623 3548 2887 3617 namque
2914 3540 3181 3619 tempore
3230 3546 3479 3629 quidam
3511 3564 3705 3605 caecus

292 3634 451 3706 quod
480 3634 557 3690 de
585 3634 804 3691 eadem
824 3635 962 3692 villa
986 3637 1286 3709 praedictis
1318 3639 1623 3694 canonicis
1649 3639 1770 3693 suis
1810 3638 1948 3694 fecit

299 3723 591 3793 adjuravit
612 3729 680 3780 ut
699 3725 912 3780 fratres
930 3731 986 3782 et
1001 3726 1280 3783 canonici
1295 3728 1697 3783 Cenomanica
1716 3728 1777 3783 in
1798 3727 1946 3784 urbe

312 3809 574 3879 degentes
599 3812 895 3869 haberent
922 3814 1166 3886 plenam
1195 3816 1581 3872 refectionem
1608 3818 1669 3872 in
1700 3816 1946 3872 undeci-

305 3913 395 3955 mo
413 3900 811 3958 Calendarum
838 3904 1261 3961 Januariarum
1282 3905 1401 3971 die,
1414 3906 1661 3978 quando
1682 3912 1873 3962 mater
1893 3908 1951 3962 et

295 3988 541 4045 civitatis
557 3991 806 4049 ecclesia
836 3994 1035 4049 senior
1051 3995 1452 4051 Cenomanica
1480 3995 1536 4050 in
1563 3995 1792 4051 honore
1814 4008 1948 4051 san-

291 4078 362 4133 cti
389 4077 713 4135 Salvatoris
734 4084 795 4136 et
821 4086 1042 4138 sanctae
1071 4082 1347 4154 ejusdem
1378 4083 1480 4139 Dei
1500 4082 1798 4154 genitricis
1828 4085 1948 4141 Ma-

288 4166 389 4222 riae
442 4171 505 4222 et
542 4168 730 4224 sancti
759 4170 1024 4226 Gervasii
1060 4175 1120 4228 et
1156 4172 1407 4228 Protasii
1435 4172 1558 4228 sive
1602 4173 1794 4229 sancti
1826 4175 1949 4230 Ste-

284 4256 477 4329 phani
501 4260 590 4312 est
613 4272 650 4314 a
673 4258 804 4328 jam
832 4259 991 4315 dicto
1032 4259 1267 4317 Aldrico
1296 4262 1578 4335 episcopo
1610 4262 1952 4319 solemniter

2052 3632 2299 3687 veniens
2329 3631 2390 3686 in
2432 3632 2562 3702 jam
2591 3632 2814 3687 dictam
2866 3632 3199 3706 ecclesiam,
3231 3634 3377 3691 dum
3426 3635 3614 3692 missa
3669 3652 3707 3692 a

2055 3721 2375 3793 saepedicto
2420 3716 2654 3778 Aldrico
2684 3723 2967 3795 episcopo
3010 3726 3067 3780 et
3096 3740 3131 3780 a
3161 3725 3284 3780 suis
3310 3718 3707 3783 consacerdo-

2054 3810 2213 3866 tibus
2249 3811 2370 3866 sive
2399 3810 2644 3884 reliquis
2697 3811 2982 3867 ministris
3024 3812 3408 3870 devotissime
3457 3832 3706 3887 perage-

2053 3899 2252 3968 batur,
2284 3900 2482 3956 visUm
2516 3901 2767 3957 Domino
2796 3900 3085 3972 largiente
3114 3902 3376 3975 recipere
3405 3903 3467 3959 in
3497 3920 3708 3978 supra-

2054 3987 2215 4045 dicta
2261 3987 2516 4045 ecclesia
2565 3990 2780 4045 meruit
2807 3988 3053 4062 plenum
3100 3995 3157 4047 et
3193 3991 3273 4048 ita
3298 3991 3499 4049 videre
3528 3990 3709 4050 veluti

2054 4090 2373 4152 nunquam
2398 4088 2590 4135 caecus
2619 4078 2843 4135 fuisset.
2873 4078 3037 4136 Alius
3064 4096 3207 4152 ergo
3238 4070 3450 4154 plenus
3480 4082 3707 4140 daemo-

2055 4168 2178 4238 nio,
2228 4169 2333 4241 qui
2376 4167 2631 4238 graviter
2682 4184 2718 4225 a
2768 4167 3012 4227 diabolo
3062 4160 3410 4244 vexabatur,
3443 4176 3500 4229 et
3550 4182 3710 4248 saepe

2059 4261 2183 4314 tam
2213 4257 2274 4313 in
2303 4258 2504 4327 ignem
2550 4274 2736 4331 quam
2784 4264 2842 4314 et
2867 4259 2928 4315 in
2960 4274 3183 4332 aquam
3217 4261 3340 4317 sive
3369 4261 3432 4316 in
3479 4256 3712 4335 reliqua

284 4344 586 4403 dedicata.
609 4347 887 4405 Similiter
905 4350 1134 4406 censuit
1159 4354 1223 4406 ut
1242 4351 1316 4407 de
1336 4352 1584 4424 praefata
1609 4351 1749 4409 villa
1768 4352 1949 4426 plena
1976 4394 2023 4463 υ
2060 4344 2325 4420 pericula
2355 4363 2417 4403 se
2446 4347 2791 4419 demergere
2820 4348 3080 4418 volebat,
3112 4350 3217 4422 qui
3246 4355 3303 4407 et
3326 4349 3529 4407 multis
3557 4350 3711 4408 funi-

284 4435 588 4463 κ-...υιζηιε-
620 4435 901 4463 8.,..ι-ηη--
922 4444 973 4463 ,ι
999 4440 1298 4463 _-__..:_:-
1321 4441 1637 4463 --_._1--:_.-
1667 4441 1836 4463 n-1-_
1856 4443 1917 4463 λ-
2060 4434 2174 4463 tu...
2204 4435 2553 4463 ..Α-..-ιπεηιηκ
2601 4440 2776 4463 “unus.
2812 4435 3119 4463 λλιιξηηι..-
3158 4441 3279 4463 -..ηε
3322 4454 3395 4463 ν.-
3449 4437 3704 4463 ..ιε-η-.-

280 4435 591 4508 ρι-ωάίοιίε
619 4435 903 4495 fratribus
917 4444 975 4495 et
995 4440 1300 4497 canonicis
1321 4441 1644 4498 undecimo
1666 4441 1951 4499 Calenda-
1976 4434 2023 4463 υ
2059 4434 2175 4491 bus
2201 4435 2556 4492 constrictus
2599 4440 2778 4509 atque
2808 4435 3122 4507 colligatus
3155 4441 3281 4494 erat
3322 4454 3398 4495 ne
3447 4437 3711 4513 aliquem

280 4540 425 4580 rum
449 4527 875 4583 Ianuariarum
907 4528 1004 4584 die
1030 4529 1197 4586 ﬂeret
1225 4530 1406 4602 plena
1434 4530 1707 4600 refectio;
1738 4530 1799 4586 in
1825 4542 1949 4605 quo
2058 4524 2273 4582 laedere
2301 4528 2523 4598 posset,
2554 4525 2615 4582 in
2665 4526 3071 4599 snpradictam
3126 4526 3443 4585 ecclesiam
3474 4527 3554 4584 ad
3578 4544 3709 4584 ma-

280 4613 382 4670 die
408 4617 474 4670 et
500 4615 860 4688 smpedictus
884 4618 1155 4675 Aldricus
1179 4619 1241 4675 in
1266 4620 1614 4693 praescripta
1643 4620 1874 4678 civitate
1896 4625 1953 4678 et
2060 4614 2368 4672 tutinalem
2399 4614 2657 4689 synaxin
2706 4614 3048 4685 adveniens,
3082 4616 3227 4672 dum
3276 4617 3358 4671 ibi
3387 4632 3423 4671 a
3453 4616 3554 4671 Dei
3585 4632 3709 4671 ser-

278 4701 345 4758 in
370 4703 629 4775 praefata
650 4704 898 4761 ecclesia
923 4712 1011 4763 est
1030 4706 1319 4763 canonice
1349 4712 1405 4764 et
1421 4708 1762 4764 sol‘emniter
1792 4721 1828 4766 α
1847 4722 1952 4766 n‘o-
2058 4703 2148 4760 vis
2179 4703 2403 4760 ibidem
2435 4704 2765 4761 constitutis
2795 4708 2851 4760 et
2899 4720 2935 4761 a
2956 4706 3084 4776 jam
3124 4703 3282 4759 dicto
3308 4703 3594 4777 episcopo
3619 4703 3708 4759 di-

277 4790 603 4847 bilissimis
640 4796 698 4847 et
724 4792 1087 4851 doctissimis
1143 4800 1323 4869 atque
1371 4797 1759 4854 sanctissimis
1792 4798 1951 4873 epiSa

282 4880 451 4953 copis
483 4880 755 4953 pontifex
777 4883 1108 4941 ordinatus.
1130 4885 1406 4942 Similiter
1429 4886 1659 4943 censuit
1677 4888 1823 4944 utin
1844 4902 1952 4944 un-

288 4965 525 5024 decimo
554 4968 958 5030 Calendarum
986 4973 1282 5032 Juliarum
1309 4976 1620 5034 antedictis
1647 4978 1951 5034 canonicis

301 5058 358 5107 et
373 5056 469 5112 Da
494 5060 687 5115 servis
709 5059 790 5117 de
808 5062 1060 5135 prefata
1086 5064 1232 5122 villa
1258 5060 1425 5122 ﬁeret
1440 5066 1620 5139 plena
1649 5068 1705 5124 et
1724 5067 1953 5140 optima

292 5140 548 5215 materie,
571 5148 635 5205 in
664 5160 791 5223 quo
820 5148 918 5208 die
938 5156 1001 5210 et
1026 5153 1310 5226 praeﬁxus
1330 5155 1602 5212 Aldricus
1630 5156 1950 5230 episcopus

286 5234 385 5287 est
422 5232 500 5289 de
526 5241 688 5296 utero
718 5240 928 5297 matris
958 5256 1087 5298 suae
1117 5247 1320 5316 natus,
1353 5249 1532 5319 atque
1567 5244 1952 5303 occidentalis

278 5335 430 5394 Ρυε
473 5329 839 5403 praescripta!
892 5331 1103 5388 matris
1129 5336 1188 5389 et
1244 5333 1497 5391 civitatis
1556 5334 1817 5391 ecclesiae
1872 5334 1952 5392 ab

276 5410 497 5470 eodem
522 5418 812 5488 pontiﬁce
838 5414 1305 5479 est'solemniter
1342 5422 1642 5482 dedicata.
1679 5422 1955 5482 Similiter

273 5499 341 5558 in
366 5508 797 5578 assumptione
820 5513 1043 5567 sanctis
1089 5510 1191 5568 Dei
1220 5512 1519 5584 genitricis
1571 5512 1784 5585 Mariae,
1814 5526 1950 5587 quas

272 5595 369 5648 est
425 5592 669 5653 decimo
723 5601 940 5657 octavo
991 5599 1302 5660 calendar.
1365 5600 1665 5677 Septemb.
1715 5603 1831 5673 die,
1887 5603 1954 5659 in

276 5681 461 5754 cuius
502 5683 767 5757 plateis
799 5688 1053 5749 eam
1096 5696 1139 5749 ο.
1181 5695 1392 5753 saneto
1432 5691 1668 5751 Iuliano
1717 5695 1955 5755 sacrata

2058 4793 2200 4849 vina
2227 4792 2673 4865 peragebantur
2695 4792 3096 4849 intensissime
3117 4790 3333 4861 ofﬁcia,
3352 4808 3390 4849 a
3408 4788 3710 4850 daemonio

2059 4884 2301 4938 curatus
2345 4887 2401 4938 et
2451 4881 2704 4953 pleniter
2751 4885 2997 4937 sanatus
3044 4886 3131 4938 est
3167 4886 3277 4939 ceu
3323 4897 3642 4957 nunquam
3675 4900 3713 4943 a

2059 4970 2362 5029 daemonio
2392 4974 2643 5027 ventus
2670 4968 2844 5027 esset.
2876 4966 3005 5028 Alia
3031 4988 3274 5046 quoque
3298 4972 3712 5031 innumerabi-

2056 5060 2140 5119 lia
2185 5060 2358 5131 signa
2394 5059 2457 5116 in
2503 5059 2915 5134 suprascripta
2942 5060 3191 5118 ceclesia
3237 5062 3381 5119 etin
3411 5060 3713 5121 antedicto

2058 5150 2257 5226 primo
2286 5149 2698 5221 ordinationis,
2723 5138 3205 5220 consecrationis,
3226 5150 3348 5208 sive
3373 5152 3716 5212 reconcilia-

2061 5241 2238 5299 tionis
2267 5257 2393 5297 suzs
2419 5250 2601 5312 anno,
2633 5247 2870 5296 necnon
2892 5234 2951 5296 et
2978 5240 3042 5296 in
3064 5240 3575 5314 subsequentibus
3603 5260 3713 5301 an-

2058 5331 2176 5400 nis,
2208 5320 2672 5387 innumerabilia
2701 5318 2906 5386 multis
2935 5336 3346 5403 apparuerunt
3371 5330 3715 5391 videntibus

2062 5422 2255 5494 signa,
2283 5430 2418 5495 quae
2447 5423 2693 5495 propter
2719 5406 3121 5494 prolixitatem
3167 5420 3291 5480 sive
3337 5429 3583 5500 propter
3610 5429 3713 5483 ιω-

2059 5511 2230 5569 dium
2256 5510 2492 5568 lectoris
2522 5514 2702 5585 atque
2733 5506 3020 5569 auditoris
3044 5510 3139 5570 hic
3166 5529 3291 5571 non
3318 5514 3711 5582 inseruimus;

2060 5612 2195 5676 quae
2242 5604 2445 5660 tamen
2492 5605 2660 5659 tanta
2711 5594 2851 5660 sunt
2904 5600 2970 5685 in
3020 5592 3323 5676 ejiciendis
3376 5594 3712 5685 daemoniis,

2058 5691 2124 5749 in
2180 5690 2546 5766 recipiendis
2599 5685 2932 5765 gre’SSib'iis,
2958 5682 3029 5752 in
3050 5686 3380 5754 reddendis
3411 5682 3715 5752 auditibus
