4160 6182
452 194 521 252 39
1535 187 1813 244 ALDRICI
1853 185 2389 244 CENOMANENSIS
2426 182 2764 243 EPlSCOPl.
3789 194 3862 248 ιο

455 321 512 374 et
539 314 891 390 reparandis
919 314 1165 386 visibus,
1197 313 1316 369 sive
1346 313 1408 368 in
1455 311 1699 385 reliquis
1733 310 1832 367 Dei
1880 308 2102 366 beneﬁ-
2128 313 2176 367 Α
2213 313 2270 365 et
2296 309 2375 366 ad
2395 326 2549 382 opus
2592 309 2840 366 fratrum
2873 308 2956 366 ibi
3001 310 3349 381 degentium
3379 326 3520 368 cum
3562 329 3867 372 consensu

456 407 560 463 ciis
603 409 852 480 quanta,
885 409 948 460 ut
992 420 1147 469 reor,
1197 403 1319 458 duo
1370 401 1466 458 vel
1521 406 1638 458 tres
1679 399 2102 474 quaterniones

457 496 704 552 minime
725 509 939 566 capere
968 493 1248 548 valerent.
1273 491 1380 546 Alii
1412 495 1614 546 autem
1639 488 1858 545 inﬁrmi
1885 493 2006 543 tam
2027 487 2103 544 de

457 585 723 642 febribus
770 599 957 656 quam
1011 581 1085 636 de
1143 580 1270 635 aliis
1318 579 1762 636 inﬁrmitatibus
1803 577 1866 632 in
1897 592 2103 650 supra-

458 675 677 746 scripta
743 670 989 728 ecclesia
1038 668 1550 724 innumerabiliter
1604 665 1793 722 multi.
1854 665 2105 721 Domino

2213 414 2458 456 suorum
2491 400 2922 456 canonicorum
2951 405 3131 473 atque
3162 400 3419 457 aliorum
3466 406 3592 458 tam
3635 405 3868 476 episco-

2210 503 2429 560 porum
2460 505 2648 562 quam
2697 494 2754 545 et
2784 489 3040 546 aliorum
3083 489 3379 546 nobilium
3421 489 3691 548 virorum
3730 493 3869 551 fecit

2211 575 2308 631 hic
2337 575 2594 633 inserere
2622 576 2866 650 placuit.

2979 669 3091 722 VII.

456 763 766 833 largiente,
796 763 935 815 sunt
963 758 1177 824 sanati,
1212 763 1393 829 atque
1423 756 1735 829 pristinam
1789 755 2104 811 sanitatem
2215 756 2550 833 Exemplan
2575 756 2964 833 priuilegiiet
2993 757 3336 833 traditionis
3383 773 3566 833 quam
3613 761 3865 833 domnus

457 853 720 925 recipere
752 853 806 904 et
837 847 1080 921 plenam
1110 851 1457 902 meruerunt
1481 845 1732 918 adipisci
1760 844 2034 901 salutem.

1241 936 1326 990 VI.

528 1025 872 1082 Antedictus
893 1024 1051 1080 enim
1077 1023 1340 1079 domnus
1360 1023 1652 1092 Aldricus,
1667 1021 1924 1096 praefatae
1943 1020 2109 1076 urbis

456 1116 801 1188 episcopus,
819 1112 1068 1185 quando
1090 1112 1149 1166 in
1173 1111 1458 1184 praedicto
1479 1112 1690 1184 quinto
1718 1110 1933 1166 Iduum
1960 1112 2106 1166 Nov.

457 1205 550 1261 die
584 1222 620 1260 a
649 1202 1021 1272 largitatione
1065 1200 1272 1256 domni
1332 1201 1612 1256 Ludovici
1643 1198 1897 1272 piissimi
1925 1198 2112 1270 impe-

456 1292 691 1362 ratoris,
736 1307 842 1364 per
895 1306 1262 1346 consensum
1287 1293 1346 1346 et
1375 1289 1723 1346 electionem
1781 1287 2110 1344 multorum

458 1382 754 1439 nobilium
785 1379 1075 1447 virorum,
1099 1379 1250 1435 sicut
1279 1395 1462 1452 supra
1489 1379 1718 1435 dictum
1746 1382 1853 1446 est,
1883 1377 2112 1449 accepit

453 1471 582 1542 jam
611 1469 838 1524 dictum
883 1468 1322 1540 episcopatum,
1352 1466 1603 1540 quidam
1660 1465 1860 1522 aemuli
1890 1469 2111 1521 sanctae

460 1559 562 1615 Dei
620 1557 891 1614 Ecclesiae
946 1560 1003 1612 et
1032 1557 1122 1612 sui
1171 1556 1594 1612 intimaverunt
1639 1561 1819 1628 atque
1864 1553 2112 1611 ﬁrmiter

458 1648 769 1722 protestati
797 1651 936 1703 sunt
964 1646 1210 1719 praeﬁxo
1251 1645 1479 1702 domno
1525 1645 1821 1702 Ludovico
1850 1645 2109 1717 impera-
2142 1665 2182 1719 Β

460 1738 575 1794 tori
603 1737 770 1810 quod
817 1737 1062 1792 abbatia
1110 1736 1307 1793 Sancti
1360 1735 1643 1791 Vincentii
1688 1751 1808 1790 non
1855 1737 2009 1789 esset
2036 1733 2111 1788 de

456 1827 590 1899 jure
619 1826 900 1884 antedicti
920 1825 1207 1900 episcopi,
1228 1825 1332 1881 sed
1361 1825 1546 1881 fiscus
1573 1823 1874 1897 saepedicti
1904 1821 2114 1879 domni

462 1915 745 1972 Ludovici
778 1915 1152 1989 imperatoris
1185 1930 1314 1969 esse
1343 1913 1620 1969 debebat.
1648 1916 1915 1968 Domnus
1938 1911 2115 1981 igitur

464 2004 800 2061 Ludovicus
828 2003 1153 2077 imperator
1203 2003 1280 2060 ad
1330 2004 1446 2058 hoc
1474 2002 1905 2076 inquirendum
1934 2007 2114 2073 atque

462 2094 751 2150 veraciter
781 2093 1266 2162 investigandum
1315 2108 1455 2147 suos
1484 2097 1758 2147 strenuos
1807 2096 1864 2147 et
1909 2089 2115 2145 ﬁdeles

461 2183 622 2239 misit
651 2182 888 2249 missos,
923 2182 1027 2254 qui
1078 2182 1193 2236 hoc
1242 2181 1610 2253 inquirerent
1657 2181 1706 2236 si
1756 2182 1938 2236 ﬁscus
1982 2195 2115 2235 esse

462 2271 743 2340 debebat,
772 2287 848 2326 an
879 2271 952 2326 de
976 2271 1110 2341 jure
1142 2275 1197 2324 et
1227 2271 1634 2325 dominatione
1667 2268 1946 2324 antedicti
1989 2269 2115 2339 epi-

462 2363 625 2433 scopi
647 2378 775 2416 esse
808 2361 1066 2415 deberet.
1101 2359 1368 2414 Aldricus
1403 2376 1543 2414 vero
1575 2359 1634 2413 in
1662 2360 1774 2414 hoc
1808 2358 1981 2412 valde
2007 2374 2116 2412 an-

463 2451 735 2519 gebatur,
759 2450 1428 2521 tristabaturque,quod
1456 2449 1557 2504 tali
1578 2449 1890 2504 occasione
1924 2464 1952 2502 a
1983 2449 2116 2518 jure

465 2544 519 2595 et
541 2539 950 2594 dominatione
978 2538 1277 2609 saepedicti
1305 2538 1731 2608 cpiscopiijam
1749 2538 1906 2591 dicta
1934 2536 2120 2591 abba-

467 2629 548 2683 tia
571 2627 759 2682 sancti
793 2627 1072 2682 Viucentii
1104 2626 1335 2698 perdita
1369 2630 1424 2680 et
1453 2626 1669 2696 injuste
1700 2625 1900 2682 ablata
1933 2627 2115 2680 tieret.

470 2721 600 2772 Non
624 2717 782 2772 enim
801 2717 1064 2772 habebat
1087 2717 1168 2771 ibi
1185 2716 1455 2784 cognitos
1475 2715 1769 2782 homines,
1789 2731 1896 2770 nec
1921 2715 2118 2787 ipsam

465 2823 592 2862 rem
619 2805 1026 2875 cognoscebat
1052 2824 1064 2873 ;
1096 2805 1200 2860 sed
1225 2804 1545 2860 Dominum
1576 2803 1794 2859 obnixe
1839 2804 2120 2874 depreca-

466 2895 643 2951 batur
671 2899 732 2949 ut
761 2911 870 2949 sua
903 2893 1264 2962 negligentia
1289 2892 1425 2965 ipsa
1463 2891 1710 2947 abbatia
1742 2891 1936 2947 Sancti
1987 2891 2118 2944 Vin-

2285 827 2618 900 Domnuius
2671 827 2743 882 de
2785 827 2957 900 villa,
2986 828 3257 900 Tricione
3303 833 3358 884 et
3394 827 3477 886 'de
3502 831 3863 900 Fraxinido,

2286 899 2409 971 sive
2425 899 2576 971 vilia
2586 899 2645 954 la
2676 899 2914 954 nomine
2933 899 3153 965 Debuc,
3176 905 3356 971 atque
3373 900 3447 956 de
3475 903 3614 958 aliis
3635 899 3864 959 villulis

2286 969 2408 1024 sive
2449 969 2623 1024 rebus
2653 983 2725 1025 ac
2779 971 3098 1026 territoriis
3145 969 3266 1025 δαί.μῦ
3295 971 3447 1027 sedis
3499 975 3757 1030 ecclesiae
3800 975 3865 1029 in

2288 1039 2383 1095 die
2413 1039 2804 1096 dedicationis
2831 1041 3162 1109 swpedicta’
3190 1041 3401 1097 Sancti
3441 1043 3737 1102 Vincentii
3773 1060 3863 1102 ec-

2289 1113 2478 1166 clesiae
2509 1111 2590 1166 ad
2615 1113 2805 1181 ipsam
2835 1112 3146 1168 ecclesiam
3170 1114 3338 1182 fecit.

2291 1199 2544 1256 Domino
2572 1200 2894 1256 venerabili
2931 1200 3202 1257 ECOleSiH‘.
3243 1202 3653 1260 Cenomanicaa
3705 1204 3860 1262 clero

2220 1288 2548 1345 Domnolus
2574 1289 2913 1362 episcopus.

2292 1380 2638 1447 Congruum
2670 1378 2847 1434 nobis
2896 1378 3007 1434 fuit
3036 1383 3099 1435 ut
3123 1383 3329 1436 votum
3373 1379 3766 1439 desiderabile
3803 1383 3865 1439 in

2225 1466 2530 1523 charitatis
2587 1472 2796 1525 vestra:
2847 1468 3120 1525 notitiam
3169 1484 3571 1542 poneremus;
3619 1472 3766 1543 quia
3818 1472 3868 1527 si

2226 1571 2558 1612 consensus
2588 1561 2782 1612 vester
2800 1556 3169 1614 desiderium
3190 1558 3389 1613 cordis
3417 1559 3604 1614 nostri
3632 1559 3872 1616 decreta

2224 1645 2558 1712 adverterit,
2593 1645 2892 1702 credimus
2921 1645 3142 1702 nullius
3193 1645 3359 1702 nullo
3403 1663 3675 1720 unquam
3720 1654 3867 1704 tem-

2224 1751 2368 1808 pore
2400 1734 2812 1791 contrarietate
2857 1752 2894 1791 a
2939 1735 3114 1791 nobis
3157 1735 3376 1808 pariter
3423 1737 3662 1793 ﬁrmata
3687 1752 3866 1810 posse

2223 1823 2494 1891 convelli,
2526 1840 2663 1879 cum
2689 1840 2799 1896 pro
2839 1823 3028 1880 salute
3057 1824 3284 1898 populi,
3317 1825 3480 1881 velut
3532 1826 3868 1882 custodiam

2223 1914 2493 1980 civitatis,
2554 1914 2836 1987 reliquias
2885 1913 3094 1970 domni
3144 1931 3214 1970 ac
3270 1915 3625 1972 venerabilis
3683 1916 3868 1971 sancti

2224 2003 2510 2060 Vincentii
2535 2005 2816 2076 martyris
2841 1998 3238 2060 intercedente
3260 2006 3722 2078 praesumptione
3741 2005 3872 2062 ausi

2224 2092 2514 2149 fuerimus
2563 2092 2812 2162 deferre,
2864 2109 3001 2148 cum
3055 2093 3154 2148 Dei
3198 2093 3494 2164 adjutorio
3543 2100 3599 2149 et
3651 2099 3866 2149 vestro.

2225 2181 2421 2235 eidem
2463 2180 2596 2236 loco
2652 2181 2955 2250 dignitatis
3005 2181 3301 2236 ereximus
3351 2183 3409 2236 in
3457 2182 3738 2251 culmine,
3793 2183 3872 2238 ita

2225 2271 2484 2343 petimus
2513 2276 2576 2325 ut
2600 2277 2802 2326 nostro
2832 2272 3051 2344 pariter
3076 2271 3291 2326 ditetur
3319 2276 3376 2326 et
3421 2288 3669 2328 munere
3694 2291 3706 2339 ;
3733 2278 3789 2328 et
3820 2272 3871 2326 si

2227 2375 2444 2414 sensus
2493 2365 2683 2416 vester
2719 2361 2780 2415 in
2827 2376 2938 2416 nos
2982 2360 3293 2416 contulerit
3339 2361 3680 2422 claritatem,
3712 2361 3867 2416 hanc

2227 2449 2573 2521 paginolam
2604 2450 2946 2506 donationis
2975 2454 3170 2506 vestro
3210 2466 3559 2522 quaesumus
3590 2453 3654 2503 ut
3675 2448 3867 2503 firme-

2227 2544 2322 2593 tur
2364 2539 2601 2594 robore.
2650 2540 2817 2594 Dono
2861 2554 3002 2607 ergo
3034 2538 3094 2593 in
3140 2539 3326 2610 ipsius
3355 2539 3559 2594 domui
3590 2536 3870 2592 Vincentii

2228 2627 2455 2683 honore
2499 2629 2912 2698 donatumque
2963 2644 3090 2682 esse
3145 2628 3419 2682 volumus
3461 2625 3600 2682 villa
3655 2642 3875 2693 cogno-

2230 2716 2493 2772 minanle
2541 2717 2826 2784 Tricione,
2875 2732 3063 2788 quam
3117 2715 3532 2771 Abundantius
3575 2713 3740 2770 visus
3785 2719 3875 2770 est

2227 2805 2540 2878 quondam
2585 2807 2862 2874 tenuisse,
2912 2821 3019 2876 per
3070 2805 3203 2860 loca
3250 2805 3560 2873 designata
3591 2803 3667 2858 ad
3723 2807 3868 2858 Con-

2229 2895 2480 2949 ﬂuentes
2513 2910 2708 2965 usque
2736 2894 2945 2949 Bucias
2975 2894 3184 2948 deﬂuit
3217 2894 3275 2948 in
3309 2894 3495 2949 lndua
3525 2909 3715 2965 usque
3769 2899 3877 2948 ter-

469 2983 641 3038 centii
674 2982 747 3036 de
775 2984 906 3053 jure
938 2981 1235 3054 praedictae
1268 2980 1544 3036 Ecclesize
1577 2980 1806 3051 perdita
1837 2996 1945 3034 nec
1978 2979 2118 3033 alie-
2153 3019 2191 3072 Ο
2231 2983 2394 3037 mino
2449 2982 2836 3047 Proliacense,
2871 2981 3272 3051 subjungcnte
3322 2982 3400 3037 ad
3439 2998 3499 3036 se
3543 2982 3879 3052 adjacentia

469 3076 609 3127 nata
630 3072 813 3126 ﬁeret.
846 3073 1034 3135 Quem
1061 3085 1278 3142 nempe
1311 3068 1597 3124 Dominus
1624 3068 1683 3122 in
1715 3069 1826 3123 hoc
1873 3068 2118 3123 exaudi-
2154 3055 2191 3072 υ

468 3161 569 3230 vit,
619 3166 675 3219 et
702 3161 928 3233 oppido
956 3160 1124 3214 illum
1178 3158 1522 3214 consolatus
1569 3163 1688 3224 est;
1717 3162 1772 3212 et
1817 3158 1980 3229 ipsas
2028 3173 2121 3211 res

469 3249 934 3306 adminiculante
962 3248 1214 3304 Domino
1235 3247 1574 3302 evindicare
1595 3247 1832 3314 meruit,
1851 3253 1906 3302 et
1927 3247 2002 3301 ad
2023 3247 2121 3316 jus

471 3357 596 3396 sua:
642 3339 800 3393 sedis
847 3337 1108 3393 ecclesiae
1135 3337 1268 3406 jure
1296 3336 1639 3391 firmissimo
1688 3337 1958 3404 retinere,
1992 3336 2125 3389 licet

469 3430 530 3484 in
561 3429 693 3500 ipso
720 3427 814 3482 die
845 3426 1118 3481 introitus
1152 3424 1264 3491 sui,
1295 3425 1542 3496 quando
1591 3425 1787 3497 primo
1815 3427 1874 3478 in
1908 3421 2122 3477 festivi-

472 3522 588 3574 tate
619 3518 808 3572 sancti
836 3515 1058 3572 Martini
1090 3515 1150 3569 in
1181 3515 1380 3586 ipsam
1423 3514 1720 3570 civitatem
1768 3510 2122 3570 L‘euomani-

472 3624 606 3663 cam
637 3612 724 3663 est
743 3607 1074 3676 ingressus,
1100 3605 1232 3678 ipsa
1261 3603 1565 3676 inquisitio
1589 3606 1743 3659 facta
1767 3605 1993 3668 fuisset,
2021 3600 2124 3656 ubi

473 3702 530 3753 et
564 3701 738 3753 testes
791 3695 1001 3751 habuit
1036 3694 1141 3768 qui
1180 3693 1255 3749 ad
1281 3694 1381 3764 jus
1413 3693 1505 3748 sui
1538 3692 1763 3765 praeﬁxi
1809 3692 2122 3762 episcopa-

477 3791 568 3842 tus
597 3787 795 3860 ipsam
835 3785 1141 3842 abbatiam
1190 3781 1648 3839 testificaverunt
1697 3787 1875 3851 atque
1907 3779 2124 3833 contir-

475 3881 709 3932 mantes
740 3875 1018 3930 dixerunt
1059 3872 1227 3946 quod
1275 3873 1388 3927 sub
1443 3869 1852 3926 dominatione
1895 3873 1950 3922 et
1991 3868 2126 3937 jure

474 3965 704 4039 praefati
727 3965 1106 4037 episcOpatus
1127 3979 1256 4018 esse
1291 3961 1550 4018 deberet.
1587 3958 1956 4025 Privilegium
1984 3970 2126 4024 ergo

475 4053 643 4127 quod
671 4053 930 4108 domnus
977 4051 1308 4108 Domnulus
1340 4052 1413 4104 dc
1443 4047 1691 4121 praefata
1719 4046 1964 4100 abbatia
1995 4045 2130 4100 fecit

477 4145 723 4218 quando
781 4142 1097 4216 priefatum
1151 4139 1583 4197 monasterium
1638 4140 1694 4189 et
1736 4135 1861 4204 jam
1904 4134 2126 4189 dictam

477 4235 798 4305 Ecclesium
851 4234 926 4290 de
975 4234 1155 4288 rebus
1208 4247 1330 4285 suae
1387 4227 1543 4281 sedis
1599 4223 1867 4278 Ecclesiae
1898 4224 2124 4289 ditavit,

475 4324 607 4398 ipso
644 4331 907 4397 tempore
931 4323 1176 4379 minime
1198 4317 1460 4375 invenire
1486 4313 1694 4386 quivit,
1719 4312 1883 4385 quod
1907 4313 1959 4366 ei
1991 4318 2128 4368 tunc

478 4414 900 4471 absconditum
931 4411 1057 4468 fuit.
1090 4410 1202 4465 Sed
1231 4410 1629 4480 posteaquam
1654 4402 1797 4457 illud
1817 4402 1946 4472 jam
1969 4402 2129 4457 evin-

477 4503 743 4561 dicatum
772 4509 829 4560 et
858 4516 964 4574 per
992 4502 1360 4572 praeceptum
1403 4494 1828 4549 conﬁrmatum
1885 4508 2128 4548 monas-

479 4595 750 4650 teriolum
800 4588 1028 4652 habuit,
1056 4588 1258 4658 ipsum
1315 4581 1689 4656 privilegium
1733 4582 1985 4638 Domino
2029 4581 2133 4637 ad-

477 4682 863 4739 miniculante
887 4673 1148 4730 invenire
1180 4676 1237 4728 et
1270 4671 1521 4744 adipisci
1550 4671 1785 4726 meruit.
1818 4670 2042 4726 Idcirco
2069 4671 2131 4725 in

478 4771 592 4826 hoc
622 4765 916 4842 opusculo
960 4762 1316 4836 praedictum
1367 4760 1740 4834 privilegium
1766 4760 1941 4815 nobis
1973 4759 2130 4814 inse-

477 4873 605 4914 rere
634 4853 889 4927 placuit;
925 4857 989 4908 ut
1019 4852 1088 4918 si,
1119 4851 1284 4925 quod
1308 4850 1483 4918 absit,
1516 4849 1729 4906 futuris
1757 4848 2131 4922 temporibus

477 4949 552 5004 de
598 4959 755 5017 saepe
791 4943 922 5014 jam
977 4939 1137 4998 dicta
1173 4941 1418 4997 abbatia
1461 4940 1662 5014 aliqua
1710 4944 1962 5012 quaestio
2003 4942 2133 4994 orta

479 5035 652 5092 fuerit
681 5039 737 5089 et
779 5031 1098 5104 praafatum
1145 5029 1523 5103 privilegium
1573 5029 1775 5100 aliqua
1824 5029 2132 5084 machina-

479 5125 638 5180 tione
664 5127 768 5178 aut
796 5121 956 5177 malo
986 5119 1228 5191 ingenio
1262 5117 1478 5190 aliquis
1511 5115 1808 5172 occultare
1852 5116 2041 5181 vellet,
2069 5116 2132 5170 in

479 5213 595 5268 hoc
617 5209 910 5284 opusculo
941 5207 1248 5281 exemplar
1276 5206 1405 5277 ejus
1432 5203 1811 5266 inveniretur,
1842 5220 1978 5258 cum
2008 5219 2130 5274 quo

479 5304 537 5357 et
567 5299 843 5356 solatium
885 5297 1090 5354 ﬁdeles
1141 5293 1416 5367 ejusdem
1467 5297 1686 5349 sanctae
1739 5291 1838 5347 Dei
1869 5291 2130 5347 ecclesite

477 5388 788 5457 haberent,
811 5389 1066 5461 qualiter
1095 5387 1229 5459 ipsa
1257 5382 1502 5440 abbatia
1531 5398 1846 5455 nunquam
1869 5398 1904 5438 a
1919 5383 2054 5453 jure
2076 5385 2134 5436 et

480 5478 890 5536 dominatione
918 5476 1181 5550 praefatis
1202 5473 1463 5532 ecclesia
1492 5473 1726 5547 perdita
1748 5472 1934 5529 ﬁeret.
1958 5470 2129 5526 Simi-

479 5567 608 5624 liter
637 5575 692 5626 et
710 5567 1088 5643 privilegium
1109 5565 1275 5641 quod
1298 5566 1427 5638 jam
1453 5565 1648 5620 dictus
1674 5562 1936 5618 domnus
1959 5561 2132 5614 Dom-

479 5659 655 5716 nolus
684 5658 760 5716 de
806 5656 1078 5716 colonica
1114 5656 1194 5716 ad
1240 5653 1558 5715 ecclesiam
1599 5650 1798 5709 Sancti
1846 5647 2130 5707 Vincentii

2229 3070 2687 3136 Saturniacinse,
2719 3070 2857 3125 inde
2886 3069 3091 3141 pervia
3124 3071 3566 3126 Saturniacinse
3615 3072 3882 3142 pervenit

2229 3160 2306 3216 ad
2335 3163 2548 3214 vuacta
2578 3175 2772 3231 usque
2803 3174 3018 3229 campo
3075 3157 3306 3223 Daulfo,
3332 3158 3552 3213 deinde
3582 3175 3619 3214 a
3649 3159 3878 3216 broialo

2230 3248 2513 3303 Censurio
2548 3264 2738 3320 usque
2771 3247 2849 3302 ad
2878 3249 3131 3302 domum
3181 3250 3368 3312 Merae,
3400 3247 3540 3302 inde
3583 3249 3661 3304 ad
3716 3265 3878 3304 cam-

2233 3356 2379 3412 pum
2414 3338 2830 3404 Locogiacinse
2853 3335 3122 3407 pervenit
3149 3335 3226 3389 ab
3258 3335 3389 3407 ipso
3448 3338 3709 3392 Tricione
3741 3355 3878 3393 cum

2231 3427 2293 3480 id
2334 3425 2630 3497 quidquid
2677 3423 3008 3478 Mallaricus
3060 3422 3355 3478 Diaconus
3381 3429 3580 3476 noster
3611 3428 3880 3494 tempore

2233 3516 2365 3569 vitze
2425 3531 2548 3568 suae
2603 3511 3044 3568 usufructuario
3093 3510 3397 3584 possidere
3442 3510 3688 3575 videtur,
3736 3527 3873 3564 cum

2235 3604 2392 3674 agris
2421 3603 2626 3674 pratis,
2661 3601 2921 3674 pascuis,
2950 3602 3135 3670 silvis,
3167 3600 3339 3672 aquis
3365 3614 3731 3671 aquarumve
3776 3599 3878 3653 de-

2235 3693 2529 3760 cursibus,
2585 3708 2724 3746 cum
2772 3692 3089 3764 mancipiis
3129 3691 3219 3746 his
3257 3688 3622 3760 nominibus,
3654 3689 3882 3744 Leudo-

2236 3782 2419 3836 mado
2451 3797 2590 3836 cum
2620 3795 2805 3835 uxore
2837 3779 3224 3835 Leudomalla
3252 3782 3310 3834 et
3335 3777 3695 3833 infantulum
3736 3777 3886 3833 Lito-

2237 3871 2407 3939 meri,
2439 3868 2742 3935 Leudolfo,
2761 3869 2902 3925 item
2935 3868 3238 3934 Leudolfo,
3262 3866 3683 3932 Chariobandi,
3715 3867 3889 3923 Vino-

2237 3960 2412 4027 ﬂede,
2443 3964 2498 4016 et
2551 3958 2848 4028 Mogiane,
2895 3957 3058 4027 gregi
3087 3957 3310 4029 equino
3339 3971 3521 4029 quem
3577 3955 3890 4012 Allomeris

2238 4050 2392 4106 intra
2422 4049 2738 4105 terminum
2760 4048 2960 4120 ipsum
2995 4062 3390 4103 commanens
3412 4045 3708 4102 custodire
3735 4045 3894 4101 vide-

2239 4145 2417 4197 retur.
2445 4139 2727 4211 ldemque
2749 4143 2806 4194 et
2834 4137 2973 4193 villa
3001 4140 3345 4203 Fraxeneto,
3363 4152 3549 4208 quam
3570 4135 3748 4190 bonas
3771 4152 3893 4190 me-

2241 4230 2446 4286 moriae
2475 4232 2584 4300 Ap.
2618 4229 2932 4300 Presbyter
2961 4226 3166 4292 tenuit,
3215 4241 3355 4280 cum
3383 4224 3627 4279 broialis
3656 4224 3894 4280 Mareel-

2242 4319 2538 4382 liacensis,
2564 4333 2702 4372 cum
2729 4316 2939 4384 vineis,
2972 4315 3152 4377 silvis,
3179 4315 3385 4386 pratis,
3418 4313 3678 4385 pascuis,
3715 4313 3890 4385 aquis

2243 4422 2662 4480 aquarumque
2689 4403 3065 4466 decursibus,
3089 4419 3226 4458 cum
3250 4401 3467 4457 accolis
3489 4401 3699 4456 decem
3731 4417 3890 4456 com-

2242 4495 2627 4553 manentibus
2668 4494 2730 4551 in
2773 4510 2901 4550 rem
2933 4491 3222 4548 Ecclesiae.
3274 4490 3626 4562 Quicunque
3674 4505 3892 4561 oppor-

2240 4585 2369 4643 tuni
2397 4586 2474 4641 ad
2504 4585 2752 4640 domum
2777 4583 2973 4656 ipsam
3005 4581 3240 4648 fuerint,
3272 4595 3426 4650 quos
3457 4595 3564 4651 per
3593 4578 3671 4634 ad
3698 4579 3892 4646 signa-

2241 4675 2464 4731 tionem
2494 4672 2822 4729 Deudorico
2871 4670 3182 4726 defensore
3207 4667 3536 4740 perceperit
3583 4666 3890 4738 possiden-

2241 4764 2373 4828 dos,
2389 4779 2526 4818 cum
2553 4761 2870 4832 mancipiis
2891 4760 2984 4815 his
3007 4757 3354 4815 nominibus
3377 4760 3739 4821 Lanvoneto,
3764 4759 3892 4810 Fre-

2241 4851 2382 4907 dulo
2405 4866 2542 4906 cum
2564 4866 2745 4905 uxore
2769 4848 3010 4918 Taligia,
3031 4846 3281 4916 Sesulfo,
3296 4845 3532 4902 Castino
3550 4860 3686 4899 cum
3708 4857 3892 4896 uxore

2243 4937 2629 4996 Leudomalla
2659 4943 2714 4994 et
2743 4937 2865 4993 ﬁlio
2894 4934 3332 5006 Leudoghisilo,
3353 4950 3490 4989 cum
3513 4931 3634 4986 ﬁlia
3662 4927 3892 4984 Childe-

2241 5029 2462 5100 gundc,
2495 5029 2708 5100 Puppa
2737 5043 2876 5082 cum
2903 5025 3026 5080 ﬁlio
3057 5041 3168 5080 suo
3202 5021 3547 5096 Populonio,
3571 5034 3711 5074 cum
3739 5019 3892 5073 Leu-

2240 5116 2554 5173 domundo
2599 5121 2654 5170 et
2703 5113 3135 5171 Leudomanda
3163 5129 3304 5169 cum
3353 5107 3575 5166 libertis
3604 5106 3890 5163 omnibus

2240 5204 2503 5277 praedicti
2527 5202 2878 5275 presbyteri.
2898 5202 3028 5258 Pari
3045 5201 3230 5258 modo
3256 5197 3535 5257 etlocello
3557 5195 3639 5252 ad
3658 5196 3887 5260 Buccis,

2239 5309 2422 5366 quem
2453 5291 2528 5347 de
2550 5291 2772 5347 Eutelio
2792 5291 3144 5364 presbytero
3176 5289 3542 5361 accepimus,
3567 5302 3706 5342 cum
3727 5299 3898 5340 man-

2240 5380 2398 5453 cipia
2419 5379 2524 5454 qui
2551 5379 2775 5435 ibidem
2820 5378 3089 5436 excolere
3136 5375 3437 5446 videntur,
3469 5377 3712 5449 pratum
3740 5373 3899 5429 intra

2239 5469 2517 5525 vinarum
2533 5483 2719 5540 supra
2737 5467 2870 5539 ripa
2889 5465 3115 5524 Sarthm
3140 5481 3347 5523 secum
3368 5479 3551 5536 quem
3571 5459 3903 5517 Abundan-

2240 5559 2356 5614 tius
2385 5557 2478 5613 vel
2506 5559 2736 5612 actores
2766 5555 3037 5613 Ecclesia
3066 5555 3179 5612 visi
3199 5557 3339 5612 sunt
3364 5550 3630 5608 tenuisse
3662 5548 3901 5622 Chyldi-

2241 5645 2412 5718 gisilo
2451 5660 2660 5719 puero,
2692 5661 2833 5703 cum
2879 5649 3153 5704 armento
3200 5654 3489 5717 pecorum
3531 5653 3717 5712 quem
3763 5636 3901 5710 ipse
