4160 6182
204 215 268 268 41
1802 209 1858 263 Vl

1972 253 1996 266 ν.

205 332 501 390 custodire
527 332 789 398 videtur,
823 336 878 388 et
903 347 1116 404 campo
1147 332 1459 403 adjacente
1510 332 1587 388 ad
1633 347 1861 387 memo-
1890 336 1937 388 A
1969 333 2073 404 qui
2102 351 2366 406 praesens
2399 338 2571 394 fuerit
2598 339 2906 396 ordinatus
2934 342 3008 398 de
3034 342 3164 399 loco
3192 347 3442 416 praefato
3461 365 3624 406 com-

200 429 327 478 rato
355 427 532 494 prato
553 438 739 494 quem
771 426 976 476 nostro
997 438 1178 493 opere
1194 421 1468 490 fecimus,
1499 421 1861 478 Sescismun-

198 512 276 567 do
304 528 448 567 cum
475 527 660 566 uxore
717 527 829 566 sua
872 510 1121 566 Wiliare.
1183 515 1311 566 llzzec
1360 511 1566 567 omnia
1617 510 1864 583 quidem

201 617 308 673 per
332 601 493 655 hanc
523 599 810 672 paginam
843 599 1206 665 donationis,
1231 616 1415 672 quam
1445 599 1706 654 Aunulfo
1737 599 1867 654 dia-

199 705 360 744 cono
388 694 640 762 praerato
671 688 1034 744 unanimiter
1086 688 1432 758 rogavimus
1482 687 1864 744 conscriben-

210 778 372 845 dam,
404 783 635 834 constat
687 777 1020 846 delegasse,
1079 783 1426 849 nuncupata
1465 777 1712 832 basilica
1763 778 1867 832 ha-

205 866 356 935 beat,
389 872 608 933 teneat,
644 866 971 939 possideat,
1004 867 1349 938 quicunque
1377 866 1488 922 loci
1518 866 1707 938 ipsius
1735 865 1867 936 dig-

201 955 442 1012 nitatem
469 957 826 1030 perceperit,
852 957 987 1026 jure
1017 955 1394 1011 hiereditario
1446 954 1869 1028 perpetualiter

199 1044 436 1102 sibimet
460 1045 735 1102 vendicet
788 1044 1242 1118 possidendum.
1303 1044 1360 1100 Si
1421 1044 1543 1100 ullo
1595 1059 1867 1116 unquam

201 1138 464 1207 tempore
495 1141 603 1191 aut
628 1135 893 1207 pontifex
911 1134 1160 1190 civitatis
1177 1140 1278 1190 aut
1300 1133 1582 1206 quaslibet
1606 1148 1866 1206 persona

198 1240 236 1280 a
260 1224 434 1280 nobis
453 1226 686 1281 donata
703 1223 798 1279 vel
816 1223 1031 1279 tradita
1059 1224 1134 1279 de
1159 1223 1570 1280 dominatione
1604 1222 1866 1278 basilica:

200 1312 385 1386 ipsius
414 1314 765 1370 abstrahere
796 1313 1067 1382 voluerit,
1116 1312 1328 1368 induat
1385 1311 1866 1368 maledictionem

205 1414 311 1472 pro
338 1401 779 1470 benedictione,
811 1407 868 1457 et
899 1402 1132 1457 Domini
1162 1401 1352 1456 nostri
1373 1404 1510 1457 Jesu
1535 1400 1744 1456 Christi
1771 1398 1865 1455 'vel

210 1492 478 1546 omnium
510 1497 858 1547 sanctorum
886 1498 1223 1564 martyrum
1263 1491 1528 1546 incurrat
1549 1489 1865 1550 offensam,

214 1582 273 1632 et
297 1577 570 1634 voluntas
597 1584 801 1634 nostra
835 1579 1148 1652 perpetim,
1208 1578 1530 1634 auxiliante
1587 1576 1866 1641 Domino,

1971 425 2465 480 memorationem
2502 443 2700 482 meam
2759 429 2930 483 annis
2987 431 3236 500 singulis
3292 433 3620 508 adimplere

1971 515 2265 578 procuret.
2301 512 2439 568 ldeo
2461 513 2586 576 tibi,
2619 515 2891 570 Niviarde
2913 516 3182 588 diacone,
3225 535 3295 575 ac
3343 521 3624 580 defensor

1969 600 2186 652 nostrae
2217 593 2498 666 ecclesias,
2532 603 2732 658 indico
2789 608 2966 676 atque
3019 606 3201 675 jubeo
3248 612 3313 664 ut
3359 610 3474 667 hoc
3523 617 3628 670 tua

1973 683 2305 752 traditione,
2337 687 2506 743 sicuti
2536 706 2696 745 nunc
2719 707 2754 745 a
2784 691 2944 746 dicta
2970 692 3217 749 ecclesia
3266 697 3623 768 possidetur,

1972 786 2110 825 cum
2137 773 2303 828 omni
2339 774 2632 832 soliditate
2659 777 2752 832 vel
2774 778 3112 848 adjacentia
3143 782 3391 839 Suolevo
3419 785 3626 844 abbati

1972 857 2154 913 facias
2184 860 2551 931 consignari.
2595 866 2714 919 Hoc
2765 880 2907 920 vero
2964 865 3348 925 inserendum
3396 873 3626 945 rogavi,

1972 950 2038 1001 ut
2061 947 2164 1019 qui
2184 947 2470 1006 voluntati
2500 967 2648 1006 meaa
2679 951 2890 1008 obvius
2938 970 3067 1010 esse
3119 956 3389 1026 voluerit,
3442 961 3628 1017 male-

1972 1036 2290 1092 dictionem
2322 1038 2484 1095 illam
2513 1041 2775 1098 incurrat
2801 1058 2985 1114 quem
3017 1043 3311 1116 Propheta
3361 1047 3422 1102 in
3474 1049 3631 1122 psal-

1973 1139 2074 1178 mo
2106 1126 2216 1180 Clx
2240 1125 2594 1195 decantavit,
2628 1134 2682 1184 et
2712 1145 2976 1201 praesens
3007 1131 3229 1202 pagina
3254 1139 3496 1191 maneat
3538 1137 3632 1192 in-

1973 1211 2283 1281 convulsa,
2311 1229 2498 1285 quam
2549 1231 2659 1287 pro
2711 1216 2795 1271 rei
2851 1217 3093 1272 veritate
3142 1234 3330 1274 manu
3386 1223 3634 1295 propria

1973 1297 2304 1371 subscripsi
2326 1304 2383 1356 et
2413 1301 2651 1357 domnis
2669 1307 2725 1359 et
2749 1302 3032 1360 fratribus
3054 1305 3205 1361 meis
3236 1307 3632 1366 muniendam

1972 1386 2180 1455 rogavi
2213 1389 2540 1445 Domnolus
2573 1400 2851 1462 peccator
2907 1393 3256 1466 subscripsi.
3312 1395 3630 1453 Audoveus

1972 1479 2252 1545 peccator
2282 1475 2608 1549 subscripsi
2641 1484 2890 1548 rogante
2917 1479 3144 1536 domno
3167 1483 3459 1539 Domnolo
3505 1485 3631 1557 epi-

1975 1579 2181 1635 scopo.
2212 1564 2581 1620 Theodulfus
2602 1572 2880 1638 peccator
2931 1567 3275 1641 subscripsi.
3331 1571 3630 1628 Aimulfus

221 1666 408 1738 capiat
434 1666 794 1740 ﬁrmitatem,
841 1651 964 1723 Αηε
1009 1667 1224 1724 hmani
1285 1667 1436 1739 legis
1488 1666 1936 1736 indeuunemB
1973 1651 2286 1740 presbyter
2340 1653 2686 1726 subscripsi.
2714 1657 3074 1713 Leudoricus
3132 1658 3445 1732 presbyter
3495 1660 3633 1718 sub-

219 1754 447 1813 tionem.

268 1847 482 1900 Actum
535 1845 894 1903 Cenomanis
941 1845 1195 1914 civitate,
1254 1861 1416 1902 anno
1467 1861 1526 1900 x1
1575 1844 1866 1914 regnante

200 1931 431 1990 domini
460 1935 647 1991 nostri
676 1934 993 2007 Chilperici
1016 1934 1172 2004 regis
1223 1933 1414 2008 pridie
1467 1937 1666 1990 Nonas
1723 1934 1868 1988 Mar-

196 2021 330 2077 tias.
362 2024 406 2092 -ι-
430 2023 759 2080 Domnolus
784 2027 1068 2096 peccator
1109 2023 1480 2096 subscripsit.
1533 2025 1866 2080 Germanus

193 2116 502 2183 peccator,
551 2117 803 2184 rogante
857 2113 1014 2168 clero
1061 2112 1440 2181 Cenomanis,
1491 2109 1864 2182 subscripsit.

194 2197 490 2256 Dinamus
518 2207 802 2273 peccator
851 2201 1152 2256 consensit
1178 2205 1248 2265 et,
1263 2200 1631 2272 subscripsit.
1677 2200 1862 2254 Drau-

191 2287 318 2343 scio
339 2288 669 2359 presbyter
690 2288 1058 2360 subscripsit.
1086 2289 1415 2359 Injuriosus
1433 2291 1713 2360 peccator
1733 2287 1868 2343 sub-

189 2375 440 2447 scripsi.
469 2375 838 2447 Populonius
862 2377 1172 2449 presbyter
1194 2377 1467 2432 consensi
1494 2380 1550 2431 et
1575 2375 1868 2448 subscrip-

192 2463 256 2518 si.
293 2462 594 2518 Alloveus
628 2463 948 2536 presbyter
994 2479 1349 2519 consensum
1405 2469 1673 2520 nostrum
1723 2463 1860 2518 sub-

194 2552 458 2625 scripsit.
496 2553 723 2608 Setrius
771 2557 1054 2624 peccator
1100 2552 1370 2608 consensi
1402 2556 1458 2608 et
1513 2552 1858 2624 subscripsi.

195 2639 549 2696 Leudoveus
567 2638 885 2712 presbyter
912 2639 1255 2711 subscripsi.
1282 2640 1668 2696 Daunaredus
1691 2657 1858 2713 pres-

197 2728 368 2800 byter
401 2743 768 2785 consensum
800 2734 1074 2803 nostrum
1108 2729 1450 2802 subscripsi.
1484 2729 1859 2800 Frigimodus

199 2817 529 2889 presbyter,
557 2817 859 2873 Ursicinus
887 2816 1181 2873 diaconus
1202 2831 1561 2874 consensum
1582 2823 1860 2875 nostrum

201 2905 691 2978 subscripsimus.
724 2907 953 2961 Census
991 2905 1281 2962 diaconus
1328 2923 1692 2964 consensum
1746 2924 1859 2964 no—

1974 1739 2204 1812 scripsi.

2754 1831 2838 1888 IX.

2044 1913 2265 1970 Placuit
2293 1915 2471 1972 etiam
2512 1916 2573 1973 in
2603 1919 2718 1976 hoc
2775 1919 3068 1992 opusculo
3123 1921 3432 1995 exemplar
3481 1938 3631 1996 prte-

1973 2002 2124 2074 cepti
2153 2004 2320 2074 quod
2345 2004 2472 2075 jam
2505 2005 2698 2062 dictus
2747 2007 3016 2064 Aldricus
3075 2025 3112 2066 a
3154 2010 3380 2067 domno
3433 2011 3629 2068 Ludo-

1969 2089 2102 2145 vico
2155 2090 2421 2163 piissimo
2474 2093 2850 2166 imperatore,
2897 2097 3144 2168 quando
3200 2113 3294 2153 res
3345 2098 3420 2154 de
3472 2115 3631 2172 saepe

1969 2177 2127 2234 dicta
2153 2180 2340 2236 sancti
2369 2181 2659 2238 Vincentii
2697 2183 2939 2240 abbatia
2973 2189 3030 2241 et
3075 2186 3271 2256 ipsam
3321 2187 3630 2243 abbatiam

1969 2266 2065 2338 adj
2077 2267 2316 2324 udicare
2343 2272 2402 2324 et
2431 2269 2683 2342 adipisci
2715 2271 2949 2326 meruit.

1967 2375 2098 2430 Hoc
2122 2382 2486 2444 praeceptum
2527 2377 2700 2446 (Vide
2730 2377 3097 2447 Palrologia’
3129 2383 3284 2433 tomo
3314 2379 3473 2447 CIV,
3504 2382 3617 2437 col.

2186 2448 2343 2517 1217,
2399 2449 2559 2504 inter
2581 2449 2873 2505 Ludovici
2896 2450 2995 2504 Pii
3023 2450 3412 2519 Diplomata).

2768 2540 2828 2592 Χ.

2038 2639 2312 2695 Similiter
2340 2640 2401 2695 in
2425 2640 2540 2696 hac
2566 2641 2811 2697 scedula
2842 2641 2935 2698 vel
2966 2643 3025 2697 in
3057 2643 3172 2698 hoc
3229 2643 3427 2700 libello
3485 2645 3637 2702 inse-

1966 2744 2094 2783 rere
2119 2729 2345 2800 placuit
2373 2730 2680 2802 exemplar
2715 2731 2994 2802 praecepti
3025 2731 3192 2803 quod
3250 2734 3634 2806 supradictus

1971 2816 2235 2872 domnus
2262 2817 2535 2873 Aldricus
2563 2818 2637 2874 de
2662 2818 2798 2874 villa
2827 2835 2962 2891 quae
2997 2819 3266 2889 Brogilus
3295 2821 3389 2877 vel
3440 2825 3633 2878 Nova-

1969 2905 2112 2962 villa
2145 2906 2486 2962 nominatur
2515 2924 2652 2963 cum
2683 2908 2968 2964 omnibus
3000 2908 3078 2964 ad
3109 2926 3171 2965 se
3196 2911 3632 2981 pertinentibus

207 2999 389 3049 strum
414 2994 754 3067 subscripsi.
808 2995 1095 3050 Romolus
1135 2996 1424 3052 diaconus
1477 2996 1751 3052 consensi
1803 3000 1860 3052 et
1897 3033 1936 3088 C
1968 2998 2089 3050 tam
2119 2994 2336 3050 villulis
2381 3012 2567 3067 quam
2600 2997 2935 3068 mancipiis,
2990 2999 3112 3053 sive
3166 2998 3401 3053 reiculis
3453 3003 3633 3071 atque

210 3081 546 3156 subscripsi.
581 3083 821 3138 Daddus
852 3083 1148 3139 diaconus
1179 3100 1541 3141 consensum
1580 3090 1858 3140 nostrum
1903 3081 1936 3088 “
1967 3083 2302 3148 forestibus,
2333 3099 2568 3140 necnon
2599 3091 2655 3141 et
2679 3085 2961 3141 omnibus
2989 3085 3067 3141 ad
3112 3101 3212 3141 eas
3256 3088 3412 3156 juste
3460 3086 3634 3158 perti-

213 3169 549 3242 subscripsi.
585 3175 776 3227 Noxus
803 3172 1095 3228 diaconus
1154 3173 1499 3246 subscripsi.
1559 3175 1859 3231 Seuvove-

223 3257 364 3311 chus
391 3259 674 3315 diaconus
703 3262 970 3318 consensi
1002 3266 1058 3318 et
1090 3262 1440 3336 subscripsi.

956 3403 1105 3458 Vill.

210 3520 357 3594 Item
387 3522 692 3594 exemplar
712 3524 870 3594 quod
895 3525 1173 3580 dominus
1204 3525 1533 3581 Domnolus
1583 3526 1656 3582 de
1703 3528 1856 3583 villa

279 3591 481 3647 Canon
502 3592 618 3660 per
643 3591 988 3650 consensum
1019 3597 1444 3653 canonicorum
1485 3613 1727 3653 suorum
1773 3599 1856 3654 ad

271 3664 570 3719 ecclesiam
595 3665 808 3720 Sancti
840 3667 1134 3722 Vincentii
1153 3667 1322 3736 fecit.

277 3783 440 3838 Anno
466 3800 549 3840 xx
577 3785 747 3856 regni
773 3786 1006 3841 Domini
1033 3787 1223 3843 nostri
1281 3786 1588 3859 Chilperici
1643 3788 1856 3858 glorio-

213 3869 408 3928 sissimi
439 3875 620 3944 regis,
654 3874 846 3946 pridie
877 3879 1075 3932 Nonas
1110 3877 1496 3949 Septembris,
1524 3893 1636 3948 ego
1682 3882 1857 3934 Dom-

204 3960 361 4016 nolus
386 3962 452 4016 in
483 3963 694 4019 Christi
744 3965 990 4020 nomine
1043 3966 1360 4038 episcopus
1416 3983 1556 4022 cum
1617 3982 1857 4022 evocas-

195 4065 312 4105 sem
345 4050 579 4106 domno
610 4056 665 4107 et
689 4052 854 4109 fratri
884 4070 1020 4110 meo
1066 4055 1351 4111 Audoveo
1405 4055 1692 4128 episcopo
1746 4061 1858 4111 An-

191 4137 435 4210 degavae
480 4141 728 4197 civitatis
755 4143 995 4199 visitare
1022 4145 1240 4200 sanctis
1269 4144 1576 4200 liminibus
1622 4148 1859 4217 patroni

188 4227 508 4300 peculiaris
538 4230 656 4286 mei
676 4231 909 4287 Victorii
933 4232 1198 4306 episcopi
1223 4233 1345 4289 imo
1404 4238 1460 4289 et
1517 4233 1860 4289 solemniter

189 4316 377 4388 ipsius
408 4316 831 4390 celebrassem,
863 4336 1004 4376 cum
1051 4337 1350 4378 consensu
1405 4321 1678 4378 omnium
1741 4321 1861 4378 fra-

188 4409 348 4461 trum
371 4421 646 4462 meorum
674 4409 1184 4482 presbyterorum,
1216 4411 1362 4483 quia
1413 4413 1549 4466 ante
1609 4415 1854 4483 tempus

183 4498 612 4551 testamentum
641 4513 845 4554 meum
876 4499 1116 4556 condidi
1144 4504 1201 4556 et
1227 4500 1289 4555 in
1331 4501 1529 4572 ipsam
1577 4499 1857 4555 volunta-

185 4588 304 4639 tem
363 4600 566 4641 meam
623 4587 824 4643 adhuc
872 4603 998 4644 non
1053 4589 1365 4663 complevi,
1410 4589 1576 4662 quod
1649 4607 1854 4646 meum

187 4673 594 4746 conscriptum
627 4675 857 4732 videtur
886 4677 1021 4732 volo
1045 4677 1108 4732 in
1138 4678 1422 4734 omnibus
1446 4683 1850 4747 conservetur,

188 4766 244 4816 et
269 4761 396 4816 haec
425 4764 715 4834 paginola
748 4765 993 4836 plenum
1025 4767 1224 4840 capiat
1252 4773 1394 4839 opto
1423 4767 1626 4824 robur.
1683 4771 1851 4823 Dono

186 4848 442 4906 basilicae
467 4859 816 4908 sanctorum
853 4855 1135 4911 Vincentii
1180 4860 1237 4911 et
1279 4857 1601 4927 Laurentii,
1661 4873 1849 4929 quam

192 4952 320 4993 meo
348 4956 528 5012 opere
559 4943 863 4998 construxi
902 4949 959 4999 et
1014 4945 1306 5001 aedificavi
1354 4963 1466 5018 pro
1520 4946 1847 5001 salvatione

205 5025 433 5084 civitatis
457 5035 513 5086 et
540 5033 751 5104 populi
777 5032 1065 5089 collocavi
1097 5034 1429 5092 colonicam
1461 5035 1848 5106 cognomina-

199 5115 636 5189 tamCannono,
692 5139 833 5178 cum
891 5124 1072 5194 agris,
1102 5125 1308 5198 pratis,
1355 5126 1622 5198 pascuis,
1665 5125 1847 5197 silvis,

189 5201 397 5274 aquis,
429 5219 783 5277 aquarumve
812 5211 1187 5283 decursibus,
1222 5219 1280 5270 et
1303 5214 1666 5286 mancipiola
1722 5214 1846 5268 duo

182 5291 519 5349 Waldardo
548 5311 675 5354 cum
707 5317 895 5357 uxore
925 5318 1034 5358 sua
1091 5303 1185 5359 vel
1241 5304 1572 5361 infantibus
1635 5319 1845 5358 eorum

173 5381 279 5453 qui
304 5380 536 5439 ibidem
566 5401 723 5444 nunc
753 5406 1140 5447 commanere
1167 5392 1464 5463 videntur,
1499 5392 1577 5448 ab
1607 5391 1843 5447 hodier-

171 5484 252 5524 no
280 5469 378 5525 die
408 5472 732 5544 praedictus
762 5477 966 5533 Abbas
989 5479 1271 5536 antedicti
1296 5479 1410 5536 loci
1435 5480 1514 5536 ad
1545 5480 1840 5552 stipendia

167 5555 428 5613 fratrum
454 5569 823 5636 nuncupatas
879 5564 1140 5623 basilicae
1199 5567 1377 5623 faciat
1432 5583 1736 5639 revocare,
1787 5573 1844 5624 et

163 5646 378 5702 tamen
404 5652 546 5719 post
575 5650 813 5708 obitum
840 5665 1068 5725 meum,
1099 5655 1349 5729 quando
1381 5657 1537 5712 Deus
1573 5655 1840 5726 jusserit,

570 5740 809 5796 Parnm.
847 5742 998 5799 CXV.

1970 3173 2252 3229 nentibus
2275 3173 2544 3244 accipere
2575 3174 2836 3239 meruit;
2882 3177 2964 3238 ut,
3025 3173 3073 3225 si
3134 3188 3380 3226 necesse
3435 3173 3630 3240 fuerit,

1964 3259 2079 3315 hoc
2105 3260 2411 3331 exemplar
2439 3259 2650 3314 futuris
2669 3262 2958 3330 appareat
2976 3256 3254 3312 ﬁdelibus
3271 3257 3632 3331 praescriptas

1965 3348 2262 3419 Ecclesiae,
2294 3347 2548 3421 qualiter
2575 3346 2859 3404 omnibus
2891 3351 3100 3402 notum
3153 3347 3227 3403 sit
3280 3347 3629 3422 supradicta.

1964 3439 2254 3496 causatio.

2206 3519 2207 3522 “
2341 3527 2514 3600 (Vide
2540 3527 2644 3583 ubi
2665 3543 2880 3598 supra,
2916 3528 3028 3583 col.
3065 3529 3247 3600 1218.)

2742 3636 2828 3691 XI.

2035 3743 2282 3813 Insuper
2304 3741 2366 3796 in
2393 3742 2508 3798 hoc
2537 3740 2830 3813 opusculo
2860 3740 3179 3797 inscribere
3200 3740 3371 3798 libuit
3430 3758 3629 3800 exem-

1962 3829 2094 3902 plar
2122 3831 2401 3903 praecepti
2432 3831 2597 3904 quod
2629 3830 2983 3901 saepedictus
3009 3830 3279 3884 Aldricus
3333 3830 3406 3885 de
3453 3832 3630 3887 nonis

1963 3923 2021 3974 et
2047 3919 2294 3975 decimis
2328 3921 2417 3975 vel
2464 3918 2998 3974 restaurationibus
3057 3917 3443 3972 ecclesiarum
3500 3919 3624 3974 sive

1964 4008 2038 4063 de
2066 4009 2343 4064 censibus
2377 4012 2499 4064 tam
2529 4006 3029 4063 monasteriorum
3061 4022 3246 4078 quam
3274 4005 3624 4063 cellularum

1965 4102 2021 4152 et
2046 4096 2316 4152 villarum
2348 4114 2485 4169 quae
2509 4096 2818 4166 largitione
2848 4095 3013 4165 regia
3039 4095 3282 4151 vassalli
3337 4095 3624 4152 dominici

1967 4185 2234 4258 adipisci,
2261 4185 2397 4241 licet
2422 4185 2638 4258 injuste
2668 4191 2725 4240 et
2753 4190 2958 4240 contra
3002 4184 3356 4240 canonicam
3417 4189 3622 4240 aucto-

1966 4275 2216 4344 ritatem,
2294 4278 2658 4330 meruerunt.
2731 4278 2880 4330 Nam
2961 4274 3184 4330 oblatio
3233 4274 3501 4330 ﬁdelium
3542 4275 3621 4330 ab

1893 4379 1938 4432 1)
1968 4363 2262 4437 episcopis
2293 4369 2346 4419 et
2404 4365 2687 4420 ministris
2723 4381 2932 4421 eorum
2990 4364 3324 4421 secundum
3382 4365 3624 4421 canoni-

1966 4469 2101 4509 cam
2155 4453 2584 4510 institutionem
2640 4453 3056 4527 dispensanda
3121 4458 3177 4510 et
3225 4453 3623 4524 gubernanda

1962 4549 2068 4611 est,
2091 4560 2214 4600 non
2240 4560 2276 4600 a
2303 4544 2467 4600 laicis
2499 4548 2555 4598 et
2583 4544 2966 4600 saecularibus
2997 4543 3090 4600 vel
3141 4542 3308 4598 laicis
3365 4541 3622 4597 homini-

1957 4631 2073 4687 bus
2113 4633 2620 4705 przesumpserint,
2686 4633 2798 4687 sub
2849 4631 3246 4688 anathematis
3298 4628 3542 4682 nomine
3585 4643 3622 4683 a

1959 4722 2178 4777 sanctis
2202 4722 2469 4777 Patribus
2531 4721 2787 4776 districte
2835 4720 3141 4773 feriuntur.
3202 4715 3317 4768 Illis
3376 4730 3621 4787 quoque

1954 4811 2070 4866 hoc
2091 4811 2260 4866 valde
2290 4810 2629 4866 cavendum
2657 4813 2764 4873 est,
2798 4823 2872 4861 ne
2903 4821 3011 4876 pro
3045 4802 3480 4876 temporalibus
3510 4804 3622 4861 hu-

1949 4901 2050 4971 jus
2073 4899 2277 4954 saaculi
2310 4915 2346 4952 a
2371 4897 2594 4952 deliciis
2627 4894 2877 4950 caelestis
2917 4893 3085 4964 regni
3138 4898 3428 4966 perpetuo
3485 4895 3623 4953 alie-

1955 4988 2098 5058 nati,
2132 4985 2298 5058 quod
2324 4984 2498 5053 absit,
2523 4984 2693 5040 ﬁant.

2077 5095 2476 5164 (Praeceptum
2506 5093 2579 5148 de
2609 5108 2723 5164 quo
2753 5093 2959 5163 agitur
2985 5092 3117 5148 vide
3142 5091 3248 5147 ubi
3274 5105 3483 5161 supra,

2610 5167 2722 5220 col.
2761 5165 2942 5236 1219.)

2721 5275 2831 5326 Xll.

2026 5383 2252 5440 Placuit
2281 5381 2459 5438 etiam
2488 5379 2548 5434 in
2568 5379 2684 5435 hoc
2717 5379 2940 5451 scripto
2962 5377 3222 5435 inserere
3244 5376 3622 5450 exemplaria

1952 5477 2388 5547 praeceptorum
2409 5486 2546 5542 quae
2577 5467 2861 5540 praefatus
2887 5469 3148 5525 domnus
3177 5466 3476 5538 Aldricus,
3507 5482 3618 5521 sse-

1951 5563 2201 5636 pedictae
2233 5560 2396 5617 urbis
2423 5559 2769 5633 episc0pus,
2792 5557 2865 5613 de
2895 5557 3326 5614 monasteriolo
3385 5559 3618 5611 Sancta:

1951 5652 2143 5711 Mariae
2172 5650 2339 5724 quod
2367 5655 2456 5708 est
2482 5650 2663 5706 situm
2692 5647 2850 5705 intra
2872 5663 3117 5704 murum
3145 5644 3400 5703 civitatis
3421 5647 3479 5698 et
3505 5639 3618 5695 ﬂu.

3157 5739 3191 5788 2
