4160 6182
498 191 566 246 43
1563 179 1839 237 ALDRIGI
1879 146 2408 238 CENOMANBNSIS
2448 181 2789 239 EPlSCOPI.
3836 182 3911 237 Η

497 312 665 369 vium
684 309 907 368 Sarthee
937 308 1183 381 accepit,
1216 305 1383 379 quod
1412 305 1594 362 etiam
1637 304 1900 359 domnus
1959 302 2147 358 Ludo-
2180 308 2227 359 A
2256 302 2480 361 habere
2533 308 2780 377 queant.
2816 302 3112 360 Nonnulla
3158 300 3378 357 etenim
3438 300 3558 356 alia
3637 316 3922 376 praeceps.

497 401 667 458 vicus
689 399 1002 474 piissimus
1026 399 1353 470 imperator
1380 410 1627 477 propis,-
1658 408 1930 449 amorem
1961 391 2063 447 Dei
2095 394 2151 447 et

497 490 894 547 reverentiam
922 491 1269 544 sanctorum
1298 484 1421 538 sive
1468 492 1724 561 __wpter
1773 480 2149 537 dilectionem

497 583 557 636 et
608 594 878 637 amorem
932 573 1197 650 praedicti
1249 570 1502 628 Aldrici"
1515 574 1932 642 suprascriptae
1986 568 2150 623 urbis

497 684 587 743 Opi
601 668 765 741 scopi
787 666 865 723 ad
889 668 1141 720 matrem
1163 663 1221 717 et
1234 660 1488 717 civitatis
1512 659 1808 715 seniorem
1836 657 2149 714 ecclesiam

498 774 579 832 po
607 756 851 814 estative
870 757 927 808 et
953 750 1222 821 legaliter
1267 749 1530 807 tradidit.
1576 752 1770 815 Quam
1818 746 2150 803 antedictus

496 846 578 903 do
604 859 759 901 unus
781 839 1051 897 Aldricus
1070 838 1132 894 in
1164 839 1392 895 honore
1420 837 1654 893 Domini
1708 836 1895 892 nostri
1952 833 2152 891 Salva-

496 939 574 990 tor
609 949 637 987 s
664 934 801 987 Jesu
829 927 1045 985 Christi
1074 931 1132 984 et
1160 926 1434 999 ejusdem
1474 925 1771 997 genitricis
1786 925 1979 981 Marias
2025 924 2149 979 sive

497 1023 845 1077 sanctorum
874 1021 1213 1089 martyrum
1244 1016 1507 1072 Gervasii
1552 1018 1609 1071 et
1664 1013 1913 1070 Protasii
1971 1017 2150 1084 atque

493 1124 580 1166 sai
610 1108 685 1164 cti
708 1105 993 1178 Stephani
1019 1104 1348 1173 renovavit,
1368 1102 1827 1175 solemniterque
1844 1116 2152 1157 consecra-

492 1199 577 1254 vit
607 1202 785 1270 atque
810 1193 1232 1261 reconciliavit,
1256 1193 1632 1263 congregatis
1664 1192 1885 1248 scilicet
1925 1191 2149 1263 episco—

492 1286 582 1359 pis
617 1290 799 1357 atque
826 1281 1239 1340 sacerdotibus
1264 1281 1468 1337 multis
1501 1280 1803 1336 nobilibus
1852 1280 1975 1334 sive
2014 1278 2149 1334 reli-

493 1390 579 1447 qu
606 1390 630 1428 s
660 1372 869 1430 Christi
897 1376 957 1428 et
984 1374 1207 1426 saneta;
1233 1369 1334 1427 Dei
1360 1369 1632 1425 Ecclesiae
1674 1368 1976 1438 ministris,
2012 1382 2149 1421 cum

494 1478 587 1519 cor
615 1476 799 1518 sensu
826 1460 1099 1516 videlicet
1122 1458 1463 1515 absentium
1493 1457 1820 1514 multorum
1869 1462 1926 1512 et
1978 1456 2149 1511 innu-

494 1548 881 1607 merabilium
928 1547 1222 1604 nobilium
1302 1547 1721 1620 episcoporum
1798 1544 2147 1618 prtedictam

2258 391 2543 464 prtefatus
2569 393 2833 449 domnus
2860 392 3135 448 Aldricus
3163 390 3293 461 jam
3314 389 3488 445 dictas
3536 389 3706 446 urbis
3758 392 3920 464 epis-

2259 496 2449 553 copus
2481 482 2748 555 accipere
2774 498 2884 554 pro
2905 480 3199 536 firmitatis
3228 494 3415 535 causa
3468 478 3731 549 studuit,
3783 496 3921 553 quea

2258 570 2320 624 in
2344 570 2437 625 his
2458 570 2760 626 schedulis
2788 575 3029 642 propter
3053 567 3453 641 prolixitatem
3478 568 3575 623 vel
3601 567 3915 626 fastidium

2259 659 2632 716 audientium
2672 658 2766 714 vel
2789 657 3137 727 legentium,
3188 656 3311 713 sive
3355 657 3601 713 taedium
3650 659 3922 715 scriben-

2258 747 2430 818 tium,
2460 748 2718 805 inserere
2746 746 2993 803 ininime
3019 746 3214 803 libuit.

2331 926 2649 984 Prasdictus
2704 942 2949 999 quoque
2996 924 3292 996 Aldricus,
3362 924 3699 999 saepedictae
3751 928 3920 985 urbis

2258 1017 2597 1091 episcopus,
2652 1015 2890 1086 collegit
2942 1014 3230 1087 quazdam
3284 1013 3549 1085 capitula
3614 1030 3921 1074 canonum

2257 1106 2435 1162 valde
2462 1106 2629 1162 utilia
2652 1111 2708 1162 et
2760 1105 3121 1171 necessaria,
3147 1118 3283 1176 quas
3310 1119 3347 1159 a
3372 1102 3496 1158 suis
3528 1106 3919 1162 consacerdo-

2257 1195 2418 1251 tibus
2447 1194 2777 1267 saepissime
2803 1192 3062 1263 legenda
3099 1191 3221 1247 sive
3252 1190 3561 1247 memorias
3608 1198 3914 1249 coammens

2259 1283 2468 1340 danda
2497 1283 2717 1338 tribuit.
2749 1285 2832 1337 Ex
2858 1281 3081 1354 quibus
3131 1281 3293 1337 enim
3343 1281 3680 1337 canonibus
3735 1286 3913 1355 attice

2259 1372 2464 1428 edictis
2490 1375 2733 1427 Patrum
2762 1370 3014 1442 praifata
3043 1369 3308 1442 capitula
3339 1370 3586 1427 strictim
3633 1370 3915 1441 colligere

2258 1460 2509 1528 curavit,
2535 1461 2598 1516 in
2630 1477 2743 1516 suo
2768 1459 3065 1533 procemio
3103 1459 3441 1515 continetur
3464 1459 3771 1516 insertum.
3802 1461 3921 1516 Pri-

2257 1565 2360 1606 mo
2388 1562 2530 1605 vero
2560 1549 2798 1619 collegit
2826 1548 3095 1621 capitula
3125 1547 3421 1606 nonnulla
3474 1563 3549 1605 ex
3598 1547 3921 1605 duodecim

492 1654 594 1695 me
608 1642 751 1693 irem
803 1636 1120 1693 ecclesiam
1172 1636 1241 1690 in‘
1291 1634 1775 1708 supradictorum
1840 1632 2145 1689 memoriis
2187 1653 2227 1707 Β
2257 1638 2521 1695 conciliis
2553 1639 2679 1694 sive
2708 1654 2782 1694 ex
2810 1639 3062 1694 decretis
3094 1640 3383 1693 Romana
3405 1637 3564 1694 sedis
3613 1638 3923 1712 episcepo-

495 1742 851 1785 consecrare
904 1724 1245 1781 solemniter
1290 1741 1360 1780 ac
1416 1723 1854 1779 studiosissime
1909 1721 2143 1777 meruit.

492 1816 693 1872 Primo
731 1813 1030 1887 siquidem
1055 1815 1171 1869 hoc
1197 1813 1427 1886 accepit
1445 1816 1833 1885 praeceptum,
1856 1809 2148 1883 quoniam

492 1905 749 1978 putibat
771 1904 938 1977 quod
966 1902 1319 1975 praedictum
1367 1900 1861 1958 monasteriolum
1903 1898 2147 1954 donatio

490 2010 705 2065 regum
730 1998 789 2050 et
810 1994 993 2049 ﬁscus
1022 1997 1178 2049 esset
1194 1992 1647 2064 imperatorum.
1674 1990 1787 2047 Sed
1824 1994 2147 2061 postquam

491 2084 717 2141 invenit
745 2082 1093 2139 traditiones
1121 2085 1181 2137 et
1206 2081 1507 2154 precarias
1550 2080 1671 2136 sive
1730 2079 2037 2152 privilegia
2094 2081 2151 2132 et

493 2176 828 2229 stramenta
856 2171 1185 2227 multarum
1224 2171 1572 2226 chartarum
1600 2168 1980 2239 investigario
2027 2167 2149 2222 sive

492 2261 753 2318 armario
811 2258 1111 2333 praedictae
1162 2258 1446 2330 ecclesiae,
1521 2258 1777 2331 qualiter
1833 2256 2148 2329 praefatum

491 2347 996 2406 monasteriolum
1021 2348 1249 2404 Sanctae
1281 2347 1475 2404 Mariae
1506 2347 1585 2403 ad
1610 2348 1738 2418 jam
1769 2346 1994 2402 dictam
2019 2362 2148 2401 ma-

490 2442 642 2494 trem
671 2441 729 2493 et
756 2437 1007 2493 civitatis
1036 2437 1350 2492 ecclesiam
1378 2453 1413 2493 a
1444 2440 1563 2492 Deo
1588 2436 1817 2491 devotis
1854 2440 1910 2489 et
1950 2434 2150 2490 liberis

494 2532 674 2599 atque
699 2525 1002 2581 nobilibus
1031 2525 1344 2597 utriusque
1398 2541 1575 2579 sexus
1634 2523 1981 2579 hominibus
2038 2529 2151 2578 tra-

492 2615 686 2672 ditum
706 2614 918 2683 fuerat,
954 2613 1119 2670 aliud
1139 2613 1282 2669 inde
1310 2612 1539 2685 accepit
1567 2617 1959 2685 praeceptum,
1981 2612 2153 2667 sicuti

491 2705 555 2761 in
578 2721 650 2761 eo
676 2704 1012 2761 continetur
1039 2704 1352 2759 insertum.
1384 2702 1609 2758 Idcirco
1638 2702 1753 2758 hoc
1783 2702 1979 2757 facere
2036 2706 2153 2757 stu-

492 2792 623 2850 duit
640 2798 706 2849 ut
734 2792 804 2864 si,
831 2792 997 2864 quod
1043 2791 1217 2859 absit,
1272 2790 1486 2846 futuris
1535 2790 1903 2863 temporibus
1950 2790 2153 2862 aliqua

492 2899 567 2940 ex
588 2884 707 2939 hoc
727 2881 999 2939 causatio
1025 2886 1158 2938 orta
1184 2880 1381 2950 fuerit,
1411 2885 1471 2937 et
1515 2881 1803 2953 praedicta
1853 2884 2152 2953 praecepta

2253 1744 2412 1799 rum,
2443 1743 2705 1801 quorum
2737 1727 3150 1800 praefationem
3176 1726 3237 1782 in
3287 1727 3488 1800 prima
3535 1726 3733 1783 fronte
3768 1742 3921 1801 pre.

2252 1816 2396 1873 dicti
2417 1816 2614 1889 operis
2642 1816 2818 1873 valde
2848 1816 3052 1872 utilem
3078 1814 3299 1888 posuit.
3361 1818 3616 1872 Demum
3673 1830 3921 1889 quoque

2253 1922 2392 1980 quae
2414 1910 2746 1978 sequuntur
2772 1921 2845 1962 ex
2901 1905 3031 1961 aliis
3080 1904 3315 1975 collegit
3357 1905 3693 1962 canonibns
3739 1911 3921 1979 atque

2255 1995 2430 2052 dictis
2486 1997 2731 2050 Patrum
2784 1994 3160 2050 diversarum
3207 1992 3679 2065 provincia-rum,
3739 2000 3921 2068 atque

2258 2083 2553 2140 nonnulla
2573 2099 2645 2139 ex
2666 2084 2758 2139 his
2785 2100 2927 2139 eum
2957 2083 3087 2139 aliis
3113 2082 3509 2138 sanctissimis
3536 2088 3594 2139 et
3648 2084 3921 2141 doetissi-

2259 2175 2375 2231 mis
2399 2173 2773 2247 episcopisin
2799 2173 3051 2246 synodis
3080 2172 3298 2246 pariter
3328 2172 3543 2242 sanxit,
3573 2172 3696 2228 sive
3719 2188 3793 2230 ex
3823 2187 3919 2231 caa-

2256 2262 2463 2338 pitulis
2486 2262 3135 2319 Christianissimorum‘
3159 2262 3617 2333 imperatorum,
3637 2261 3703 2317 irr
3739 2277 3918 2334 syno-

2258 2351 2352 2407 dis
2400 2350 2827 2423 episcoporum
2893 2350 3149 2406 decretis
3187 2353 3314 2405 tam
3362 2353 3637 2423 tempore
3683 2350 3916 2420 Pippini

2258 2455 2442 2513 quam
2472 2444 2529 2495 et
2558 2439 2748 2495 Caroli
2775 2439 2897 2495 sive
2926 2438 3230 2508 Ludovici,
3261 2438 3417 2494 sicut
3437 2438 3495 2493 in
3550 2436 3909 2509 putationis

2258 2529 2372 2585 bus
2401 2528 2591 2601 ipsius
2620 2528 2804 2584 libelli
2826 2544 2863 2584 a
2885 2527 3200 2598 diligenter
3230 2525 3721 2597 investiganﬁbus
3746 2525 3912 2580 inve-

2259 2619 2371 2675 niri
2395 2622 2613 2691 potest.
2643 2617 3008 2690 Saepedictus
3031 2628 3278 2690 quoque
3305 2615 3575 2672 Aldricus
3594 2614 3915 2687 episcopus

2257 2708 2392 2763 fecit
2420 2707 2746 2777 tugurium,
2770 2707 2937 2780 quod
2955 2710 3012 2763 et
3031 2706 3324 2762 cibarium
3354 2704 3718 2767 nominatur,
3738 2716 3919 2775 super

2258 2796 2443 2853 altare
2465 2795 2703 2866 seniori,
2734 2796 2902 2868 quod
2928 2799 3017 2852 est
3039 2800 3363 2863 sacratum,
3387 2798 3454 2850 ut
3476 2793 3915 2866 praeﬁxumest,

2255 2885 2318 2942 in
2348 2886 2574 2942 honore
2604 2885 2837 2941 Domini
2867 2885 3187 2941 Salvatoris
3212 2891 3273 2941 et
3294 2887 3515 2941 sanctas
3545 2884 3648 2939 Dei
3675 2882 3916 2953 geniti-is

492 2973 697 3046 aliquo
727 2972 967 3063 ingenio
1000 2971 1207 3063 ablata
1246 2970 1341 3027 vel
1368 2970 1602 3063 perdita
1657 2969 2151 3063 fuerint,__exem-
2189 3008 2229 3063 ε
2258 2977 2341 3032 cis
2368 2976 2558 3033 Mariae
2590 2980 2768 3047 atque
2796 2979 3139 3030 sanctorum
3165 2976 3503 3045 martyrum
3550 2972 3806 3030 Gervasii
3860 2976 3917 3029 et

490 3062 686 3136 plaria
717 3061 1039 3119 amborum
1060 3061 1121 3117 in
1149 3060 1243 3117 his
1271 3061 1648 3133 reperiantur
1676 3059 1977 3116 schedulis
2003 3076 2150 3133 prm-

489 3156 823 3225 ceptorum,
849 3154 909 3207 et
950 3151 1013 3206 in
1058 3150 1175 3207 hoc
1220 3150 1604 3205 inveniantur
1657 3148 1880 3204 inserta
1925 3148 2146 3218 libello,

487 3245 789 3314 quatenus
821 3255 895 3295 ex
920 3239 1036 3295 hoc
1065 3242 1484 3311 procuratores
1510 3237 1639 3308 jam
1670 3236 1842 3293 dictae
1868 3237 2027 3293 sedis
2051 3254 2146 3294 ec—

489 3329 702 3398 clesiae,
735 3330 785 3385 si
814 3328 1138 3384 necessitas
1168 3326 1361 3395 fuerit,
1415 3326 1779 3397 adiutorium
1805 3331 1861 3383 et
1910 3342 2145 3400 recupe-

487 3418 785 3475 rationem
814 3416 1039 3473 habere
1061 3414 1325 3472 valeant.

740 3505 916 3579 (Vide
939 3504 1045 3561 ubi
1071 3520 1280 3575 supra,
1312 3506 1425 3561 σοι.
1476 3505 1608 3563 1255
1639 3509 1695 3563 et
1725 3507 1899 3578 l256.)

1250 3596 1388 3652 XIII.

561 3688 665 3743 His
718 3690 808 3743 est
880 3684 1267 3741 inserendum
1324 3684 1465 3740 item
1512 3684 1824 3756 exemplar
1866 3686 2145 3756 praecepti

487 3776 659 3851 quod
688 3775 1043 3848 saepedictus
1076 3774 1337 3830 domnus
1357 3773 1627 3830 Aldricus
1653 3774 1727 3830 de
1756 3773 1937 3829 rebus
1962 3777 2020 3828 et
2071 3772 2147 3827 de

484 3863 929 3923 monasteriolis
958 3864 1080 3919 sive
1105 3862 1328 3919 cellulis
1360 3867 1539 3936 atque
1584 3863 1750 3933 vicis,
1806 3878 2043 3918 necnon
2091 3865 2148 3918 et

483 3954 702 4011 villulis
735 3952 1036 4025 sigillatim
1092 3951 1418 4008 nominatis
1481 3951 1595 4008 sub
1649 3950 1992 4007 emunitatis
2040 3950 2148 4006 tui-

485 4043 643 4118 tione
666 4046 724 4098 et
755 4041 1187 4112 gubernatione
1238 4057 1360 4096 suae
1420 4040 1580 4096 sedis
1630 4039 1911 4110 ecclesiae,
1958 4055 2147 4112 quam

480 4131 882 4199 reaediﬁcavit,
914 4135 971 4187 et
996 4130 1171 4204 quasi
1198 4146 1235 4186 a
1283 4146 1444 4185 novo
1499 4128 1777 4185 restruxit
1825 4134 2001 4202 atque
2059 4128 2145 4183 in-

482 4220 835 4288 melioravit,
887 4219 1434 4292 immajoravitque,
1475 4223 1532 4276 et
1575 4218 1637 4274 in
1681 4219 1911 4274 honore
1954 4218 2144 4274 sancti

481 4310 719 4367 Domini
745 4309 1069 4367 Salvatoris
1099 4314 1157 4365 et
1172 4309 1367 4365 beatae
1407 4307 1681 4379 ejusdem
1713 4308 1813 4363 Dei
1844 4307 2141 4379 genitricis

479 4399 675 4457 Marias
734 4403 914 4473 atque
964 4402 1313 4454 sanctorum
1379 4401 1717 4470 martyrum
1774 4395 2035 4453 Gervasii
2085 4400 2143 4451 et

477 4489 733 4547 Protasii
761 4490 884 4545 sive
914 4488 1107 4546 sancti
1140 4487 1427 4559 Stephani
1458 4484 1802 4542 solemniter
1830 4501 2140 4542 consecra-

474 4579 578 4648 vit,
611 4582 669 4635 et
687 4583 1055 4651 praeceptum
1080 4576 1249 4632 istius
1278 4574 1639 4646 exemplaris
1671 4590 1709 4629 a
1751 4573 1978 4631 domno
2035 4576 2141 4630 Lu-

473 4666 689 4726 dovico
719 4667 993 4741 piissimo
1017 4668 1377 4739 imperatore
1408 4663 1713 4736 percipere
1758 4663 1996 4730 meruit,
2058 4662 2136 4719 si-

471 4761 572 4813 cut
601 4756 663 4812 in
693 4772 764 4813 eo
795 4755 1131 4813 continetur
1180 4754 1490 4810 insertum.
1548 4752 1636 4809 Ita
1684 4752 1906 4809 etenim
1940 4751 2003 4807 in
2065 4767 2136 4809 eo

468 4844 728 4904 habetur
750 4846 1059 4919 scriptum.

854 4933 1032 5004 (Vide
1059 4931 1165 4989 ubi
1189 4948 1399 5004 supra,
1428 4932 1542 4991 col.
1577 4934 1763 5003 1257.)

1238 5022 1369 5076 XIV.

539 5114 827 5172 Praedicta
847 5125 1090 5186 quoque
1118 5113 1421 5182 praecepta
1446 5107 1508 5163 in
1533 5109 1646 5165 hoc
1673 5110 1967 5180 opusculo
1997 5108 2134 5167 ideo

466 5204 727 5261 inserere
755 5200 985 5276 placuit
1011 5203 1096 5266 ut,
1123 5197 1274 5254 sicut
1293 5197 1523 5254 dictum
1545 5203 1652 5269 est,
1687 5196 1738 5252 si
1776 5197 1987 5253 futuris
2033 5202 2138 5255 aut

467 5292 775 5349 modernis
795 5289 872 5345 de
891 5286 1251 5360 supradictis
1281 5286 1461 5342 rebus
1495 5286 1702 5361 aliqua
1730 5286 1981 5359 quaestio
2003 5292 2135 5344 orta

462 5378 657 5451 fuerit,
687 5374 1059 5451 exemplaria
1080 5376 1519 5433 antedictorum
1544 5378 1606 5433 in
1635 5378 1751 5433 hoc
1788 5375 1988 5433 libello
2044 5377 2133 5433 in-

2258 3065 2506 3122 Protasii
2535 3064 2661 3120 sive
2685 3063 2870 3119 sancti
2902 3062 3184 3133 Stephani
3227 3076 3466 3118 necnon
3518 3068 3579 3118 et
3623 3061 3802 3118 simul
3852 3061 3913 3116 in

2256 3153 2633 3211 veneratione
2663 3151 2963 3207 ethonore
2983 3150 3258 3205 omnium
3287 3154 3660 3207 sanctorum.
3714 3155 3910 3225 Ipsum

2256 3244 2417 3299 enim
2455 3240 2745 3297 ciborium
2800 3242 2857 3294 et
2908 3241 3156 3307 argento
3205 3236 3476 3309 miriﬁce,
3532 3238 3687 3295 sicut
3736 3238 3914 3294 hodie

2256 3336 2524 3404 apparet,
2556 3328 2847 3386 fabricare
2880 3325 3107 3381 studuit
3134 3344 3149 3393 ;
3176 3326 3238 3382 in
3292 3342 3413 3399 quo
3456 3332 3514 3384 et
3550 3344 3771 3384 cennas
3817 3343 3912 3382 ar-

2257 3424 2499 3489 genteas
2531 3423 2587 3471 et
2615 3418 2936 3470 deauratas
2963 3415 3223 3487 desuper
3251 3413 3547 3482 conﬁgere
3605 3417 3911 3487 praecepit,

2256 3507 2407 3562 sicut
2435 3507 2727 3560 hactenus
2758 3519 2795 3559 a
2823 3501 3323 3576 conspicientibus
3348 3500 3701 3573 praedictum
3748 3518 3907 3573 opus

2255 3595 2507 3652 videtur.
2540 3593 2684 3648 Hinc
2710 3596 2977 3666 namque
3007 3593 3143 3649 fecit
3167 3591 3229 3647 in
3247 3590 3378 3646 loco
3407 3589 3467 3644 in
3486 3603 3607 3663 quo
3637 3588 3780 3644 olim
3811 3600 3908 3646 ca-

2255 3702 2362 3741 nes
2391 3690 2447 3739 et
2475 3683 2811 3739 meretrices
2843 3683 2968 3738 sive
3011 3681 3273 3737 latrones
3322 3679 3590 3736 habitare
3634 3677 3909 3735 solebant

2258 3773 2688 3831 monasterium
2714 3789 2898 3846 supra
2937 3771 3191 3828 ﬂuvium
3252 3770 3474 3828 Sarthae
3528 3768 3803 3825 milliaria
3855 3772 3915 3826 et

2257 3863 2437 3919 semis
2464 3879 2499 3919 a
2526 3863 2654 3935 jam
2684 3862 2843 3917 dicta
2873 3860 3019 3916 urbe
3048 3860 3304 3916 distante
3332 3858 3394 3914 in
3449 3859 3675 3914 honore
3724 3856 3917 3913 sancti

2259 3952 2579 4011 Salvatoris
2609 3955 2665 4007 et
2695 3953 2914 4006 sanctae
2940 3949 3041 4003 Dei
3068 3948 3366 4019 genitricis
3392 3947 3582 4005 Mariae
3604 3950 3660 4003 et
3680 3951 3918 4005 sancto-

2256 4058 2392 4098 rum
2423 4046 2758 4113 martyrum
2789 4036 3092 4110 Stephani,
3124 4036 3406 4105 Gervasii,
3440 4040 3496 4093 et
3523 4036 3792 4104 Protasii,
3826 4041 3917 4093 at-

2255 4146 2373 4204 que
2399 4130 2671 4187 omnium
2702 4131 3070 4195 sanctorum,
3102 4126 3163 4181 in
3214 4141 3339 4199 quo
3394 4129 3451 4181 et
3492 4125 3914 4182 dormitorium

2255 4236 2485 4278 novum
2515 4220 2793 4275 decenter
2812 4216 3216 4289 compositum
3244 4213 3399 4285 fecit,
3432 4216 3489 4269 et
3518 4214 3579 4269 in
3604 4214 3741 4287 ipso
3772 4214 3914 4270 dor-
3998 4228 4007 4237 “

2256 4310 2494 4367 mitorio
2525 4308 2803 4365 absidam
2832 4307 2899 4362 in'
2925 4304 3194 4362 orientali
3217 4306 3386 4377 parte
3435 4302 3685 4359 miriﬁce
3731 4312 3913 4359 cons-

2256 4400 2454 4468 truxit,
2485 4402 2541 4455 et
2571 4398 2631 4453 in
2660 4410 2732 4453 ea
2752 4395 2934 4452 altare
2962 4392 3293 4451 construxit
3318 4395 3373 4448 et
3428 4392 3619 4448 erexit
3644 4409 3657 4460 ;
3714 4391 3925 4464 ipsam:

2252 4504 2394 4545 vero
2422 4486 2724 4557 absidem,
2758 4490 2883 4541 una
2906 4500 3044 4540 cum
3070 4481 3355 4557 praedicto
3386 4480 3570 4537 altare
3606 4478 3669 4535 in
3717 4480 3815 4535 die
3853 4488 3917 4536 iv

2252 4578 2467 4633 Iduum
2497 4574 2860 4649 Septembris
2885 4588 3009 4629 una
3030 4587 3169 4628 cum
3193 4570 3319 4627 suis
3346 4568 3611 4642 reliquiis
3631 4569 3691 4623 in
3721 4568 3918 4624 hono-

2250 4683 2314 4723 re
2345 4666 2534 4723 sancti
2564 4663 2858 4721 Benedicti
2885 4661 3240 4719 confessoris
3286 4658 3582 4733 prmeipui
3627 4657 3915 4713 solemni-

2250 4761 2338 4813 ter
2356 4754 2727 4812 consecravit
2761 4756 2855 4823 ;et
2904 4751 3007 4807 ubi
3056 4755 3233 4808 antea
3282 4748 3531 4805 latratus
3590 4760 3815 4803 canum
3856 4751 3919 4803 et

2249 4844 2511 4902 ululatus
2538 4858 2877 4918 pauperum
2924 4840 3029 4915 qui
3058 4856 3095 4897 a
3133 4838 3466 4896 latronibus
3487 4836 3633 4893 inibi
3674 4832 3913 4889 inhabi-

2247 4934 2511 4992 tantibus
2541 4931 3031 5007 exspoliabantur
3078 4927 3466 4996 resonabant,
3508 4925 3589 4983 ibi
3642 4923 3918 4995 hymnos

2250 5026 2552 5095 angelicos
2582 5029 2638 5080 et
2658 5020 3040 5097 propheticos
3082 5020 3222 5077 sive:
3270 5022 3615 5075 creterarum
3670 5010 3918 5070 divina-

2244 5129 2381 5170 rum
2416 5113 2854 5184 Scripturarum
2893 5109 3102 5166 laudes
3140 5110 3460 5165 decantare
3515 5107 3577 5161 et
3625 5106 3925 5158 resonare

2248 5202 2343 5259 die
2373 5203 2676 5273 noctuque
2703 5199 2958 5257 Domino
2989 5198 3312 5254 constituit.
3349 5196 3503 5255 Fecit
3558 5206 3805 5268 quoque
3852 5194 3921 5248 in‘

2247 5291 2379 5365 ipso
2404 5290 2768 5347 monasterio
2815 5287 3195 5344 refectorium
3243 5301 3470 5343 novum
3524 5289 3582 5342 et
3634 5280 3919 5339 nobiliter

2244 5378 2673 5452 compositum,
2704 5381 2761 5435 et
2782 5381 2995 5433 caetera
3023 5374 3263 5432 ofﬁcina
3289 5374 3564 5443 fratrum,
3598 5377 3721 5430 tam
3741 5369 3922 5428 cella-

461 5469 783 5527 veniantur
811 5470 1035 5525 inserta
1063 5471 1506 5541 praeceptorum
1537 5471 1876 5540 ;quatenus
1906 5484 2013 5540 per
2058 5482 2130 5525 ea
2241 5470 2330 5526 ria
2360 5484 2549 5541 quam
2584 5473 2641 5523 et
2668 5468 2785 5524 alia
2839 5464 3081 5521 ofﬁcina
3127 5465 3478 5523 mirabiliter
3526 5466 3582 5518 et
3637 5462 3924 5518 decenter

459 5558 668 5618 ﬁdeles
696 5558 1123 5633 suprascripta:
1150 5557 1421 5614 ecclesiae
1450 5562 1506 5615 et
1534 5563 1794 5615 rectores
1822 5562 2001 5632 atque
2026 5572 2131 5629 gu-

458 5649 806 5711 bernatOres
824 5648 1101 5723 ejusdem
1122 5663 1196 5707 ex
1220 5646 1313 5709 his
1327 5648 1713 5724 exemplariis
1754 5647 2124 5721 adiutorium

2241 5557 2571 5616 construxit
2596 5561 2653 5614 et
2682 5556 3365 5628 regulariterordinavit,
3379 5551 3819 5624 monachisque
3838 5552 3921 5609 ad

2243 5645 2711 5709 inhabitandam
2744 5645 3129 5708 contt‘adidit.
3143 5651 3214 5703 1n
3223 5645 3510 5718 ipsoergo
3519 5639 3929 5703 locO'Gatbnd‘:
