4160 6182
543 193 611 245 47

1644 170 1922 229 ALDRICI
1962 159 2511 223 CENOMANENSIS
2549 161 2869 219 EPISCOPI
3911 171 3987 226 ιε

541 309 830 386 pradictis
853 305 1157 365 canonicis
1191 307 1248 358 et
1297 301 1396 355 Dei
1443 298 1628 354 servis
1681 295 1858 351 matri
1897 297 1954 349 et
1983 287 2201 346 seniori
2241 288 2288 342 A
2317 283 2598 386 ecclesia),
2631 301 2818 356 quam
2850 284 3005 341 infra
3035 283 3362 340 claustrum
3393 285 3826 344 canonicorum
3851 289 3986 360 jam

545 378 800 460 civitatis
824 397 1086 454 ecclesiae
1125 388 1563 449 famulantibus
1595 385 1727 441 dari
1760 384 1834 440 de
1886 383 2016 454 jam
2047 378 2206 434 dicto

546 489 922 550 monasterio
951 483 1138 542 sancti
1174 478 1495 538 Salvatoris
1516 477 1590 531 de
1635 490 1794 547 pane
1822 472 2049 545 optimo
2081 481 2209 522 mo-

542 583 676 638 dios
710 584 989 652 quatuor,
1025 577 1078 628 ct
1130 571 1204 625 de
1253 568 1393 622 vino
1424 565 1651 637 optimo
1702 561 1938 618 modios
1967 564 2110 625 tres,
2153 570 2211 625 et

548 687 814 745 quarum
841 668 913 721 de
944 662 1182 736 potione
1214 657 1465 729 optima,
1493 655 1811 723 friscingas
1841 666 1983 706 vero
2007 659 2208 702 verve-

541 733 708 817 cinas
738 758 891 813 duas
943 733 997 806 et
1048 747 1328 821 porcinas
1380 744 1644 799 similiter
1674 742 1848 798 duas.
1897 733 2207 794 Constituit
2252 785 2256 789 ,

541 850 718 906 etiam
774 848 837 898 ut
861 843 992 912 jam
1050 837 1190 892 dicti
1221 833 1496 890 canonici
1549 831 1800 905 pleniter
1829 834 1886 886 et
1924 828 2202 883 decenter

537 936 806 992 venirent
857 945 998 984 cum
1024 924 1366 999 psallentio,
1399 921 1460 977 id
1490 925 1577 976 est
1629 936 1768 976 cum
1821 915 2098 974 crucibus
2143 915 2201 966 et

535 1022 780 1096 reliquis
810 1016 1027 1074 divinis
1067 1013 1375 1085 obsequiis
1407 1016 1464 1067 et
1492 1007 1890 1074 ornamentis,
1921 1008 1986 1060 ut
2013 1003 2199 1066 decet,

534 1089 842 1171 nobilibus
877 1106 954 1161 ad
1009 1119 1296 1175 vesperas
1329 1104 1385 1156 et
1415 1099 1647 1169 vigilias
1677 1097 1807 1169 jam
1845 1095 2017 1150 dictae
2049 1089 2201 1146 festi-

532 1201 730 1258 vitatis
761 1202 817 1253 et
858 1191 1251 1251 dedicationis
1303 1189 1535 1245 Domini
1578 1184 1900 1242 Salvatoris
1927 1185 1983 1237 et
2010 1179 2199 1252 ipsius

534 1285 887 1348 monasterii
911 1281 1194 1349 ecclesia,
1214 1281 1273 1335 in
1295 1295 1420 1352 qua
1451 1283 1570 1334 tam
1586 1271 1984 1347 vespertinale
2010 1284 2199 1342 quam

537 1385 594 1437 et
623 1373 974 1433 matutinale
1031 1387 1139 1426 seu
1191 1368 1437 1425 missale
1488 1365 1754 1422 ofﬁcium
1803 1357 2198 1417 dedicationis

538 1466 829 1530 ecclesiae,
860 1463 1010 1517 sicut
1033 1461 1094 1515 in
1127 1455 1594 1514 sacramentario
1625 1457 1682 1509 et
1709 1448 2055 1508 lectionario
2076 1446 2199 1502 sive

541 1552 964 1630 antiphonario
991 1555 1168 1623 atque
1216 1549 1277 1603 in
1327 1545 1552 1602 czeteris
1584 1546 1930 1599 sanctorum
1959 1541 2200 1592 Patrum

2316 372 2508 428 dictus
2534 373 2804 429 Aldricus
2827 375 3148 447 episcopus
3169 390 3204 428 a
3230 389 3389 428 novo
3414 376 3762 446 construxit,
3782 378 3988 435 decre-

2316 464 2444 516 tum
2466 466 2554 517 est
2581 467 2646 517 ut
2673 463 2939 535 praedicti
2970 462 3242 520 canonici
3272 466 3329 517 et
3355 462 3545 535 ipsius
3587 464 3841 522 civitatis
3879 469 3987 525 Dei

2317 551 2469 605 servi
2499 555 2555 606 et
2581 552 2914 608 suburbani
2954 569 3165 608 omnes
3205 551 3543 624 presbyteri
3569 558 3625 609 et
3655 555 3853 612 clerici
3899 559 3979 614 ad

2313 639 2510 711 ipsam
2560 641 2996 696 solemnitatem
3032 641 3429 696 dedicationis
3481 642 3746 699 ecclesiae
3788 648 3984 703 sancti

2317 729 2599 801 Stephani
2625 746 2802 786 mane
2827 729 3026 802 prima
3059 729 3316 785 revestiti
3339 731 3784 805 convenientes,
3799 752 3986 791 unus-

2313 817 2568 890 quisque
2599 819 2879 875 sacerdos
2909 819 2969 874 in
2999 819 3132 891 ipsa
3162 819 3412 875 ecclesia
3441 836 3551 892 pro
3585 822 3789 879 anima
3821 839 3983 896 praa-

2312 906 2450 962 dicti
2479 906 2696 964 Aldrici
2742 908 3038 980 pontiﬁcis
3065 912 3261 966 cantet
3293 909 3542 965 missam
3577 927 3761 968 unam
3793 931 3807 979 ;
3842 917 3900 970 et
3931 924 3984 978 si

2311 995 2571 1068 amplius
2602 997 2871 1065 voluerit,
2900 999 2960 1052 in
2989 997 3180 1069 ipsius
3212 1000 3321 1053 erit
3371 997 3739 1068 benignitate
3786 1006 3842 1057 et
3871 1019 3983 1074 po-

2309 1089 2517 1142 testate
2547 1091 2611 1142 ut
2637 1086 2831 1143 faciat.
2859 1091 2926 1142 Et
2955 1087 3371 1160 unusquisque
3421 1087 3670 1145 clericus
3703 1091 3980 1162 psalmos

2309 1175 2746 1248 quinquaginta
2771 1196 2783 1243 ;
2816 1182 2871 1232 et
2903 1177 2949 1232 si
2983 1177 3242 1249 amplius
3271 1177 3539 1245 voluerit,
3569 1179 3632 1234 in
3657 1179 3841 1252 ipsius
3862 1183 3950 1237 eri

2309 1263 2673 1333 benignitate
2705 1271 2760 1321 et
2799 1265 3207 1321 misericordia
3256 1266 3380 1322 sine
3410 1269 3889 1326 remuneratione
3920 1276 3982 1328 et

2309 1357 2620 1424 potestate,
2653 1361 2892 1410 orantes
2937 1361 2994 1411 et
3044 1355 3436 1428 deprecantes
3469 1358 3704 1413 Domini
3734 1359 3973 1414 miseri-

2311 1443 2580 1498 cordiam
2611 1443 2830 1499 obnixe
2882 1449 2946 1499 ut
2976 1444 3179 1500 anima
3208 1444 3396 1516 ipsius
3439 1445 3658 1502 Aldrici
3710 1448 3981 1521 episcopi

2311 1532 2507 1603 quiete
2536 1537 2758 1588 aeterna
2787 1532 2902 1588 frui
2918 1533 3131 1602 valeat,
3160 1539 3217 1589 et
3245 1534 3514 1606 requiem
3543 1538 3978 1608 sempiternam

539 1623 821 1705 institutis
870 1646 927 1697 et
953 1637 1387 1696 rationabiliter
1417 1631 1707 1690 ordinatis
1739 1647 1775 1686 a
1803 1625 2201 1701 prudentibus
2234 1641 2273 1694 Β
2313 1637 2436 1676 una
2465 1638 2602 1678 cum
2634 1623 2852 1678 sanctis
2883 1628 2939 1680 et
2992 1624 3190 1680 electis
3232 1624 3330 1679 Dei
3374 1625 3596 1682 habere
3651 1632 3976 1684 mereatur.

539 1738 765 1790 sanctae
799 1730 901 1787 Dei
933 1728 1204 1784 Ecclesiae
1254 1722 1582 1780 cultoribus
1614 1718 1930 1784 invenitur,
1966 1717 2201 1784 agatur,

540 1828 596 1879 et
626 1820 879 1894 pleniter
919 1817 1318 1885 decenterque
1349 1814 1405 1866 et
1430 1805 1859 1894 rationabiliter
1899 1807 2077 1894 atque
2110 1815 2205 1894 so?

534 1889 815 1978 lemniter
845 1921 968 1960 una
994 1919 1133 1958 cum
1163 1898 1476 1956 monachis
1499 1895 1723 1952 ibidem
1763 1889 2118 1961 degentibus
2150 1889 2206 1941 et

540 1975 794 2053 Domino
842 1988 1278 2049 famulantibus
1337 1983 1726 2041 devotissime
1783 1979 1861 2034 ab
1889 1975 2179 2034 omnibus

538 2084 945 2159 perﬁciantur,
968 2083 1025 2134 et
1052 2082 1192 2150 post
1219 2089 1508 2147 vesperas
1562 2071 1620 2125 in
1663 2068 1853 2140 ipsius
1883 2061 2204 2158 dedicatio-

538 2149 632 2228 nis
662 2170 865 2239 vigilia
892 2149 1161 2240 praedicti
1214 2160 1485 2218 canonici
1514 2159 1574 2213 in
1619 2153 1926 2211 refectorio
1954 2166 2093 2206 cum
2121 2149 2207 2220 ip-

542 2262 621 2316 sis
652 2257 967 2315 monachis
1001 2254 1183 2310 talem
1214 2249 1601 2307 refectionem
1655 2245 1805 2300 sicut
1852 2241 1964 2315 ipsi
1991 2254 2205 2294 mona-

540 2349 635 2405 chi
667 2363 790 2402 una
817 2361 956 2400 cum
987 2343 1070 2397 eis
1099 2341 1385 2396 habeant.
1417 2337 1591 2392 Missa
1642 2349 1783 2389 vero
1834 2327 2095 2386 crastina
2142 2325 2205 2379 in

540 2438 636 2492 die
668 2435 858 2507 ipsius
893 2429 1285 2486 solemnitatis
1314 2426 1602 2481 canonice
1634 2426 1690 2476 et
1733 2417 2074 2475 solemniter
2102 2431 2203 2487 pe-

541 2500 728 2588 racta,
765 2519 988 2574 faciant
1015 2516 1129 2588 ipsi
1165 2513 1440 2570 canonici
1490 2517 1692 2565 utrum
1735 2507 2057 2578 episcopus
2108 2500 2202 2557 vel

543 2609 820 2680 magistri
851 2622 1058 2663 eorum
1091 2604 1304 2659 melius
1358 2606 1415 2656 et
1441 2597 1856 2655 rationabilius
1900 2593 2207 2665 judicave-

543 2699 684 2766 rint,
718 2704 819 2753 aut
848 2698 907 2752 in
939 2697 1070 2768 ipso
1103 2691 1467 2749 monasterio
1499 2688 1768 2744 reﬁciant
1799 2684 2068 2757 pleniter,
2101 2686 2205 2736 aut

543 2788 829 2862 praedicta
863 2784 1162 2857 stipendia
1194 2782 1271 2837 ad
1317 2796 1525 2835 eorum
1564 2774 1940 2832 refectorium
1992 2770 2202 2826 famuli

545 2861 757 2935 eorum
782 2875 1073 2944 deferant,
1104 2873 1167 2928 in
1189 2887 1309 2944 quo
1340 2874 1396 2925 et
1420 2869 1532 2942 ipsi
1562 2865 1811 2940 pleniter
1840 2867 1897 2918 et
1924 2861 2202 2918 decenter

543 2967 832 3035 reﬁciant,
882 2964 1150 3020 laetantes
1179 2960 1405 3032 quippe
1456 2961 1513 3012 et
1558 2953 1888 3024 gaudentes
1927 2951 2000 3006 de
2052 2965 2201 3023 prze-
2238 2989 2278 3044 Ο

543 3055 704 3112 dicta
730 3052 1124 3110 solemnitate.

1308 3139 1437 3193 XIX.

617 3233 926 3293 Constituit
955 3231 1134 3288 etiam
1184 3225 1502 3300 praedictus
1530 3221 1828 3289 Alii-vicus,
1864 3220 1995 3291 jam
2026 3216 2195 3273 dictae

545 3325 799 3381 civitatis
828 3323 1168 3393 episcopus,
1203 3322 1259 3372 et
1286 3314 1588 3371 humiliter
1612 3313 1968 3382 deprecatus
1998 3312 2106 3378 est,
2136 3310 2200 3360 ut

537 3417 603 3470 in
633 3413 893 3484 praefixae
917 3405 1309 3462 solemnitatis
1341 3403 1436 3457 die
1466 3399 1884 3470 unusquisque
1916 3403 2039 3452 tam
2062 3394 2200 3450 civi-

542 3482 679 3557 tatis
727 3495 1007 3553 sacerdos
1030 3509 1219 3566 quam
1249 3495 1306 3546 et
1359 3488 1746 3545 suburbanus
1796 3487 1918 3540 sive
1967 3482 2198 3555 praefati

542 3585 890 3645 monasterii
937 3582 1252 3656 presbyter
1303 3593 1488 3634 unam
1542 3576 1902 3640 decantaret,
1933 3572 2081 3627 dum
2136 3571 2197 3625 in

541 3675 818 3753 praesenti
869 3670 1342 3747 peregrinatione
1389 3666 1617 3735 vixerit,
1669 3682 1778 3737 pro
1827 3681 1897 3720 eo
1962 3662 2197 3718 vivente

541 3752 813 3835 missam,
839 3767 974 3837 post
1003 3761 1234 3817 obitum
1273 3773 1516 3831 quoque
1543 3755 1696 3827 ejus,
1725 3753 1972 3826 quando
2000 3752 2196 3807 Domi-

538 3873 654 3912 nus
678 3853 948 3920 voluerit,
981 3850 1248 3906 similiter
1279 3845 1581 3903 constituit
1629 3849 1682 3900 et
1714 3842 2056 3915 suppliciter
2094 3841 2195 3896 de-

537 3951 816 4019 precatus
845 3947 953 4008 est,
985 3944 1164 4012 atque
1195 3954 1318 3992 una
1347 3952 1485 3991 cum
1523 3937 1605 3988 eis
1637 3932 1856 4005 pariter
1887 3931 2082 3987 sanxit
2131 3935 2199 3988 ut

536 4051 647 4106 pro
676 4033 877 4087 anima
925 4031 1053 4100 ejus
1104 4025 1368 4100 praedicti
1403 4023 1740 4079 sacerdotes
1781 4020 1842 4075 in
1877 4021 2005 4091 jam
2034 4020 2192 4077 dicta

537 4123 632 4177 die
683 4122 1003 4175 deeantent
1051 4115 1431 4171 devotissime
1470 4109 1888 4183 unusquisque
1940 4107 2190 4165 missam

533 4227 744 4275 unam,
776 4213 830 4264 et
860 4208 1126 4279 reliquus
1155 4204 1366 4271 clerus,
1393 4202 1589 4258 cuncti
1608 4199 1880 4255 videlicet
1907 4200 2190 4256 monachi

534 4305 590 4354 et
636 4297 930 4364 canonici,
976 4293 1390 4366 unusquisque
1439 4291 1706 4363 psalmos
1749 4289 2189 4362 quinquaginta

531 4387 912 4444 devotissime
964 4384 1258 4450 decantet,
1305 4386 1541 4437 orantes
1571 4395 1834 4452 namque
1869 4379 2186 4435 Dominum

530 4478 660 4533 nmli
694 4483 756 4532 ut
783 4477 968 4530 vitam
998 4473 1221 4529 habere
1252 4471 1574 4544 prredictus
1595 4469 1864 4524 Aldricus
1890 4472 2189 4524 mereatur

529 4567 979 4640 sempiternam.
1013 4566 1192 4618 Porro
1223 4559 1489 4615 similiter
1518 4558 1821 4614 constituit
1870 4562 1936 4612 ut
1986 4558 2048 4612 in
2090 4557 2184 4613 die

524 4675 584 4713 x1
614 4657 735 4713 Cal.
769 4660 1013 4712 Januar.
1039 4649 1430 4707 dedicationis
1465 4648 1670 4703 matris
1703 4651 1759 4703 et
1800 4647 2046 4702 senioris
2097 4663 2188 4703 ec-

523 4747 714 4802 clesize
745 4745 996 4803 civitatis
1030 4741 1370 4800 sacerdotes
1402 4743 1458 4794 et
1483 4738 1674 4794 clerici
1699 4738 1916 4792 missas
1938 4742 1995 4793 et
2022 4738 2183 4810 psal-

523 4836 726 4888 modia
746 4836 895 4889 sicut
916 4840 972 4889 et
1002 4836 1061 4888 in
1085 4831 1460 4889 dedicatione
1481 4828 1746 4885 ecclesiae
1769 4827 1964 4884 Sancti
1985 4827 2186 4884 Salva-

521 4921 662 4974 toris
688 4923 818 4990 jam
879 4922 1018 4975 dicti
1072 4920 1421 4976 monasterii
1472 4935 1580 4992 pro
1627 4917 1862 4974 Aldrico
1895 4917 2183 4989 episcopo

520 5009 956 5063 studiosissime
1005 5009 1342 5073 deeantent,
1376 5009 1439 5063 id
1480 5013 1588 5078 est,
1621 5007 2037 5080 unusquisque
2091 5021 2182 5062 sa-

518 5098 730 5153 cerdos
770 5099 1023 5152 missam
1072 5113 1260 5151 unam
1292 5095 1386 5150 vel
1417 5111 1486 5149 eo
1523 5095 1806 5165 amplius,
1841 5096 1891 5149 si
1940 5094 2180 5150 libuerit

514 5191 570 5241 et
600 5187 1014 5258 unusquisque
1047 5185 1292 5240 clericus
1323 5183 1592 5256 psalmos
1624 5182 2068 5255 quinquaginta
2118 5187 2177 5239 et

514 5291 588 5330 eo
622 5276 907 5346 amplius.
944 5276 990 5329 si
1024 5275 1331 5347 placuerit,
1391 5276 1631 5328 orantes
1689 5277 1746 5327 et
1782 5271 2174 5344 deprecantes

513 5365 836 5424 Dominum
867 5363 994 5419 caeli
1043 5368 1107 5419 ut
1155 5363 1361 5418 anima
1401 5361 1589 5433 ipsius
1637 5362 1760 5417 vita
1811 5361 2176 5433 sempiterna

506 5455 732 5531 perfrui
762 5458 818 5510 et
841 5453 1045 5526 requie
1072 5457 1295 5510 aeterna
1325 5455 1642 5508 mereatur.
1677 5456 1886 5508 Amen.

1286 5545 1388 5597 XX.

581 5634 854 5693 Similiter
881 5648 1024 5704 ergo
1057 5636 1112 5688 et
1147 5631 1209 5687 in
1236 5629 1614 5686 dedicatione
1663 5628 1853 5686 sancti
1883 5626 2168 5703 Stephani

2314 1710 2529 1767 Amen.

3080 1805 3207 1858 XXI.

2390 1890 2593 1947 Sanxit
2619 1907 2863 1964 quoque
2893 1891 3227 1948 antedictus
3259 1891 3522 1948 domnus
3549 1892 3822 1950 Aldricus
3852 1894 3981 1966 epi-

2317 1995 2536 2052 scopus
2562 1997 2685 2037 una
2716 1999 2855 2037 cum
2899 1981 3181 2036 fratribus
3211 1986 3268 2036 et
3295 1982 3667 2055 coepiscopis
3695 2000 3765 2040 ac
3790 2001 3978 2041 cano-

2315 2069 2463 2125 nicis
2495 2086 2617 2125 suae
2649 2071 2804 2126 sedis
2834 2070 3117 2135 ecclesiae,
3152 2071 3552 2128 consideravit
3577 2077 3640 2128 ut
3667 2073 3728 2129 in
3753 2073 3848 2129 die
3873 2091 3978 2130 or-

2317 2158 2639 2215 dinationis
2659 2160 2788 2232 ejus
2815 2175 3025 2216 omnes
3044 2158 3375 2231 presbyteri
3396 2165 3520 2216 tam
3548 2161 3762 2218 urbani
3781 2178 3977 2234 quam

2316 2251 2373 2302 et
2389 2248 2741 2317 suburbani,
2787 2249 2913 2305 sive
2939 2249 3388 2305 monasteriales
3420 2248 3801 2323 reliquusque
3847 2251 3973 2307 cle-

2313 2352 2417 2391 rus
2447 2337 2525 2392 ad
2554 2353 2835 2410 vesperas
2860 2342 2917 2393 et
2942 2337 3174 2404 vigilias
3221 2337 3409 2409 ipsius
3439 2338 3786 2409 festivitatis,
3819 2340 3979 2396 sicut

2313 2425 2374 2480 in
2400 2427 2680 2482 natalitiis
2710 2427 3130 2500 episcoporum
3161 2428 3543 2483 constitutum
3573 2433 3661 2484 est
3691 2428 3975 2484 solemni-

2314 2518 2401 2571 ter
2426 2532 2624 2586 agere,
2659 2517 2880 2590 pariter
2929 2521 2986 2572 et
3021 2516 3360 2573 solemniter
3386 2518 3790 2584 convenirent,
3823 2524 3878 2573 et
3906 2519 3975 2574 in

2315 2605 2447 2676 ipsa
2476 2605 2673 2662 ofﬁcia
2700 2606 3044 2661 solemniter
3073 2623 3213 2661 cum
3242 2606 3385 2678 ipsis
3415 2607 3719 2663 canonicis
3774 2612 3829 2663 et
3860 2606 3972 2662 des

2311 2693 2612 2750 votissime
2637 2699 3009 2767 peragerent.
3042 2700 3098 2751 et
3125 2699 3265 2768 post
3293 2711 3575 2767 vesperas
3601 2700 3873 2769 peractas
3905 2696 3974 2752 in

2309 2783 2620 2839 refectorio
2672 2799 2793 2840 una
2824 2799 2963 2839 cum
2991 2783 3178 2856 ipsius
3208 2783 3473 2840 ecclesias
3524 2785 3826 2841 canonicis
3883 2791 3977 2841 ter

2309 2871 2604 2942 biberent,
2632 2876 2688 2928 et
2717 2873 2797 2928 ad
2828 2877 3153 2928 nocturnas
3176 2873 3272 2929 vel
3304 2874 3384 2930 ad
3426 2875 3751 2930 matutinas
3776 2873 3972 2946 pleni-

2309 2965 2397 3017 ter
2441 2967 2649 3034 postea
2677 2963 2965 3029 venirent,
2997 2966 3054 3018 et
3082 2962 3500 3019 matutinalem
3533 2963 3810 3036 synaxim
3842 2979 3975 3020 una

2307 3067 2447 3106 cum
2476 3051 2620 3124 ipsis
2650 3051 2955 3108 canonicis
2985 3051 3328 3109 solemniter
3370 3057 3425 3109 et
3472 3053 3749 3110 decenter
3792 3069 3972 3125 pera-

2307 3145 2530 3211 gerent.
2564 3141 2627 3194 In
2657 3140 2844 3213 ipsius
2865 3141 3090 3215 quippe
3118 3141 3508 3197 solemnitatis
3537 3143 3633 3198 die
3660 3141 3969 3199 constituit

2307 3234 2485 3302 atque
2536 3230 2733 3285 sanxit
2788 3246 2910 3285 una
2965 3247 3103 3286 cum
3157 3231 3612 3304 sapientissimis
3670 3229 3969 3305 episcopis

2307 3323 2491 3392 atque
2535 3319 2950 3376 sacerdotibus
2977 3325 3040 3376 ut
3066 3336 3247 3377 mane
3295 3321 3492 3394 prima
3522 3337 3732 3377 omnes
3765 3336 3967 3376 sacer-

2305 3410 2474 3464 dotes
2496 3414 2616 3464 tam
2643 3409 2858 3465 urbani
2879 3426 3062 3481 quam
3089 3415 3144 3463 et
3165 3409 3499 3464 suburbani
3526 3411 3784 3466 revestiti
3808 3409 3971 3466 infra

2304 3498 2503 3570 ipsam
2529 3502 2782 3554 matrem
2805 3503 2860 3553 et
2889 3497 3178 3552 seniorem
3205 3496 3519 3551 ecclesiam
3549 3499 3964 3567 convenirent,

2305 3590 2363 3642 et
2386 3586 2651 3659 reliquus
2682 3588 2870 3643 clerus
2899 3602 3023 3642 una
3049 3601 3187 3641 cum
3233 3584 3316 3640 eis
3343 3583 3641 3652 adveniat,
3675 3588 3732 3640 et
3766 3601 3963 3639 unus-

2304 3674 2559 3747 quisque
2591 3675 2902 3748 presbyter
2931 3691 3040 3748 pro
3065 3674 3192 3746 jam
3222 3673 3379 3730 dicto
3414 3672 3648 3730 Aldrico
3677 3672 3967 3746 pontiﬁce

2304 3763 2524 3819 missas
2553 3764 2933 3820 devotissime
2964 3764 3234 3820 decantet
3260 3768 3400 3832 tres,
3452 3767 3506 3818 et
3543 3762 3968 3835 unusquisque

2306 3852 2554 3908 clericus
2583 3869 2693 3924 pro
2730 3869 2792 3908 se
2823 3852 3170 3924 psalterium
3202 3852 3477 3908 decantet
3504 3867 3718 3921 unum,
3753 3854 3856 3906 aut
3883 3851 3965 3906 si-

2303 3941 2431 3996 mul
2451 3941 2648 3996 omnis
2679 3941 2870 3996 clerus
2891 3958 3061 3997 versa
3077 3941 3204 3997 vice
3233 3957 3425 3997 unum
3455 3939 3730 3996 decantet
3743 3939 3802 3994 in
3825 3939 3968 3995 cho-

2301 4045 2370 4086 ro
2413 4028 2796 4103 psalterium;
2855 4029 2983 4084 haec
3028 4044 3168 4084 vero
3196 4029 3397 4086 ofﬁcia
3426 4033 3483 4085 et
3511 4029 3834 4085 missarum
3863 4043 3963 4084 so-

2299 4118 2522 4174 lemnia
2550 4134 2659 4191 pro
2679 4116 2913 4174 Aldrico
2931 4117 3253 4174 venerabili
3271 4119 3555 4190 episcopo
3577 4115 3960 4174 devotissime

2297 4207 2617 4280 completa,
2633 4205 2810 4263 simul
2825 4223 3036 4262 omnes
3063 4207 3142 4263 ad
3162 4207 3496 4277 legitimum
3517 4211 3572 4262 et
3597 4206 3961 4263 canonicum

2298 4301 2536 4370 tempus
2561 4297 2621 4352 in
2653 4295 2964 4369 publicum
2995 4300 3050 4352 et
3076 4296 3340 4352 solemne
3369 4296 3668 4352 introeant
3693 4293 3960 4351 ofﬁcium

2296 4386 2448 4442 sicut
2484 4385 2546 4441 in
2599 4385 2879 4441 natalitiis
2926 4384 3278 4457 pontiﬁcum
3320 4383 3514 4440 facere
3569 4384 3960 4440 constitutum

2295 4479 2400 4530 est.
2437 4476 2576 4530 Post
2613 4478 2814 4531 actum
2842 4489 3085 4547 quoque
3115 4472 3428 4547 publicum
3459 4476 3640 4545 atque
3691 4471 3997 4528 solemne.

2301 4563 2586 4630 ofﬁcium,
2623 4563 2804 4620 simul
2829 4568 2952 4620 tam
2981 4562 3096 4636 ipsi
3142 4560 3414 4618 canonici
3436 4577 3621 4634 quam
3655 4565 3714 4616 et
3742 4576 3960 4618 omnes

2296 4652 2490 4709 clerici
2520 4653 2600 4709 ad
2621 4653 2906 4726 praedicta
2930 4651 3127 4709 ofﬁcia
3149 4649 3498 4723 peragenda
3527 4649 3957 4706 convenientes

2295 4741 2355 4797 in
2385 4742 2760 4798 refectorium
2781 4743 3003 4816 pariter
3031 4745 3087 4797 et
3107 4739 3467 4796 sufﬁcienter
3484 4738 3957 4807 solemniterque

2292 4832 2560 4888 reﬁciant
2591 4833 2665 4888 de
2695 4831 3024 4905 praebenda
3051 4846 3188 4902 quae
3212 4830 3319 4898 eis,
3339 4827 3418 4884 ad
3447 4826 3729 4901 praedicta
3746 4823 3954 4881 ofﬁcia

2291 4922 2639 4994 peragenda
2667 4926 2724 4978 et
2748 4921 2825 4978 ad
2847 4921 3038 4994 ipsam
3064 4919 3500 4975 solemnitatem
3522 4910 3952 4985 complendam

2291 5026 2327 5066 a
2373 5011 2616 5083 przeﬁxo
2661 5011 2898 5066 Aldrico
2927 5009 3070 5065 dare
3101 5008 3175 5064 de
3203 5006 3343 5063 villa
3372 5006 3544 5077 cujus
3572 4999 3954 5058 vocabulum

2289 5104 2379 5155 est
2429 5099 2716 5156 Buxarias
2764 5099 3072 5154 decretum
3122 5100 3229 5164 est,
3287 5095 3438 5151 sicut
3480 5094 3540 5149 in
3569 5093 3950 5147 testamento

2285 5187 2362 5242 de
2392 5187 2524 5258 ipsa
2555 5186 2692 5243 villa
2719 5186 3002 5243 fratribus
3028 5193 3085 5241 ’a
3108 5184 3400 5256 jamdicto
3452 5180 3689 5237 Aldrico
3719 5179 3948 5252 episco-

2291 5291 2371 5347 po
2397 5275 2645 5348 praefato
2669 5280 2726 5331 et
2754 5275 2814 5330 in
2839 5290 2911 5330 eo
2943 5273 3162 5344 scripto
3211 5277 3390 5344 atque
3415 5271 3654 5329 ﬁrmato
3685 5285 3722 5325 a
3747 5264 3948 5323 multis

2283 5365 2582 5438 episcopis
2631 5364 3020 5421 constitutum
3050 5365 3157 5417 est.
3190 5361 3475 5418 Praedicta
3501 5375 3643 5416 vero
3661 5355 3950 5414 festivitas

2285 5459 2342 5510 et
2369 5455 2668 5510 antedicta
2697 5452 2937 5509 refectio
2967 5452 3219 5506 fratrum
3248 5467 3382 5524 quae
3408 5447 3592 5504 modo
3641 5446 3840 5516 agitur
3883 5444 3951 5500 in

2284 5560 2359 5599 xu
2385 5542 2784 5598 Calendarum
2838 5541 3264 5598 Ianuariarum
3293 5540 3410 5596 die.
3435 5552 3574 5607 quae
3618 5539 3675 5591 et
3696 5549 3822 5590 una
3850 5532 3950 5590 die

2285 5631 2641 5703 anticipatur
2654 5635 2898 5704 propter
2917 5630 3358 5689 dedicationem
3376 5624 3641 5700 prasﬁxae
3656 5622 3869 5681 matris
3887 5626 3951 5681 et
