4160 6182
139 243 217 298 40

1814 239 1990 295 γιτΑ.
2747 225 2750 227 ’
3505 243 3575 295 se

141 361 385 420 senioris
421 359 679 416 civitatis
717 359 999 432 ecclesiae,
1035 361 1345 419 decretum
1375 365 1432 418 et
1460 359 1800 417 eonsidera-
1835 366 1881 417 A
1915 362 2389 420 suburbanisive
2403 363 2851 420 monasteriales
2864 364 3035 434 juxta
3054 363 3263 418 urbem
3283 363 3571 432 degentes

139 457 261 509 tum
286 455 374 506 est
411 465 448 505 a
475 447 770 520 jamdicto
801 449 1037 506 Aldrico
1068 451 1352 523 episcopo
1369 456 1425 506 et
1443 467 1479 506 a
1506 448 1803 522 praedictis

142 539 361 597 sanctis
384 537 762 611 coepiscopis
784 541 842 594 et
881 539 1006 594 suis
1045 540 1458 596 sacerdotibus
1479 544 1536 594 et
1561 538 1801 593 canoni-

141 631 225 686 cis
272 628 568 685 universis
604 632 667 683 ut
696 627 1088 684 transferatur
1116 629 1178 685 in
1207 629 1366 685 diem
1410 627 1802 701 depositionis

144 717 440 789 ejusdem,
467 715 716 788 quando
738 729 878 770 eum
909 716 1196 772 Dominus
1220 717 1295 772 de
1315 717 1430 773 hoc
1447 715 1665 773 saeculo
1695 732 1800 772 vo-

147 823 283 863 care
311 805 590 872 voluerit;
635 809 694 861 et
735 806 799 860 in
824 805 958 878 ipsa
986 806 1083 862 die
1130 811 1345 878 agatur
1393 813 1515 864 tam
1561 805 1800 862 refectio

144 896 416 972 praedicta
463 912 658 969 quam
712 900 771 952 et
816 897 1116 954 antedicta
1165 898 1532 964 solemnitas,
1567 900 1798 953 tantum

149 987 296 1042 enim
318 985 534 1055 uthoc,
559 985 731 1058 quod
747 985 930 1042 modo
952 1002 1063 1058 pro
1087 987 1224 1042 vino
1242 987 1304 1042 in
1328 987 1525 1042 missis
1541 992 1598 1042 et
1642 984 1798 1058 psal-

151 1075 356 1130 modiis
387 1080 443 1132 et
471 1074 703 1131 caeteris
732 1074 1102 1130 orationibus
1151 1080 1209 1132 et
1252 1076 1626 1132 caeremoniis
1670 1074 1797 1145 agi-

153 1169 255 1232 tur,
313 1169 448 1220 tunc
498 1180 613 1237 pro
663 1163 945 1220 defuncto
977 1163 1266 1234 similiter,
1290 1170 1347 1221 et
1371 1165 1654 1238 praedicto
1685 1180 1798 1219 nu-

155 1269 306 1310 mero
322 1254 670 1327 adimpleto,
702 1253 764 1308 id
794 1258 898 1320 est,
917 1254 1334 1326 unusquisque
1349 1254 1632 1310 sacerdos
1658 1253 1800 1308 mis-

158 1359 243 1399 sas
271 1348 384 1400 tres
402 1342 824 1416 unusquisque
857 1343 1106 1398 clericus
1124 1344 1474 1416 psalterium
1506 1359 1716 1408 unum,
1743 1341 1804 1396 in

159 1430 245 1485 die
267 1431 649 1504 depositionis
668 1431 797 1502 ejus
813 1436 1026 1501 agatur
1047 1447 1158 1504 pro
1187 1431 1471 1488 defuncto
1493 1431 1804 1504 episcopo,

161 1525 214 1576 et
239 1523 374 1576 tunc
401 1521 812 1594 unusquisque
843 1521 1120 1577 devotius
1171 1526 1226 1578 et
1257 1521 1583 1577 solemnius
1626 1535 1801 1590 agere

169 1614 359 1679 certet,
376 1610 511 1681 quia
539 1611 724 1680 major
750 1611 1080 1667 necessitas
1103 1615 1190 1667 est
1221 1615 1360 1668 tunc
1391 1626 1580 1684 quam
1608 1625 1804 1677 nunc;

1913 458 1969 507 et
1998 469 2211 508 omnes
2235 454 2578 509 sacerdotes
2609 452 2764 508 infra
2794 453 2956 508 illam
2985 457 3456 518 eommanentes,
3491 453 3569 508 ad

1910 541 2225 614 praedictas
2257 558 2359 598 sex
2381 543 2724 598 festivitates
2763 542 3038 598 decenter
3067 547 3122 598 et
3151 542 3401 597 revestiti
3432 558 3570 597 eon-

1909 631 2194 698 venirent,
2213 631 2273 686 id
2305 636 2392 687 est
2408 648 2547 687 xvm
2572 631 2814 688 Calend.
2843 631 3301 704 Septembrium,
3320 625 3569 703 quando

1909 719 2199 776 festivitas
2224 721 2662 792 Assumptionis
2692 725 2911 776 sanctae
2931 720 3031 775 Dei
3062 719 3356 789 genitricis
3377 721 3566 775 Marias

1909 808 2259 876 celebratur,
2306 813 2362 864 ct
2389 809 2450 864 in
2474 808 2782 864 festivitate
2814 807 3279 863 consecrationis
3299 808 3568 864 occiden-

1908 899 2039 955 talis
2058 899 2240 971 partis
2265 898 2473 954 matris
2491 903 2547 953 et
2569 897 2816 952 senioris
2839 897 3091 952 civitatis
3121 897 3400 961 ecclesiae,
3432 913 3567 968 qua:

1909 992 2000 1043 est
2046 1004 2104 1043 χι
2151 987 2270 1043 Cal.
2303 987 2613 1052 Iuliarum,
2648 990 2704 1041 et
2733 986 2793 1040 in
2820 985 3133 1040 festivitate
3179 985 3569 1040 dedicationis

1906 1076 2166 1133 eeclesire
2220 1077 2415 1132 Sancti
2434 1075 2754 1132 Salvatoris
2778 1074 2932 1129 infra
2959 1073 3390 1129 monasterium
3420 1089 3572 1133 mo--

1908 1167 2243 1223 nachorum
2265 1165 2430 1238 quod
2456 1165 2722 1220 Aldricus
2737 1163 3114 1236 supradictus
3135 1161 3454 1234 episcopus
3478 1179 3550 1217 su

1909 1271 2021 1328 pra
2048 1255 2298 1310 fluvium
2334 1254 2556 1312 Sarthaa
2581 1270 2616 1308 a
2641 1269 2800 1308 novo
2828 1250 3114 1316 fundavit,
3137 1250 3266 1305 etin
3292 1266 3414 1321 quo
3441 1267 3568 1305 mo-

1913 1345 2142 1400 nachos
2162 1343 2429 1400 habitare
2461 1348 2516 1398 et
2540 1341 2885 1411 regulariter
2914 1340 3110 1395 vivere
3159 1338 3482 1405 constituit,
3509 1343 3567 1393 et

1914 1433 1974 1488 in
2004 1432 2314 1488 festivitate
2364 1431 2710 1487 sacrationis
2761 1429 3023 1486 ecclesiae
3057 1427 3252 1484 Sancti
3282 1426 3565 1497 Stephani

1916 1538 2100 1594 quam
2109 1522 2128 1592 j
2139 1537 2239 1576 am
2250 1521 2444 1576 dictus
2456 1520 2726 1575 Aldrieus
2742 1519 3060 1591 episcopus
3073 1519 3224 1572 intra
3237 1515 3562 1570 claustrum

1917 1611 2346 1668 canonicorum
2377 1626 2412 1665 a
2445 1625 2606 1664 novo
2654 1607 2949 1672 fundavit,
3003 1622 3139 1678 quae
3171 1609 3259 1659 est
3283 1621 3316 1658 v
3348 1603 3560 1658 Iduum

171 1698 438 1769 quoniam
486 1706 539 1755 et
575 1701 800 1756 amicus
830 1703 891 1756 in
922 1701 1044 1757 vita
1071 1702 1175 1774 qui
1230 1706 1369 1774 post
1394 1706 1652 1757 mortem
1681 1699 1808 1755 ani-
1837 1713 1878 1767 Β
1917 1699 2359 1768 Novembrium,
2410 1702 2466 1754 et
2495 1699 2555 1753 in
2580 1697 2889 1754 festivitate
2940 1693 3186 1751 natalitii
3217 1692 3443 1765 prastati
3469 1691 3562 1746 Al-

166 1801 311 1840 mam
334 1786 484 1843 illius
509 1804 634 1844 non
664 1789 877 1860 diligit,
909 1794 966 1844 et
1010 1805 1120 1861 pro
1150 1806 1219 1846 ea
1249 1806 1420 1846 orare
1449 1805 1573 1846 non
1599 1793 1804 1856 certat,

155 1877 318 1945 atque
342 1891 449 1948 pro
494 1878 704 1950 requie
735 1879 864 1944 ejus
895 1894 1066 1934 orare
1116 1883 1171 1934 et
1199 1884 1425 1935 certare
1469 1878 1720 1948 negligit
1750 1882 1806 1934 et

150 1962 508 2034 dedignatur.
551 1969 650 2022 Est
682 1982 948 2039 namque
1005 1983 1041 2023 a
1096 1966 1351 2040 praeﬁxis
1387 1966 1802 2023 sacerdotibus

147 2055 194 2105 et
220 2052 313 2106 Dei
336 2054 528 2109 servis
561 2055 1012 2110 eonsideratum
1035 2059 1091 2111 et
1119 2056 1423 2112 decretum
1452 2061 1518 2110 ut
1545 2055 1802 2128 quisque

141 2138 256 2195 haec
285 2142 668 2213 prmterierit,
700 2149 807 2199 aut
833 2145 1005 2214 cujus
1052 2145 1412 2216 negligentia
1435 2143 1800 2217 praatermis-

140 2244 256 2283 sum
295 2229 511 2297 fuerit,
579 2231 703 2286 sive
759 2232 821 2286 in
877 2232 1083 2288 danda
1124 2234 1417 2305 praedicta
1453 2231 1799 2304 praebenda,

137 2333 224 2374 seu
262 2320 334 2375 in
412 2320 799 2391 peragendis
867 2322 1166 2393 praedictis
1250 2321 1485 2389 ofﬁciis,
1544 2325 1608 2376 ut
1662 2324 1799 2376 ante

136 2407 383 2465 tribunal
412 2407 681 2464 districti
725 2409 946 2480 judicis
984 2411 1198 2467 reddat
1226 2428 1296 2467 ex
1343 2413 1460 2467 hoc
1489 2411 1800 2477 rationem,

134 2500 182 2550 et
205 2496 281 2553 ibi
308 2497 693 2554 sententiam
727 2514 906 2554 suam
949 2499 1226 2572 accipiat.
1265 2500 1481 2568 Videte,
1512 2499 1718 2554 fratres
1747 2503 1803 2554 et

139 2587 310 2642 sancti
335 2602 728 2643 successores
762 2587 1056 2642 antedicti
1111 2587 1392 2660 episcopi.
1447 2591 1510 2641 ut
1535 2587 1648 2642 hoc
1694 2587 1796 2643 de-

138 2681 347 2732 cretum
373 2693 503 2733 non
534 2675 871 2746 negligatis,
903 2676 1009 2732 sed
1043 2678 1236 2746 magis
1264 2677 1592 2750 adimplere
1677 2681 1801 2733 stu-

141 2762 312 2819 deatis
339 2784 352 2830 ;
377 2765 634 2838 qualiter
657 2780 780 2821 non
803 2764 1213 2821 damnationis
1255 2783 1487 2837 paenam
1520 2767 1646 2834 sed,
1709 2782 1798 2822 re-

143 2851 467 2909 tributionis
499 2855 816 2928 praemium
840 2855 902 2910 in
918 2859 1209 2911 internum
1239 2857 1544 2930 percipere
1597 2855 1794 2914 valea-

145 2939 226 2994 tis.
256 2944 473 3000 Amen.

1915 1788 2064 1844 drici
2089 1787 2374 1860 episcopi,
2404 1804 2540 1860 quia
2567 1791 2654 1842 est
2678 1802 2755 1841 xu
2779 1785 2898 1842 Cal.
2922 1784 3294 1840 Janariarum
3319 1785 3559 1854 propter

1915 1877 2400 1948 anticipationem
2425 1875 2600 1931 unius
2620 1873 2897 1940 festidiei,
2929 1873 2992 1928 id
3021 1877 3131 1937 est,
3161 1871 3366 1927 matris
3396 1875 3451 1925 et
3473 1886 3558 1924 se-

1913 1965 2096 2021 nioris
2126 1964 2385 2020 ecclesiae
2408 1963 2869 2020 consecrationis
2898 1961 3249 2027 celebratur,
3270 1965 3325 2014 et
3352 1959 3413 2014 in
3439 1958 3556 2013 fes-

1911 2054 2130 2110 tivitate
2152 2054 2615 2110 consecrationis
2631 2052 2836 2108 matris
2863 2057 2916 2108 et
2935 2050 3182 2106 senioris
3195 2047 3445 2104 civitatis
3460 2063 3555 2102 ec-

1911 2143 2126 2210 clesiae,
2149 2160 2285 2216 quae
2315 2148 2402 2198 est
2426 2159 2507 2197 xu
2536 2141 2656 2198 Cal.
2683 2141 3120 2197 Ianuariarum.
3151 2137 3245 2191 Ad
3272 2137 3383 2192 has
3413 2151 3556 2204 ergo

1909 2232 2257 2288 festivitates
2289 2231 2732 2287 eonsideratum
2764 2233 2821 2284 et
2865 2229 3174 2282 decretum
3204 2229 3294 2279 est
3322 2229 3385 2277 ut
3409 2238 3557 2294 pra;-

1908 2321 2050 2377 dicti
2079 2321 2417 2378 sacerdotes
2445 2317 2701 2374 revestiti
2733 2332 2908 2372 mane
2939 2314 3135 2386 prima
3171 2309 3550 2375 conveniant,

1908 2415 1967 2467 et
1992 2411 2053 2466 in
2075 2411 2204 2481 jam
2231 2409 2400 2464 dictis
2430 2407 2690 2464 ecclesiis
2719 2405 2949 2461 oblatas
2975 2409 3032 2459 et
3060 2403 3268 2458 vinum
3298 2415 3333 2455 a
3363 2402 3555 2454 custo-

1908 2499 2086 2556 dibus
2129 2499 2399 2571 ipsarum
2430 2496 2815 2553 ecclesiarum
2873 2492 3189 2566 accipiant,
3249 2493 3306 2545 et
3336 2504 3551 2560 supra-

1908 2590 2067 2645 dicta
2095 2587 2291 2644 ofﬁcia
2312 2603 2422 2660 pro
2441 2585 2674 2642 Aldrico
2697 2585 2979 2657 episcopo
3001 2597 3178 2637 mane
3204 2579 3398 2652 prima
3415 2582 3550 2632 ante

1907 2679 2121 2735 horam
2152 2677 2385 2734 tertiam
2413 2675 2652 2742 faciant,
2700 2678 2937 2729 orantes
2980 2669 3280 2726 humiliter
3332 2672 3389 2723 et
3413 2682 3552 2738 sup-

1907 2767 2216 2840 plicantes,
2271 2765 2561 2837 flexisque
2601 2763 2926 2836 poplitibus
2960 2758 3193 2815 Domini
3223 2756 3549 2812 misericor-

1906 2857 2071 2912 diam
2102 2856 2502 2921 obsecrantes,
2553 2858 2677 2908 tam
2727 2850 3063 2907 sacerdotes
3114 2846 3310 2903 cuncti
3360 2860 3548 2917 quam

1904 2950 1960 3002 et
1978 2945 2192 3017 reliqui
2217 2944 2411 2999 clerici
2441 2958 2672 3010 omnes,
2703 2945 2769 2996 ut
2806 2938 3080 2996 absolvat
3109 2936 3397 2992 Dominus
3427 2931 3548 2988 ani-

213 3031 478 3100 Oremus,
520 3033 748 3104 fratres,
805 3038 873 3089 ut
917 3033 1205 3090 Dominus
1266 3035 1486 3091 animae
1521 3035 1795 3099 praedicti
1825 3065 1865 3121 Ο
1903 3051 2069 3091 mam
2094 3033 2312 3089 Aldrici
2329 3032 2592 3106 praedicti
2615 3029 2879 3104 episcopi
2900 3028 2978 3084 ab
3003 3026 3169 3083 omni
3196 3021 3434 3080 vinculo
3451 3021 3549 3077 de-

147 3120 382 3187 pontifis
412 3121 625 3178 Aldriei
652 3123 871 3179 tribuat
915 3124 1126 3196 prima:
1163 3124 1628 3180 resurectionnis
1661 3140 1794 3196 par-

150 3210 286 3274 tem,
315 3214 374 3263 et
395 3210 576 3265 vitam
603 3213 654 3266 ei
686 3212 907 3268 habere
953 3212 1245 3269 concedat
1275 3213 1336 3268 in
1366 3214 1553 3282 cmlis,
1584 3214 1690 3270 ubi
1739 3217 1796 3270 et

153 3293 341 3361 gloria
368 3298 940 3368 aeternaperiruiuna
957 3318 1090 3358 cum
1107 3303 1330 3358 sanctis
1363 3303 1464 3357 Dei
1508 3303 1798 3358 aeternali-

155 3384 245 3434 ter
271 3386 588 3451 mereatur,
615 3383 746 3456 ipso
774 3386 1136 3459 dispensante
1157 3395 1215 3445 et
1261 3391 1555 3446 tribuente
1585 3391 1688 3462 qui
1710 3391 1794 3446 vi-

165 3466 250 3521 vit
276 3471 337 3522 et
389 3477 579 3538 regnat
604 3489 738 3528 eum
795 3475 910 3531 Deo
957 3480 1116 3534 Patre
1163 3479 1223 3533 in
1255 3478 1479 3534 unitate
1547 3478 1794 3551 Spiritus

159 3555 348 3612 sancti
368 3573 470 3632 per
487 3560 711 3620 inﬁnita
736 3565 1090 3622 saeculorum
1121 3567 1360 3624 saecula.
1393 3572 1608 3623 Amen.

880 3695 1030 3749 XXII.

217 3792 485 3850 Similiter
529 3796 705 3854 etiam
746 3797 806 3854 in
837 3799 1144 3857 festivitate
1189 3800 1596 3858 dedicationis
1629 3802 1790 3858 occi-

139 3880 392 3939 dentalis
417 3887 596 3957 partis
626 3889 833 3944 matris
860 3894 916 3944 et
939 3889 1186 3946 senioris
1211 3889 1462 3946 civitatis
1503 3888 1787 3957 ecclesiaa,

138 3969 196 4026 in
225 3988 344 4044 qua
366 3972 548 4031 altare
582 3977 772 4033 sancti
795 3979 1040 4034 Joannis
1083 3978 1380 4034 eontruxit
1409 3983 1466 4034 et
1495 3978 1608 4034 alia
1639 3975 1786 4032 alta-

137 4061 218 4116 ria
240 4062 368 4128 tria,
389 4063 584 4120 facere
615 4067 872 4123 censuit:
901 4067 965 4124 id
995 4073 1086 4124 est
1113 4073 1178 4124 ut
1206 4067 1592 4139 unusquique
1624 4076 1786 4140 pres-

137 4148 300 4221 byter
329 4157 455 4208 tam
507 4154 800 4226 urbanus,
853 4174 1040 4229 quam
1092 4163 1148 4214 et
1203 4156 1613 4220 suburbanus,
1667 4156 1790 4210 sive

140 4242 322 4296 cuncti
351 4244 814 4301 monasteriales
841 4247 1180 4304 sacerdotes
1195 4247 1274 4303 ad
1294 4247 1491 4319 ipsam
1517 4243 1792 4301 solemni-

140 4333 330 4402 tatem,
358 4348 503 4405 quia
547 4339 639 4389 est
667 4351 722 4390 ιι
754 4335 1000 4392 Calend.
1030 4337 1340 4399 Iuliarum.
1377 4351 1552 4391 mane
1593 4335 1791 4407 prima

142 4420 378 4476 revestiti
397 4423 790 4493 conveniant,
823 4429 879 4481 et
906 4425 986 4480 ibi
1017 4442 1127 4499 pro
1154 4425 1281 4496 jam
1310 4424 1471 4480 dicto
1511 4424 1792 4495 pontifice
1824 4417 1865 4471 ι)

147 4505 360 4565 Aldrico
388 4511 726 4567 venerabili
751 4514 1036 4586 episcopo
1065 4514 1312 4570 missam
1334 4528 1522 4568 unam
1595 4512 1798 4567 dican-

148 4598 266 4658 tent,
298 4604 353 4654 et
393 4599 444 4655 si
476 4599 742 4672 amplius
771 4602 1086 4666 voluerint,
1114 4605 1174 4658 in
1203 4618 1413 4658 eorum
1450 4601 1564 4657 erit
1593 4605 1796 4672 potes-

153 4685 247 4738 tate
268 4691 320 4742 et
347 4687 772 4746 misericordia
801 4691 927 4747 sine
949 4691 1332 4747 retributione
1385 4695 1441 4746 et
1467 4688 1796 4761 unusquis-

159 4784 254 4840 que
277 4773 526 4831 clericus
554 4777 827 4850 psalmos
855 4781 1316 4854 quinquaginta,
1357 4783 1414 4835 et
1434 4792 1506 4834 eo
1537 4777 1798 4850 amplius

165 4856 400 4920 decantet
414 4881 532 4938 pro
549 4868 759 4924 anima
780 4869 966 4924 Aldiei
981 4870 1109 4940 jam
1139 4869 1278 4925 dicti
1310 4867 1598 4940 episcopi
1624 4883 1798 4922 oran-

167 4944 247 4998 tes
266 4964 487 5024 Quoque
527 4956 853 5012 Dominum
886 4957 1016 5013 cceli
1046 4963 1103 5014 et
1143 4957 1535 5030 deprecantes
1573 4954 1800 5010 miseri-

159 5035 410 5130 cordiam
453 5045 582 5114 ejus
625 5052 690 5102 ut
734 5049 1077 5121 animapraa
1107 5048 1246 5104 dicti
1263 5046 1481 5102 Aldriei
1530 5044 1800 5118 episcopi

153 5125 338 5176 vitam
368 5129 635 5185 aeternam
660 5131 889 5187 habere
913 5132 1109 5188 valeat
1137 5133 1260 5187 sive
1296 5146 1535 5203 equiem
1597 5129 1798 5202 simpi-

143 5216 382 5268 tamam
438 5229 555 5271 una
577 5236 712 5277 cum
734 5221 978 5290 sanctis,
1003 5226 1060 5277 et
1084 5221 1281 5278 electis
1312 5219 1412 5276 Dei
1439 5219 1800 5276 teternaliter

140 5299 246 5357 frui
286 5308 601 5361 mereatur
650 5325 760 5381 per
830 5310 1064 5367 infinita
1126 5308 1488 5366 saeculorum
1557 5307 1798 5363 saecula.

136 5395 340 5450 Amen.

890 5506 1085 5563 XXIII.

196 5607 513 5667 Constituit
527 5610 698 5667 enim
711 5611 999 5684 praefatus
1015 5612 1286 5669 Aldricus
1300 5609 1657 5666 venerabilis
1674 5609 1798 5682 epi-

143 5709 336 5770 scopus
377 5704 444 5758 ut
475 5715 705 5758 omnes
736 5700 1094 5775 presbyteri,
1125 5706 1250 5759 tam
1280 5699 1499 5757 urbani
1527 5714 1710 5772 quam
1742 5702 1800 5755 et

1901 3123 2196 3190 lictorum,
2228 3126 2525 3195 quatenus
2567 3121 2627 3175 in
2679 3116 3127 3174 resurrectionis
3179 3113 3367 3183 gloria
3397 3113 3548 3165 inter

1903 3218 2143 3269 sanctos
2196 3219 2252 3267 et
2298 3211 2513 3266 electos
2567 3208 2666 3262 Dei
2721 3204 3063 3260 ressucitari
3109 3205 3429 3262 mereatur,
3490 3202 3546 3250 et

1902 3305 2024 3358 vita
2077 3299 2440 3370 sempiterna
2487 3310 2609 3349 una
2638 3309 2776 3348 cum
2807 3291 2890 3346 eis
2919 3288 3258 3363 perfruatur
3286 3302 3392 3359 per
3415 3285 3544 3340 infi-

1901 3391 2026 3446 nita
2055 3387 2275 3444 sweula
2295 3383 2673 3441 saeculorum.
2706 3384 2918 3436 Amen.
2963 3383 3095 3435 Haec
3149 3393 3290 3447 ergo
3349 3374 3546 3430 ofﬁcia

1901 3495 2011 3551 pro
2041 3477 2274 3534 Aldrieo
2288 3474 2569 3548 praedicto
2591 3472 2872 3545 episcopo
2891 3467 3272 3526 devotissime
3305 3470 3362 3522 et
3381 3465 3544 3521 bono

1902 3568 2104 3624 animo
2125 3569 2390 3638 peracto,
2422 3563 2572 3618 hora
2595 3561 2761 3617 tertia
2789 3560 2849 3616 in
2881 3557 3192 3631 publicum
3218 3559 3274 3611 et
3331 3556 3546 3610 solem-

1899 3673 1974 3712 ne
1995 3656 2184 3728 ipsius
2200 3653 2316 3710 diei
2337 3652 2601 3708 ofﬁcium
2623 3666 2832 3706 omnes
2861 3649 3178 3716 introeant,
3207 3643 3544 3700 etofﬁeium

1899 3745 2165 3801 solemne
2206 3743 2483 3799 decenter
2514 3739 2975 3808 solemniterque
3012 3739 3320 3807 peractum
3365 3734 3426 3788 in
3456 3749 3543 3787 re-

1899 3833 2142 3890 fectorio
2166 3848 2290 3888 una
2319 3846 2457 3886 eum
2479 3827 2775 3900 praedicta:
2795 3829 3016 3880 sanetae
3047 3822 3252 3878 matris
3282 3821 3544 3876 ecclesiae

1898 3921 2203 3979 canonicis
2234 3921 2294 3975 in
2320 3917 2615 3992 praedictis
2645 3931 2746 3970 sex
2777 3913 2988 3968 diebus
3027 3915 3084 3966 et
3134 3908 3544 3964 festivitatibus

1898 4013 2140 4085 plenam
2171 4014 2227 4066 et
2253 4007 2678 4064 condecentem
2709 4001 3089 4059 refectionem
3115 3999 3265 4054 sicut
3293 3996 3406 4070 ipsi
3449 4012 3543 4052 ca-

1900 4099 2099 4157 nonici
2128 4098 2410 4164 habeant,
2440 4094 2768 4165 gaudentes
2789 4096 2845 4147 et
2872 4090 3138 4145 laetantes
3167 4087 3545 4160 plaudentes-

1897 4205 2014 4262 que
2041 4190 2103 4243 in
2124 4185 2420 4260 praedictis
2436 4181 2843 4239 festivitatibus
2866 4179 3205 4252 persistant,
3226 4176 3542 4232 laudantes

1899 4283 1956 4334 et
1991 4275 2410 4334 benedicentes
2441 4271 2762 4328 Dominum
2791 4269 2897 4342 qui
2941 4269 3023 4323 eis
3055 4271 3220 4324 tanta
3250 4266 3413 4322 bona
3444 4265 3542 4320 tri-

1898 4369 2082 4424 buere
2111 4381 2232 4421 non
2255 4362 2613 4431 dedignatus
2635 4364 2724 4416 est
2755 4378 2768 4428 ;
2800 4362 3039 4415 orantes
3059 4372 3302 4430 quoque
3333 4359 3543 4426 etsup-

1900 4452 2190 4530 plicantes
2216 4451 2536 4508 Dominum
2582 4449 2714 4505 coeli
2753 4447 3033 4522 precibus
3075 4445 3449 4507 incumbant,
3483 4447 3547 4498 ut

1902 4547 2058 4602 hanc
2089 4543 2274 4600 vitam
2317 4540 2565 4614 pacifiee
2609 4543 2666 4594 et
2712 4537 2991 4594 decenter
3016 4540 3339 4606 sancteque
3371 4537 3426 4586 et
3449 4531 3545 4602 pie

1903 4635 2117 4704 degere
2141 4632 2396 4697 valeant,
2451 4633 2506 4685 et
2533 4628 2943 4702 postmodum,
2976 4623 3223 4697 quando
3252 4623 3405 4674 Deus
3449 4633 3546 4669 vo-

1902 4723 2094 4789 luerit,
2126 4722 2246 4777 vita
2275 4725 2496 4775 aeterna
2521 4718 2581 4773 in
2620 4716 2960 4772 caelestibus
2986 4711 3226 4766 sedibus
3257 4720 3378 4759 una
3407 4719 3545 4757 eum

1906 4810 2122 4868 sanctis
2149 4809 2244 4865 Dei
2273 4809 2386 4864 frui
2417 4809 2778 4868 mereantur,
2810 4799 2975 4871 quod
3006 4798 3130 4868 ipse
3151 4796 3430 4866 praestare
3456 4791 3546 4846 di-

1907 4905 2138 4971 gnetur,
2163 4897 2256 4952 cui
2277 4901 2368 4951 est
2391 4896 2584 4948 honor
2615 4895 2670 4945 et
2701 4889 2888 4958 gloria
2918 4887 2978 4940 in
3033 4883 3252 4941 saecula
3305 4882 3550 4938 smculo-

1905 5005 2061 5046 rum.
2089 4991 2295 5041 Amen.
2330 4984 2494 5037 Hane
2536 4978 2903 5052 quicumque
2934 4976 3097 5050 cupit
3142 4975 3482 5044 dissolvere,
3513 4988 3550 5028 a

1907 5074 2196 5135 membris
2221 5069 2493 5129 Ecclesiae
2522 5068 2880 5126 dissociatus
2909 5071 3020 5124 eat.

2651 5160 2840 5215 XXIV.

1979 5254 2138 5311 Fecit
2164 5253 2342 5324 igitur
2365 5250 2698 5308 antedictus
2715 5247 2988 5302 Aldricus
3009 5245 3326 5317 episcopus
3346 5258 3552 5298 mona-

1909 5345 2154 5400 sterium
2183 5344 2243 5399 in
2269 5343 2402 5398 loco
2431 5339 2534 5395 ubi
2559 5337 2794 5394 dudum
2819 5333 3249 5392 monasterium
3279 5332 3472 5387 fuerat
3489 5331 3552 5386 in

1907 5434 2136 5490 honore
2165 5435 2385 5487 sancta:
2400 5428 2590 5485 Mariis
2615 5430 3043 5494 constructum,
3063 5422 3229 5496 quod
3257 5425 3314 5475 et
3337 5420 3554 5492 ipsele-

1909 5521 2083 5592 gibus
2099 5525 2270 5593 etper
2287 5519 2686 5574 instrumenta
2706 5515 3049 5571 chartarum
3077 5528 3112 5568 a
3128 5511 3353 5566 domno
3372 5511 3450 5564 im
3459 5524 3556 5578 pe-

1905 5614 2101 5666 ratore
2131 5608 2430 5665 Ludovico
2451 5606 2528 5663 ad
2553 5608 2652 5678 jus
2673 5603 3005 5677 seepedietaa
3021 5599 3280 5657 ecclesiae
3297 5595 3553 5667 acquisi-

1906 5697 2006 5766 vit,
2042 5697 2151 5753 sed
2179 5712 2332 5773 pene
2357 5697 2728 5753 destructum
2755 5697 2933 5765 atque
2953 5690 3218 5746 dirutum
3249 5689 3305 5744 et
3324 5684 3552 5750 absque
