4160 6182
230 197 300 252 53
1853 183 1890 237 Ὃ

2006 199 2042 236 ι.
3489 181 3652 236 .ﬂ

227 316 494 390 pontifex
523 318 882 372 construere
919 317 976 370 et
1022 327 1236 370 ornare
1271 309 1670 382 nobiliterque
1705 311 1767 364 et
1793 322 1888 363 sa-
1920 311 1966 362 A
2001 306 2234 364 lissima
2261 307 2427 380 prole
2443 320 2653 362 eorum
2681 302 2892 360 Carolo
2919 302 3182 373 gloriose
3205 316 3650 375 rege,quorum

223 411 454 482 pienter
480 421 856 478 componere
907 403 1152 459 studuit.
1187 403 1249 458 In
1293 401 1542 474 praefato
1573 400 1733 455 enim
1765 413 1888 453 mo-

223 499 489 556 nasterio
540 496 844 568 Talipiaco
892 493 1226 548 monachos
1251 493 1325 547 de
1374 490 1736 547 monasterio
1779 503 1890 542 suo

225 588 395 661 quod
437 586 682 642 Anisola
728 583 1097 648 nominatur,
1139 581 1200 636 in
1231 597 1353 653 quo
1401 584 1642 636 sanctus
1673 577 1892 632 Carile-

227 679 397 750 phus
433 691 679 748 corpore
708 672 1053 744 requiescit,
1073 669 1256 732 misit,
1281 674 1345 724 ut
1368 669 1428 724 in
1459 685 1530 724 eo
1546 665 1894 735 regulariter

233 766 522 830 viverent,
553 769 612 819 et
637 761 861 818 multos
891 759 969 815 ad
995 758 1313 814 Dominum
1345 757 1725 821 attraherent,
1754 770 1890 808 sua-

239 871 384 928 sque
413 859 595 926 atque
627 851 959 908 multorum
990 848 1245 904 aliorum
1271 847 1504 903 animas
1525 844 1670 901 inibi
1704 842 1894 898 Domi-

229 962 308 1003 no
325 943 742 1017 multipliciter
768 941 1090 1008 lucrarent,
1119 941 1176 993 et
1199 953 1309 1010 pro
1333 937 1560 992 domno
1591 933 1892 990 Ludovico

231 1037 619 1108 imperatore,
654 1049 763 1087 seu
813 1047 924 1103 pro
955 1029 1076 1084 ﬁlio
1124 1028 1252 1099 ejus
1294 1026 1526 1095 Carolo,
1559 1029 1737 1096 atque
1779 1037 1891 1095 pro

231 1124 476 1198 praeﬁxo
527 1122 779 1179 Aldrico
829 1118 1134 1192 episcopo,
1168 1117 1290 1172 sive
1319 1131 1430 1186 pro
1461 1113 1745 1170 omnibus
1777 1110 1890 1166 sibi

234 1215 426 1270 missis
453 1218 511 1268 et
541 1209 840 1268 universis
871 1211 1090 1264 sanctas
1135 1206 1235 1261 Dei
1267 1204 1537 1260 Ecclesiae
1576 1200 1874 1268 fidelibus,

235 1303 326 1358 die
353 1306 665 1373 noctuque
695 1297 948 1354 ﬁdeliter
976 1299 1292 1350 exorantes
1317 1297 1599 1363 rogarent
1621 1295 1686 1345 ut
1712 1288 1888 1344 nobis

240 1393 514 1448 omnibus
545 1405 725 1445 suam
752 1401 990 1457 semper
1017 1384 1241 1440 tribuat
1272 1383 1469 1438 facere
1518 1379 1886 1434 voluntatem

242 1483 542 1552 vitamque
573 1477 864 1535 concedat
892 1475 1113 1544 degere
1142 1473 1394 1537 felicem,
1429 1475 1486 1526 et
1521 1470 1765 1539 insuper
1793 1481 1884 1521 re-

250 1570 448 1642 quiem
479 1569 693 1623 tribuat
721 1565 1175 1636 sempiternam.
1215 1565 1424 1616 Amen.
1458 1560 1520 1614 In
1551 1559 1885 1612 memorato

258 1673 392 1726 ergo
418 1656 764 1712 monasterio
809 1652 1116 1724 Talipiaco
1153 1649 1543 1723 praepositum
1573 1661 1749 1700 suum
1782 1658 1885 1698 no-
1915 1656 1956 1710 Β

251 1746 398 1801 mine
419 1745 598 1800 Iacob
631 1741 1217 1815 archipresbyterum
1248 1738 1531 1794 abbatem
1555 1732 1881 1800 constituit,

241 1833 334 1904 qui
363 1834 803 1889 monachorum
837 1845 1046 1886 curam
1083 1827 1164 1883 ibi
1209 1829 1455 1896 gereret,
1507 1838 1731 1895 eosque
1757 1835 1884 1876 mo-

229 1923 450 1977 nachos
475 1923 660 1992 juxta
678 1919 953 1990 regulam
977 1917 1170 1973 sancti
1198 1914 1499 1971 Benedicti
1529 1911 1887 1981 regulariter

226 2011 468 2075 regeret,
503 2020 812 2076 suamque
843 2007 1024 2075 atque
1047 2001 1300 2058 aliorum
1331 1998 1569 2054 animas
1595 1994 1744 2052 inibi
1773 1992 1888 2048 sal-

220 2101 401 2164 varet,
447 2100 648 2166 atque
677 2093 758 2149 ad
785 2106 1106 2162 supernam
1134 2088 1412 2160 patriam,
1443 2087 1504 2142 id
1534 2089 1620 2141 est
1647 2082 1886 2139 caeleste

215 2201 477 2255 regnum
505 2183 775 2238 Domino
804 2180 1127 2251 adjuvante
1172 2177 1511 2244 deduceret,
1541 2179 1607 2229 ut
1634 2171 1886 2228 ccelesti-

211 2272 323 2330 bus
355 2274 429 2329 in
464 2270 728 2326 sedibus
757 2284 879 2323 una
899 2283 1035 2324 cum
1066 2265 1288 2322 sanctis
1320 2270 1376 2320 et
1407 2262 1605 2319 electis
1634 2261 1732 2316 Dei
1755 2274 1887 2332 per-

209 2360 565 2434 rectualiter
593 2357 784 2411 vivere
815 2372 953 2410 cum
982 2355 1064 2410 eis
1091 2369 1346 2424 regnare
1375 2357 1434 2408 et
1456 2349 1716 2421 gloriari,
1745 2364 1888 2420 prse-

216 2455 412 2508 stante
468 2445 749 2503 Domino
790 2448 996 2500 nostro
1037 2446 1173 2498 Iesu
1225 2442 1479 2506 Christo,
1531 2442 1883 2496 mereantur.

216 2545 427 2596 Amen.
453 2537 595 2594 Has
629 2549 776 2603 ergo
794 2531 1029 2588 villulas
1055 2535 1114 2587 et
1135 2547 1229 2585 res
1255 2531 1386 2600 jam
1405 2529 1595 2584 dictus
1617 2526 1885 2583 Aldricus

219 2624 556 2696 episcopus
583 2617 838 2690 praeﬁxo
865 2613 1289 2671 monasteriolo
1315 2617 1376 2669 et
1402 2611 1710 2668 monachis
1740 2609 1886 2666 inibi

219 2711 480 2769 Domino
507 2708 588 2764 de
617 2704 900 2776 gentibus
920 2717 1028 2774 per
1051 2718 1227 2758 suum
1258 2700 1636 2773 privilegium
1666 2698 1885 2755 conﬁr-

229 2800 414 2857 mavit
447 2811 574 2856 una
619 2809 758 2852 cum
788 2789 1031 2848 licentia
1055 2788 1285 2846 domini
1325 2787 1604 2844 Ludovici
1635 2785 1888 2859 piissimi

227 2884 628 2960 imperatoris,
649 2887 709 2941 et
735 2897 855 2938 una
877 2895 1017 2939 cum
1044 2893 1344 2934 consensu
1361 2877 1623 2933 Ursmari
1651 2876 1741 2931 sui
1763 2890 1888 2930 me-

2003 395 2238 452 licentia
2269 402 2326 452 et
2352 396 2571 452 auxilio
2604 394 2782 449 fultus
2813 393 2939 448 haec
2973 408 3149 460 agere
3193 393 3391 464 erepit,
3454 395 3510 447 et
3538 405 3649 464 pro

2003 485 2285 539 omnibus
2316 486 2424 539 sibi
2457 483 2794 539 commissis
2826 481 3105 551 gregibus
3146 484 3203 537 et
3231 480 3470 554 populis
3500 479 3646 536 ﬁde-

2001 571 2130 627 liter
2159 579 2215 627 et
2247 571 2676 627 incessabiliter
2688 570 2783 626 die
2801 575 3101 641 noctuque
3117 568 3646 642 implorarent,seu

2000 677 2110 733 pro
2139 660 2425 716 omnibus
2444 664 2662 715 sanctae
2696 659 2797 714 Dei
2816 658 3087 714 Ecclesiae
3117 658 3250 713 ﬁliis
3278 657 3647 714 incessanter

2001 753 2239 805 orarent
2264 753 2328 804 ut
2357 747 2645 803 Dominus
2692 747 2964 803 Salvator
2997 750 3220 812 noster,
3245 746 3350 817 qui
3373 761 3483 802 nos
3509 761 3645 817 pro-

2001 839 2130 910 prio
2147 837 2438 906 sanguine
2455 835 2726 906 redemit,
2741 835 2837 890 die
2858 839 3162 908 noctuque
3179 835 3239 889 in
3269 850 3378 889 suo
3407 835 3642 891 servitio

2001 933 2057 983 et
2077 927 2154 982 ad
2182 942 2352 981 suam
2384 922 2793 998 peragendam
2815 921 3189 979 voluntatem
3206 921 3431 995 ubique
3453 927 3642 979 custo-

1999 1015 2144 1086 diat,
2171 1030 2525 1086 semperque
2549 1012 2777 1067 felicem
2804 1011 2989 1067 vitam
3017 1010 3236 1066 ducere
3265 1011 3575 1077 concedat,
3589 1015 3646 1067 et

1999 1104 2072 1159 ad
2125 1104 2465 1158 societatem
2513 1107 2857 1157 sanctorum
2907 1099 3411 1155 intercedentibus
3441 1116 3642 1156 servo-

1999 1209 2133 1248 rum
2163 1197 2220 1247 et
2247 1197 2590 1247 sanctorum
2620 1189 2718 1245 Dei
2750 1189 2974 1244 meritis
2993 1187 3323 1261 perducere
3340 1187 3639 1258 dignetur.

2699 1297 2936 1352 XXVIII.

1999 1397 2488 1453 Commemoratio
2519 1393 2590 1448 de
2633 1392 3040 1448 mansionibus
3070 1397 3126 1447 et
3164 1391 3476 1447 novalibus
3506 1406 3640 1461 qua!

2061 1469 2356 1536 praefatus
2381 1467 2426 1520 A
2442 1467 2665 1520 tdricus
2693 1465 3103 1536 Cenomanica:
3130 1464 3292 1517 urbis
3332 1463 3638 1531 episcopus

2065 1535 2146 1594 ad
2175 1538 2496 1593 utilitatem
2525 1543 2750 1591 sancite
2799 1537 2908 1592 Dei
2951 1535 3227 1591 Ecclesiae
3278 1548 3638 1604 suorumque

2064 1625 2366 1665 servorum
2401 1615 2452 1662 et
2481 1609 2963 1663 sustentationem
2976 1622 3313 1676 pauperum
3343 1607 3463 1662 sive
3483 1605 3635 1659 indi-

2063 1681 2325 1750 gentium
2347 1686 2524 1750 atque
2553 1681 3026 1750 supplementum
3046 1677 3159 1732 sibi
3173 1677 3631 1746 famulantium,

2063 1749 2117 1806 et
2149 1751 2228 1806 ad
2254 1749 2471 1805 alenda
2503 1751 2620 1805 sive
2652 1749 2974 1806 nutrienda
3005 1764 3246 1819 pecora,
3293 1753 3636 1804 construere

2063 1828 2116 1878 et
2149 1822 2481 1890 exstirpare
2496 1820 2747 1877 studuit.

2063 1913 2236 1965 Juxta
2267 1910 2696 1965 monasterium
2747 1909 2935 1965 sancti
2963 1909 3278 1966 Salvatoris
3304 1924 3492 1964 unam
3523 1907 3635 1964 sibi

1998 1998 2074 2054 ad
2100 1997 2560 2053 inhabitandam
2584 1997 2719 2054 fecit
2747 1998 3210 2064 mansionem,et
3223 1997 3285 2053 in
3305 2001 3507 2053 monte
3539 1999 3636 2053 Se-

1996 2087 2236 2143 doneris
2264 2092 2398 2142 octo
2417 2087 2550 2142 fecit
2579 2087 2981 2157 mansionilia,
3004 2090 3060 2142 et
3088 2086 3150 2142 in
3177 2085 3359 2142 rebus
3390 2085 3465 2141 de
3494 2084 3636 2141 villa

1996 2176 2371 2232 Vodebistria
2419 2176 2492 2230 de
2537 2176 2882 2232 Caterniaco
2921 2176 3053 2242 tria,
3085 2175 3146 2230 in
3173 2175 3460 2230 Ruiniaco
3501 2173 3634 2244 tria,

1998 2280 2177 2338 super
2226 2263 2537 2319 tluviolum
2561 2265 2780 2320 Miliciae
2836 2263 2969 2332 tria,
3001 2262 3154 2317 inter
3202 2261 3538 2331 Agniacum
3580 2263 3636 2316 et

1997 2356 2142 2411 silva
2169 2353 2390 2409 Briscia
2417 2355 2545 2418 tria,
2577 2353 2640 2408 in
2678 2351 3038 2407 Drumniaco
3087 2350 3232 2420 duo,
3288 2349 3350 2405 in
3379 2348 3639 2406 Mentula

1996 2446 2070 2500 de
2101 2445 2327 2500 ratione
2356 2447 2576 2498 sanctas
2625 2442 2816 2498 Maria:
2846 2441 2990 2510 duo,
3043 2440 3103 2496 in
3150 2439 3406 2498 Mentula
3437 2439 3637 2496 Sancti

1997 2533 2194 2588 Albini
2222 2537 2279 2587 et
2306 2532 2552 2587 fratrum
2583 2530 2873 2598 unum,in
2906 2529 3210 2586 Novavilla
3235 2528 3458 2597 duo,in
3489 2528 3636 2585 Rino

1997 2627 2235 2694 petroso
2268 2637 2476 2680 unum.
2508 2621 2569 2676 in
2617 2620 2895 2677 Colonica
2937 2635 3108 2676 secus
3153 2619 3387 2686 urbem,
3416 2618 3475 2674 in
3502 2618 3636 2676 loco

1997 2712 2099 2784 qui
2124 2711 2340 2766 dicitur
2390 2709 2654 2782 Vivariis,
2687 2726 2898 2776 unum,
2948 2709 3009 2765 in
3046 2709 3242 2766 Puscit
3269 2708 3413 2776 duo,
3447 2709 3509 2764 in
3537 2708 3638 2766 illa

1997 2812 2106 2851 rua
2135 2795 2287 2850 ultra
2308 2795 2558 2849 ﬂuvium
2590 2794 2814 2850 Sarthte
2854 2794 2998 2862 duo,
3045 2793 3107 2849 in
3147 2794 3249 2850 illa
3295 2809 3407 2849 rua
3441 2794 3637 2850 Sancti

1998 2884 2280 2941 Vincentii
2309 2900 2520 2951 unum,
2566 2884 2626 2938 in
2661 2883 3075 2940 Laudemauro
3116 2899 3328 2949 unum,
3360 2882 3423 2938 in
3448 2883 3638 2940 Bella-

232 2973 577 3060 tropolitani
627 2977 682 3032 et
716 2975 1072 3060 creterorum
1117 2983 1369 3025 suorum
1412 2964 1889 3060 comprovincia-
1919 3004 1960 3060 Ο
2001 2973 2149 3029 silva
2179 2973 2308 3040 tria,
2341 2974 2401 3028 in
2433 2973 2580 3028 silva
2629 2973 3044 3029 Laudensinde
3082 2973 3226 3040 duo,
3266 2971 3328 3027 in
3351 2971 3489 3028 villa
3518 2971 3639 3027 Tri-

238 3059 388 3118 lium
447 3062 787 3114 sanctorum
840 3055 1286 3126 episcoporum,
1345 3066 1657 3108 assensum
1707 3048 1890 3104 etiam

239 3148 543 3220 praebente
571 3146 851 3202 universo
883 3142 1092 3198 ordine
1122 3145 1179 3198 et
1206 3141 1366 3198 clero
1397 3139 1509 3196 sibi
1537 3138 1888 3203 commisso,

247 3237 376 3296 sive
405 3239 616 3290 cuncto
666 3237 823 3290 coetu
850 3231 1262 3289 Cenomanicae
1311 3230 1375 3286 in
1417 3227 1708 3301 parochia
1734 3225 1889 3283 mili-

252 3323 521 3380 tantium
556 3319 925 3376 sacerdotum
967 3336 1034 3378 ac
1069 3319 1392 3378 levitarum
1443 3317 1611 3388 atqui
1639 3314 1890 3386 reliquo-

262 3426 414 3468 rum
439 3423 729 3468 sacrorum
756 3407 1024 3465 ordinum
1049 3409 1484 3466 ministrorum.

331 3583 829 3641 Commemoratus
851 3499 1442 3654 namxciiiglaldricus,
1475 3575 1890 3636 Cenomanicaa

248 3671 459 3731 matris
486 3669 742 3732 eccleSise
765 3670 1106 3743 episcopus,
1153 3670 1362 3728 divino
1393 3669 1622 3726 honore
1655 3667 1890 3726 fervens

246 3762 474 3835 pariter
520 3763 577 3819 et
624 3775 831 3820 amore
872 3760 1308 3822 monasterium
1357 3758 1552 3817 Sancti
1603 3755 1891 3813 Vincentii

236 3853 418 3923 juxta
457 3849 917 3910 Cenomanicam
968 3849 1183 3909 urbem
1212 3848 1392 3908 situm
1443 3846 1619 3919 quasi
1644 3862 1685 3906 a
1728 3861 1891 3902 novo

237 3938 626 3999 resediﬁcavit
655 3941 710 3993 et
741 3951 1031 3994 renovare
1076 3936 1323 4004 studuit,
1355 3935 1676 4009 ipsamque
1707 3933 1891 3992 eccle-

236 4031 391 4088 siam
422 4027 623 4086 Sancti
651 4026 936 4088 Yincentii
960 4025 1367 4096 teguminibus
1396 4029 1454 4086 et
1477 4024 1606 4082 aliis
1627 4021 1890 4081 aediﬁciis

235 4133 457 4176 ornare
486 4115 732 4175 interius
783 4116 1162 4188 exteriusque
1197 4128 1323 4172 non
1363 4113 1612 4177 distulit,
1638 4117 1695 4170 et
1718 4112 1890 4183 juxta

232 4225 373 4264 eum
401 4207 470 4262 in
499 4204 841 4277 aquilonari
869 4209 1035 4276 parte
1075 4203 1405 4262 claustrum
1448 4201 1889 4260 monachorum

231 4314 354 4353 una
385 4311 534 4354 cum
558 4293 690 4350 aliis
718 4292 988 4350 aediﬁciis
1016 4310 1154 4367 quae
1184 4293 1265 4350 ad
1295 4309 1501 4349 curam
1532 4294 1589 4348 et
1616 4289 1888 4360 regulam

1999 3063 2183 3117 cionis
2213 3061 2498 3135 quinque,
2529 3078 2708 3134 super
2744 3062 2997 3119 ﬂuvium
3029 3062 3132 3118 Liti
3171 3063 3342 3133 juxta
3368 3061 3639 3117 Culturas

1997 3151 2141 3219 duo,
2163 3151 2224 3206 in
2255 3158 2457 3206 monte
2484 3153 2670 3224 ipsius
2699 3151 2874 3218 villas,
2905 3151 3010 3206 ubi
3038 3151 3210 3205 vinea
3232 3150 3480 3219 antiqua
3508 3149 3638 3218 fuit,

1999 3240 2283 3304 unum,in
2316 3239 2458 3293 silva
2494 3238 2778 3293 Vaustina
2805 3241 3056 3307 septem,
3084 3236 3145 3289 in
3178 3235 3477 3291 Monciaco
3503 3235 3636 3304 tria,

1997 3328 2059 3383 in
2088 3329 2292 3382 Canon
2321 3326 2464 3395 duo,
2495 3326 2556 3380 in
2605 3324 2831 3380 Noiolio
2860 3339 3072 3391 unum,
3116 3322 3234 3380 hoc
3264 3327 3373 3390 est,
3397 3322 3458 3379 in
3482 3321 3640 3381 Vau-

1999 3411 2170 3478 stina,
2203 3411 2264 3465 in
2297 3409 2655 3466 Vindoninse
2699 3424 2859 3482 pago
2882 3423 3096 3474 unum,
3139 3407 3202 3465 in
3244 3406 3381 3466 villa
3408 3409 3642 3483 Cipetra

1999 3517 2178 3574 super
2206 3499 2459 3556 ﬂuvium
2490 3501 2714 3557 Sarthee
2758 3515 2968 3567 unum,
3003 3500 3066 3555 in
3094 3498 3372 3556 Parciaco
3423 3516 3638 3571 unum,

1999 3591 2059 3647 in
2109 3591 2393 3648 Casiliaco
2430 3591 2577 3657 duo,
2635 3590 2697 3646 in
2728 3590 2943 3647 Aciaco
2989 3605 3202 3658 unum,
3258 3588 3322 3645 in
3374 3591 3641 3663 Rupiaco

1998 3680 2130 3747 tria,
2178 3680 2238 3736 in
2281 3679 2568 3736 Asinal‘iis
2594 3679 2734 3735 villa
2774 3679 3024 3736 fratrum
3071 3679 3216 3748 duo,
3244 3679 3307 3735 in
3359 3679 3642 3738 Colonica

1999 3769 2142 3833 duo,
2171 3768 2233 3824 in
2287 3774 2452 3824 vetus
2482 3769 2681 3823 vicum
2735 3784 2946 3836 unum,
3001 3767 3061 3823 in
3090 3768 3354 3825 Celsiaco
3404 3768 3548 3837 duo,
3576 3769 3640 3826 in

2001 3859 2304 3915 Stauriaco
2323 3858 2384 3913 in
2406 3873 2566 3930 pago
2583 3857 2994 3929 Bajocassimo
3006 3856 3149 3926 duo,
3162 3856 3223 3912 in
3249 3856 3394 3913 silva
3414 3858 3643 3914 Blanau

1998 3947 2060 4002 in
2087 3963 2247 4019 pago
2278 3947 2598 4004 Oxominse
2627 3947 2770 4016 duo,
2812 3945 2872 4002 in
2903 3944 3198 4018 Spelteriis
3224 3943 3366 4001 villa
3388 3944 3641 4002 fratrum

1997 4035 2140 4107 duo,
2171 4038 2233 4092 in
2285 4036 2563 4093 Calonica
2599 4036 2742 4104 duo,
2774 4035 2836 4092 in
2879 4037 3050 4092 vetus
3089 4033 3290 4090 vicum
3334 4049 3546 4104 unum,
3577 4034 3639 4092 in

2000 4131 2199 4183 Durno
2229 4143 2438 4194 unum,
2471 4128 2532 4182 in
2560 4126 2826 4184 Canania
2855 4127 2986 4198 tria,
3011 4125 3153 4182 etin
3185 4124 3489 4183 Culcanna
3518 4125 3642 4182 sive

1998 4214 2077 4271 ad
2109 4218 2391 4271 Sanctum
2442 4217 2746 4271 Iulianum
2788 4215 2931 4287 duo,
2982 4216 3154 4288 juxta
3207 4215 3641 4272 monasterium

2001 4300 2187 4355 sancti
2233 4300 2526 4373 Carilephi
2583 4315 2764 4372 super
2797 4299 2944 4355 illud
2995 4315 3290 4371 magnum
3347 4300 3642 4356 vivarium

231 4399 448 4445 eorum
500 4383 796 4454 pertinere
839 4348 1135 4447 Videntur.
1187 4386 1365 4455 prout
1406 4380 1620 4441 melius
1674 4377 1887 4451 potuit,
1914 4348 1964 4406 Β
2003 4403 2211 4456 unum,
2262 4389 2341 4444 ad
2398 4348 2831 4445 uionastelrium
2861 4387 3044 4459 aliud,
3087 4348 3164 4446 εἶά
3216 4389 3485 4446 Belmont
3527 4393 3643 4446 ter-

232 4479 588 4534 construere
611 4478 670 4528 et
707 4487 922 4530 ornare
951 4471 1350 4544 nobiliterque
1385 4474 1444 4530 et
1475 4469 1772 4541 sapienter
1801 4471 1888 4524 at-

234 4580 350 4637 que
411 4560 704 4626 decenter
773 4577 1139 4635 componere
1197 4560 1441 4620 studuit.
1511 4564 1575 4619 In
1639 4557 1892 4631 praefato

236 4655 463 4727 quippe
493 4652 868 4708 monasterio
900 4651 1128 4724 praeﬁxi
1161 4651 1359 4708 Sancti
1387 4649 1692 4715 Vincentii,
1723 4645 1890 4720 quod

241 4758 382 4812 pene
414 4740 696 4796 dirutum
741 4745 801 4796 et
837 4740 1013 4812 quasi
1054 4740 1434 4799 annullatum
1487 4737 1733 4807 invenit,
1761 4737 1891 4807 jam

247 4845 465 4900 magna
497 4845 573 4884 ex
603 4832 776 4900 parte
804 4828 1187 4899 remdiﬁcato,
1217 4829 1421 4902 posuit
1447 4826 1804 4893 monachos,
1829 4828 1894 4880 ut

255 4916 591 4985 regulariter
645 4917 706 4980 in
733 4932 805 4972 eo
855 4916 1142 4982 viverent,
1189 4921 1249 4979 et
1276 4917 1497 4974 multos
1543 4916 1622 4974 ad
1657 4912 1894 4970 Domini

266 5001 560 5062 salvatoris
587 5005 896 5061 servitium
925 5009 985 5062 et
1008 5006 1087 5062 ad
1115 5006 1393 5064 decorem
1415 5009 1634 5063 sanctae
1661 5003 1763 5059 Dei
1791 5004 1895 5059 Ec-

263 5090 449 5146 desire
478 5095 858 5164 attraherent,
874 5097 934 5151 et
961 5095 1038 5152 ad
1058 5095 1294 5156 lucrum
1320 5095 1661 5155 animarum
1685 5096 1742 5149 et
1770 5107 1896 5148 cor-

249 5194 488 5253 porum
509 5182 622 5238 sive
649 5183 728 5245 ad
761 5184 1159 5242 salvationem
1193 5189 1251 5241 et
1279 5183 1700 5242 exaltationem
1731 5180 1892 5238 Chri-

244 5269 433 5328 stiani
445 5272 642 5341 pepuli
654 5271 878 5332 multos
891 5274 1556 5345 acquirerent,suasque
1569 5277 1747 5344 atque
1757 5270 1897 5327 alio-

231 5375 373 5416 rum
389 5357 456 5418 in
465 5374 502 5414 n
513 5359 931 5418 umerabilium
943 5361 1180 5420 animas
1194 5361 1594 5435 multipliciter
1603 5360 1746 5416 inibi
1757 5376 1895 5426 san-

230 5455 319 5505 cte
341 5453 402 5506 et
423 5446 595 5520 juste
620 5451 821 5522 acEpie
860 5455 919 5507 et
955 5451 1304 5520 regulariter
1331 5451 1598 5507 viventes
1643 5449 1896 5506 Domino

227 5539 561 5610 lucrarent,
581 5543 638 5595 et
662 5556 776 5612 pro
800 5540 1031 5596 domno
1063 5541 1363 5598 Ludovico
1384 5541 1741 5614 imperatore
1772 5539 1896 5596 sive

224 5646 338 5702 pro
352 5632 406 5703 ej
416 5646 496 5688 us
515 5631 783 5704 conjuge
793 5632 823 5686 J
832 5630 1388 5706 udithimperatrice
1401 5636 1582 5705 atque
1594 5647 1707 5704 pro
1729 5630 1899 5688 nobi-

1999 4477 2148 4532 tium
2173 4477 2345 4547 juxta
2367 4478 2708 4535 Maceriolas
2734 4480 3013 4550 quatuor,
3029 4477 3202 4550 juxta
3228 4478 3393 4535 illam
3427 4477 3644 4534 silvam

1999 4581 2183 4637 quam
2215 4566 2580 4624 Godefredus
2606 4566 2742 4623 fecit
2765 4567 3033 4639 quinque
3061 4567 3125 4622 in
3170 4565 3506 4622 Panitiariis
3537 4580 3643 4620 sex

1999 4657 2056 4710 et
2080 4657 2309 4726 septem
2340 4656 2397 4710 in
2426 4671 2644 4727 campo
2676 4654 3037 4712 Cabalorum
3069 4658 3202 4708 octo
3232 4657 3289 4707 et
3315 4665 3557 4719 novem,
3579 4649 3644 4705 in

1999 4747 2156 4799 Mont
2180 4747 2366 4817 Camp
2392 4744 2623 4810 decem,
2655 4745 2716 4798 in
2765 4743 3024 4797 Bovonis
3077 4740 3279 4794 villare
3307 4753 3520 4810 unum,
3580 4738 3645 4795 in

1998 4833 2197 4888 villam
2225 4849 2445 4890 novam
2475 4833 2697 4901 duo,in
2729 4829 3018 4885 Varinnas
3047 4826 3189 4896 duo,
3214 4825 3294 4885 ad
3319 4827 3646 4888 Buciacum

1998 4936 2210 4988 unum,
2238 4921 2298 4975 in
2342 4919 2478 4975 luco
2528 4918 2742 4973 Aldrici
2786 4929 2998 4986 unum,
3029 4917 3091 4974 in
3139 4917 3413 4991 Cipetum
3464 4937 3647 4995 super

1999 5007 2246 5064 ﬂuvium
2281 5007 2391 5063 Lizi
2420 5006 2479 5062 in
2534 5006 2709 5062 Belsa
2734 5021 2947 5074 unum,
2988 5004 3050 5062 in
3098 5007 3325 5065 Pertica
3353 5007 3431 5065 ad
3481 5010 3647 5067 illam

2002 5096 2214 5154 cellam
2245 5111 2454 5166 unum,
2495 5097 2557 5153 in
2601 5095 3027 5153 Runviciacum
3071 5112 3282 5166 unum,
3313 5097 3375 5152 in
3417 5098 3646 5156 Stiviale

2003 5199 2213 5251 unum,
2245 5183 2323 5239 ad
2345 5183 2687 5240 mansiones
2708 5184 2879 5255 juxta
2907 5181 3139 5239 furcam
3160 5183 3415 5252 Burgast
3432 5198 3645 5253 unum,

2001 5273 2064 5330 in
2091 5273 2404 5330 Fraxinido
2434 5275 2494 5329 in
2525 5274 2698 5330 Belsa
2747 5274 2808 5329 in
2839 5272 3172 5329 Vuodebris
3213 5288 3427 5345 unum,
3472 5274 3650 5346 juxta

2006 5364 2330 5420 Vuodebris
2373 5363 2433 5418 in
2460 5362 2594 5419 loco
2639 5361 2742 5435 qui
2771 5361 2986 5419 dicitur
3031 5359 3111 5418 ad
3140 5365 3418 5418 sanctum
3457 5367 3650 5423 Pater-

2002 5469 2151 5510 num
2175 5468 2386 5523 unum,
2417 5451 2479 5507 in
2522 5450 2793 5508 Flaciaco
2822 5467 3032 5519 unum,
3082 5450 3143 5506 in
3173 5451 3418 5507 Ruﬁaco
3473 5470 3652 5527 super

2007 5542 2280 5600 Sartham
2311 5556 2522 5605 unum,
2573 5540 2651 5595 ad
2699 5539 3041 5597 Curtunvelt
3085 5555 3298 5608 unum,
3351 5541 3410 5594 in
3454 5541 3648 5597 Brimo

2005 5646 2218 5703 unum,
2275 5631 2337 5687 in
2365 5629 2507 5687 villa
2558 5632 2835 5688 Maurane
2884 5643 3094 5698 unum,
3149 5629 3212 5685 in
3249 5628 3531 5684 Breniaco
3585 5629 3646 5681 in
