4160 6182
448 139 516 190 55
1557 127 1837 187 ALDRICI
1877 124 2403 185 CENOMANENSIS
2446 130 2751 188 EPISCOPI
3793 125 3870 184 56

451 258 875 318 Bruslondinse
895 271 1102 328 unum,
1118 257 1178 312 in
1200 257 1511 312 Brinnaico
1531 257 1593 311 in
1612 253 1924 310 Exominse
1945 268 2096 324 qua-
2128 253 2176 304 A
2215 259 2616 313 antecessores
2666 256 2783 312 mei
2828 253 3062 310 dudum
3114 252 3450 310 inhabitare
3490 251 3869 309 solebamus.

452 355 606 417 tuor,
632 349 710 404 ad
733 347 968 404 Cervias
1002 363 1211 413 unum,
1237 345 1311 400 ad
1341 348 1479 401 Curt
1498 343 1756 400 Cardrici
1781 359 1991 409 unum,
2021 342 2100 396 ad

457 441 764 496 Piscosam
791 437 1092 506 unum,ad
1123 437 1311 490 Gaure
1342 450 1552 502 unum,
1572 434 1632 488 in
1666 435 1980 488 Sarcinaco
2010 448 2103 486 su-

459 545 567 601 per
596 527 848 582 ﬂuvium
874 525 1227 582 Meduanam
1246 537 1456 589 unum,
1481 525 1543 577 in
1570 522 1860 578 Cambion
1891 537 2101 584 unum,

463 616 526 671 in
557 614 868 683 Bolsingas
896 627 1104 677 unum,
1124 609 1186 664 in
1217 609 1493 679 Autlinga
1525 611 1794 666 Saxoniae
1830 608 2107 677 unum,in

465 704 657 758 Alona
687 716 895 765 unum,
921 699 1095 768 juxta
1122 713 1409 770 campum
1473 697 1738 768 Sigelaici
1797 713 2006 764 unum,
2047 697 2107 750 in

467 790 750 846 Brisciola
767 785 1037 855 unum,in
1056 785 1627 855 Molindareslingres
1642 788 1918 853 unum,in
1934 788 2112 841 Mont-

469 876 794 933 mercantin
844 891 1053 940 unum,
1099 873 1161 928 in
1191 873 1411 928 ﬁnibus
1453 874 1899 929 Culturensibus
1942 873 2113 944 juxta

468 969 709 1021 Truecto
764 980 1006 1018 sursum
1036 963 1097 1017 in
1146 963 1244 1017 illo
1276 968 1478 1018 monte
1531 980 1561 1018 e
1607 968 1813 1018 contra
1849 965 2112 1018 Montcue

470 1071 682 1122 unum,
712 1053 774 1114 in
808 1053 957 1107 silva
986 1052 1243 1107 Carnida
1286 1053 1572 1123 quinque,
1625 1052 1685 1106 in
1717 1051 2018 1108 Novavilla
2055 1050 2115 1104 in

469 1143 793 1199 Audecavo
821 1157 1030 1209 unum,
1053 1142 1112 1196 in
1145 1156 1361 1211 campo
1390 1141 1673 1196 Seutdom
1695 1155 1816 1195 una
1843 1157 1980 1194 cum
2006 1155 2118 1194 sua

473 1230 721 1286 ecclesia
748 1246 960 1298 unum,
983 1229 1042 1284 in
1099 1229 1328 1284 cultura
1356 1245 1485 1300 quae
1532 1227 1989 1283 monasteriolus
2019 1243 2120 1283 vo-

474 1324 643 1374 catur
672 1335 884 1384 unum,
916 1318 977 1372 in
996 1317 1095 1372 illo
1117 1322 1318 1372 monte
1350 1317 1429 1372 ad
1462 1317 1686 1372 Archas
1710 1333 1919 1383 unum,
1948 1316 2121 1387 juxta

473 1408 836 1463 Sabonarias
849 1423 1035 1461 unum
1045 1451 1057 1474 ,
1061 1407 1080 1477 j
1093 1411 1231 1462 uxta
1249 1406 1573 1462 Proliacum
1592 1406 1890 1461 latronum
1907 1421 2118 1476 unum,

475 1497 537 1551 in
567 1495 887 1551 Contiliaco
917 1511 1126 1559 unum,
1169 1495 1228 1549 in
1257 1494 1529 1551 Contidla
1565 1510 1776 1565 unum,
1806 1494 1885 1549 ad
1917 1493 2121 1548 villam

2215 345 2561 401 I’i‘iedictam
2605 361 2746 414 ergo
2777 344 3028 399 domum
3055 345 3323 398 nostram
3350 346 3529 413 atque
3549 340 3876 414 praefatum

2213 431 2434 502 locum,
2457 451 2597 489 cum
2627 433 2909 489 omnibus
2926 431 3192 486 aediﬁciis
3217 430 3610 502 superpositis
3639 434 3698 485 et
3720 430 3873 486 aedi-

2214 521 2425 591 ﬁcatis,
2458 522 2598 577 dedi
2640 520 2944 578 canonicis
2973 518 3191 574 nostris
3217 518 3551 573 secundum
3592 518 3874 574 ordinem

2217 610 2574 666 canonicum
2600 610 2679 666 ad
2727 607 3212 664 inhabitandum.
3258 611 3463 678 Ipsum
3509 623 3756 679 quoque
3787 607 3876 662 lo-

2217 715 2355 753 cum
2385 698 2633 754 demum
2654 699 2713 753 in
2740 697 2991 752 modum
3011 696 3442 766 claustrijuxta
3467 696 3686 750 virium
3709 711 3876 751 mea-

2217 802 2352 841 rum
2404 787 2868 842 imbecillitatem
2927 791 3259 840 restaurare
3291 784 3514 852 curavi,
3548 789 3603 839 et
3643 784 3876 841 ibidem

2221 875 2555 930 secundum
2580 875 2934 931 canonicam
2960 873 3390 929 institutionem
3423 889 3494 928 ac
3525 878 3876 929 sanctorum

2223 968 2460 1035 patrum
2503 964 2775 1019 ordinem
2827 961 3250 1019 canonicaliter
3300 963 3418 1017 Deo
3469 965 3526 1016 et
3572 961 3875 1034 praedictas

2223 1052 2480 1108 ecclesiae
2540 1054 2862 1107 servientes
2910 1050 3130 1122 pariter
3177 1049 3399 1105 institui
3432 1050 3648 1120 degere
3683 1049 3871 1106 vitam

2225 1145 2283 1196 et
2318 1140 2396 1196 ad
2444 1141 2767 1196 canonicas
2815 1140 2944 1212 pari
2973 1139 3157 1197 modo
3210 1142 3457 1194 cunctos
3487 1137 3879 1194 devotissime

2227 1245 2579 1284 concurrere
2600 1229 2798 1291 horas,
2833 1245 2903 1283 ac
2949 1232 3218 1300 tempore
3255 1227 3610 1292 refectionis,
3644 1229 3712 1281 ut
3740 1242 3883 1282 san-

2229 1323 2357 1372 ctus
2385 1317 2712 1372 canonialis
2742 1317 2890 1373 ordo
2921 1315 3112 1382 docet,
3148 1316 3222 1370 ad
3252 1331 3460 1371 eorum
3491 1314 3878 1370 refectionem

2229 1405 2415 1461 nostri
2469 1405 2664 1476 operis
2695 1405 2893 1461 studio
2939 1405 3170 1461 noviter
3199 1403 3560 1459 aediﬁcatum
3610 1403 3689 1459 ad
3743 1403 3879 1460 reti-

2233 1493 2512 1549 ciendum
2543 1498 2876 1559 occurrant,
2911 1500 2967 1549 et
2987 1492 3192 1549 omnia
3221 1509 3356 1565 quae
3387 1492 3463 1547 ad
3485 1492 3752 1564 corporis
3779 1509 3879 1548 su-

478 1584 929 1651 Hulduminum,
958 1583 1037 1638 ad
1071 1583 1320 1639 Fraxino
1342 1583 1402 1637 in
1435 1582 1653 1637 ﬁnibus
1679 1582 1883 1638 Balian
1911 1598 2118 1637 unum.
2152 1600 2195 1652 Β
2233 1582 2648 1638 stentationem
2675 1583 2986 1655 pertinent,
3022 1581 3357 1637 secundum
3389 1581 3662 1636 ordinem
3694 1597 3880 1637 cano-

553 1676 700 1730 Sunt
728 1673 790 1728 in
822 1689 1063 1727 summa
1089 1676 1329 1727 centum
1347 1671 1785 1743 quinquaginta
1809 1671 1931 1727 duo
1957 1687 2124 1726 man-

479 1762 712 1818 sionilia
744 1779 779 1818 a
809 1776 963 1818 novo
981 1760 1230 1816 fundata
1251 1765 1307 1815 et
1334 1759 1694 1815 retediticata
1713 1776 1836 1816 non
1852 1760 2120 1816 minima.

1223 1850 1395 1905 ΧΧΙΧ.

552 1939 776 1997 Placuit
802 1955 1046 2012 quoque
1075 1939 1136 1993 in
1175 1938 1289 1994 hoc
1317 1937 1608 2009 opusculo
1635 1940 1894 1994 inserere
1924 1953 2125 1993 exem-

481 2030 674 2102 plaria
699 2027 1147 2100 privilegiorum
1168 2025 1397 2098 praefati
1428 2027 1780 2098 episcopi,et
1807 2031 2130 2098 praecepto-

482 2134 618 2174 rum
642 2117 718 2173 ab
733 2116 1195 2188 imperatoribus
1221 2119 1275 2169 et
1292 2114 1532 2184 regibus
1549 2131 1730 2187 supra
1745 2115 1876 2187 ipsa
1899 2114 2132 2186 privile-

483 2206 582 2276 gia
595 2205 890 2260 ﬁrmitatis
908 2203 1104 2258 studio
1126 2221 1161 2260 a
1179 2203 1507 2276 prescripto
1523 2203 1750 2258 domno
1764 2203 1996 2259 Aldrico
2013 2204 2131 2276 epi-

485 2310 669 2366 scopo
697 2293 1036 2365 impetrata,
1067 2308 1142 2348 ne
1169 2292 1372 2364 aliqua
1395 2292 1839 2348 machinatione
1883 2293 2131 2365 praefata

483 2381 796 2453 privilegia
823 2385 1270 2452 quassarentur,
1311 2381 1741 2453 imperatorum
1782 2386 1838 2436 et
1876 2397 2130 2450 regnum

486 2468 935 2526 auctoritatibus
955 2469 1470 2541 conﬁrmata,quae
1485 2469 1610 2523 suis
1628 2468 1940 2524 monachis
1957 2475 2011 2524 et
2038 2485 2132 2524 ca-

485 2555 719 2612 nonicis
774 2556 848 2610 de
878 2554 1247 2626 quibusdam
1301 2557 1478 2611 rebus
1508 2561 1564 2611 et
1597 2555 1809 2610 villulis
1864 2555 2016 2623 fecit,
2070 2559 2136 2612 ut

489 2660 699 2699 eorum
731 2643 1026 2716 stipendia
1071 2643 1321 2715 pleniter
1346 2645 1653 2710 haberent,
1696 2649 1752 2700 et
1789 2645 2021 2716 absque
2049 2645 2137 2700 in—

489 2731 752 2802 digentia
780 2731 1032 2786 Domino
1059 2732 1363 2799 servirent,
1389 2739 1445 2787 et
1467 2736 1654 2786 mater
1683 2732 1931 2788 ecclesia
1958 2749 2134 2788 suum

491 2819 864 2892 privilegium
889 2819 1138 2892 pleniter
1171 2820 1463 2890 retineret,
1497 2821 1647 2876 sicut
1674 2821 1734 2876 in
1765 2821 2136 2894 subsequen-

490 2907 650 2964 tibus
680 2908 809 2964 haac
842 2908 990 2964 scire
1026 2914 1082 2965 et
1110 2909 1468 2978 investigare
1510 2908 1843 2966 volentibus
1891 2911 2138 2967 inveniri
2167 2948 2208 3001 Ο

488 2998 724 3072 poterit.

489 3106 826 3187 Ex‘emp‘lar
841 3105 1155 3187 privilegii
1181 3105 1339 3187 quod
1364 3105 1508 3187 fecit
1550 3112 1909 3187 memoratas
1946 3109 2142 3187 ponti:

557 3178 668 3246 fex
695 3177 994 3246 fratribus
1024 3178 1144 3231 suis
1177 3176 1250 3232 de
1268 3176 1529 3248 quinque
1545 3177 1974 3244 festivitatibus
1991 3180 2146 3234 anni

564 3253 617 3303 et
649 3247 722 3302 de
749 3249 898 3303 villa
928 3247 1238 3304 Buxariis.

564 3354 628 3405 In
657 3350 904 3404 nomine
934 3351 1122 3405 sancti
1151 3350 1469 3406 Salvatoris
1499 3357 1556 3407 et
1601 3355 1980 3410 veneratione
2009 3371 2144 3411 san-

495 3442 603 3492 cta:
635 3435 737 3490 Dei
765 3435 1062 3506 genitricis
1091 3437 1282 3493 Mariae
1313 3443 1778 3513 sanctorumque
1808 3448 2142 3515 martyrum

499 3521 802 3594 Stephani,
838 3523 1098 3579 Gervasii
1127 3529 1183 3579 et
1207 3525 1475 3597 Protasii,
1509 3544 1767 3597 quorum
1797 3531 2057 3587 ecclesiae
2080 3533 2145 3587 ti-

495 3611 768 3677 tularius,
797 3610 932 3668 licet
961 3611 1224 3683 indigne,
1276 3630 1407 3671 esse
1437 3615 1660 3684 videor,
1710 3633 1822 3688 ego
1847 3619 2142 3692 Aldricus,

495 3699 913 3756 Cenomanicae
942 3700 1106 3757 urbis
1125 3701 1407 3773 indignus
1429 3711 1485 3761 et
1502 3710 1778 3779 peccator
1802 3708 2142 3781 episcopus,

496 3788 696 3862 primo
725 3804 887 3845 anno
916 3789 1308 3847 ordinationis
1339 3809 1510 3865 mete,
1538 3796 1760 3868 oppido
1792 3800 2040 3852 moestus
2069 3798 2145 3854 de

498 3878 952 3935 conversatione
978 3877 1230 3936 fratrum
1253 3887 1309 3936 et
1334 3883 1761 3940 canonicorum
1778 3890 2140 3954 nostrorum,

499 3966 769 4037 quadam
796 3971 971 4023 nocte
1013 3967 1076 4023 in
1102 3970 1369 4026 oratione
1417 3973 1666 4044 positus,
1696 3979 1760 4029 ut
1787 3975 1965 4030 credo
1991 3975 2144 4030 divi-

498 4053 660 4108 nitus
688 4054 1032 4127 inspiratus,
1078 4059 1233 4130 ccepi
1270 4060 1529 4130 cogitare
1555 4067 1619 4118 ut
1654 4063 2060 4120 rationabilius
2089 4070 2146 4122 et

500 4142 788 4200 canonice
815 4143 1098 4211 viverent,
1119 4151 1300 4220 atque
1347 4150 1514 4221 quod
1544 4151 1731 4207 multo
1763 4169 1890 4220 seu,
1947 4159 2011 4210 ut
2036 4155 2145 4211 fer-

500 4235 615 4297 tur,
646 4229 811 4286 nullo
843 4236 1140 4290 transacto
1195 4239 1465 4309 tempore
1501 4238 1766 4296 habuere
1819 4241 2144 4299 claustrum

501 4318 812 4389 haberent,
834 4321 895 4377 in
921 4338 1044 4394 quo
1062 4325 1346 4380 canonice
1373 4331 1431 4382 et
1453 4329 1798 4398 regulariter
1827 4347 2144 4390 conversa-
2175 4300 2221 4353 Β

500 4411 706 4463 rentur
734 4414 791 4464 et
810 4410 1082 4480 religiose
1111 4428 1181 4468 ac
1207 4415 1628 4474 canonicaliter
1660 4420 1912 4476 Domino
1934 4421 2146 4479 devote

497 4494 859 4554 famulantes
885 4502 1280 4571 praesentibus
1311 4503 1528 4561 scilicet
1556 4512 1734 4581 atque
1764 4508 1972 4566 futuris
2001 4517 2149 4568 tem-

495 4584 746 4657 poribus
775 4587 1198 4644 inhabitarent.
1249 4594 1565 4650 Memorato
1597 4612 1737 4667 ergo
1767 4598 1828 4653 in
1882 4603 2148 4672 tempore

495 4687 606 4743 per
635 4690 998 4734 consensum
1028 4679 1391 4738 Landramni
1442 4685 1797 4742 venerabilis
1845 4689 2030 4744 nostri
2058 4706 2148 4746 ar-

495 4758 880 4853 chiepiscopi,
909 4783 1018 4824 seu
1047 4772 1104 4823 et
1149 4786 1256 4842 per
1307 4773 1714 4830 exorationem
1770 4778 2147 4850 comprovin-

495 4843 755 4942 cialiu.m_
783 4857 1129 4911 nostrorum
1186 4861 1458 4918 omnium
1503 4843 1947 4938 episcoporum,
2006 4867 2147 4923 dedi

491 4930 790 5000 praedictis
835 4941 1140 4997 canonicis
1170 4953 1387 5004 nostris
1416 4930 1667 5010 domum
1711 4930 1778 5010 in
1810 4930 2052 5012 dextera
2091 4962 2148 5013 et

493 5020 741 5076 australi
768 5031 934 5094 parte
963 5035 1370 5090 constructam
1409 5045 1626 5096 nostris
1666 5043 1824 5097 sedis
1855 5048 1911 5099 et
1936 5046 2145 5101 matris

490 5103 773 5176 ecclesiae,
805 5129 939 5184 quae
970 5122 1058 5172 est
1089 5129 1433 5181 consecrata
1462 5127 1524 5182 in
1552 5129 1780 5185 honore
1813 5133 2003 5187 sancti
2023 5133 2146 5189 Sal-

489 5286 857 5378 sanctorum,
915 5292 978 5348 id
1037 5300 1144 5366 est,
1175 5306 1396 5357 sanctae
1455 5306 1556 5361 Dei
1588 5286 1889 5378 geni—tricis
1928 5308 2141 5377 Mariae,

489 5375 835 5468 Sﬁnfiorpm
861 5386 1198 5453 martyrum
1222 5390 1486 5449 Gervasii
1513 5400 1568 5452 et
1588 5375 1835 5455 l’rotasii
1859 5396 1980 5451 sive
2009 5375 2145 5452 san-

487 5461 561 5512 cu
590 5461 892 5558 Siephani,
928 5469 1226 5546 Simulque
1250 5477 1310 5534 in
1355 5487 1740 5543 veneratione
1785 5489 1840 5544 et
1896 5485 2140 5545 nomine

484 5562 756 5610 omnium
787 5563 1132 5619 sanctorum
1158 5582 1170 5632 ;
1226 5581 1349 5640 qua
1373 5571 1552 5634 etiam
1582 5575 1647 5633 in
1703 5574 1892 5635 domo
1938 5588 2052 5656 ego
2083 5577 2141 5635 et

2232 1671 2436 1727 nicum
2465 1671 2715 1744 pleniter
2754 1671 3104 1744 percipiant.
3153 1673 3286 1726 Haac
3315 1685 3458 1739 ergo
3488 1670 3570 1725 ita
3613 1675 3878 1741 peracta,

2233 1760 2456 1816 accessi
2507 1759 2808 1815 humiliter
2861 1760 2940 1816 ad
2973 1759 3352 1815 clementiam
3383 1757 3592 1814 domni
3632 1758 3883 1814 senioris

2234 1854 2420 1910 nostri
2448 1852 2727 1909 Ludovici
2753 1853 3004 1926 piissimi
3029 1852 3427 1925 imperatoris,
3460 1858 3668 1924 petens
3701 1853 3781 1908 ab
3812 1869 3883 1909 eo

2234 1947 2299 1999 ut
2318 1959 2427 2015 pro
2454 1959 2564 1998 sua
2584 1943 2923 2013 largissima
2938 1943 3321 2014 eleemosyna
3346 1941 3574 2014 aliquid
3593 1942 3668 1997 de
3698 1942 3882 1998 rebus

2236 2038 2452 2087 nostrae
2484 2032 2641 2087 sedis
2692 2048 2762 2088 ac
2802 2031 3010 2086 matris
3061 2031 3331 2087 ecclesiae
3383 2047 3536 2102 quas
3581 2031 3744 2087 vassi
3773 2031 3882 2086 do-

2237 2120 2439 2176 minici
2467 2136 2574 2193 per
2602 2121 2732 2191 ejus
2756 2120 3118 2175 beneﬁcium
3178 2119 3456 2175 tenebant
3484 2120 3631 2174 mibi
3680 2118 3876 2175 reddi-

2237 2208 2440 2265 disset.
2471 2210 2665 2274 Quam
2694 2209 3059 2280 petitionem,
3098 2208 3346 2263 Domino
3406 2215 3726 2275 annuente,
3754 2223 3878 2262 non

2237 2299 2450 2364 renuit,
2482 2298 2589 2353 sed
2645 2298 2798 2353 sicut
2855 2298 3209 2370 deprecatus
3249 2314 3384 2352 sum
3428 2297 3794 2368 adiirplevit,
3828 2300 3887 2352 et

2238 2403 2346 2460 per
2373 2392 2741 2460 praeceptum
2769 2403 2968 2454 suum,
3002 2403 3111 2442 suo
3155 2386 3379 2459 quippe
3409 2385 3627 2442 annulo
3655 2385 3886 2454 sigilla-

2241 2482 2389 2543 tum,
2423 2476 2814 2532 conﬁrmavit.
2851 2477 2986 2531 Haec
3043 2481 3244 2532 autem
3271 2475 3460 2531 taliter
3489 2478 3729 2546 peracta
3760 2478 3821 2530 et
3849 2490 3887 2530 a

2243 2582 2352 2620 sua
2381 2565 2696 2620 clementia
2748 2565 3083 2637 impetrata,
3113 2565 3252 2637 petii
3282 2568 3346 2618 ut
3400 2563 3542 2618 mihi
3584 2562 3888 2620 licentiam

2243 2653 2411 2708 daret
2434 2657 2499 2708 ut
2523 2652 2750 2724 aliquid
2773 2652 2848 2708 de
2900 2652 3043 2726 ipsis
3075 2653 3253 2708 rebus
3285 2652 3360 2707 ad
3405 2651 3743 2707 necessaria
3770 2651 3887 2706 fra-

2245 2745 2403 2795 trum
2432 2744 2489 2794 et
2517 2740 2945 2796 canonicorum
3002 2747 3347 2796 nostrorum
3378 2755 3530 2811 quas
3566 2738 3735 2794 .mihi
3759 2740 3889 2793 red-

2246 2825 2370 2881 didi
2398 2826 2738 2882 tribuerem.
2773 2827 2951 2893 Quod.
2972 2829 3052 2884 ita
3083 2833 3137 2884 et
3165 2828 3317 2884 fecit.
3367 2830 3528 2883 Tunc
3558 2842 3702 2897 ergo
3753 2841 3888 2897 gra-

2247 2915 2459 2972 tulanti
2507 2915 2711 2972 animo
2764 2916 2822 2971 in
2882 2917 3265 2990 eleemosyna
3317 2921 3375 2972 et
3425 2917 3720 2972 memoria
3761 2916 3889 2986 jam

2247 3004 2390 3059 dicti
2419 3003 2628 3060 domui
2655 3003 2774 3059 mei
2827 3003 3107 3060 Ludovici
3152 3004 3405 3076 piissimi
3452 3004 3720 3075 Augusti,
3751 3002 3890 3058 dedi

2248 3107 2397 3148 sana
2426 3097 2621 3148 mente
2648 3097 2701 3146 et
2733 3096 3010 3163 prompto
3064 3092 3268 3148 animo
3298 3093 3559 3165 praaﬁxis
3611 3090 3884 3148 fratribus

2249 3186 2305 3236 et
2333 3179 2635 3237 canonicis
2665 3179 2902 3244 nostris,
2954 3194 3076 3236 una
3133 3196 3272 3236 cum
3322 3196 3622 3237 consensu
3663 3175 3890 3252 praefati

2249 3269 2459 3324 domui
2485 3267 2845 3324 Laudramni
2888 3267 3257 3325 Turonensis
3307 3269 3569 3325 ecclesiae
3599 3265 3889 3338 archiepi-

2250 3357 2416 3429 scopi
2444 3362 2499 3413 et
2528 3357 2783 3412 aliorum
2823 3356 3094 3410 omnium
3144 3357 3364 3410 scilicet
3414 3356 3893 3426 comprovincia-

2247 3445 2396 3501 lium
2425 3445 2916 3518 coepiscoporum
2941 3441 3380 3507 nostrorum,ad
3395 3441 3894 3512 supplementum

2251 3539 2720 3590 memoratorum
2743 3532 2992 3589 fratrum
3009 3533 3346 3586 nostrorum
3369 3532 3547 3600 atque
3570 3527 3892 3584 canonico-

2251 3637 2389 3678 rum
2417 3627 2781 3688 nostrorum,
2809 3622 2869 3677 in
2898 3635 3055 3694 pago
3087 3617 3485 3674 Cenomanico
3526 3615 3682 3671 intra
3721 3616 3893 3688 quin-

2252 3713 2376 3764 tam
2407 3707 2668 3781 praelixzn
2699 3708 2944 3765 civitatis
2973 3706 3178 3763 villam
3213 3722 3400 3762 unam
3429 3705 3674 3762 nomine
3706 3705 3896 3760 Buxa—

2252 3798 2372 3856 rias
2395 3814 2534 3854 cum
2563 3797 2845 3853 omnibus
2871 3796 2952 3852 ad
2979 3813 3040 3852 se
3092 3795 3542 3869 pertinentibus,
3595 3798 3652 3848 et
3683 3791 3896 3848 silvam

2253 3889 2518 3962 aliquam
2549 3904 2685 3961 quas
2717 3878 3050 3943 Follicionis
3098 3891 3346 3943 vocatur
3377 3901 3514 3940 cum
3561 3881 3730 3939 omni
3756 3884 3902 3937 inte-

2254 3978 2666 4049 gritate,atque
2686 3976 2896 4031 futuris
2926 3976 3299 4048 temporibus
3324 3974 3403 4031 ad
3432 3987 3641 4029 eorum
3664 3969 3903 4044 supple-

2253 4070 2524 4122 mentum
2554 4064 2900 4136 augendum
2940 4079 3046 4136 per
3070 4065 3184 4120 hoc
3219 4068 3641 4120 testamentum
3690 4058 3902 4116 conﬁr-

2254 4156 2431 4212 mavi.
2468 4157 2552 4210 Ita
2577 4170 2721 4210 sane
2741 4154 2856 4209 hoc
2887 4153 2996 4208 feci
3028 4157 3090 4208 ut
3113 4169 3219 4224 per
3249 4151 3516 4222 singulos
3568 4164 3762 4205 annos
3792 4149 3898 4202 ha-

2255 4244 2440 4301 beant
2467 4243 2782 4299 memorati
2811 4242 3020 4298 fratres
3050 4241 3124 4296 de
3147 4241 3394 4313 praefata
3426 4239 3564 4295 villa
3591 4237 3653 4293 in
3683 4235 3899 4293 festivi-

2256 4339 2374 4390 tate
2405 4333 2796 4389 dedicationis
2825 4329 3208 4387 occidentalis
3240 4329 3425 4401 partis
3469 4333 3676 4384 matris
3706 4330 3766 4382 et
3813 4338 3899 4379 se-

2256 4423 2438 4478 nioris
2469 4422 2756 4490 ecclesiae,
2785 4437 2920 4494 quae
2952 4418 3271 4475 undecimo
3307 4417 3427 4474 Cal.
3460 4417 3754 4472 Juliarum
3783 4415 3902 4483 die,

2256 4513 2316 4567 in
2342 4528 2465 4584 qua
2490 4512 2670 4567 etiam
2693 4516 2858 4583 parte
2889 4507 3240 4566 occidentali
3265 4511 3353 4561 est
3396 4505 3458 4560 in
3486 4506 3904 4584 suprascripto

2255 4601 2350 4656 die
2380 4604 2681 4656 sacratum
2715 4599 2899 4655 altare
2956 4599 3016 4653 in
3045 4597 3273 4652 honore
3305 4595 3494 4650 sancti
3545 4594 3818 4664 Joannis,
3848 4596 3909 4648 et

2255 4688 2373 4744 alia
2401 4688 2523 4744 duo
2543 4689 2604 4743 in
2627 4689 2853 4744 honore
2871 4687 3125 4742 aliorum
3153 4696 3500 4740 sanctorum
3517 4698 3777 4755 quorum
3797 4697 3902 4736 no-

2259 4777 2422 4833 mina
2447 4792 2626 4849 super
2648 4778 2780 4848 ipsa
2799 4776 3005 4832 altaria
3021 4778 3160 4830 sunt
3181 4772 3522 4843 conscripta
3544 4776 3600 4827 et
3617 4773 3901 4842 quartum

2255 4866 2438 4922 altare
2469 4867 2725 4938 desuper
2755 4866 2815 4920 in
2869 4864 3085 4919 solario
3133 4866 3538 4918 constructum
3585 4860 3645 4914 in
3674 4859 3902 4914 honore

2256 4955 2530 5011 omnium
2562 4960 2909 5011 sanctorum
2952 4951 3320 5023 dignoscitur
3349 4951 3409 5004 in
3451 4952 3576 5021 jam
3620 4947 3776 5002 dicto
3807 4945 3906 5001 die

2257 5061 2293 5101 a
2314 5045 2490 5100 nobis
2515 5060 2642 5100 esse
2669 5047 2990 5099 sacratum.
3027 5045 3090 5096 In
3134 5044 3468 5095 memorato
3494 5040 3691 5109 itaque
3721 5034 3912 5091 unde-

2258 5133 2414 5186 cimo
2439 5129 2559 5187 Cal.
2591 5130 2882 5186 Juliarum
2904 5129 3022 5192 die,
3070 5127 3132 5182 in
3172 5126 3552 5182 veneratione
3575 5125 3703 5196 jam
3735 5123 3912 5179 dictae

2257 5218 2648 5274 dedicationis
2675 5223 2731 5274 et
2747 5213 3237 5282 solemnitatis,de
3253 5215 3542 5279 praedicta
3561 5213 3704 5268 villa
3723 5213 3915 5266 Buxa-

2256 5309 2376 5364 rias
2411 5311 2736 5363 statuentes
2785 5322 2893 5378 per
2930 5305 3045 5360 hoc
3094 5307 3521 5358 testamentum
3567 5316 3912 5370 censemus,

2257 5402 2313 5452 et
2341 5400 2652 5452 censentes
2704 5393 2984 5450 consultu
3027 5396 3083 5449 et
3129 5392 3537 5449 exhortatione
3581 5390 3914 5446 multorum

2257 5483 2676 5555 episcoporum
2700 5498 2769 5537 ac
2787 5482 3168 5539 sacerdotum
3186 5481 3570 5538 devotissime
3593 5479 3916 5534 statuimus

2255 5576 2320 5627 ut
2347 5569 2644 5643 accipiant
2673 5572 3069 5648 suprascripti
3097 5568 3375 5632 canonici
3403 5571 3462 5625 et
3487 5567 3699 5626 fratres
3725 5565 3919 5624 nostri
