4160 6182
206 193 278 246 57
1826 179 2014 237 VITA.
3574 189 3642 243 58

203 311 281 368 de
306 309 621 366 frumento
655 307 885 381 optimo
916 307 1152 362 modios
1177 323 1281 362 sex
1303 311 1359 363 et
1382 307 1457 362 de
1483 306 1624 362 vino
1645 305 1872 378 optimo
1904 309 1952 360 A
1992 305 2150 362 ciant
2177 311 2301 363 tam
2331 309 2391 364 in
2423 309 2619 364 missis
2651 324 2838 381 quam
2869 312 2925 364 et
2966 307 3318 380 psalmodiis
3343 308 3644 365 humiliter

201 400 444 456 modios
476 404 770 471 quatuor,
803 402 861 452 et
881 397 1126 469 insuper
1155 397 1396 470 potione
1417 413 1550 468 quae
1573 395 1754 465 vulgo
1777 393 1879 450 ali-

201 504 368 545 xona
420 487 642 543 dicitur
692 485 968 541 modium
1018 502 1230 555 unum,
1261 491 1319 541 et
1366 485 1578 540 arietes
1620 485 1879 555 Optimos

205 583 501 650 quatuor,
527 580 584 631 et
606 590 824 647 porcos
854 575 1116 646 optimos
1142 574 1316 630 duos.
1337 575 1405 629 Et
1423 573 1485 628 in
1506 571 1880 627 dedicatione

209 665 482 722 ecclesiae
513 664 709 720 Sancti
740 663 1047 734 Stephani,
1075 679 1211 735 qua:
1239 667 1327 718 est
1363 662 1518 718 infra
1547 661 1878 716 claustrum

214 760 578 819 constructa,
614 753 791 825 cujus
817 752 1099 809 festivitas
1132 737 1522 808 dedicationis
1555 758 1642 807 est
1669 751 1881 823 quinto

221 839 367 893 ldus
400 837 784 903 Novembris,
817 837 1084 892 similiter
1123 838 1388 892 habeant
1415 837 1627 892 fratres
1651 835 1726 890 de
1765 835 1884 890 fru-

213 933 416 984 mento
446 928 690 1000 optimo
723 926 957 982 modios
988 943 1111 995 sex,
1136 932 1192 983 et
1220 926 1295 982 de
1325 927 1464 981 vino
1495 925 1722 998 optimo
1755 940 1885 978 mo-

215 1018 348 1073 dios
372 1022 666 1090 quatuor,
693 1021 750 1072 et
774 1017 1021 1087 insuper
1040 1015 1113 1070 de
1132 1017 1370 1087 potione
1387 1031 1522 1088 quae
1556 1013 1769 1068 dicitur
1790 1011 1887 1066 sil-

215 1107 314 1162 via
342 1105 624 1162 modium
641 1121 721 1161 un
731 1121 853 1168 um,
873 1109 929 1159 et
944 1103 1258 1174 friscingas
1278 1104 1560 1177 porcinas
1580 1101 1883 1174 perbonas

220 1191 391 1259 duas,
423 1194 479 1245 et
504 1190 727 1245 arietes
759 1193 1039 1260 quatuor.
1064 1192 1129 1243 In
1159 1187 1564 1245 anniversario
1595 1186 1772 1241 etiam
1791 1199 1886 1240 or-

223 1278 544 1334 dinationis
572 1282 816 1341 nostrae,
849 1293 984 1348 quae
1029 1276 1338 1333 colebatur
1366 1275 1728 1332 duodecimo
1759 1273 1880 1328 Cal.

227 1368 563 1434 Januarias,
596 1383 733 1439 quae
754 1370 954 1420 tamen
979 1365 1341 1438 anticipatur
1367 1381 1492 1420 una
1519 1365 1615 1419 die
1644 1367 1884 1436 propter

231 1454 672 1510 dedicationem
693 1454 896 1510 matris
919 1460 975 1510 et
994 1453 1245 1509 senioris
1271 1458 1490 1509 nostra;
1521 1451 1680 1507 sedis
1702 1449 1886 1506 eccle-

241 1540 364 1604 sias,
394 1555 532 1610 quas
587 1543 675 1592 est
719 1538 1039 1593 undecimo
1097 1537 1216 1593 Cal.
1249 1537 1588 1599 Januarias,
1621 1534 1887 1590 habeant

1990 410 2332 466 precamur.
2364 401 2496 452 Haec
2525 413 2668 465 ergo
2697 397 2902 452 omnia
2927 397 3239 465 diligenter
3253 398 3641 470 peracta,ho-

1989 499 2059 538 ra
2113 485 2282 540 tertia
2334 487 2394 541 in
2453 486 2763 558 publicum
2813 486 3108 542 introeant
3136 485 3422 553 ofﬁcium,
3453 486 3643 558 ipsius

1992 573 2106 627 diei
2162 573 2436 629 festivam
2488 581 2844 648 peragentcs
2894 575 3348 631 solemnitatem.
3394 576 3641 630 Peracto

1995 667 2195 717 autem
2219 662 2562 718 solemniter
2582 665 2881 736 prtedictaa
2904 664 3236 720 festivitatis
3264 663 3479 725 ofﬁcio,
3503 668 3641 718 tunc

1993 750 2053 805 in
2083 751 2391 806 refectorio
2414 768 2538 806 una
2566 769 2704 806 cum
2722 752 3022 823 praedictis
3048 752 3570 807 monasterialibus
3586 757 3645 807 et

1993 838 2360 894 suburbanis
2417 839 2831 894 sacerdotibus
2881 856 2949 894 ac
2983 840 3208 895 clericis
3257 839 3528 908 religiose
3559 839 3642 894 le-

1995 927 2250 982 ctionem
2284 928 2568 983 continuo
2595 928 2905 982 audientes
2936 933 2991 983 et
3011 928 3382 982 intendentes
3410 927 3643 995 religio-

1997 1016 2232 1072 sissime
2255 1034 2389 1071 cum
2426 1017 2660 1072 silentio
2680 1016 2966 1072 reficiant.
2991 1019 3109 1071 Hoc
3131 1032 3274 1084 ergo
3299 1032 3646 1088 summope-

1996 1120 2059 1160 re
2089 1105 2433 1176 suppliciter
2457 1105 2706 1160 obsecro
2737 1108 2973 1159 sanctos
2995 1119 3369 1159 successores
3393 1120 3559 1159 meos
3587 1108 3645 1159 et

1991 1193 2347 1264 praepositos
2359 1209 2428 1248 ac
2444 1193 2757 1260 magistros
2772 1209 2877 1247 seu
2896 1191 3196 1247 ministros
3214 1193 3643 1247 canonicorum

1992 1281 2438 1352 praedictorum,
2455 1282 2575 1336 sive
2605 1282 2768 1353 ipsos
2790 1280 3110 1336 canonicso
3127 1285 3453 1352 praesentes
3492 1279 3646 1335 scili-

1994 1373 2158 1424 cetet
2178 1369 2430 1438 futuros,
2447 1375 2509 1424 ut
2525 1370 2838 1441 praedictos
2863 1367 3245 1423 suburbanos
3271 1382 3376 1421 seu
3399 1383 3645 1422 monas-

1997 1452 2234 1508 teriales
2265 1452 2605 1508 sacerdotes
2659 1457 2715 1508 et
2770 1451 3015 1507 clericos
3050 1451 3155 1523 qui
3185 1450 3262 1506 ad
3290 1450 3646 1523 praedictam

1997 1541 2372 1598 festivitatem
2403 1543 2753 1608 venerint,et
2769 1542 3203 1613 suprascriptas
3219 1539 3517 1596 orationes
3535 1554 3645 1612 pro

244 1625 508 1699 praedicti
534 1626 735 1681 fratres
754 1626 828 1681 ad
847 1643 1058 1682 eorum
1080 1626 1456 1682 refectionem
1487 1625 1562 1680 de
1583 1624 1887 1679 frumento
1920 1655 1960 1708 Β
1999 1648 2094 1686 me
2125 1631 2459 1687 miserrimo
2490 1637 2802 1703 peccatore
2831 1630 3094 1699 fecerint,
3126 1645 3164 1686 θ,
3191 1634 3525 1684 memorata
3551 1644 3644 1684 re-

238 1714 462 1786 optimo
488 1713 723 1770 modios
754 1731 879 1781 sex,
913 1719 968 1770 et
1022 1715 1096 1770 de
1147 1713 1287 1769 vino
1336 1713 1598 1786 optimos
1649 1711 1889 1766 modios

229 1806 504 1873 quatuor,
533 1807 593 1857 et
620 1803 872 1875 insuper
899 1803 1207 1875 potionem
1238 1803 1312 1857 de
1340 1802 1584 1858 tiniculo
1611 1800 1889 1856 modium

226 1906 434 1961 unum,
467 1895 527 1946 et
557 1891 642 1946 ad
673 1891 870 1964 pisces
921 1891 1208 1948 emendos
1245 1890 1320 1948 de
1373 1896 1620 1961 argento
1662 1887 1890 1945 solidos

219 1979 512 2052 quinque,
529 1980 610 2036 de
632 1996 814 2036 caseo
831 1985 1031 2037 autem
1054 1981 1326 2036 modium
1342 1979 1701 2049 unum,etde
1723 1978 1891 2046 legu-

215 2067 376 2124 mine
407 2069 653 2141 optimo
677 2068 946 2125 similiter
959 2068 1225 2124 modium
1252 2085 1460 2124 unum.
1479 2069 1543 2123 1n
1566 2065 1892 2122 dedicatio-

213 2172 282 2212 ne
301 2173 446 2213 vero
467 2157 710 2213 absidte
732 2157 942 2213 matris
963 2162 1019 2212 et
1032 2157 1278 2212 senioris
1298 2162 1514 2213 nostrae
1527 2155 1692 2211 urbis
1712 2153 1893 2210 eccle-

213 2246 306 2301 sine
340 2251 407 2302 et
437 2246 938 2302 reconciliatione
963 2246 1148 2318 ipsius
1174 2245 1440 2301 ecclesiae
1456 2260 1643 2318 quam
1663 2243 1894 2298 noviter

212 2333 538 2391 aedificavi
569 2338 752 2405 atque
781 2334 1138 2390 reaediﬁcare
1169 2334 1392 2403 studui,
1409 2350 1595 2406 quam
1619 2338 1676 2388 et
1703 2332 1764 2387 in
1784 2332 1892 2386 ho-

217 2439 358 2480 nore
388 2421 606 2478 sancti
634 2421 962 2477 Salvatoris
983 2421 1110 2477 etin
1128 2421 1369 2478 nomine
1396 2425 1610 2478 sanctis
1627 2421 1725 2477 Dei
1737 2420 1895 2490 geni-

220 2513 375 2568 tricis
392 2509 606 2568 Mariae
621 2514 1100 2582 sanctorumque
1111 2515 1444 2582 martyrum
1459 2509 1896 2582 Stephani,Ger-

224 2601 372 2656 vasii
403 2604 465 2656 et
499 2597 785 2661 Protasii,
827 2597 1129 2668 simulque
1153 2597 1213 2653 in
1239 2598 1463 2653 honore
1492 2603 1547 2653 et
1573 2598 1892 2653 veneratio-

227 2705 298 2745 ne
325 2688 607 2744 omnium
624 2691 982 2742 sanctorum
1000 2685 1316 2742 undecimo
1334 2687 1452 2742 Cal.
1467 2687 1892 2744 Januariarum

231 2777 491 2845 die,cum
504 2777 632 2833 aliis
644 2775 950 2848 episcopis
967 2780 1024 2831 et
1034 2775 1442 2832 sacerdotibus
1453 2776 1653 2832 multis
1671 2776 1892 2833 solem-

234 2867 384 2923 niter
414 2866 705 2933 dedicavi,
726 2870 784 2921 et
803 2865 1137 2921 multorum
1161 2870 1506 2922 sanctorum
1526 2865 1813 2939 reliquias
1829 2865 1894 2920 in

239 2971 308 3011 ea
325 2956 577 3028 propriis
595 2954 884 3011 manibus
906 2953 1214 3024 collocavi,
1240 2955 1363 3010 sive
1385 2955 1458 3010 de
1486 2969 1737 3028 corpore
1758 2969 1899 3027 pro-

243 3040 370 3112 prio
401 3044 741 3095 sanctorum
789 3042 1127 3110 martyrum
1160 3039 1418 3094 Gervasii
1469 3044 1527 3095 et
1555 3038 1803 3094 Protasii
1831 3038 1896 3093 in

249 3128 615 3184 confessione
663 3127 914 3183 senioris
966 3126 1172 3182 altaris
1209 3127 1498 3200 reliquias
1527 3128 1892 3195 dedicanda,

255 3215 527 3270 decenter
581 3216 912 3286 composui.
950 3220 1011 3271 ln
1055 3218 1190 3288 ipsa
1246 3233 1390 3288 ergo
1447 3217 1762 3273 festivitate
1789 3217 1900 3272 ha-

262 3304 455 3359 beant
468 3304 597 3373 jam
616 3303 756 3357 dicti
775 3303 976 3359 fratres
995 3305 1063 3360 de
1079 3305 1383 3362 frumento
1409 3306 1638 3377 optimo
1660 3305 1896 3361 modios

274 3405 404 3457 sex,
433 3389 498 3445 de
523 3391 660 3446 vino
685 3395 878 3446 autem
909 3392 1124 3465 optimo
1155 3393 1395 3450 modios
1423 3398 1706 3466 quatuor,
1735 3393 1899 3449 insu-

274 3494 386 3552 per
408 3479 550 3536 etde
570 3484 734 3536 costo
759 3481 980 3554 optimo
999 3482 1272 3539 modium
1294 3499 1508 3552 unum,
1531 3487 1586 3539 et
1609 3482 1686 3538 ad
1702 3483 1898 3556 pisces

268 3567 538 3624 emendos
554 3568 778 3626 solidos
810 3570 1098 3644 quinque,
1130 3571 1205 3626 de
1240 3587 1417 3627 caseo
1448 3587 1590 3627 vero
1621 3571 1897 3627 modium

263 3673 465 3725 unum,
482 3663 538 3714 et
551 3657 627 3714 de
646 3657 946 3727 legumine
965 3659 1235 3716 similiter
1248 3659 1521 3717 modium
1542 3660 1897 3716 unum.Haec

264 3751 459 3801 autem
487 3747 692 3802 omnia
713 3747 787 3803 de
811 3749 1059 3820 praefata
1079 3749 1218 3804 villa
1241 3749 1450 3805 Buxari
1460 3765 1525 3804 as
1547 3749 1898 3805 memoratis

260 3829 554 3901 fratribus,
588 3831 764 3887 veluti
791 3833 1107 3905 praeﬁxum
1145 3838 1251 3901 est,
1282 3833 1664 3890 devotissime
1694 3833 1898 3889 minis-

259 3922 490 3974 trentur.
510 3922 592 3974 Ea
609 3919 830 3976 scilicet
856 3921 1084 3977 ratione
1102 3922 1227 3977 haec
1253 3921 1365 3977 illis
1385 3921 1532 3977 dare
1554 3921 1899 3977 censuimus

255 4012 314 4062 ut
353 4007 669 4080 praedictas
698 4009 968 4082 quinque
993 4008 1332 4066 festivitates
1365 4009 1665 4083 saepedicti
1688 4008 1901 4064 fratres

254 4096 592 4152 solemniter
621 4104 676 4153 et
700 4096 1083 4154 devotissime
1111 4099 1408 4156 celebrent
1435 4099 1753 4170 adjunctos
1786 4097 1901 4154 sibi

251 4185 703 4241 monasteriales
733 4202 967 4256 omnes,
986 4189 1109 4243 sive
1139 4187 1524 4244 suburbanos
1558 4186 1902 4243 sacerdotes

253 4279 306 4329 et
329 4273 597 4346 reliquos
618 4275 888 4342 clericos,
911 4277 1015 4348 qui
1032 4277 1091 4332 in
1113 4277 1490 4350 supradictas
1512 4277 1899 4333 festivitatum

251 4363 486 4432 vigilias
517 4363 902 4420 devotissime
931 4366 1189 4436 veniant,
1220 4372 1276 4422 et
1305 4371 1445 4422 tunc
1495 4382 1677 4422 mane
1704 4365 1904 4438 prima

251 4451 507 4507 revestiti
533 4452 594 4507 in
621 4453 874 4508 ecclesia
913 4455 1085 4524 cujus
1114 4455 1402 4512 festivitas
1435 4455 1770 4512 celebratur
1798 4454 1903 4510 de-

255 4541 556 4596 votissime
586 4541 800 4596 adesse
825 4549 1167 4614 procurent,
1195 4545 1568 4600 ministrante
1592 4549 1792 4599 autem
1822 4542 1906 4597 eis

255 4629 497 4685 custode
524 4630 718 4702 ipsius
745 4631 1013 4687 ecclesiae
1039 4633 1274 4690 oblatas
1296 4638 1354 4690 et
1375 4634 1583 4689 vinum
1615 4632 1910 4688 sufﬁcien-

259 4723 329 4772 ter
357 4718 511 4773 inibi
558 4735 668 4790 per
719 4719 955 4790 singula
1006 4721 1218 4776 altaria
1264 4737 1374 4794 pro
1431 4737 1528 4776 me
1569 4725 1907 4794 peccatore,

263 4805 393 4862 dum
429 4808 1180 4882 advixero,unusquisque
1213 4809 1496 4865 sacerdos
1522 4811 1778 4865 missam
1810 4809 1915 4864 de-

271 4902 447 4951 cantet
470 4913 667 4951 unam
698 4903 755 4951 et
786 4898 1132 4970 amplius,si
1161 4898 1398 4954 libuerit
1424 4903 1481 4954 et
1511 4898 1774 4954 charitas
1804 4898 1912 4952 mi-

278 4977 609 5049 nistraverit,
629 4986 687 5036 et
717 4982 1134 5054 unusquisque
1161 4981 1410 5038 clericus
1440 4982 1710 5054 psalmos
1738 4981 1912 5052 quin-

277 5069 550 5133 quaginta
599 5074 658 5124 et
715 5069 1000 5142 amplius,
1031 5077 1351 5143 quantum,
1385 5070 1618 5127 :lilectio
1649 5074 1704 5126 et
1738 5084 1912 5124 amor

267 5151 372 5205 Dei
421 5153 792 5225 instigaverit.
826 5160 994 5231 Ipsos
1049 5166 1250 5216 autem
1307 5159 1578 5233 psalmos
1627 5165 1754 5215 tam
1793 5159 1910 5232 ipsi

259 5237 546 5292 canonici
593 5257 776 5312 quam
835 5248 893 5298 et
940 5243 1275 5300 suburbani
1316 5245 1412 5300 vel
1456 5243 1908 5300 monasteriales

252 5325 454 5380 clerici
507 5326 741 5385 alterius
773 5331 939 5387 chori
979 5333 1040 5387 in
1079 5332 1330 5404 praefata
1367 5332 1618 5388 ecclesia
1644 5331 1910 5387 vicissim

247 5413 576 5472 decantare
634 5418 940 5475 studeant.
994 5420 1134 5476 Post
1183 5420 1416 5476 obitum
1479 5437 1623 5476 vero
1683 5436 1909 5488 meum,

242 5504 499 5576 quando
571 5507 728 5562 Deus
784 5508 1056 5574 voluerit,
1106 5510 1167 5564 in
1233 5510 1529 5582 praedictis
1589 5508 1910 5565 festivitati-

240 5593 353 5653 bus
383 5596 610 5653 futuris
651 5597 1030 5674 temporibus
1073 5598 1338 5656 similiter
1365 5615 1476 5672 pro
1506 5599 1787 5657 defuncto
1821 5598 1905 5656 fa.

1998 1719 2250 1774 fectione
2273 1724 2331 1774 et
2359 1719 2437 1774 ab
2459 1736 2668 1775 eorum
2685 1718 2994 1774 refectorio
3017 1735 3052 1773 a
3072 1733 3133 1772 se
3150 1733 3272 1773 non
3295 1717 3645 1784 excludant;

1999 1807 2107 1862 sed
2137 1807 2183 1862 si
2215 1807 2418 1880 aliqua
2463 1807 2815 1862 necessitate
2866 1806 3089 1862 factum
3129 1805 3319 1872 fuerit,
3355 1810 3495 1860 tunc
3524 1809 3646 1860 sta-

2001 1900 2230 1952 tuentes
2255 1895 2650 1968 imploramus
2672 1901 2737 1952 ut
2755 1912 2912 1951 unus
2941 1894 3370 1950 canonicorum
3391 1893 3544 1949 bene
3575 1891 3644 1947 ﬁ-

2001 1985 2149 2040 delis
2203 1985 2278 2040 de
2329 1984 2629 2056 praedictis
2671 1984 2977 2058 stipendiis
3024 2000 3162 2056 quae
3191 1984 3266 2039 de
3312 1987 3650 2039 memorata

1999 2072 2140 2128 villa
2171 2073 2451 2129 Buxarias
2481 2073 2839 2140 tribuuntur,
2873 2073 3129 2145 accipiat
3153 2088 3342 2128 unum
3374 2070 3648 2127 modium

2001 2162 2176 2234 panis
2207 2166 2263 2218 et
2292 2161 2547 2218 alterum
2577 2163 2718 2229 vini,
2751 2163 2999 2234 insuper
3029 2166 3086 2218 et
3112 2161 3186 2216 de
3205 2162 3333 2231 jam
3353 2160 3511 2216 dicta
3541 2175 3650 2231 po-

2001 2251 2162 2306 tione
2197 2251 2456 2306 sextaria
2503 2257 2786 2323 quatuor,
2817 2255 2875 2306 et
2913 2265 3096 2305 unam
3129 2248 3472 2316 friscingam
3499 2261 3652 2318 qua-

2000 2338 2121 2395 lem
2173 2337 2482 2394 meliorem
2513 2338 2821 2407 invenerit,
2854 2342 2911 2394 et
2941 2353 3014 2393 ex
3059 2336 3175 2402 his,
3204 2333 3318 2391 illis
3359 2337 3657 2407 praeparet

2000 2422 2156 2478 infra
2184 2423 2499 2496 praefixum
2539 2422 2870 2478 claustrum
2901 2421 2962 2477 in
3001 2421 3229 2494 optimo
3254 2418 3387 2476 loco
3438 2417 3653 2474 devote

2003 2517 2060 2568 et
2088 2511 2360 2582 religiose
2381 2516 2437 2568 et
2457 2511 2839 2568 refectionem
2863 2511 3140 2585 plenam;
3169 2509 3273 2566 sed
3295 2507 3490 2578 magis
3511 2511 3654 2580 opto

2003 2607 2061 2658 et
2091 2602 2347 2675 supplex
2374 2602 2664 2675 deprecor
2693 2606 2758 2657 ut
2786 2618 2926 2658 cum
2973 2599 3307 2674 siepedictis
3345 2597 3652 2654 canonicis

2004 2691 2221 2747 nostris
2267 2691 2328 2746 in
2359 2691 2667 2748 refectorio
2698 2707 2838 2747 cum
2895 2690 3010 2746 illis
3046 2688 3491 2761 religiosissime
3518 2686 3654 2743 reﬁ-

2005 2775 2184 2843 ciant,
2216 2774 2558 2831 solemniter
2609 2791 2852 2848 quoque
2901 2774 3220 2848 praedictas
3249 2773 3376 2829 dies
3429 2772 3656 2828 ducen-

2006 2868 2116 2934 tes,
2149 2867 2203 2920 et
2232 2863 2308 2919 de
2354 2864 2531 2920 tantis
2577 2863 2995 2920 festivitatibus
3026 2862 3312 2928 laetantes,
3348 2863 3658 2933 Deumque

2004 2951 2068 3008 in
2090 2951 2372 3008 omnibus
2396 2951 2715 3008 laudantes
2745 2969 2815 3009 ac
2854 2952 3246 3025 deprecantes
3282 2954 3344 3006 ut
3368 2947 3659 3022 tranquil-

2004 3041 2128 3097 lam
2156 3041 2314 3097 hanc
2334 3041 2548 3112 degere
2574 3042 2809 3098 valeant
2835 3041 3042 3108 vitam,
3067 3045 3122 3096 et
3145 3039 3395 3114 praemia
3423 3043 3659 3094 aeternas

2004 3125 2138 3180 vitae
2161 3125 2464 3197 percipere
2492 3130 2855 3182 mereantur.
2874 3126 3131 3196 Insuper
3145 3124 3220 3178 de
3242 3121 3544 3194 praedictis
3566 3120 3662 3174 sti-

2005 3214 2243 3286 pendiis
2273 3213 2605 3285 deprecans
2626 3217 2866 3268 sanctos
2893 3225 3270 3265 successores
3291 3223 3462 3262 meos
3479 3211 3661 3278 atque

2008 3301 2311 3356 ministros
2331 3299 2592 3372 praefata;
2613 3298 2824 3355 matris
2846 3297 3108 3354 ecclesias
3139 3299 3456 3365 contestor,
3481 3299 3661 3366 atque

2007 3393 2354 3445 contestans
2402 3387 2704 3444 humiliter
2729 3387 3038 3461 deprecor,
3072 3390 3133 3442 ut
3165 3401 3353 3441 unum
3385 3383 3659 3440 modium

2005 3476 2081 3534 de
2112 3476 2356 3550 praeﬁxo
2386 3493 2544 3550 pane
2575 3491 2681 3550 per
2707 3476 2972 3549 singulas
2997 3476 3127 3547 jam
3159 3475 3347 3531 dictas
3379 3461 3664 3529 ἰθείὶνὶιαῖ

2006 3572 2094 3624 tes
2127 3572 2184 3623 et
2211 3566 2396 3623 alium
2427 3565 2502 3623 de
2533 3567 2814 3639 praedicto
2845 3567 3006 3636 vino,
3039 3570 3096 3621 et
3124 3565 3199 3620 de
3239 3561 3501 3636 prmfatis
3532 3561 3662 3617 fris-

2007 3657 2198 3726 cingis
2249 3671 2436 3712 unam
2465 3655 2894 3729 quadringinta
2918 3654 3288 3727 pauperibus
3316 3652 3378 3707 in
3409 3649 3660 3719 singulis

2009 3741 2353 3798 memoratis
2376 3739 2788 3796 festivitatibus
2814 3739 3094 3804 tribuant,
3114 3744 3170 3792 et
3192 3738 3252 3791 in
3274 3736 3502 3807 optimo
3527 3734 3660 3790 loco

2009 3847 2080 3886 ex
2104 3830 2196 3885 his
2221 3830 2304 3885 eis
2330 3828 2710 3885 refectionem
2734 3831 3100 3899 praeparent;
3124 3825 3228 3896 qui
3244 3825 3382 3879 inde
3399 3823 3664 3878 refectio-

2008 3935 2148 3974 nem
2171 3918 2458 3973 habentes
2485 3916 2801 3972 Dominum
2829 3914 3195 3971 Salvatorem
3219 3909 3663 3967 mundicollau-

2007 4008 2168 4069 dent,
2189 4012 2367 4079 etpro
2383 4022 2477 4061 me
2501 4004 2834 4060 miserrimo
2856 4006 3167 4075 peccatore
3189 4001 3326 4056 vivo
3350 4004 3530 4073 atque
3554 3996 3661 4054 de-

2009 4091 2214 4147 functo
2243 4106 2413 4146 orare
2445 4089 2741 4154 studeant,
2770 4087 3027 4161 qualiter
3048 4102 3184 4143 cum
3213 4084 3436 4141 sanctis
3466 4088 3522 4140 et
3551 4083 3664 4140 ele-

2013 4181 2119 4236 ctis
2147 4179 2244 4235 Dei
2269 4178 2620 4234 aeternaliter
2643 4177 2830 4233 laetari
2859 4176 3120 4245 valeam,
3153 4181 3212 4232 et
3240 4174 3359 4230 vita
3386 4173 3500 4229 frui
3531 4189 3663 4246 per-

2013 4273 2194 4342 petua
2224 4283 2472 4323 merear.
2497 4273 2704 4322 Amen.
2723 4265 3024 4338 Quidquid
3054 4269 3255 4321 autem
3279 4264 3340 4319 in
3357 4263 3487 4334 jam
3504 4261 3666 4318 dicta

2015 4358 2154 4413 villa
2183 4356 2441 4428 amplius
2471 4355 2848 4410 elaboratum
2870 4361 2927 4410 et
2953 4354 3316 4427 acquisitum
3347 4367 3531 4424 quam
3562 4366 3661 4405 su-

2015 4448 2214 4519 perius
2246 4446 2304 4500 in
2326 4443 2622 4518 praedictis
2650 4443 3062 4500 festivitatibus
3081 4441 3544 4499 ministrandum
3570 4441 3663 4494 in-

2015 4541 2238 4591 sertum
2265 4539 2354 4590 est
2383 4534 2457 4589 de
2487 4533 2893 4606 qualicunque
2918 4535 3084 4604 justo
3114 4531 3357 4602 ingenio
3383 4529 3476 4583 vel
3514 4531 3660 4588 arte,

2013 4625 2128 4680 hoc
2167 4625 2366 4697 ipsum
2391 4622 2595 4678 veniat
2635 4622 2713 4678 ad
2751 4637 3138 4678 communem
3169 4618 3481 4674 utilitatem
3512 4629 3658 4685 prae-

2015 4713 2310 4768 dictorum
2341 4711 2611 4776 fratrum,
2645 4715 2702 4765 et
2730 4711 2808 4765 ad
2857 4724 3066 4764 eorum
3107 4702 3495 4759 refectionum
3523 4715 3666 4770 aug-

2015 4807 2285 4856 mentum
2316 4799 2606 4871 proﬁciat,
2625 4803 2681 4852 ct
2705 4796 2851 4850 nihil
2877 4795 2961 4848 eis
2986 4793 3061 4848 de
3090 4789 3432 4863 sumptibus
3453 4789 3665 4863 praefa-

2015 4895 2088 4945 tae
2117 4888 2264 4942 villae
2315 4903 2351 4941 a
2375 4899 2687 4955 quoquam
2741 4882 3148 4938 substractum
3177 4880 3268 4937 vel
3296 4879 3662 4937 minoratum

2015 4977 2138 5042 ﬁat,
2158 4972 2430 5042 utmagis
2453 4987 2520 5026 ac
2541 4970 2734 5039 magis
2765 4970 2998 5027 Domini
3025 4971 3451 5044 omnipotentis
3483 4969 3665 5027 servi-

2018 5065 2166 5122 tium
2200 5060 2528 5134 adimplere
2559 5059 2816 5124 valeant,
2839 5065 2893 5116 et
2923 5074 3032 5133 pro
3057 5060 3448 5134 perpetuitate
3480 5059 3668 5131 impe-

2015 5154 2086 5210 rii
2131 5158 2186 5208 et
2216 5151 2425 5206 domni
2450 5154 2507 5205 et
2536 5150 2782 5205 senioris
2809 5150 2996 5205 nostri
3029 5148 3310 5204 Ludovici
3335 5145 3668 5221 praescripti

2017 5241 2387 5315 piissimique
2434 5238 2808 5310 imperatoris
2855 5242 2912 5292 et
2960 5237 3252 5309 sospitate
3307 5234 3582 5306 conjugis
3613 5238 3671 5291 et

2018 5331 2203 5404 prolis
2248 5329 2378 5398 ejus
2409 5331 2587 5399 atque
2616 5325 3006 5381 invictissima
3045 5325 3136 5380 sui
3175 5325 3465 5380 exercitus
3493 5322 3671 5378 victo-

2021 5419 2109 5475 ria
2139 5432 2383 5474 exorare
2412 5413 2712 5470 humiliter
2731 5413 3072 5480 delectetur,
3099 5417 3155 5469 et
3177 5411 3354 5483 quasi
3386 5411 3465 5466 ad
3493 5409 3671 5466 vesti-

2021 5509 2118 5576 gia
2148 5506 2373 5579 pedum
2404 5519 2610 5559 eorum
2641 5501 2992 5573 provolutus
3030 5501 3318 5573 deprecor
3357 5498 3668 5554 universos

2020 5596 2082 5652 in
2110 5597 2226 5654 hac
2255 5593 2396 5650 sede
2422 5589 2807 5649 succedentes
2830 5594 2894 5647 ut
2916 5590 3076 5646 hanc
3106 5586 3447 5645 ﬁrmitatem
3480 5594 3669 5652 quam
