4160 6182
471 184 540 239 ω
1552 170 1832 229 ALDRICI
1871 168 2411 227 CENOWSIS
2450 170 2781 229 EPISCOPI.
3811 178 3889 236 ω

469 320 583 378 pro
613 318 819 361 amore
863 302 1099 358 Domini
1125 297 1448 357 Salvatoris
1476 300 1535 353 et
1558 295 1939 353 veneratione
1970 307 2112 349 san-
2145 296 2193 350 A
2226 293 2343 349 vini
2396 294 2589 350 erutus
2619 310 2825 352 amore
2856 294 3118 367 fervens,
3150 311 3224 351 ex
3252 294 3536 353 domibus
3562 313 3721 371 quas
3754 302 3885 373 epi-

474 398 583 450 ctee
608 394 713 451 Dei
738 391 1038 462 genitricis
1067 388 1258 447 Mariae
1288 390 1754 458 sanctorumque
1779 388 2117 456 martyrum

478 482 781 555 Stephani,
812 478 1079 537 Ger-vasii
1133 481 1192 532 et
1242 474 1508 544 Protasii,
1542 478 1721 546 atque
1750 472 2026 529 omnium
2054 471 2119 526 in

474 570 855 628 veneratione
906 570 1269 633 sanctorum,
1300 567 1357 620 et
1399 563 1784 635 eleemosyna
1814 560 2117 633 saepedicti

475 659 685 716 domni
714 656 988 715 Ludovici
1013 653 1413 726 imperatoris,
1437 669 1506 709 ac
1530 668 1639 726 per
1662 652 1790 723 ejus
1815 650 2119 706 licentiam

475 764 587 822 pro
636 747 898 821 pondere
940 742 1363 816 peccaminum
1399 757 1674 798 meorum
1703 739 1830 796 ﬁeri
1855 737 2119 794 decerta-

410 854 415 859 '
475 838 576 904 vit,
630 836 689 890 in
743 836 1099 905 perpetuum
1146 834 1500 887 conservent
1556 845 1688 886 esse
1740 842 2115 884 mansuram.

477 927 669 991 Quam
690 921 1073 978 devotionem
1088 920 1139 975 si
1158 920 1460 992 quispiam
1481 918 1705 974 violare
1716 931 2120 991 prmsumpse-

472 1013 564 1079 rit,
595 1015 733 1067 ante
754 1010 1018 1067 tribunal
1044 1008 1278 1078 Christi,
1306 1024 1417 1081 pro
1444 1008 1620 1079 cujus
1658 1021 1864 1062 amore
1892 1006 2006 1060 hoc
2035 1004 2119 1059 fa-

475 1106 639 1158 ctum
663 1116 797 1156 esse
820 1090 1209 1169 dignoscitur,
1242 1097 1705 1154 tremebundam
1735 1096 1794 1151 in
1822 1093 2119 1165 judicium

473 1190 736 1247 deducat
779 1189 1091 1244 rationem.
1127 1190 1248 1257 Ego
1280 1186 1552 1243 Aldricus
1576 1184 1990 1241 Cenomanicee
2020 1197 2117 1237 ur-

473 1277 568 1334 bis
599 1276 885 1346 indignus
910 1280 968 1331 et
992 1279 1271 1347 peccator
1306 1275 1626 1347 episcopus
1656 1274 1769 1328 hoc
1800 1275 2120 1328 testamen-

476 1370 603 1421 tum
634 1381 672 1420 a
700 1382 796 1422 me
830 1364 1054 1421 factum
1102 1363 1452 1436 subscripsi.
1488 1366 1805 1421 Ursmarus
1833 1359 2119 1428 indignus

473 1454 778 1510 Turonicae
818 1453 986 1511 urbis
1040 1452 1523 1525 archiepiscopus
1577 1450 1716 1506 huic
1766 1450 2120 1505 testamento

475 1558 750 1603 annuens
814 1542 1163 1614 subscripsi.
1219 1542 1384 1597 Dodo
1430 1539 1674 1596 humilis
1730 1538 2119 1594 Andecaven-

2228 383 2395 454 scopi
2424 384 2943 461 antecessoresyui
2958 384 3220 457 propriis
3250 384 3460 441 usibus
3485 386 3708 443 habere
3731 390 3887 446 sole-

2226 476 2373 538 rent,
2436 477 2834 528 memoratum
2896 473 3328 529 canonicorum
3392 474 3751 533 habitaculis
3810 495 3886 535 ac

2224 559 2405 615 variis
2434 560 2642 616 usibus
2670 561 3022 628 attribuerit,
3052 558 3290 635 illicque
3320 565 3676 621 constructis
3708 571 3766 622 et
3795 584 3885 625 se.

2228 648 2495 705 cundum
2524 651 3034 723 opportunitatem
3064 651 3359 723 cujusque
3390 652 3601 708 usibus
3624 654 3886 713 aediﬁca-

2231 736 2303 791 tis
2332 752 2402 793 ac
2430 738 2749 802 decoratis,
2772 754 2878 795 eos
2904 738 3240 795 secundum
3264 740 3679 798 auctoritatem
3702 760 3886 802 cano-

2229 825 2426 882 nicam
2456 826 2657 883 iecerit
2682 827 2972 884 habitare.
2992 827 3206 884 Retulit
3228 828 3411 885 etiam
3438 831 3740 887 serenitati
3766 850 3883 890 no-

2230 918 2364 970 stra:
2385 931 2456 971 eo
2475 916 2643 988 quod
2663 917 2791 987 jam
2815 917 2986 973 dictae
3004 917 3209 973 matris
3229 917 3491 973 ecclesiae
3508 919 3882 991 quibusdam

2230 1004 2446 1059 additis
2474 1006 2747 1061 oratoriis
2795 1005 3045 1078 aliisque
3096 1005 3432 1062 forinsecus
3464 1008 3745 1077 ecclesiis,
3777 1028 3879 1067 so-

2226 1092 2502 1148 lemniter
2528 1092 2919 1167 religioseque
2948 1110 3159 1151 eorum
3180 1095 3563 1152 devotionem
3590 1098 3882 1172 adimple-

2227 1197 2290 1236 re
2338 1182 2654 1253 curaverit,
2712 1182 2955 1239 easdem
3022 1183 3468 1240 dedicationum
3533 1185 3878 1244 festivitates

2226 1270 2483 1342 propriis
2514 1271 2883 1343 temporibus
2914 1272 3261 1328 solemniter
3281 1274 3595 1330 memorati
3627 1278 3878 1332 canoni-

2229 1359 2302 1425 ci,
2327 1359 2819 1416 convenientibus
2848 1363 2973 1417 tam
3006 1360 3416 1417 sacerdotibus
3437 1378 3625 1434 quam
3648 1364 3880 1436 religio-

2228 1448 2308 1501 sis
2358 1448 2522 1502 laicis
2565 1448 2915 1522 reliquoque
2946 1449 3173 1527 populo
3199 1449 3545 1506 solemniter
3573 1452 3877 1510 celebrare

2226 1535 2511 1603 valerent,
2530 1536 2758 1593 eisdem
2788 1539 3091 1594 canonicis
3115 1538 3450 1611 quamdam
3480 1540 3754 1617 ejusdem
3773 1543 3876 1598 vil-

476 1631 633 1686 sium
687 1631 930 1687 antistes
982 1630 1123 1685 huic
1162 1629 1501 1685 testamenti
1529 1629 1767 1683 decreto
1798 1640 2117 1682 assensum
2145 1642 2188 1698 Β
2227 1625 2349 1681 lam
2398 1627 2712 1682 Bruxarias
2742 1627 3035 1683 vocabulo
3073 1645 3181 1703 per
3204 1630 3545 1687 testamenti
3574 1632 3877 1707 conscripo

474 1718 706 1792 praebui
751 1724 809 1775 et
855 1718 1201 1791 subscripsi.
1234 1720 1420 1774 Jonas
1468 1716 1752 1786 indignus
1800 1715 2118 1788 episcopus

474 1807 615 1863 huic
660 1811 1015 1864 testamento
1056 1822 1331 1863 annuens
1379 1805 1727 1878 subscripsi.
1761 1807 1882 1874 Ego
1912 1806 2120 1857 Autca-

473 1896 597 1951 rius
645 1897 955 1966 Magontiae
1010 1896 1176 1952 urbis
1229 1895 1715 1967 archiepiscopus
1768 1891 2114 1962 subscripsi.

476 1985 768 2041 Ebroinus
792 1985 1077 2055 indignus
1107 1985 1431 2058 episcopus
1460 1983 1600 2040 huic
1629 1985 1981 2039 testamento
2014 1994 2118 2034 an-

473 2088 667 2129 nuens
711 2073 1057 2146 subscripsi.
1090 2073 1434 2130 Guntardus
1474 2072 1758 2140 indignus
1795 2069 2117 2142 episcopus

474 2162 612 2217 huic
638 2165 997 2218 testamento
1036 2176 1310 2218 annuens
1340 2160 1692 2233 subscripsi.
1728 2162 1847 2228 Ego
1880 2155 2118 2212 Erchin-

471 2250 659 2309 racius
701 2250 1013 2306 Parisiacae
1070 2249 1233 2305 urbis
1288 2249 1608 2321 episcopus
1649 2248 1765 2302 hoc
1798 2249 2119 2302 testamen-

470 2343 623 2410 tum,
635 2340 992 2412 deprecante
1011 2338 1246 2394 Aldrico
1267 2339 1571 2411 episcopo,
1585 2335 2119 2407 subscripsi.Vyar-

472 2428 681 2483 uarius
732 2428 1019 2496 indignus
1050 2427 1368 2498 episcopus
1410 2426 1550 2481 huic
1577 2428 1931 2480 testamento
1976 2422 2118 2477 sub.

474 2515 705 2587 scripsi.
737 2518 859 2583 Ego
914 2516 1218 2570 Echardus
1270 2515 1593 2587 episcopus
1632 2514 1748 2568 hoc
1794 2516 2119 2568 testamen-

474 2609 624 2670 tum,
642 2603 1001 2675 deprecante
1017 2603 1252 2659 Aldrico
1267 2604 1571 2675 episcopo,
1586 2601 2122 2673 subscripsi.Theo-

475 2691 714 2747 doricus
739 2691 1188 2748 Gameraeensis
1228 2691 1392 2747 urbis
1446 2691 1765 2764 episcopus
1794 2691 1909 2745 hoc
1940 2693 2119 2745 testa-

474 2784 746 2837 mentum
776 2780 1122 2853 subscripsi.
1149 2779 1334 2836 David
1364 2780 1829 2857 ehorepiscopus
1859 2778 2118 2834 subscri-

478 2868 547 2924 si.
575 2872 830 2924 Ansteus
884 2868 1152 2925 decanus
1206 2867 1557 2940 subscripsi.
1608 2866 1885 2923 Godenus
1929 2866 2119 2922 archi-

473 2958 790 3045 presbyter
799 2958 1143 3047 subscripsi.
1152 2957 1435 3013 Bicardus
1446 2956 1758 3047 presbyter
1770 2955 2114 3047 subscripsi.
2147 2993 2187 3047 Ο

476 3036 793 3103 Dedivinus
840 3046 1321 3119 archipresbyter
1377 3044 1725 3118 subscripsi.
1793 3044 2116 3113 Eruardus,

472 3135 607 3191 licet
664 3136 982 3207 indignus,
1044 3134 1359 3209 presbyter
1424 3134 1767 3207 subscripsi.
1834 3132 2119 3190 Geraldus

475 3224 789 3297 subcripsi.
825 3224 1166 3281 Gansuinus
1197 3223 1510 3297 presbyter
1543 3222 1888 3296 subscripsi.
1933 3227 2119 3277 Asca-

472 3313 632 3368 ricus
678 3313 991 3384 presbyter
1047 3311 1394 3383 subscripsi.
1432 3311 1769 3367 Alexander
1804 3311 2119 3384 presbyter

476 3392 826 3471 subscripsi.
860 3394 1187 3455 Gerihanus
1225 3398 1540 3471 presbyter
1568 3399 1913 3471 subscripsi.
1948 3400 2121 3453 Vine-

472 3486 691 3542 boldus
715 3480 1030 3559 presbyter
1067 3486 1420 3559 subscripsi.
1459 3486 1781 3560 Flodoinus
1806 3486 2119 3558 presbyter

477 3574 824 3646 subscripsi.
852 3568 1233 3630 Flodebertus
1262 3574 1575 3647 presbyter
1603 3574 1950 3646 subscripsi.
1982 3575 2116 3629 Ani-

474 3658 764 3718 sacharus
788 3662 1079 3719 diaconus
1126 3662 1473 3737 subscripsi.
1506 3662 1791 3718 Rodricus
1820 3658 2115 3718 diaconus

475 3750 820 3824 subscripsi,
853 3751 1281 3823 Regnogardus
1310 3752 1586 3808 modicus
1640 3751 1987 3824 subscripsi.
2021 3751 2118 3807 Vi-

473 3839 688 3912 valdus
752 3840 1160 3897 subdiaconus
1234 3840 1581 3914 subscripsi.
1652 3842 1799 3897 Data
1858 3841 2110 3897 Kalend.

472 3930 654 4002 April.
682 3930 745 3984 in
782 3929 876 3985 die
921 3934 1129 3987 sancto
1182 3931 1440 3997 Paschae,
1475 3946 1635 3985 anno
1681 3931 2110 3987 incarnationis

474 4016 795 4075 Dominicee
850 4018 1340 4087 octingentesimo
1384 4018 1688 4087 trigesimo
1731 4024 1786 4074 et
1833 4020 2107 4092 septimo,

471 4105 793 4171 indictione
816 4122 957 4161 vero
987 4106 1393 4178 quindecima,
1426 4122 1587 4167 anno
1634 4124 1876 4182 quoque
1903 4108 2110 4179 vigesi-

472 4209 574 4249 mo
606 4198 662 4257 et
689 4193 859 4250 tertio
886 4193 1118 4271 imperii
1148 4194 1355 4257 domui
1384 4196 1571 4251 nostri
1603 4196 1878 4252 Ludovici
1899 4197 2112 4268 glorio-

473 4280 696 4337 sissimi
737 4272 1134 4353 imperatoris,
1164 4288 1220 4338 et
1266 4298 1427 4339 anno
1469 4284 1861 4340 ordinationis
1893 4292 2109 4341 nostrae

471 4369 702 4459 quinto.
730 4367 941 4459 Actum
970 4386 1122 4459 ergo
1163 4370 1565 4436 Cenomanica
1592 4371 1654 4429 in
1691 4373 1839 4429 urbe
1869 4373 2115 4459 publica

470 4457 535 4514 in
561 4459 663 4514 Dei
690 4457 934 4515 nomine
954 4458 1216 4516 feliciter.
1248 4463 1456 4515 Amen.

1217 4568 1364 4633 XXX.

471 4654 808 4726 Exemplar
832 4656 1125 4728 praecepti
1167 4654 1373 4728 damni
1415 4655 1705 4728 Ludovici
1740 4657 2116 4725 imperatoris

525 4742 705 4794 super
731 4726 1083 4799 przcscﬁpto
1104 4726 1424 4797 privilegio
1452 4726 1524 4783 de
1555 4727 1703 4783 villa
1730 4728 2060 4785 Buxarias.

544 4815 609 4866 In
633 4814 878 4869 nomine
908 4818 1141 4872 Domini
1172 4817 1271 4873 Dci
1310 4820 1367 4872 et
1417 4815 1739 4873 Salvatoris
1768 4817 1955 4872 nostri
1980 4821 2118 4875 Jesu

475 4899 704 4955 Christi.
715 4905 834 4981 Ego
852 4904 1416 4967 Ludovicus,divina
1428 4907 1855 4981 repropitiante
1868 4907 2121 4963 clemen-

476 4987 579 5065 tia,
609 4988 935 5060 imperator
962 4997 1283 5060 Augustus.
1318 4994 1609 5061 Omnibus
1640 5001 1859 5053 sanctae
1889 4998 1991 5052 Dei
2023 5000 2121 5052 Ec—

477 5076 670 5133 clcsiaa
688 5078 973 5134 etnostris
988 5077 1266 5134 ﬁdelibus
1282 5083 1680 5151 praesentibus
1698 5090 1762 5139 ct
1782 5084 1993 5139 futuris
2017 5101 2123 5141 no-

476 5168 603 5220 tum
633 5166 709 5219 sit
736 5164 881 5238 quia
910 5166 999 5220 vir
1017 5165 1373 5222 venerabilis
1395 5167 1687 5235 Aldricus,
1708 5171 2121 5227 Cenomanicae

477 5253 642 5325 urbis
663 5253 983 5339 episcopus
1009 5260 1249 5322 nostras,
1268 5259 1567 5326 suggessit
1588 5259 2033 5316 mansuetudini
2050 5276 2122 5315 eo

477 5341 641 5414 quod
653 5341 994 5414 primordiis
1006 5343 1399 5402 ordinationis
1413 5364 1439 5401 s
1450 5364 1538 5402 ua:
1551 5347 1869 5417 confusum
1882 5350 2125 5404 canoni-

478 5424 686 5485 corum
718 5429 925 5485 matris
945 5431 1206 5488 ecclesias
1237 5434 1348 5490 sibi
1364 5436 1827 5492 commissorum
1844 5435 2118 5493 ordinem

479 5521 816 5595 statumque
846 5518 1149 5593 invenerit,
1172 5525 1229 5578 et
1244 5522 1570 5585 claustrum
1595 5523 1699 5595 qui
1728 5524 2015 5581 canonice
2037 5526 2119 5582 vi-

476 5621 613 5664 vere
625 5598 1103 5666 debenteatenus
1123 5608 1360 5669 nullum
1378 5610 1735 5683 habuerant,
1749 5613 1855 5673 sed
1875 5613 2004 5689 ipse
2023 5615 2113 5674 di-

2229 1714 2447 1770 tionem
2482 1715 2724 1793 propria
2752 1720 3224 1790 caaterorumque
3246 1717 3670 1791 episcoporum
3696 1736 3874 1777 vene-

2226 1803 2504 1859 rabilium
2531 1805 2815 1860 manibus
2846 1805 3188 1861 roboratam
3221 1806 3462 1878 proprie
3488 1806 3872 1879 delegaverit,

2226 1896 2523 1963 quatenus
2570 1893 2631 1948 in
2669 1894 3004 1966 saapedictis
3053 1893 3501 1951 dedicationum
3550 1894 3875 1954 festivitati-

2223 1980 2358 2047 bus,
2394 1980 2652 2052 prasﬁxis
2683 1982 2862 2038 etiam
2907 1981 3275 2055 quibusdam
3304 1981 3751 2040 conditionibus
3788 1985 3874 2042 di-

2226 2086 2409 2141 gnam
2433 2086 2503 2125 ac
2528 2072 2926 2128 necessariam
2944 2072 3327 2128 refectionem
3348 2071 3573 2128 habere
3586 2073 3866 2131 valerent.

2227 2161 2368 2226 Quae
2401 2174 2510 2215 sua
2538 2159 2828 2215 institutio
2878 2165 2943 2216 ut
2970 2160 3333 2234 perennibus
3363 2162 3736 2236 temporibus
3780 2163 3868 2218 in-

2224 2246 2520 2303 violabilis
2546 2248 2858 2320 persistere
2886 2249 3078 2322 possit
3104 2253 3347 2320 nostrte,
3383 2250 3740 2325 supplicavit
3758 2250 3871 2307 cel-

2226 2336 2469 2392 situdini
2508 2341 2574 2391 ut
2603 2352 2783 2409 super
2810 2337 2971 2393 idem
3001 2336 3383 2394 devotissime
3412 2339 3679 2407 religiose
3709 2339 3873 2396 insti-

2227 2429 2415 2480 tutam
2444 2429 2713 2481 nostram
2745 2425 2995 2482 ﬁrmatis
3026 2427 3215 2497 gratia
3242 2427 3647 2484 auctoritatem
3676 2427 3867 2505 perci-

2225 2530 2366 2586 pere
2382 2517 2840 2587 mereretur,per
2853 2531 3039 2587 quam
3054 2514 3262 2572 futuris
3275 2515 3645 2590 temporibus
3662 2514 3869 2571 incon-

2224 2602 2392 2657 vulse
2423 2606 2603 2673 atque
2630 2602 3047 2659 inviolabiliter
3082 2609 3477 2676 permaneret.
3514 2606 3695 2677 Cujus
3726 2621 3870 2677 sup-

2225 2689 2644 2764 plicationibus
2657 2696 3013 2762 annuentes,
3028 2708 3133 2765 per
3143 2693 3258 2749 hoc
3274 2697 3492 2751 nostrae
3509 2694 3873 2757 auctoritatis

2226 2779 2513 2851 scriptum
2546 2782 2889 2846 statuentes,
2922 2781 3301 2838 decernimus
3352 2786 3418 2839 ut
3457 2782 3628 2856 quod
3673 2783 3870 2839 studio

2226 2868 2410 2923 divini
2439 2868 2683 2923 honoris
2739 2872 2796 2924 et
2846 2868 3039 2926 cultus
3085 2869 3357 2941 religiose
3394 2875 3665 2944 patrasse
3693 2876 3871 2944 atque

2225 2956 2551 3012 instituisse
2583 2956 2972 3031 dignoscitur,
3006 2963 3062 3015 et
3100 2959 3231 3031 jam
3281 2958 3440 3016 dicta
3466 2960 3871 3035 inscriptionis

2228 3062 2349 3100 suae
2380 3046 2527 3102 serie
2560 3046 2851 3102 conscribi
2884 3062 2952 3103 ac
2991 3047 3277 3105 roborare
3325 3063 3449 3105 non
3480 3048 3703 3105 distulit
3730 3063 3870 3104 cun-

2227 3135 2335 3190 ctis
2367 3135 2739 3208 temporibus
2785 3139 3030 3192 maneat
3080 3136 3529 3208 inconvulsum,
3561 3153 3669 3193 nec
3704 3136 3865 3213 quis-

2226 3224 2391 3296 piam
2422 3237 2838 3279 successorum
2865 3239 3117 3279 suorum
3145 3223 3221 3280 de
3250 3226 3694 3289 conditionibus
3719 3225 3781 3280 in
3799 3240 3870 3280 ea

2227 3312 2677 3385 comprehensis
2732 3311 3068 3386 quidquam
3127 3313 3346 3370 audeat
3399 3315 3717 3370 immutare
3770 3316 3873 3369 aut

2226 3405 2623 3457 memoratam
2671 3400 2873 3457 villam
2917 3417 2954 3456 a
2976 3401 3109 3471 jure
3156 3401 3511 3455 earumdem
3555 3402 3876 3457 canonico-

2224 3505 2359 3544 rum
2390 3488 2739 3545 abstrahere
2769 3506 2783 3558 ;
2834 3488 2937 3544 sed
2980 3486 3272 3571 quidquid
3324 3486 3401 3542 de
3431 3503 3502 3551 ea
3532 3488 3870 3543 secundum

2225 3577 2657 3633 institutionem
2688 3578 2836 3649 ejus.
2866 3582 2931 3634 ut
2960 3577 3181 3634 dictum
3220 3580 3327 3646 est,
3362 3575 3639 3634 ordinare
3686 3579 3870 3648 atque

2224 3665 2542 3740 disponere
2567 3665 2855 3722 voluerint
2883 3665 3182 3741 saepedicti
3210 3664 3504 3732 canonici,
3527 3664 3780 3720 liberam
3808 3665 3873 3720 in

2225 3755 2509 3810 omnibus
2557 3755 2823 3811 habeant
2859 3760 3254 3828 potestatem;
3299 3759 3597 3828 quatenus
3624 3768 3737 3827 pro
3767 3768 3876 3808 no-

2223 3842 2338 3909 bis,
2372 3844 2651 3915 conjuge,
2681 3843 2971 3919 proleque
3000 3848 3225 3914 nostra,
3257 3834 3329 3900 ac
3353 3842 3666 3900 stabilitate
3692 3841 3872 3897 totius

2219 3932 2452 4006 imperii
2482 3950 2517 3989 a
2552 3935 2671 3989 Deo
2702 3932 2877 3988 nobis
2934 3934 3202 3990 concessi
3254 3933 3489 3989 Domini
3539 3931 3871 3988 misericor-

2218 4021 2381 4077 diam
2423 4022 2645 4093 jugiter
2673 4021 2912 4083 valeant
2955 4036 3221 4077 exorare.
3257 4024 3324 4078 Et
3376 4025 3441 4077 ut
3485 4022 3629 4076 haec
3647 4024 3865 4076 nostrae

2219 4110 2690 4167 conﬁrmationis
2718 4111 3036 4169 auctoritas
3064 4110 3281 4166 nostris
3318 4125 3879 4185 successorumque-

2221 4205 2561 4255 nostrorum
2612 4199 2983 4274 temporibus
3028 4198 3434 4255 inviolabilem
3482 4203 3539 4255 et
3565 4197 3851 4257 inconvul

2224 4306 2355 4344 sam
2382 4288 2647 4344 obtineat
2676 4288 3038 4355 ﬁrmitatem,
3068 4288 3143 4344 de
3174 4286 3399 4343 annulo
3428 4292 3635 4344 nostro
3663 4286 3865 4349 subter

2227 4394 2360 4433 eam
2386 4377 2681 4449 jussimus
2718 4376 2981 4446 sigillari.

2304 4466 2742 4522 Hirminmarus
2770 4466 3040 4522 notarius
3082 4463 3162 4522 ad
3197 4463 3390 4521 vicem
3420 4463 3685 4536 Hugonis
3712 4479 3874 4520 reco-

2229 4554 2410 4625 gnovi
2435 4559 2493 4610 et
2522 4554 2867 4628 subscripsi.

2300 4646 2516 4699 Datum
2546 4642 3043 4717 quatuordecimo
3075 4641 3365 4700 Calendas
3385 4640 3698 4709 Jul.anno,
3716 4639 3876 4695 Chri-

2231 4736 2322 4787 sto
2344 4731 2922 4804 propitio,vigesimo
2939 4736 2995 4787 et
3012 4732 3181 4789 tertio
3205 4730 3437 4807 imperii
3459 4730 3667 4786 domni
3687 4727 3874 4785 nostri

2231 4820 2514 4878 Ludovici
2533 4820 2785 4897 piissimi
2814 4821 3082 4891 Augusti,
3111 4820 3435 4876 Indictione
3465 4817 3868 4894 quindecima.

2301 4911 2514 4965 Actum
2544 4909 2879 4966 Theodonis
2909 4908 3068 4980 villa,
3091 4908 3316 4984 palatio
3342 4909 3526 4980 regio,
3547 4906 3608 4965 in
3640 4904 3739 4961 Dei
3769 4920 3876 4961 no-

2230 4998 2391 5055 mine
2424 4998 2685 5056 ieliciter.
2719 5000 2930 5055 Amen.

2964 5069 3135 5123 XXXI.

2230 5140 2518 5213 Sequitm'
2539 5139 2849 5208 exemplar
2868 5140 3182 5208 privilegii
3205 5138 3365 5209 quod
3390 5141 3535 5209 fecit
3560 5139 3881 5209 praenomi-

2302 5210 2831 5293 natus.Aldricus,_
2849 5211 3160 5293 episcopus
3200 5211 3463 5293 ecclesiae
3498 5211 3882 5293 Sanctisnt:

2304 5283 2549 5349 vatoris,
2578 5296 2758 5353 super
2772 5281 3037 5405 [luvium
3068 5279 3331 5351 Sarthae,
3363 5288 3419 5339 et
3448 5282 3759 5343 monachis
3797 5280 3882 5339 ibi

2304 5353 2554 5405 Domino
2594 5352 2765 5405 famu
2796 5350 3057 5405 antibus.

2304 5353 2554 5407 Domino
2590 5350 3057 5422 inmutantibus.

2303 5440 2369 5495 In
2393 5440 2637 5497 nomine
2665 5443 2886 5495 sanctas
2908 5437 3200 5496 Trinitatis
3224 5445 3280 5497 et
3307 5441 3499 5501 unicae
3529 5439 3879 5505 Divinitatis,

2234 5531 2356 5600 Ego
2376 5527 2667 5595 Aldricus,
2687 5527 3101 5585 Cenomanicae
3122 5530 3283 5587 urbis
3303 5529 3589 5601 indignus
3604 5532 3659 5587 et
3674 5545 3885 5605 pecca-

2238 5620 2331 5675 tor
2348 5616 2686 5691 episcopus,
2697 5616 3089 5679 illustrations
3101 5619 3321 5678 divinas
3335 5617 3568 5693 pietatis
3587 5633 3884 5690 provoca-
