4180 6186
422 278 535 339 tus,
578 286 705 329 una
733 286 875 326 cum
906 285 1213 327 consensu
1251 274 1311 327 et
1344 270 1581 327 licentia
1888 268 2085 325 Ludos
2118 269 2170 327 Δ
2202 268 2416 340 priscis
2443 269 2815 339 vocabam;
2862 274 2922 331 et
2946 270 3030 333 ad
3055 287 3212 344 opus

416 363 535 420 vici
568 360 828 435 piissimi
852 360 1252 431 imperatoris,
1286 378 1393 417 seu
1425 360 1699 427 omnium
1738 364 2089 427 sanctorum

419 449 1030 525 comprovincialium
1098 450 1533 523 episcoporum.
1588 455 1773 523 atque
1830 448 2089 505 aliarum

420 542 756 599 multarum
785 537 1235 610 provinciarum
1264 539 1561 595 nobilium
1609 555 1680 596 ac
1721 538 2086 612 sapientium

424 629 803 704 pontiﬁcum,
836 627 960 682 sive
994 643 1134 683 cum
1165 629 1331 684 omni
1361 632 1582 684 nostris
1612 645 1772 684 curre
1811 627 2087 684 commis-

429 736 514 775 δίε
552 722 665 774 Deo
690 716 919 772 devotae
959 717 1414 786 congregationi
1445 716 1748 790 matrique
1776 722 1834 773 et
1860 721 2084 772 nostrae

423 808 583 864 sedis
604 805 869 864 ecclesias
890 803 1226 872 temulenti,
1276 810 1650 878 pertractans
1702 820 1815 875 ego
1871 821 2085 869 casum

415 895 756 967 fragilitatis
767 896 1527 969 humanae,pavesoensque
1544 895 1819 951 ultimum
1832 895 2087 952 vocatio-

418 989 513 1044 nis
558 987 747 1047 diem.
793 1001 871 1041 ne
915 985 1106 1041 multa
1135 985 1295 1042 mole
1322 985 1745 1058 peccaminum
1776 990 2079 1051 oneratus,

418 1078 546 1132 sine
578 1075 779 1132 fructu
798 1074 1023 1147 aliquo,
1047 1075 1211 1146 quod
1234 1074 1411 1141 absit,
1427 1075 1571 1131 boni
1587 1075 1788 1148 operis
1808 1080 2081 1148 repertus

417 1165 720 1231 inveniar,
784 1163 1278 1235 confortatusque
1343 1164 1610 1236 alloquio
1669 1163 2081 1236 prmdicatoris

417 1254 736 1328 praecipui,
770 1252 932 1309 Pauli
963 1252 1182 1311 scilicet
1210 1253 1488 1325 apostoli,
1530 1253 1633 1308 ubi
1666 1253 1784 1309 ait:
1811 1253 1883 1309 Si
1905 1255 2079 1323 cujus

416 1360 571 1413 opus
589 1343 901 1411 manserit,
934 1342 1259 1398 mercedem
1282 1343 1543 1411 accipiat
1567 1359 1580 1409 ;
1602 1342 1847 1407 idcirco,
1871 1345 1936 1397 ut
1959 1341 2080 1396 dic-

420 1438 551 1488 tum
572 1438 682 1499 est,
699 1447 841 1487 cum
863 1446 1161 1487 consensu
1177 1435 1234 1486 et
1250 1430 1490 1489 licentia
1509 1420 1900 1503 suprascripti
1920 1430 2079 1503 prin-

424 1521 577 1594 cipis
596 1525 770 1594 atque
787 1520 1212 1591 prmdictorum
1231 1526 1578 1577 sanctorum
1598 1516 1931 1593 prmsulum
1953 1521 2078 1575 sive

2198 358 2551 427 regulariter
2577 360 2906 421 viventium
2928 364 2983 419 et
3014 362 3268 423 Domino
3298 361 3722 427 famulandum
3748 365 3852 425 doe

2199 452 2532 521 natumque
2560 450 2623 506 in
2650 453 3010 521 perpetuum
3053 450 3281 509 ibidem
3312 451 3393 509 ob
3419 452 3759 513 mercedem
3795 457 3853 513 et

2200 537 2595 594 stabilitatem
2615 537 2884 609 praedicti
2912 537 3123 595 domui
3160 540 3348 597 nostri
3388 540 3669 603 Ludovici
3705 541 3849 612 piis:

2197 624 2335 681 simi
2370 625 2772 698 imperatoris,
2824 626 2999 697 cujus
3049 626 3364 697 largitione
3420 632 3477 687 et
3530 628 3850 701 praefatum

2195 714 2401 773 locum
2431 714 2740 786 acquirere
2771 715 3257 783 meruimus,sive
3279 716 3619 781 futurorum
3650 718 3847 787 domi-

2196 820 2437 873 norum,
2464 819 2678 874 regum
2700 803 2974 863 videlicet
3004 806 3389 873 Francorum,
3423 821 3528 863 seu
3569 810 3627 865 et
3668 807 3854 869 nimis.

2194 910 2306 967 pro
2333 893 2603 966 pondere
2626 898 3013 967 peccatorum
3059 898 3403 959 nostrorum
3444 894 3748 967 donamus
3789 902 3850 957 et

2192 999 2300 1056 per
2324 984 2441 1040 hoc
2470 988 2898 1040 testamentum
2928 984 3361 1042 conﬁrmamus
3391 985 3845 1059 conﬁrmatum:

2191 1090 2310 1147 que
2339 1074 2553 1130 futuris
2582 1075 2954 1148 temporibus
2983 1091 3112 1131 esse
3141 1074 3443 1141 volumus,
3468 1080 3591 1133 tam
3620 1093 3844 1151 oppor-

2190 1165 2505 1221 tunitatem
2544 1181 2729 1238 quam
2780 1168 2838 1221 et
2873 1181 2986 1238 pro
3015 1165 3311 1239 stipendio
3341 1164 3591 1223 fratrum
3617 1167 3845 1233 ibidem

2192 1256 2446 1312 Domino
2497 1256 2903 1323 servientium,
2961 1273 3200 1313 necnon
3255 1262 3313 1313 et
3370 1258 3842 1315 consolationem

2190 1345 2668 1417 peregrinorum,
2715 1350 2897 1418 atque
2936 1346 3246 1419 hospitum
3275 1346 3724 1403 advenientium
3748 1364 3843 1404 re-

2190 1434 2547 1505 ceptionem.
2582 1434 2780 1491 Primo
2809 1449 2952 1490 vero
2982 1435 3256 1490 omnium
3287 1435 3701 1504 delegavimus
3730 1436 3842 1493 ibi-

2187 1521 2327 1577 dem
2358 1522 2562 1579 villam
2596 1523 2892 1580 Salvarias
2922 1540 3062 1579 eum
3101 1524 3488 1580 manentibus
3520 1524 3759 1594 triginta
3786 1530 3845 1583 et

421 1611 808 1683 praeﬁxorum
853 1626 1164 1666 servorum
1206 1610 1309 1666 Dei
1350 1610 1807 1683 promptissimo
1848 1610 2073 1680 animo,
2104 1621 2161 1677 Βι
2186 1609 2318 1666 illas
2341 1611 2608 1667 culturas
2627 1612 2781 1668 duas
2791 1613 2967 1683 juxta
2983 1612 3131 1668 illud
3151 1612 3646 1669 monasteriolum
3669 1613 3839 1681 sitas,

419 1699 628 1755 divina
681 1699 1011 1772 inspirante
1069 1699 1404 1769 clementia,
1462 1704 1685 1755 nostras
1745 1698 2078 1755 devotionis

417 1788 685 1845 decrevit
714 1788 1120 1867 compunctio,
1155 1793 1223 1843 ut
1246 1788 1325 1843 ad
1353 1788 1700 1859 augendum
1732 1787 1960 1845 cultum
1984 1788 2076 1843 di-

417 1879 627 1934 vinum
661 1877 784 1933 sive
813 1877 1024 1933 matris
1058 1881 1117 1932 et
1160 1882 1381 1933 nostrae
1419 1878 1575 1933 sedis
1604 1877 1863 1933 ecclesiae
1893 1881 2077 1949 atque

420 1966 723 2042 parrochiae
747 1965 925 2022 nobis
951 1966 1313 2036 commissae,
1337 1982 1407 2021 ac
1434 1966 1869 2023 cumulandum
1889 1967 2079 2023 hono-

418 2072 549 2111 rem
578 2060 759 2135 atque
783 2054 1020 2110 lucrum
1060 2052 1385 2109 multarum
1421 2053 1783 2123 animarum,
1828 2060 1895 2110 ut
1940 2071 2076 2112 mo-

421 2143 813 2200 nasteriolum
862 2142 1109 2214 aliquod
1157 2142 1219 2197 in
1264 2146 1469 2198 nostra
1517 2143 1805 2214 parochia
1861 2147 2076 2199 nostro

421 2232 634 2288 labore
649 2231 725 2287 ad
744 2236 1101 2305 perpetuam
1122 2231 1545 2303 omnipotentis
1566 2231 1665 2287 Dei
1684 2231 1926 2288 laudem
1945 2231 2076 2288 fun-

423 2322 569 2377 dare
595 2328 652 2377 et
680 2327 1022 2378 construere
1045 2320 1423 2387 deberemus,
1455 2320 1621 2393 quod
1659 2321 1739 2377 ita
1769 2328 2079 2378 annuente

419 2411 677 2467 Domino
707 2416 763 2466 et
787 2410 985 2466 facere
1018 2409 1383 2480 studuimus,
1414 2409 1474 2464 in
1504 2425 1626 2481 quo
1651 2414 1708 2465 et
1731 2409 2068 2474 ecclesiam,

418 2505 603 2573 prout
630 2499 953 2569 valuimus,
972 2498 1053 2554 ad
1072 2497 1481 2553 invocandum
1512 2499 1931 2570 perpetualiter
1959 2514 2068 2554 no-

417 2606 559 2647 men
604 2589 713 2644 Dei
733 2588 939 2645 mterni
980 2589 1040 2643 in
1090 2588 1318 2643 honore
1370 2588 1605 2643 Domini
1652 2588 1969 2645 Salvatoris
2013 2593 2071 2645 et

416 2684 641 2735 sanctae
672 2678 947 2750 ejusdem
990 2678 1093 2733 Dei
1131 2677 1429 2747 genitricis
1459 2677 1651 2734 Mariae
1682 2678 1804 2733 sive
1834 2682 2069 2734 sancto-

418 2785 554 2823 rum
586 2774 925 2841 martyrum
975 2766 1237 2824 Gervasii
1280 2770 1337 2822 et
1394 2767 1640 2823 Protasii
1669 2771 1846 2840 atque
1878 2769 2073 2825 sancti

419 2857 726 2933 Stephani,
756 2872 995 2913 necnon
1024 2861 1081 2912 et
1109 2857 1171 2911 in
1199 2856 1426 2912 honore
1463 2861 1521 2912 et
1568 2857 1858 2913 memoria
1890 2850 2068 2914 simul

416 2947 697 3002 omnium
728 2951 1074 3003 sanctorum
1115 2950 1458 3001 construere
1489 2949 1545 3002 et
1570 2946 1913 3002 solemniter
1936 2964 2069 3003 sex-
2104 2974 2153 3031 ρ.

415 3034 661 3091 decimo
691 3036 814 3092 Cal.
846 3034 1051 3091 Octob.
1082 3034 1177 3090 die
1209 3050 1349 3089 cum
1379 3033 1508 3091 aliis
1539 3034 1834 3108 episcopis
1873 3040 1929 3091 et
1972 3052 2069 3092 sa-

413 3124 766 3179 cerdotibus
795 3124 921 3179 sive
949 3124 1188 3197 reliquis
1221 3129 1443 3180 sanctas
1472 3125 1572 3180 Dei
1601 3125 1863 3181 ecclesiae
1892 3125 2067 3180 mini-

402 3212 561 3268 stris
590 3213 868 3267 decenter
907 3217 962 3267 et
999 3212 1425 3269 rationabiliter
1454 3214 1859 3285 canoniceque
1888 3218 2070 3286 atque

416 3300 764 3370 insigniter,
815 3300 1058 3356 Domino
1094 3302 1435 3373 auxiliante,
1483 3297 1828 3358 curavimus
1858 3317 2067 3358 consee

416 3405 609 3459 crare,
663 3388 725 3444 in
756 3405 876 3462 qua
907 3394 962 3446 et
987 3392 1329 3464 quindecim
1370 3391 1581 3447 altaria
1628 3392 1851 3460 erigere
1900 3395 1959 3448 et
2007 3393 2069 3447 in

405 3478 748 3550 honoribus
776 3471 833 3535 et
859 3480 1162 3536 memoriis
1192 3497 1404 3537 eorum
1434 3484 1781 3536 sanctorum
1809 3497 2070 3565 quorum

410 3569 663 3635 nomina
693 3584 874 3641 super
904 3584 975 3641 ea
1005 3570 1229 3627 inserta
1271 3585 1404 3627 esse
1433 3570 1743 3643 praesentis
1784 3569 2070 3642 temporis

422 3662 722 3713 momento
749 3647 1050 3724 videntur,
1080 3675 1412 3734 eorumque
1436 3665 1613 3732 atque
1636 3658 1891 3715 aliorum
1912 3659 2069 3714 mul-

431 3749 611 3802 torum
667 3753 1017 3818 sanctorum
1070 3738 1403 3822 patrocinia
1463 3753 1520 3805 et
1584 3748 1867 3821 reliquias
1918 3749 2071 3805 meis

418 3836 671 3907 propriis
728 3839 1011 3894 manibus
1053 3832 1362 3907 collocavi,
1408 3839 1873 3911 solemniterque
1912 3854 1982 3895 ea
2013 3842 2073 3895 et

413 3919 692 3994 decenter
749 3927 1048 3998 adjunctis
1115 3927 1292 3983 nobis
1351 3927 1617 4000 praefatis
1677 3926 2071 3999 sanctissimis

415 4011 594 4066 sociis
642 4013 1051 4079 ordimbiliter
1080 4004 1518 4071 sanctiﬁcantes
1549 4030 1918 4080 consecrare,
1952 4015 2067 4070 Do-

409 4100 579 4155 mino
610 4102 957 4171 miserante,
993 4104 1349 4169 meruimus,
1392 4120 1653 4177 quorum
1694 4103 2064 4159 intercessio-

410 4188 594 4244 nibus
626 4206 738 4246 nos
765 4192 1047 4276 adjuvari
1080 4188 1546 4248 misericorditer
1576 4191 1938 4247 conﬁdimus
1965 4207 2065 4246 eo-

406 4293 670 4350 rumque
685 4282 987 4363 perpetuis
1005 4282 1152 4337 tueri
1170 4280 1775 4353 praesidiisdargiente
1792 4280 2062 4348 Domino,
2095 4319 2143 4372 Β

408 4365 717 4433 humiliter
745 4371 1025 4443 petimus.
1070 4376 1134 4426 ln
1166 4375 1498 4427 memorato
1536 4371 1739 4444 itaque
1775 4369 2065 4427 Calenda-

404 4473 545 4514 rum
593 4457 694 4521 die
735 4464 792 4515 et
818 4460 879 4515 in
910 4459 1283 4516 dedicatione
1325 4459 1589 4532 praefatae
1614 4458 1880 4514 BCCIBSltB
1926 4475 2066 4514 cum

402 4545 648 4601 licentia
693 4554 749 4602 et
787 4549 1196 4605 exhortatione
1235 4536 1360 4627 jam
1412 4548 1551 4604 dicti
1609 4547 1895 4627 principis
1944 4547 2067 4603 sive

402 4635 899 4708 pi'zescriptorum
932 4623 1277 4699 sanctorum
1306 4641 1567 4710 patrum,
1614 4623 1887 4692 videlicet
1915 4636 2067 4709 epis-

404 4712 708 4799 coporum
734 4741 805 4782 ac
834 4726 1131 4782 nobilium
1178 4731 1236 4781 et
1273 4730 1477 4782 sancte
1509 4725 1836 4793 viventium
1875 4742 2066 4781 sacer-
2108 4772 2112 4777 .

405 4812 641 4880 dotum,
656 4830 766 4888 per
782 4813 1005 4870 librum
1026 4819 1287 4889 quatuor
1304 4815 1761 4886 Evangeliorum
1790 4815 2067 4872 nobiliter

408 4906 694 4957 ornatum
727 4907 784 4959 et
812 4919 961 4963 auro
1001 4892 1075 4959 ei
1113 4908 1281 4978 parte
1326 4904 1757 4981 conscriptum,
1806 4921 1910 4965 seu
1958 4919 2065 4977 per

412 4989 656 5047 calicem
691 5006 942 5059 aureum
972 5008 1160 5047 unum
1193 5008 1331 5051 cum
1370 4996 1591 5064 patena
1640 5008 1749 5048 sua
1804 4991 2065 5064 desuper

412 5077 712 5157 episcopis
743 5084 801 5136 et
830 5080 1243 5141 sacerdotibus
1273 5068 1490 5135 manus
1522 5095 1730 5135 eorum
1750 5080 2062 5152 imponen-

406 5165 584 5233 tibus,
602 5168 807 5237 multis
838 5167 1388 5226 scilicet'nobilibus
1411 5184 1617 5224 coram
1646 5168 1978 5231 astantibus
2008 5172 2065 5224 et

401 5252 777 5343 videntibus,
804 5257 1163 5312 tradidimus
1186 5255 1483 5343 simulque
1505 5255 1915 5324 delegavimus
1940 5272 2062 5312 una

396 5357 543 5397 cum
566 5342 701 5414 jam
732 5343 891 5400 dicto
921 5345 1236 5416 Evangelio
1276 5350 1331 5401 et
1357 5342 1690 5406 memorato
1728 5359 1911 5400 aureo
1961 5360 2060 5413 ca-

393 5431 511 5486 lice
565 5432 642 5489 de
692 5437 915 5489 nostrae
968 5440 1187 5491 sanctae
1236 5434 1392 5493 sedis
1441 5432 1703 5489 ecclesiae
1751 5433 1930 5489 rebus
1983 5433 2062 5489 ad

393 5520 817 5593 supradictum
846 5528 1121 5579 sanctum
1151 5524 1374 5591 locum,
1430 5524 1534 5601 qui
1568 5528 1817 5591 vocatur
1847 5538 2058 5579 mona-

393 5608 652 5669 sterium
695 5612 895 5671 Sancti
925 5613 1267 5682 Salvatoris,
1322 5612 1466 5671 olim
1517 5629 1661 5671 vero
1714 5612 1983 5687 Brogilus
2022 5627 2059 5671 a

2188 1715 2295 1755 seu
2318 1700 2483 1764 illam
2511 1700 2724 1759 silvam
2749 1718 2887 1774 quae
2905 1702 3060 1758 intra
3081 1702 3333 1758 ﬂuvium
3362 1703 3587 1759 Sarthte
3607 1708 3663 1758 et
3690 1704 3843 1760 inter

2185 1791 2505 1864 praedictas
2548 1791 2812 1848 culturas
2869 1796 2927 1848 et
2969 1790 3289 1864 praefatum
3346 1792 3840 1849 monasteriolum

2187 1878 2476 1946 consistit,
2523 1882 2704 1951 atque
2728 1879 2894 1936 illam
2923 1879 3163 1936 vineam
3194 1879 3561 1936 dominicam
3590 1897 3726 1953 quas
3754 1881 3842 1936 in-

2184 1971 2274 2023 ter
2298 1966 2597 2023 Salvarias
2640 1971 2696 2023 et
2730 1969 2859 2039 jam
2883 1968 3113 2025 dictum
3156 1968 3647 2025 monasteriolum
3692 1984 3837 2025 con-

2178 2055 2359 2125 jacet,
2381 2059 2438 2111 et
2464 2055 2565 2113 illa
2590 2056 2817 2115 molina
2841 2056 2964 2113 duo
2978 2056 3153 2128 juxta
3171 2056 3320 2111 illud
3344 2056 3836 2119 monasteriolum

2185 2159 2369 2216 supra
2399 2144 2648 2200 ﬂuvium
2681 2145 2903 2201 Sarthae
2931 2146 3062 2214 sita,
3089 2160 3326 2201 necnon
3352 2150 3407 2200 et
3425 2144 3574 2201 illud
3592 2150 3835 2217 pratum

2185 2247 2260 2287 ex
2287 2232 2404 2289 alia
2433 2236 2602 2305 parte
2631 2233 2862 2305 prmiati
2889 2231 3298 2289 monasterioli
3328 2232 3509 2287 situm
3538 2248 3662 2287 una
3692 2224 3833 2289 cum

2185 2320 2358 2388 silva,
2424 2321 2574 2377 sicut
2624 2320 2860 2377 termini
2913 2320 3338 2390 praedictorum
3392 2321 3833 2376 monachorum
3931 2371 3935 2374 .

2183 2409 2477 2466 dividunt.
2520 2409 2935 2479 Delegav-imus
2964 2410 3143 2465 etiam
3172 2408 3395 2464 ibidem
3442 2407 3646 2465 villam
3688 2424 3831 2465 nos-

2183 2505 2287 2556 trae
2317 2500 2476 2555 sedis
2510 2500 2774 2556 ecclesiae
2805 2500 3097 2573 Apiacum
3124 2515 3264 2555 cum
3286 2499 3453 2555 omni
3476 2498 3830 2569 integritate,

2182 2590 2244 2645 in
2269 2605 2393 2662 qua
2423 2594 2663 2646 sanctus
2693 2589 2968 2657 Ulfacius,
3011 2587 3310 2662 pretiosus
3358 2588 3568 2644 Christi
3606 2587 3831 2644 confes-

2182 2694 2301 2746 sor,
2336 2694 2586 2751 corpore
2610 2678 2964 2750 requiescit;
3007 2677 3308 2750 simulque
3356 2676 3711 2733 tradidimus
3749 2676 3833 2732 ibi

2181 2768 2564 2824 medietatem
2590 2768 2667 2823 de
2694 2768 2836 2824 villa
2869 2770 3075 2824 Canon
3104 2786 3117 2835 ;
3159 2767 3412 2840 parique
3455 2767 3639 2823 modo
3686 2783 3833 2823 con-

2178 2856 2496 2913 ﬁrmamus
2550 2856 2774 2912 ibidem
2832 2856 3037 2912 villam
3098 2856 3415 2912 Luciacum
3471 2872 3611 2912 cum
3666 2855 3832 2912 omni

2176 2946 2553 3017 integritate;
2588 2945 2890 3018 simulque
2922 2944 3071 3001 inibi
3107 2945 3386 3001 dedimus
3442 2949 3499 3001 et
3549 2944 3833 3002 medieta-

2178 3039 2298 3092 tem
2322 3034 2395 3090 de
2419 3034 2560 3090 villa
2582 3050 2720 3107 quea
2746 3037 2965 3091 Beruas
2987 3038 3233 3090 vocatur
3253 3033 3329 3090 de
3350 3034 3579 3090 ratione
3603 3035 3831 3090 Sanctre

2179 3124 2393 3193 Mariae,
2443 3139 2631 3196 quam
2682 3122 3263 3178 redditionedomni
3312 3122 3498 3177 nostri
3550 3121 3831 3177 Ludovici

2181 3211 2656 3268 excellentissimi
2686 3209 3061 3282 imperatoris
3090 3209 3550 3281 acquisivimus;
3583 3212 3640 3264 et
3662 3208 3829 3265 illam

2178 3300 2515 3373 precariam
2564 3316 2751 3372 quam
2800 3297 3186 3357 Priderardus
3232 3313 3341 3370 per
3377 3297 3715 3369 precariam
3752 3298 3829 3355 de

2181 3389 2360 3446 rebus
2394 3391 2621 3446 Sanctae
2651 3389 2841 3453 Mariae
2871 3393 2929 3445 et
2959 3387 3157 3446 Sancti
3191 3386 3455 3444 Gervasii
3500 3390 3676 3450 tenet,
3712 3391 3827 3443 tra-

2180 3480 2379 3535 dimus
2418 3484 2605 3536 totam
2651 3479 3038 3563 similiterque
3080 3478 3406 3547 donamus,
3463 3481 3520 3533 et
3571 3477 3633 3532 in
3686 3476 3829 3533 villa

2178 3584 2315 3641 quae
2352 3573 2606 3625 vocatur
2650 3569 2792 3625 villa
2838 3568 3034 3625 Sancti
3072 3567 3307 3648 Autlem'
3354 3570 3667 3623 manentes
3710 3570 3828 3622 tres

2179 3674 2318 3713 cum
2358 3658 2545 3714 vineis
2587 3659 2776 3714 tribus
2827 3662 2884 3713 et
2931 3657 3161 3731 campis
3212 3656 3360 3725 aliis,
3428 3660 3486 3712 et
3530 3660 3827 3729 quantum

2176 3763 2319 3819 pars
2353 3750 2581 3804 Sanctae
2608 3747 2801 3804 Mariae
2839 3746 2921 3803 ibi
2951 3746 3225 3803 habetur.
3271 3746 3551 3802 Videlicet
3589 3750 3646 3802 et
3690 3746 3826 3803 illas

2176 3851 2272 3891 res
2312 3851 2464 3907 quas
2507 3835 2821 3891 Saleardus
2874 3836 2936 3890 in
2979 3834 3075 3890 die
3106 3834 3497 3889 dedicationis
3527 3834 3718 3907 ipsius
3738 3851 3829 3891 ec-

2178 3923 2370 3979 clesia:
2396 3924 2591 3979 eidem
2618 3928 2827 3980 sancto
2853 3922 2988 3979 loco
3036 3926 3094 3979 et
3119 3922 3295 3979 nobis
3345 3923 3464 3978 sive
3507 3922 3656 3996 ipsis
3698 3939 3827 3978 mo-

2175 4013 2386 4069 nachis
2418 4013 2686 4084 legaliter
2716 4013 2955 4069 tradidit
2996 4011 3163 4082 inibi,
3208 4028 3316 4086 per
3353 4013 3467 4069 hoc
3517 4017 3827 4069 testamen—

2175 4106 2304 4159 tum
2335 4102 2785 4160 conﬁrmamus.
2843 4103 2978 4159 Haec
3038 4106 3239 4159 autem
3296 4102 3502 4159 omnia
3550 4102 3611 4158 in
3667 4117 3826 4175 pago

2177 4192 2579 4249 Cenomanico
2628 4196 2767 4248 sunt
2805 4192 2938 4248 sita.
2992 4190 3374 4264 Supradictus
3422 4191 3601 4263 igitur
3654 4191 3827 4247 villas

2173 4298 2385 4338 omnes
2433 4287 2490 4338 et
2526 4297 2621 4337 res
2652 4286 2900 4338 cunctas
2941 4281 3214 4353 superius
3259 4280 3601 4336 nominatas
3645 4284 3701 4336 et
3746 4279 3826 4336 ad

2173 4371 2491 4444 praedictas
2520 4370 2691 4427 villas
2714 4372 2848 4444 jure
2877 4369 3259 4444 pertinentes,
3282 4386 3406 4426 una
3431 4386 3571 4439 cum
3600 4369 3827 4437 caeteris

2174 4459 2478 4532 domibus,
2513 4458 2799 4541 aediﬁciis,
2828 4450 3163 4533 mancipiis,
3204 4459 3414 4525 vineis,
3458 4458 3635 4524 silvis,
3664 4474 3825 4513 cam-

2173 4550 2286 4623 pis,
2314 4549 2520 4623 pratis,
2552 4549 2813 4622 pascuis,
2842 4548 3033 4623 aquis,
3058 4563 3430 4621 aquarumve
3450 4545 3822 4617 decursibus,

2174 4626 2491 4709 farinariis,
2532 4626 2860 4694 mobilibus
2916 4642 2973 4693 et
3016 4635 3451 4713 immobilibus,
3512 4632 3719 4689 omnia
3767 4638 3825 4690 et

2174 4744 2245 4784 ex
2302 4727 2584 4783 omnibus
2634 4727 2713 4783 ad
2761 4726 3077 4809 prrefatum
3131 4726 3406 4778 sanctum
3459 4722 3659 4778 locum
3714 4738 3823 4795 pro

2171 4814 2465 4870 lucranda
2521 4820 2730 4869 sancta
2770 4808 3056 4868 mercede
3108 4816 3166 4867 et
3222 4814 3548 4880 augmento
3602 4815 3823 4867 nostrae

2174 4907 2393 4958 sanctae
2425 4902 2581 4956 sedis
2610 4900 2873 4956 ecclesiae
2903 4904 3080 4979 atque
3101 4904 3319 4956 nostrae
3341 4900 3824 4979 congregationis

2170 4994 2386 5047 ornatu
2401 4990 2721 5061 donamus,
2736 4976 3052 5061 tradimus,
3069 4989 3371 5070 simulque
3389 4976 3820 5067 delegavimus,

2171 5084 2228 5137 et
2256 5080 2462 5136 omnia
2492 5096 2627 5153 quae
2659 5078 2853 5146 eidem
2884 5084 3265 5136 sacrosancto
3293 5073 3426 5135 loco
3456 5083 3513 5134 et
3540 5077 3823 5137 fratribus

2169 5174 2225 5225 et
2250 5162 2563 5228 monachis
2601 5167 2749 5224 inibi
2781 5168 3030 5225 Domino
3060 5162 3495 5237 famulantibus
3549 5171 3607 5224 et
3650 5183 3822 5240 regu-

2167 5258 2363 5319 lariter
2392 5258 2728 5327 viventibus
2778 5258 2981 5321 divina
3030 5258 3220 5331 pietas
3271 5256 3554 5339 deinceps
3617 5259 3827 5328 augeri

2168 5346 2422 5402 voluerit
2446 5350 2502 5409 et
2528 5363 2563 5401 a
2589 5346 2763 5401 bonis
2785 5346 3133 5415 hominibus
3159 5345 3384 5400 ibidem
3408 5346 3819 5409 condonatum

2169 5439 2347 5509 atque
2375 5434 2657 5493 traditum
2686 5434 2878 5505 fuerit,
2927 5435 3009 5491 ita
3061 5438 3123 5491 ut
3166 5433 3245 5491 ab
3287 5439 3401 5493 hac
3451 5432 3547 5491 die
3595 5433 3820 5490 ibidem

2169 5523 2609 5611 perpetualiter,
2662 5523 2912 5595 Domino
2961 5524 3305 5596 auxiliante,
3355 5524 3417 5580 in
3477 5521 3817 5611 augmentis

2171 5608 2507 5685 proﬁciant.
2541 5612 2706 5671 Unde
2734 5613 3010 5673 constitui
3041 5614 3122 5674 ob
3164 5614 3280 5673 hoc
3329 5613 3443 5686 piae
3488 5608 3818 5669 devotionis
