4160 6182
381 172 451 229 63
1439 167 1717 226 ALDRlCI
1756 163 2290 222 CENOMANENSIS
2329 162 2648 222 EPISCOPI
3720 167 3793 221 64

385 311 592 351 amore
620 294 893 351 veniente
920 296 1050 366 jam
1075 295 1245 350 dicta
1272 291 1466 348 Sancti
1497 287 1817 348 Salvatoris
1847 285 2031 342 eccle—
2059 290 2107 344 A
2136 286 2323 344 laetari
2351 287 2704 344 aternaliter
2734 301 3096 342 mereamur.
3129 285 3341 342 Amen'.
3393 288 3578 343 Porro
3622 289 3795 360 quod

390 385 493 440 sia
524 384 988 440 consecrationis
1019 383 1350 451 festivitate,
1391 380 1558 435 omni
1585 393 1746 434 anno
1777 376 2027 432 fatribus

385 473 560 528 matri
590 477 647 527 et
675 477 888 528 nostra
919 473 1074 527 sedis
1103 469 1366 526 ecclesia
1413 465 1844 524 famulantibus
1895 479 2034 521 con-

387 560 741 616 solationem
768 558 1223 616 ministrandam
1254 556 1332 612 ab
1357 555 1575 612 abbate
1615 559 1672 610 et
1717 553 2031 610 monachis

385 649 447 704 in
477 648 726 720 prafato
758 645 1118 704 monasterio
1170 645 1421 700 Domino
1464 642 1916 704 famulantibus,
1969 641 2030 696 id

387 742 494 809 est,
517 738 592 792 de
622 751 778 809 pane
803 736 1029 807 Optimo
1055 734 1293 790 modios
1321 750 1442 800 sex,
1485 737 1542 788 et
1568 731 1876 801 friscingas
1899 747 2032 804 por-

387 825 552 881 cinas
593 829 728 886 tres,
762 822 1102 878 berbicinas
1150 839 1288 878 vero
1338 821 1602 877 similiter
1649 825 1784 886 tres,
1845 823 1901 874 et
1956 819 2030 874 de

385 913 522 968 vino
551 911 778 983 optimo
800 911 1034 966 modios
1055 915 1334 983 quatuor,
1365 914 1421 966 et
1446 910 1520 965 de
1544 908 1785 982 potione
1805 908 2034 980 optima

387 1001 671 1071 quinque.
702 1002 781 1054 Ea
809 1015 951 1054 vero
983 1001 1211 1055 ratione
1240 1000 1369 1055 hac
1393 999 1504 1054 illis
1523 999 1668 1054 dare
1689 996 2032 1053 censuimus

386 1091 451 1142 ut
481 1088 836 1159 supradicta
871 1087 1077 1143 matris
1109 1087 1370 1144 ecclesia
1411 1088 1539 1159 jam
1581 1086 1814 1160 prafati
1856 1100 2034 1140 cano.

387 1175 503 1231 nici
528 1175 780 1248 pleniter
809 1176 889 1232 ad
916 1181 1314 1232 memoratam
1348 1176 1737 1233 dedicationis
1765 1173 2032 1231 ecclesia

388 1280 528 1319 cum
560 1264 790 1320 silentio
813 1269 870 1320 et
896 1264 1120 1320 cateris
1146 1265 1364 1320 divinis
1393 1264 1758 1321 ornamentis
1789 1263 2033 1319 veniant

387 1351 762 1408 festivitatem
791 1370 928 1409 cum
951 1355 1175 1410 cateris
1218 1353 1581 1410 suburbanis
1622 1351 2033 1409 sacerdotibus

390 1444 446 1495 et
472 1440 716 1514 reliquis
748 1442 992 1509 clericis,
1037 1447 1094 1498 et
1125 1447 1264 1498 tunc
1299 1458 1481 1498 mane
1525 1442 1722 1514 prima
1749 1441 1894 1496 inibi
1925 1456 2034 1512 pro

389 1545 488 1584 me
544 1535 872 1601 peccatore,
920 1531 1068 1586 dum
1118 1531 1422 1600 advixero,
1472 1530 1891 1603 unusquisque
1942 1544 2035 1584 sa-

2137 375 2358 432 multas
2383 375 2752 448 episcopales
2792 375 2964 430 sedes
3013 378 3069 430 et
3109 379 3330 430 matres
3379 375 3670 433 Ecclesias
3700 376 3794 432 di-

2137 479 2311 520 versa
2357 463 2723 521 monasteria
2765 465 2878 518 sub
2920 479 2982 518 se
3028 463 3250 520 habere
3297 464 3573 520 videmus
3619 481 3796 521 cons-

2137 555 2348 618 tructa,
2379 569 2584 624 quaso
2612 567 2688 608 ne
2717 551 2970 624 quidam
2997 552 3298 624 superﬂue
3319 553 3436 608 hoc
3461 569 3558 608 me
3585 553 3794 610 fecisse

2139 645 2431 704 asserant,
2463 639 2792 712 praesertim
2831 656 2970 694 cum
3019 639 3214 709 magis
3255 656 3367 712 pro
3413 641 3643 697 honore
3692 644 3798 696 Ec-

2139 728 2334 784 clesia
2360 728 2534 785 nobis
2566 728 2926 792 commissa,
2982 733 3039 784 et
3090 745 3200 800 pro
3243 729 3410 785 lucro
3449 730 3796 787 animarum

2142 833 2329 890 quam
2358 834 2470 891 pro
2492 817 2754 873 facinore
2775 817 3069 881 humano,
3106 816 3222 873 hoc
3257 833 3353 873 me
3383 818 3593 874 fecisse
3615 819 3798 892 proﬁ-

2140 911 2283 962 teor.
2318 909 2432 963 Nec
2457 906 2679 962 mirum
2701 906 2751 961 si
2775 905 3092 978 praefatum
3117 905 3318 963 locum
3346 907 3421 962 de
3452 907 3633 963 rebus
3659 925 3799 964 nos-

2141 999 2244 1050 tra
2276 995 2434 1051 sedis
2465 994 2736 1050 Ecclesia
2766 994 3098 1062 ditaverim,
3132 1011 3271 1050 cum
3303 995 3523 1053 multos
3553 1003 3795 1054 sanctos

2144 1084 2460 1157 episcopos
2483 1084 2612 1155 jam
2639 1083 2780 1140 talia
2804 1083 3014 1139 fecisse
3049 1088 3107 1140 et
3141 1083 3400 1154 legimus
3431 1090 3488 1142 et
3511 1087 3797 1155 cognovi-

2142 1189 2300 1228 mus.
2331 1172 2554 1228 ldcirco
2601 1187 2814 1244 precor
2866 1176 3114 1228 cunctos
3160 1172 3366 1228 ﬁdeles
3417 1178 3637 1230 sancta
3693 1175 3798 1230 Dei

2143 1260 2418 1316 Ecclesia
2445 1265 2510 1317 ut
2537 1275 2662 1317 non
2682 1261 2796 1316 hoc
2835 1277 2932 1316 me
2977 1260 3280 1332 superﬂue
3314 1261 3528 1318 fecisse
3562 1266 3794 1333 putent,

2143 1349 2249 1404 sed
2278 1349 2472 1419 magis
2501 1365 2610 1421 pro
2637 1365 2734 1404 me
2764 1353 3077 1421 peccatore
3107 1365 3279 1405 orare
3312 1365 3436 1406 non
3470 1350 3800 1421 dedignen-

2143 1441 2283 1505 tur;
2337 1442 2403 1493 ut
2467 1437 2518 1492 si
2573 1453 2760 1510 quam
2806 1453 2917 1510 pro
2973 1437 3089 1493 hoc
3136 1437 3478 1494 mercedem
3543 1438 3798 1512 adipisci

2145 1541 2445 1593 meruero,
2476 1525 2749 1596 ejusdem
2797 1525 2926 1580 ﬁeri
2950 1530 3294 1582 mereantur
3321 1527 3658 1600 participes.
3692 1530 3800 1585 De-

391 1617 600 1672 cerdos
632 1623 828 1674 cantet
857 1635 1042 1675 unam
1071 1620 1318 1676 missam
1348 1624 1404 1676 et
1433 1619 1713 1692 amplius,
1763 1618 1812 1674 si
1848 1617 2037 1673 libue-
2066 1638 2108 1692 Β
2145 1614 2327 1686 nique
2355 1613 2658 1670 humiliter
2686 1629 2898 1686 precor
2929 1614 3252 1670 Dominum
3282 1620 3561 1671 nostrum
3589 1617 3796 1673 Jesum

389 1706 464 1761 rit
487 1710 544 1761 et
570 1707 825 1762 Charitas
853 1709 1293 1775 ministraverit,
1345 1713 1402 1764 et
1453 1707 1873 1780 unusquisque
1924 1705 2035 1761 cle-

390 1794 547 1849 ricus
573 1795 842 1866 psalmos
866 1797 1304 1870 quinquaginta
1334 1801 1390 1853 et
1420 1796 1702 1869 amplius,
1735 1798 2034 1867 quantum

392 1882 625 1938 dilectio
655 1887 712 1938 et
735 1900 906 1939 amor
935 1885 1035 1940 Dei
1060 1885 1444 1954 instigaverit.
1477 1888 1608 1941 Post
1638 1883 1869 1940 obitum
1893 1898 2036 1939 vero

391 1985 619 2037 meum,
651 1970 712 2025 in
751 1971 1038 2044 pradicta
1066 1972 1161 2028 die
1201 1973 1468 2028 similiter
1495 1987 1606 2044 pro
1650 1970 1931 2026 defuncto
1959 1970 2039 2025 fa-

392 2057 569 2114 ciant.
605 2060 740 2115 Hac
772 2076 913 2132 ergo
963 2061 1170 2116 omnia
1220 2061 1531 2131 diligenter
1578 2063 1840 2132 peracta,
1889 2059 2041 2114 hora

390 2146 561 2201 tertia
590 2147 650 2202 in
678 2147 990 2220 publicum
1016 2149 1313 2205 introeant
1349 2148 1615 2205 officium
1655 2153 1710 2204 et
1749 2163 1870 2203 una
1898 2162 2038 2201 cum

390 2235 706 2290 monachis
722 2235 946 2291 ibidem
977 2237 1227 2292 Domino
1249 2237 1678 2293 famulantibus
1699 2234 2042 2291 solemniter

389 2320 582 2393 ipsius
607 2323 724 2378 diei
741 2323 1015 2381 festivam
1032 2330 1325 2397 peragant
1339 2325 1804 2392 solemnitatem;
1828 2329 1884 2380 et
1899 2329 2040 2380 tunc

391 2413 592 2465 utrum
624 2411 908 2481 elegerint
935 2413 1176 2477 faciant,
1205 2418 1308 2469 aut
1325 2414 1475 2469 inibi
1495 2430 1632 2470 cum
1657 2413 1802 2486 ipsis
1829 2427 2039 2467 mona-

393 2495 518 2552 chis
567 2499 786 2568 pariter
815 2499 1104 2566 reficiant,
1156 2505 1260 2558 aut
1308 2503 1356 2556 si
1404 2501 1489 2556 ibi
1537 2517 1662 2556 non
1708 2500 2036 2567 refecerint,

393 2589 535 2640 tunc
561 2591 805 2658 accepta
836 2588 1131 2659 stipendia
1158 2589 1217 2644 in
1247 2589 1554 2646 refectorio
1596 2589 1750 2645 infra
1787 2589 2039 2644 domum

393 2677 451 2728 et
506 2673 834 2730 claustrum
887 2677 1313 2732 canonicorum
1371 2691 1494 2734 una
1546 2694 1684 2733 cum
1744 2677 2041 2749 pradictis

395 2760 779 2829 suburbanis,
809 2763 1052 2832 clericis,
1077 2770 1135 2820 et
1163 2767 1574 2823 sacerdotibus
1603 2766 1888 2822 reﬁciant.
1922 2769 2042 2821 Hoc

396 2864 543 2905 sane
574 2849 874 2908 humiliter
903 2853 1152 2910 obsecro
1189 2859 1427 2912 sanctos
1457 2870 1833 2911 successores
1873 2869 2042 2909 meos

2144 1702 2468 1766 Christum,
2494 1702 2740 1758 beatum
2762 1719 3178 1759 successorem
3226 1719 3432 1759 meum
3470 1721 3614 1760 mox
3641 1705 3800 1761 futu-

2143 1807 2276 1847 rum
2305 1797 2360 1847 et
2391 1794 2527 1863 post
2554 1807 2693 1846 eum
2737 1791 2799 1847 in
2839 1792 2978 1847 sede
3006 1790 3182 1847 nobis
3235 1792 3560 1850 commissa
3589 1810 3796 1851 succe-

2144 1880 2351 1936 dentes
2381 1884 2628 1935 cunctos
2643 1880 2979 1952 episcopos,
2998 1884 3177 1952 atque
3198 1880 3374 1953 quasi
3392 1881 3471 1936 ad
3488 1881 3672 1952 pedes
3697 1899 3796 1939 eo-

2145 1984 2279 2023 rum
2306 1967 2659 2040 provolutus
2677 1967 3022 2040 suppliciter
3038 1967 3262 2037 ﬂagito,
3282 1984 3614 2042 omnesque
3631 1972 3796 2043 prin-

2147 2055 2310 2128 cipes
2338 2072 2408 2112 ac
2442 2055 2670 2112 nobiles
2705 2061 2763 2111 et
2792 2054 3106 2125 ignobiles,
3126 2061 3494 2130 cunctosque
3523 2059 3795 2116 Christia-

2146 2159 2258 2200 nos
2287 2144 2558 2212 obsecro,
2590 2149 2655 2199 ut
2680 2144 2935 2217 parvula
2960 2160 2996 2200 a
3024 2144 3201 2200 nobis
3225 2145 3386 2201 facta
3416 2146 3496 2202 ad
3525 2147 3789 2204 divinam

2147 2231 2573 2304 omnipotentis
2605 2231 2707 2287 Dei
2726 2231 2971 2286 laudem
2992 2235 3049 2287 et
3073 2231 3508 2289 incrementum
3529 2235 3795 2307 pradicti

2147 2319 2560 2376 monasterioli
2612 2319 2810 2376 Sancti
2855 2319 3180 2377 Salvatoris
3224 2327 3592 2391 conservent,
3644 2329 3703 2378 et
3729 2324 3794 2379 in

2147 2424 2357 2464 eorum
2378 2408 2764 2480 eleemosyna
2792 2407 2916 2464 sive
2941 2408 3020 2464 ob
3049 2409 3317 2482 pradicti
3339 2410 3570 2466 Domini
3591 2411 3794 2468 Salva-

2150 2496 2291 2552 toris
2316 2511 2610 2567 amorem,
2625 2497 2687 2551 in
2709 2496 2882 2567 cujus
2907 2496 3134 2553 honore
3149 2498 3279 2569 jam
3303 2499 3528 2554 dictum
3557 2515 3798 2557 monas-

2147 2584 2422 2641 teriolum
2444 2584 2805 2640 adificatum
2818 2589 2875 2640 et
2894 2585 3237 2642 dedicatum
3257 2602 3385 2642 esse
3405 2587 3795 2662 dignoscitur,

2147 2689 2368 2743 augere
2384 2673 2531 2728 inibi
2552 2673 2727 2744 plura
2748 2673 3091 2744 dignentur,
3115 2680 3170 2730 et
3191 2675 3264 2730 de
3280 2675 3363 2731 eis
3377 2691 3511 2748 qua
3536 2676 3789 2734 fecimus

2150 2767 2329 2835 atque
2350 2761 2687 2831 delegavim
2698 2778 2766 2816 us
2783 2761 2931 2818 inibi
2947 2763 3302 2819 imminuere
3319 2769 3422 2820 aut
3443 2765 3795 2823 subtrahere

2147 2865 2270 2907 non
2292 2856 2663 2923 prasumant
2689 2868 2703 2918 ;
2724 2855 3024 2923 quatenus
3049 2857 3106 2908 et
3125 2852 3289 2909 bona
3303 2853 3544 2910 illorum
3561 2854 3720 2911 facta
3735 2856 3796 2911 in

396 2943 574 3010 atque
602 2938 853 3034 abb-ates
895 2941 989 2996 vel
1028 2943 1363 2999 monachos
1410 2943 1640 3016 praefati
1673 2943 2039 3010 monasterii,
2075 2980 2117 3034 ο
2149 2940 2428 3034 praesenti
2457 2944 2514 2994 et
2537 2939 2598 2994 in
2616 2939 2839 3009 futuro,
2865 2940 3036 2996 sicuti
3060 2945 3116 2997 et
3150 2944 3356 2998 nostra
3385 2942 3651 3009 fecerint,
3677 2947 3794 3001 Deo

396 3029 454 3080 et
476 3027 831 3099 prapositos
878 3045 950 3085 ac
992 3031 1309 3101 magistros
1340 3048 1448 3087 seu
1477 3032 1778 3088 ministros
1803 3031 2045 3088 canoni-

395 3129 606 3170 corum
629 3120 992 3186 nostrorum,
1020 3119 1142 3175 sive
1167 3119 1332 3191 ipsos
1363 3120 1686 3176 canonicos
1718 3124 2041 3192 praesentes

397 3201 616 3258 scilicet
655 3208 832 3277 atque
874 3206 1123 3273 futuros,
1175 3210 1232 3262 et
1276 3207 1592 3280 pradictos
1637 3207 2040 3274 suburbanos,

399 3306 505 3346 seu
531 3294 981 3349 monasteriales
1007 3294 1347 3352 sacerdotes
1395 3301 1450 3353 et
1497 3297 1760 3366 clericos,
1811 3296 1915 3368 q'ui
1964 3295 2044 3352 ad

396 3379 745 3449 pradictam
770 3380 1148 3438 festivitatem
1174 3384 1458 3451 venerint,
1504 3389 1562 3439 et
1603 3385 2042 3456 suprascriptas

398 3466 697 3522 orationes
723 3479 832 3539 pro
857 3485 953 3524 me
991 3469 1325 3526 miserrimo
1354 3475 1666 3543 peccatore
1705 3471 1964 3538 fecerint,
2008 3488 2046 3527 a

401 3561 734 3611 memorata
760 3556 1079 3612 refectione
1108 3557 1203 3613 vel
1231 3557 1308 3613 ab
1340 3573 1548 3614 eorum
1574 3558 1883 3616 refectorio
1915 3575 1951 3616 a
1981 3577 2042 3638 se

399 3657 523 3697 non
552 3642 911 3710 excludant;
963 3645 1068 3700 sed
1113 3645 1161 3701 si
1215 3645 1418 3718 aliqua
1446 3647 1794 3702 necessitate
1820 3646 2043 3703 factum

399 3729 595 3798 fuerit,
620 3736 761 3788 tunc
787 3737 1108 3789 statuentes
1135 3734 1534 3807 imploramus
1577 3740 1642 3792 ut
1679 3750 1838 3791 unus
1867 3752 2045 3792 cano-

399 3818 673 3875 nicorum
692 3820 847 3877 bene
873 3822 1066 3879 ﬁdelis
1096 3823 1172 3880 de
1218 3824 1514 3896 pradictis
1561 3824 1870 3898 stipendiis
1909 3839 2044 3898 qua

393 3907 523 3978 jam
551 3908 687 3966 dicti
712 3912 994 3967 monachi
1018 3913 1350 3977 tribuerint,
1399 3913 1655 3985 accipiat
1700 3930 1886 3969 unum
1921 3930 2048 3970 mo-

400 3995 570 4051 dium
599 3998 776 4068 panis
805 4003 862 4054 et
888 3999 1183 4056 alternum
1212 4001 1357 4068 vini,
1392 4001 1639 4074 insuper
1685 4017 1758 4057 ex
1803 4003 2044 4074 potione

402 4083 658 4140 sextaria
685 4090 965 4156 quatuor,
984 4092 1041 4143 et
1059 4104 1246 4144 unam
1273 4088 1619 4160 friscingam
1652 4089 1889 4162 qualem
1925 4106 2048 4146 me-

400 4170 610 4225 liorem
639 4171 945 4239 invenerit,
985 4179 1042 4230 et
1067 4191 1141 4231 ex
1169 4175 1262 4230 his
1294 4175 1405 4231 illis
1434 4181 1729 4249 praparet
1758 4178 1968 4234 devote
1993 4182 2050 4235 et

401 4257 672 4327 religiose
693 4259 1094 4318 refectionem.
1119 4263 1234 4320 Sed
1251 4265 1442 4333 magis
1463 4270 1606 4336 opto
1632 4269 1690 4321 et
1714 4265 1924 4338 suplex
1947 4265 2046 4321 de-

401 4361 613 4418 precor
634 4352 697 4402 ut
718 4363 854 4402 cum
878 4350 1210 4422 sapedictis
1231 4353 1533 4408 canonicis
1553 4354 1769 4409 nostris
1789 4353 1851 4409 in
1871 4355 2051 4410 refec-
2081 4324 2128 4381 D

401 4433 552 4489 torio
569 4450 704 4490 cum
723 4435 834 4490 illis
849 4437 1237 4506 religiossime
1253 4439 1887 4512 reﬁciant,solemniter
1901 4455 2051 4514 quo-

402 4538 519 4596 que
549 4522 716 4579 illum
755 4523 916 4580 diem
955 4526 1258 4593 ducentes,
1298 4533 1357 4583 et
1401 4527 1476 4583 de
1525 4532 1690 4584 tanta
1737 4529 2048 4587 festivitate

400 4610 686 4680 latantes,
717 4613 1161 4686 Dominumque
1209 4615 1271 4670 in
1319 4615 1601 4671 omnibus
1629 4616 1945 4674 laudantes
1977 4635 2047 4674 ac

403 4699 791 4772 deprecantes
817 4708 883 4760 ut
905 4703 1290 4777 tranquillam
1314 4703 1497 4760 vitam
1527 4705 1685 4761 hanc
1710 4706 1925 4777 degere
1953 4724 2050 4764 va-

401 4785 561 4842 leant
580 4793 638 4842 et
667 4792 916 4860 pramia
939 4798 1174 4849 aterna
1200 4793 1332 4850 vita
1359 4794 1664 4867 percipere
1684 4800 2044 4853 mereantur.

405 4873 653 4945 Insuper
676 4875 751 4930 de
781 4879 1080 4947 pradictis
1110 4882 1420 4954 stipendiis
1445 4883 1781 4956 deprecans
1811 4892 2048 4942 sanctos

404 4975 778 5017 successores
800 4979 967 5020 meos
987 4971 1288 5023 contestor
1311 4976 1366 5026 et
1386 4976 1728 5030 contestans
1749 4974 2051 5031 humiliter

403 5048 691 5120 deprecor
704 5055 882 5123 atque
899 5052 1200 5109 ministros
1215 5057 1485 5127 ejusdem
1503 5061 1767 5117 Ecclesia
1780 5068 1843 5116 ut
1861 5077 2048 5117 unum

403 5135 675 5193 modium
702 5138 776 5195 de
805 5140 1053 5212 praefixo
1080 5152 1236 5213 pane
1263 5149 1321 5200 et
1348 5145 1600 5204 alterum
1631 5148 1705 5204 de
1730 5149 1858 5218 jam
1888 5149 2048 5204 dicto

405 5223 540 5279 vino
579 5229 636 5280 et
678 5226 752 5282 de
782 5228 1043 5300 praefatis
1073 5229 1368 5302 friscingis
1415 5250 1600 5291 unam
1647 5234 2052 5307 quadraginta

404 5314 773 5384 pauperibus
809 5316 870 5371 in
909 5323 1240 5376 memorata
1269 5321 1578 5377 festivitate
1614 5322 1900 5383 tribuant,
1945 5322 2050 5395 qui

403 5401 541 5456 inde
571 5403 949 5461 refectionem
985 5407 1272 5464 habentes
1313 5409 1633 5465 Dominum
1681 5409 2050 5467 Salvatorem

404 5491 617 5547 mundi
645 5492 985 5550 collaudent
1012 5501 1069 5552 et
1098 5513 1207 5568 pro
1237 5513 1334 5553 me
1373 5496 1708 5553 miserrimo
1739 5504 2051 5569 peccatore

405 5594 577 5638 orare
599 5581 898 5654 studeant,
929 5584 1186 5655 qualiter
1214 5598 1354 5641 cum
1392 5583 1613 5640 sanctis
1642 5589 1699 5644 et
1725 5584 1922 5644 electis
1950 5588 2054 5648 Dei

2149 3029 2415 3100 auspice,
2439 3031 2868 3083 conserventur
2893 3047 2905 3095 ;
2929 3033 3230 3100 quatenus
3263 3031 3312 3085 si
3343 3031 3612 3105 aliquam
3640 3049 3794 3089 mer-

2149 3117 2358 3173 cedem
2389 3132 2499 3189 pro
2547 3115 2648 3188 pio
2677 3116 2922 3188 praefixo
2953 3116 3131 3186 facto,
3179 3117 3434 3176 Domino
3475 3126 3788 3189 annuente,

2149 3206 2373 3262 habere
2403 3205 2814 3266 meruerimus,
2863 3203 3054 3275 ipsius
3107 3207 3415 3276 mercedis,
3471 3210 3794 3266 auxiliante

2149 3294 2286 3366 ipso
2318 3293 2569 3350 Domino
2603 3291 2902 3350 Salvatore
2928 3297 3160 3362 nostro,
3194 3311 3304 3367 pro
3326 3297 3500 3367 cujus
3531 3303 3589 3354 et
3628 3315 3798 3354 amo-

2151 3398 2214 3438 re
2242 3383 2358 3437 hoc
2387 3381 2658 3448 fecimus,
2709 3379 2863 3436 efﬁci
2913 3397 3253 3437 mereamur
3293 3390 3626 3439 consortes.
3671 3390 3801 3442 Pre-

2153 3485 2255 3526 cor
2275 3470 2457 3526 etiam
2505 3474 2752 3525 cunctos
2783 3468 3117 3526 sacerdotes
3166 3485 3236 3524 ac
3279 3468 3379 3523 Dei
3426 3485 3629 3526 servos
3673 3474 3795 3528 sive

2152 3558 2487 3614 monachos
2508 3573 2719 3613 omnes
2741 3562 2807 3614 ut
2827 3557 3144 3630 pradictas
3162 3558 3530 3613 orationesin
3546 3559 3798 3630 praefata

2151 3647 2247 3703 die
2273 3661 2382 3720 pro
2412 3663 2509 3702 me
2536 3651 2850 3720 peccatore
2907 3647 3003 3720 pie
3043 3650 3100 3702 et
3128 3645 3562 3703 studiosissime
3607 3647 3799 3704 adim-

2151 3735 2311 3808 plere
2340 3740 2680 3808 procurent,
2732 3736 2988 3808 qualiter
3035 3735 3478 3792 absolutionem
3523 3738 3801 3793 omnium

2149 3830 2533 3898 peccatorum
2557 3840 2831 3880 meorum
2845 3840 3054 3880 eorum
3069 3824 3348 3897 precibus
3366 3825 3617 3898 adipisci
3639 3827 3801 3883 vale-

2151 3929 2274 3983 am,
2295 3917 2353 3968 et
2379 3919 2724 3968 sanctorum
2772 3913 3074 3969 consortio
3105 3913 3523 3986 perpetualiter
3545 3914 3801 3970 Domino

2151 4001 2440 4072 largiente
2468 4000 2583 4056 frui
2611 4016 2973 4056 mereamur.
3021 4001 3294 4058 Similiter
3320 4017 3531 4092 precor
3582 4003 3802 4058 obnixe

2155 4090 2404 4146 abbates
2429 4095 2486 4145 et
2540 4089 2874 4148 monachos
2924 4094 3170 4145 cunctos
3219 4090 3281 4145 in
3310 4089 3562 4163 praefato
3611 4091 3800 4148 sancti

2155 4177 2472 4234 Salvatoris
2501 4177 2872 4234 monasterio
2911 4177 3216 4248 degentes,
3249 4177 3537 4250 pradicta
3577 4180 3796 4252 stipen-

2154 4267 2254 4322 dia
2283 4267 2588 4323 canonicis
2619 4271 2676 4322 et
2701 4265 2984 4322 fratribus
3013 4266 3252 4336 nostris,
3277 4267 3401 4322 sive
3432 4267 3796 4324 suburbanis

2157 4355 2571 4411 sacerdotibus
2601 4359 2658 4410 et
2713 4353 2936 4411 clericis
2993 4354 3327 4410 ministrare
3373 4355 3435 4410 in
3473 4355 3604 4426 jam
3644 4356 3804 4412 dicta

2153 4443 2248 4498 die
2275 4455 2396 4498 non
2438 4442 2776 4513 negligant;
2813 4448 3110 4516 quatenus
3141 4442 3285 4514 ipsis
3319 4443 3801 4500 ministrantibus

2152 4531 2445 4603 nobisque
2455 4530 2756 4588 humiliter
2771 4531 3166 4588 famulantibu
3176 4535 3266 4586 set
3280 4532 3504 4587 cateris
3521 4532 3802 4588 fratribus

2153 4622 2211 4676 et
2238 4619 2338 4674 Dei
2354 4619 2538 4675 servis
2561 4619 2892 4687 orantibus,
2909 4635 3017 4692 per
3033 4619 3320 4690 suffragia
3341 4620 3615 4675 omnium
3637 4636 3802 4676 sanc-

2154 4713 2351 4765 torum
2382 4722 2494 4764 nos
2518 4713 2574 4764 et
2614 4709 2746 4765 illos
2768 4709 2938 4764 Jesus
2960 4708 3225 4764 Christus
3257 4708 3546 4763 Dominus
3601 4713 3798 4764 noster

2153 4796 2216 4853 in
2262 4802 2483 4852 aterna
2537 4797 2733 4853 latitia
2762 4813 2885 4852 una
2910 4813 3050 4852 cum
3081 4795 3303 4851 sanctis
3330 4796 3452 4851 suis
3481 4796 3679 4852 fovere
3708 4793 3795 4850 di-

2157 4890 2389 4955 gnetur.
2437 4891 2648 4942 Amen.
2709 4889 2888 4941 Porro
2935 4891 2999 4940 ut
3054 4885 3168 4939 hoc
3212 4888 3632 4940 testamentum
3679 4883 3797 4938 sive

2155 4973 2533 5046 privilegium
2563 4990 2600 5029 a
2625 4991 2723 5030 me
2754 4975 2854 5047 pia
2885 4973 3068 5030 volun
3086 4976 3200 5028 tate
3231 4972 3477 5040 factum,
3506 4989 3612 5046 per
3629 4971 3804 5028 ratio.

2155 5077 2297 5117 nem
2325 5062 2753 5134 supradictam,
2768 5061 2935 5118 omni
2951 5067 3219 5131 tempore
3248 5066 3491 5117 maneat
3509 5061 3804 5117 illibatum

2159 5153 2338 5219 atque
2383 5149 2818 5216 ﬁrmissimum,
2850 5165 3039 5204 manu
3069 5148 3316 5220 propria
3344 5148 3492 5204 illud
3539 5166 3650 5222 pro
3706 5148 3806 5204 ﬁr-

2156 5237 2378 5292 mitatis
2405 5236 2601 5292 studio
2637 5237 3082 5302 roboravimus,
3139 5234 3261 5289 sive
3311 5241 3554 5292 sanctos
3603 5240 3806 5309 patres

2156 5330 2395 5380 nostros
2425 5325 2759 5397 episcopos,
2773 5329 2953 5396 atque
2970 5323 3184 5379 fratres
3206 5327 3446 5380 nostros
3465 5325 3807 5381 sacerdotes

2159 5417 2215 5468 et
2241 5412 2448 5468 levitas
2501 5427 2610 5467 seu
2660 5413 2920 5486 reliquos
2977 5411 3224 5467 clericos
3256 5418 3622 5485 caterasque
3677 5429 3809 5485 per-

2159 5516 2338 5557 sonas
2390 5516 2653 5573 quorum
2681 5500 2932 5557 nomina
2960 5500 3166 5556 subter
3215 5501 3536 5567 habentur,
3583 5501 3820 5576 inserta

2159 5589 2398 5648 ﬁrmare
2417 5588 2718 5653 humiliter
2739 5589 3198 5664 postulavimus.
