4160 6182
305 165 371 219 σι
1736 160 1946 242 γι

2054 161 2101 217 l.
2147 202 2156 212 .
3632 181 3702 235 66

368 289 486 355 Ego
515 283 800 340 Aldricus
832 285 1267 342 Canomanica
1295 287 1460 342 urbis
1501 286 1783 356 indignus
1811 300 1946 358 pec-
1975 287 2022 338 A
2054 285 2115 340 ni
2147 289 2408 345 Ursmari
2428 290 2728 347 Turonicaa
2751 292 2916 347 urbis
2943 293 3374 369 archiepiscopi
3390 313 3496 354 seu
3524 305 3698 356 cate-

297 380 456 431 cator
483 375 811 448 episcopus
853 375 967 430 hoc
1017 379 1437 431 testamentum
1495 393 1531 432 a
1582 392 1678 431 me
1723 375 1945 430 factum

295 463 642 536 subscripsi.
679 465 998 518 Ursmarus
1025 463 1310 529 indignus
1341 465 1643 520 Turonica
1673 464 1836 519 urbis
1857 479 1946 518 ar-

298 553 718 625 chiepiscopus
740 551 879 607 huic
909 556 1269 608 testamento
1299 569 1572 608 annuens
1599 552 1942 624 subscripsi.

303 643 470 698 Dodo
501 641 743 696 humilis
773 641 1291 696 Andecavensium
1324 643 1564 697 antistes
1608 642 1746 697 huic
1778 645 1947 697 testa-

307 735 506 787 mento
529 729 766 786 decreto
780 744 1107 784 assensum
1128 730 1403 802 praebens
1434 730 1946 800 subscripsi.War-

308 821 504 876 uarius
541 819 830 889 indignus
881 818 1202 892 episcopus
1253 819 1390 874 huic
1431 824 1788 874 testamento
1846 834 1948 873 an-

303 925 492 964 nuens
550 907 902 979 subscripsi.
941 906 1233 962 Ebroinus
1281 907 1564 976 indignus
1623 906 1946 978 episcopus

301 999 434 1053 huic
457 1001 817 1054 testamento
840 1011 1114 1051 annuens
1137 995 1480 1068 subscripsi.
1499 999 1619 1064 Ego
1637 996 1948 1050 Autcarius

302 1088 607 1156 Magontia
639 1085 806 1141 urbis
837 1085 1320 1157 archiepiscopus
1357 1085 1471 1140 hoc
1501 1089 1944 1152 testamentum,

303 1176 662 1249 deprecante
705 1174 806 1229 illo
839 1173 1072 1228 Aldrico
1103 1174 1400 1245 pradicta
1448 1173 1610 1228 urbis
1639 1173 1944 1244 episcopo,

306 1265 649 1338 subscripsi.
693 1262 1032 1321 Guntardus
1087 1263 1372 1332 indignus
1435 1263 1755 1334 episcopus
1808 1262 1947 1316 huic

307 1358 659 1410 testamento
685 1368 957 1408 annuens
988 1347 1339 1423 subscripsi.
1375 1355 1497 1420 Ego
1546 1350 1944 1406 Erchinradus

313 1443 626 1515 episcopus
657 1443 766 1498 hoc
809 1445 1254 1505 testamentum,
1299 1441 1658 1512 deprecante
1711 1439 1946 1494 Aldrico

321 1533 619 1602 episcopo,
660 1530 998 1602 subscripsi.
1053 1533 1174 1599 Ego
1230 1529 1577 1586 Hechardus
1627 1529 1948 1602 episcopus

327 1619 435 1675 hoc
513 1623 914 1676 testamentum
938 1663 952 1688 ,

321 1723 501 1779 copo,
581 1708 923 1782 subscripsi.
1001 1710 1122 1778 Ego
1193 1707 1594 1764 Theodericus
1669 1709 1946 1763 Camera-

310 1795 494 1851 censis
506 1796 666 1852 urbis
696 1797 1016 1869 episcopus
1045 1797 1160 1852 hoc
1200 1800 1621 1852 testamentum
1639 1793 1946 1866 subscrip-

303 1884 369 1938 si.
415 1885 602 1940 David
628 1887 1099 1958 chorepiscopus
1130 1884 1476 1956 subscripsi.
1495 1887 1752 1940 Austeus
1775 1882 1947 1937 deca-

294 1989 406 2027 nus
445 1974 795 2046 subscripsi.
830 1973 1088 2030 Deduius
1131 1973 1610 2046 archipresbyter
1640 1971 1946 2042 subscrip-

291 2061 354 2116 si.
392 2062 701 2118 Erauldus
731 2061 1344 2135 presbyterindignus
1369 2061 1710 2133 subscripsi.
1732 2060 1947 2115 Ricau-

283 2149 398 2206 dus
445 2151 767 2222 presbyter
797 2150 1143 2222 subscripsi.
1177 2149 1458 2205 Godenus
1475 2148 1950 2221 archipresbyter

281 2239 660 2309 subscripsi.
694 2238 978 2294 Geraldus
1008 2237 1322 2310 presbyter
1349 2237 1694 2309 subscripsi.
1729 2236 1948 2292 Flodui-

273 2342 441 2391 nus,
471 2325 612 2379 licet
640 2325 943 2394 indignus,
966 2326 1280 2396 presbyter
1311 2324 1656 2396 subscripsi.
1687 2325 1946 2380 Gantzui-

277 2431 405 2471 nus
442 2413 775 2485 presbyter
797 2412 1142 2485 subscripsi.
1166 2414 1474 2468 Ascaricus
1491 2413 1792 2485 presbyter
1813 2412 1948 2468 sub-

281 2501 530 2574 scripsi.
566 2501 968 2556 Flodebertus
997 2500 1307 2574 presbyter
1331 2501 1672 2572 subscripsi.
1699 2501 1945 2557 Alexan-

283 2591 394 2646 der
411 2590 738 2662 presbyter
751 2607 778 2643 s
789 2589 990 2644 ubscri
992 2589 1104 2661 psi.
1129 2595 1216 2644 An
1224 2589 1393 2644 sbald
1403 2605 1468 2643 us
1481 2589 1789 2660 presbyter
1809 2589 1949 2644 sub-

289 2680 523 2751 scripsi.
575 2677 846 2734 Gerbaus
892 2676 1206 2749 presbyter
1255 2676 1599 2748 subscripsi.
1659 2677 1948 2733 Anisacar

290 2769 586 2823 diaconus
609 2765 961 2837 subscripsi.
987 2763 1275 2820 Rodricus
1306 2765 1595 2821 diaconus
1626 2765 1942 2838 subcripsi.

292 2856 578 2911 Vinaldus
607 2855 902 2911 diaconus
943 2853 1290 2926 subscripsi.
1345 2853 1756 2922 Reginhardus
1815 2870 1945 2910 mo-

296 2943 466 3000 dicus
498 2943 809 3016 subcripsi.
839 2941 1177 2998 Leodaldus
1198 2942 1488 2998 diaconus
1515 2943 1820 3015 suscripsi.
1841 2945 1948 2998 Da-
1976 2971 2016 3027 ρ

298 3036 362 3087 ta
392 3031 631 3089 Calend.
662 3031 875 3104 Aprilis
907 3031 968 3086 in
999 3030 1097 3086 die
1123 3035 1330 3087 sancto
1373 3031 1612 3087 Pascha
1669 3047 1834 3087 anno
1861 3030 1948 3086 in-

303 3121 660 3177 carnationis
684 3120 1005 3176 Dominica
1036 3123 1162 3188 837,
1192 3119 1513 3175 lndictione
1543 3135 1686 3174 vero
1713 3136 1812 3186 xv,
1837 3135 1945 3174 an-

309 3223 389 3263 no
439 3225 680 3279 quoque
707 3211 860 3264 XXIII
890 3207 1126 3280 imperii
1167 3208 1396 3263 domini
1450 3208 1635 3262 nostri
1667 3208 1944 3264 Ludovici

324 3294 731 3362 gloriosissimi
781 3296 1170 3367 imperatoris,
1237 3302 1295 3352 et
1334 3311 1496 3350 anno
1555 3295 1944 3353 ordinationis

332 3385 544 3436 nostra
581 3381 801 3453 quinto.
833 3387 1033 3440 Actum
1063 3401 1206 3456 ergo
1254 3383 1658 3440 Cenomanica
1705 3385 1766 3439 in
1797 3385 1944 3442 urbe

336 3469 554 3540 publice
583 3469 644 3525 in
679 3471 774 3527 Dei
799 3473 1036 3528 nomine
1075 3473 1341 3530 feliciter.
1374 3475 1586 3528 Amen.

1033 3565 1227 3618 XXXII.

317 3646 593 3719 Sequitur
610 3651 918 3718 exemplar
943 3653 1233 3721 pracepti
1248 3652 1492 3707 Domini
1509 3652 1804 3708 Ludovici
1832 3653 1944 3708 im-

381 3739 693 3805 peratoris,
708 3739 1341 3808 supermemorandum
1350 3742 1738 3811 privilegium
1763 3741 1945 3796 Sanc-

382 3826 429 3880 ti
453 3825 786 3882 Saluatoris
815 3834 871 3883 et
901 3828 1327 3884 monachorum
1367 3830 1527 3900 quod
1555 3831 1636 3885 eis
1657 3832 1792 3898 jam
1820 3829 1945 3885 dic-

369 3919 465 3970 tus
495 3915 781 3971 Aldricus
797 3918 1102 3986 episcopus
1117 3917 1220 3986 pio
1251 3918 1469 3986 affectu
1496 3918 1660 3988 fecit.

658 4004 830 4070 (Vide
855 4005 960 4060 ubi
993 4021 1197 4078 supra,
1249 4004 1359 4062 col.
1408 4009 1590 4073 t27l).

852 4083 877 4101 ‘
1009 4093 1233 4150 XXXIII.

291 4180 584 4251 Sequitur
608 4181 926 4250 descriptio
951 4183 1024 4238 de
1051 4183 1419 4252 eleemosyna
1453 4182 1706 4252 praefati
1734 4182 1943 4239 Aldri-

367 4270 444 4332 ci,
469 4270 743 4337 praeﬁxa
766 4269 1172 4327 Cenomanica
1207 4271 1346 4325 urbi
1374 4272 1650 4341 episcopi,
1682 4272 1946 4342 qualiter

363 4357 483 4412 sibi
531 4359 760 4413 cred-ita
818 4359 1178 4430 singillatim
1231 4359 1522 4428 disposuit
1588 4365 1642 4415 et
1693 4360 1945 4416 discrete

365 4446 603 4502 Christi
645 4447 900 4516 famulis
961 4451 1204 4518 ejusque
1263 4448 1610 4517 famulabus
1661 4463 1772 4518 per
1835 4447 1944 4504 hoc

363 4536 663 4603 scriptum
692 4535 840 4592 dare
869 4538 1196 4592 constituit.

365 4626 430 4678 In
447 4622 698 4679 nomine
726 4625 914 4680 sancti
945 4625 1265 4682 Salvatoris
1296 4628 1352 4680 et
1376 4624 1759 4682 veneratione
1777 4639 1946 4681 sanc-

289 4716 363 4766 ta
395 4711 502 4767 Dei
534 4713 836 4780 genitricis
869 4715 1059 4770 Maria
1113 4718 1578 4785 sanctorumque
1607 4718 1943 4784 martyrum

297 4800 558 4855 Gervasii
585 4806 642 4856 et
671 4801 915 4857 Protasii
941 4807 1119 4874 atque
1137 4802 1328 4857 sancti
1353 4801 1655 4873 Stephani,
1683 4817 1943 4874 quorum

304 4888 579 4956 ecclesia,
600 4887 738 4944 licet
763 4889 1026 4961 indigne,
1053 4889 1318 4946 titulatus
1348 4904 1477 4945 esse
1506 4889 1735 4956 videor,
1757 4889 1944 4944 Aldri-

315 4989 408 5029 cus
428 4978 846 5038 Cenomanica
895 4979 1063 5035 urbis
1090 4983 1147 5035 et
1181 4979 1479 5052 pradicta
1506 4978 1766 5035 ecclesia
1795 4978 1945 5032 indi-

318 5074 462 5129 gnus
483 5073 536 5122 et
560 5072 843 5139 peccator
869 5069 1213 5141 episcopus,
1245 5067 1450 5124 omnia
1480 5067 1539 5123 in
1564 5072 1772 5124 nostra
1800 5066 1944 5122 dia-

310 5149 435 5203 cesi
463 5158 515 5206 et
529 5156 806 5224 parochia
828 5156 1309 5221 consistentibus,
1325 5156 1642 5228 episcopis,
1671 5155 1946 5212 sacerdo-

301 5236 489 5306 τῶυε,
523 5240 885 5313 diaconibus,
908 5245 1404 5313 subdiaconibus,
1435 5249 1494 5301 et
1520 5243 1763 5316 reliquis
1780 5259 1945 5299 sanc-

289 5332 367 5383 ta
398 5328 509 5384 Dei
534 5330 791 5389 ecclesia
819 5333 1126 5405 ministris,
1141 5349 1249 5389 seu
1277 5333 1506 5389 cunctis
1535 5332 1818 5388 ﬁdelibus
1839 5346 1944 5387 no-

283 5419 416 5473 tum
447 5433 579 5474 esse
609 5422 792 5493 cupio
822 5422 968 5495 quia
994 5425 1365 5495 pertractans
1415 5437 1623 5477 casum
1661 5420 1946 5476 humana

279 5504 650 5577 fragilitatis,
671 5525 798 5566 una
825 5526 966 5566 cum
985 5510 1222 5567 licentia
1245 5509 1476 5566 domini
1496 5508 1780 5565 Ludovici
1810 5508 1948 5581 piis-

276 5595 420 5652 simi
452 5595 863 5671 imperatoris,
904 5603 964 5656 et
991 5614 1291 5656 consensu
1319 5598 1501 5657 etiam
1533 5597 1946 5673 metropolita-

1970 4316 2018 4371 D

2053 390 2258 432 rorum
2284 380 2876 452 comprovincialium
2900 383 3319 456 episcoporum
3344 390 3525 458 atque
3548 397 3700 444 mul-

2055 468 2251 520 tarum
2299 466 2551 522 aliarum
2587 469 3028 540 provinciarum
3078 477 3420 530 sanctorum
3466 476 3696 548 episco-

2053 554 2295 624 porUm,
2323 555 2705 612 considerare
2737 558 2885 630 capi
2934 575 3072 615 cum
3104 562 3407 618 canonicis
3439 569 3498 620 et
3524 569 3695 621 cate-

2054 641 2132 696 ris
2164 643 2544 712 parochianis
2592 645 2828 712 nostris,
2892 651 3014 703 tam
3063 650 3469 707 sacerdotibus
3511 669 3698 725 quam

2054 730 2182 785 aliis
2211 730 2418 786 divino
2457 731 2642 787 cultui
2673 733 3130 802 famulantibus,
3172 743 3350 809 atque
3393 740 3698 798 nobilibus

2053 818 2220 874 laicis
2237 823 2361 873 tam
2392 819 2610 875 nostris
2641 837 2830 892 quam
2859 828 2916 878 et
2945 823 3073 879 aliis
3099 825 3296 884 liberis
3322 831 3377 882 et
3395 827 3569 884 bonis
3594 831 3700 886 ho-

2055 907 2340 975 minibus,
2372 907 2627 980 qualiter
2653 925 2789 964 mea
2818 909 3222 969 facultaticula
3249 918 3306 970 et
3345 914 3490 971 inibi
3541 933 3700 974 com-

2054 996 2240 1052 missa
2268 1001 2404 1068 post
2432 1012 2635 1052 meum
2667 997 2896 1052 obitum
2927 999 3142 1055 utiliter
3170 1008 3227 1057 et
3277 1003 3702 1061 rationabiliter

2055 1084 2204 1140 foret
2231 1085 2292 1138 in
2324 1084 2630 1140 utilitatem
2649 1091 2869 1141 sancta
2887 1087 3092 1142 matris
3123 1089 3385 1146 ecclesia
3416 1097 3472 1147 et
3500 1109 3698 1149 meam

2055 1173 2504 1244 eleemosynam
2535 1173 2900 1245 dispensata,
2950 1191 3024 1230 ne
3081 1175 3228 1232 forte
3283 1179 3472 1250 (quod
3524 1181 3700 1252 absit)

2057 1261 2274 1333 aliquis
2305 1261 2417 1316 sibi
2447 1277 2518 1316 ea
2544 1277 2752 1334 rapere
2783 1268 2886 1318 aut
2933 1263 3112 1319 furari
3158 1269 3262 1320 aut
3290 1266 3351 1320 in
3383 1283 3522 1323 suos
3559 1286 3700 1324 usus

2056 1349 2315 1404 converti
2346 1349 2542 1416 faciat,
2575 1350 2726 1406 sicut
2750 1351 2810 1406 in
2838 1351 3038 1408 multis
3070 1353 3198 1423 jam
3229 1353 3452 1409 factum
3483 1371 3701 1425 cogno-

2054 1437 2272 1503 vimus,
2297 1438 2403 1493 sed
2429 1439 2633 1494 omnia
2660 1438 2719 1494 in
2747 1440 3054 1496 utilitatem
3087 1446 3306 1497 sancta
3341 1443 3613 1498 Ecclesia
3645 1448 3702 1500 et

2057 1526 2564 1582 substentationes
2593 1527 2768 1582 nobis
2821 1528 3263 1593 famulantium,
3315 1547 3423 1587 seu
3454 1532 3700 1604 supple-

1039 1620 1398 1692 deprecante
1472 1618 1714 1674 Aldrico
1788 1617 1944 1689 epis-
1974 1628 2023 1682 Β
2057 1619 2259 1670 menta
2286 1620 2629 1671 nostrorum
2683 1616 3032 1674 clericorum
3091 1624 3213 1676 tam
3260 1620 3700 1676 monachorum

2055 1719 2239 1776 quam
2268 1707 2324 1759 et
2357 1704 2805 1775 canonicorum,
2834 1707 2953 1762 sive
2989 1706 3354 1765 adminicula
3405 1709 3699 1766 laicorum

2054 1791 2158 1863 qui
2184 1796 2404 1848 nostra
2457 1793 2717 1849 ecclesia
2764 1799 2820 1850 et
2873 1795 3050 1852 nobis
3097 1796 3375 1854 famulari
3402 1797 3700 1870 videntur,

2055 1895 2242 1936 necne
2268 1881 2328 1936 in
2353 1881 2668 1938 alimonias
2697 1898 3055 1956 pauperum,
3084 1901 3192 1958 per
3217 1886 3534 1942 consilium
3555 1903 3702 1959 pra-

2056 1969 2196 2024 dicti
2218 1970 2654 2041 metropolitani
2679 1975 2736 2028 et
2759 1988 2866 2044 per
2890 1990 3108 2030 manus
3133 1974 3400 2031 ﬁdelium
3429 1975 3702 2032 sacerdo-

2058 2062 2183 2113 tum
2216 2057 2339 2114 sive
2363 2058 2756 2116 diaconorum
2781 2067 2958 2135 atque
2988 2062 3255 2119 ﬁdelium
3283 2063 3573 2119 laicorum
3594 2065 3700 2137 qui

2057 2145 2136 2202 ad
2159 2145 2275 2202 hoc
2303 2147 2715 2218 peragendum
2740 2165 2776 2204 a
2805 2167 2902 2206 me
2933 2151 3302 2206 denominati
3326 2156 3383 2206 et
3397 2152 3700 2208 constituti

2057 2233 2294 2303 fuerint,
2326 2234 2576 2291 ﬁdeliter
2594 2241 2651 2291 et
2680 2237 3106 2294 rationabiliter
3133 2239 3194 2293 in
3222 2255 3404 2311 supra
3429 2239 3700 2295 nomina-

2056 2327 2148 2378 tas
2179 2322 2455 2378 utilitates
2485 2328 2543 2379 et
2569 2325 2969 2394 necessitates,
3003 2326 3154 2381 sicut
3190 2326 3252 2382 in
3281 2327 3698 2398 subsequenti-

2054 2411 2172 2466 bus
2201 2410 2490 2481 dicemus,
2522 2412 2972 2480 distribuantur,
3004 2414 3064 2469 id
3094 2419 3200 2482 est,
3233 2415 3528 2488 quidquid
3558 2420 3698 2471 tunc

2056 2499 2341 2572 temporis
2373 2500 2433 2555 in
2464 2506 2667 2557 nostro
2716 2503 3014 2571 ergastulo
3061 2503 3136 2560 de
3188 2505 3456 2576 pecuniis
3481 2504 3699 2560 diversi

2058 2589 2292 2657 generis
2325 2593 2382 2644 et
2405 2589 2769 2646 vestimentis
2801 2591 3110 2648 inventum
3137 2592 3330 2660 fuerit,
3365 2597 3489 2650 tota
3542 2593 3698 2650 deci-

2055 2693 2157 2733 ma
2183 2693 2324 2749 pars
2349 2677 2741 2735 distribuatur
2765 2679 3025 2736 ecclesia
3042 2698 3228 2754 quam
3254 2682 3503 2739 fecimus
3520 2699 3700 2756 super

2055 2765 2307 2821 ﬂuvium
2338 2767 2580 2830 Sartha,
2609 2767 2670 2822 in
2707 2768 2839 2824 loco
2869 2770 2970 2842 qui
3005 2770 3236 2826 dudum
3272 2771 3496 2827 Broilus
3521 2773 3700 2828 Casa-

2054 2853 2126 2908 lis
2156 2855 2603 2927 nominabatur,
2635 2872 2822 2928 quam
2851 2863 2909 2913 et
2955 2857 3015 2914 in
3045 2858 3270 2915 honore
3298 2860 3534 2916 Domini
3581 2860 3700 2918 Sal-

2054 2943 2277 2998 vatoris
2304 2948 2360 2999 et
2389 2949 2606 3000 sancta
2631 2945 2732 3001 Dei
2758 2945 3054 3015 genitricis
3081 2947 3292 3011 Maria,
3318 2948 3442 3004 sive
3469 2953 3702 3005 sancto-

2053 3047 2188 3086 rum
2218 3037 2551 3104 martyrum
2603 3035 2862 3091 Gervasii
2887 3040 2944 3092 et
2996 3036 3236 3092 Protasii
3283 3041 3461 3109 atque
3510 3037 3700 3093 sancti

2060 3121 2342 3191 Stephani
2366 3121 2596 3190 indigni
2622 3123 3016 3189 sacravimus,
3045 3128 3100 3179 et
3131 3124 3443 3179 monachis
3471 3124 3553 3178 ibi
3589 3125 3698 3179 Do-
3777 3168 3779 3170 .

2055 3208 2222 3264 mino
2247 3208 2680 3264 famulantibus
2708 3209 2958 3264 ﬁdeliter
3005 3215 3061 3264 et
3099 3225 3236 3262 cum
3269 3209 3551 3264 charitate
3604 3209 3700 3264 tri-

2052 3296 2291 3362 buatur,
2318 3311 2483 3350 nona
2503 3311 2644 3350 vero
2673 3311 2813 3368 pars
2829 3295 3091 3352 ecclesia
3114 3312 3300 3369 quam
3328 3296 3578 3353 fecimus
3605 3297 3696 3354 in-

2056 3388 2142 3440 ter
2170 3383 2426 3439 ﬂuvium
2456 3384 2678 3441 Sartha
2717 3389 2774 3440 et
2801 3401 3045 3441 murum
3084 3385 3353 3452 civitatis,
3403 3386 3464 3442 in
3489 3401 3612 3459 qua
3642 3391 3700 3443 et

2053 3473 2386 3529 monachas
2420 3472 2866 3545 collocavimus,
2897 3478 2954 3530 et
2983 3474 3096 3531 sub
3138 3475 3345 3545 regula
3376 3476 3566 3531 sancti
3595 3477 3698 3531 Be-

2051 3562 2272 3618 nedicti
2329 3562 2527 3618 vivere
2587 3561 2983 3630 decrevimus,
3011 3580 3197 3636 quam
3251 3569 3308 3620 et
3353 3565 3414 3620 in
3469 3565 3697 3621 honore

2052 3650 2318 3723 pradicti
2349 3651 2581 3707 Domini
2615 3651 2929 3707 Salvatoris
2963 3656 3019 3708 et
3047 3656 3266 3708 sancta
3315 3652 3507 3710 Maria
3537 3653 3694 3724 ejus-

2055 3739 2193 3794 dem
2222 3739 2325 3795 Dei
2347 3743 2401 3794 et
2429 3739 2661 3795 Domini
2684 3740 2979 3808 genitricis
3010 3741 3131 3796 sive
3163 3746 3509 3796 sanctorum
3540 3758 3696 3797 mar-

2055 3830 2253 3900 tyrum
2285 3827 2545 3883 Gervasii
2574 3831 2631 3882 et
2675 3827 2914 3883 Protasii
2939 3828 3042 3882 sed
3074 3833 3130 3884 et
3159 3829 3348 3884 sancti
3388 3831 3692 3900 Stephani,

2055 3931 2193 3987 qua
2223 3915 2399 3970 matri
2429 3914 2690 3970 ecclesia
2727 3915 2995 3985 subjecta
3024 3932 3156 3971 esse
3183 3915 3435 3978 videtur,
3464 3916 3696 3985 indigni

2059 4003 2346 4060 canonice
2374 4003 2764 4070 sacravimus,
2789 4006 2846 4059 et
2865 4004 3198 4069 monachis,
3232 4004 3695 4061 sanctimoniali-

2055 4093 2190 4159 bus,
2223 4091 2341 4148 sive
2396 4097 2623 4148 cuncta
2676 4093 3120 4162 congregationi
3159 4093 3383 4150 ibidem
3445 4095 3695 4151 Domino

2055 4180 2371 4237 famulanti
2399 4180 2651 4237 ﬁdeliter
2680 4185 2736 4237 et
2782 4198 2920 4238 cum
2951 4182 3232 4239 charitate
3286 4183 3515 4256 absque
3575 4183 3696 4239 ulla

2056 4269 2337 4326 dilatione
2369 4272 2474 4325 aut
2502 4270 2900 4342 prohibitione
2950 4271 3042 4326 vel
3072 4271 3500 4345 impedimento
3542 4273 3698 4328 attri-

2053 4357 2293 4415 buatur.
2326 4360 2405 4414 De
2430 4357 2661 4430 reliquo
2686 4375 2848 4426 vero,
2883 4364 3111 4416 tantum
3137 4360 3303 4433 quod
3344 4360 3403 4415 in
3435 4365 3697 4430 ergastu-

2052 4447 2112 4503 lo
2141 4447 2452 4504 inventum
2483 4446 2674 4519 fuerit,
2712 4448 2883 4520 juxta
2912 4448 3149 4505 decreta
3180 4465 3503 4518 canonum,
3551 4465 3697 4520 qua-

2058 4541 2188 4592 tuor
2212 4536 2514 4608 portiones
2541 4535 2690 4593 ﬁant
2715 4540 2838 4592 tam
2869 4537 2943 4594 de
2993 4553 3140 4592 auro
3171 4553 3353 4608 quam
3401 4540 3458 4590 et
3503 4535 3578 4588 de
3607 4551 3696 4588 ar-

2055 4629 2253 4694 gento,
2295 4625 2416 4681 sive
2446 4625 2520 4681 de
2551 4625 2775 4681 cateris
2810 4625 3064 4680 metallis
3102 4624 3196 4678 vel
3225 4620 3610 4676 ustensilibus
3639 4624 3696 4675 et

2052 4713 2272 4768 diversi
2303 4712 2912 4784 generisvestimentis
2942 4717 2998 4765 et
3019 4706 3482 4778 supellectilibus
3506 4708 3696 4763 omni-

2050 4800 2166 4856 bus
2190 4818 2203 4855 :
2223 4817 2346 4856 una
2361 4818 2496 4873 qua
2517 4803 2826 4856 remaneat
2840 4796 3098 4851 ecclesia
3130 4795 3304 4851 nobis
3335 4795 3688 4860 commissa,

2052 4888 2169 4944 alia
2187 4903 2329 4942 vero
2342 4888 2402 4941 in
2424 4891 2627 4940 nostra
2643 4885 3026 4955 eleemosyna
3045 4884 3218 4940 detur
3241 4884 3519 4941 ﬁdelibus
3542 4902 3692 4959 pau-

2052 4973 2314 5048 peribus,
2349 4972 2517 5029 tertia
2536 4976 2738 5028 autem
2768 4972 2992 5029 clericis
3017 4974 3344 5047 capellanis
3371 4980 3427 5033 et
3454 4975 3694 5032 vasallis

2051 5061 2289 5133 nostris,
2326 5066 2541 5135 quarta
2565 5060 2926 5135 presbyteris
2947 5063 3194 5119 urbanis
3220 5069 3279 5121 et
3307 5065 3693 5121 monasteria-

2049 5151 2208 5208 libus
2240 5151 2361 5208 sive
2379 5150 2742 5208 suburbanis
2771 5156 2949 5224 atque
2974 5152 3216 5224 reliquis
3234 5153 3617 5224 parochianis
3638 5156 3696 5208 et

2053 5241 2406 5297 diaconibus
2438 5257 2543 5296 seu
2573 5240 3044 5295 subdiaconibus
3095 5255 3329 5296 necnon
3361 5245 3417 5298 et
3447 5241 3691 5313 reliquis

2053 5329 2336 5386 ministris
2367 5332 2424 5384 et
2449 5327 2696 5396 clericis,
2738 5331 2804 5384 ut
2827 5327 3040 5383 melius
3067 5327 3194 5384 ﬁeri
3232 5318 3508 5401 potuerit.
3545 5333 3693 5386 Nam

2054 5423 2112 5475 et
2133 5419 2247 5474 hoc
2277 5433 2660 5490 summopere
2687 5416 3011 5472 videndum
3059 5421 3169 5487 est,
3216 5422 3282 5473 ut
3321 5419 3525 5474 omnia
3554 5433 3692 5473 cum

2056 5507 2338 5563 charitate
2371 5506 2535 5562 ﬁant.
2583 5505 2856 5562 Similiter
2901 5509 2956 5562 et
3001 5505 3076 5562 de
3131 5507 3268 5562 vino
3311 5504 3690 5562 solummodo

2055 5595 2223 5670 quod
2252 5599 2376 5653 tam
2406 5595 2469 5653 in
2498 5595 2730 5652 civitate
2751 5609 2939 5668 quam
2957 5598 3014 5652 et
3036 5595 3100 5651 in
3127 5595 3257 5667 ejus
3285 5595 3410 5651 ruis
3437 5597 3577 5648 tunc
3605 5590 3691 5643 in-
