4180 6186
444 168 514 231 σγ
1550 167 1832 223 ALDRICI
1870 144 2403 221 CENOMRENSIS
2442 162 2753 221 EPISCOPI
3780 161 3856 219 ea

445 300 693 353 ventum
719 296 896 352 fuerit
920 282 1264 352 faciendum
1286 286 1393 359 est,
1415 291 1476 345 id
1501 294 1612 358 est,
1634 283 1835 345 omnis
1861 280 2097 343 decima
2127 280 2175 341 Α
2205 290 2557 342 cunctorum
2584 287 2821 344 valeam
2844 286 3151 359 percipere
3175 281 3856 357 pecbatoruiri,eﬁvitam

449 385 717 459 praedicti
747 385 870 440 vini
897 382 1070 438 detur
1094 379 1411 437 monachis
1436 378 1596 446 viris,
1625 383 1681 433 et
1718 390 1881 463 nona
1899 374 2094 431 fundi-

448 478 543 530 tus
568 474 743 529 detur
764 471 1077 528 monachis
1106 468 1345 525 feminis
1393 466 1456 523 in
1480 466 1778 538 praedictis
1808 463 1955 521 locis
1988 465 2091 519 de-

449 562 754 632 gentibus;
787 562 1085 632 reliquum
1114 561 1313 614 autem
1343 556 1403 611 in
1435 559 1696 628 quatuor
1723 559 1924 626 partes
1950 553 2094 608 divi-

446 650 624 707 datur
652 654 730 721 et,
756 653 820 705 ut
844 647 1255 721 praescriptum
1274 648 1381 710 est,
1402 642 1694 717 partiatur
1720 642 2091 714 ﬁdeliterque

445 743 505 795 et
530 746 668 794 eum
698 737 980 793 charitate
1009 742 1116 806 per
1144 732 1425 806 praefixas
1458 734 1707 803 turmas,
1741 740 1848 786 seu
1888 731 1963 786 de
1995 734 2091 802 pe-

447 826 636 882 cuntis
656 827 717 881 in
747 828 952 879 nostro
982 821 1238 879 inventis
1270 820 1570 891 ergastulo
1594 821 1822 876 dictum
1851 824 1959 884 est;
2000 832 2091 875 ra-

445 912 806 970 tionabiliter
830 912 1238 968 distribuatur.
1276 901 1354 967 De
1400 911 1537 966 vino
1566 908 1809 982 quoque
1833 907 1999 980 quod
2026 908 2089 962 in

444 1001 679 1057 civitate
703 1005 760 1056 et
785 1002 914 1072 ejus
941 1001 1065 1055 ruis
1096 1004 1235 1055 tunc
1263 997 1546 1071 temperis
1573 998 1747 1053 fuerit
1778 998 2087 1052 inventum

442 1090 549 1146 ﬁat
569 1093 634 1146 ut
654 1089 881 1146 dictum
911 1093 1017 1145 est.
1050 1091 1129 1144 D'e
1157 1087 1388 1161 reliquo
1438 1086 1641 1143 autem
1668 1087 1809 1141 vino
1848 1086 2081 1152 cuncto,

442 1176 598 1234 etde
637 1177 892 1234 annonis
922 1176 1205 1232 omnibus
1235 1176 1456 1233 dirersi
1511 1175 1762 1245 generis,
1819 1179 1876 1229 et
1923 1173 2087 1242 legu-

384 1268 391 1274 ’
442 1266 711 1322 minibus
735 1267 858 1321 sive
889 1265 1038 1323 fenis
1069 1274 1176 1337 per
1196 1265 1437 1321 diversa‘
1464 1264 1599 1320 loca
1629 1267 1685 1319 et
1712 1263 1772 1318 in
1802 1262 2087 1318 omnibus

441 1355 592 1411 Villis
629 1356 848 1410 noetris
898 1355 1199 1427 nobisque
1247 1353 1582 1410 commissis
1613 1346 1950 1413 reconditis,
1986 1364 2087 1405 vo-

439 1442 651 1499 lumus
688 1446 866 1516 atque
920 1443 1304 1516 praecipimus
1353 1442 1816 1514 suppliciterque
1859 1439 2086 1507 ﬂagita-

440 1546 575 1588 mus
597 1535 662 1587 ut
688 1532 897 1588 decem
914 1535 1112 1604 partes
1136 1532 1283 1587 ﬁant
1302 1546 1476 1603 aequa
1491 1530 1661 1586 lance
1690 1520 1913 1584 divisas
1937 1542 2089 1583 :una

2202 374 2444 437 habere,
2481 379 2781 431 annuente
2813 374 3085 442 Domino,
3133 372 3367 429 merear
3402 373 3853 445 sempiternam.

2202 464 2348 531 Fiat,
2380 460 2505 519 ﬁat.
2538 465 2754 533 Greges
2785 468 2983 520 autem
3000 463 3413 535 jumentorum
3441 476 3565 518 una
3592 476 3732 517 cum
3750 478 3856 519 eo-

2200 567 2337 606 rum
2370 540 2721 621 emissariis,
2755 560 2812 608 et
2838 566 3156 608 vaccarum
3197 562 3268 606 ac
3300 550 3487 606 boum
3516 564 3622 606 seu
3642 552 3852 623 porc’o-

2201 652 2357 708 rum,
2392 644 2448 696 et
2480 640 2685 696 ovium
2719 640 2851 714 sive.
2867 654 3210 713 caprarum,
3268 640 3374 712 qui
3403 644 3543 695 sunt
3568 639 3631 695 in
3660 640 3850 697 Breim

2200 728 2262 783 in
2294 729 2536 785 cnndita
2568 729 2955 797 Noviacense,
2978 733 3036 784 et
3066 728 3126 783 in
3156 728 3421 784 Proliaco
3458 727 3613 784 infra
3643 729 3849 785 vittam

2201 816 2495 889 quintam,
2528 834 2635 873 seu
2664 818 2726 873 in
2778 816 3085 874 Novavilla
3114 832 3293 889 super
3317 816 3570 872 ﬂuvium
3603 818 3845 881 Sarthaz,

2200 906 2320 961 sive
2350 905 2410 962 in
2439 907 2719 971 Cavania,
2760 912 2817 962 et
2854 906 2914 962 in
2939 906 3155 979 Cepeto
3183 921 3370 978 supra
3402 906 3846 972 Sartham,etin

2202 995 2448 1050 Bruonis
2477 995 2681 1051 villare
2708 996 2768 1050 in
2790 995 2974 1057 Belsa,
3004 999 3062 1050 et
3089 994 3148 1050 in
3175 994 3358 1050 altero
3384 994 3645 1050 Proliaco
3666 1004 3849 1068 super

2197 1082 2511 1139 ﬂuviolum
2551 1084 2831 1151 Viduam,
2873 1084 3135 1140 ecclesias
3191 1083 3366 1138 nobis
3407 1084 3744 1139 commissa
3792 1086 3849 1140 et

2199 1176 2405 1228 nostro
2437 1173 2763 1229 successori
2796 1189 2934 1229 cum
2964 1172 3131 1229 omni
3180 1171 3514 1241 integritate
3540 1172 3848 1245 possiden-

2199 1260 2309 1316 dos
2339 1265 2397 1316 et
2424 1261 2640 1317 utiliter
2657 1262 2983 1318 lucrandos
3012 1267 3067 1317 et
3098 1259 3526 1330 gubernandos
3563 1260 3848 1334 relinqui-

2198 1364 2355 1405 mus.
2389 1353 2511 1419 Ego
2543 1356 2744 1406 autem
2774 1350 2837 1407 in
2865 1355 2984 1406 toto
3011 1349 3317 1422 episcopio
3365 1364 3489 1405 non
3527 1348 3725 1405 inveni
3756 1350 3843 1406 vi-

2200 1438 2345 1506 ginti
2370 1438 2665 1509 jumenta.
2699 1438 2868 1496 Modo
2889 1442 3008 1495 Deo
3054 1438 3274 1507 gratias
3314 1442 3540 1511 septem
3584 1439 3636 1493 ei
3666 1439 3842 1494 relin-
3902 1432 3907 1439 ’

2197 1542 2323 1599 quo
2354 1540 2565 1598 greges
2595 1542 2719 1584 una
2740 1543 2876 1584 cum
2906 1542 3114 1584 eorum
3142 1526 3502 1591 emissariis;
3558 1543 3755 1601 neque
3780 1529 3839 1584 in

439 1620 713 1676 videlicet
739 1620 992 1677 fideliter
1021 1622 1288 1677 serVeEur
1322 1619 1499 1675 matri
1528 1616 1791 1674 ceclesiae
1822 1622 1878 1672 et
1905 1616 2083 1672 beato
2116 1619 2159 1688 ς
2196 1620 2321 1671 toto
2359 1616 2663 1689 episcopio
2689 1617 2865 1673 nobis
2897 1617 3224 1673 commisso
3249 1630 3321 1672 ex
3351 1615 3632 1672 omnibus
3664 1632 3841 1688 peco—

438 1709 765 1765 successo'ri
779 1714 1179 1782 nostro’quem
1199 1709 1484 1765 Deminus
1503 1706 1760 1778 elegerit,
1776 1709 1832 1762 et
1851 1705 1970 1761 alia
1984 1705 2086 1760 de-

437 1801 533 1854 tur
552 1798 825 1855 vassallis
852 1803 909 1855 et
937 1798 1260 1870 capellani's
1283 1797 1408 1852 siVe
1430 1795 1826 1853 servientibus
1848 1794 1951 1866 qui
1974 1793 2082 1849 Do-

435 1886 601 1943 mino
621 1887 918 1960 nobisque
946 1887 1011 1942 in
1037 1889 1245 1943 nostra
1262 1884 1685 1941 man'siuncula
1714 1882 1964 1939 militare
1994 1882 2082 1937 vi-

436 1975 670 2044 dentur,
704 1979 768 2031 ut
797 1984 919 2031 non
945 1976 1058 2048 ipsi
1089 1976 1335 2049 quique,
1367 1974 1534 2047 q‘t‘md
1567 1972 1740 2039 absit,
1786 1972 1847 2027 in
1881 1971 2082 2043 aliqu‘o

435 2063 839 2136 periclitentur
866 2064 1090 2137 inopia,
1123 2064 1230 2119 sed
1259 2063 1525 2119 habeant
1572 2061 1731 2117 unde
1763 2058 2081 2116 sustentari

433 2154 658 2225 queant
682 2153 1001 2225 usquequ'o
1031 2164 1093 2208 se
1135 2160 1279 2208 cum‘
1305 2155 1514 2207 sancto
1564 2155 1906 2206 successore
1946 2139 2083 2202 nes;

432 2243 522 2296 tro
537 2248 678 2296 mox
698 2240 900 2297 futuro
916 2232 1495 2310 aermna-nmmo
1506 2232 1850 2309 adjuvanfe,
1868 2236 2082 2291 utiliter

430 2328 695 2385 valeant:
710 2328 900 2386 Tertia
919 2329 1214 2385 tribuatur
1234 2327 1543 2384 canonicis
1567 2330 1624 2382 et
1639 2325 1883 2382 famulis
1909 2338 2078 2379 sano-

430 2419 503 2471 tae
528 2417 741 2473 matris
764 2417 1025 2473 ecclesiae
1048 2421 1105 2472 et
1128 2417 1430 2472 nonnanis
1451 2430 1587 2487 quae
1616 2416 1676 2470 in
1707 2424 1779 2470 ea
1808 2413 2073 2486 quotidie

429 2504 763 2561 oblationes
794 2505 1046 2560 Domino
1073 2505 1347 2571 offerunt,
1382 2509 1447 2559 ut
1474 2507 1532 2559 et
1554 2512 1664 2575 pro
1681 2512 1776 2557 me
1804 2506 2075 2574 peccato-

430 2608 503 2648 re
531 2578 753 2649 ﬁituris
779 2592 1146 2665 temporibus
1170 2593 1425 2649 D‘ominc‘
1450 2592 1662 2648 oﬁ’erre
1711 2591 1795 2645 eis
1826 2590 2073 2646 delectet

430 2684 645 2737 eorum
667 2681 1019 2738 ablationes.
1047 2683 1269 2747 Quarta
1295 2681 1584 2752 largiatur
1612 2679 1935 2736 monachis
1967 2678 2071 2751 qui

431 2770 570 2826 sunt
625 2771 685 2826 in
746 2771 1111 2826 monasterio
1162 2770 1353 2827 sancti
1390 2769 1681 2842 Carilephi
1736 2771 1791 2825 et
1854 2768 2077 2837 ingres-

428 2858 551 2915 si‘ve
580 2860 640 2915 in
681 2858 1019 2916 Savenariis'
1052 2860 1229 2931 atque
1279 2858 1835 2915 sanctimonialibus
1859 2849 2073 2912 mona-

426 2947 553 3004 chis
577 2963 712 3021 quas
748 2952 887 3004 sunt
922 2940 1194 3004 Intramis
1220 2947 1600 3003 monasterio.
1649 2947 1870 3013 Quinta
1902 2946 2075 3036 detur
2104 2967 2145 3036 ﬁ

426 3038 739 3093 monachis
795 3040 933 3110 quat
984 3041 1123 3092 sunt
1185 3037 1247 3092 in
1293 3036 1655 3093 monasterio
1727 3035 1915 3091 sancti
1946 3034 2073 3090 Sal-

424 3110 647 3183 vatoris
707 3125 899 3197 paulo
969 3126 1175 3180 minus
1231 3124 1508 3182 milliario
1585 3124 1663 3180 ab
1741 3124 1889 3179 urbe
1956 3124 2073 3178 dis-

423 3218 584 3270 tante
615 3220 795 3287 super
818 3212 1079 3270 ﬂuvium'
1104 3213 1347 3281 sarthee,
1378 3217 1435 3269 et
1458 3213 1572 3269 illis
1596 3212 1913 3269 monachis
1936 3227 2072 3284 quae

424 3302 653 3358 suntin
679 3302 885 3359 sancto
912 3303 1214 3358 Vincentio
1238 3303 1407 3372 juxta
1438 3301 1670 3369 urbem,
1701 3310 1807 3357 seu
1850 3301 2073 3357 sancti-

426 3390 803 3446 monialibus’
841 3390 1153 3446 monachis
1212 3403 1347 3461 quae
1405 3395 1551 3446 sunt
1593 3391 1659 3445 in’
1706 3390 2068 3444 monasterio

428 3478 627 3535 Sancti
654 3478 978 3535 Salvatoris‘
1004 3482 1061 3534 et
1082 3477 1309 3536 Sanctae
1338 3478 1529 3535 Marim
1561 3478 1680 3533 sive
1725 3477 1913 3532 sancti
1936 3478 2067 3531 Ger-

422 3566 574 3622 vasti
601 3567 753 3622 inter
781 3567 1033 3623 ﬂuvium
1066 3566 1291 3624 Sarthze
1313 3570 1370 3622 et
1406 3576 1649 3622 murum
1679 3565 1926 3622 civitatis
1948 3564 2069 3620 col-

422 3654 636 3711 locato.
669 3654 843 3712 Serita
872 3654 1431 3726 congregationibus
1453 3671 1587 3728 quae
1616 3660 1725 3728 per
1753 3660 1963 3710 caetera
1984 3653 2070 3707 di-

422 3759 597 3800 versa
627 3743 1011 3814 monasteria,
1057 3748 1180 3800 tam
1239 3744 1300 3799 in
1332 3744 1734 3800 Cenomanica
1782 3743 2070 3815 parochia

421 3847 608 3906 quam
639 3836 695 3889 et
722 3833 782 3889 in
811 3838 972 3906 pago
1021 3832 1362 3901 Andecavo,
1397 3833 1520 3888 sive
1547 3832 1839 3888 Turoni‘co
1888 3829 2068 3901 atque

422 3922 777 3991 Oxomense,
805 3924 862 3977 et
888 3924 996 3995 per
1023 3926 1265 3980 caeteros
1293 3928 1495 3993 pagos
1530 3918 1783 3977 Demino
1809 3919 2068 3977 militan-

420 4010 579 4066 tibus
609 4009 878 4078 ﬁdeliter,
910 4011 971 4067 in
993 4010 1293 4085 quantuni
1320 4016 1504 4083 posse
1542 4011 1600 4065 et
1636 4018 1769 4066 esse
1813 4010 2067 4066 facultas

419 4097 850 4171 tribuerit,cum
867 4099 1394 4157 emnidiscretiOne
1413 4098 1840 4155 rationabiliter
1851 4099 2069 4156 tribua-

420 4191 534 4244 tur.
573 4188 833 4260 S‘eptima‘
866 4188 1231 4263 presbyteris
1251 4190 1308 4244 et
1325 4176 1680 4244 diaconibus
1721 4188 1791 4243 ac
1825 4186 2066 4260 reliquis

2194 1703 2363 1759 ribus
2389 1704 2483 1761 vel
2507 1706 2842 1778 pecudibus
2874 1707 3109 1762 tantum
3162 1705 3365 1761 inveni
3389 1709 3686 1778 quantum
3716 1720 3841 1762 mo-

2195 1791 2298 1862 do,
2329 1794 2582 1850 Domino
2620 1794 2962 1861 auxiliante,
2996 1794 3057 1850 in
3089 1809 3209 1850 una
3230 1808 3301 1849 ex
3328 1794 3689 1866 Supradictis
3735 1795 3841 1850 vil-

2194 1880 2331 1936 lulis‘
2360 1882 2631 1955 relinquo
2659 1899 2729 1939 ex
2776 1883 2869 1938 his
2898 1899 3036 1956 quae
3066 1898 3202 1939 meo
3249 1882 3437 1955 pretio
3492 1884 3839 1955 comparavi

2195 1976 2252 2027 et
2276 1985 2413 2026 meo
2444 1971 2650 2028 labore
2708 1972 3019 2044 acquisivi.
3078 1970 3214 2027 Ideo
3248 1970 3501 2045 supplex
3528 1971 3733 2042 ﬂagito
3762 1987 3839 2028 ne

2194 2058 2373 2114 alicui
2402 2060 2623 2115 durum
2655 2066 2759 2117 aut
2782 2061 3149 2117 contrarium
3184 2060 3257 2116 sit
3312 2061 3360 2115 si
3417 2075 3485 2116 ea
3516 2076 3651 2133 quas
3704 2064 3839 2118 meo

2195 2147 2416 2204 sudore
2447 2150 2757 2221 acquisivi,
2803 2148 2864 2205 et
2887 2166 3024 2205 meo
3053 2150 3242 2222 pretio
3290 2150 3656 2223 comparavi,
3689 2149 3835 2206 meis

2190 2232 2673 2293 benefactorib‘us
2702 2238 2899 2294 tribuo
2948 2238 3005 2294 et
3033 2239 3179 2294 mihi
3211 2238 3604 2294 servientibus
3651 2238 3829 2309 dono,

2192 2330 2372 2397 atque
2404 2326 2659 2382 Domino
2690 2324 2996 2383 offerendo
3025 2326 3086 2382 in
3114 2341 3249 2383 mea
3280 2326 3660 2400 eleemosyna‘
3687 2326 3833 2383 ﬁde-

2188 2412 2319 2469 liter
2346 2415 2621 2470 distribui
2658 2416 2963 2489 praecipio,
3012 2421 3067 2472 et
3093 2428 3203 2488 pro
3250 2414 3655 2487 redemptione
3687 2416 3836 2471 mut-

2188 2506 2387 2557 torum
2405 2508 2462 2558 et
2489 2502 3021 2561 innumerabilium
3048 2510 3435 2576 peccatorum
3444 2516 3715 2561 macrum
3731 2504 3835 2561 da-

2185 2590 2237 2645 ri
2268 2591 2369 2646 Dei
2393 2594 2579 2647 servis
2611 2597 2667 2648 et
2694 2594 3063 2666 pauperibus
3104 2594 3407 2650 humiliter
3435 2594 3727 2665 supplico.
3751 2592 3829 2649 illi

2184 2688 2327 2748 ergo
2358 2682 2567 2750 greges
2591 2682 3001 2753 jumentorum
3031 2688 3152 2739 una
3182 2697 3320 2738 cum
3349 2682 3558 2739 eorum
3587 2681 3832 2741 amissa-

2183 2768 2284 2823 riis
2314 2773 2371 2825 et
2399 2786 2718 2827 vaccarum
2748 2784 2818 2827 ac
2845 2771 3030 2827 boum
3062 2770 3168 2827 seu
3195 2768 3516 2844 porcorum
3547 2777 3605 2828 et
3630 2774 3831 2827 ovium

2184 2862 2363 2929 atque
2419 2866 2739 2932 Caprarum
2789 2861 2892 2933 qui
2925 2865 3061 2916 sunt
3090 2861 3150 2916 in
3184 2860 3615 2927 Alamaniscas,
3658 2862 3713 2916 et
3750 2859 3831 2917 illi

2184 2959 2397 3016 greges
2422 2949 2828 3020 iumentorum
2860 2948 2982 3004 u‘na
3007 2958 3145 3004 cum
3182 2960 3391 3004 eorum
3427 2948 3753 3004 emissariis
3774 2946 3832 3005 et

2181 3035 2371 3091 boum
2402 3037 2707 3108 utriusque
2747 3044 2949 3107 seXus;
2994 3041 3053 3092 et
3106 3032 3427 3108 porcorum
3475 3034 3596 3092 sive
3626 3034 3826 3092 brium

2183 3129 2360 3196 atque
2381 3132 2700 3197 caprarum
2727 3125 2829 3196 qui
2858 3126 2996 3180 sunt
3018 3124 3081 3179 in
3097 3124 3392 3179 Drimiaco
3406 3123 3575 3194 juxta
3607 3126 3825 3179 Mantuo

2182 3211 2326 3280 lam,
2358 3217 2413 3268 et
2442 3212 2502 3269 in
2529 3212 2797 3271 Paciaco.
2832 3213 2889 3269 in
2922 3212 3076 3269 villae
3103 3212 3376 3269 videlicet
3414 3215 3581 3285 parte
3631 3226 3817 3284 quam

2183 3302 2373 3357 David
2399 3302 2582 3358 modo
2605 3302 2898 3375 providet,
2950 3300 3233 3358 fratribus
3257 3306 3316 3357 et
3343 3301 3648 3356 canonicis
3680 3314 3824 3355 nos-

2180 3390 2283 3443 tris
2314 3406 2451 3444 cum
2484 3392 2649 3444 omni
2678 3391 3010 3460 integritate
3037 3390 3267 3461 absque
3297 3389 3416 3445 ulla
3441 3387 3724 3444 dilatione
3756 3388 3828 3443 si-

2177 3491 2251 3531 ve
2278 3474 2672 3532 diminutione
2683 3477 2934 3532 ﬁdeliter
2960 3482 3018 3533 et
3032 3488 3175 3532 cum
3196 3477 3361 3532 omni
3382 3477 3668 3533 charitate
3685 3477 3825 3532 den-

2179 3567 2290 3619 tur.
2324 3563 2403 3619 llli
2443 3579 2708 3636 namque
2732 3577 2941 3635 greges
2967 3564 3382 3636 iumentorum
3410 3580 3533 3621 una
3559 3581 3698 3621 cum
3724 3581 3823 3621 eo-

2178 3668 2310 3707 rum
2345 3651 2675 3708 emissariis
2714 3659 2770 3708 et
2817 3652 3009 3709 boum
3070 3657 3377 3727 utriusque
3424 3654 3678 3724 generis,
3721 3662 3823 3709 seu

2176 3754 2497 3813 porcorum
2529 3738 2587 3797 et
2614 3742 2819 3798 ovium
2847 3740 3027 3816 atque
3058 3754 3402 3815 caprarum,
3428 3743 3533 3816 qui
3563 3747 3702 3799 sunt
3737 3743 3825 3798 in-

2177 3829 2276 3887 fra
2296 3831 2729 3887 monasterium
2764 3832 2961 3888 sancti
2987 3833 3303 3905 Carilephi,
3335 3838 3393 3889 et
3429 3833 3489 3888 in
3534 3832 3677 3889 villa
3698 3831 3825 3887 Flo-

2175 3920 2360 3991 riaco,
2398 3920 2535 3977 etin
2559 3920 2909 3994 Conﬂentio,
2929 3925 2987 3978 et
3014 3922 3079 3977 in‘
3102 3923 3244 3979 villa
3272 3922 3453 3980 Mauri
3484 3924 3540 3979 et
3566 3923 3627 3978 in
3659 3925 3828 3979 Com-

2176 4009 2292 4080 nis,
2315 4014 2371 4067 et
2396 4012 2457 4067 in
2511 4008 2716 4068 villare
2742 4012 2956 4083 Martis,
2984 4016 3049 4068 et
3078 4012 3385 4080 Ru‘sciaco,
3421 4016 3475 4068 et
3513 4012 3575 4067 in
3600 4012 3826 4085 Campo

2181 4098 2473 4169 Sigalaici,
2506 4103 2563 4155 et
2585 4099 2647 4154 in
2671 4099 2772 4156 illa
2794 4098 2947 4156 cella
2967 4098 3090 4156 sire
3120 4100 3179 4156 in
3220 4103 3615 4169 Cantarnaco,
3646 4103 3825 4172 atque

2175 4186 2239 4243 in
2269 4186 2523 4243 diversis
2548 4188 2965 4245 mansionibus
2990 4188 3148 4246 circa
3178 4186 3616 4245 menasterium
3659 4200 3827 4244 cons-

419 4273 645 4333 clericis
660 4274 864 4335 nostra
883 4278 943 4334 in
960 4278 1249 4351 parochia
1271 4274 1524 4333 Domino
1559 4274 1666 4348 per
1686 4275 1955 4331 diversas
1972 4284 2063 4331 ec-
2093 4307 2145 4384 θ
2178 4274 2399 4342 tractis,
2432 4286 2643 4332 omnes
2662 4276 3036 4347 integerrime
3054 4272 3368 4334 monachis
3383 4276 3561 4351 quiin
3588 4274 3826 4333 monas-

668 4383 675 4384 ,
1346 4362 2036 4384 μεμψιεωημειω-
2175 4362 2314 4384 nam
2343 4364 2837 4384 Adamnan“
2864 4369 2910 4384 Α.
2940 4365 2991 4384 ,μ
3210 4376 3294 4384 ὼ»
3355 4364 3583 4384 “si-”
3610 4362 3790 4384 μμ

418 4362 626 4422 clesias
646 4366 1040 4423 militantibus
1056 4364 1309 4423 discreta
1338 4368 1394 4421 et
1408 4362 1835 4422 rationabiliter
1850 4363 2066 4419 tribue-

417 4456 534 4523 tur,
566 4458 633 4511 ut
658 4456 740 4511 eis
762 4456 1001 4528 semper
1028 4460 1139 4528 pro
1167 4452 1836 4526 miserrimo'p‘eccatore
1866 4451 2061 4507 deleo:

415 4544 505 4598 tet
531 4543 702 4600 Orare
740 4547 796 4601 et
825 4542 1115 4601 sacriﬁcia
1143 4543 1398 4599 Domino
1452 4540 1697 4598 assidua
1743 4540 1975 4613 efferre,
2007 4543 2065 4599 et

416 4626 584 4687 ﬂexis
636 4631 975 4705 pOplitibus'
1001 4634 1214 4705 precor
1242 4634 1301 4686 ut
1333 4631 1418 4686 eis
1450 4626 1689 4686 assidue
1719 4642 1895 4700 agere
1927 4632 2062 4687 sua-

415 4718 648 4777 deatur.
679 4722 920 4791 Octava’,
969 4725 1035 4778 ut
1062 4720 1344 4792 diximus,
1372 4721 1498 4776 tam
1527 4718 1602 4775 de
1625 4718 1767 4775 vino
1791 4729 1977 4791 quam
2005 4722 2063 4776 et

418 4807 494 4862 de
525 4823 771 4863 annona
799 4810 1017 4865 diversi
1044 4808 1275 4879 generis
1321 4812 1381 4866 et
1405 4808 1710 4879 legumina
1740 4809 1866 4864 sive
1896 4807 2053 4875 leno,

418 4892 854 4950 rationabiliter
882 4896 941 4951 et
962 4894 1216 4955 discrete
1249 4898 1422 4956 detu’r
1441 4896 1708 4955 funditus
1733 4896 1979 4954 familiis
1996 4890 2059 4952 in

417 4982 637 5038 nostris
660 4979 815 5039 villis
842 4983 1143 5056 nobisque
1164 4987 1507 5041 Commissis
1537 4986 2058 5043 commanentibus

413 5074 551 5143 quae
577 5082 650 5127 ea
688 5070 810 5126 suis
841 5068 1162 5127 sudoribus
1189 5071 1634 5139 laboraverunt,
1655 5076 1722 5129 ut
1757 5078 1814 5130 et
1837 5075 1921 5130 eis
1949 5084 2059 5146 pro

409 5158 509 5214 me
535 5162 849 5232 peccatore
881 5175 1049 5216 orare
1075 5156 1355 5228 delectet;
1389 5163 1445 5216 et
1471 5160 1586 5216 hoc
1610 5159 1693 5215 eis
1721 5170 1896 5231 agere
1929 5164 2059 5233 pre-

409 5260 513 5302 cor
543 5248 877 5321 saepissime
935 5248 1276 5305 suadeatur.
1300 5262 1308 5271 ·
1332 5244 1500 5305 Nona
1558 5250 1616 5305 et
1653 5247 1887 5304 decima
1918 5265 2061 5321 pars

408 5336 606 5392 omnis
629 5352 908 5409 annonae,
948 5337 1071 5395 vini
1100 5342 1157 5394 et
1183 5336 1302 5394 feni
1327 5342 1383 5395 et
1405 5336 1733 5410 leguminis
1774 5336 2055 5411 pauperi-

406 5423 542 5493 bus,
574 5424 791 5494 viduis,
819 5430 875 5484 et
902 5426 1189 5500 orphanis
1212 5426 1460 5484 ﬁdeliter
1490 5442 1628 5483 cum
1645 5424 1811 5483 omni
1839 5425 2057 5483 discre-

408 5508 567 5571 tione
595 5519 651 5572 et
682 5515 965 5573 charitate
996 5516 1265 5574 funditus
1298 5516 1606 5574 tribuatur.
1642 5517 1860 5572 Omnes
1891 5516 2052 5571 enim

404 5614 619 5677 precor
641 5609 707 5663 ut
724 5614 835 5679 pro
860 5619 961 5664 me
980 5612 1152 5665 orare
1176 5605 1528 5679 dignemini,
1553 5600 1619 5663 ut
1636 5600 2059 5663 remissionem

2175 4362 2321 4419 terio
2339 4364 2527 4419 sancti
2546 4364 2840 4436 Carilephi
2857 4369 2914 4422 et
2937 4365 2999 4421 in
3028 4364 3181 4422 cella‘
3199 4376 3333 4438 quae
3355 4362 3711 4423 Savonarias
3728 4381 3825 4421 vo-

2173 4455 2342 4508 catur
2372 4452 2624 4509 DOmino
2666 4452 2963 4510 militandi
3010 4455 3246 4528 absque
3277 4454 3399 4512 ulla
3426 4449 3823 4511 min’eratione

2172 4546 2275 4598 aut
2303 4542 2576 4598 tarditate
2604 4542 3032 4600 detur.Ternos
3054 4546 3255 4600 autem
3287 4556 3503 4615 greges
3518 4545 3822 4616 jumento-

2169 4638 2305 4688 rum
2324 4636 2448 4688 una
2477 4636 2621 4687 cuni
2656 4646 2864 4688 eorum
2885 4628 3219 4689 emissariis
3240 4638 3310 4690 ac
3328 4633 3517 4690 boum
3539 4638 3596 4690 et
3616 4642 3823 4690 vacca-

2168 4734 2303 4776 rum
2326 4719 2448 4777 sive
2474 4724 2796 4794 caprarum
2828 4724 2885 4778 et
2909 4722 3113 4778 ovium
3136 4722 3240 4796 qui
3268 4723 3485 4779 suntin
3505 4723 3733 4790 Haliau,
3766 4720 3823 4778 et

2167 4812 2428 4881 quatuor
2450 4810 2759 4882 porcarias
2776 4812 2911 4883 quae
2932 4810 2993 4867 in
3010 4812 3222 4869 eadem
3240 4811 3400 4882 Villa,
3424 4815 3548 4868 tam
3567 4812 3629 4867 in
3651 4825 3821 4867 man-

2171 4896 2488 4955 silionibus
2513 4900 2703 4972 quam
2725 4902 2781 4956 et
2800 4899 2861 4956 in
2884 4898 3012 4956 aliis
3032 4899 3179 4957 locis
3196 4900 3327 4958 esse
3348 4888 3653 4968 videntur,
3664 4902 3723 4955 et
3750 4898 3820 4954 ili-

2166 4986 2257 5043 los
2278 4992 2486 5059 greges
2506 4988 2611 5062 qui
2627 4990 2765 5045 sunt
2780 4988 2843 5045 in
2867 4989 3038 5046 Curta
3056 4990 3351 5058 Quadri‘ci,
3370 4990 3435 5047 in
3448 4991 3817 5055 Saxonense,

2166 5076 2378 5131 omnes
2398 5079 2524 5132 tam
2544 5077 2953 5148 jumentorum
2976 5080 3164 5150 quam
3204 5082 3261 5133 et
3286 5078 3477 5134 brium
3508 5082 3564 5134 et
3606 5084 3818 5134 vacca:-

2166 5166 2300 5218 rum
2332 5166 2435 5219 seu
2465 5172 2787 5235 porcorum
2825 5168 2882 5220 et
2905 5165 3115 5221 ovium
3137 5169 3319 5238 athe
3339 5170 3665 5239 caprarum
3698 5165 3816 5221 illis

2165 5250 2487 5307 monachis
2506 5252 2611 5324 qui
2630 5252 2883 5308 Domino
2912 5253 2974 5309 in
2995 5253 3244 5310 ecclesia
3267 5256 3463 5311 sancti
3484 5252 3815 5312 Salvatoris’

2165 5340 2351 5410 supra
2377 5337 2631 5395 ﬂuvium
2659 5338 2902 5409 Sarthee',
2920 5341 3026 5396 ubi
3046 5340 3142 5398 ille
3167 5342 3359 5400 abbas
3384 5352 3644 5417 praeesse
3658 5341 3818 5400 vide;

2163 5430 2277 5498 tur,
2300 5422 2446 5483 cum
2478 5428 2643 5484 omni
2671 5426 3001 5500 integritate
3024 5435 3085 5487 et
3106 5446 3244 5489 cum
3271 5434 3558 5491 charitate
3580 5432 3817 5505 absque

2165 5516 2285 5572 ullo
2338 5516 2620 5589 scrupulo
2682 5522 2785 5574 aut
2839 5520 3304 5580 contradictione
3358 5522 3477 5578 sive
3526 5520 3814 5579 dilatione

2160 5602 2410 5662 ﬁdeliter
2480 5602 2841 5667 tribuantur;
2924 5609 3021 5668 Illi
3092 5610 3335 5685 quoque
3415 5618 3637 5682 greges
3711 5610 3816 5681 ju-
