4180 6186
246 163 319 217 σο
1834 158 1911 216 v11

3591 175 3660 229 τῦ

247 282 594 338 mentorum
640 293 767 334 una
809 294 947 334 cum
999 294 1207 336 eorum
1253 279 1675 337 anissariiset
1713 280 1901 337 boum

2018 289 2362 362 nequimus,
2388 290 2465 346 de
2493 290 2605 346 illis
2629 293 2737 365 qui
2765 296 2943 349 antea
2969 293 3093 350 dati
3145 294 3404 350 minime1
3422 294 3658 362 iuerint,

244 368 561 439 utriusque
608 365 842 436 generis
882 384 987 422 seu
1031 384 1355 439 porcorum
1396 373 1454 424 et
1496 369 1697 425 ovium
1725 373 1904 441 atque

242 471 569 530 caprarum
600 454 705 527 qui
745 455 972 511 suntin
1004 444 1141 511 villa
1190 455 1469 513 Colonies.
1491 457 1663 528 juxta
1694 457 1903 513 urbem

242 546 305 603 in
342 544 447 600 illa
496 549 664 599 curte
690 559 826 615 quae
872 543 1086 600 dicitur
1114 544 1285 613 Villa,
1317 561 1505 617 quam
1556 545 1906 601 Gundoldus

245 633 439 689 modo
450 632 741 705 providet,
756 631 883 687 etin
904 632 1185 689 Carrariis
1198 649 1378 706 super
1388 634 1640 690 ﬂuvium
1659 634 1905 699 Sarthte,

250 731 313 780 et
337 724 404 779 in
424 726 644 789 Canon,
673 721 891 777 dentur
907 723 1224 780 monachis
1256 723 1634 793 integerrime
1668 723 1772 795 qui
1792 725 1907 777 Do—

252 814 423 870 mino
448 812 510 867 in
550 810 922 866 monasterio
952 811 1151 868 Sancti
1182 811 1473 868 Vincentii
1519 810 1790 868 militant.
1825 811 1910 866 Illi

251 918 397 972 ergo
424 916 641 971 greges
683 901 1099 971 iumentorum
1148 916 1273 957 una
1321 916 1461 957 cum
1503 900 1829 957 emissariis
1854 904 1912 956 et

245 990 439 1046 boum
461 990 771 1060 utriusque
792 990 1029 1059 generis
1044 1005 1153 1045 seu
1168 1006 1493 1062 porcorum
1514 994 1569 1046 et
1584 992 1789 1046 ovium
1805 990 1910 1062 qui

248 1083 393 1136 sunt
420 1078 482 1134 in
515 1080 655 1134 Gres
684 1081 742 1133 et
780 1077 840 1132 in
884 1078 1221 1149 Fraxinido,
1254 1079 1315 1134 in
1346 1079 1530 1149 Belsa,
1557 1083 1615 1134 et
1648 1079 1710 1135 in
1744 1081 1907 1135 Sem-

248 1184 453 1234 muro,
480 1167 799 1223 monachis
831 1167 893 1222 in
922 1170 1061 1223 Gres
1092 1168 1345 1224 Domino
1375 1168 1439 1224 in
1487 1167 1736 1225 ecclesia
1767 1170 1912 1224 San-

247 1263 355 1314 ctus
402 1256 595 1312 Mariae
636 1259 693 1311 et
726 1256 925 1311 Sancti
953 1255 1158 1311 Almiri
1206 1256 1599 1313 militantibus
1642 1256 1910 1313 fundit-us

249 1346 490 1419 absque
517 1344 641 1400 ulla
670 1344 947 1400 tarditate
976 1349 1085 1401 aut
1122 1345 1520 1402 minoratione
1552 1346 1907 1401 tribuantur.

250 1436 335 1492 llli
363 1450 617 1507 quoque
650 1448 864 1503 greges
892 1449 1015 1489 una
1043 1450 1182 1489 eum
1212 1450 1424 1490 eorum
1453 1434 1777 1491 amissariis
1811 1435 1908 1505 ju-

249 1528 605 1582 mentorum
621 1524 681 1578 et
698 1534 1023 1578 vaccarum
1039 1537 1110 1579 ac
1128 1522 1316 1579 boum
1338 1524 1463 1579 sive
1482 1524 1687 1579 ovium
1703 1527 1765 1579 et
1779 1536 1912 1596 por-

2014 379 2403 450 preecipimus
2429 379 2604 447 duos,
2638 380 2849 452 quales
2876 381 3151 439 meliores
3173 383 3394 440 inventi
3424 383 3658 454 fuerint,

2012 468 2298 538 praedicto
2322 468 2548 524 domno
2586 469 3053 541 metropolitano
3074 474 3283 528 nostra
3304 472 3456 528 bene
3482 488 3662 545 para-

1998 559 2104 611 .tos
2134 560 2189 610 et
2219 563 2465 613 ornatos
2493 557 2625 613 dari
2650 575 2664 624 ;
2688 562 2745 613 et
2773 557 2925 613 alios
2946 558 3123 626 duos,
3146 560 3354 632 quales
3381 565 3523 633 post
3548 561 3661 618 hos

2016 644 2293 701 meliores
2320 645 2543 701 inventi
2564 646 3023 716 fuerint,Didani
3043 648 3480 705 Andecavensis
3496 649 3663 706 urbis

2016 734 2309 806 Episcopo
2380 734 2536 789 bene
2595 739 2838 791 ornatos
2893 734 3081 790 tribus
3132 735 3447 806 iubemus.
3494 743 3663 811 ipsos

2015 822 2181 877 enim
2208 827 2451 878 sanctos
2473 822 2816 896 episcopos,
2849 822 2897 878 si
2922 823 3068 879 mihi
3099 825 3447 896 superstites
3467 826 3663 882 Domi-

2013 922 2095 967 no
2147 912 2468 967 miserante
2510 912 2750 980 fuerint,
2793 912 2871 967 ad
2922 911 3155 968 obitum
3212 926 3417 968 meum
3462 916 3663 971 venire

2015 1000 2324 1071 deprecor,
2351 1004 2408 1056 et
2458 1000 2724 1057 animam
2777 1012 2981 1055 meam
3021 1008 3128 1072 per
3171 1014 3383 1056 eorum
3426 1005 3664 1058 sanctas

2016 1089 2316 1144 orationes
2367 1089 2621 1145 Domino
2668 1088 3051 1144 devotissime
3078 1090 3489 1145 commendari
3520 1104 3661 1155 sup-

2016 1177 2243 1249 pliciter
2268 1178 2492 1248 ﬂagito,
2524 1182 2583 1233 et
2622 1178 2702 1233 ad
2747 1177 3175 1250 corpusculum
3223 1190 3441 1233 meum
3454 1189 3661 1235 eorum

2016 1265 2296 1337 precibus
2327 1265 2579 1322 Domino
2610 1281 2731 1322 una
2762 1281 2901 1322 cum
2927 1266 3131 1322 anima
3170 1267 3583 1323 commendari
3608 1270 3666 1323 et

2016 1369 2157 1409 cum
2185 1354 2555 1410 orationibus
2577 1369 2786 1410 eorum
2807 1354 3043 1427 sepeliri
3064 1354 3366 1411 humiliter
3389 1355 3660 1427 postulo;

2016 1447 2072 1498 et
2091 1444 2152 1497 in
2184 1443 2469 1498 omnibus
2500 1458 2884 1515 summopere
2908 1443 3061 1511 illos,
3089 1448 3146 1499 et
3165 1444 3349 1516 quasi
3370 1444 3451 1500 ad
3479 1444 3664 1516 pedes

2016 1546 2226 1587 eorum
2271 1531 2644 1603 provolutus,
2672 1532 2961 1604 deprecor
2989 1536 3057 1587 ut
3082 1531 3157 1587 de
3207 1548 3304 1587 me
3348 1537 3409 1589 et
3432 1548 3543 1606 pro
3566 1546 3665 1589 me

254 1617 473 1671 eorum
488 1612 663 1684 atque
678 1614 1007 1684 caprarum
1020 1624 1238 1691 omnes
1249 1613 1353 1686 qui
1370 1616 1509 1668 sunt
1522 1612 1583 1668 in
1604 1613 1907 1679 Aviniaco,
1935 1636 1979 1690 ι
2017 1620 2098 1675 sic
2129 1620 2352 1676 faciant
2380 1621 2532 1676 sicut
2550 1621 2757 1676 volunt
2778 1624 2844 1676 ut
2869 1620 2945 1676 de
2970 1620 3085 1675 illis
3102 1621 3308 1677 tamin
3328 1620 3449 1677 vita
3475 1636 3664 1694 quam

255 1720 365 1759 seu
394 1701 454 1757 in
476 1700 782 1768 Casiliaco,
808 1705 866 1756 et
886 1701 949 1755 in
975 1700 1075 1757 illa
1098 1706 1264 1773 parte
1290 1701 1520 1758 Paciaci
1549 1718 1735 1774 quam
1753 1704 1906 1757 Gun-

252 1790 474 1846 doldus
512 1789 806 1862 providet,
840 1790 1060 1846 nostris
1090 1790 1397 1846 sororibus
1446 1790 1910 1846 sanctimoniali-

250 1879 366 1935 bus
382 1879 700 1934 monachis
722 1894 876 1955 quas
892 1878 1043 1934 inter
1055 1888 1301 1935 murum
1318 1880 1569 1935 civitatis
1586 1884 1642 1935 et
1654 1878 1907 1935 ﬂuvium

253 1968 481 2025 Sarthae
529 1966 591 2022 in
635 1966 892 2023 ecclesia
932 1966 1173 2023 Dbmini’
1216 1964 1532 2025 Salvatoris
1579 1972 1641 2024 et
1687 1970 1907 2048 sanctae

251 2058 528 2128 ejusdem
559 2054 659 2112 Dei
703 2055 1003 2127 genitricis
1028 2056 1220 2113 Mariae
1264 2073 1621 2129 semperque
1662 2057 1908 2128 virginis

251 2146 379 2202 sive
396 2148 742 2201 sanctorum
760 2149 1096 2218 martyrum
1118 2146 1377 2223 Gervasii
1393 2151 1448 2202 et
1469 2146 1713 2202 Protasii
1729 2151 1907 2218 atque

252 2234 445 2291 sancti
477 2235 759 2308 Stephani
810 2234 924 2289 sub
970 2234 1304 2291 monastico
1334 2235 1542 2290 ordine
1572 2239 1629 2290 et
1677 2234 1791 2290 sub
1822 2251 1909 2290 re-

258 2324 408 2395 gula
445 2325 634 2378 sancti
678 2322 976 2378 Benedicti
1022 2323 1220 2378 vivere
1269 2323 1718 2389 collocavimus,
1769 2340 1909 2379 cum

258 2414 507 2469 stimm:r
551 2410 835 2468 charitafe
883 2414 943 2466 et
987 2412 1261 2468 omnium
1303 2410 1636 2482 integritate
1678 2412 1908 2485 absque

256 2498 381 2559 ulla
427 2501 710 2557 diiatione
759 2500 1014 2556 ﬁdeliter
1058 2501 1475 2557 attribuantur.
1534 2501 1619 2556 Illi
1666 2517 1910 2573 quoque

255 2605 477 2667 greges
495 2590 911 2661 jumentorum
940 2604 1073 2645 una
1094 2600 1235 2645 cum
1263 2590 1827 2646 eorum'amisSariis
1855 2594 1912 2646 et

254 2680 444 2737 boum
475 2680 786 2751 utrimque
816 2679 997 2735 sexus
1026 2682 1082 2735 et
1102 2678 1304 2735 ovium
1325 2679 1448 2735 sive
1476 2682 1809 2752 porcorum
1831 2684 1912 2736 at-

252 2780 371 2845 que
401 2770 725 2843 caprarum
767 2767 872 2841 Qui
919 2770 1058 2824 sunt
1106 2768 1168 2823 in
1212 2768 1503 2841 Rupiaco,
1529 2768 1909 2838 integerrime

250 2858 425 2915 fratri
453 2875 590 2915 meo
617 2863 783 2914 Isaac
803 2857 1046 2930 ﬁlioque
1076 2857 1208 2929 ejus
1229 2857 1509 2928 Rotgario
1536 2857 1767 2931 absque
1788 2856 1911 2913 ulla

2016 1712 2071 1764 et
2100 1713 2237 1781 post
2264 1709 2494 1765 obitum
2526 1710 2651 1766 ﬁat.
2685 1714 2931 1781 insuper
2959 1713 3219 1781 quatuor
3247 1721 3443 1782 equos
3468 1710 3665 1768 bonos

2017 1811 2166 1853 mean
2217 1797 2535 1870 sepulturae
2585 1798 2719 1854 loco
2770 1803 2833 1854 et
2875 1797 3155 1854 fratribus
3209 1798 3357 1855 inibi
3410 1800 3664 1855 Domino

2016 1887 2447 1943 famulantibus
2493 1887 2633 1944 dari
2667 1887 2873 1958 jubeo.
2908 1889 2987 1943 De
3043 1887 3269 1942 caeteris
3317 1900 3467 1958 ergo
3490 1890 3662 1961 equis

2015 1974 2149 2030 volo
2180 1980 2245 2031 ut
2271 1990 2455 2031 causa
2476 1974 2908 2031 benedictionis
2934 1975 3215 2045 singulos
3232 1976 3530 2048 accipiant
3549 1977 3665 2033 sin-

2016 2064 2147 2134 guli'
2188 2065 2295 2137 qui
2346 2065 2673 2137 przescripti
2731 2070 2788 2121 et
2837 2065 3220 2137 praeordinati
3270 2065 3342 2121 ad
3391 2072 3662 2122 nostram

2015 2153 2466 2224 eleemosynam
2515 2154 2854 2210 faciendam
2911 2153 3145 2221 fuerint,
3194 2158 3261 2209 ut
3297 2154 3513 2209 melius
3550 2154 3664 2210 illis

2015 2240 2269 2297 delectet
2288 2256 2409 2313 pro:
2450 2252 2547 2297 me
2596 2256 2768 2297 orare
2814 2244 2875 2296 et
2900 2241 3290 2295 commissum
3347 2242 3459 2296 sibi
3485 2256 3665 2311 nego-

2016 2330 2164 2385 tium
2192 2344 2497 2401 peragere.
2531 2331 2611 2385 De
2638 2328 2887 2401 reliquis
2930 2328 3153 2400 quippe
3195 2328 3371 2400 equis
3406 2333 3469 2385 et
3501 2330 3663 2403 pole-

2015 2417 2141 2473 dris
2163 2420 2225 2473 et
2248 2417 2423 2473 mulis
2453 2422 2633 2490 atque
2685 2416 2868 2472 asinis
2902 2421 3017 2472 tres
3052 2416 3341 2486 jubemus
3369 2417 3498 2473 ﬁeri
3522 2428 3663 2490 por-

2017 2506 2205 2563 tiones
2241 2523 2253 2561 :
2284 2518 2409 2563 una
2456 2520 2601 2579 pars
2645 2510 2955 2562 remaneat
2994 2504 3259 2561 ecclesia;
3299 2505 3476 2562 nobis
3503 2518 3663 2563 com-

2016 2594 2217 2650 missae
2264 2598 2322 2650 e‘t
2363 2598 2575 2650 sancto
2609 2594 2947 2650 successori”
2968 2596 3176 2650 nostro
3200 2612 3213 2661 ;
3238 2593 3356 2650 alia
3379 2594 3662 2651 veroiar-

2018 2684 2213 2752 giatur
2241 2684 2533 2756 disposite
2548 2682 3054 2739 et‘rationabiliter
3091 2682 3316 2739 clericis
3359 2688 3416 2739 et
3438 2684 3665 2739 vass‘ab

2015 2772 2087 2827 lis
2127 2777 2191 2828 et
2230 2771 3218 2828 servientibuset‘ministerialibus
3245 2772 3437 2827 nobis
3466 2772 3663 2829 faniu~

2016 2860 2298 2917 lantibns.
2326 2861 2514 2917 Tertia
2538 2864 2739 2918 autem
2761 2872 2902 2933 pars
2922 2861 3311 2918 distribuatur
3338 2859 3590 2918 ﬁdeliter
3610 2866 3667 2917 et

249 2948 653 3004 diminutione
695 2952 800 3003 aut
841 2946 1124 3003 dilatione
1184 2946 1539 3003 tribuantur.
1573 2946 1661 3043 Illi
1707 2951 1909 3043 autem
1938 2983 1993 3043 θ
2016 2950 2449 3006 rationabiliter
2472 2950 2537 3006 in
2558 2954 2831 3006 nostram
2859 2950 3307 3033 eleem'osynam
3336 2954 3515 3022 prout
3539 2964 3665 3005 me—

250 3053 464 3108 greges
490 3038 905 3109 jumentorum
935 3051 1059 3092 una
1089 3052 1228 3090 cum
1257 3051 1465 3092 eorum
1497 3036 1823 3091 emissariis
1855 3039 1912 3091 et
1945 3036 1979 3043 '
2015 3038 2131 3094 lius
2162 3039 2400 3095 scierint
2427 3044 2491 3094 et
2510 3039 2821 3111 potuerint
2852 3039 3079 3112 quibus
3127 3039 3244 3094 hoc
3274 3039 3664 3095 commisisuni

247 3116 441 3182 boum
493 3126 811 3199 utriusque
842 3124 1072 3197 generis
1104 3141 1208 3180 seu
1252 3132 1574 3197 porcorum
1606 3130 1662 3181 et
1704 3126 1907 3181 ovium

248 3221 438 3289 atque
470 3230 799 3287 caprarum
825 3214 929 3286 qui
946 3218 1087 3271 sunt
1111 3213 1173 3269 in
1205 3214 1518 3282 Contrella,
1538 3219 1596 3270 et
1612 3214 1675 3269 in
1696 3216 1910 3269 Varen-

247 3306 372 3373 nis,
396 3304 468 3359 in
489 3303 927 3369 Vindosnense,
950 3303 1089 3359 etin
1109 3302 1451 3369 Breuviaco,
1475 3302 1533 3358 in
1553 3305 1907 3368 Oxomense,

246 3399 309 3451 et
340 3394 416 3448 in
448 3390 677 3446 Artinis
701 3405 879 3461 super
907 3389 1021 3458 Liz,
1041 3396 1095 3447 et
1116 3392 1178 3447 in
1234 3390 1516 3447 Lanciani
1572 3390 1727 3446 ultra
1752 3390 1913 3459 Lige-

245 3484 397 3553 rim,
434 3481 564 3536 sive
577 3479 641 3535 in
673 3476 973 3549 Vodebris,
999 3480 1268 3536 vassallis
1294 3479 1399 3552 qui
1424 3479 1600 3536 nobis
1628 3479 1690 3535 in
1706 3483 1911 3535 nostra

249 3567 687 3628 mansiuncula
734 3568 1011 3624 serviunt-
1041 3573 1101 3625 et
1145 3568 1375 3626 clericis
1420 3568 1523 3642 qui
1568 3569 1822 3624 Domino
1850 3568 1910 3622 in

254 3665 462 3716 nostra
512 3656 745 3730 capella
785 3656 1156 3714 famulantur
1204 3668 1353 3713 cum‘
1383 3657 1547 3713 omni
1577 3658 1908 3727 integritate

266 3748 548 3818 disposite
613 3750 677 3801 et
726 3747 1156 3802 rationabiliter
1209 3746 1558 3816 largiantur.
1633 3746 1911 3817 Reliquos

274 3850 530 3906 namque
554 3850 763 3905 greges
810 3836 1224 3906 jumentorum
1270 3839 1326 3891 et
1373 3834 1561 3890 boum
1606 3836 1912 3906 utriusque

267 3924 492 3995 generis
544 3928 601 3980 et
626 3924 839 3980 ovium
865 3940 972 3980 seu
1000 3932 1326 3997 percorum
1356 3927 1536 3996 atque
1565 3936 1912 3995 caprarum,

259 4026 471 4069 omnes
499 4013 606 4085 qui
637 4015 857 4069 suntin
889 4012 1135 4068 culturis
1165 4016 1222 4068 et
1247 4012 1310 4067 in
1342 4012 1491 4068 silva
1523 4011 1805 4067 Uvastina
1850 4011 1911 4066 in

252 4101 513 4157 diversis
538 4094 1001 4157 man’s‘iOnilibus
1023 4105 1081 4158 et
1104 4101 1272 4163 locis.
1297 4105 1419 4157 tam
1451 4115 1630 4179 super
1659 4099 1909 4155 ﬂuvium

252 4190 347 4246 Liz
378 4206 572 4262 quam
602 4194 661 4245 et
705 4191 765 4245 in
813 4190 963 4246 silva
1007 4184 1307 4262 Uvastica,
1349 4195 1405 4246 et
1450 4189 1512 4245 in
1557 4188 1819 4245 Tricione
1850 4189 1913 4243 in

251 4278 512 4334 diversis
563 4279 1022 4335 mansionilibus
1078 4285 1135 4336 et
1188 4276 1248 4335 in
1289 4278 1436 4335 locis
1464 4278 1737 4346 diversis,
1767 4281 1824 4333 et
1852 4276 1914 4331 in

252 4367 581 4435 Tauriaco,
610 4372 669 4423 et
691 4368 752 4423 in
784 4368 1184 4439 Bajocassino,
1212 4371 1270 4423 et
1306 4367 1368 4423 in
1423 4366 1752 4430 Vetusvico,
1790 4366 1911 4421 sive

247 4456 317 4512 in
343 4454 636 4524 Cel’sia‘co,
669 4471 739 4512 ac
778 4455 837 4512 in
879 4458 1120 4528 Nascas‘,
1152 4472 1259 4513 seu
1303 4455 1367 4511 in
1417 4456 1704 4526 Cadarus,
1749 4459 1806 4511 et
1852 4456 1914 4511 in

252 4544 545 4602 Colonica
599 4543 753 4601 ultra
803 4544 1136 4613 Medanam,
1169 4549 1231 4602 et
1279 4544 1342 4601 in
1398 4544 1707 4601 Gulcamia
1757 4545 1914 4601 ultra

249 4633 512 4689 fluvium
541 4633 778 4705 Ligeris,
810 4638 869 4690 et-
912 4635 975 4690 in
1021 4634 1424 4702 Callemarcio,
1458 4633 1583 4689 sive
1610 4634 1672 4688 in
1710 4639 1916 4690 monte

252 4722 571 4792 Sodenris,
622 4722 688 4777 in
725 4722 1007 4779 omnibus
1059 4722 1523 4781 mansionilibus
1560 4723 1631 4777 in-
1668 4738 1739 4779 eo
1771 4736 1916 4780 con-

253 4810 521 4878 structis,
566 4813 625 4867 et
668 4810 728 4867 in
775 4812 905 4868 rivo
952 4816 1219 4885 petroso,
1265 4816 1322 4868 et
1362 4813 1423 4867 in
1469 4811 1612 4868 villa
1658 4824 1818 4868 nova
1854 4812 1917 4867 in

252 4899 446 4967 Belsa,
477 4903 537 4955 et
561 4899 624 4955 in
653 4899 794 4957 villa
822 4901 1228 4972 Macunen,-et
1254 4900 1316 4956 in
1364 4900 1541 4957 Bioca
1583 4914 1765 4972 super
1802 4899 1917 4955 ﬂu-

253 4986 427 5043 vium
454 4987 681 5057 Bricia,
698 4992 758 5045 et
797 4988 861 5045 in
904 4990 1140 5048 Villena-
1176 4989 1241 5045 in
1269 4988 1592 5060 Parisiaco,
1619 4988 1685 5044 in.
1710 4994 1917 5045 nostra

257 5073 677 5152 eleemosyna,
691 5078 1058 5153 presbyteris
1084 5083 1144 5136 et
1167 5078 1270 5134 Dei
1300 5078 1491 5134 servis
1515 5077 1638 5134 sive
1684 5088 1915 5152 paupe-

251 5163 438 5219 ribus
466 5165 715 5223 tideliter
755 5171 813 5223 et
852 5167 1283 5224 rationabiliter
1325 5182 1475 5223 cum"
1510 5167 1676 5223 omni
1705 5167 1916 5223 timore

252 5257 315 5308 et
338 5255 673 5312 reverentia
698 5255 973 5313 distribui
1002 5256 1287 5330 disposite
1310 5256 1707 5329 imploramus
1734 5260 1915 5329 atque

249 5357 570 5413 rogamus,
600 5348 661 5401 et
704 5345 912 5403 omnia
954 5345 1087 5403 ﬁeri
1129 5356 1270 5403 cum
1297 5344 1582 5402 charitute
1611 5349 1913 5416 optamus.

252 5431 337 5487 De
386 5433 563 5505 equis
609 5447 877 5507 namque
905 5434 1122 5492 nostris
1148 5440 1206 5492 et
1235 5433 1540 5491 seminariis
1564 5433 1687 5489 sive
1738 5433 1917 5489 mulis

252 5526 313 5575 et
356 5521 551 5578 asinis
591 5539 663 5579 ac
714 5524 997 5597 poledris,
1027 5524 1251 5597 quibus
1301 5523 1501 5580 adhuc
1556 5522 1830 5593 fruimur,
1864 5526 1922 5578 et

254 5609 387 5667 sine
404 5610 651 5683 quibus
665 5612 871 5684 regale
898 5618 956 5671 et
983 5626 1310 5671 commune
1334 5612 1649 5670 sei-Vitium
1684 5612 1935 5686 expleret

2015 3127 2207 3184 fuerit.
2239 3128 2449 3184 Taliter
2474 3134 2718 3199 quoque
2756 3128 2875 3183 illis
2897 3128 3012 3183 hoc
3066 3127 3348 3199 praecipio
3376 3131 3432 3182 et
3459 3128 3666 3198 depre-
3690 3144 3694 3146 ‘

2018 3231 2121 3271 cor
2151 3231 2326 3285 agere
2358 3220 2415 3271 et
2446 3215 2849 3270 tam'ﬁdelite'r
2875 3219 2933 3269 et
2959 3214 3390 3268 rationabiliter
3420 3214 3662 3284 dispen-

2020 3319 2153 3358 sare
2184 3303 2437 3374 qualiter
2464 3302 2607 3358 inde
2636 3302 2935 3357 rationem‘
2957 3308 3081 3356 non
3107 3304 3377 3357 metuant
3415 3301 3665 3358 reddere

2017 3392 2080 3448 in
2109 3394 2435 3463 conspectu
2465 3381 2911 3446 Domini‘noeiti‘i
2937 3389 3332 3460 Jesu‘Christi,
3365 3394 3420 3447 et
3449 3402 3523 3447 ex
3549 3390 3665 3446 hoc

2019 3495 2143 3536 non
2171 3480 2478 3552 recipiant,
2498 3479 2664 3551 quod
2687 3479 2864 3548 absit,
2882 3478 3334 3554 damnationem
3354 3484 3663 3550 mternam,

2020 3570 2125 3626 sed
2153 3569 2469 3642 praemium
2501 3569 2952 3642 sempiternum.
2986 3568 3090 3625 Illa
3117 3578 3260 3625 vero
3303 3569 3507 3625 Omnia
3531 3574 3667 3641 quae

2018 3661 2079 3715 in
2110 3658 2354 3731 praefato
2384 3663 2673 3730 tempore,
2695 3662 2761 3712 ut
2785 3658 3022 3713 dictum‘
3042 3662 3150 3728 est,
3175 3657 3235 3713 in
3262 3657 3560 3730 praedictis
3582 3654 3666 3713 lo-

2019 3749 2103 3804 cis
2132 3752 2190 3804 et
2235 3748 2393 3817 agris
2450 3750 2574 3802 tam
2617 3746 2861 3801 internis
2904 3758 3091 3818 quam
3133 3746 3389 3801 externis
3425 3747 3673 3803 inventa

2020 3837 2254 3903 fuerint,
2292 3836 2541 3892 Domino
2586 3835 2725 3901 Deo,
2758 3835 2985 3889 devota‘
3023 3838 3221 3889 mente
3270 3838 3328 3889 et
3357 3842 3505 3890 Sano
3536 3850 3667 3889 cor-

2020 3942 2187 3998 pore,
2218 3938 2326 3997 pro
2380 3923 2603 3993 ingenti
2630 3928 2687 3978 et
2717 3922 2903 3978 nimio
2951 3923 3218 3995 pondere
3245 3921 3667 3994 peccaminum

2022 4028 2305 4071 meorum'
2341 4012 2603 4086 supplex
2642 4014 2707 4067 et
2739 4010 2993 4066 devotus
3021 4010 3228 4079 offero,
3261 4014 3318 4066 et
3363 4014 3470 4083 per
3509 4011 3673 4066 hanc

2023 4102 2377 4169 chartulam,
2396 4112 2585 4173 quam
2614 4115 2764 4156 sana
2783 4104 2979 4156 mente
3002 4098 3219 4156 dictavi
3238 4102 3296 4155 et
3325 4096 3672 4171 snpradictb

2024 4194 2313 4265 praetextu
2343 4190 2599 4245 scribere
2620 4189 2793 4260 jussi,
2822 4192 3001 4262 atque
3039 4188 3284 4261 propria
3320 4202 3509 4244 manu
3534 4187 3672 4243 sub-

1988 4332 2003 4361 ,
2026 4284 2117 4337 ter
2144 4278 2400 4349 ﬁrmavi,
2436 4278 2514 4334 ad
2556 4278 2902 4350 supradicta
2947 4281 3017 4334 et
3049 4278 3303 4350 scripta,
3339 4276 3494 4333 sicut
3540 4277 3677 4332 hth

2025 4368 2313 4441 paginula
2367 4367 2705 4425 testamenti
2756 4370 3211 4434 commemorat,
3266 4365 3565 4439 eitplenda
3617 4367 3674 4420 et

2026 4456 2280 4512 ﬁdeliter
2306 4456 2654 4529 peragenda
2683 4455 2937 4512 Domino
2967 4458 3101 4512 Deo‘
3133 4456 3346 4527 sponte
3375 4458 3430 4510 et
3459 4452 3677 4509 deVOte

2024 4546 2244 4602 trador:
2276 4549 2343 4601 ut
2394 4545 2442 4601 si
2470 4545 2605 4618 quis
2634 4544 2820 4607 aliter,
2865 4544 3033 4617 quod
3084 4543 3257 4613 absit,
3285 4545 3359 4598 ex
3411 4541 3672 4614 praefatis

2025 4634 2225 4701 rebus,
2258 4633 2319 4689 in
2339 4638 2635 4706 quantum
2662 4634 2877 4689 melius
2903 4632 3283 4704 praevaluerit
3309 4646 3378 4684 ac
3436 4628 3669 4699 poterit,

2026 4734 2203 4794 agere
2233 4721 2682 4794 prre‘sumpserit
2713 4722 2844 4793 ipso
2876 4720 3131 4775 Domino
3162 4720 3285 4772 Deo
3308 4728 3421 4770 suo
3450 4718 3513 4770 et'
3552 4714 3673 4771 Sal-

2022 4812 2215 4869 vatori
2265 4815 2471 4866 nostro
2500 4812 2645 4865 Iesu
2667 4808 2897 4865 Christo
2942 4806 3154 4861 reddat
3200 4804 3342 4860 inde
3389 4803 3672 4875 rationes,

2026 4900 2122 4956 cui
2150 4900 2277 4954 haec
2304 4897 2652 4970 praescripta
2675 4894 3024 4968 peragenda
3054 4898 3110 4950 et
3138 4893 3439 4967 explenda
3459 4894 3685 4951 devote

2026 4987 2231 5045 oblata
2255 4990 2313 5042 et
2340 4984 2556 5041 tradita
2581 4988 2745 5053 sunt,
2770 4987 2995 5040 stante
3017 4983 3281 5041 tribunal
3307 4982 3495 5058 ipsius
3519 4982 3677 5055 judi-

2027 5076 2117 5133 cis‘
2152 5074 2355 5131 aeterni
2399 5086 2473 5129 ex
2518 5073 2633 5129 hoc
2682 5073 3149 5130 tremtibu‘ndam'
3188 5072 3459 5129 deducat
3496 5072 3679 5128 ratio-

2025 5178 2187 5223 nem.
2222 5165 2530 5220 Contes‘tor
2554 5162 2715 5218 enim
2742 5164 3015 5219 sanctum
3037 5167 3447 5219 successorem
3470 5166 3683 5217 meum

2027 5271 2173 5312 mox
2199 5252 2489 5321 futurum,
2521 5252 2867 5325 quicunque
2897 5248 3090 5324 fuerit,
3119 5255 3176 5307 et
3202 5250 3376 5324 quasi
3403 5250 3480 5306 ad
3506 5248 3680 5306 vesti-

2030 5345 2129 5415 gia
2156 5343 2383 5417 pedum
2407 5342 2536 5413 ejus
2566 5340 2931 5413 provolutus
2945 5339 3247 5396 humiliter
3296 5340 3587 5412 depmcor
3613 5341 3685 5394 ut-

2032 5434 2114 5489 sic
2160 5432 2235 5489 de
2280 5447 2377 5488 me
2406 5435 2463 5487 et
2491 5436 2617 5504 pro‘
2648 5444 2744 5485 me
2784 5429 3117 5487 miserrimo
3160 5432 3473 5502 peccatore
3502 5427 3681 5484 faciat

2034 5522 2185 5579 sicut
2212 5522 2337 5579 vult
2364 5524 2426 5577 ut
2457 5519 2546 5575 sui
2574 5524 2953 5577 successores
2981 5522 3122 5592 post
3163 5518 3415 5575 oblitum
3446 5517 3576 5589 ejus
3604 5515 3679 5571 de

2034 5624 2115 5667 eo
2134 5611 2375 5681 faciant,
2406 5613 2465 5666 et
2481 5609 2566 5665 sic
2593 5618 2737 5668 mea
2749 5608 2915 5667 facta‘
2936 5608 3181 5679 integrat
3192 5609 3507 5666 conservet
3530 5604 3682 5660 sicut
