4160 6182
505 170 569 226 7ι
1601 156 1881 217 ALDRICI
1920 150 2446 214 cauomnnsns
2485 151 2824 212 EPISCOPI.
3397 119 3407 131 ’
3857 170 3930 222 72

505 306 617 348 sua
640 289 768 348 vult
791 293 929 363 post
948 305 1010 346 se
1032 287 1277 346 servari.
1305 289 1468 341 Hanc
1497 297 1640 352 ergo
1666 277 2024 353 paginulam
2043 279 2156 332 tes-
2181 275 2232 330 Δ
2271 273 2429 342 gavi,
2458 278 2516 330 et
2543 275 2694 333 sicut
2721 277 2783 332 in
2806 276 2923 334 hac
2947 277 3242 351 paginula
3272 279 3620 338 distinctum
3651 287 3709 340 et
3740 284 3932 344 inser-

505 382 753 437 tamenti
785 377 1128 452 suppliciter
1155 374 1361 445 ﬂagito
1411 377 1478 428 ut
1528 387 1635 444 per
1681 369 1887 426 omnia
1916 380 2155 422 conser-

505 474 640 535 vet;
672 472 730 523 et
756 467 804 522 si
847 467 982 540 quis
1011 464 1178 521 aliter
1208 479 1281 519 ex
1309 461 1403 516 his
1433 476 1570 532 quae
1618 458 1715 514 hic
1767 457 1987 512 inserta
2017 455 2159 508 sunt

505 556 699 612 facere
735 554 1008 620 voluerit,
1042 549 1316 622 supplico
1359 553 1427 604 ut
1472 563 1612 603 eum
1665 545 1940 615 corrigat,
1968 546 2026 598 et
2070 541 2156 596 eis

504 660 661 716 quos
707 643 786 700 ad
827 644 941 697 hoc
992 637 1404 712 peragendum
1448 636 1523 691 de
1552 634 1797 691 nomine
1838 647 2000 700 vero,
2033 630 2156 686 sive

505 731 727 804 quibus
755 731 870 784 hoc
898 725 1204 795 negotium
1226 724 1622 781 commissum
1653 721 1845 788 fuerit,
1864 719 2155 776 auxilium

506 835 613 891 per
634 818 838 874 omnia
861 818 1116 886 praestet,
1137 819 1200 869 ut
1219 813 1347 868 haec
1369 813 1599 885 absque
1619 811 1742 866 ullo
1762 807 2157 881 impedimen-

506 912 564 962 to
609 903 892 976 perﬁcere
928 906 1173 974 queant.
1205 901 1261 958 Si
1315 907 1537 970 autem,
1564 899 1732 972 quod
1783 898 1957 959 absit,
1986 896 2154 951 aliter

504 991 722 1061 fecerit,
767 995 904 1047 ante
949 989 1213 1045 tribunal
1261 989 1494 1044 Domini
1537 987 1727 1044 nostri
1767 989 1904 1042 Jesu
1941 983 2152 1040 Christi

507 1079 968 1136 tremebundam
1007 1094 1082 1132 ex
1137 1079 1252 1133 hoc
1307 1077 1520 1132 reddat
1569 1075 1880 1132 rationem.
1924 1072 2151 1129 Obnixe

502 1184 746 1242 quoque
798 1167 1086 1239 deprecor
1134 1170 1409 1221 sanctum
1467 1178 1876 1220 successorem
1923 1176 2150 1228 meum,

503 1271 954 1330 quemcumque
986 1255 1270 1310 Dominus
1291 1253 1415 1309 fore
1442 1253 1716 1316 voluerit,
1744 1256 1802 1307 et
1828 1266 2040 1307 omnes
2061 1264 2154 1304 sa-

505 1344 774 1400 cerdotes
798 1349 923 1399 tam
953 1343 1285 1398 monachos
1326 1357 1513 1414 quam
1553 1345 1609 1396 et
1653 1338 1997 1406 canonicos,
2030 1337 2154 1392 sive

505 1438 752 1489 cunctos
773 1432 1016 1488 clericos
1041 1436 1097 1486 et
1123 1431 1306 1487 Iaicos
1328 1431 1390 1486 in
1410 1433 1616 1486 nostra
1640 1427 1882 1484 dioecesi
1903 1431 1960 1482 et
1980 1441 2156 1498 paro-

505 1523 642 1577 chia
671 1524 1126 1576 commanentes
1156 1525 1210 1575 et
1241 1523 1688 1588 conversantes,
1708 1521 1774 1572 ut
1801 1517 1863 1571 in
1889 1514 2158 1571 anniver-

2265 364 2396 416 tum
2426 367 2517 418 est
2546 380 2932 439 summopere
2961 366 3348 440 deprecando
3371 369 3500 426 ﬁeri
3524 371 3679 441 jussi
3699 379 3759 430 et
3788 391 3929 448 pos-

2264 449 2449 506 tulavi
2467 468 2480 519 ;
2499 455 2557 507 et
2580 453 2629 508 si
2649 454 2785 527 quis
2814 455 3003 521 aliter,
3030 456 3091 511 in
3115 462 3416 529 quantum
3442 459 3701 517 facultas
3727 463 3924 536 fuerit,

2263 542 2370 594 aut
2395 539 2656 597 deterius
2676 542 2751 599 de
2771 545 3137 617 praescriptis
3152 546 3334 602 rebus
3356 549 3735 623 Dominoque
3756 553 3928 610 obla-

2261 625 2335 681 tis
2363 627 2441 682 ad
2470 629 2722 701 praeﬁxa
2740 634 3095 704 peragenda
3119 635 3323 705 egerit,
3357 640 3496 692 ante
3527 638 3790 697 tribunal
3814 643 3926 699 Do-

2263 714 2401 770 mini
2430 719 2614 774 nostri
2643 721 2786 776 Jesu
2817 721 3029 777 Christi
3055 721 3130 778 de
3161 739 3276 778 sua
3305 727 3776 799 praesumptione
3809 736 3923 788 tre-

2259 804 2635 863 mebundam
2655 807 2918 866 deducat
2936 809 3253 867 rationem.
3277 811 3506 869 Obnixe
3526 830 3774 888 quoque
3795 835 3924 875 om-

2259 905 2367 946 nes
2395 909 2628 966 precor,
2655 901 2721 952 ut
2749 897 2942 955 taliter
2972 914 3047 954 ex
3075 899 3362 956 omnibus
3394 901 3457 956 in
3506 901 3622 958 hac
3648 905 3929 963 chartula

2258 983 2608 1056 conscriptis
2657 990 2846 1056 agant
2894 987 3153 1060 qualiter
3197 988 3259 1044 in
3302 995 3632 1063 conspectu
3685 992 3925 1051 Domini

2258 1069 2426 1140 quod
2456 1071 2632 1144 absit,
2661 1081 2718 1130 et
2748 1076 2928 1131 vitam
2959 1081 3266 1146 (sternam,
3301 1078 3555 1134 Domino
3595 1079 3919 1152 tribuente,

2260 1173 2384 1215 una
2407 1176 2547 1216 cum
2578 1163 2799 1219 sanctis
2847 1169 2906 1220 et
2945 1163 3146 1222 electis
3176 1165 3276 1221 Dei
3301 1166 3524 1223 habere
3549 1175 3920 1227 mereantur.

2259 1251 2471 1304 Amen.

2974 1344 3191 1398 XXXIV.

2263 1424 2549 1506 Sequitur
2576 1429 2887 1506 exemplar
2908 1432 3196 1500 praecepti
3221 1431 3430 1506 damni
3457 1433 3748 1506 Ludovici
3769 1438 3920 1506 piis-

2333 1497 2763 1576 simi_Augusti
2797 1497 2980 1576 super
2996 1497 3419 1576 praescriptam
3460 1497 3919 1576 descriptiénem

2335 1566 2407 1646 de
2433 1566 2808 1646 ciceraesyna
2837 1566 3076 1646 Aldrici
3093 1566 3354 1646 episcopi
3381 1589 3566 1633 causa
3610 1566 3919 1646 ﬁrmitatis

508 1610 665 1666 saria
696 1609 893 1666 obitus
920 1609 1038 1665 mei
1066 1625 1173 1682 per
1203 1607 1469 1677 singulos
1491 1621 1684 1662 annos
1714 1605 2026 1675 diligenter
2039 1607 2156 1658 tra-
2184 1622 2229 1680 Β
2335 1605 2404 1692 ξίν

507 1704 664 1755 ctent
695 1703 753 1755 et
775 1697 1030 1754 ﬁdeliter
1047 1697 1110 1753 in
1133 1697 1216 1752 eis
1243 1712 1354 1769 pro
1377 1711 1473 1752 me
1493 1711 1601 1752 ora
1629 1693 1911 1751 studeant
1934 1696 1992 1748 et
2009 1690 2156 1761 vigi-

504 1787 616 1843 lias
663 1792 720 1844 et
761 1787 976 1844 missas
1024 1785 1237 1842 devote
1279 1784 1619 1855 decantent,
1645 1785 1730 1853 ut,
1762 1781 2014 1838 Domino
2053 1795 2159 1836 an-

505 1880 746 1942 nuente,
759 1875 1176 1931 remissionem
1191 1873 1463 1930 omnium
1478 1875 1862 1945 peccatorum
1878 1885 2155 1925 meorum

506 1968 563 2020 et
591 1963 1027 2032 indulgentiam
1058 1960 1520 2018 misericorditer
1547 1960 1849 2033 percipere
1897 1972 2150 2022 merear,

505 2057 563 2108 et
609 2051 795 2107 vitam
850 2051 1094 2123 insuper
1146 2050 1368 2106 habere
1420 2048 1845 2121 sempiternam
1898 2045 2152 2101 valeam.

503 2145 713 2196 Amen.
736 2143 946 2196 Precor
965 2138 1143 2194 etiam
1165 2138 1479 2194 dominum
1513 2150 1918 2192 successorem
1949 2149 2154 2188 meum

503 2244 610 2300 per
628 2227 948 2283 Dominum
971 2227 1466 2298 omnipotentem,
1481 2230 1846 2296 cunctosque
1867 2223 2077 2278 fratres
2096 2224 2157 2276 et

504 2315 961 2372 consacerdotes
989 2320 1227 2372 nostros
1254 2319 1573 2380 contestor,
1603 2318 1900 2386 quatenus
1930 2310 1982 2366 ei
2011 2308 2154 2364 ﬁde-

501 2404 634 2460 liter
665 2404 960 2460 suadeant
990 2408 1054 2459 ut
1079 2405 1127 2459 si
1157 2403 1409 2458 facultas
1434 2401 1790 2475 permiserit,
1821 2403 1878 2455 et
1910 2398 1990 2453 illi
2021 2397 2152 2469 pla-

504 2493 708 2561 cuerit,
738 2509 846 2564 per
876 2491 1145 2561 singulos
1174 2507 1367 2547 annos
1414 2491 1475 2545 in
1505 2491 1600 2545 die
1647 2489 1845 2543 obitus
1875 2487 2152 2542 anniver-

505 2580 646 2636 sarii
673 2580 790 2635 mei
820 2580 894 2634 de
925 2595 1036 2634 suo
1056 2578 1237 2634 faciat
1264 2578 1561 2651 priedictis
1589 2574 1999 2633 sacerdotibus
2029 2579 2152 2629 tam

504 2668 818 2724 monachis
861 2683 1048 2740 quam
1091 2671 1148 2724 et
1189 2667 1490 2722 canonicis
1532 2669 1587 2722 et
1628 2663 1870 2736 reliquis
1926 2662 2152 2718 clericis

504 2761 684 2829 atque
724 2756 1095 2830 pauperibus
1122 2754 1367 2828 plenam
1403 2758 1581 2827 atque
1628 2753 1856 2809 bonam
1883 2750 2150 2808 refectio-

502 2861 666 2901 nem.
691 2847 757 2900 Et
781 2844 829 2900 si
855 2844 936 2899 illi
966 2844 1080 2900 hoc
1107 2843 1350 2912 durum,
1384 2843 1550 2916 quod
1575 2841 1748 2909 absit,
1781 2845 1884 2896 aut
1912 2838 2150 2896 difﬁcile

501 2931 695 3001 fuerit,
730 2938 870 2988 tunc
915 2931 1180 3028 de.villa
1211 2928 1512 2999 Buxarias,
1544 2947 1731 3028 quam
1761 2929 2042 3028 fratribus
2093 2932 2150 2982 et
2177 2968 2223 3028 α

503 3022 808 3078 canonicis
836 3020 1054 3077 nostris
1085 3037 1192 3094 per
1216 3024 1638 3077 testamentum
1667 3019 1913 3074 ﬁrmiter
1947 3033 2146 3072 corro-

499 3110 804 3182 boratum,
832 3115 888 3166 et
916 3126 1022 3183 per
1050 3114 1418 3182 praeceptum
1438 3108 1669 3164 domini
1696 3106 1975 3164 Ludovici
2004 3105 2147 3179 piis-

502 3199 638 3254 simi
667 3199 1046 3272 imperatoris
1072 3197 1493 3254 conﬁrmatum
1515 3201 1728 3270 sponte
1759 3201 1816 3252 et
1840 3193 2150 3251 devotissi-

499 3304 596 3344 me
640 3287 876 3358 tradidi,
919 3293 1100 3359 atque
1151 3286 1572 3358 perpetualiter
1618 3284 2049 3358 possidendam
2092 3287 2149 3339 et

499 3374 928 3448 perfruendam
975 3374 1206 3446 reliqui,
1255 3373 1356 3429 illa
1392 3373 1630 3429 refectio
1680 3390 1816 3445 qua;
1864 3373 2048 3428 modo
2093 3376 2150 3427 et

2641 1729 2816 1800 (Vide
2845 1731 2950 1788 ubi
2982 1747 3187 1806 supra,
3216 1731 3332 1790 col.
3364 1735 3551 1807 I273.)

2981 1838 3183 1894 XXXV.

2261 1919 2594 1990 Exemplar
2635 1923 3031 1982 immunitatis
3079 1927 3318 1984 Sancte
3345 1927 3558 1985 Mariae
3603 1936 3661 1987 et
3703 1932 3923 1990 Sancti

2333 1991 2700 2122 ggzzsaizig
2723 1996 2966 2053 Atdrici
2986 2000 3247 2068 episcopi
3275 1999 3348 2056 de
3373 2004 3730 2058 monasterio
3759 2004 3916 2060 San-

2642 2152 2808 2224 (Vide
2839 2154 2942 2211 ubi
2971 2171 3176 2228 supra,
3208 2155 3322 2215 col.
3355 2158 3531 2231 i273.)

2261 2347 2410 2424 Item
2436 2349 2771 2424 exemplar_
2793 2353 3079 2421 praecepti
3101 2352 3308 2407 damni
3327 2353 3619 2410 Ludovici
3651 2356 3917 2424 piissimi

2331 2420 2709 2497 imperatoris
2730 2420 2804 2497 de
2829 2425 3186 2497 monasterio
3215 2420 3740 2497 Anisoleldrico
3765 2431 3912 2497 epis-

2332 2504 2476 2558 copo
2505 2496 2561 2546 et
2580 2492 2840 2564 ecclesias
2875 2493 2988 2548 sibi
3028 2496 3346 2549 commissae
3375 2492 3912 2564 imperialiter'ac-

2333 2565 2479 2629 tum,
2509 2563 2751 2631 quando
2774 2564 3104 2632 praedictus
3134 2566 3387 2620 domnus
3414 2563 3752 2624 Ludovicus
3802 2571 3911 2626 im-

2322 2637 2578 2706 perator
2606 2633 2766 2706 illud
2793 2636 3078 2691 canonice
3125 2641 3303 2706 atque
3334 2637 3613 2706 legaliter
3650 2641 3912 2696 reddidit

2331 2703 2587 2758 ecclesiae
2613 2702 2850 2760 Sanctae
2877 2707 3089 2762 Mariae
3127 2702 3215 2762 et‘
3233 2702 3446 2763 Sancti
3472 2710 3762 2773 Gervasii.
3794 2727 3912 2768 me-

2329 2779 2560 2828 morato
2571 2773 2621 2828 A
2631 2774 2822 2831 ldrico
2840 2778 3100 2846 ejusdem
3118 2779 3330 2834 matris
3343 2780 3606 2838 ecclesiae
3618 2784 3906 2852 episcopo.

2635 2862 2800 2930 (Vide
2831 2864 2936 2920 ubi
2964 2881 3166 2939 supra,
3199 2867 3309 2922 col.
3347 2868 3530 2941 1275.)

2962 2973 3202 3028 XXXVII.

2256 3053 2593 3132 Exemplar
2615 3060 2908 3132 praecepti
2922 3060 3129 3116 domni
3152 3061 3438 3118 Ludovici
3453 3064 3706 3132 piissimi
3728 3066 3910 3132 impe-

2330 3128 2550 3208 ratoris
2591 3128 2684 3208 de_
2718 3137 2954 3187 moneta
2994 3132 3253 3208 Aldrico
3289 3128 3691 3190 Centum/lica?
3734 3128 3903 3188 urbis

2330 3202 2600 3268 episcopo
2626 3202 2873 3272 ejusque
2899 3205 3336 3260 successoribus
3361 3219 3646 3262 concessa.

2633 3287 2797 3358 (Vide
2828 3289 2932 3346 ubi
2961 3306 3164 3365 supra,
3198 3291 3309 3348 col.
3348 3292 3526 3358 1276.)

501 3438 654 3517 sicut
691 3461 874 3516 modo
902 3438 1276 3532 praeparatur
1305 3464 1363 3515 et
1391 3460 1586 3529 agitur
1613 3459 1674 3514 in
1698 3438 1815 3514 -die
1845 3459 2062 3514 natalis
2091 3463 2150 3514 et

2278 3479 2403 3536 ’tem
2434 3483 2744 3551 exemplar
2766 3483 3054 3550 prxcepti
3078 3483 3474 3537 immanitatis
3512 3485 3746 3539 domini
3784 3486 3906 3540 Lu-

499 3547 890 3606 ordinationis
921 3564 1091 3617 mete,
1122 3562 1334 3619 precor
1375 3551 1441 3602 ut
1477 3550 1855 3602 convertatur
1880 3546 2147 3602 funditus

498 3637 561 3693 in
591 3637 686 3692 die
731 3635 928 3692 obitus
958 3641 1015 3691 et
1065 3634 1454 3692 anniversarii
1481 3634 1618 3702 mei,
1647 3638 1704 3689 et
1733 3635 1882 3690 sicut
1904 3634 1966 3690 in
1991 3651 2144 3706 prie-

497 3725 658 3781 dicto
697 3728 1049 3780 testamento
1076 3722 1409 3779 continetur
1432 3739 1539 3795 per
1567 3722 1773 3778 omnia
1800 3723 1880 3778 ita
1909 3727 2143 3793 agatur,

498 3817 556 3869 et
583 3811 735 3868 sicut
764 3812 826 3867 in
855 3827 926 3868 eo
957 3812 1244 3884 scriptum
1273 3815 1362 3866 est
1388 3810 1769 3867 devotissime
1790 3815 1847 3866 et
1875 3809 2146 3866 ﬁdelissi-

497 3919 594 3958 me
641 3901 1002 3975 perﬁciatur,
1050 3905 1113 3957 ut
1158 3899 1539 3955 refectionem
1569 3905 1624 3956 et
1671 3899 2146 3956 consolationem

495 3990 766 4046 habeant
792 3991 854 4044 in
879 3989 982 4044 illa
1009 3989 1105 4044 die
1136 3992 1258 4044 tam
1292 3988 1632 4044 sacerdotes
1662 3994 1718 4044 et
1743 3988 1935 4044 clerici
1953 4004 2144 4060 quam

496 4081 554 4133 et
580 4093 878 4149 pauperes
915 4081 972 4132 et
1013 4077 1344 4148 indigentes
1390 4076 1492 4148 qui
1525 4093 1635 4148 pro
1681 4092 1777 4132 me
1807 4076 2142 4132 miserrimo

495 4170 810 4238 peccatore
837 4165 1159 4235 oraverint,
1194 4169 1258 4220 ut
1281 4181 1490 4220 omnes
1519 4165 1737 4222 devota
1768 4171 1964 4221 mente
1995 4165 2143 4220 inibi

494 4254 765 4325 requiem
813 4257 1101 4310 aeternam
1129 4253 1352 4310 habere
1383 4259 1626 4310 exorent
1657 4255 2016 4328 suppliciter.
2045 4258 2139 4309 In-

495 4359 676 4414 super
705 4341 976 4414 supplico
1004 4341 1357 4414 prsedictum
1384 4359 1790 4399 successorem
1842 4359 2045 4399 meum
2077 4349 2141 4400 ut
2166 4317 2212 4373 θ

494 4430 811 4502 praefatum
855 4434 1277 4486 testamentum
1307 4447 1512 4486 meum
1555 4431 1722 4504 quod
1771 4432 1846 4488 de
1893 4432 2142 4505 praeﬁxa

493 4518 633 4575 villa
679 4518 967 4575 Buxarias
996 4519 1127 4590 feci,
1179 4519 1462 4576 fratribus
1495 4525 1550 4576 et
1591 4521 1898 4576 canonicis
1923 4521 2140 4576 nostris

492 4624 600 4682 per
627 4609 833 4665 omnia
859 4613 1190 4678 conservet,
1224 4612 1280 4663 et
1309 4608 1462 4664 sicut
1490 4608 1552 4664 in
1595 4625 1664 4664 eo
1693 4610 2026 4665 continetur
2054 4609 2142 4664 in-

494 4703 719 4755 sertum
740 4699 814 4755 de
840 4697 1109 4773 quinque
1135 4696 1554 4753 refectionibus
1576 4712 1782 4752 eorum
1800 4702 1857 4752 et
1884 4698 2140 4754 aliorum

491 4788 872 4842 sacerdotum
905 4803 974 4843 ac
1003 4786 1354 4842 clericorum
1403 4791 1582 4858 atque
1631 4801 1971 4857 pauperum
2019 4786 2139 4842 dili-

491 4878 696 4942 genter
747 4875 1072 4946 adimplere
1117 4876 1312 4939 faciat,
1340 4879 1404 4931 ut
1448 4891 1659 4931 omnes
1711 4891 1816 4947 per
1866 4875 2138 4946 singulas

489 4958 834 5016 festivitates
882 4968 1126 5017 exorent
1167 4968 1223 5018 et
1268 4965 1511 5020 dicant:
1549 4965 1820 5028 Aldrico,
1874 4967 2137 5033 Domine,

482 5049 762 5117 pontiﬁci
778 5056 980 5104 nostro
1010 5049 1090 5104 da
1112 5051 1370 5120 requiem
1400 5059 1687 5109 aeternam
1710 5060 1763 5108 et
1795 5055 1974 5108 vitam
1994 5068 2140 5108 sem-

485 5138 808 5206 piternam.
841 5138 1049 5193 Amen.
1083 5140 1160 5192 De
1186 5137 1317 5208 jam
1347 5138 1516 5196 dictis
1545 5156 1688 5211 ergo
1719 5141 1899 5196 rebus
1956 5155 2135 5195 nemo

489 5223 718 5296 aliquid
749 5242 952 5280 meum
977 5230 1144 5298 putet
1161 5241 1292 5282 esse
1323 5227 1436 5284 nisi
1466 5229 1545 5285 ad
1576 5225 2058 5284 amelioranduin
2080 5231 2137 5282 et

486 5314 776 5370 canonice
806 5314 1309 5388 dispensandum,
1331 5318 1624 5390 quoniam
1645 5316 1899 5373 Domino
1929 5313 2137 5370 omnia

484 5417 621 5473 quas
653 5402 714 5458 in
741 5403 856 5459 hac
887 5404 1161 5460 chartula
1187 5411 1528 5462 memorata
1546 5410 1603 5461 et
1629 5402 1970 5480 conscripta
1997 5405 2136 5457 sunt

401 5543 406 5546 .
484 5505 591 5562 per
637 5491 751 5547 hoc
791 5497 1214 5550 testamentum
1265 5510 1530 5568 prmsens
1577 5491 1770 5548 taliter
1818 5489 2034 5544 tradidi
2078 5494 2135 5547 et

486 5578 565 5634 ad
593 5579 875 5652 praedicta
904 5581 1205 5655 explenda
1229 5588 1288 5639 et
1313 5579 1665 5654 peragenda
1691 5577 1939 5634 ﬁrmiter
1967 5577 2128 5637 dele-

2325 3552 2521 3608 dovici
2551 3554 2926 3622 imperatoris
2957 3553 3028 3608 de
3055 3553 3267 3608 Sancti
3321 3552 3638 3622 Carilephi
3661 3569 3907 3612 monas-

2328 3625 2474 3679 terio
2504 3624 2576 3680 de
2595 3625 2846 3680 Aldrico
2873 3625 3140 3694 episcopo
3171 3624 3578 3693 impetratum.

2631 3713 2797 3784 (Vide
2826 3712 2930 3769 ubi
2960 3728 3163 3785 supra,
3191 3711 3304 3768 col.
3341 3715 3524 3785 1278.)

2963 3819 3178 3876 XXXIX.

2253 3908 2401 3962 Item
2431 3908 2740 3977 exemplar
2760 3911 3050 3978 praecepti
3073 3909 3279 3964 damni
3315 3909 3603 3965 Ludovici
3642 3911 3905 3978 piissimi

2325 3980 2701 4052 imperatoris
2733 3979 2804 4033 de
2835 3981 2983 4035 villa
3012 3981 3331 4050 Lugduno,
3363 3981 3523 4052 quod
3562 3981 3706 4051 fecit
3751 3997 3904 4050 prae-

2324 4051 2518 4106 dictus
2569 4051 2898 4119 imperator
2948 4051 3616 4108 Cenomanicx’matris
3644 4053 3902 4109 ecclesias

2323 4127 2378 4177 et
2405 4121 2657 4177 Aldrico
2687 4122 2949 4190 ejusdem
2981 4123 3244 4180 ecclesia
3269 4124 3559 4192 episcopo.

2625 4209 2789 4280 (Vide
2817 4209 2918 4265 ubi
2950 4227 3154 4283 supra,
3187 4211 3298 4267 col.
3338 4211 3514 4283 i279.)

3018 4317 3137 4372 XL.

2249 4407 2331 4462 De
2355 4404 2726 4461 dedicatione
2749 4405 2996 4460 senioris
3013 4406 3229 4462 altaris
3245 4406 3510 4462 Anisolx
3531 4405 3894 4462 monasterii.

2319 4523 2493 4577 Anno
2536 4519 2964 4576 incarnationis
3009 4521 3244 4576 Domini
3291 4521 3477 4578 nostri
3505 4524 3646 4577 Jesu
3689 4520 3902 4578 Christi

2249 4613 2374 4678 838,
2422 4609 2746 4666 indictione
2789 4625 2931 4666 vero
2981 4610 3200 4681 prima,
3242 4626 3403 4666 anno
3447 4609 3746 4682 siquidem
3785 4626 3900 4664 xxv

2247 4697 2480 4768 imperii
2544 4696 2753 4753 domui
2823 4697 3104 4753 Ludovici
3178 4698 3430 4771 piissimi
3494 4697 3891 4770 imperatoris,

2251 4801 2412 4841 anno
2435 4791 2601 4842 sexto
2631 4786 3025 4842 ordinationis
3047 4787 3264 4842 Aldrici
3283 4787 3695 4843 Cenomanicae
3729 4783 3896 4840 urbis

2248 4874 2534 4947 episcopi,
2589 4875 2799 4948 quinto
2870 4890 3114 4947 quoque
3166 4875 3382 4932 Iduum
3438 4875 3719 4933 Maiarum
3773 4871 3894 4940 die,

2250 4963 2595 5020 solemniter
2645 4965 2848 5020 senius
2895 4963 3237 5020 dedicatum
3291 4969 3379 5020 est
3411 4964 3593 5021 altare
3637 4961 3896 5017 senioris

2246 5053 2508 5108 ecclesiae
2553 5051 2908 5109 monasterii
2951 5052 3212 5108 Anisolae
3245 5068 3282 5108 a
3311 5053 3558 5125 praeﬁxo
3609 5051 3900 5124 episcopo

2246 5140 2484 5195 Aldrico
2526 5140 2587 5194 in
2633 5141 2862 5195 honore
2911 5141 3147 5195 Domini
3197 5141 3522 5198 Salvatoris
3567 5146 3624 5197 et
3673 5143 3898 5197 sanctas

2244 5227 2514 5297 ejusdem
2569 5227 2670 5282 Dei
2716 5227 3016 5297 genitricis
3068 5227 3260 5283 Marias
3312 5231 3624 5303 sanctique
3672 5228 3900 5288 Martini

2243 5313 2606 5370 confessoris
2676 5314 2982 5386 praecipui.
3045 5315 3111 5368 In
3159 5316 3408 5386 praeﬁxo
3481 5335 3625 5389 ergo
3680 5318 3898 5373 Iduum

2241 5402 2336 5458 die
2392 5419 2532 5458 cum
2604 5402 2920 5475 psallentio
2977 5409 3297 5476 susceptus
3355 5411 3447 5463 est
3501 5407 3632 5477 jam
3697 5405 3896 5462 dictus

2240 5490 2512 5546 Aldricus
2569 5490 2910 5562 episcopus,
2972 5491 3169 5564 primo
3217 5499 3543 5566 postquam
3595 5495 3649 5551 ei
3692 5493 3896 5552 reddi-

2239 5581 2370 5635 tum
2393 5577 2502 5636 fuit
2525 5583 2930 5636 memoratum
2959 5580 3218 5640 Anisolee
3247 5582 3685 5640 monasterium
3717 5600 3754 5639 a
3783 5583 3895 5639 do-
