4160 6182
220 207 289 260 73
1853 194 2034 251 νιτΑ.
3572 198 3642 253 ’71

218 340 360 381 mno
389 322 701 380 Ludovico
739 324 1114 398 imperatore.
1149 341 1186 380 a
1215 324 1530 381 monachis
1557 327 1614 380 et
1635 320 1878 394 reliquis

216 414 519 470 nobilibus
537 413 897 469 hominibus
915 414 973 468 in
997 414 1133 486 ipso
1158 413 1549 481 monasterio;
1574 412 1667 469 cui
1687 408 1878 466 Domi-

217 517 330 558 nus
359 502 644 574 precibus
672 502 1095 575 praedictorum
1126 507 1183 558 et
1228 502 1501 559 omnium
1534 505 1879 557 sanctorum

219 598 513 648 aeternam
541 591 762 648 tribuat
790 591 996 647 vitam.
1026 597 1239 648 Amen.

293 680 539 747 Praesul,
564 697 697 751 ave,
722 684 946 747 noster,
975 681 1171 737 cuncti
1202 685 1279 751 te,
1293 680 1548 746 Allrice,
1570 694 1879 749 rogamus,

370 773 529 826 Nunc
558 770 718 827 altus
736 768 1040 837 dominus,
1069 786 1231 827 nunc
1259 770 1625 841 humilisque
1654 771 1843 840 pater.

306 860 384 914 En
414 863 511 914 tua
543 858 713 914 fama
747 857 901 914 sacri
934 857 1189 928 vulgaris
1218 857 1519 931 praeconia
1544 856 1701 922 facti,

365 946 672 1003 Gallorum
705 946 901 1003 celsas
938 946 1100 1003 venit
1123 946 1203 1003 ad
1228 962 1423 1018 usque
1443 945 1680 1001 domos.

300 1036 410 1102 Qui
438 1042 531 1093 est
547 1037 650 1110 pia
669 1053 809 1109 spes
832 1035 1061 1108 patria),
1080 1035 1348 1092 solamen
1364 1041 1422 1091 et
1439 1035 1667 1108 optima
1680 1032 1884 1100 virtus,

366 1128 469 1181 Ast
495 1142 715 1182 murus
742 1124 912 1181 fortis
938 1129 994 1180 et
1022 1124 1271 1198 clypeus
1298 1124 1554 1180 validus.

955 1214 1161 1269 XLbis

230 1305 309 1360 De
357 1302 745 1373 hospitalium
784 1304 1207 1373 constitutione
1232 1309 1287 1358 et
1336 1303 1697 1371 receptione,
1728 1305 1782 1355 et
1816 1299 1889 1373 de

304 1390 404 1431 sea:
432 1370 779 1431 sanctorum
817 1372 1164 1442 corporibus
1192 1375 1257 1429 in
1285 1375 1425 1429 sinu
1466 1370 1677 1428 matris
1706 1370 1886 1442 ecete-

310 1446 406 1501 siaz
436 1445 649 1501 delatis
670 1452 723 1502 et
749 1441 1077 1511 collocatis,
1109 1461 1363 1516 quorum
1391 1448 1634 1500 nomina
1665 1443 1760 1516 hic
1785 1441 1886 1497 ha-

324 1518 528 1571 bentur
554 1518 811 1585 inserla;
841 1522 894 1572 et
921 1516 994 1571 de
1019 1513 1329 1572 duodecim
1360 1516 1544 1585 signis
1598 1516 1660 1569 in
1699 1513 1891 1585 clera-

329 1587 430 1640 riis
456 1588 664 1642 matris
708 1583 957 1643 ecetesiae
986 1586 1315 1653 collocatis,
1344 1583 1456 1656 per
1481 1585 1753 1654 singulas
1781 1583 1887 1638 ho-

330 1670 426 1711 ras
447 1656 762 1725 reboandzs,
794 1664 847 1713 et
894 1657 968 1714 de
1010 1659 1453 1714 consecratione
1479 1658 1889 1725 episcoporum

323 1733 378 1799 et
389 1727 749 1799 sacerdotum
774 1745 809 1783 α
821 1744 854 1784 c
869 1729 1241 1799 reliquorum
1257 1728 1558 1799 graduum
1578 1727 1701 1799 sive
1719 1740 1889 1799 sanc-

238 1832 250 1838 -
313 1797 723 1870 ίῂποηιὶιιίαπι,
746 1806 926 1870 atque
964 1796 1039 1856 de
1068 1796 1625 1856 commemoratione
1654 1796 1890 1852 dedica-

306 1867 527 1924 tionum
548 1867 962 1926 ecclesiarum.

295 1994 656 2050 Memoratus
686 1994 866 2063 igitur
889 1994 1161 2050 Aldricus
1182 1995 1511 2066 episcopus
1556 1992 1617 2048 in
1638 1990 1891 2065 praefata

227 2082 632 2139 Cenomanica
678 2082 828 2137 urbe
879 2082 1002 2139 duo
1050 2082 1373 2155 hospitalia
1404 2082 1594 2138 facere
1643 2079 1886 2135 studuit.

226 2170 412 2225 Unum
441 2170 645 2243 idque
656 2171 831 2241 juxta
856 2170 1168 2243 praefatam
1195 2170 1661 2227 Cenomanicam
1683 2168 1890 2224 urbem

221 2274 401 2331 super
437 2258 713 2314 fluvium
737 2259 957 2314 Sarthte
989 2275 1024 2315 a
1050 2258 1254 2314 radice
1278 2258 1475 2330 pontis
1526 2260 1753 2314 Sanctre
1778 2258 1892 2313 Ma-

224 2347 320 2403 riae
353 2350 630 2419 propter
660 2345 1095 2403 abundantiam
1116 2362 1416 2419 aquarum
1448 2350 1506 2401 et
1538 2361 1891 2418 pascuorum

223 2439 591 2491 construere
624 2435 891 2494 certavit.
920 2435 999 2491 ad
1029 2435 1427 2507 receptionem
1451 2434 1721 2491 videlicet
1748 2434 1893 2507 epis-

217 2540 515 2597 coporum
551 2526 614 2578 et
654 2523 946 2578 comitum
974 2528 1157 2595 atque
1189 2524 1473 2579 abbatum
1501 2523 1622 2579 sive
1650 2527 1889 2578 cuncto-

224 2629 350 2668 rum
383 2611 886 2677 adventantium,
918 2611 978 2665 in
1005 2626 1130 2682 quo
1152 2611 1531 2667 etecclesiam
1560 2613 1891 2667 construxit

219 2718 403 2775 quam
431 2706 493 2758 et
516 2701 585 2757 in
614 2700 846 2756 honore
878 2700 1071 2756 sancti
1100 2700 1383 2772 Stephani
1413 2700 1755 2757 solemniter
1785 2701 1889 2757 de-

230 2790 469 2857 dicavit,
503 2794 566 2847 et
619 2788 738 2845 alia
768 2788 1026 2845 aediﬁcia
1085 2789 1164 2844 ad
1213 2789 1563 2861 praedictum
1621 2806 1776 2863 Opus
1807 2789 1889 2860 fa,

227 2879 511 2936 ciendum
537 2877 970 2935 rationabiliter
997 2881 1055 2934 et
1084 2878 1330 2935 miriﬁce
1359 2879 1888 2952 ordinabiliterque

232 2968 566 3024 construxit
608 2973 664 3024 et
717 2967 1040 3040 disposuit.
1095 2967 1358 3024 Alterum
1410 2984 1553 3039 ergo
1592 2969 1893 3042 hospitale

227 3057 400 3129 juxta
429 3062 682 3114 matrem
703 3063 759 3113 et
780 3057 1033 3113 senioris
1057 3057 1309 3114 civitatis
1329 3057 1550 3115 scilicet
1572 3058 1894 3115 ecclesiam

230 3146 387 3203 infra
416 3146 630 3202 urbem
655 3147 1005 3215 construxit,
1024 3147 1088 3203 in
1110 3163 1234 3219 quo
1260 3163 1558 3220 pauperes
1588 3152 1644 3203 et
1668 3147 1896 3203 debiles

248 3235 396 3290 caeci
426 3249 499 3288 ac
522 3234 734 3301 claudi,
752 3236 871 3290 sive
900 3235 1153 3291 aliarum
1183 3235 1549 3292 debilitatem
1576 3237 1816 3292 subnixi
1842 3244 1899 3296 et

253 3319 599 3388 indigentes
640 3322 807 3374 multi
829 3323 1240 3394 reciperentur,
1272 3324 1495 3396 quibus
1537 3324 1818 3380 alimenta
1843 3330 1898 3381 et

260 3406 558 3462 lectorum
598 3412 912 3465 stramenta
936 3411 1288 3470 sufﬁcienter
1324 3416 1383 3468 et
1410 3412 1662 3469 discrete
1690 3413 1896 3469 minis-

268 3499 563 3564 trarentur.
593 3496 840 3554 Praaﬁxa
873 3515 1111 3573 quoque
1140 3501 1402 3574 hospitia
1426 3502 1557 3572 jam
1585 3502 1779 3558 dictus
1799 3503 1897 3558 ΑΙ-

264 3583 460 3640 dricus
497 3586 845 3643 venerabilis
872 3589 1190 3662 episcOpus
1221 3590 1297 3645 de
1337 3590 1519 3646 rebus
1566 3609 1689 3647 suae
1736 3592 1898 3647 sedis

250 3673 509 3730 ecclesia:
532 3675 812 3732 nobiliter
834 3676 1081 3748 dotavit,
1112 3682 1170 3734 et
1196 3678 1429 3735 villulas
1456 3696 1563 3735 seu
1606 3680 1894 3750 decimas,

253 3763 412 3819 sicut
434 3763 492 3820 in
516 3766 880 3822 testamentis
908 3766 984 3822 de
1010 3766 1082 3823 iis
1102 3767 1272 3824 factis
1301 3768 1678 3826 continentur
1714 3769 1896 3828 inser-

281 3869 405 3923 um,
456 3867 569 3911 una
596 3870 739 3912 cum
769 3871 1071 3913 consensu
1100 3857 1522 3930 episcoporum
1570 3859 1896 3916 multorum

240 3949 295 4000 et
320 3958 569 4001 suorum
598 3945 1100 4002 consacerdotum
1121 3946 1199 4003 ad
1219 3953 1553 4005 memorata
1571 3948 1897 4021 hospitalia

232 4035 288 4089 et
313 4031 393 4089 ad
419 4048 566 4089 usus
591 4032 899 4107 hospitum
930 4051 1001 4092 ac
1026 4036 1482 4107 peregrinorum
1525 4042 1707 4110 atque
1736 4053 1895 4111 pau-

230 4137 446 4196 perum
476 4121 602 4178 sive
656 4122 1073 4197 relinquorum
1107 4124 1566 4183 adventantium
1605 4128 1896 4185 canonice

227 4210 781 4285 rationabiliterque
811 4213 1192 4285 contradidit,
1221 4219 1279 4270 et
1307 4222 1414 4287 per
1440 4220 1795 4273 testamenta
1815 4218 1895 4274 ab

1988 316 2169 373 etiam
2198 317 2415 373 sanctae
2436 315 2607 372 Julia;
2628 315 2867 373 fratrem
2892 314 3163 372 nonnulli
3182 331 3310 371 esse
3332 317 3622 377 testantur

1986 410 2167 477 atque
2194 410 2414 461 sanctae
2443 404 2764 461 Tevestine:
2786 403 3102 477 praecipuas
3128 403 3395 475 virginis,
3424 421 3560 478 quae
3584 410 3645 462 et

1986 493 2483 549 monasteriolum
2513 498 2736 549 sancta:
2766 492 2956 550 Marias
2996 492 3059 548 in
3081 491 3261 548 rebus
3288 493 3536 549 senioris
3554 509 3646 550 ec-

1987 581 2177 637 clesiae
2202 596 2326 637 una
2351 597 2490 637 cum
2520 580 3011 652 adjutoriosancti
3030 581 3363 637 Innocentis
3383 582 3644 655 praeﬁxas

1988 669 2151 725 urbis
2182 669 2448 741 episcopi
2477 670 2837 738 construxit;
2868 668 2971 725 sed
2999 673 3055 724 et
3084 674 3301 725 sanctas
3326 671 3644 745 Adae,qum

1987 763 2045 814 et
2095 756 2431 813 Adrehildis
2483 756 2601 812 alio
2670 757 2913 813 nomine
2956 757 3319 829 nominatur,
3368 775 3523 832 quae,
3580 762 3648 816 ut

1986 845 2220 916 legitur,
2251 845 2611 917 deprecante
2638 844 2922 917 praedicto
2954 850 3161 901 sancto
3205 847 3544 916 Innocente,
3570 847 3646 905 de

1991 933 2356 990 monasterio
2381 937 2601 989 sanctae
2632 933 2822 989 Mariae
2853 933 3021 1005 quod
3075 934 3254 991 situm
3286 939 3375 991 est
3409 935 3472 991 in
3499 935 3651 993 urbe

1992 1022 2321 1078 Suessionis
2367 1020 2445 1077 ad
2500 1022 2967 1078 Ccnomanicam
3015 1022 3229 1079 urbem
3258 1024 3442 1094 venit,
3484 1028 3543 1080 et
3568 1023 3653 1080 ibi

1992 1111 2054 1167 in
2102 1110 2392 1167 suburbio
2452 1110 2851 1167 Cenomanico
2882 1109 2943 1165 in
2989 1110 3239 1183 praefato
3285 1112 3652 1169 monasterio

1994 1203 2216 1255 sancta:
2256 1198 2442 1256 Mariae
2468 1197 2740 1269 regulam
2796 1198 2984 1254 sancti
3016 1198 3315 1255 Benedicti
3348 1199 3570 1268 docuit,
3597 1205 3655 1257 et

1994 1304 2130 1345 eam
2163 1286 2309 1344 inibi
2351 1287 2630 1343 decenter
2661 1286 2962 1343 ordinavit
2987 1305 2999 1355 ;
3030 1291 3087 1343 et
3115 1291 3351 1360 partem
3381 1290 3653 1361 corporis

1995 1375 2187 1432 sancti
2242 1375 2454 1431 Liborii
2511 1375 2867 1449 supradictae
2901 1375 3063 1431 urbis
3111 1376 3376 1450 episcopi
3421 1382 3477 1433 et
3514 1393 3655 1433 con-

1995 1463 2238 1521 fessoris
2298 1464 2531 1537 optimi,
2582 1470 2638 1520 et
2707 1464 3037 1521 maximam
3089 1469 3322 1538 partem
3385 1466 3653 1539 corporis

1998 1553 2185 1609 sancti
2221 1551 2537 1608 Haduindi.
2569 1553 2878 1609 Antedicta
2909 1569 3152 1626 quoque
3196 1570 3451 1628 corpora
3478 1570 3652 1611 sanc-

2001 1647 2196 1696 torum
2217 1640 2279 1695 in
2300 1640 2551 1697 ecclesia
2573 1658 2758 1713 quam
2785 1640 3068 1713 prmfatus
3093 1641 3364 1699 Aldricus
3394 1641 3653 1715 prteﬁxaa

2002 1729 2161 1785 urbis
2205 1729 2525 1802 episcopus
2576 1730 2637 1785 in
2684 1730 2912 1785 honore
2967 1730 3199 1786 Domini
3242 1731 3560 1787 Salvatoris
3599 1735 3657 1788 et

1998 1822 2218 1874 sanctae
2250 1818 2521 1888 ejusdem
2552 1817 2653 1873 Dei
2684 1818 2983 1889 genitricis
3030 1819 3223 1875 Mariae
3266 1824 3445 1893 atque
3477 1835 3655 1877 sanc-

1999 1910 2196 1962 torum
2248 1911 2582 1979 martyrum
2637 1906 2895 1963 Gervasii
2927 1911 2985 1963 et
3034 1908 3283 1965 Protasii
3312 1908 3435 1965 sive
3467 1908 3656 1965 sancti

1999 1995 2283 2066 Stephani
2337 1994 2633 2067 simulque
2696 2000 2752 2050 ct
2817 1995 2876 2051 in
2942 1997 3322 2053 veneratione
3378 1998 3655 2054 omnium

1999 2087 2343 2138 sanctorum
2371 2082 2712 2138 solemniter
2740 2084 3133 2154 consecravit,
3162 2089 3217 2140 et
3240 2085 3299 2140 in
3322 2090 3658 2142 memorata

1998 2170 2271 2241 ejusdem
2301 2170 2562 2227 ecclesiae
2597 2171 2848 2226 senioris
2875 2171 3075 2227 altaris
3098 2172 3474 2229 confessione
3502 2190 3656 2246 prte-

1998 2258 2157 2315 dicta
2182 2275 2456 2332 corpora,
2488 2265 2551 2315 ut
2576 2259 2892 2333 praeﬁxum
2923 2264 3029 2330 est,
3062 2259 3404 2315 solemniter
3440 2260 3657 2316 decen-

1999 2353 2204 2420 terque
2234 2356 2291 2404 et
2315 2347 2721 2404 ordinabilitcr
2756 2347 3087 2418 collocavit,
3120 2364 3192 2404 ea
3247 2347 3516 2405 videlicet
3561 2364 3658 2404 ra-

2000 2437 2159 2493 tione
2187 2442 2250 2492 ut
2273 2437 2417 2493 inibi
2444 2436 2640 2493 ofﬁcia
2670 2444 2727 2493 et
2757 2436 3077 2493 luminaria
3108 2442 3165 2493 et
3216 2441 3429 2493 cmtera
3459 2437 3539 2494 ad
3566 2437 3657 2494 di-

2000 2526 2208 2581 vinum
2239 2526 2465 2582 cultum
2492 2531 2547 2581 et
2574 2526 2650 2582 ad
2680 2528 2970 2582 honorem
2993 2531 3336 2583 sanctorum
3362 2527 3659 2601 pertinen-

2002 2614 2081 2671 tia
2104 2614 2357 2687 planiter
2383 2615 2767 2685 haberentur,
2797 2620 2853 2670 et
2882 2615 3271 2687 postmodum
3312 2615 3660 2690 ubicunque

2002 2703 2324 2760 necessitas
2378 2704 2920 2772 construendorum
2974 2705 3313 2779 poposcerit
3362 2711 3660 2762 monaste-

2001 2791 2249 2856 riorum,
2284 2791 2624 2861 singillatim
2654 2793 2900 2865 praeﬁxa
2926 2808 3180 2865 corpora
3204 2794 3265 2849 iu
3288 2810 3659 2867 unoquoque

2001 2882 2369 2938 monasterio
2407 2882 2760 2938 collocaret:
2794 2886 3093 2955 quatenus
3151 2899 3219 2942 ex
3278 2900 3489 2940 eorum
3538 2901 3659 2941 me-

2004 2969 2209 3026 moriis
2263 2975 2320 3025 et
2367 2972 2585 3043 apertis
2634 2971 3158 3027 intercessionibus
3213 2972 3405 3042 magis
3465 2972 3659 3029 cultus

2005 3064 2291 3115 cresceret
2340 3059 2601 3131 divinus,
2633 3064 2688 3116 et
2718 3059 2852 3115 laus
2888 3059 2985 3115 Dei
3029 3060 3091 3115 in
3121 3060 3336 3116 melius
3364 3065 3423 3116 et
3453 3060 3657 3116 multis

2005 3148 2202 3203 modis
2246 3148 2765 3220 multiplicaretur,
2825 3149 2977 3203 sicut
3032 3148 3093 3202 in
3145 3148 3398 3219 posteris
3455 3152 3658 3202 actum

2004 3252 2159 3304 esse,
2210 3235 2463 3291 Domino
2511 3240 2831 3299 annuente,
2868 3233 3176 3312 probatur.
3206 3237 3335 3303 Ipse
3387 3247 3530 3301 ergo
3564 3232 3657 3287 A1-

2006 3323 2206 3378 dricus
2233 3323 2296 3377 in
2320 3321 2569 3394 praefata
2611 3320 2842 3376 seniore
2873 3324 2929 3377 et
2953 3324 3139 3376 matre
3170 3319 3422 3377 ecclesia
3453 3321 3657 3378 civita-

2006 3413 2079 3468 tis
2110 3410 2429 3468 duodecim
2461 3411 2632 3483 sigua
2662 3424 2733 3466 ex
2765 3408 3005 3466 metallo
3049 3410 3276 3483 optimo
3323 3410 3575 3466 fundere
3601 3415 3659 3468 et

2005 3500 2245 3556 ﬁrmare
2277 3498 2520 3571 studuit,
2552 3517 2687 3572 quae
2720 3500 2850 3556 etin
2876 3500 3005 3571 jam
3032 3499 3189 3556 dicta
3222 3500 3453 3557 seniore
3476 3500 3660 3557 eccle-

2007 3589 2096 3647 sia
2133 3590 2409 3647 decenter
2428 3590 2488 3646 in
2521 3590 2787 3647 clocariis
2814 3590 3146 3661 collocavit,
3190 3595 3245 3645 et
3276 3590 3353 3646 ad
3386 3590 3656 3660 singulos

2007 3695 2220 3735 cursus
2249 3679 2597 3735 mirabiliter
2625 3683 2681 3734 et
2706 3679 3050 3735 ordinaliter
3077 3678 3324 3735 reboare
3355 3684 3412 3736 et
3441 3694 3656 3736 sonare

2005 3768 2319 3840 disposuit,
2350 3773 2646 3841 quatenus
2676 3772 2733 3823 et
2768 3783 2873 3839 per
2902 3784 2974 3824 ea
3013 3768 3306 3840 populum
3339 3768 3418 3824 ad
3468 3768 3656 3825 eccle-

2006 3857 2159 3914 siam
2210 3857 2488 3913 decenter
2544 3861 2601 3912 et
2650 3856 2991 3911 solemniter
3046 3860 3416 3921 convocaret,
3476 3861 3534 3912 et
3583 3873 3658 3913 ex

2006 3944 2089 4002 eis
2119 3944 2291 4017 plura
2319 3949 2376 4001 et
2404 3943 2759 4000 multimoda
2790 3943 2924 4000 laus
2950 3943 3181 3998 Domini
3197 3948 3584 4000 exornaretur
3599 3948 3657 4000 et

2006 4037 2383 4101 cresceret,ut
2409 4039 2464 4089 et
2483 4033 2544 4089 in
2564 4032 2859 4105 cymbalis
2888 4032 3043 4089 bene
3067 4033 3425 4089 sonantibus
3456 4031 3655 4090 cuncti

2005 4122 2244 4179 assidue
2303 4122 2623 4179 Dominum
2670 4121 3005 4187 laudarent,
3051 4126 3107 4178 et
3163 4124 3654 4198 quandocunque

2005 4210 2195 4267 dulcis
2207 4227 2416 4267 eorum
2439 4222 2623 4267 sOnus
2638 4212 2698 4267 in
2716 4212 2962 4267 auribus
2980 4210 3342 4285 populorum
3360 4211 3651 4284 reboaret,

230 4299 529 4374 episcopis
562 4304 620 4357 et
650 4301 1063 4359 sacerdotibus
1094 4302 1218 4360 sive
1237 4303 1485 4377 reliquis
1514 4304 1818 4362 nobilibus
1842 4311 1899 4363 et
1933 4293 1973 4346 Ι)
2006 4298 2081 4355 de
2110 4316 2319 4356 eorum
2362 4300 2685 4357 sceleribus
2716 4316 2927 4357 omnes
2966 4299 3439 4369 recordarentur,
3475 4307 3533 4358 et
3546 4318 3656 4375 pro

227 4386 434 4445 liberis
463 4387 820 4445 hominibus
849 4389 1135 4447 roborata
1154 4390 1552 4450 conﬁrmavit.
1589 4393 1899 4467 Pl‘tBSCl‘lp-

230 4481 317 4532 tus
346 4475 584 4550 quippe
607 4476 882 4534 Aldricus
914 4478 1046 4550 jam
1075 4479 1247 4536 dictas
1263 4479 1431 4536 urbis
1456 4480 1776 4555 episcopus
1802 4498 1895 4538 ve-

227 4564 511 4622 nerabilis
543 4564 776 4622 invenit
797 4568 1081 4639 quaedam
1110 4584 1366 4643 corpora
1391 4576 1736 4627 sanctorum
1768 4587 1893 4639 sex,

232 4669 358 4725 quia
381 4653 451 4710 in
473 4652 733 4710 desertis
761 4655 1025 4712 ecclesiis
1056 4657 1231 4714 valde
1258 4657 1477 4714 divinis
1507 4658 1716 4715 ofﬁciis
1737 4664 1794 4716 et
1811 4659 1897 4716 lu-

236 4741 567 4799 minaribus
596 4745 779 4815 atque
806 4743 1053 4817 reliquis
1100 4745 1319 4803 divinis
1351 4745 1610 4804 cultibus
1638 4748 1897 4819 neglige-

236 4826 464 4898 bantnr,
495 4845 638 4904 quae
678 4846 803 4889 una
849 4848 990 4889 cum
1019 4834 1267 4891 consilio
1299 4835 1729 4893 conserdotum
1761 4853 1898 4893 suo-

252 4928 366 4973 rum
390 4919 457 4974 in
477 4919 714 4989 gremio
741 4936 869 4977 suae
884 4921 1044 4977 sedis
1074 4922 1339 4980 ecclesiae
1366 4924 1501 4980 etin
1513 4924 1896 4981 confessione

263 5004 488 5061 senioris
513 5007 792 5079 ejusdem
815 5008 1081 5067 ecclesiae
1111 5011 1312 5068 altaris
1337 5012 1615 5070 decenter
1638 5019 1694 5070 et
1722 5013 1897 5069 ratio-

254 5088 518 5149 nabiliter
569 5095 921 5155 collocavit:
952 5098 1018 5155 id
1068 5104 1158 5157 est
1186 5115 1409 5175 corpus
1459 5102 1649 5159 sancti
1677 5101 1895 5159 Iuliani

241 5177 512 5251 pmfataa
534 5184 689 5241 urbis
747 5186 1016 5262 episcopi
1054 5192 1111 5245 et
1164 5189 1575 5263 praedicatoris
1604 5191 1803 5264 primi,
1840 5194 1899 5247 et

235 5267 438 5325 sancti
486 5268 733 5331 Thuribii
791 5276 1059 5349 praedicti
1107 5277 1376 5352 episcopi
1411 5279 1629 5336 Juliani
1660 5296 1894 5336 succes-

225 5355 398 5425 soris,
438 5359 749 5435 sanctique
778 5363 1015 5420 Pavacii
1038 5363 1167 5436 jam
1188 5364 1361 5422 dicta:
1388 5366 1520 5423 ubis
1549 5367 1729 5424 etiam
1749 5366 1899 5441 epis-

225 5446 358 5520 copi
384 5450 447 5504 et
472 5449 894 5521 praedicatoris
924 5452 1156 5526 optimi,
1190 5469 1297 5511 seu
1317 5455 1505 5511 sancti
1528 5456 1776 5514 Romani
1802 5473 1896 5513 sa-

223 5535 488 5594 cerdotis
516 5538 814 5613 pracipui
843 5544 920 5611 et,
963 5546 1030 5599 ut
1068 5542 1271 5610 fertur,
1301 5543 1535 5617 nepotis
1566 5545 1755 5602 sancti
1793 5547 1895 5601 Ju~

219 5621 363 5686 limi
388 5629 455 5684 et
498 5632 730 5685 sanctae
769 5632 1057 5689 Romana:
1095 5631 1369 5689 Ecclesiae
1412 5632 1686 5705 ministri,
1715 5649 1897 5708 quem

442 5727 705 5787 PAIROL.
747 5728 916 5786 CXV.

2007 4388 2091 4445 eis
2145 4388 2379 4445 Domini
2407 4389 2878 4445 misericordiam
2908 4389 3157 4460 singulis
3210 4391 3371 4446 horis
3419 4390 3658 4447 invoca-

2004 4481 2155 4545 rent,
2187 4482 2484 4550 quatenus
2536 4478 2951 4534 remissionem
2982 4482 3036 4535 et
3086 4478 3528 4535 absolutionem
3559 4494 3657 4533 eo-

2004 4581 2141 4622 rum
2196 4566 2500 4640 percipere
2549 4572 2937 4635 mererentur,
2993 4572 3048 4623 et
3077 4566 3493 4637 mundi'atque
3522 4563 3657 4635 puri

2006 4653 2085 4711 ab
2113 4655 2396 4712 omnibus
2451 4655 2731 4713 sordibus
2779 4659 3162 4727 peccatorum
3210 4652 3434 4713 ﬁennt,
3477 4655 3657 4721 atque

2005 4742 2083 4800 ad
2135 4745 2563 4816 sempiternam
2625 4742 2933 4815 pervenire
2987 4740 3236 4809 gloriam
3292 4741 3653 4794 mereantur.

2006 4830 2288 4887 Praefatus
2331 4832 2509 4902 igitur
2538 4830 2809 4885 Aldricus
2836 4827 3154 4899 episcopus
3204 4830 3381 4883 tantae
3438 4826 3547 4884 fuit
3575 4826 3661 4884 di-

2005 4918 2246 4990 gnitatis
2275 4922 2329 4972 et
2353 4917 2600 4972 honoris
2631 4916 2974 4988 amorisque
2999 4920 3061 4972 ut
3088 4932 3279 4990 usque
3308 4917 3386 4974 ad
3447 4921 3659 4976 Roma-

2004 5021 2149 5062 nam
2182 5004 2386 5062 sedem
2408 5004 2539 5075 ejus
2567 5019 2774 5060 rumor
2802 5006 3158 5078 pervenerit,
3190 5008 3364 5081 eique
3396 5007 3659 5065 domnus

2006 5096 2319 5167 Gregorius
2346 5097 2628 5151 Romanae
2653 5093 2809 5151 sedis
2838 5095 3099 5153 ecclesiae
3131 5096 3490 5154 venerabilis
3517 5115 3663 5172 apo-

2006 5184 2247 5244 stolicus
2272 5188 2461 5242 Roma
2481 5184 2538 5240 in
2554 5200 2712 5258 pago
2731 5185 3132 5242 Cenomanico
3156 5201 3334 5241 suum
3351 5186 3664 5243 vestimen-

2008 5281 2133 5334 tum
2156 5273 2524 5332 sacerdotale
2556 5273 2797 5343 miserit,
2825 5273 2972 5329 illud
2989 5273 3208 5331 scilicet
3242 5274 3661 5332 vestimentum

2005 5381 2127 5447 quo
2148 5365 2209 5420 in
2238 5363 2468 5420 Pascha
2497 5362 2743 5418 indutus
2765 5362 2978 5418 fuerat.
3010 5362 3154 5419 Misit
3182 5362 3363 5420 etiam
3394 5363 3445 5420 ei
3478 5364 3660 5421 bacu-

2004 5454 2132 5510 lum
2148 5451 2635 5527 pastorale,quod
2658 5450 2847 5507 ferula
2859 5456 3391 5525 nuncupatur,una
3402 5468 3540 5508 cum
3559 5466 3668 5507 sua

2009 5542 2276 5616 epistola,
2299 5557 2525 5598 vocans
2538 5557 2678 5597 eum
2707 5544 2789 5606 ut,
2813 5540 2859 5595 si
2877 5540 3158 5613 possibile
3179 5540 3348 5607 foret,
3370 5556 3563 5613 usque
3588 5536 3667 5594 ad

2011 5647 2151 5689 eum
2179 5631 2531 5705 perveniret,
2562 5629 2736 5704 eique
2765 5628 3058 5687 concessit
3087 5632 3153 5684 ut
3180 5628 3671 5701 qualemcunque

3415 5726 3447 5775 3
