4180 6186
550 194 615 244 75
1640 195 1920 251 ALDRICI
1961 195 2504 254 CENOMANENSIS
2548 201 2585 254 E
2642 202 2865 259 ISCOPI
3889 220 3956 271 76

544 311 885 383 petitionem
919 316 973 368 et
1005 313 1479 370 benedictionem
1503 334 1537 369 a
1560 316 1697 372 sede
1716 320 1897 374 sancti
1924 319 2075 374 Petri
2096 336 2189 375 ac-
2217 322 2272 377 ’A
2300 320 2594 395 episCOpis
2648 332 2704 380 et
2744 327 3155 383 sacerdotibus
3217 332 3728 403 subsequentibus
3772 337 3957 408 signis

544 401 737 471 eipere
770 402 960 471 vellet,
995 408 1098 458 aut
1123 419 1229 475 per
1261 404 1524 475 seipsum
1574 411 1675 460 aut
1704 423 1808 478 per
1850 426 2023 462 suum
2056 410 2188 463 mis-

542 505 675 544 sum
703 491 751 544 ei
777 490 1108 546 voluntarie
1150 498 1205 547 et
1232 492 1432 547 libenti
1467 494 1668 549 animo
1701 496 1950 550 mitteret
2010 504 2187 567 atque

540 578 908 634 concederet.
946 580 1069 634 Fuit
1096 580 1254 635 enim
1299 588 1668 637 memoratus
1698 583 2015 655 episcopus
2046 601 2186 637 con~

539 666 796 721 ciliarius
845 668 1219 740 imperatoris
1250 673 1306 724 et
1338 686 1491 724 unus
1537 687 1608 724 ex
1651 670 1971 741 prioribus,
2005 688 2185 744 quem

535 753 657 806 tam
688 750 949 806 domnus
988 753 1312 824 imperator
1338 770 1519 825 quam
1553 760 1606 808 et
1647 755 1736 809 sui
1786 757 2101 826 optimates
2133 766 2188 811 et

532 840 697 909 regni
729 857 1003 913 proceres
1026 842 1523 912 obtemperabant
1543 848 1596 897 et
1623 843 1846 914 oppido
1866 845 2187 899 credebant

531 935 709 1001 atque
739 930 797 985 in
830 931 1111 987 omnibus
1137 930 1479 984 obedientes
1515 932 1565 985 ei
1589 948 1648 985 se
1678 947 1808 987 esse
1829 938 1881 986 et
1912 933 2184 989 benevoli

530 1019 811 1075 dicebant
839 1029 884 1073 ⁸.
921 1019 1033 1074 Sed
1063 1020 1200 1073 inde
1226 1020 1399 1073 valde
1436 1021 1956 1093 tristabaturquod
1980 1025 2186 1095 Stﬂpls-

530 1112 676 1165 sime
707 1127 844 1165 eum
867 1111 925 1164 in
952 1108 1174 1182 palatio
1200 1110 1555 1171 retinebant,
1584 1116 1639 1165 et
1668 1105 1978 1183 propterea
2005 1130 2180 1168 suum

527 1200 923 1255 ministerium
964 1198 1013 1254 ei
1046 1202 1108 1253 ut
1137 1199 1520 1253 desiderabat
1551 1206 1605 1253 et
1636 1200 1869 1256 volebat
1900 1202 2181 1273 perficere

523 1305 647 1345 non
694 1288 926 1351 licebat,
968 1289 1257 1360 quoniam
1288 1294 1413 1342 erat
1438 1304 1703 1360 persaepe
1748 1305 1933 1362 prepe
1991 1307 2182 1347 unum

524 1392 752 1433 annum
783 1377 947 1448 quod
978 1376 1052 1432 de
1079 1377 1301 1449 palatio
1328 1393 1448 1432 non
1468 1377 1915 1441 absolvebatur,
1942 1380 2042 1433 sed
2076 1380 2177 1450 ibi,

519 1464 653 1522 licet
698 1465 937 1533 invitus,
969 1466 1351 1533 morabatur;
1395 1472 1449 1521 et
1477 1467 1611 1521 ideo
1657 1468 1843 1523 multa
1873 1483 2176 1523 remanse-

519 1559 655 1611 runt
687 1560 808 1610 tam
839 1555 898 1609 in
929 1572 1038 1610 sua
1068 1556 1298 1610 civitate
1327 1570 1512 1626 quam
1556 1562 1611 1611 et
1640 1556 1696 1610 in
1728 1558 1851 1611 suis
1882 1563 2179 1612 monaste-

2298 409 2609 467 humatum
2638 434 2647 471 :
2677 433 2934 486 quorum
2962 420 3233 490 precibus
3265 421 3341 474 ab
3373 423 3659 477 omnibus
3688 427 3947 496 petimus

2299 499 2531 555 liberari
2580 505 2751 558 malis
2811 512 2864 559 et
2904 509 3131 562 eunetis
3182 509 3289 563 frui
3347 512 3699 567 aeternaliter
3750 515 3952 575 bonis.

2295 587 2428 659 ipso
2461 593 2801 659 auxiliante,
2832 596 2924 649 cui
2956 603 3041 651 est
3081 597 3272 653 honor
3318 605 3371 654 et
3420 600 3607 668 gloria
3632 602 3689 657 in
3739 606 3957 660 saecula

2300 678 2677 735 smculorum.
2718 686 2927 737 Amen.

3041 828 3191 881 XLII.

2298 926 2731 1008 ConstitutioA
2743 930 2919 1008 [dri/3i
2961 932 3129 1008 urbis
3154 934 3564 991 Cenomanica:
3594 940 3851 1008 episcopi
3878 946 3954 997 (κθ

2368 1000 2764 1054 luminnribus
2798 1010 2847 1055 ei
2883 1004 3212 1058 incensibus
3254 1008 3509 1063 ccclesiw
3536 1000 3950 1068 senior-iacim-

2366 1071 2522 1124 tatis.

2363 1194 2756 1248 Constitutum
2800 1200 2853 1250 ct
2885 1199 2960 1251 ab
2991 1198 3225 1254 Aldrico
3257 1203 3667 1259 CenomaniCae
3698 1206 3949 1263 civitatis

2291 1281 2573 1352 episeopo
2608 1288 2670 1337 ut
2700 1284 2949 1339 ardeant
2972 1302 3078 1357 per
3107 1288 3489 1358 quotidianas
3518 1298 3719 1348 noctes
3743 1294 3803 1349 in
3855 1313 3947 1351 se-

2289 1370 2441 1424 niori
2468 1370 2717 1425 ecclesia
2748 1373 2821 1426 de
2851 1375 2979 1428 oleo
3012 1389 3048 1428 a
3071 1391 3314 1446 vespere
3346 1394 3451 1449 per
3482 1384 3669 1434 totam
3706 1389 3946 1439 noctem

2290 1474 2479 1531 usque
2514 1475 2689 1514 mane
2723 1462 2852 1531 tria,
2876 1467 2930 1517 et
2958 1461 3030 1518 de
3062 1479 3218 1535 cera,
3259 1468 3505 1537 quando
3534 1474 3771 1541 tempus
3823 1474 3946 1529 dic-

2293 1549 2516 1615 taverit,
2547 1566 2688 1618 una,
2716 1556 2770 1607 et
2824 1552 2901 1606 ad
2935 1557 3258 1610 nocturnas
3309 1557 3431 1612 sive
3491 1561 3815 1617 matutinas
3846 1579 3942 1617 ar-

517 1644 615 1698 riis
647 1645 769 1698 sive
790 1644 850 1698 in
875 1659 985 1698 sua
1007 1643 1678 1715 parochiaimpcrfecta,
1702 1645 1805 1699 sed
1829 1645 2175 1716 etquaedam
2216 1674 2257 1728 Β
2287 1637 2470 1693 deant
2502 1638 2819 1695 luminaria
2856 1658 2960 1712 per
3016 1643 3393 1713 quotidianas
3441 1654 3646 1703 noctes
3693 1651 3768 1704 de
3810 1652 3943 1709 oleo

517 1748 621 1789 nec
651 1734 931 1789 inchoata
960 1750 1094 1806 quae
1136 1734 1211 1789 ad
1244 1733 1513 1788 divinum
1548 1733 1775 1788 cultum
1807 1736 2172 1807 explendum
2216 1726 2244 1728 ﬁ
2285 1726 2577 1791 decemiet
2606 1728 2679 1783 de
2729 1746 2863 1785 cera
2891 1732 3177 1804 quinque,
3214 1734 3319 1789 tria
3346 1740 3481 1790 ante
3508 1738 3708 1792 senius
3734 1739 3939 1808 altare,

517 1830 574 1879 et
634 1824 705 1879 ad
748 1823 989 1879 laudem
1037 1823 1461 1895 omnipotentis
1516 1824 1611 1877 Dei
1663 1825 2173 1883 ningziiticandam

518 1919 694 1986 atque
727 1913 801 1968 ad
834 1913 1145 1969 utilitatem
1193 1918 1411 1968 sanctae
1463 1914 1834 1969 Dcit‘lcclesiie
1862 1915 2172 1984 perficien-

517 2003 658 2058 dam
689 2002 881 2057 faccre
914 2002 1237 2074 prudenter
1265 2002 1625 2073 disponebat
1646 2008 1702 2056 et
1722 2004 1923 2073 perlici
1946 2002 2173 2057 deside-

514 2092 706 2147 rabat.
740 2092 1057 2146 Praedictus
1090 2106 1332 2162 quoque
1386 2091 1658 2145 Aldricus
1695 2092 2011 2162 episcopus
2040 2092 2171 2146 fecit

514 2180 918 2236 ordinationes
942 2196 1047 2251 per
1076 2180 1310 2233 diversa
1333 2184 1387 2233 et
1406 2179 1695 2234 canonica
1725 2186 1991 2251 tempora
2008 2197 2172 2235 sexa-

515 2269 697 2340 ginta.
734 2269 1054 2340 Episcopos
1085 2283 1225 2337 ergo
1258 2268 1510 2322 sacravit
1538 2272 1785 2339 septem,
1826 2270 2167 2325 sacerdotes

512 2374 654 2413 vero
675 2359 1065 2428 octingentos,
1098 2357 1324 2411 Levitas
1373 2362 1728 2425 nongentos.
1756 2356 2168 2413 Subdiaconos

513 2462 755 2519 quoque
782 2451 839 2501 et
884 2445 1144 2517 reliquos
1200 2444 1440 2499 ordines
1473 2452 1649 2516 prout
1678 2446 1998 2501 necessitas
2030 2464 2165 2519 pos-

514 2534 721 2597 cebat;
751 2549 1010 2605 quorum
1042 2532 1289 2587 nomina
1306 2539 1548 2604 propter
1572 2534 1966 2605 prolixitatem
1997 2542 2050 2590 et
2072 2542 2166 2590 tte-

512 2624 681 2678 dium
712 2622 1011 2694 scriptoris
1037 2626 1215 2693 atque
1237 2622 1470 2677 lectoris
1503 2623 1596 2677 hic.
1628 2639 1746 2678 non
1779 2624 2162 2683 inserunmus.

430 2730 435 2735 ν
513 2712 623 2768 sed
643 2712 702 2766 in
729 2710 847 2767 alia
872 2710 1137 2779 scedula,
1160 2710 1220 2765 in
1250 2726 1372 2782 qua
1398 2711 1646 2767 nomina
1671 2727 1879 2768 eorum
1904 2719 1961 2768 et
1992 2718 2163 2768 testes

511 2806 568 2857 et
587 2800 786 2857 titulos
817 2804 872 2855 et
905 2804 1173 2872 tempora
1202 2804 1258 2855 et
1286 2800 1515 2871 reliqua
1536 2817 1671 2873 quae
1699 2802 1775 2856 ad
1823 2802 1933 2857 hoc
1984 2804 2163 2875 perti-

509 2896 655 2947 nent
702 2889 937 2963 plenius
966 2890 1327 2945 inseruimus
1362 2907 1373 2954 ;
1410 2895 1465 2944 et
1497 2890 1543 2944 si
1578 2890 1712 2963 quis
1742 2891 1870 2947 haec
1924 2892 2159 2964 plenius

509 2997 691 3037 nosse
714 2979 988 3050 voluerit,
1019 2979 1080 3034 in
1114 2996 1185 3035 ea
1230 2979 1485 3053 reperire
1512 2980 1727 3048 valeat,
1761 2982 1851 3036 vel
1882 2983 1927 3036 si
1956 2983 2161 3056 aliqua

508 3071 811 3128 altercatio
836 3070 909 3125 de
930 3085 1138 3125 eorum
1159 3069 1530 3124 ordinatione
1558 3069 1767 3125 futuris
1791 3072 2161 3143 temporibus

508 3165 636 3217 orta
662 3159 855 3229 fuerit,
878 3158 939 3214 in
990 3159 1122 3231 ipsa
1171 3157 1414 3213 scedula
1446 3165 1734 3230 appareat
1769 3160 2017 3231 pleniter
2054 3162 2159 3217 de-

508 3250 799 3306 claratum
830 3247 1082 3321 qualiter
1100 3252 1204 3303 aut
1232 3263 1353 3319 qua
1385 3253 1610 3302 ratione
1639 3249 1759 3303 sive
1786 3249 1863 3304 ad
1914 3267 2067 3323 quos
2098 3252 2163 3307 ti-

507 3338 661 3396 tulos
687 3336 941 3392 ordinati
972 3351 1103 3390 esse
1123 3341 1471 3390 noscuntur.
1516 3341 1715 3407 ipsam
1758 3338 1917 3392 enim
1946 3340 2158 3395 scedu-

505 3428 628 3483 lam
650 3425 815 3499 apud
835 3423 1129 3479 seniorem
1151 3424 1461 3479 custodem
1494 3427 1695 3479 matris
1721 3430 1778 3481 et
1805 3426 2049 3482 civitatis
2071 3444 2161 3483 ec-

507 3516 699 3573 clesias
755 3513 1010 3587 reperire
1068 3512 1281 3585 poterit
1310 3513 1357 3566 si
1409 3513 1542 3585 quis
1574 3514 1841 3570 voluerit.
1895 3516 2159 3572 Sacravit

505 3604 683 3662 etiam
706 3602 1026 3676 praedictus
1054 3601 1321 3674 pontifex
1352 3602 1606 3671 virgines
1648 3603 1797 3657 inter
1826 3605 2155 3659 monachas

505 3700 562 3753 et
591 3692 911 3750 canonicas
942 3706 1046 3764 per
1071 3690 1305 3746 diversa
1331 3696 1385 3746 et
1416 3692 1705 3748 canonica
1730 3697 2001 3765 tempora
2023 3709 2156 3749 cen-

502 3791 632 3843 tum
671 3788 728 3839 et
755 3780 979 3852 viginti.
1005 3785 1065 3836 ln
1090 3781 1447 3837 monasterio
1476 3782 1750 3838 videlicet
1783 3785 2152 3839 Intramnen-

500 3876 549 3932 si
595 3873 925 3931 monachas
964 3871 1221 3943 virgines
1270 3871 1554 3927 canonice
1609 3874 1864 3930 sacravit
1894 3874 2153 3947 quadra-

503 3966 667 4036 ginta
713 3963 1000 4036 quinque.
1064 3963 1126 4016 Et
1171 3961 1234 4016 in
1285 3962 1649 4017 monasterio
1697 3964 1924 4019 Sancta
1962 3964 2153 4021 Mariae

494 4055 667 4127 juxta
708 4052 919 4107 urbem
975 4066 1155 4124 super
1205 4050 1458 4105 ﬂuvium
1518 4051 1765 4121 Sarthte,
1814 4053 1979 4124 quod
2026 4053 2153 4126 ipse

501 4161 537 4201 a
578 4159 736 4199 novo
768 4141 1039 4198 fundavit
1096 4144 1151 4196 et
1200 4140 1448 4207 ornavit,
1500 4143 1833 4196 monachas
1891 4142 2152 4212 virgines

499 4231 862 4291 consecravit
893 4231 1129 4300 triginta
1153 4234 1307 4298 octo,
1329 4233 1385 4284 et
1409 4229 1670 4302 reliquas
1696 4230 2017 4287 canonicas
2041 4233 2152 4288 vir-

499 4326 663 4395 gines
689 4338 795 4396 per
823 4321 1056 4377 diversa
1082 4319 1215 4377 loca
1258 4320 1511 4375 Domino
1544 4319 1861 4377 militantes
1888 4328 2148 4393 septem-

496 4412 709 4469 decim.

1264 4532 1391 4584 XLI.

491 4640 579 4697 De
610 4640 1008 4697 translatione
1044 4638 1311 4706 corporis
1351 4636 1550 4692 sancti
1578 4636 1831 4693 Pavacz’i
1859 4642 1915 4692 et
1944 4639 2151 4694 dextri

957 4726 1187 4783 brachiz
1207 4726 1405 4781 sancti
1432 4725 1678 4780 Liborii.

559 4838 733 4890 Anno
765 4834 1188 4890 incarnationis
1238 4833 1469 4890 Domini
1519 4833 1706 4889 nostri
1743 4835 1880 4889 Jesu
1929 4834 2144 4890 Christi

490 4922 613 4988 840,
665 4922 986 4977 indictione
1033 4938 1114 4983 ιιι,
1177 4938 1338 4977 anno
1386 4939 1528 4979 vero
1582 4923 1819 4997 imperii
1864 4924 2146 4979 Ludovici

487 5011 739 5085 piissimi
780 5010 1029 5080 Augusti
1059 5026 1235 5078 xxvn,
1286 5018 1342 5065 et
1370 5027 1531 5067 anno
1569 5029 1672 5066 vm
1716 5013 1935 5068 Aldrici
1961 5014 2144 5084 hujus

485 5098 786 5172 parochias
814 5097 1083 5170 episcopi
1137 5102 1314 5169 atque
1345 5098 1524 5168 hujus
1555 5100 1813 5153 cmnobii
1867 5100 2144 5156 fundato-

486 5188 586 5255 ris,
617 5204 697 5243 vn
725 5189 995 5243 videlicet
1051 5186 1265 5242 Iduum
1304 5186 1610 5242 Julianum
1658 5187 1775 5259 die,
1800 5188 2144 5244 solemniter

485 5277 842 5333 translatum
898 5282 984 5333 est
1013 5293 1050 5333 a
1093 5276 1438 5350 praescripto
1492 5275 1773 5349 episcopo
1822 5281 1881 5332 et
1908 5277 1986 5332 ab
2012 5278 2139 5333 aliis

484 5365 778 5439 episcopis
838 5371 895 5421 et
934 5363 1347 5421 sacerdotibus
1379 5368 1435 5420 et
1459 5363 1702 5435 reliquis
1749 5366 1933 5421 sacris
1984 5365 2141 5421 ordi-

481 5454 660 5510 nibus
699 5472 917 5529 corpus
957 5454 1143 5511 sancti
1168 5453 1398 5509 Pavacii
1429 5459 1484 5509 et
1508 5453 1828 5511 brachium
1858 5454 2135 5511 dextrum

483 5543 672 5599 sancti
704 5544 915 5600 Liborii
939 5544 998 5598 in
1030 5544 1186 5598 hanc
1217 5542 1412 5598 Sancti
1445 5540 1766 5599 Salvatoris
1798 5542 2131 5607 ecclesiam,

480 5634 720 5707 hucque
767 5634 829 5689 in
873 5632 1247 5689 nobilissima
1298 5647 1446 5689 urna
1476 5632 1752 5690 decenter
1800 5650 1835 5691 a
1873 5633 2134 5707 praeﬁxis

2283 1821 2339 1870 et
2363 1822 2644 1887 quartum
2688 1823 2823 1873 ante
2856 1820 3037 1874 altare
3071 1827 3290 1876 sanctae
3321 1823 3613 1880 Trinitatis
3640 1827 3732 1883 vel
3757 1831 3943 1885 cruei-

2282 1906 2493 1974 ﬁxum,
2526 1911 2582 1959 et
2610 1909 2887 1977 quintum
2924 1913 3057 1964 ante
3088 1910 3269 1965 altare
3321 1915 3503 1969 sancti
3536 1918 3801 1971 Joannis.
3839 1919 3942 1976 llla

2282 2010 2423 2047 vero
2444 1993 2764 2051 luminaria
2784 2012 2917 2067 quae
2946 1998 3019 2051 de
3050 1997 3181 2052 oleo
3210 1997 3363 2055 ﬁunt
3384 2003 3631 2059 ardeant
3664 2021 3769 2076 per
3794 2007 3940 2064 alta-

2281 2082 2367 2136 ria
2388 2088 2441 2135 et
2477 2082 2611 2137 loca
2661 2084 2977 2154 destinata,
3012 2101 3201 2141 unum
3232 2087 3383 2143 inter
3424 2092 3622 2145 senius
3653 2094 3834 2149 altare
3879 2105 3937 2152 et

2283 2170 2483 2225 sedem
2518 2172 2938 2242 episcopalem,
2968 2179 3021 2227 et
3054 2172 3213 2229 aliud
3246 2181 3381 2232 ante
3417 2179 3638 2245 gradus
3688 2184 3935 2240 senioris

2252 2258 2507 2321 ,altaris.
2538 2264 2593 2314 et
2630 2260 2861 2314 tertium
2893 2262 2952 2315 in
2985 2262 3185 2318 medio
3216 2266 3417 2331 choro,
3452 2271 3508 2322 et
3557 2276 3835 2340 quartum
3868 2274 3931 2328 in

2281 2348 2436 2402 exitu
2488 2349 2669 2413 chori,
2705 2349 3056 2420 etquintum
3086 2356 3221 2407 ante
3273 2353 3456 2409 altare
3487 2359 3672 2413 sancti
3701 2361 3935 2428 Georgii

2278 2441 2334 2492 et
2360 2437 2546 2492 sancti
2586 2437 2785 2491 Felicis
2816 2448 2993 2510 atque
3025 2442 3212 2495 sancti
3247 2445 3667 2515 Symphoriani
3695 2453 3752 2503 et
3790 2449 3932 2504 alio-

2278 2542 2411 2580 rum
2445 2529 2789 2580 sanctorum
2819 2541 3082 2597 quorum
3108 2530 3359 2585 nomina
3390 2548 3572 2603 super
3610 2550 3679 2590 eo
3711 2537 3935 2609 ascrip-

2279 2621 2336 2671 ta
2363 2616 2571 2670 adesse
2604 2615 2899 2685 videntur,
2929 2619 2985 2670 et
3033 2621 3270 2672 sextum
3296 2624 3432 2674 ante
3483 2621 3667 2678 altare
3709 2631 3932 2682 sanctae

2275 2704 2516 2773 Agathse
2570 2708 2624 2757 et
2673 2709 2895 2757 sancite
2957 2704 3262 2760 Felicitatis
3311 2713 3368 2762 et
3422 2715 3641 2767 sanctas
3694 2714 3930 2769 Sabinae

2275 2799 2331 2849 et
2363 2791 2618 2848 aliarum
2668 2796 3010 2847 sanctarum
3042 2792 3343 2864 virginum
3387 2813 3647 2869 quarum
3680 2804 3930 2858 nomina

2275 2896 2455 2952 super
2514 2880 2657 2935 illud
2715 2880 2935 2952 scripta
2982 2881 3196 2938 adesse
3251 2884 3563 2951 videntur,
3625 2891 3928 2961 septimun

2275 2975 2410 3025 ante
2452 2968 2633 3024 altare
2684 2974 2903 3023 sanctae
2964 2968 3292 3029 Trinitatis.
3347 2977 3403 3026 et
3459 2978 3736 3031 octavum
3787 2985 3927 3035 ante

2274 3074 2441 3114 aram
2498 3056 2685 3113 sancti
2730 3056 2977 3110 Joannis
3030 3057 3323 3128 Baptistae,
3379 3064 3435 3113 et
3501 3077 3730 3118 nonum
3784 3073 3927 3123 ante

2273 3148 2455 3204 altare
2482 3145 2751 3201 omnium
2780 3149 3141 3210 sanctorum,
3168 3151 3223 3200 et
3245 3146 3547 3202 decimum
3591 3155 3725 3204 ante
3748 3167 3921 3207 aram

2281 3236 2433 3293 santi
2462 3232 2864 3304 Christophori
2891 3237 2946 3287 et
2972 3233 3156 3288 sancti
3187 3233 3489 3306 Hyppoliti
3518 3244 3694 3309 atque
3726 3243 3925 3297 sancti

2273 3324 2574 3382 Saturnini
2621 3327 2679 3378 et
2720 3322 3091 3394 reliquorum
3133 3328 3479 3379 sanctorum
3521 3341 3778 3396 quorum
3818 3345 3925 3385 nos

2268 3415 2431 3468 mina
2458 3428 2638 3483 super
2665 3411 2811 3465 illud
2845 3411 3064 3481 scripta
3092 3428 3221 3465 esse
3261 3412 3555 3479 videntur,
3598 3419 3653 3468 et
3684 3415 3923 3472 undeci-

2268 3516 2436 3555 mum
2486 3502 2622 3553 ante
2679 3496 2862 3551 altare
2915 3496 3104 3551 sancti
3138 3497 3373 3553 Victorii
3429 3504 3486 3554 et
3515 3502 3704 3556 sancti
3746 3504 3921 3560 Brixii

2265 3593 2441 3658 atque
2500 3584 2687 3640 sancti
2732 3582 2901 3639 Arvei
2958 3588 3014 3639 et
3062 3583 3429 3656 reliquorum
3480 3593 3823 3644 sanctorum
3855 3589 3920 3644 in

2265 3692 2524 3750 quorum
2571 3674 2800 3729 honore
2864 3677 3168 3729 sacratum
3220 3689 3349 3729 esse
3400 3679 3795 3745 cognoscitur.
3854 3685 3922 3735 tu

2264 3763 2585 3821 Dominicis
2633 3778 2777 3818 vero
2806 3762 3092 3818 omnibus
3133 3762 3410 3819 noctibus
3459 3770 3515 3820 et
3541 3766 3602 3820 in
3642 3766 3924 3823 festivita-

2261 3856 2423 3912 tibus
2466 3871 2534 3910 xx
2565 3857 2910 3909 sanctorum
2959 3852 3350 3908 constitutum
3400 3858 3488 3909 est
3537 3859 3604 3909 ut
3653 3856 3917 3926 amplius

2261 3944 2661 4001 incendantur
2691 3946 2748 3997 et
2803 3941 3053 3997 ardeant
3102 3940 3423 3998 luminaria
3464 3959 3586 3997 xxx
3634 3943 3709 3999 de
3762 3944 3915 4007 oleo,

2262 4041 2320 4091 et
2337 4034 2604 4107 quinque
2634 4031 2710 4086 de
2736 4046 2891 4095 cera,
2918 4034 2975 4086 et
3024 4029 3082 4084 in
3112 4030 3421 4086 festivitate
3453 4032 3643 4088 sancti
3671 4034 3918 4088 Jaannis

2263 4121 2519 4196 apostoli
2572 4125 2629 4175 et
2680 4118 3083 4190 evangelista,
3113 4124 3172 4175 et
3208 4120 3269 4174 in
3332 4119 3641 4177 festivitate
3685 4128 3919 4178 saneto-

2262 4230 2399 4269 rum
2454 4210 2886 4273 Innocentium,
2919 4213 2977 4265 et
3031 4210 3092 4263 in
3140 4210 3368 4265 octavis
3419 4210 3670 4277 Domini,
3702 4211 3823 4265 sive
3853 4212 3915 4266 in

2263 4300 2489 4357 octavis
2524 4298 2889 4370 Epiphaniae,
2932 4302 2989 4353 et
3014 4299 3076 4353 in
3105 4297 3422 4354 festivitate
3461 4304 3681 4355 sancta;
3718 4304 3914 4369 Agne—

2188 4377 2234 4431 Ῑ)
2262 4392 2358 4460 tis,
2391 4405 2495 4444 seu
2523 4388 2584 4442 in
2614 4386 2925 4442 festivitate
2955 4390 3173 4442 sanctae
3204 4387 3472 4460 Agathze,
3522 4392 3579 4444 et
3607 4389 3667 4444 in
3698 4388 3916 4444 festivi-

2262 4484 2378 4535 tate
2410 4476 2820 4549 apostolorum
2853 4474 3111 4547 Philippi
3140 4479 3198 4531 et
3250 4476 3478 4542 Jacobi,
3516 4481 3573 4533 et
3617 4477 3678 4533 in
3707 4476 3916 4533 inven-

2260 4568 2417 4623 tione
2439 4568 2657 4621 sanctee
2684 4564 2894 4630 crucis,
2930 4568 2985 4619 et
3040 4564 3102 4618 in
3132 4563 3443 4621 festivitate
3493 4564 3684 4621 sancti
3738 4567 3912 4636 Petri,

2258 4655 2525 4711 similiter
2552 4656 2611 4709 et
2657 4653 2716 4707 in
2747 4650 3063 4707 festivitate
3095 4652 3286 4709 sancti
3328 4653 3515 4719 Pauli,
3549 4669 3655 4709 seu
3699 4654 3761 4710 in
3790 4653 3912 4709 fes-

2256 4744 2477 4800 tivitate
2509 4740 2699 4798 sancti
2741 4740 3053 4808 Laurentii,
3087 4746 3145 4796 et
3185 4741 3245 4797 in
3276 4741 3671 4798 decollatione
3721 4743 3912 4799 sancti

2253 4833 2497 4891 Joannis
2524 4832 2822 4904 Baptistae,
2858 4831 2979 4886 sive
3007 4831 3070 4885 in
3100 4830 3410 4887 festivitate
3438 4832 3625 4888 sancti
3661 4832 3910 4888 Michae-

2253 4923 2324 4980 lis
2352 4920 2714 4987 archangeli,
2748 4926 2925 4992 atque
2974 4923 3035 4975 in
3083 4920 3396 4977 festivitate
3437 4921 3627 4976 sancti
3670 4922 3911 4977 Bartho—

2252 5012 2451 5069 lomaei
2508 5009 2786 5085 apostoli,
2818 5013 2875 5065 et
2928 5010 2989 5065 in
3045 5008 3356 5065 festivitate
3415 5010 3601 5066 sancti
3654 5008 3909 5065 Matthaei

2252 5100 2505 5173 apostoli
2537 5106 2592 5155 et
2620 5097 3011 5168 evangelista,
3046 5098 3167 5153 sive
3204 5098 3267 5152 in
3314 5098 3627 5154 festivitate
3666 5101 3911 5170 aposto-

2248 5188 2447 5243 lorum
2494 5187 2750 5244 Simonis
2783 5191 2839 5241 et
2866 5186 3052 5257 Judae,
3080 5202 3189 5241 nec
3220 5201 3342 5241 non
3387 5193 3442 5243 et
3491 5188 3551 5243 in
3593 5188 3908 5244 festivitate

2248 5277 2523 5333 omnium
2578 5280 2925 5331 sanctorum
2974 5275 3252 5330 Kalendis
3301 5276 3675 5346 Novembris,
3724 5281 3905 5349 atque

2245 5366 2308 5421 in
2338 5364 2646 5421 festivitate
2684 5364 2872 5421 sancti
2893 5363 3139 5427 Martini,
3163 5368 3220 5420 et
3246 5364 3308 5420 in
3338 5364 3649 5423 festivitate
3679 5369 3905 5422 sancta

2246 5453 2488 5510 Caeciliae
2531 5452 2778 5523 virginis
2828 5458 2884 5508 et
2924 5452 3225 5526 martyris,
3270 5459 3449 5527 atque
3500 5456 3561 5510 in
3618 5454 3905 5511 festivita-

2245 5548 2298 5600 te
2351 5543 2541 5599 sancti
2591 5542 2839 5598 Andreae
2888 5543 3160 5615 apostoli.
3194 5545 3259 5599 In
3288 5545 3379 5599 his
3412 5560 3655 5618 quoque
3677 5543 3901 5601 {eum

2244 5632 2463 5690 tatibus
2483 5632 2742 5705 amplius
2773 5636 3003 5703 agatur,
3045 5634 3105 5689 id
3135 5636 3242 5701 est,
3273 5633 3334 5688 in
3363 5634 3699 5706 Epiphania
3744 5635 3811 5690 et
3830 5630 3897 5688 in

550 5748 569 5772 '
601 5742 739 5800 Vide
763 5744 1134 5817 praeceptum
1163 5739 1447 5800 Ludovici
1473 5741 1556 5799 Pii
1585 5757 1698 5817 pro
1730 5742 1991 5803 ecclesiae
2023 5739 2479 5815 Cenomanensi,
2504 5740 2892 5815 Patrologz'z,
2916 5743 3080 5801 tome
3108 5740 3239 5809 CIV,
3273 5738 3386 5799 col.
3423 5744 3578 5799 1290.
