4180 6186
213 179 290 229 77
1837 178 1852 211 ‘

1963 180 2014 234 λ·
3567 214 3635 268 78

210 297 630 353 Puriﬁcatione
668 301 892 352 sanctae
933 299 1118 353 Mariae
1158 303 1214 354 et
1260 299 1317 354 in
1361 298 1721 354 Ascensione
1762 300 1872 397 Do-
1901 313 1947 364 Α
1984 303 2321 376 subjectum
2353 327 2482 368 esse
2511 313 2792 382 debebat,
2814 321 2871 374 et
2889 319 3252 393 hoclegibus
3273 325 3637 404 afﬁrmabat,

205 386 383 455 mini,
418 401 529 441 seu
567 384 631 440 in
663 386 1071 447 Pentecosten,
1101 393 1155 441 et
1196 387 1253 442 in
1300 388 1673 444 dedicatione
1718 388 1868 444 occi-

206 476 469 531 dentalis
514 475 702 547 partis
751 475 1011 533 ecclesiae
1051 478 1298 532 senioris
1342 484 1398 533 et
1442 478 1640 533 altaris
1679 478 1867 532 sancti

204 566 465 620 Joannis
495 563 789 635 Baptistae,
823 580 959 635 quae
987 572 1077 620 est
1098 582 1156 620 x1
1184 566 1313 621 Kal.
1346 566 1501 629 Julii,
1530 573 1586 622 et
1614 567 1674 645 in
1713 569 1864 622 nati-

206 655 402 710 vitate
429 653 611 709 sancti
639 653 889 708 Joannis
918 655 1210 725 Baptistae,
1245 661 1302 710 et
1343 656 1402 710 in
1442 656 1865 728 Assumptioue

212 748 444 799 sancta:
472 743 679 810 Mariae,
708 746 763 797 et
809 743 871 797 in
900 744 1201 799 uativitate
1247 750 1466 800 sanctas
1513 747 1725 815 Mariae,
1759 762 1867 801 seu

208 834 274 888 in
306 832 504 888 natale
532 831 818 903 episcopi,
851 848 988 904 qum
1043 834 1238 902 agitur
1282 837 1341 889 in
1395 834 1489 890 die
1544 835 1864 891 festivitatis

205 921 398 976 sancti
423 922 669 976 Thomas
681 921 956 993 apostoli,
978 926 1158 994 atque
1182 922 1243 977 in
1264 922 1638 979 dedicatione
1660 924 1864 979 matris

204 1013 259 1064 et
282 1009 542 1065 senioris
559 1009 821 1064 ecclesiae
841 1026 965 1065 suae
988 1011 1236 1066 senioris
1261 1012 1478 1068 altaris.
1496 1014 1560 1067 In
1582 1013 1861 1069 hisnam-

201 1113 319 1169 que
346 1097 775 1153 festivitatibus
796 1098 1181 1154 constitutum
1205 1105 1293 1157 est
1322 1106 1385 1156 ut
1414 1102 1666 1158 ardeant
1691 1102 1862 1157 lumi-

202 1186 371 1241 naria
390 1185 715 1258 triplicata.
744 1187 807 1241 id
835 1191 943 1254 est,
976 1188 1052 1244 de
1081 1188 1214 1245 oleo
1256 1191 1609 1261 nonaginta,
1637 1196 1694 1247 et
1727 1208 1862 1249 cera

200 1275 437 1345 decem,
459 1276 579 1331 hoc
624 1275 843 1331 scilicet
871 1282 1109 1332 centum
1147 1279 1243 1334 vel
1272 1295 1343 1335 eo
1367 1281 1652 1353 amplius,
1685 1286 1863 1353 prout

200 1364 626 1437 opportunitas
655 1370 711 1420 et
758 1365 924 1421 locus
967 1367 1159 1423 fuerit.
1192 1371 1415 1425 Tamen
1461 1371 1629 1426 nullo
1676 1371 1860 1427 modo

198 1469 567 1508 concessum
595 1458 687 1509 est
716 1459 780 1510 ut
801 1455 1019 1523 minus,
1043 1457 1147 1511 sed
1170 1458 1447 1529 amplius.
1476 1464 1537 1514 lu
1558 1460 1858 1516 nativitate

198 1547 415 1597 autem
446 1543 673 1597 Domini
702 1547 826 1598 tam
855 1544 1060 1600 festive
1090 1547 1474 1603 constitutum
1503 1553 1591 1604 est
1634 1550 1759 1605 ﬁeri
1790 1551 1860 1605 si-

1982 394 2233 490 E‘contra
2300 400 2718 468 Sigismuudus
2788 406 3026 466 dicebat
3096 413 3263 485 quod
3323 394 3638 490 proprium

1978 481 2188 539 domui
2216 486 2590 558 imperatoris
2620 508 2751 549 esse
2791 495 3068 563 debebat,
3097 481 3154 557 et
3202 481 3345 559 [ιου-
3371 481 3457 561 ἅθ’
3487 494 3636 578 pras-

1978 569 2139 627 dicta
2171 576 2457 632 ecclesia:
2522 580 2628 635 sed
2683 583 2912 640 nullam
2958 603 3164 645 veram
3220 569 3635 655 auctoritatem

1978 660 2190 718 exinde
2249 668 2621 735 ostendebat,
2649 671 2761 727 nisi
2810 678 3043 730 tantum
3090 694 3275 735 unam
3319 682 3635 753 epistolam

1977 764 2162 846 quam
2186 755 2467 826 Pippinus
2496 763 2736 830 propter
2762 761 2972 818 odium
3002 766 3337 824 Gauzioleni
3368 772 3635 846 episcopi

1975 838 2215 896 cuidam
2233 860 2342 898 suo
2355 847 2657 903 monacho
2674 848 2912 919 fecerat,
2926 857 2991 908 ut
3014 853 3094 909 illi
3118 838 3455 927 subjectum
3477 838 3636 919 esset

1977 931 2033 981 et
2055 945 2178 984 non
2201 933 2555 991 Gauzioleno
2582 954 2595 990 :
2622 938 2810 994 ethoc
2837 948 3081 1013 propter
3099 944 3308 1001 odium
3334 948 3632 1006 Gauziole-

1973 1016 2035 1107 ni
2060 1017 2282 1075 factum
2305 1038 2433 1077 esse
2454 1030 2891 1095 perscrutatum
2914 1034 3023 1087 est.
3049 1032 3199 1097 Quia
3235 1037 3481 1107 quando
3523 1038 3633 1095 fuit

1973 1106 2261 1199 Pippinus
2287 1113 2764 1171 Cenomauicain
2792 1118 3007 1190 patria,
3030 1121 3182 1177 etde
3203 1106 3472 1195 quadam
3501 1143 3630 1199 per-

1975 1197 2277 1253 secutione
2301 1199 2684 1260 inimicorum
2710 1221 2962 1264 suorum
2990 1225 3265 1268 reversus
3310 1229 3417 1285 per
3445 1197 3628 1273 Ceno-

1971 1285 2273 1342 manicam
2313 1290 2569 1360 patriam
2611 1295 2927 1362 transibat,
2968 1301 3111 1355 tunc
3154 1317 3299 1357 eum
3343 1303 3627 1375 praefatus

1973 1374 2363 1432 Gauziolenus
2388 1384 2443 1434 et
2465 1397 2609 1436 suus
2624 1382 2804 1439 frater
2820 1386 3093 1443 Harivius
3109 1405 3233 1446 non
3253 1374 3626 1465 receperunt,

1970 1462 2077 1517 sed
2098 1463 2255 1520 infra
2274 1468 2738 1527 Cenomauicam
2764 1474 2974 1530 urbem
2997 1493 3137 1533 cum
3166 1462 3450 1537 omnibus
3471 1462 3628 1554 quos

1968 1567 2174 1607 secum
2216 1555 2551 1613 conducere
2608 1565 2932 1632 potuerunt
2987 1581 3050 1621 se
3122 1567 3510 1638 recluserunt,
3570 1575 3627 1627 et

198 1636 308 1687 cut
326 1632 461 1687 illos
480 1631 607 1687 dies
632 1632 804 1689 decet
828 1652 840 1700 ;
874 1639 931 1689 et
949 1634 1011 1689 iu
1030 1635 1338 1692 festivitate
1359 1644 1701 1694 sanctorum
1725 1643 1857 1694 Ger-
1891 1664 1935 1717 B
1967 1641 2263 1699 domuum
2284 1631 2830 1722 Pippinumiregem
2856 1653 2994 1710 illuc
3038 1654 3278 1714 introire
3317 1674 3443 1716 non
3500 1676 3629 1734 per-

196 1721 350 1775 vasii
382 1724 441 1775 et
470 1721 715 1777 Protasii
747 1721 870 1778 sive
899 1723 1089 1780 sancti
1123 1726 1406 1797 Stephani
1437 1733 1615 1800 prout
1646 1728 1857 1785 melius

194 1810 461 1882 potuerit
514 1811 641 1867 ﬁat.
677 1815 772 1867 Est
827 1813 1004 1869 etiam
1060 1815 1450 1872 constitutum
1489 1833 1524 1872 a
1573 1819 1855 1889 praedicto

195 1901 487 1973 episcopo
520 1905 584 1956 ut
621 1901 935 1958 incensum
980 1904 1125 1959 boni
1171 1905 1372 1961 odoris
1419 1907 1704 1965 offeratur
1748 1925 1856 1982 per

195 1989 442 2060 singula
495 1990 701 2048 altaria
751 1995 808 2047 et
860 1992 1160 2049 deferatur
1215 1997 1498 2053 fratribus
1562 2000 1623 2055 in
1677 2000 1857 2056 eccle-

196 2079 351 2134 siam
387 2081 877 2137 convenientibus
908 2088 965 2138 et
990 2085 1230 2157 populis
1288 2085 1363 2141 ad
1404 2088 1713 2145 ecclesiam
1756 2106 1854 2146 ve-

193 2168 505 2223 nientibus
536 2169 615 2225 ad
639 2171 965 2227 matutinas
989 2177 1046 2228 et
1072 2174 1148 2229 ad
1188 2176 1437 2232 missam
1465 2178 1587 2234 sive
1627 2180 1705 2235 ad
1729 2196 1858 2235 ves-

196 2272 383 2327 peras
429 2262 606 2330 atque
652 2261 1133 2333 completorium.
1180 2267 1305 2319 Haec
1354 2271 1553 2323 autem
1592 2284 1700 2340 per
1743 2270 1856 2324 sin-

197 2344 382 2416 gulos
415 2348 794 2419 quotidianos
825 2349 952 2405 dies
1002 2351 1402 2423 devotissime,
1434 2357 1496 2413 in
1538 2358 1856 2413 Dominicis

192 2449 339 2489 vero
365 2434 580 2491 diebus
606 2442 663 2492 et
692 2438 753 2493 in
799 2439 1214 2496 festivitatibus
1249 2444 1508 2516 amplius
1547 2451 1602 2501 et
1646 2446 1857 2502 solem-

190 2521 327 2578 uius
366 2529 603 2595 agatur.

938 2622 1115 2676 XLIII.

258 2702 494 2777 Placuit
524 2706 704 2761 etiam
734 2707 795 2762 in
820 2708 934 2764 hac
966 2709 1370 2783 scedula,qum
1396 2711 1469 2767 de
1483 2713 1850 2785 quibusdam

188 2792 424 2848 actibus
465 2794 823 2866 pontiﬁcum
868 2800 1268 2854 Cenomanica
1314 2800 1373 2856 in
1430 2802 1576 2858 urbe
1634 2803 1851 2874 degen-

183 2881 334 2937 tium
370 2898 564 2955 usque
612 2885 691 2939 ad
742 2885 1044 2943 Aldricum
1093 2889 1360 2958 ejusdem
1408 2891 1573 2946 urbis
1624 2892 1852 2964 episco-

1967 1730 2275 1799 miseruut,
2302 1735 2409 1790 sed
2438 1736 2733 1795 damnum
2753 1743 2808 1797 ei
2827 1742 2903 1799 de
2920 1744 3042 1800 suis
3063 1746 3409 1804 hominibus
3432 1730 3628 1807 facere

1966 1819 2325 1894 nitebantur,
2357 1829 2414 1880 et
2434 1842 2610 1883 suum
2635 1829 2988 1902 pincernam
3019 1850 3225 1892 coram
3246 1852 3318 1892 eo
3349 1841 3624 1907 stantem,

1967 1908 2114 1965 dum
2145 1926 2254 1967 sua
2274 1917 2470 1971 castra
2507 1915 2565 1971 in
2601 1917 2781 1975 vinea
2821 1922 3011 1978 sancti
3040 1925 3189 1980 Petri
3212 1925 3385 1996 juxta
3412 1926 3628 1985 urbem

1966 1999 2430 2059 Cenomauicam
2461 2006 2659 2077 posita
2688 2013 2875 2078 erant,
2918 2011 3357 2085 interfecerunt,
3389 2020 3447 2072 et
3473 2016 3624 2074 alios

1966 2087 2244 2146 homines
2261 2091 2739 2152 vulneraverunt.
2769 2099 2985 2155 Videns
3006 2105 3207 2158 autem
3225 2103 3488 2161 domnus
3500 2105 3628 2179 Pip-

1967 2177 2145 2242 pinus
2161 2180 2327 2249 quod
2350 2181 2428 2236 ibi
2449 2184 2736 2253 proﬁcere
2752 2202 2877 2242 non
2908 2190 3121 2259 potuit,
3148 2196 3393 2248 vastans
3435 2177 3625 2252 totam

1965 2265 2131 2321 illam
2160 2269 2489 2337 regionem,
2516 2287 2764 2343 pergere
2795 2276 2975 2347 coepit
3003 2277 3082 2332 ad
3110 2280 3436 2335 Franciam.
3462 2284 3624 2339 Tunc

1967 2354 2027 2409 in
2050 2356 2181 2427 ipso
2206 2356 2409 2413 itinere
2435 2362 2591 2415 venit
2620 2361 2696 2417 ad
2723 2362 2922 2434 ipsum
2948 2365 3301 2437 praedictum
3325 2376 3624 2427 monaste-

1967 2443 2123 2499 rium
2148 2446 2476 2517 Anisolam,
2500 2454 2557 2505 et
2583 2452 2867 2524 praecepit
2896 2453 3011 2508 illis
3041 2456 3356 2513 monachis
3388 2464 3452 2514 ut
3488 2459 3624 2515 uul-

1965 2532 2087 2587 lam
2116 2536 2522 2593 obedientiam
2544 2540 2805 2595 facerent
2817 2541 2948 2612 jam
2973 2542 3131 2599 dicto
3151 2546 3525 2618 Gauzioleno,
3551 2564 3621 2605 eo
3644 2615 3647 2617 ἓ

1965 2624 2132 2697 quod
2148 2626 2198 2679 ei
2212 2625 2445 2682 rebellis
2462 2633 2633 2695 esset,
2659 2628 2764 2684 sed
2790 2630 2903 2685 sub
2936 2648 3046 2688 suo
3076 2634 3503 2692 mundeburdo
3528 2637 3623 2694 vel

1967 2713 2079 2768 sub
2128 2730 2238 2770 sua
2288 2716 2707 2772 tantummodo
2763 2718 3010 2775 tuitione
3062 2721 3156 2777 vel
3210 2722 3623 2784 dominatione
3717 2746 3722 2752 θ

1965 2810 2406 2874 permanerent.
2431 2808 2495 2860 Et
2515 2812 2653 2861 tunc
2670 2807 2754 2861 eis
2781 2824 2851 2864 ac
2881 2808 3160 2866 Siebaldo
3176 2827 3387 2868 eorum
3417 2814 3623 2872 abbati

1964 2890 2142 2947 talem
2161 2893 2477 2965 epistolam
2509 2894 2694 2967 dedit,
2711 2897 2876 2969 quod
2901 2903 3146 2971 propter
3173 2900 3402 2968 odium,
3418 2903 3619 2960 utdic-

185 2986 334 3041 pum
359 2973 708 3045 conscripta
733 2992 861 3031 esse
891 2976 1281 3044 dignoscitur,
1313 2979 1569 3036 inserere
1611 2982 1848 3038 relatio-
1882 3015 1925 3072 ο
1962 2985 2056 3035 tus
2076 2986 2181 3049 est,
2203 2982 2629 3052 Gauzioleni,et
2655 3001 2779 3041 non
2804 2992 3047 3059 propter
3070 2988 3258 3045 ullam
3289 2990 3471 3048 aliam
3491 3008 3621 3049 rem

188 3073 321 3114 nem
352 3059 485 3115 sive
520 3063 868 3119 memoriale
917 3065 1170 3136 qualiter
1211 3067 1531 3138 praedictus
1574 3070 1848 3126 Aldricus

192 3149 508 3205 antedictte
541 3150 709 3206 urbis
756 3152 1072 3226 episcopus
1104 3158 1533 3213 monasterium
1572 3159 1845 3226 Anisolm,

187 3234 247 3290 in
281 3252 415 3307 quo
462 3242 714 3293 sanctus
761 3240 1094 3313 Carilephus
1150 3245 1455 3300 confessor
1510 3248 1849 3319 praecipuus

186 3341 451 3396 corpore
484 3326 823 3397 requiescit,
856 3334 984 3385 ante
1008 3332 1298 3388 domuum
1345 3334 1711 3391 Ludovicum
1742 3336 1850 3391 im-

186 3419 537 3484 peratorem
556 3414 790 3484 legibus
805 3420 1183 3492 conquisivit:
1218 3429 1281 3477 ut
1298 3423 1345 3477 si
1376 3423 1623 3496 deineps
1649 3425 1852 3497 aliqua

192 3500 496 3579 altercatio
555 3503 632 3558 de
681 3520 751 3560 eo
785 3510 915 3563 orta
964 3507 1152 3577 fuerit,
1199 3512 1427 3583 praefati
1482 3513 1849 3569 memorialis

198 3592 496 3665 exemplar
520 3594 581 3647 in
610 3593 723 3649 hac
755 3596 1000 3654 scedula
1030 3600 1433 3673 conscriptum
1462 3602 1637 3657 bonis
1661 3603 1851 3657 homi-

204 3677 378 3732 nibus
403 3680 482 3735 ad
504 3680 879 3751 religeudum
909 3692 1213 3758 appareat.
1250 3688 1419 3753 Quod
1451 3689 1497 3743 si
1523 3688 1737 3762 aliquis
1777 3708 1848 3747 ex

212 3766 327 3820 hoc
354 3766 595 3840 aliquam
634 3771 1040 3844 pulsationem
1070 3776 1367 3848 praedicta:
1405 3778 1581 3833 matri
1610 3784 1667 3835 et
1714 3781 1849 3835 civi-

216 3853 336 3908 tatis
357 3855 612 3914 ecclesiae
637 3860 923 3935 deinceps
954 3863 1197 3936 suisque
1236 3867 1682 3923 successoribus
1725 3869 1846 3925 ullo

204 3957 459 4015 unquam
489 3952 758 4022 tempore
785 3951 982 4008 facere
1006 3955 1336 4024 tentaverit,
1369 3955 1429 4011 iu
1461 3957 1574 4012 hac
1605 3958 1847 4014 scedula

193 4034 523 4104 reperiatur
557 4038 809 4109 qualiter
837 4041 1243 4099 evindicatum
1272 4042 1465 4113 fuerit,
1493 4050 1547 4100 et
1585 4046 1731 4118 quid
1760 4062 1848 4102 re-

188 4121 413 4191 petierit
445 4125 784 4185 evindicare
821 4145 945 4186 nou
992 4132 1206 4200 valeat,
1233 4133 1336 4189 sed
1385 4133 1587 4190 subter
1627 4134 1847 4193 inserta

184 4209 544 4270 eviudicatio
570 4215 749 4273 ﬁrma
777 4223 835 4274 et
861 4220 1088 4276 stabilis
1120 4222 1286 4277 omni
1318 4227 1584 4294 tempore
1612 4239 1848 4296 perma-

182 4305 336 4355 neat.

181 4388 401 4459 Incipit
423 4394 642 4450 relatio
673 4398 769 4451 vel
795 4398 1151 4455 evindicatio
1180 4401 1301 4456 sive
1321 4404 1667 4459 memoriale
1702 4420 1845 4476 qua-

249 4480 862 4541 lz’tenmonasterium
892 4487 1158 4545 Anz’solw
1187 4491 1267 4545 ad
1290 4491 1396 4558 jus
1438 4496 1846 4551 Cenomanicce

242 4571 464 4625 matris
492 4574 753 4628 ecclesiae
781 4581 921 4632 ante
950 4577 1230 4634 damnum
1258 4580 1625 4637 Ludovicum
1661 4584 1844 4645 impe-

243 4665 515 4715 ratorem
550 4660 627 4716 ab
646 4662 896 4720 Aldrico
921 4668 1189 4739 episcopo
1221 4671 1505 4727 canonice
1540 4677 1593 4727 et
1619 4671 1844 4742 legibus

243 4749 665 4806 windicatum
690 4753 836 4820 fuit.

246 4837 305 4893 In
326 4838 589 4895 nomine
617 4842 850 4899 Domini
860 4845 1046 4901 nostri
1058 4845 1088 4899 ,Ι
1093 4861 1200 4903 esu
1212 4847 1843 4921 Christi.Temporibus

174 4926 465 4984 Ludovici
492 4928 753 5003 piissimi
791 4935 1041 5004 Augusti
1076 4935 1282 4992 subter
1317 4936 1539 4995 inserta
1576 4940 1844 4996 causatio

171 5013 272 5069 vel
291 5017 653 5076 evindieatio
683 5019 792 5077 fuit
815 5022 890 5079 de
910 5026 1274 5083 monasterio
1298 5026 1557 5083 Auisolae
1578 5026 1728 5084 inter
1744 5028 1842 5084 Al-

167 5101 423 5161 dricum
447 5108 802 5183 episcopum
840 5115 897 5169 et
928 5113 1378 5183 Sigismundum
1410 5115 1716 5188 abbatem,
1739 5118 1845 5191 qui

168 5191 319 5250 illud
342 5199 493 5252 tunc
521 5199 783 5256 tenebat.
814 5204 963 5258 Nam
992 5204 1277 5275 praefatus
1309 5204 1581 5261 Aldricus
1609 5205 1846 5262 dicebat

170 5287 224 5338 et
252 5286 504 5358 scriptis
531 5290 587 5343 et
602 5288 852 5345 testibus
873 5292 1253 5364 approbabat
1289 5294 1454 5365 quod
1474 5293 1548 5350 de
1564 5294 1698 5367 jure
1721 5312 1843 5351 suae

170 5373 326 5430 sedis
343 5374 623 5431 ecclesiae
634 5376 954 5449 praefatum
965 5381 1398 5438 monasterium
1412 5400 1549 5439 cum
1561 5385 1845 5440 omnibus

174 5461 247 5516 ad
269 5480 337 5519 se
353 5464 809 5537 pertinentibus
825 5484 954 5525 esse
972 5470 1315 5539 debebat,et
1329 5472 1419 5528 sui
1441 5476 1845 5530 antecessores

174 5548 312 5608 illud
341 5569 430 5609 ex
448 5554 634 5611 rebus
654 5559 1069 5615 Cenomanicie
1095 5561 1302 5617 matris
1330 5562 1591 5619 ecclesiae
1622 5578 1846 5633 magna

179 5652 243 5696 ex
266 5646 452 5715 parte
476 5642 830 5713 fundarant,
848 5652 905 5705 et
934 5649 1012 5707 ad
1034 5649 1233 5722 ipsam
1260 5660 1518 5709 matrem
1533 5652 1845 5711 ecclesiam

1879 4369 1926 4422 D

1962 3073 2065 3125 aut
2093 3070 2443 3141 injustitiam
2472 3072 2695 3129 factum
2727 3091 2856 3130 esse
2880 3076 3083 3148 liquet.
3117 3080 3278 3134 Tunc
3307 3080 3469 3137 enim
3488 3081 3618 3153 ipse

1961 3158 2273 3214 Sicbaldus
2303 3175 2427 3215 nou
2472 3160 2580 3215 fuit
2632 3177 2818 3217 ausus
2863 3163 2946 3218 ibi
2973 3180 3307 3233 remanere,
3340 3168 3446 3222 sed
3494 3184 3620 3226 una

1962 3264 2102 3302 cum
2133 3247 2387 3319 Pippino
2426 3264 2618 3319 usque
2662 3250 2723 3303 in
2756 3251 3065 3306 Franciam
3102 3254 3376 3324 perrexit.
3408 3257 3618 3340 Postea

1962 3352 2100 3392 vero
2128 3351 2497 3406 cognoscens
2543 3336 2826 3408 Pippinus
2856 3339 3023 3411 quod
3056 3339 3275 3411 injuste
3304 3341 3537 3400 fecisset
3561 3336 3618 3402 et

1961 3429 2204 3497 propter
2259 3425 2467 3481 odium
2517 3425 2851 3482 Gauzioleni
2900 3428 3015 3484 hoc
3062 3429 3303 3500 egisset,
3334 3433 3618 3507 praecepit
3714 3481 3730 3498 .

1961 3514 2083 3569 ﬁlio
2127 3531 2234 3570 suo
2267 3513 2476 3570 Carolo
2516 3518 2571 3569 et
2621 3515 3019 3586 jurejurando
3057 3522 3421 3583 contestatus
3460 3526 3616 3583 estut

1960 3604 2277 3676 praefatum
2302 3603 2738 3660 monasterium
2761 3604 3038 3662 redderet
3057 3609 3471 3666 Cenomanicaa
3486 3626 3615 3669 ma-

1961 3693 2033 3748 tri
2063 3693 2346 3763 ecclesiae,
2379 3693 2551 3762 cujus
2575 3694 2731 3763 juste
2759 3709 2887 3750 esse
2931 3695 3211 3764 debebat,
3244 3713 3321 3753 ue
3365 3698 3614 3771 aliquod

1960 3782 2381 3837 detrimentum
2414 3797 2526 3836 sua
2552 3782 2756 3837 anima
2782 3799 2855 3837 ex
2884 3783 2999 3839 hoc
3021 3784 3290 3841 haberet.
3324 3790 3391 3842 Et
3420 3788 3501 3843 sic
3532 3788 3613 3845 fe-

1959 3871 2035 3926 cit
2058 3873 2265 3942 postea
2293 3869 2554 3925 domnus
2595 3870 2840 3925 Carolus
2888 3876 2944 3926 et
2990 3873 3282 3929 Franconi
3325 3876 3609 3947 episcopo

1958 3960 2103 4015 illud
2125 3958 2403 4027 reddidit,
2437 3963 2614 4031 atque
2643 3975 2749 4031 per
2777 3965 3144 4034 praeceptum
3163 3978 3342 4019 suum
3362 3963 3612 4036 praedic-

1958 4053 2029 4104 ιω
2062 4048 2236 4105 matri
2265 4047 2525 4104 ecclesiae
2555 4048 2952 4106 conﬁrmavit.
2986 4050 3142 4107 Multi
3183 4056 3387 4109 autem
3413 4053 3611 4111 hacte-

1957 4153 2071 4192 nus
2096 4137 2301 4193 vivunt
2329 4135 2434 4208 qui
2463 4136 2690 4192 domno
2734 4137 2942 4193 Carolo
2994 4138 3110 4195 hoc
3157 4132 3355 4197 dicere
3400 4141 3607 4198 audie-

1955 4230 2114 4295 runt,
2143 4225 2400 4299 qualiter
2422 4242 2567 4281 suus
2598 4229 2766 4298 pater
2794 4226 3058 4283 domnus
3086 4228 3372 4301 Pippinus
3412 4231 3466 4288 ei
3492 4231 3609 4288 hoc

1959 4315 2347 4372 contestando
2378 4314 2572 4370 facere
2601 4316 2897 4388 praecepit.
2933 4320 2999 4371 Et
3035 4317 3283 4389 quando
3306 4319 3436 4388 jam
3488 4319 3610 4377 dic-

1956 4409 2085 4462 tum
2105 4403 2534 4461 monasterium
2562 4405 2855 4460 Branconi
2898 4405 3173 4474 reddidit,
3218 4408 3391 4463 multi
3447 4409 3606 4466 vive-

1958 4494 2102 4551 bant
2128 4494 2232 4567 qui
2260 4494 2374 4549 hoc
2396 4493 2692 4549 domuum
2712 4493 3031 4566 Pippinum
3051 4495 3262 4551 Carolo
3282 4496 3607 4568 praecipere

1957 4589 2014 4640 et
2032 4584 2348 4640 contestari
2369 4584 2707 4639 audierunt.
2733 4587 2911 4640 Istam
2938 4599 3078 4639 vero
3098 4584 3392 4640 rationem
3416 4584 3605 4655 pleni-

1953 4678 2043 4730 ter
2057 4673 2374 4746 praedictus
2386 4672 2654 4728 Aldricus
2666 4673 2985 4745 episcopus
2994 4675 3430 4744 perscrutatam
3440 4673 3607 4744 apud

1953 4763 2245 4819 veridicos
2282 4761 2557 4818 homines
2595 4761 2876 4827 habebat,
2909 4764 2965 4815 et
2996 4760 3112 4815 hoc
3156 4758 3403 4816 testibus
3449 4760 3606 4819 veris

1955 4855 2011 4908 et
2037 4851 2213 4907 bouis
2243 4866 2446 4906 coram
2476 4849 2758 4906 omnibus
2798 4846 3159 4906 afﬁrmabat.
3190 4849 3402 4906 Taliter
3444 4850 3607 4908 enim

1954 4940 2229 4996 Aldricus
2252 4943 2308 4995 et
2339 4937 2757 5009 Sigismundus
2778 4937 3150 5008 altercantes,
3174 4945 3443 5012 pervenit
3469 4941 3607 5014 ipsa

1952 5030 2101 5088 ratio
2131 5044 2326 5102 usque
2356 5028 2435 5084 ad
2463 5027 2759 5084 domuum
2806 5027 3232 5102 imperatorem
3261 5046 3274 5097 ;
3342 5030 3447 5101 qui
3489 5030 3606 5088 hoc

1951 5115 2199 5171 ﬁrmiter
2225 5113 2588 5188 inquirerere
2617 5113 2919 5187 praecepit,
2948 5117 3004 5170 et
3040 5113 3332 5171 veraciter
3371 5114 3485 5172 sibi
3511 5131 3605 5174 re-

1952 5205 2226 5262 nuntiare
2250 5203 2447 5276 jussit.
2477 5202 2593 5259 Sed
2622 5207 2947 5277 antequam
2988 5203 3125 5276 ipsa
3163 5204 3429 5261 causatio
3469 5209 3607 5264 ante

1954 5297 2251 5353 domuum
2296 5295 2720 5368 imperatorem
2773 5294 3018 5365 veniret,
3070 5293 3355 5351 volebant
3396 5311 3608 5354 eorum

1954 5384 2129 5442 amici
2161 5389 2217 5440 et
2245 5383 2390 5439 boni
2418 5380 2693 5438 homines
2717 5396 2820 5438 eos
2853 5381 2993 5437 inde
3017 5397 3237 5455 pacare
3267 5386 3325 5439 et
3355 5399 3607 5442 concor-

1954 5474 2117 5531 dare.
2141 5472 2255 5531 Sed
2275 5471 2549 5529 Aldricus
2571 5470 2890 5544 episcopus
2911 5469 3369 5544 obtemperabat
3394 5488 3609 5530 eorum

1949 5563 2125 5634 justis
2136 5562 2543 5635 petitionibus,
2558 5563 2616 5617 et
2632 5559 3051 5630 Sigismuudus
3069 5576 3193 5617 non
3211 5560 3609 5635 faciebat;sed

1956 5651 2255 5726 quidquid
2299 5654 2359 5709 et
2380 5651 2539 5723 juste
2563 5653 2622 5707 et
2647 5648 3076 5707 rationabiliter
3100 5649 3194 5706 sui
3222 5650 3401 5707 amici
3428 5662 3609 5718 agere
