4160 6182
160 198 248 263 at
1832 195 1846 227 ‘

1964 196 2016 253 λ.
3551 206 3622 261 89

155 324 387 385 venire
407 318 805 391 contempsit,
827 318 972 391 quia
997 318 1073 374 de
1102 332 1213 375 sua
1241 317 1518 375 absentia
1536 316 1854 390 culpabilis
1882 319 1932 374 A
1962 320 2143 379 dulto'
2186 330 2242 381 et
2289 325 2560 396 delegato
2586 325 2812 397 judicio
2839 325 3140 399 purgandi
3194 342 3255 382 se
3303 326 3618 384 occasione

159 417 229 470 et
262 409 583 468 convictus
602 422 745 463 esse
775 406 1182 477 cognoscitur,
1201 411 1258 463 et
1295 407 1349 463 ei
1376 409 1578 464 vestra
1595 406 1853 463 auctori-

161 504 302 556 tate
332 504 675 569 nostroque
697 494 929 566 judicio
958 494 1245 552 reddatur
1263 495 1582 568 praefatum
1611 509 1853 551 monas-

163 586 531 659 teriumqui
549 583 721 640 vobis
748 582 1104 639 inobediens
1130 599 1257 640 non
1285 582 1412 646 fuit,
1434 598 1546 639 nec
1564 582 1644 639 ad
1665 583 1853 656 placi-

167 683 321 733 tum
366 675 571 730 venire
602 671 818 733 renuit,
852 670 963 728 sed
993 687 1235 744 semper
1260 687 1525 745 praesens
1554 687 1694 728 cum
1724 672 1849 727 suis

176 761 656 821 auctoritatibus
685 764 741 816 et
768 760 1076 817 nobilibus
1113 760 1361 817 testibus
1398 759 1610 825 adfuit,
1644 764 1703 816 et
1736 761 1853 817 hoc

174 852 448 927 pleniter
472 854 531 906 et
558 848 833 919 legaliter
863 848 1205 921 approbare
1255 854 1342 905 est
1386 853 1638 921 paratus
1686 848 1852 921 quod

176 956 316 996 sum
340 937 507 995 sedis
529 936 796 994 ecclesia:
816 936 1133 1009 praefatum
1154 936 1589 993 monasterium
1601 953 1733 993 esse
1754 936 1855 993 de-

174 1028 307 1085 bet.
349 1031 418 1083 Et
438 1030 763 1099 propterea
802 1024 1054 1097 praafato
1107 1024 1345 1081 Aldrico
1369 1024 1653 1099 episcopo
1676 1025 1853 1081 ﬁrma

182 1116 550 1173 auctoritate
599 1112 681 1170 ad
719 1114 823 1185 jus
851 1128 977 1168 sum
1020 1112 1179 1168 sedis
1228 1112 1496 1170 ecclesiae
1533 1113 1852 1187 prmfatum

182 1203 633 1261 monasterium
654 1217 798 1258 cum
815 1201 983 1258 omni
1011 1200 1347 1272 integritate
1370 1206 1437 1257 ut
1458 1202 1747 1258 reddatur
1763 1202 1855 1273 ju-

183 1293 496 1350 dicamus.
515 1290 778 1357 Quidam
809 1293 1010 1345 autem
1026 1304 1235 1345 eorum
1260 1290 1538 1347 dixerunt
1555 1292 1665 1346 :De
1680 1290 1853 1346 nobis

186 1382 344 1454 ipsis
377 1381 547 1437 aliter
572 1380 842 1451 judicare
861 1394 983 1434 non
1002 1394 1352 1451 possumus,
1383 1378 1551 1450 quod
1575 1378 1622 1433 si
1641 1377 1852 1451 aliquis

192 1474 486 1525 nosu-um
500 1469 636 1524 licet
658 1467 892 1524 nemine
917 1471 1243 1539 quaerente,
1276 1472 1379 1522 aut
1409 1466 1615 1539 aliqua
1644 1482 1852 1522 causa-

202 1557 382 1611 tione
404 1554 696 1626 pulsante.
719 1559 961 1611 vocatus
993 1554 1073 1610 ad
1101 1558 1364 1611 vestrum
1380 1553 1669 1627 placitum
1693 1554 1850 1609 veni-

1960 426 2085 467 non
2124 413 2324 470 utitur.
2359 415 2507 470 Nihil
2535 416 2693 471 enim
2720 416 2962 471 interest
2992 420 3190 472 utrum
3220 416 3281 472 in
3332 417 3616 489 praesenti

1961 502 2236 557 examine
2266 505 2472 560 omnia
2497 521 2632 577 quae
2656 505 2815 561 dicta
2845 510 2987 560 sunt
3013 504 3087 560 de
3117 522 3188 562 eo
3214 506 3614 577 comproben-

1962 595 2074 658 tur,
2100 607 2240 648 cum
2266 591 2399 665 ipsa
2427 593 2698 650 absentia
2744 610 2854 667 pro
2903 593 3275 651 confessione
3306 600 3539 652 constet
3566 604 3611 651 ³.

2102 701 2249 756 Item
2280 716 2355 756 ex
2379 701 2630 757 decretis
2659 703 2921 771 ejusdem
2944 703 3252 772 Bonifacii
3266 718 3466 773 papae.

2032 806 2182 862 Nulli
2216 806 2468 862 dubium
2526 811 2613 862 est
2650 808 2816 880 quod
2873 825 3009 863 reus
3057 808 3351 879 judicium
3388 825 3612 866 nocens

1961 894 2334 966 subterfugit,
2366 896 2885 968 quemadmodum
2913 902 2978 953 ut
3007 897 3358 953 absolvatur
3385 898 3505 970 .qui
3531 903 3617 954 est

1959 984 2248 1040 innocens
2301 984 2530 1057 quaerit.
2590 985 2913 1041 Conﬁtetur
2985 986 3144 1041 enim
3204 986 3279 1042 de
3331 987 3614 1042 omnibus

1959 1074 2236 1147 quisquis
2294 1091 2355 1130 se
2406 1073 2813 1143 subterfugere
2862 1074 3160 1145 judicium
3227 1074 3615 1131 dilationibus

1958 1167 2151 1236 putat.

2346 1256 2491 1310 Item
2519 1255 2778 1325 ejusdem
2813 1257 2985 1324 cujus
3015 1269 3220 1324 supra.

2033 1359 2380 1415 Cavendum
2416 1366 2502 1415 est
2532 1365 2598 1415 ut
2620 1359 2670 1414 si
2700 1354 2834 1431 quis
2864 1359 3076 1415 adesse
3097 1358 3438 1430 neglexerit,
3471 1359 3614 1415 dila-

1959 1446 2183 1504 tionem
2238 1448 2545 1504 seutentiaa
2595 1447 2669 1503 de
2698 1447 2974 1503 absentia
3006 1462 3128 1502 non
3158 1446 3452 1514 lucretur;
3507 1446 3611 1502 sed

1957 1552 2095 1608 quae
2122 1537 2278 1592 male
2307 1537 2629 1609 pullulasse
2657 1540 3008 1604 noscuntur,
3039 1535 3324 1592 radicitus
3355 1535 3611 1592 evellan-

207 1659 279 1699 re
313 1642 734 1713 contempserit,
761 1643 818 1698 ni
846 1642 1167 1699 inﬁrmitas
1192 1648 1295 1699 aut
1312 1642 1582 1713 legitima
1622 1642 1849 1698 somnis
1889 1672 1930 1725 Β
1961 1631 2053 1682 tu“
2073 1630 2129 1682 et
2155 1627 2567 1725 emenq‘emllr-

203 1747 349 1787 eum
379 1730 699 1798 detinuerit,
732 1736 788 1787 et
818 1731 869 1786 si
891 1730 1098 1803 aliqua
1124 1731 1373 1803 somnis,
1403 1736 1506 1787 aut
1532 1730 1850 1787 inﬁrmitas

191 1835 336 1876 eum
363 1818 694 1887 detinuerit,
715 1820 778 1875 ni
802 1821 932 1893 ipse
953 1836 1132 1876 suum
1158 1820 1521 1877 advocatum
1545 1824 1650 1876 aut
1670 1835 1849 1875 suam

181 1908 643 1963 excusationem
665 1908 1089 1964 rationabilem
1112 1908 1188 1964 ad
1210 1925 1321 1965 vos
1350 1908 1596 1980 miserit,
1619 1909 1779 1980 juste
1791 1912 1849 1963 et

172 1995 369 2069 plena
392 1995 627 2052 ratione
658 1996 914 2068 perdere
942 1995 1117 2052 debet
1138 1998 1553 2069 unusquisque
1572 2002 1846 2054 nostrum

169 2083 349 2157 quod
378 2083 462 2139 de
488 2090 689 2140 vestro
719 2084 926 2140 habet.
960 2086 1027 2140 Et
1052 2090 1369 2156 propterea
1396 2085 1549 2141 sicut
1574 2090 1631 2141 et
1645 2084 1721 2140 de
1743 2100 1848 2140 no-

164 2172 285 2239 bis,
320 2172 413 2227 sie
446 2176 510 2227 et
538 2172 618 2227 de
646 2171 750 2227 illo
775 2172 1153 2242 judicamus;
1190 2173 1341 2244 quia
1385 2179 1665 2229 neutrum
1696 2173 1846 2239 fecit,

165 2277 279 2317 nec
310 2260 469 2332 ipse
492 2259 682 2321 venit,
715 2275 826 2315 nec
846 2259 1137 2316 mandare
1165 2260 1395 2316 studuit
1450 2276 1556 2316 cur
1584 2260 1729 2316 illud
1770 2259 1854 2315 di-

165 2350 355 2405 misit.
380 2345 516 2405 Sed
537 2346 694 2402 sicut
718 2346 814 2402 isti
832 2347 1106 2403 homines
1129 2348 1234 2420 qui
1246 2352 1572 2420 prasseates
1591 2348 1847 2418 adstant,

164 2435 235 2492 id
252 2441 347 2492 est
376 2434 657 2503 Hagano
688 2438 746 2489 et
778 2433 1127 2490 Benedictus
1150 2439 1208 2491 et
1235 2434 1354 2498 alii,
1382 2434 1587 2492 dicunt
1612 2441 1665 2491 et
1694 2434 1848 2492 affir-

166 2540 348 2580 mare
378 2521 602 2578 volunt
640 2520 1146 2595 qualitercuuque
1192 2523 1361 2579 vobis
1391 2524 1694 2596 placuerit,
1721 2524 1843 2581 sive

175 2614 228 2668 si
256 2611 486 2684 aliquis
515 2625 591 2666 ex
619 2609 798 2665 vobis
831 2608 1006 2665 aliter
1032 2610 1259 2681 dixerit,
1306 2611 1605 2680 singulare
1658 2616 1842 2669 certa-

179 2716 325 2756 men
349 2714 494 2755 cum
521 2713 594 2754 eo
621 2696 889 2771 prazliari
918 2697 1044 2753 sive
1068 2697 1128 2753 in
1153 2697 1399 2769 judicio,
1432 2699 1480 2755 si
1511 2700 1679 2756 vobis
1709 2700 1841 2774 pla-

180 2788 391 2855 cuerit,
425 2802 533 2842 seu
560 2802 698 2842 cum
719 2792 1106 2842 sacramento
1132 2802 1337 2843 verum
1368 2788 1563 2845 facere
1610 2790 1843 2846 nullam

185 2876 265 2932 ob
293 2875 483 2931 aliam
506 2889 757 2930 causam
785 2873 1110 2947 praifatum
1133 2875 1587 2946 Sigismundum
1609 2894 1846 2934 reman-

185 2966 357 3031 sisse,
410 2979 605 3035 neque
641 2968 885 3036 propter
916 2963 1348 3035 inﬁrmitatem,
1380 2981 1578 3038 neque
1602 2971 1846 3039 propter

190 3051 377 3107 aliam
407 3050 838 3118 necessitatem,
866 3050 980 3106 nisi
1005 3051 1173 3123 quod
1200 3052 1415 3124 venire,
1438 3068 1512 3108 ne
1535 3055 1847 3110 convince-

186 3148 372 3210 retur,
406 3139 614 3199 noluit,
633 3140 775 3211 quia
795 3139 1025 3195 nullam
1037 3140 1335 3211 justitiam
1354 3157 1551 3215 neque
1575 3142 1842 3215 aliquam

187 3230 431 3299 justam
463 3232 565 3280 aut
585 3226 993 3284 rationabilem
1021 3244 1276 3284 causam
1317 3229 1609 3301 praedicta
1646 3246 1845 3301 (Ῑυξεε-

194 3317 371 3370 tione
391 3329 459 3366 se
483 3314 704 3367 habere
730 3316 1070 3371 conﬁdebat.
1102 3320 1171 3373 Et
1199 3318 1326 3373 haec
1353 3318 1625 3389 praedicti
1649 3318 1845 3374 homi-

211 3416 325 3455 nes
341 3398 603 3471 quotidie
624 3404 756 3456 ante
783 3417 883 3458 vos
903 3410 956 3459 et
983 3411 1113 3461 ante
1139 3421 1254 3461 nos
1275 3410 1332 3461 et
1353 3404 1616 3477 reliquos
1639 3406 1846 3463 ﬁdeles

210 3493 441 3543 vestros
467 3486 742 3551 clamant,
775 3495 832 3546 et
859 3493 1212 3564 approbare,
1274 3493 1425 3549 sicut
1471 3494 1842 3566 praedictum,

199 3582 307 3639 est,
334 3574 426 3632 vel
446 3576 697 3648 qualiter
712 3594 815 3634 vos
836 3579 1125 3652 placuerit
1146 3586 1203 3637 et
1225 3582 1309 3638 eis
1329 3587 1699 3655 praeceptum
1721 3582 1846 3640 fue-

189 3666 266 3722 rit
291 3664 516 3721 volunt.
550 3668 616 3722 Et
640 3666 755 3722 hoc
775 3669 1099 3742 saepissime
1120 3670 1434 3743 publiciter
1452 3671 1512 3727 in
1542 3672 1656 3728 hoc
1677 3672 1846 3745 pala-

192 3755 275 3811 tio
299 3757 392 3808 est
417 3753 813 3813 acclamatum
835 3763 893 3813 et
908 3758 1308 3832 perquisitum
1333 3759 1511 3816 nobis
1542 3765 1597 3817 et
1620 3761 1845 3817 caeteris

188 3841 469 3898 ﬁdelibus
498 3844 710 3899 vestris
736 3845 1117 3904 audientibus
1149 3864 1163 3903 :
1190 3848 1296 3905 sed
1322 3865 1502 3905 nemo
1520 3855 1611 3906 est
1634 3851 1738 3923 qui
1760 3849 1844 3905 eis

185 3930 595 3987 contradicere
626 3939 731 3989 aut
781 3935 1052 3992 resistere
1107 3936 1266 4008 velit,
1297 3937 1401 3993 sed
1452 3937 1589 4010 plus
1637 3939 1846 3994 dicunt

184 4036 394 4076 omnes
423 4036 532 4076 eos
552 4022 859 4080 veritatem
888 4024 1102 4093 dicere,
1122 4026 1288 4099 quod
1317 4033 1372 4083 et
1399 4026 1714 4083 verisimile
1734 4041 1843 4083 no-

180 4109 272 4163 bis
300 4124 435 4164 esse
482 4108 734 4166 videtur.
767 4113 859 4168 Sic
890 4129 994 4169 vos
1031 4114 1164 4185 jam
1203 4114 1547 4187 quindecim
1579 4115 1705 4170 dies
1738 4130 1845 4187 per

187 4196 349 4252 aliud
364 4197 659 4270 placitum
674 4199 767 4255 vel
789 4201 1025 4258 tertium
1042 4208 1098 4259 et
1117 4219 1472 4259 concessum
1496 4209 1843 4276 exspectan-

186 4292 288 4355 tes,
312 4301 515 4358 neque
554 4303 735 4343 suum
766 4288 1128 4347 advocatum
1156 4296 1262 4347 aut
1288 4307 1431 4348 suas
1461 4292 1841 4349 auctoritates

2332 1716 2427 1770 Ea:
2456 1715 2704 1771 decretis
2727 1714 3033 1771 Ccelestini
3051 1729 3247 1783 papa.

2032 1824 2157 1876 Non
2186 1826 2345 1877 caret
2374 1821 2533 1877 enim
2563 1821 2899 1894 suspicione
2922 1820 3027 1893 qui
3058 1820 3136 1877 ad
3184 1819 3480 1891 judicium
3511 1836 3610 1875 ve-

1960 1910 2087 1965 nire
2134 1910 2553 1982 contempserit
2605 1916 2661 1967 et
2714 1910 2957 1983 purgari
3017 1926 3081 1964 se
3109 1907 3420 1979 distulerit,
3469 1908 3612 1981 quia

1959 2000 2092 2072 ipsa
2118 1996 2390 2053 absentia
2421 2015 2530 2055 sua
2559 2004 2646 2054 est
2673 1999 3106 2071 comprobatio.
3140 1999 3386 2071 Insuper
3406 2013 3611 2054 occur-

1958 2091 2047 2144 ret
2076 2086 2312 2153 veritas,
2366 2087 2413 2142 si
2470 2087 2695 2143 falsitas
2756 2087 3049 2159 displicet.
3104 2088 3302 2144 Merito
3346 2102 3611 2158 namque

1960 2188 2148 2228 causa
2199 2186 2310 2227 nos
2366 2171 2602 2244 respicit
2659 2172 2709 2226 si
2761 2171 2992 2227 silentio
3038 2171 3348 2227 faveamus
3404 2170 3607 2225 errori.

1961 2263 2114 2330 Ergo
2144 2258 2540 2332 corripiantur
2581 2259 2684 2332 qui
2712 2259 2815 2330 huj
2827 2258 3067 2314 usmodi
3096 2261 3238 2313 sunt
3261 2257 3460 2312 modis
3484 2272 3611 2312 om-

1960 2350 2162 2414 nibus,
2220 2353 2287 2404 ut
2331 2348 2550 2404 veritas
2580 2363 2788 2404 eorum
2842 2346 3113 2402 versutiis
3166 2361 3289 2401 non
3319 2344 3609 2417 sopiatur,

1962 2439 2070 2495 sed
2098 2441 2296 2494 astuta
2316 2453 2523 2493 eorum
2553 2436 2848 2493 cavillatio
2878 2435 3188 2509 aptissime
3213 2439 3269 2492 et
3288 2433 3613 2509 prudenter

1962 2528 2245 2587 omnibus
2270 2526 2680 2583 manifestetur
2708 2531 2765 2583 et
2791 2526 3159 2593 emendetur,
3220 2529 3400 2598 atque
3449 2522 3613 2580 resti-

1961 2618 2159 2670 tuatur
2213 2614 2378 2687 quod
2451 2614 2741 2670 hactenus
2794 2614 3093 2671 occultum
3160 2618 3218 2671 et
3272 2612 3612 2683 neglectum

1958 2702 2088 2760 fuit.

2015 2812 2165 2866 Item
2195 2817 2537 2882 excerptum
2561 2826 2636 2868 eo:
2663 2811 2913 2868 decretis
2939 2826 3117 2881 papa?
3140 2810 3474 2867 Innocentii
3504 2809 3549 2863 ιι.

1970 2974 1981 2983 ,
2028 2917 2256 2974 Veritas
2288 2917 2504 2990 saepius
2544 2916 2833 2987 exagitata
2869 2916 3066 2986 magis
3126 2915 3501 2989 splendescat
3528 2913 3609 2970 ad

1886 3021 1929 3078 α
1955 3005 2175 3078 lucem,
2230 3012 2286 3062 et
2311 3006 2601 3080 pernicies
2630 3009 2905 3063 revocata
2937 3005 2997 3062 in
3024 3005 3320 3076 judicium
3368 3003 3612 3075 gravius

1956 3096 2410 3153 condemnatur.
2465 3100 2614 3151 Nam
2642 3094 2869 3151 fructus
2921 3094 3162 3149 divinus
3205 3098 3294 3149 est
3315 3092 3612 3163 justitiam

1955 3186 2175 3258 saepius
2202 3184 2517 3249 recenseri,
2574 3188 2630 3238 et
2657 3187 2853 3237 errata
2903 3181 3218 3251 corrigere,
3267 3180 3467 3233 ablata
3494 3194 3611 3232 res-

1954 3278 2209 3330 tziurare.
2246 3276 2357 3328 Nec
2387 3272 2576 3326 otiosa
2604 3286 2746 3341 ergo
2779 3269 3066 3323 Dominus
3090 3266 3279 3338 judex
3318 3270 3519 3322 noster
3548 3265 3611 3321 in

1952 3363 2129 3420 nobis
2155 3377 2283 3418 esse
2310 3360 2529 3434 patitur
2555 3376 2690 3433 quae
2718 3357 3072 3427 exercenda,
3099 3374 3220 3414 non
3250 3355 3612 3428 negligenda

1952 3451 2196 3508 donavit
2213 3461 2254 3507 °.

2021 3542 2340 3613 Sequentia
2372 3556 2509 3597 vero
2540 3541 2812 3610 capitula
2860 3539 2942 3596 ad
2997 3538 3261 3596 eamdem
3311 3538 3605 3594 rationem

1950 3634 2314 3702 pertinentia
2343 3647 2380 3687 α
2409 3631 2777 3701 sapientibus
2806 3629 3114 3685 comitibus
3144 3635 3201 3684 et
3230 3628 3484 3685 scabinis
3510 3627 3609 3684 do-

1954 3723 2186 3777 minicis
2215 3727 2353 3778 sunt
2377 3723 2660 3790 prolata;
2696 3725 2751 3777 et
2778 3736 2888 3788 per
2905 3720 3211 3789 judicium
3243 3734 3445 3775 coram
3489 3733 3606 3773 om-

1952 3810 2125 3866 nibus
2149 3816 2289 3866 sunt
2312 3812 2590 3867 recitata.

2024 3918 2156 3971 Haec
2184 3914 2446 3989 capitula
2477 3931 2614 3987 quae
2644 3913 3097 3985 subsequuntur
3144 3911 3219 3967 de
3267 3910 3395 3980 lege
3426 3912 3534 3966 Ro-

2426 4020 2612 4060 mana
2640 4007 2781 4059 sunt
2809 4006 3138 4074 assumpta.

2023 4115 2361 4182 Imperator
2400 4112 2855 4169 Valentinianus
2908 4111 3065 4167 inter
3092 4114 3306 4166 caetera
3331 4110 3601 4165 Firmino

1948 4205 2232 4273 praefecto
2250 4204 2542 4273 praetoria
2569 4207 2624 4258 et
2646 4203 2910 4272 patricio
2940 4200 3085 4256 data
3104 4200 3149 4252 ά.
3181 4199 3238 4256 Si
3291 4199 3427 4273 quis
3476 4200 3602 4271 pul-

1952 4297 2121 4349 satus
2168 4292 2230 4348 in
2269 4292 2494 4364 judicio
2522 4290 2736 4348 adesse
2788 4290 3062 4359 noluerit,
3102 4294 3238 4363 post
3269 4290 3601 4345 secundam

187 4374 359 4440 misit,
383 4390 586 4447 neque
616 4375 801 4432 ullam
825 4380 1278 4435 excusationem
1317 4380 1392 4436 de
1424 4397 1486 4436 se
1518 4380 1607 4436 vel
1629 4381 1701 4436 dc
1729 4397 1838 4436 suo
1877 4367 1919 4421 ο
1950 4386 2053 4438 aut
2109 4382 2339 4439 tertiam
2395 4381 2848 4437 conventionem
2908 4381 3055 4436 sciat
3110 4396 3175 4435 se
3229 4380 3601 4435 contumacis

185 4468 534 4535 contemptu
558 4462 759 4521 facere
783 4466 991 4523 noluit.
1046 4468 1270 4525 Idcirco
1298 4469 1372 4524 de
1398 4485 1512 4525 sua
1566 4469 1841 4526 absentia

189 4552 268 4606 vel
291 4553 687 4609 contumacia
726 4555 859 4626 jam
888 4557 1230 4614 convictum
1276 4562 1456 4631 atque
1482 4558 1839 4615 damnatum

190 4654 316 4696 eum
338 4657 472 4696 esse
497 4641 738 4713 legibus
750 4644 1115 4715 judicamus,
1136 4646 1219 4703 ita
1232 4653 1296 4702 ut
1316 4664 1424 4703 nec
1444 4648 1572 4719 ejus
1590 4664 1700 4704 vox
1718 4666 1841 4704 am-

194 4726 335 4797 plius
352 4729 430 4784 de
460 4729 581 4786 hac
619 4747 809 4787 causa
831 4733 1132 4790 audiatur.
1164 4737 1232 4790 Et
1271 4739 1335 4791 ut
1360 4735 1473 4791 hoc
1503 4735 1669 4807 quod
1699 4735 1841 4791 dici-

199 4830 320 4871 mus
361 4819 791 4889 etjudicamus
847 4824 1196 4880 auctoritate
1254 4841 1560 4881 canonum
1590 4831 1646 4881 et
1692 4825 1839 4896 legis

209 4902 419 4971 plenius
445 4910 900 4982 conﬁrmamus,
933 4929 1254 4985 precamur
1285 4919 1346 4970 ut
1380 4915 1682 4971 nonnullae
1710 4931 1840 4970 sen-

207 4994 391 5047 tentiae
411 5000 480 5051 ad
500 5002 614 5056 hoc
638 5002 1003 5074 pertinentes
1031 5019 1338 5060 canonum
1370 5011 1425 5061 et
1468 5004 1671 5075 legum
1702 5010 1838 5059 ante

199 5096 309 5135 vos
335 5080 806 5158 legerejubeatis.
827 5095 890 5148 Et
906 5097 1047 5149 tunc
1073 5093 1310 5167 publice
1328 5110 1532 5150 eorum
1554 5095 1836 5150 omnibus

188 5170 461 5227 recitatae
490 5185 615 5234 sunt
630 5180 721 5236 hae
750 5184 1059 5239 sententia
1088 5200 1392 5240 canonum
1420 5191 1476 5240 et
1504 5184 1729 5254 legum.

184 5261 559 5333 Exemplum
575 5270 1090 5343 exdecretispapw
1100 5274 1425 5344 Boni/acii,
1442 5275 1706 5343 capitulo
1725 5275 1834 5330 Ill.

247 5350 626 5413 Manifestum
654 5364 746 5415 est
771 5359 1044 5416 conﬁteri
1068 5377 1208 5417 eum
1239 5361 1314 5417 de
1345 5361 1591 5419 crimine
1620 5361 1729 5434 qui
1752 5362 1839 5418 in-

246 5502 272 5572 f
307 5494 435 5572 l_.ib.
472 5512 509 5550 v
531 5498 812 5572 Capitul.,
844 5517 900 5571 c,
927 5505 1028 5570 37;
1061 5501 1162 5558 lib.
1193 5519 1288 5569 vn,
1318 5507 1476 5560 c.43.

244 5564 273 5604 δ
312 5565 569 5625 Decreta
594 5564 778 5627 lhnoe
800 5564 851 5635 ⁷1,
872 5564 924 5628 c.
958 5564 1047 5629 35.

247 5646 270 5673 ε
300 5639 536 5697 Decret.
566 5641 866 5700 leestini
894 5644 937 5713 Ι,
965 5660 1017 5702 c.
1046 5644 1127 5701 12.

1952 4470 2304 4527 sententiam
2334 4470 2695 4537 subiturum,
2720 4469 2781 4525 id
2809 4475 2896 4526 est
2936 4475 2998 4526 ut
3035 4468 3353 4543 quidquid,
3387 4469 3434 4522 si
3463 4468 3601 4521 fuis-

1950 4564 2041 4617 set
2069 4561 2130 4615 in
2155 4559 2380 4631 judicio
2428 4558 2800 4629 addicendus
2856 4564 3001 4629 erat,
3055 4558 3275 4630 petenti
3321 4553 3599 4622 litigatori

1946 4649 2123 4724 quasi
2143 4653 2332 4704 victus
2363 4648 2648 4705 exsolvat.
2698 4650 2845 4704 Data
2894 4664 2994 4702 vn.
3045 4645 3177 4701 Kal.
3212 4643 3342 4700 Maii
3376 4645 3597 4706 Romae,

1948 4737 2282 4794 Herculano
2312 4740 2374 4793 V.
2401 4739 2462 4794 C.
2494 4752 2658 4793 cons.

2020 4827 2291 4895 Quinque
2311 4826 2581 4892 capitula
2602 4824 2675 4877 de
2703 4823 2912 4890 e/l‘ectu
2933 4819 3364 4875 sententiarum
3385 4832 3436 4874 el
3465 4819 3599 4887 ﬁni-

1951 4918 2053 4973 bus
2088 4916 2281 4969 litium
2306 4913 2486 4967 Pauli
2521 4915 2951 4966 sententiarum
2975 4908 3075 4964 tib.
3108 4926 3145 4965 v
3174 4918 3217 4966 °.
3247 4908 3599 4982 Quicunque

1948 5007 2135 5061 tribus
2162 4999 2611 5056 auctoritatibus
2648 4998 2866 5069 judicis
2897 5003 3246 5068 conventus,
3302 5004 3405 5056 aut
3434 5001 3600 5057 trinis

1946 5093 2151 5150 litteris
2170 5089 2261 5146 vel
2283 5090 2470 5146 tribus
2488 5089 2692 5144 edictis
2710 5088 2786 5145 ad
2798 5089 2819 5160 j
2832 5089 3094 5146 udicium
3120 5089 3294 5145 fuerit
3312 5105 3603 5163 provoca-

1951 5190 2063 5252 tus,
2082 5186 2188 5239 aut
2208 5197 2328 5237 uno
2350 5196 2458 5253 pro
2479 5180 2761 5236 omnibus
2797 5180 3216 5251 peremptorio,
3234 5179 3296 5235 id
3317 5185 3409 5236 est
3433 5180 3602 5253 quod

1947 5289 2196 5330 causam
2222 5270 2565 5342 exstinguit,
2588 5270 3081 5340 fueritevocatus,
3110 5276 3168 5326 et
3214 5271 3601 5343 praesentiam

1949 5379 2127 5419 suam
2147 5360 2310 5434 apud
2333 5376 2471 5417 eum
2486 5359 2753 5432 judicem
2773 5374 2809 5415 a
2838 5375 2961 5432 quo
3009 5360 3062 5416 ei
3105 5360 3481 5417 deuutiatum
3511 5368 3605 5422 est

2020 5506 2045 5540 ιι
2078 5502 2508 5584 §ovell_.._uuica
2536 5502 2609 5584 de
2635 5502 2814 5584 episc.
2844 5502 3070 5584 judicio
3099 5501 3161 5557 in
3190 5502 3490 5574 interpret.

2019 5584 2040 5607 θ
2081 5574 2242 5633 Paul.
2274 5574 2377 5631 lib.
2404 5577 2640 5642 vSeut.,
2674 5574 2757 5630 tit.
2782 5580 2812 5630 5
2842 5574 2905 5630 in
2929 5574 3141 5646 interp.
