4160 6182
558 176 627 233 88
1661 166 1945 222 ALDRICI
1985 157 2519 221 CENOMANENSIS
2556 157 2871 215 EPISCOPI
3856 218 3861 225 .
3921 159 3997 214 ει

560 297 842 358 exhibere
866 295 1137 363 voluerit,
1169 293 1459 349 adversus
1491 307 1627 346 eum
1673 290 1850 363 quasi
1902 289 1962 345 in
2009 288 2214 343 contu-
2240 286 2289 338 Α
2327 280 2847 352 comprobandum
2894 281 3099 345 defuit,
3143 282 3345 336 vestra
3371 278 3721 335 auctoritate
3769 285 4003 338 vestro-

561 405 796 447 macem
847 385 1102 458 judicari
1157 384 1371 455 potest.
1424 380 1702 445 Quinimo
1750 394 1859 433 nec
1913 373 2216 433 retractari

563 493 670 549 per
698 474 1161 548 appellationem
1180 467 1422 538 negotia
1446 470 1724 539 possunt,
1746 466 1979 539 quoties
2000 465 2060 520 in
2081 478 2219 519 con-

563 570 867 622 tumacem
894 562 1066 620 fuerit
1089 559 1447 631 judicatum.

637 673 783 728 Item
817 667 1171 725 Theodosius
1203 666 1358 720 libro
1395 670 1612 735 quarto
1643 663 1714 720 de
1741 663 2045 719 sententiis
2077 676 2151 717 ea:

1071 754 1347 824 periculo
1376 754 1712 808 recitatum.

637 848 1030 914 Imperatores
1054 844 1402 909 Gratianus,
1466 842 1918 897 Valentinianus
1948 844 2001 895 et
2049 837 2226 893 Theo-

565 936 761 992 dosius
787 934 975 989 AAA.
1010 931 1304 989 Clearcho
1318 931 1619 1001 praefecto.
1648 928 1947 1002 Quidquid
1971 942 2227 1001 praesen-

562 1024 723 1082 tibus
754 1022 1025 1095 partibus
1053 1021 1116 1076 in
1163 1019 1363 1076 causis
1402 1018 1572 1075 fuerit
1622 1018 1988 1086 ordinatum,
2039 1015 2224 1071 habe-

564 1113 653 1169 bit
714 1110 1128 1184 plenissimam
1179 1108 1541 1173 ﬁrmitatem,
1586 1123 1697 1161 nec
1745 1106 1958 1180 poterit
2007 1106 2225 1159 immu-

566 1201 700 1257 tari.
755 1200 903 1255 Data
958 1197 1085 1255 Kal.
1144 1196 1352 1270 April,
1413 1197 1672 1252 Honorio
1738 1198 1851 1252 Vlll
1919 1199 1976 1251 et
2026 1193 2228 1249 Boetio

570 1305 768 1346 CODSS.

569 1398 856 1469 Sequitur
882 1395 1177 1452 sententia
1200 1394 1273 1449 de
1298 1392 1500 1449 eadem
1530 1394 1656 1463 lege
1675 1394 1941 1449 Romana
1971 1392 2044 1447 de
2075 1390 2229 1446 lii/ro

1123 1482 1314 1538 Pauli
1341 1487 1671 1551 assumpta.

648 1591 703 1649 Si
732 1590 892 1646 enim
911 1588 1221 1660 judicibus
1244 1588 1383 1643 talia
1408 1587 1837 1655 conceduntur,
1855 1590 2082 1659 quanto
2105 1601 2228 1640 ma~

575 1680 663 1751 gis
693 1678 934 1749 regibus
959 1683 1016 1734 et
1040 1676 1501 1749 imperatoribus
1516 1676 1687 1732 frena
1711 1681 1766 1731 et
1784 1675 1914 1731 lora
1938 1673 2231 1745 ampliora

575 1772 632 1825 et
657 1767 871 1824 latiora
899 1767 1260 1834 relaxantur,
1287 1764 1577 1838 quoniam
1616 1765 1690 1819 de
1721 1763 1966 1819 crimine
2016 1762 2231 1832 majes-

575 1857 709 1913 tatis
753 1856 989 1926 gravius
1029 1854 1371 1926 iudicantur
1411 1852 1495 1909 rei
1537 1857 1594 1908 et
1640 1851 1997 1907 incriminati
2045 1866 2230 1922 quam

576 1944 816 2002 alterius
858 1944 1112 2015 alicujus
1171 1942 1403 2013 generis
1460 1941 1789 1997 saecularis:
1845 1939 1988 2013 quia
2041 1940 2232 1994 honor

576 2033 789 2106 capitis
820 2032 1005 2089 decus
1034 2036 1125 2087 est
1152 2031 1408 2088 aliorum
1439 2030 1874 2099 membrorum,
1894 2032 1950 2085 et
1969 2027 2231 2083 dedecus

576 2122 784 2195 capitis
814 2120 1146 2192 ignominia
1188 2123 1279 2176 est
1308 2119 1561 2175 aliorum
1593 2118 2022 2174 membrorum.
2054 2119 2230 2172 Porro

573 2209 719 2283 quia
769 2209 975 2264 omnia
1039 2207 1315 2264 membra
1372 2212 1704 2279 sequuntur
1760 2212 1958 2278 caput,
2014 2204 2233 2260 scilicet

575 2303 640 2355 ut
686 2298 750 2354 in
805 2296 1254 2369 comparatione
1305 2296 1817 2369 praedecessorum
1866 2298 2228 2360 nostrorum,

573 2402 743 2443 more
777 2385 1050 2442 videlicet
1098 2385 1505 2458 antiquorum,
1550 2384 1893 2455 loquamur,
1950 2383 2103 2438 sicut
2154 2381 2232 2436 ab

572 2474 689 2530 illis
727 2490 853 2530 non
899 2473 1085 2529 semel
1125 2478 1229 2529 aut
1272 2472 1367 2528 bis
1414 2472 1509 2528 vel
1556 2477 1639 2527 ter
1683 2472 1787 2527 sed
1819 2487 2085 2543 persaepe
2136 2469 2231 2525 ﬁr-

574 2566 807 2619 matum
839 2565 896 2618 et
923 2560 1235 2617 deﬁnitum
1273 2576 1401 2616 esse
1443 2560 1719 2630 legimus,
1761 2558 2153 2614 delionoratio
2178 2563 2235 2613 et

575 2650 876 2723 despectio
926 2649 1233 2705 seniorum
1291 2654 1349 2705 et
1388 2648 1811 2718 magistrorum
1842 2652 1899 2703 et
1919 2652 2230 2703 contuma-

576 2739 668 2796 cia
731 2754 941 2795 eorum
999 2737 1360 2794 contumelia
1400 2741 1487 2793 est
1534 2736 1911 2791 subditorum
1957 2740 2013 2791 et
2037 2735 2208 2806 junio

574 2844 730 2896 rum,
764 2832 821 2883 et
843 2827 1037 2883 honor
1065 2830 1122 2883 et
1162 2823 1440 2882 exaltatio
1492 2829 1670 2898 atque
1718 2822 2132 2880 benevolentia
2178 2828 2235 2879 et

574 2914 914 2973 obedienda
943 2915 1246 2971 seniorum
1262 2919 1318 2970 et
1340 2914 1765 2984 magistrorum
1788 2914 1979 2969 honor
2002 2917 2057 2968 et
2076 2912 2232 2968 exal-

573 3004 718 3062 tatio
746 3008 833 3061 est
862 3004 1243 3061 subditorum
1272 3007 1328 3060 et
1352 3003 1683 3074 juniorum,
1729 3000 1873 3075 quia
1922 3006 1975 3057 et
2024 3001 2104 3057 illi
2154 3001 2231 3056 ab
2262 2985 2303 3042 Β

570 3092 697 3150 istis
725 3097 784 3149 et
810 3093 904 3150 isti
933 3092 1142 3150 abillis
1174 3096 1384 3149 mutuo
1415 3091 1684 3147 foventur
1712 3096 1769 3147 et
1792 3091 2146 3160 exaltautur,
2178 3095 2234 3146 et

569 3182 739 3253 regni
767 3186 823 3239 et
849 3182 1217 3256 populorum
1246 3180 1587 3254 ampliatur,
1636 3186 1690 3235 et
1721 3179 1805 3235 vis
1851 3184 2029 3253 atque
2067 3179 2234 3251 justi-

569 3270 656 3326 tia
684 3286 893 3326 eorum
925 3272 1133 3326 crescit
1157 3274 1215 3325 et
1239 3269 1499 3342 populus
1530 3268 1793 3324 salvatur
1833 3273 1888 3324 et
1919 3267 2228 3325 exaltatur.

572 3356 631 3413 Si
656 3358 791 3428 quis
822 3362 1024 3412 autem
1048 3362 1257 3412 contra
1284 3358 1412 3412 haec
1442 3356 1587 3411 inire
1620 3362 1724 3411 aut
1761 3356 1963 3428 aliqua
2009 3357 2235 3412 machi-

569 3448 813 3501 natione
843 3443 1072 3514 aliquid
1097 3458 1273 3511 agere
1302 3443 1772 3515 praesumpserit,
1804 3444 2127 3499 damnatus
2169 3444 2231 3499 in

572 3529 855 3589 omnibus
880 3535 937 3585 et
964 3530 1042 3586 ab
1073 3529 1355 3585 omnibus
1386 3528 1629 3585 interius
1680 3530 2058 3602 exteriusque
2102 3544 2232 3587 sen-

571 3619 756 3678 tentia
781 3618 1021 3675 ultionis
1044 3618 1306 3686 feriatur,
1341 3635 1415 3675 ne
1445 3618 1507 3674 in
1549 3623 1854 3691 posterum
1908 3620 2231 3692 quisquam

569 3707 714 3765 talia
744 3721 920 3779 agere
948 3711 1297 3781 praesumat,
1329 3711 1386 3764 et
1410 3705 1459 3763 si
1485 3706 1624 3780 quis
1657 3706 1851 3763 facere
1897 3708 2228 3779 teutaverit,

572 3797 839 3855 similiter
862 3797 1203 3866 damnetur,
1237 3802 1295 3854 et
1317 3796 1558 3855 ultionis
1601 3796 1954 3853 sententiam
1998 3812 2120 3853 non
2152 3796 2230 3852 ef-

569 3887 780 3959 fugiat.

668 3995 819 4050 Item
850 3994 1009 4050 unde
1037 4009 1244 4063 supra,
1270 3994 1324 4049 si
1351 3994 1481 4065 quis
1514 3992 1594 4049 ad
1613 3993 1909 4064 placatum
1932 3995 2132 4048 venire

1237 4082 1561 4139 distulerit.

644 4187 702 4244 Si
731 4187 865 4260 quis
891 4186 1380 4257 subterfugiendo
1402 4187 1687 4259 placitum
1713 4187 1831 4243 huc
1848 4186 2105 4259 illucque
2134 4203 2228 4243 va-

570 4277 674 4344 dit,
734 4281 791 4334 et
838 4277 1125 4351 placitum
1168 4277 1369 4333 venire
1412 4276 1722 4347 distulerit,
1768 4281 1826 4333 et
1872 4277 2131 4332 maxime
2180 4276 2228 4332 sl

568 4370 819 4422 vocatus
850 4383 886 4423 a
910 4364 1216 4438 judicibus
1266 4364 1459 4433 tuerit,
1502 4366 1867 4420 omnimodis
1915 4365 2227 4436 providen-

569 4455 717 4512 dum
747 4460 835 4511 est
862 4469 938 4511 ne
967 4468 1245 4526 quaerens
1271 4469 1443 4510 suam
1468 4453 1758 4524 justitiam
1784 4470 1895 4525 pro
1928 4453 2025 4509 tali
2054 4469 2227 4511 occa-

568 4545 734 4603 sione
762 4544 995 4619 perdat,
1028 4542 1133 4599 sed
1162 4542 1338 4615 quasi
1370 4542 1673 4598 convictus
1700 4542 1792 4597 ille
1841 4542 1943 4614 qui
1988 4543 2064 4598 ad
2107 4543 2231 4615 pla-

567 4636 751 4693 citum
779 4637 981 4693 venire
1030 4632 1354 4700 distulerit,
1386 4632 1528 4689 item
1578 4631 1892 4703 culpabilis
1936 4636 1992 4688 et
2033 4632 2231 4689 convi-

568 4729 698 4779 ctus
726 4725 801 4779 de
827 4742 937 4781 sua
966 4722 1238 4780 absentia
1263 4720 1583 4793 judicetur,
1606 4725 1661 4776 et
1689 4720 1971 4793 deinceps
2002 4721 2114 4777 hoc
2137 4734 2229 4777 re-

568 4824 791 4878 cupare
820 4826 944 4866 non
968 4811 1187 4879 valeat,
1221 4811 1329 4866 sed
1360 4809 1555 4881 magis
1582 4809 1836 4865 metallis
1866 4815 1922 4865 et
1949 4808 2077 4865 aliis
2110 4822 2230 4881 pae-

567 4896 661 4950 nis
684 4896 1019 4967 deputetur,
1050 4914 1125 4952 ne
1183 4900 1442 4971 amplius
1486 4903 1812 4974 quisquam
1864 4900 2004 4956 talia
2052 4914 2227 4969 agere

566 4988 916 5056 praesumat,
959 4989 1016 5038 et
1041 4983 1135 5038 ille
1179 4985 1255 5038 de
1286 5002 1397 5041 sua
1423 4989 1683 5043 versutia
1730 4993 1785 5043 et
1835 4988 2105 5043 absentia
2145 4986 2225 5042 vi-

568 5071 717 5127 cisse
744 5088 869 5128 non
896 5072 1174 5137 lucretur,
1224 5088 1420 5144 neque
1470 5075 1894 5143 subterlugisse
1944 5078 2222 5144 gaudeat,

565 5174 763 5232 neque
793 5176 968 5216 suam
994 5159 1287 5231 justitiam
1318 5160 1548 5233 perdat.
1592 5163 1740 5217 Data
1769 5178 1839 5217 ix.
1894 5162 2017 5216 Kal.
2074 5164 2219 5218 Maii.

638 5247 738 5302 His
767 5251 825 5303 et
845 5247 975 5303 aliis
1004 5248 1455 5303 auctoritatibus
1484 5254 1827 5305 sanctorum
1875 5251 2112 5304 Patrum
2167 5255 2225 5306 et

565 5350 872 5393 canonum
902 5340 1081 5408 atque
1108 5335 1311 5404 legum
1332 5336 2037 5394 rationabiliterinstructi
2069 5338 2222 5407 judi-

567 5426 837 5482 cavimus
866 5429 922 5481 et
941 5424 1153 5480 iterum
1177 5424 1522 5495 judicamus
1548 5432 1611 5480 ut
1642 5426 1876 5481 Aldrico
1903 5428 2219 5497 saepedicto

567 5515 849 5589 episcopo
865 5515 995 5586 jam
1013 5513 1183 5570 dictas
1204 5530 1323 5584 res,
1349 5515 1451 5587 qui
1474 5530 1710 5586 semper
1738 5514 1987 5588 pleniter
2006 5517 2218 5573 instru-

2325 386 2442 442 que
2465 369 2693 439 judicio
2720 369 3071 425 reddantur.
3102 372 3170 423 Et
3196 368 3246 423 si
3284 367 3417 424 talis
3468 367 3722 424 ﬁrmitas
3752 384 3829 425 ex
3876 370 4003 426 hoc

2325 460 2481 514 facta
2527 459 2601 513 sit
2652 473 2789 529 quas
2842 459 2899 513 iu
2957 461 3272 530 posterum
3314 462 3624 528 appareat,
3670 472 4003 530 nunquam

2326 547 2610 619 deinceps
2638 547 2713 602 de
2750 547 2865 602 hoc
2894 546 3180 618 praedicta
3209 544 3462 601 ecclesia
3500 544 3614 600 sibi
3666 547 4004 604 commissa

2329 635 2574 708 aliquod
2602 635 2899 691 damnum
2928 640 3032 691 aut
3060 633 3419 690 scandalum
3443 637 3549 689 aut
3571 633 3759 690 ullam
3781 651 4002 691 causa‘

2330 725 2548 780 tionem
2581 724 2857 796 patiatur.
2894 726 2959 779 Et
2987 724 3036 779 si
3060 723 3297 795 aliquis,
3321 722 3490 795 quod
3518 737 3642 777 non
3668 723 3998 791 credimus,

2331 829 2403 868 ex
2432 814 2545 868 hoc
2564 813 2847 885 deinceps
2875 812 3143 885 aliquam
3160 812 3563 883 pulsationem
3578 815 3681 867 aut
3699 813 4000 869 causatio-

2331 917 2472 957 nem
2493 901 2542 956 ei
2567 902 2759 957 facere
2790 901 3037 957 voluerit
3058 907 3161 956 aut
3182 900 3303 955 suis
3335 899 3803 967 successoribus,
3822 902 3999 957 evin-

2332 990 2531 1046 dicare
2574 1005 2694 1045 non
2737 990 2951 1057 valeat,
2984 1005 3094 1045 nec
3128 989 3258 1058 ejus
3304 1004 3423 1043 vox
3448 988 3686 1060 penitus
3712 990 4000 1045 audiatur

2333 1080 2436 1150 qui
2464 1079 2579 1134 hoc
2610 1079 2801 1134 facere
2835 1079 3159 1145 teutaverit,
3190 1077 3298 1132 sed
3325 1078 3441 1132 hoc
3484 1077 3778 1147 judicium
3825 1079 3997 1150 quod

2334 1167 2517 1223 modo
2548 1167 2761 1235 agitur,
2792 1172 2989 1223 ratum
3019 1166 3230 1221 futuris
3255 1170 3500 1222 maneat
3526 1165 3917 1237 temporibus,
3938 1172 3998 1222 et

2335 1261 2527 1311 vestra
2556 1256 2806 1311 redditio
2827 1256 3006 1312 firma
3031 1262 3087 1310 et
3116 1254 3342 1310 stabilis
3372 1259 3740 1326 permaneat.
3774 1254 3876 1309 His
3905 1259 3994 1311 ta-

2334 1344 2464 1400 liter
2488 1344 2762 1417 peractis,
2799 1345 2913 1400 hoc
2951 1344 3282 1398 divisimus.
3309 1346 3472 1398 Tunc
3513 1342 3778 1399 domnus
3815 1343 3999 1415 impe-

2335 1438 2498 1488 rator
2520 1448 2724 1487 coram
2744 1432 2857 1488 illis
2885 1432 3143 1487 reddidit
3166 1431 3401 1487 Aldrico
3427 1432 3675 1503 praeﬁxo
3709 1431 3995 1504 episcopo

2336 1537 2443 1593 per
2483 1537 2691 1576 eorum
2736 1521 3029 1591 judicium
3068 1520 3247 1592 plena
3300 1520 3647 1575 auctoritate
3697 1526 3994 1577 monaste-

2261 1633 2301 1687 Β
2337 1613 2493 1665 rium
2524 1609 2796 1675 Anisolze,
2830 1611 2890 1664 in
2919 1626 3043 1680 quo
3066 1610 3331 1664 domnus
3365 1608 3713 1680 Carilephus
3744 1624 3995 1682 corpore

2338 1698 2653 1770 requiescit
2676 1698 2755 1753 ad
2780 1699 2878 1768 jus
2909 1697 3320 1753 Cenomanicaa
3350 1698 3558 1752 matris
3586 1697 3853 1753 ecclesiae
3876 1698 3991 1763 cui,

2339 1787 2620 1857 praefatus
2665 1787 2984 1858 episcopus
3036 1790 3304 1857 praeerat,
3353 1785 3567 1841 futuris
3624 1786 3995 1858 temporibus

2337 1875 2792 1949 possidendum,
2823 1881 2882 1931 et
2900 1876 3116 1931 missos
3136 1875 3190 1930 ei
3209 1875 3374 1931 dedit
3393 1876 3497 1947 qui
3518 1875 3572 1930 ei
3592 1875 3732 1930 inde
3754 1875 3994 1947 plenam

2338 1965 2683 2020 vestituram
2712 1964 2989 2031 facerent,
3036 1964 3374 2031 Fulconem,
3405 1964 3639 2029 scilicet,
3690 1965 3995 2020 comittem

2340 2051 2564 2124 palatii,
2595 2056 2652 2108 et
2676 2054 3010 2109 Arduinum
3035 2058 3091 2109 et
3120 2053 3462 2109 Gaufriduni
3496 2053 3762 2117 comites,
3791 2057 3850 2107 et
3872 2052 3997 2107 Fol-

2341 2139 2591 2196 cradum
2611 2155 2859 2195 vassum
2882 2141 3378 2213 dominicum,qui
3395 2144 3616 2212 postea,
3640 2139 3792 2194 sicut
3815 2139 3992 2194 dom-

2342 2244 2456 2284 nus
2495 2230 2821 2301 imperator
2849 2231 2932 2286 eis
2958 2231 3151 2300 jussit,
3184 2230 3426 2302 plenam
3451 2234 3510 2285 et
3534 2228 3789 2300 legalem
3814 2228 3995 2283 vesti-

2343 2323 2538 2374 turam
2581 2335 2689 2391 per
2734 2319 2965 2375 cloccas
3002 2324 3059 2375 et
3098 2319 3253 2374 ostia
3282 2316 3529 2374 senioris
3559 2317 3747 2390 ipsius
3776 2332 3991 2372 mona-

2341 2408 2497 2463 sterii
2552 2406 2837 2475 ecclesiae,
2888 2408 2945 2462 in
2991 2423 3113 2479 qua
3141 2408 3319 2463 etiam
3352 2412 3593 2463 sanctus
3644 2405 3987 2477 Carilephus

2342 2494 2727 2567 corporaliter
2754 2496 3089 2568 requiescit,
3120 2501 3178 2551 et
3204 2511 3312 2568 per
3337 2502 3542 2568 portas
3570 2494 3759 2567 ipsius
3789 2509 3992 2549 mona-

2341 2585 2497 2640 sterii
2521 2586 2649 2655 jam
2674 2585 2832 2641 dicto
2866 2586 3103 2642 Aldrico
3132 2586 3417 2659 episcopo
3438 2586 3640 2642 multis
3659 2600 3862 2641 coram
3880 2589 3992 2640 tes-

2340 2674 2499 2730 tibus
2529 2675 2589 2730 in
2617 2674 2749 2747 ipso
2780 2676 3143 2732 monasterio
3173 2675 3515 2732 solemniter
3559 2676 3841 2732 fecerunt.
3878 2678 3993 2730 Hoc

2342 2769 2541 2819 autem
2596 2764 2821 2819 factum
2862 2771 2950 2820 est
2994 2781 3155 2821 anno
3204 2765 3630 2821 incarnationis
3675 2764 3993 2821 Dominieaa

2342 2856 2464 2915 838,
2496 2853 2819 2909 indictione
2848 2869 2905 2921 ιι,
2940 2859 2996 2910 et
3033 2870 3194 2910 anno
3240 2853 3472 2927 imperii
3511 2855 3741 2927 praefati
3787 2852 3993 2909 domui

2344 2942 2622 2998 Ludovici
2653 2942 2903 3014 piissimi
2932 2943 3305 3017 imperatoris
3334 2959 3460 3012 xxv,
3494 2959 3654 3000 anno
3671 2959 3810 3000 vero
3840 2942 3992 2998 ordi-

2341 3030 2599 3087 nationis
2652 3032 2950 3103 saepedicti
3015 3032 3232 3088 Aldrici
3285 3032 3520 3106 epicopi
3568 3038 3751 3089 sexto.-
3806 3030 3993 3087 Pridie

2341 3134 2583 3194 quoque
2614 3121 3019 3177 Kalendarum
3053 3121 3337 3178 Maiarum
3381 3121 3734 3194 Aquisgrani
3770 3118 3991 3192 palatio

2340 3211 2693 3283 prmdictum
2709 3210 3005 3281 judicium
3035 3215 3368 3278 estactum,
3398 3216 3455 3267 et
3482 3212 3541 3267 in
3573 3213 3704 3286 ipsa
3726 3210 3818 3265 die
3855 3209 3997 3280 ipsa

2340 3300 2489 3355 ratio
2520 3317 2555 3355 a
2581 3300 2829 3373 praeﬁxo
2860 3300 3217 3371 imperatore
3264 3300 3497 3370 legibus
3536 3307 3625 3357 est
3670 3298 3999 3371 adimpleta

2340 3394 2398 3444 et
2422 3388 2599 3460 plena
2627 3389 2853 3445 ratione
2881 3393 3140 3459 peracta.
3189 3392 3505 3458 Propterea
3532 3404 3678 3456 ergo
3724 3390 3840 3445 hoc
3868 3403 4000 3443 me-

2340 3478 2585 3533 moriale
2617 3476 2986 3534 conscribere
3013 3475 3184 3531 libuit
3230 3478 3296 3530 ut
3342 3476 3392 3529 si
3440 3475 3643 3547 aliqua
3690 3476 4003 3533 altercatio

2339 3567 2620 3638 deinceps
2644 3572 2850 3623 exorta
2879 3565 3046 3621 fuerit
3073 3560 3327 3637 qualiter
3350 3565 3477 3619 haec
3503 3578 3597 3618 res
3628 3567 3760 3619 acta
3786 3565 4007 3636 sit,per

2340 3656 2453 3712 hoc
2484 3656 2831 3711 memoriale
2859 3654 3226 3710 declaratum
3256 3656 3578 3726 appareat:
3611 3658 3676 3707 ut
3699 3651 3749 3707 si
3774 3651 4006 3724 aliquis

2338 3759 2411 3799 ex
2439 3744 2554 3800 hoc
2588 3744 2853 3816 aliquam
2883 3743 3191 3816 querelam
3228 3742 3420 3799 facere
3472 3742 3781 3797 tentaverit
3833 3742 4002 3797 evin-

2338 3832 2537 3888 dicare
2571 3833 2816 3888 minime
2860 3832 3072 3887 valeat.
3116 3834 3335 3886 Actum
3366 3835 3543 3903 atque
3588 3828 4001 3901 conscriptum

2338 3926 2426 3978 est
2447 3922 2562 3978 hoc
2591 3921 2938 3977 memoriale
2966 3920 3329 3993 Aquisgrani
3358 3920 3580 3992 palatio
3611 3918 3742 3974 Kal.
3779 3918 3905 3975 Maii
3935 3920 3999 3974 in

2339 4011 2601 4067 sacrario
2618 4015 2837 4067 sanctae
2855 4010 3357 4080 Maritemegnante
3368 4008 3623 4064 Domino
3639 4013 3841 4064 nostro
3857 4008 3997 4063 Jesu

2338 4100 2564 4156 Christo
2590 4099 2650 4155 in
2674 4103 3052 4172 perpetuum.
3084 4101 3180 4154 Hae
3206 4114 3348 4154 vero
3374 4099 3593 4154 chartae
3623 4100 3681 4152 et
3704 4098 3829 4152 haec
3849 4111 3999 4168 prae-

2339 4195 2509 4261 cepta
2532 4188 2769 4261 publice
2798 4187 3015 4243 reiecta
3040 4191 3096 4243 et
3118 4187 3363 4243 recitata
3383 4191 3522 4241 sunt
3542 4190 3678 4242 ante
3699 4184 3994 4240 domuum

2339 4277 2759 4349 imperatorem
2791 4280 2848 4331 et
2876 4276 3213 4345 Drogonem
3242 4275 3373 4345 ejus
3426 4274 3670 4329 fratrem
3715 4277 3771 4329 et
3806 4271 3995 4327 archi-

2341 4365 2742 4438 capellanum,
2792 4365 2911 4420 sive
2967 4364 3145 4419 etiam
3190 4366 3327 4418 ante
3391 4379 3534 4418 suos
3580 4363 3792 4418 missos
3838 4374 3997 4432 quos

2339 4454 2598 4509 domnus
2627 4453 2951 4525 imperator
2982 4452 3059 4506 ad
3084 4452 3240 4507 hanc
3270 4466 3517 4507 causam
3542 4450 3908 4507 audiendam
3938 4454 4001 4505 et

2338 4542 2796 4598 discernendum
2861 4540 3180 4609 constituit,
3259 4556 3364 4595 seu
3429 4544 3566 4595 ante
3624 4539 4001 4610 conscriptos

2338 4632 2694 4704 episcopos,
2775 4631 3020 4686 comites
3099 4634 3155 4683 et
3218 4627 3521 4684 ministros
3586 4643 3656 4683 ac
3737 4626 3999 4697 judices,

2337 4720 2584 4793 quando
2623 4721 2736 4775 hoc
2758 4719 3048 4790 judicium
3102 4718 3161 4772 in
3203 4718 3548 4790 praescripto
3590 4715 3806 4788 palatio
3831 4713 4001 4783 judi-

2339 4815 2539 4865 catum
2578 4814 2683 4877 cst,
2717 4816 2770 4864 et
2801 4809 3047 4882 quando
3083 4807 3396 4879 praefatum
3428 4803 3857 4861 monasterium
3913 4806 4002 4860 ad

2330 4899 2432 4970 jus
2463 4899 2722 4971 praeﬁxae
2768 4896 3182 4954 Cenomanicte
3230 4896 3437 4949 matris
3484 4894 3750 4950 Ecclesiae
3796 4895 3888 4946 est
3917 4892 4004 4948 le-

2336 4988 2512 5057 gibus
2549 4989 2847 5043 redditum
2903 4992 2960 5041 et
3007 4983 3350 5056 supradicto
3380 4986 3664 5056 prtetextu
3695 4979 4004 5037 evindica-

2336 5082 2460 5129 tum
2489 5094 2500 5141 ;
2535 5076 2593 5131 id
2624 5080 2713 5129 est
2750 5094 2761 5130 :

2406 5167 2445 5216 i.
2479 5163 2733 5219 Traditio
2766 5164 2954 5218 sancti
2985 5160 3279 5231 Carileplii
3307 5176 3495 5232 quam
3519 5160 3654 5216 fecit
3674 5162 3880 5215 sancto
3905 5159 4005 5215 In-

2332 5252 2567 5307 nocenti
2594 5252 2882 5324 episcopo
2910 5267 3016 5323 per
3041 5250 3341 5305 licentiam
3372 5254 3427 5306 et
3457 5264 3820 5306 consensum
3847 5248 4007 5304 Chil-

2330 5339 2555 5395 dcberti
2586 5340 2758 5405 regis.

2406 5429 2466 5482 II.
2486 5438 2497 5479 ι
2514 5430 2698 5482 lharta
2714 5428 3254 5483 commendationis
3268 5428 3521 5499 qualiter
3535 5443 3596 5482 se
3609 5427 3873 5482 domnus
3892 5431 4008 5482 Ua-

2327 5516 2590 5589 rilepbus
2601 5516 3017 5588 perlicentiam
3033 5517 3123 5573 sui
3137 5514 3751 5581 abbatis,exhortante
3763 5513 4005 5572 domno

569 5609 697 5663 ctus
718 5620 981 5680 praesens
1005 5603 1213 5677 adfuit,
1232 5608 1618 5679 etnunquam
1641 5604 1720 5662 ad
1735 5620 1910 5663 suam
1926 5606 2215 5676 justitiam
2327 5606 2517 5679 Avito,
2545 5621 2669 5663 una
2698 5622 2837 5665 cum
2868 5609 2991 5667 suis
3018 5605 3399 5667 monachulis
3429 5604 3699 5662 subdidit
3726 5601 4003 5661 ecclesiae
