4180 6186
245 173 322 226 as
1242 181 1249 201 ι
1846 167 2032 224 VITA.
3153 237 3160 246 ,
3601 173 3670 227 se

237 293 515 361 civitatis,
541 297 600 349 et
625 293 688 348 in
723 307 945 350 manus
989 293 1180 350 sancti
1237 294 1572 350 Innocentis
1623 291 1898 366 episcopi
1933 297 1980 348 Α
2015 293 2166 350 riam
2193 273 2514 366 praedictus
2545 311 2648 349 rex
2705 293 3062 350 Gauzioleno
3117 297 3454 350 memorato
3509 295 3662 367 epis-

232 383 482 440 duabus
507 381 747 438 vicibus
780 397 842 436 se
872 381 1132 438 tradidit.

307 473 401 528 IlI.
439 470 713 528 Precaria
741 487 928 542 quam
951 475 1197 527 sanctus
1231 471 1576 544 Carilephus
1611 473 1838 543 accepit
1866 489 1900 527 a

237 565 454 618 sancto
486 562 804 616 Innocente
837 559 912 614 de
945 559 1157 616 eadem
1191 576 1272 616 re.

312 653 409 706 IV.
437 650 805 720 Praeceptum
828 647 1183 706 Childeberti
1214 649 1372 719 regis
1403 650 1570 722 quod
1597 650 1778 720 jussit
1809 650 1898 706 fa-

241 755 385 797 cere
415 753 590 810 super
619 737 1000 793 traditionem
1027 738 1214 796 sancti
1262 738 1552 810 Carilephi
1607 743 1664 794 et
1719 755 1899 810 super

2011 397 2165 453 copo
2191 388 2247 437 ct
2278 383 2485 438 Didoni
2519 383 2724 438 abbati
2751 399 2878 438 suo.

2079 471 2208 528 XIX.
2233 475 2599 542 Prfeceptum
2631 471 2973 527 emunitatis
3001 471 3170 543 quod
3193 469 3330 526 fecit
3347 471 3662 528 Theodori-

2009 576 2115 614 cus
2142 576 2247 614 rex
2276 559 2515 616 Berario
2545 561 2830 632 episcopo
2853 559 2928 614 de
2956 558 3178 615 cellulis
3207 565 3264 615 et
3295 558 3511 614 villulis
3567 559 3659 616 sui

2007 648 2292 720 episcopii
2318 654 2374 703 et
2403 649 2765 704 nominatim
2794 648 2869 702 de
2907 647 3270 703 monasterio
3317 647 3580 704 Anisola.

2078 736 2206 792 XX.
2245 740 2604 808 Praeceptum
2665 736 3003 792 emunitatis
3060 735 3228 812 quod
3279 736 3415 792 fecit
3463 737 3653 807 Dago-

239 827 576 900 precariam
609 841 798 896 quam
827 826 960 898 ipse
991 831 1236 884 sanctus
1265 827 1616 900 Carilephus
1669 827 1897 900 accepit
2003 823 2208 880 herilis
2269 841 2372 880 rex
2423 825 2707 897 episcopo
2765 823 3164 880 Hcrlemundo
3223 823 3298 878 de
3339 823 3564 880 cellulis
3595 829 3654 880 et

238 933 274 972 a
308 931 453 974 sane
463 920 522 970 to
553 918 890 970 tnnocente.

307 965 1042 1060 ipa—Elliartandohat‘ionis
1088 1003 1164 1059 de
1213 1003 1395 1060 rebus
1452 1010 1510 1061 et
1556 965 1791 1072 villulis,
1837 1009 1893 1060 et

234 1109 392 1150 auro
419 1097 478 1148 et
528 1097 776 1159 argento
807 1096 865 1147 et
895 1091 1262 1148 vestimentis
1309 1097 1434 1148 tam
1477 1093 1890 1150 ecclesiasticis

232 1197 422 1253 quam
453 1186 514 1236 et
545 1181 696 1249 aliis,
729 1180 854 1236 sive
881 1180 1046 1246 libris
1068 1185 1125 1237 et
1149 1181 1429 1238 crucibus
1455 1188 1512 1238 et
1541 1183 1739 1256 capsis
1797 1183 1891 1240 vel

231 1270 501 1341 reliquiis
531 1275 880 1326 sanctorum
911 1269 1238 1326 multorum
1257 1286 1394 1342 quas
1419 1271 1682 1328 domnus
1712 1275 1886 1328 Inno-

231 1375 372 1416 cens
425 1359 490 1414 in
549 1346 920 1428 adjutorium
976 1358 1056 1415 ad
1131 1359 1568 1416 monasterium
1629 1360 1888 1417 Anisolee

231 1446 713 1504 construendum
745 1451 799 1502 et
827 1447 1170 1504 ornandum
1199 1447 1428 1503 domno
1460 1447 1772 1521 Carilepho
1831 1454 1888 1506 et

232 1536 366 1592 suis
397 1535 772 1591 monachulis
802 1551 911 1607 per
941 1537 1295 1608 scripturam
1336 1536 1596 1593 tradidit.

2007 913 2217 968 villulis
2239 913 2313 968 de
2347 929 2456 968 suo
2481 913 2831 986 episcopatu
2865 931 2878 980 ;
2912 911 3016 968 ubi
3050 917 3106 968 et
3157 913 3650 968 monasteriolum

2001 1001 2242 1057 Anisola
2273 1007 2728 1071 commemorat,
2762 1006 2820 1058 et
2839 1017 2963 1056 suae
2993 1000 3151 1056 sedis
3192 999 3456 1056 ecclesiis
3509 1016 3645 1056 esse

2001 1090 2278 1146 aﬂirmat.

2071 1183 2197 1235 XXI.
2259 1182 2704 1236 Monumentum
2763 1179 2836 1234 de
2887 1179 3010 1235 vita
3066 1177 3254 1234 sancti
3309 1177 3642 1234 Innocentis

1999 1284 2050 1338 ej
2075 1267 2260 1340 iscopi
2272 1307 2284 1320 .

2069 1359 2219 1412 XXII.
2252 1355 2570 1428 Exemplar
2599 1356 2674 1411 de
2692 1356 2812 1412 vita
2841 1359 2898 1412 et
2923 1353 3156 1412 actibus
3187 1354 3379 1412 sancti
3437 1354 3636 1411 Turibi

1995 1445 2284 1517 episcopi.

2062 1537 2241 1589 XXIII.
2275 1535 2646 1606 Praeceptum
2677 1532 2844 1605 quod
2885 1531 3022 1588 fecit
3067 1531 3331 1588 domnus
3388 1530 3635 1588 Carolus

313 1628 400 1680 γι.
429 1625 638 1682 Charta
664 1623 740 1680 de
772 1625 1269 1682 conventionibus
1304 1626 1492 1682 sancti
1551 1627 1884 1684 Innocentis
1923 1647 1965 1700 Β
1996 1623 2288 1678 Franconi
2315 1623 2600 1694 episcopo
2633 1621 2882 1694 quando
2911 1619 2965 1676 ei
3015 1620 3450 1676 monasterium
3496 1620 3635 1676 Ani-

213 1717 292 1776 .et
318 1714 508 1770 sancti
542 1712 838 1785 Carilephi
867 1713 1032 1770 mirae
1063 1714 1495 1781 magnitudinis
1525 1715 1882 1788 conscripta,

231 1809 290 1859 et
311 1819 351 1858 a
374 1802 728 1874 quindecim
753 1801 1054 1875 episcopis
1099 1803 1358 1872 firmata,
1407 1808 1472 1858 ut
1502 1819 1711 1860 eorum
1740 1821 1884 1862 con-

234 1892 542 1948 ventiones
573 1889 741 1946 nullo
769 1899 958 1947 modo
989 1890 1168 1948 irritae
1203 1891 1435 1958 fierent,
1460 1892 1567 1948 sed
1593 1908 1700 1965 per
1752 1910 1883 1950 om-

231 1981 338 2037 nia
363 1979 606 2036 stabiles
635 1984 1076 2051 permanerent.

309 2069 422 2124 VII.
448 2067 722 2126 Precaria
747 2084 936 2140 quam
976 2073 1218 2126 sanctus
1276 2069 1605 2125 Domnolus
1657 2073 1886 2143 episco-

234 2173 349 2230 pus
375 2157 586 2214 abbati
614 2173 725 2214 suo
755 2155 922 2213 Gallo
974 2156 1112 2213 fecit
1161 2157 1236 2212 de
1269 2158 1645 2216 monasterio
1694 2159 1886 2216 sancti

235 2247 556 2318 Carilepbi.

311 2337 451 2390 VIII.
485 2334 850 2407 Praeceptum
880 2335 1048 2406 quod
1096 2333 1460 2407 Chilpericus
1514 2351 1618 2390 rex
1677 2339 1884 2391 sancto

237 2423 532 2478 bomnolo
555 2425 841 2496 episcopo
870 2423 1008 2479 fecit
1061 2428 1118 2480 et
1173 2440 1282 2480 suo
1340 2423 1544 2480 abbati
1601 2423 1764 2480 Gallo
1807 2423 1883 2480 de

235 2512 605 2569 monasterio
635 2511 920 2568 Anisolze.

301 2619 384 2674 lx.
415 2620 782 2690 Praeceptum
823 2617 1163 2674 emunitatis
1188 2618 1352 2690 quod
1413 2617 1548 2674 fecit
1603 2617 1883 2690 Chilperi-

230 2723 333 2762 cus
361 2723 470 2762 rex
503 2711 714 2762 sancto
744 2705 1040 2762 Domnolo
1072 2705 1359 2779 episcopo
1383 2707 1457 2762 de
1515 2707 1880 2764 monasterio

227 2795 486 2852 Anisolre
515 2797 667 2852 etde
694 2796 982 2852 omnibus
1018 2794 1232 2850 villulis
1280 2803 1337 2850 et
1378 2795 1558 2851 rebus
1609 2796 1688 2852 ad
1740 2813 1880 2852 eum

226 2885 683 2957 pertinentibus.

297 2995 354 3048 Χ.
412 2992 686 3048 Precaria
755 3006 942 3063 quam
997 2989 1350 3048 Haduindus
1423 2989 1740 3062 episcopus
1803 2990 1879 3047 de
1919 2999 1960 3051 C

229 3079 596 3136 monasterio
625 3080 814 3136 sancti
842 3079 1152 3162 .Carilephi
1197 3079 1490 3150 Sigranno
1529 3079 1734 3136 abbati
1794 3079 1877 3135 fe-

227 3169 318 3225 cit.

287 3279 381 3331 XI.
415 3277 795 3344 Praeceptum
825 3273 981 3344 quod
1016 3291 1119 3330 rex
1173 3273 1504 3330 Chlotarius
1555 3271 1876 3328 Haduindo

217 3366 523 3437 episcopo
556 3365 614 3416 et
639 3362 929 3430 Sigranno
959 3361 1156 3418 abbati
1201 3362 1275 3418 de
1331 3360 1698 3418 monasterio
1735 3359 1874 3416 Ani-

216 3452 351 3508 sola
399 3450 558 3506 fecit.

285 3557 804 3628 XII.Pra>.ceptum
833 3557 1173 3614 emunitatis
1231 3556 1396 3630 quod
1446 3556 1582 3612 fecit
1639 3555 1872 3612 Chlota-

225 3647 345 3700 rius
371 3663 472 3701 rex
497 3644 819 3701 Haduindo
851 3645 1134 3718 episcopo
1177 3646 1253 3701 de
1305 3644 1668 3701 monasterio
1741 3645 1874 3700 Ani-

235 3733 368 3786 sola
396 3737 449 3787 et
475 3733 543 3788 de
565 3735 857 3790 omnibus
884 3732 1097 3790 villulis
1125 3739 1181 3791 et
1209 3733 1388 3790 rebus
1419 3733 1496 3792 ad
1524 3733 1669 3789 illud
1700 3733 1870 3806 perti-

244 3819 527 3876 nentibus.

263 3927 426 4012 .XIII.
459 3928 732 3985 Precaria
762 3945 950 4002 quam
1005 3929 1267 3986 domnus
1321 3929 1588 3985 Berarius
1645 3928 1871 4000 episco-

219 4032 334 4088 pus
360 4016 434 4072 de
467 4018 833 4075 monasterio
863 4017 1056 4076 sancti
1106 4018 1398 4090 Carilephi
1445 4017 1730 4074 Ibboleno
1759 4015 1866 4074 ab-

215 4103 339 4160 bati
367 4104 532 4160 fecit.

277 4212 420 4268 XIV.
453 4213 829 4285 Praeceptum
861 4213 1179 4284 Dagoberti
1215 4213 1373 4282 regis
1425 4227 1605 4286 super
1663 4227 1868 4284 preca-

209 4301 362 4356 riam
395 4299 669 4357 Ibboleni
719 4301 959 4359 abbatis
1013 4318 1198 4376 quam
1261 4319 1297 4358 a
1346 4301 1574 4358 domno
1628 4300 1864 4358 Berario

209 4389 504 4460 episcopo
534 4389 610 4445 de
641 4391 1004 4447 monasterio
1035 4390 1278 4447 Anisola
1307 4391 1552 4461 accepit.

277 4497 394 4550 XV.
422 4496 798 4566 Praeceptum
832 4497 1174 4553 emunitatis
1203 4496 1369 4568 quod
1395 4496 1531 4552 fecit
1561 4495 1862 4565 Dagober-

210 4587 298 4638 tus
325 4599 435 4639 rex
467 4583 701 4640 domno
735 4585 984 4652 Berario,
1036 4586 1322 4660 episcopo
1371 4585 1446 4641 de
1502 4584 1865 4641 monasterio

209 4671 452 4727 Anisola
488 4672 652 4728 etde
682 4674 965 4730 omnibus
996 4674 1212 4730 villulis
1247 4679 1304 4730 et
1348 4674 1532 4730 rebus
1587 4673 1665 4729 ad
1718 4673 1864 4729 illud

209 4761 670 4829 pertinentibus.

277 4867 709 4923 XVI.Precaria
735 4885 920 4941 quam
963 4869 1350 4924 Gauziolenus
1407 4869 1728 4941 episcopus
1787 4867 1860 4922 de

209 4956 577 5010 monasterio
607 4957 795 5012 sancti
828 4957 1119 5030 Carilcphi
1153 4957 1363 5012 Didoni
1393 4957 1596 5012 abbati
1630 4956 1784 5012 fecit.

286 5061 442 5114 XVII.
497 5065 864 5135 i'rzeceptum
921 5063 1228 5137 Chilperici
1300 5063 1457 5133 regis
1509 5063 1676 5136 quod
1728 5063 1865 5119 fecit

209 5148 570 5206 Gauzioleno
602 5152 890 5226 episcopo
909 5157 964 5209 et
995 5151 1274 5219 Sicbaldo
1295 5151 1501 5208 abbati
1525 5167 1706 5224 super
1727 5167 1862 5224 pre-

203 5237 434 5294 cariam
472 5256 686 5296 eorum
714 5246 789 5296 de
822 5241 1186 5297 monasterio
1217 5241 1476 5297 .-\nisola.

271 5347 457 5402 XVIII.
493 5347 869 5419 Prmceptum
893 5347 1202 5420 Chilperici
1230 5347 1386 5418 regis
1413 5347 1524 5406 sub
1567 5347 1863 5404 emunita-

201 5433 273 5487 tis
307 5434 562 5490 tuitione
601 5436 1018 5492 Cenomanicze
1076 5436 1254 5493 sedis.
1316 5437 1586 5493 Ecclesiae
1638 5437 1863 5492 factum

204 5521 566 5580 Gauzioleno
597 5526 905 5598 episcopo.
942 5525 1129 5582 Simul
1160 5529 1218 5582 et
1237 5525 1614 5583 conﬁrmatio
1642 5524 1702 5581 in
1751 5525 1865 5582 hoc

205 5608 332 5682 ipso
355 5619 672 5690 praecepto
697 5613 1038 5676 continetur
1057 5631 1248 5690 quam
1271 5614 1408 5674 fecit
1436 5630 1617 5688 super
1663 5630 1867 5688 preca-

1995 1711 2122 1766 sola
2150 1727 2256 1783 per
2281 1711 2578 1781 judicium
2603 1717 2660 1766 et
2689 1710 2930 1782 plenam
2989 1707 3398 1766 auctoritatem
3441 1709 3636 1767 reddi-

1993 1798 2079 1854 dit
2103 1804 2160 1856 et
2189 1816 2312 1855 siue
2334 1801 2490 1854 sedis
2519 1798 2784 1854 ecclesiae
2810 1796 3206 1866 conﬁrmavit,
3253 1797 3403 1854 sicut
3448 1797 3509 1854 in
3561 1813 3634 1853 eo

1993 1889 2326 1944 continetur
2353 1888 2661 1946 insertum.

2064 1977 2237 2032 XXIV.
2270 1978 2641 2048 Praeceptum
2671 1976 2839 2048 quod
2869 1974 3006 2032 fecit
3061 1975 3326 2030 domnus
3379 1973 3634 2030 Ludovi-

1995 2081 2100 2121 cus
2123 2065 2444 2138 imperator
2495 2064 2787 2121 Franconi
2843 2065 3130 2137 episcopo
3185 2063 3259 2118 de
3316 2061 3634 2134 mancipiis

1995 2159 2214 2208 sanctae
2242 2153 2430 2209 Mariae
2468 2158 2524 2208 et
2545 2153 2733 2208 sancti
2759 2151 3070 2224 Carilephi,
3103 2151 3165 2206 in
3193 2167 3316 2222 quo
3375 2149 3635 2207 contine-

1995 2246 2087 2296 tur
2122 2241 2552 2296 monasterium
2585 2241 2842 2296 Anisolae
2875 2239 3215 2310 subjectum
3240 2254 3370 2292 esse
3413 2237 3633 2293 debere

1993 2327 2405 2386 Cenomanicua
2427 2329 2600 2384 matri
2630 2328 2918 2384 Ecclesiae.

2061 2421 2209 2475 XXV.
2262 2419 2623 2490 Praeceptum
2677 2416 2845 2489 quod
2891 2415 3025 2472 fecit
3071 2415 3334 2470 domnus
3386 2413 3632 2470 Carolus

1991 2507 2282 2568 Franconi
2313 2507 2595 2580 episcOpo
2617 2505 2865 2578 quando
2894 2505 2948 2561 ei
2976 2503 3271 2560 concessit
3313 2507 3380 2560 ut
3431 2503 3634 2559 hostes

1989 2601 2048 2651 et
2075 2595 2285 2652 itinera
2315 2595 2479 2650 nulla
2509 2597 2748 2662 taceret,
2781 2593 2890 2650 sed
2919 2592 3278 2662 Adalghisus
3305 2609 3450 2648 suus
3497 2607 3634 2665 pro-

1989 2686 2253 2758 pinquus
2281 2683 2484 2740 omnia
2512 2683 2736 2752 regalia
2765 2681 2999 2738 servitia
3021 2697 3132 2754 pro
3165 2696 3237 2736 eo
3285 2679 3523 2749 faceret,
3577 2684 3635 2737 et

1989 2791 2096 2846 per
2119 2771 2420 2828 licentiam
2453 2771 2772 2828 Francouis
2804 2771 3073 2844 aliquam
3097 2773 3330 2843 partem
3375 2769 3631 2827 abhatize

1990 2861 2178 2916 sancti
2210 2861 2502 2934 Carileplii
2537 2865 2776 2928 teneret,
2809 2864 2864 2915 et
2888 2864 3025 2932 post
3049 2858 3281 2914 obitum
3326 2857 3632 2930 Adalghisi

1989 2949 2067 3004 ad
2093 2949 2192 3020 jus
2223 2953 2280 3004 et
2325 2941 2593 3018 regimen
2653 2947 3066 3005 Cenomanicae
3115 2946 3320 3004 matris
3369 2945 3630 3004 ecclesiae

1987 3037 2218 3110 absque
2251 3036 2370 3093 ulla
2399 3037 2867 3093 contradictione
2897 3040 3241 3106 revertetur,
3275 3037 3427 3092 sicut
3469 3035 3532 3091 in
3559 3051 3630 3091 eo

1987 3125 2322 3180 continetur
2359 3125 2668 3180 insertum.

2057 3216 2202 3270 Huic
2227 3215 2454 3285 judicio
2485 3219 2541 3269 et
2564 3213 2881 3268 redditioni
2905 3212 3222 3268 interfuere
3277 3212 3482 3267 subter
3536 3211 3627 3266 in-

1986 3303 2120 3358 serti
2145 3303 2254 3357 Viri
2291 3320 2304 3356 :
2335 3302 2536 3356 Judith
2567 3300 2933 3374 lmperatrix,
2979 3299 3222 3356 Carolus
3275 3299 3626 3370 gloriosissi-

1985 3391 2174 3446 simus
2200 3407 2321 3458 rex,
2358 3393 2550 3461 Drogo
2583 3389 3067 3462 archiepiscopus
3124 3393 3304 3461 atque
3360 3387 3626 3444 archica-

1982 3479 2278 3552 pellanus,
2308 3477 2619 3534 Autcarius
2649 3477 3159 3550 archiepiscopus,
3217 3473 3627 3536 Hadalboldus

1981 3568 2488 3639 archiepiscopus,
2520 3565 2913 3623 Amaluvinus
2937 3565 3449 3639 archiepiscopus,
3470 3563 3626 3620 Aiul-

1980 3657 2137 3729 phus
2161 3656 2673 3730 archiepiscopus,
2725 3655 3009 3712 Rataldus
3056 3655 3396 3728 episcopus,
3457 3655 3626 3710 Ecar-

1980 3745 2094 3800 dus
2123 3745 2469 3818 episcopus,
2500 3746 2755 3802 Erardus
2780 3744 3118 3818 episcopus,
3141 3743 3438 3800 Ebruinus
3471 3741 3624 3814 epis-

1979 3850 2191 3906 copus,
2225 3833 2510 3888 Wiliricus
2540 3833 2880 3908 episcopus,
2929 3832 3234 3888 Albericus
3280 3831 3620 3904 episcopus,

1979 3921 2292 3978 Ghefridus
2343 3922 2682 3994 episcopus,
2731 3922 2873 3978 item
2917 3920 3224 3976 Albericus
3279 3919 3618 3992 episcopus,

1977 4011 2216 4066 Simeon
2245 4010 2586 4084 episcopus,
2621 4009 2997 4066 Ercanradus
3047 4009 3388 4082 episcopus,
3441 4009 3620 4064 Ionas

1977 4100 2318 4172 episcopus,
2351 4099 2635 4154 Vuiladus
2667 4099 3006 4172 episcopus.
3058 4097 3446 4168 Ansigaudus
3501 4097 3620 4170 epi-

1977 4188 2563 4262 sc0pus,Adalardus
2593 4205 2818 4260 comes,
2847 4189 3137 4246 Radulfus
3186 4203 3409 4255 comes,
3438 4190 3620 4242 Bone-

1977 4277 2167 4333 facius
2188 4294 2409 4340 comes,
2441 4278 2796 4335 Adalbertus
2817 4294 3039 4346 comes,
3071 4277 3366 4334 Vuarinus
3391 4291 3614 4346 comes,

1902 4346 1944 4400 Β
1969 4366 2296 4432 Herbertus
2327 4383 2550 4434 comes,
2573 4367 2866 4423 Audubus
2896 4383 3120 4438 comes,
3146 4367 3482 4438 Stephanus
3520 4381 3616 4421 co-

1975 4471 2122 4523 mes,
2148 4455 2472 4513 Rainaldus
2502 4473 2724 4524 comes,
2747 4457 3100 4514 Cislebertus
3121 4471 3343 4522 comes,
3375 4453 3618 4511 Landri-

1977 4561 2081 4600 cus
2110 4561 2332 4616 comes,
2367 4547 2659 4606 Gerardus
2709 4562 2934 4615 comes,
2985 4545 3160 4602 Abbo
3203 4560 3424 4609 comes,
3479 4545 3617 4598 Teo-

1973 4637 2034 4688 to
2087 4650 2312 4700 comes,
2354 4636 2562 4707 Poppo
2615 4650 2837 4702 comes,
2895 4636 3170 4690 Erminus
3228 4647 3451 4694 comes,
3499 4631 3614 4684 An-

1975 4721 2176 4776 fredus
2237 4739 2438 4778 comes
2471 4762 2485 4785 ,
2553 4723 2907 4794 Adalgarius
2971 4735 3173 4776 comes
3209 4761 3222 4786 ,
3311 4717 3613 4774 Gebuinus

1974 4827 2194 4877 comes,
2259 4810 2600 4880 Tetgbildus
2665 4826 2903 4876 comes,
2978 4806 3288 4864 Troandus
3369 4822 3572 4863 comes
3595 4849 3609 4874 ,

1972 4899 2271 4954 Ardoinus
2357 4915 2560 4952 comes
2587 4939 2601 4964 ,
2667 4897 2997 4954 Rumaldus
3075 4912 3278 4952 comes
3304 4939 3319 4964 ,
3389 4895 3614 4953 Herloi—

1972 5003 2086 5043 nus
2138 5003 2359 5056 comes,
2391 4986 2729 5056 Hungarius
2795 5002 3017 5058 comes,
3056 4986 3458 5044 Theodoricus
3520 5003 3618 5042 cos

1973 5094 2122 5147 mes,
2165 5076 2408 5132 Ricboto
2465 5075 2677 5144 abbas,
2740 5075 3075 5133 Ludovicus
3121 5076 3332 5144 abbas,
3388 5075 3614 5148 Stplido

1973 5167 2188 5233 abbas,
2221 5165 2533 5221 Hilduinus
2583 5165 2793 5233 abbas,
2823 5165 3202 5234 Burchardus
3229 5165 3441 5235 abbas,
3469 5169 3618 5222 Lan-

1974 5261 2244 5312 tramnus
2271 5254 2487 5324 abbas,
2517 5255 2866 5311 Godolricus
2891 5255 3106 5325 abbas,
3145 5254 3356 5312 Daniel
3398 5255 3614 5322 abbas,

1977 5345 2260 5416 Georgius
2286 5343 2498 5407 abbas,
2527 5343 2878 5401 Elmeradus
2926 5343 3142 5414 abbas,
3184 5343 3618 5416 Vuaringarius

1975 5435 2188 5505 abbas,
2231 5433 2500 5490 AldiiCiis
2537 5435 2752 5501 abbas,
2789 5433 3089 5490 Eribertus
3148 5433 3361 5500 abbas,
3389 5433 3618 5490 Tethal-

1979 5523 2092 5580 dus
2119 5523 2336 5592 abbas,
2367 5523 2749 5582 Marcoardus
2771 5523 2986 5590 abbas,
3015 5523 3374 5584 Humbertus
3405 5523 3616 5589 abbas,

1979 5613 2313 5685 Eginardus
2333 5613 2546 5683 abbas,
2561 5612 2740 5671 Fulco
2750 5629 2966 5674 vassus
2988 5613 3327 5672 dominicus
3347 5617 3405 5670 et
3419 5627 3620 5668 comes
