4160 6182
489 162 557 216 87
1592 152 1872 209 ALDRlCl
1906 145 2441 204 CENOMANENSIS
2480 147 2790 205 EPISCOPI
3850 158 3923 214 83

490 279 722 356 palatii,
753 277 1129 351 Ragenarius
1184 292 1397 334 vassus
1443 274 1784 331 dominicus
1831 250 1889 329 et
1943 286 2144 326 comes
2174 272 2213 324 A
2250 270 2379 356 ejus
2407 271 2516 340 qui
2542 271 2700 327 misit
2727 286 2819 328 me
2850 273 3048 339 (Joan.
3079 288 3158 328 vr.
3192 276 3281 337 38)
3314 291 3328 340 ;
3363 272 3651 348 oblitiqne
3679 272 3925 349 apostO'

492 370 721 445 palatii,
753 366 1087 443 Teutfridus
1131 381 1341 421 vassus
1392 363 1752 449 dominicus,
1798 359 2144 417 Adalelmus

495 473 708 515 vassus
752 455 1118 519 dominicus,
1172 452 1458 507 Henricus
1508 467 1729 509 vassus
1780 449 2140 515 dominicus,

500 544 907 616 Engiscardus
938 557 1148 598 vassus
1173 540 1533 606 dominicus,
1561 540 1695 595 Diso
1719 554 1929 595 vassus
1958 537 2146 592 domi-

499 634 698 703 nicus,
744 635 972 687 France
1032 644 1250 683 vassus
1306 628 1673 697 dominicus,
1716 630 1893 683 Teoto
1934 641 2146 682 vassus

502 722 862 784 dominicus,
897 716 1221 773 Folcradus
1277 734 1495 773 vassus
1554 716 1911 782 dominicus,
1970 716 2146 770 Teoto

500 826 713 867 vassus
767 805 1130 872 dominicus,
1166 805 1491 861 Folcradus
1528 821 1737 861 vassus
1786 802 2145 872 dominicus,

502 894 835 953 Bernuinus
890 909 1107 950 vassus
1165 893 1526 962 dominicus,
1582 892 1881 949 Evrardus
1932 908 2149 946 vassus

503 982 862 1051 dominicus,
893 981 1177 1039 Salaman
1208 997 1421 1037 vassus
1450 981 1809 1046 dominicus,
1843 981 2151 1051 Egibertus

502 1089 716 1129 vassus
735 1070 1101 1139 dominicus,
1134 1070 1537 1125 Vuinitmarus
1555 1086 1772 1125 vassus
1788 1069 2150 1136 dominicus,

503 1159 856 1218 Vuitbaldus
898 1175 1112 1215 vassus
1139 1157 1502 1225 dominicus,
1534 1157 1882 1230 Radulphus
1934 1173 2152 1213 vassus

506 1248 868 1315 dominicus,
896 1250 1099 1304 Gunzo
1146 1263 1362 1303 vassus
1409 1246 1771 1315 dominicus,
1832 1246 2151 1303 Odorricus

506 1354 722 1394 vassus
752 1335 1119 1406 dominicus,
1153 1334 1358 1392 Cadilo
1386 1351 1600 1391 vassus
1643 1335 2000 1391 dominicus.
2055 1337 2156 1390 Le-

507 1427 690 1482 tricus
716 1441 932 1481 vassus
960 1424 1332 1489 dominicus,
1364 1424 1681 1481 Nantarius
1710 1440 1923 1480 vassus
1964 1423 2155 1479 domi-

510 1515 700 1582 nicus,
760 1513 1050 1569 Robertus
1096 1528 1310 1569 vassus
1366 1512 1723 1580 dominicus,
1748 1517 1914 1569 Isaac
1944 1528 2156 1567 vassus

2247 355 2377 412 licae
2407 358 2711 414 sententiae
2739 359 2821 414 ita
2850 359 3099 417 dicentis
3132 377 3146 416 :
3197 362 3470 433 Subjecti
3524 369 3708 421 estote
3760 369 3928 424 omni

2252 452 2568 511 creaturae,
2595 448 2717 504 sive
2736 449 2866 519 regi
2894 451 3073 520 quasi
3087 451 3485 519 praecellenti,
3508 453 3631 509 sive
3658 454 3920 513 ducibus

2254 540 2540 605 tanquam
2574 535 2648 591 ab
2679 552 2742 592 eo
2775 539 2966 593 missis
2994 537 3050 607 (Ι
3070 540 3237 595 Petr.
3272 555 3333 599 ιι,
3373 540 3482 610 l3).
3519 542 3586 597 Et
3631 542 3747 600 hoc
3801 560 3927 602 non

2254 622 2333 678 ob
2364 621 2529 677 aliud
2550 622 2815 679 fecerunt
2844 623 2958 680 nisi
3016 625 3185 698 quod
3232 626 3428 683 abbas
3485 643 3696 686 eorum
3747 632 3926 689 nobis

2254 708 2610 765 inobediens
2642 712 2942 784 apparuit,
2975 718 3033 769 et
3076 730 3191 770 nos
3248 715 3447 772 eidem
3509 716 3715 788 abbati
3763 719 3927 778 idem

2254 798 2686 854 monasterium
2720 800 2981 868 tulimus,
3029 806 3087 858 et
3132 802 3281 859 illud
3333 803 3571 862 Aldrico
3625 807 3927 882 episcopo

2257 888 2640 965 ecclesiseque
2668 889 2781 945 sibi
2809 890 3150 946 commissae
3175 890 3463 962 legaliter,
3512 894 3663 952 sicut
3714 913 3752 953 a
3796 900 3929 956 suis

2259 978 2802 1048 preedecessoribus
2832 995 3184 1051 possessum
3231 985 3289 1035 et
3329 988 3741 1041 constructum
3790 987 3927 1057 fuit,

2258 1065 2654 1136 reddidimus,
2690 1065 2839 1121 sicut
2878 1065 3032 1121 lator
3059 1066 3190 1138 ejus
3245 1068 3517 1140 epistola:
3572 1070 3677 1127 tibi
3726 1072 3928 1131 dicere

2259 1154 2493 1227 poterit,
2527 1154 2673 1228 quia
2698 1154 2996 1227 prolixum
3027 1161 3112 1210 est
3162 1155 3337 1212 nobis
3390 1158 3454 1213 in
3505 1159 3620 1215 hac
3674 1161 3926 1234 epistola

2262 1243 2468 1299 omnia
2495 1243 2752 1299 inserere
2780 1242 3035 1315 qualiter
3063 1248 3264 1301 actum
3288 1250 3343 1301 et
3372 1245 3691 1305 deﬁnitum
3746 1252 3923 1308 ratio-

2261 1332 2539 1389 nabiliter
2554 1332 2681 1400 fuit,
2707 1337 2765 1388 et
2786 1332 2931 1404 quia
2955 1332 3014 1388 in
3038 1332 3205 1389 nullo
3229 1335 3523 1390 sentimus
3551 1340 3923 1397 contrarium

2262 1436 2392 1476 esse
2453 1420 2787 1477 auctoritati
2857 1436 3159 1477 canonum
3238 1423 3573 1481 monachos
3629 1427 3935 1500 subjectos

2263 1511 2562 1583 episcopis
2583 1510 2710 1566 ﬁeri
2738 1510 2976 1567 debere.
3006 1513 3382 1585 Quapropter
3401 1514 3685 1572 volumus
3702 1522 3768 1573 ut
3787 1518 3928 1575 miss

510 1601 869 1667 dominicus,
901 1605 1069 1672 Hugo
1111 1618 1325 1658 vassus
1373 1600 1732 1665 dominicus,
1790 1601 2157 1671 Dagobertus
2190 1620 2227 1673 Β
2265 1615 2371 1654 sus
2400 1602 2603 1655 noster
2633 1599 2712 1654 sis
2738 1614 2860 1654 una
2882 1616 3021 1654 cum
3050 1601 3299 1657 Henrico
3325 1601 3568 1675 abbate,
3596 1608 3656 1661 et
3678 1606 3931 1664 eosdem

511 1706 724 1748 vassus
748 1690 1109 1760 dominicus,
1141 1690 1437 1747 Ebruinus
1470 1706 1686 1745 vassus
1707 1690 2070 1757 dominicus,
2102 1696 2160 1746 et

513 1778 726 1852 reliqui
782 1778 1251 1835 innumerabiles
1300 1794 1561 1851 quorum
1620 1778 1870 1836 nomina
1914 1784 2160 1852 propter

513 1867 914 1941 prolixitatem
946 1867 1043 1924 hic
1066 1883 1190 1924 non
1216 1867 1597 1924 inseruimus.

1241 1956 1418 2013 XLIV.

516 2063 853 2132 Exemplar
880 2063 1351 2135 epistolwiquam
1384 2062 1635 2118 domnus
1675 2064 2001 2132 imperator
2045 2064 2160 2118 Lu-

589 2135 832 2190 dovicus
856 2134 1016 2189 Iona:
1063 2134 1229 2201 urbis
1282 2134 1737 2189 Aurelianensis
1785 2136 2053 2204 episcopo
2103 2139 2157 2190 et

584 2205 849 2259 Henrico
880 2204 1087 2259 abbati
1110 2205 1254 2273 fecit
1285 2204 1358 2259 de
1387 2219 1571 2260 causa
1600 2205 1842 2260 Aldrici
1870 2206 2158 2261 Cenoma-

586 2276 736 2330 nicz
762 2274 928 2356 urbis
959 2275 1609 2356 episcopi‘suorumque
1635 2277 2061 2356 monachorum
2086 2276 2161 2356 de

588 2347 949 2401 monasterio
979 2347 1177 2400 sancti
1206 2346 1537 2415 Carilephi,
1598 2347 1839 2417 quando
1895 2348 2055 2402 illud
2107 2347 2162 2403 ei

589 2417 842 2488 domnus
872 2417 1439 2488 imperator-plena
1496 2421 1730 2472 ratione
1784 2418 2162 2488 ecclesiwque

590 2487 707 2541 sibi
733 2487 1057 2557 commissae
1085 2485 1302 2550 reddit,
1336 2492 1389 2541 et
1409 2493 1662 2555 propter
1681 2501 1748 2542 ea
1774 2488 2017 2557 quidam
2042 2485 2161 2543 mo-

591 2556 773 2612 nachi
801 2557 1137 2612 inconsulte
1194 2562 1406 2612 contra
1461 2572 1689 2613 omnem
1742 2556 2160 2614 auctoritatem

592 2626 945 2699 canonicam
977 2632 1041 2699 et
1057 2628 1398 2695 regularem
1426 2642 1501 2682 ex
1528 2642 1592 2682 eo
1620 2634 1759 2682 sunt
1816 2631 2053 2699 egressi.
2105 2634 2159 2685 et

591 2712 685 2753 res
716 2697 1143 2753 ecclesiasticas
1171 2713 1291 2752 non
1316 2712 1546 2767 paucas
1576 2699 1696 2754 sive
1718 2697 1961 2756 sacrata
2018 2715 2163 2756 vasa

592 2782 780 2824 aurea
809 2774 863 2823 et
891 2773 1175 2838 argentea
1204 2768 1421 2837 furtim
1476 2769 1615 2825 inde
1669 2776 2159 2839 exportaverant.

592 2858 658 2912 In
683 2854 929 2912 nomine
958 2855 1194 2911 Domini
1219 2855 1316 2910 Dei
1346 2860 1403 2912 et
1435 2856 1755 2913 Salvatoris
1784 2859 1966 2913 nostri
2022 2861 2161 2916 Jesu

522 2943 759 3000 Christi.
781 2943 1138 3011 Ludovicus,
1157 2944 1361 3000 divina
1380 2945 1802 3019 repropitiante
1828 2947 2162 3016 clementia,
2196 2967 2236 3024 ε

519 3032 848 3106 imperator
898 3036 1223 3103 Augustus,
1269 3033 1437 3089 Jonas
1484 3034 1813 3091 venerabili
1882 3037 2165 3111 episcopo

522 3120 803 3178 salutem.

592 3213 809 3267 Notum
834 3209 938 3266 tibi
958 3224 1088 3266 esse
1118 3209 1399 3268 volumus
1424 3211 1568 3284 quia
1597 3219 1948 3284 perventum
1975 3221 2062 3271 est
2087 3217 2162 3272 ad

520 3312 635 3354 nos
658 3298 826 3369 quod
854 3298 1137 3354 monachi
1162 3314 1235 3352 ex
1262 3300 1628 3355 monasterio
1656 3303 1846 3358 sancti
1870 3303 2166 3379 Carilephi

520 3384 585 3440 in
614 3399 860 3453 egressu
885 3385 1312 3456 prtesumptivo
1337 3386 1497 3441 idem
1528 3391 1957 3446 monasterium
1981 3408 2163 3464 expo-

522 3471 768 3527 liassent
796 3472 1165 3527 ornamentis
1192 3472 1606 3529 ecclesiasticis
1640 3479 1764 3531 tam
1790 3478 1850 3532 in
1885 3479 2165 3535 thesauro

524 3574 835 3632 quamque
862 3558 924 3614 in
957 3559 1112 3615 vasis
1137 3574 1242 3615 seu
1261 3561 1653 3632 vestimentis,
1681 3578 1790 3619 nec
1840 3581 1962 3622 non
1994 3573 2050 3623 et
2096 3569 2162 3624 li-

521 3647 668 3703 bris.
698 3649 1073 3720 Quapropter
1093 3647 1196 3703 tibi
1223 3649 1607 3722 prsecipimus
1651 3657 1706 3708 et
1758 3652 2010 3711 Henrico
2063 3657 2166 3712 ab-

522 3735 649 3792 bati
673 3741 739 3792 ut
761 3751 870 3792 vos
887 3737 1053 3793 omni
1076 3736 1383 3807 diligentia
1414 3738 1561 3794 illud
1591 3740 1923 3814 inquiratis,
1949 3750 2161 3801 etcum

523 3824 691 3881 omni
710 3824 1041 3895 integritate
1070 3841 1162 3881 res
1187 3825 1619 3885 ecclesiasticas
1676 3830 1869 3886 eidem
1901 3832 2163 3889 ecclesiae

520 3912 827 3970 restituere
858 3913 1110 3970 faciatis.
1143 3914 1300 3985 Vale,
1333 3931 1406 3971 ex
1461 3916 1575 3972 hoc
1624 3917 1843 3974 habeto
1897 3921 2161 3977 studium

523 4000 677 4055 sicut
703 4000 778 4056 de
810 4004 863 4056 te
886 4000 1041 4057 bene
1063 4002 1450 4074 conﬁdimus,
1481 4010 1535 4060 et
1566 4006 1717 4063 sicut
1744 4006 1805 4062 in
1858 4008 1972 4064 hoc
2027 4024 2165 4065 nos-

524 4091 680 4143 tram
706 4090 1022 4158 cognoscis
1040 4091 1432 4149 voluntatem.
1464 4080 1469 4083 ’

1254 4180 1413 4237 XLV.

515 4263 666 4339 Item
687 4242 1270 4334 exemplar-alterius
1318 4269 1579 4339 epistola
1624 4272 1832 4328 damni
1873 4275 2167 4333 Ludovici

605 4335 984 4405 imperatoris
1033 4339 1106 4394 de
1132 4335 1427 4408 praedicta
1469 4357 1552 4411 re,
1580 4343 1662 4399 ad
1686 4358 1831 4413 quos
1858 4361 2064 4416 supra.

584 4426 652 4480 In
679 4424 926 4481 nomine
967 4426 1200 4483 Domini
1225 4429 1325 4485 Dei
1345 4434 1402 4485 et
1422 4430 1743 4487 Salvatoris
1799 4435 1983 4490 nostri
2025 4440 2161 4493 Jcsu

511 4512 747 4587 Christi,
781 4515 1135 4587 Ludovicus,
1153 4516 1357 4574 divina
1377 4518 1799 4591 repropitiante
1825 4521 2158 4597 clementia,

506 4601 835 4677 imperator
886 4609 1210 4677 Augustus,
1283 4606 1448 4663 J0me
1500 4608 1825 4667 venerabili
1877 4612 2159 4691 episcopo

506 4691 780 4752 salutem.

577 4782 791 4837 Notum
822 4784 927 4840 tibi
956 4802 1088 4844 esse
1112 4786 1393 4846 volumus
1419 4790 1564 4865 quia
1587 4796 1942 4866 perventum
1973 4798 2061 4852 est
2079 4795 2158 4852 ad

501 4878 616 4919 nos
636 4869 801 4957 quod
834 4875 1114 4930 monachi
1143 4894 1215 4933 ex
1246 4882 1612 4938 monasterio
1642 4884 1832 4940 sancti
1864 4883 2156 4957 Carilephi

501 4954 726 5020 egressi
755 4958 990 5014 suntde
1039 4966 1280 5034 proprio
1329 4972 1712 5042 monasterio,
1773 4972 1968 5029 aliena
2024 4954 2156 5029 loca

497 5047 854 5112 qumrentes,
893 5045 1277 5106 immemores
1305 5059 1561 5128 propriae
1594 5060 2009 5131 promissionis
2061 5078 2155 5116 eo-

493 5151 653 5203 rum,
680 5138 741 5196 in
769 5156 893 5212 qua
924 5144 1326 5216 promiserunt
1353 5151 1760 5212 obedientiam
1812 5163 1867 5211 et
1926 5157 2150 5211 stabili-

492 5225 675 5281 tatem
703 5230 960 5302 propria:
990 5234 1407 5306 promisstonis
1435 5241 1569 5309 loci,
1604 5250 1783 5318 atque
1845 5245 2149 5298 renuntia-

488 5319 705 5371 verunt
729 5319 989 5391 propriis
1031 5323 1438 5385 voluntatibus
1492 5333 1825 5387 secundum
1875 5330 2144 5400 regulam

488 5403 677 5460 sancti
706 5406 1028 5482 Benedicti,
1056 5412 1222 5471 obliti
1248 5418 1426 5475 etiam
1455 5421 1807 5476 sententiam
1840 5420 2142 5489 evangeli-

486 5505 642 5580 cum,
673 5492 733 5550 in
764 5511 887 5569 qua
935 5501 1313 5562 Dominicum
1375 5507 1687 5580 exemplar
1741 5506 2087 5574 audivimus
2122 5528 2136 5567 :

479 5578 615 5644 Non
646 5585 799 5648 veni,
826 5585 1038 5661 inquit,
1070 5589 1278 5660 facere
1332 5578 1702 5655 voluntatem
1762 5612 1974 5684 meam,
2033 5600 2138 5667 βξιεὲ

588 5836 770 5919 si.“
805 5917 815 5927 ,

2265 1687 2600 1744 monachos
2630 1686 2809 1759 plena
2845 1688 3193 1744 auctoritate
3225 1705 3533 1747 canonum
3563 1698 3623 1750 et
3671 1695 3955 1765 regulari.

2265 1781 2445 1848 atque
2474 1780 2684 1832 nostra
2743 1776 2823 1832 ad
2878 1776 3193 1849 proprium
3245 1781 3681 1838 monasterium
3734 1783 3930 1840 redire

2268 1864 2665 1937 compellatis.
2728 1864 2789 1922 Si
2834 1881 2977 1921 vero
3024 1865 3329 1939 quispiam
3379 1883 3592 1926 eorum
3636 1887 3751 1928 vos
3802 1888 3931 1930 non

2267 1953 2607 2009 obaudierit
2636 1952 2917 2009 volumus
2948 1960 3012 2011 ut
3039 1954 3410 2027 compellatis
3435 1973 3576 2013 eum
3601 1960 3805 2017 venire
3847 1962 3929 2018 ad

2264 2046 2534 2098 nostram
2561 2042 2945 2114 praesentiam
2976 2042 3037 2098 in
3062 2044 3337 2115 proximo
3359 2044 3575 2118 placito
3602 2048 3769 2120 quod
3814 2048 3925 2106 ha-

2266 2130 2448 2186 bituri
2469 2147 2701 2202 sumus,
2724 2131 2979 2188 Domino
3001 2137 3323 2203 annuente,
3342 2134 3504 2209 apud
3527 2137 3916 2209 Carisiacum.

2268 2221 2423 2275 Bene
2447 2218 2601 2290 vale,
2632 2224 2691 2277 et
2716 2235 2823 2277 ora
2852 2237 2961 2293 pro
2989 2221 3163 2277 nobis
3196 2207 3537 2280 Dominum.
3836 2207 3853 2219 ’

3006 2328 3180 2383 XLVI.

2264 2414 2497 2470 Notitia
2516 2414 2980 2491 demqnasterio
3002 2418 3200 2491 sancti
3208 2416 3533 2491 ACarilephi
3555 2421 3617 2476 in
3649 2423 3928 2491 generali

2334 2485 2561 2561 synodo
2591 2486 2655 2561 in
2688 2486 2992 2561 Carisiaco
3013 2488 3249 2561 palatio
3279 2485 3465 2559 regio,
3486 2485 3672 2561 facta
3684 2493 3760 2549 ab
3809 2494 3921 2549 Al-

2379 2555 2506 2635 rico
2533 2557 2802 2635 episcopo
2825 2572 2936 2626 per
2949 2557 3253 2635 judicium
3283 2555 3695 2631 episcoporum
3725 2579 3927 2635 accep-

2339 2630 2421 2694 ta,
2453 2628 2607 2683 sicut
2637 2628 2699 2682 in
2732 2642 2800 2683 ea
2827 2629 3170 2685 continetur
3199 2628 3511 2688 insertum.

2654 2714 2816 2783 (Vide
2843 2714 2943 2772 ubi
2974 2733 3180 2790 supra,
3211 2717 3321 2775 col.
3361 2725 3544 2778 1290.)

2996 2806 3209 2861 XLVII.

2270 2910 2357 2966 De
2384 2910 2763 2990 responsione
2809 2911 3099 2969 Ludovici
3150 2915 3528 2984 imperatoris
3583 2925 3637 2976 et
3688 2921 3926 2990 judicio

2343 2982 2694 3060 optimatum
2719 2997 2963 3060 suorum
2980 2990 3205 3060 contra
3230 2982 3536 3057 praecepta
3557 2982 3709 3060 qua;
3722 3007 3928 3048 mona-

2344 3052 2446 3107 chi
2470 3052 2551 3130 de
2566 3055 2924 3130 monasterio
2952 3055 3217 3130 Anisola’
3230 3052 3586 3113 attulerunt
3604 3075 3803 3116 coram
3832 3077 3918 3130 eo,

2343 3123 2584 3200 quando
2620 3130 2832 3179 contra
2856 3196 2864 3200 _
2886 3126 3204 3200 Aldricum
3265 3130 3595 3198 episcopum
3651 3131 3724 3187 de
3761 3123 3917 3200 praei

2346 3195 2504 3250 dicto
2534 3196 2897 3251 monasterio
2928 3197 2992 3253 in
3022 3195 3620 3257 rationes—venerunt.

2345 3300 2598 3366 Quando
2623 3300 2980 3372 Aquisgraui
3010 3303 3231 3375 palatio
3252 3321 3416 3362 anno
3445 3306 3679 3380 imperii
3716 3307 3927 3364 domui

2274 3389 2555 3465 Ludovici
2587 3389 2837 3461 piissimi
2866 3392 3112 3459 Augusti
3131 3408 3272 3458 xxv,
3298 3408 3505 3449 coram
3528 3411 3600 3450 eo
3629 3400 3687 3451 et
3709 3397 3929 3469 princi-

2270 3475 2450 3549 pibus
2480 3476 2603 3533 suis
2627 3482 2747 3534 tam
2779 3477 3184 3535 ecclesiasticis
3211 3494 3399 3551 quam
3420 3486 3478 3535 et
3533 3483 3931 3541 seemrlaribus

2270 3564 2333 3620 in
2356 3566 2618 3636 generali
2647 3571 2946 3623 conventu
2972 3565 3214 3640 querela
3236 3566 3311 3622 de
3365 3570 3732 3626 monasterio
3784 3572 3933 3629 Ani-

2272 3653 2413 3710 solaa
2444 3658 2501 3711 et
2528 3655 2708 3711 rebus
2737 3658 2861 3713 suis
2890 3657 3040 3713 inter
3058 3655 3359 3713 Aldricum
3378 3660 3793 3715 Cenomanicae
3823 3677 3932 3718 ur-

2271 3741 2366 3798 bis
2393 3743 2749 3816 episcopum
2783 3750 2842 3801 et
2865 3745 3297 3815 Sigemundum
3354 3745 3627 3816 ejusdem
3683 3764 3932 3807 monas-

2272 3830 2399 3887 terii
2433 3832 2717 3889 abbatem
2748 3833 3043 3903 agebatur
3067 3838 3124 3890 et
3151 3833 3493 3905 diligentius
3525 3837 3931 3912 scrutabatur,

2271 3923 2452 3992 atque
2476 3920 2606 3992 jam
2631 3920 2824 3977 dictus
2848 3922 3112 3994 pontifex
3140 3922 3291 3978 inter
3310 3922 3541 3995 reliqua
3568 3923 3931 3983 instrumen-

2270 4011 2331 4064 ta
2360 4007 2706 4065 chartarum
2744 4015 2801 4066 et
2829 4017 3129 4084 praecepta
3158 4011 3383 4081 regalia
3413 4028 3604 4068 unum
3664 4028 3931 4089 praecep-

2272 4100 2399 4153 tum
2423 4098 2591 4169 quod
2615 4098 2878 4155 domnus
2905 4099 3151 4157 Carolus
3182 4100 3378 4157 facere
3400 4100 3597 4172 jussit.
3630 4118 3740 4159 sua
3767 4104 3930 4159 vide-

2269 4184 2406 4242 licet
2431 4186 2679 4259 propria
2707 4202 2896 4243 manu
2924 4187 3275 4245 roboratum
3307 4193 3363 4245 et
3386 4188 3613 4246 annulo
3643 4206 3752 4246 suo
3780 4190 3925 4246 sub-

2270 4278 2358 4331 ter
2387 4274 2729 4347 sigillatum,
2760 4293 2869 4351 per
2895 4277 3063 4350 quod
3088 4277 3216 4349 ipse
3240 4278 3370 4348 jam
3406 4278 3637 4334 dictum
3688 4294 3925 4335 monas-

2271 4366 2484 4422 terium
2516 4368 2806 4424 Franconi
2838 4368 3126 4440 episcopo
3172 4367 3556 4440 ecclesiaeque
3610 4367 3723 4423 sibi
3764 4382 3928 4423 com-

2270 4455 2468 4511 missae
2496 4457 2774 4525 reddidit,
2826 4462 2882 4512 et
2927 4457 3210 4512 monachi
3261 4456 3527 4530 praedicti
3576 4457 3932 4525 Sigemundi

2268 4544 2580 4617 quoddam
2610 4550 2977 4619 prteceptum
3007 4544 3083 4601 de
3120 4544 3404 4601 electione
3452 4561 3683 4614 eorum,
3734 4551 3799 4601 ut
3852 4545 3934 4601 de

2267 4633 2600 4706 semetipsis
2623 4634 2914 4692 haberent
2954 4632 3255 4689 licentiam
3308 4633 3568 4704 eligendi
3615 4633 3930 4703 abbatem,

2267 4718 2434 4792 quod
2462 4718 2745 4776 dicebant
2760 4719 2942 4791 jussu
2971 4716 3181 4773 domui
3207 4716 3490 4773 Ludovici
3528 4716 3778 4790 piissimi
3807 4715 3931 4772 im-

2265 4803 2557 4877 peratoris
2605 4820 2735 4860 esse
2774 4801 3206 4874 conscriptum.
3259 4801 3349 4857 Ad
3396 4801 3561 4875 quod
3613 4802 3941 4872 respondit

2265 4893 2530 4949 domnus
2555 4893 2919 4966 imperator:
2953 4892 3010 4949 Si
3052 4907 3165 4962 ego
3213 4891 3327 4947 hoc
3378 4894 3744 4964 praeceptum
3794 4887 3941 4947 ﬁeri

2260 4983 2432 5050 jussi.
2462 4983 2807 5039 nesciebam
2828 4981 2997 5055 quod
3015 4979 3371 5053 praedictum
3388 4978 3822 5036 monasterium
3855 4981 3941 5038 de

2265 5072 2574 5142 episcopio
2603 5070 3005 5127 Cenomanico
3035 5073 3207 5135 esset,
3238 5076 3296 5124 et
3342 5069 3705 5140 ignorabam
3761 5071 3940 5142 quod

2263 5164 2432 5230 pater
2461 5174 2633 5213 mens
2664 5158 2810 5214 illud
2840 5159 2919 5214 ibi
2951 5174 3060 5230 per
3082 5173 3261 5213 suum
3291 5163 3658 5231 praeceptum
3718 5157 3942 5216 redde-

2260 5251 2364 5300 ret.
2403 5244 2515 5302 Sed
2545 5246 2689 5317 quia
2716 5262 2825 5301 vos
2854 5250 2912 5301 et
2938 5260 3118 5317 pares
3151 5246 3333 5301 vestri
3358 5247 3473 5303 hoc
3498 5246 3645 5302 mihi
3666 5246 3937 5315 cetastis,

2258 5338 2315 5388 et
2338 5348 2449 5404 per
2478 5332 2750 5388 fraudem
2779 5338 2836 5389 et
2866 5331 3097 5389 malum
3136 5332 3444 5404 ingenium
3478 5334 3674 5392 facere
3703 5336 3943 5392 suasis-

2258 5422 2353 5488 tis,
2384 5420 2610 5475 idcirco
2639 5422 2836 5492 ipsum
2870 5426 3262 5495 praeceptum,
3303 5424 3469 5497 quod
3522 5423 3673 5481 mihi
3725 5426 3945 5496 princi-

2253 5525 2394 5581 pere
2424 5509 2552 5563 ﬁeri
2580 5508 2793 5582 dicitis,
2825 5516 3029 5568 vestro
3054 5514 3374 5571 mendacio
3404 5513 3768 5584 infirmatur,
3785 5516 3943 5587 quia

2270 5613 2453 5660 causa
2485 5597 2586 5655 ubi
2619 5599 2784 5657 fraus
2814 5601 3129 5662 intercedit
3150 5618 3272 5661 non
3302 5601 3479 5671 valet,
3506 5602 3615 5659 sed
3638 5602 3841 5674 magis
3857 5621 3950 5662 re-
