  <div class='ocr_page' id='page_1' title='image "/cluster/home/n/w/nwhite01/storage/ocr_20150623/115/hvd.32044054759790/050.png"; bbox 0 0 4180 6186; ppageno 0'>
   <div class='ocr_carea' id='block_1_1' title="bbox 294 167 3711 236">
    <p class='ocr_par' dir='ltr' id='par_1_1' title="bbox 294 167 3711 236">
     <span class='ocr_line' id='line_1_1' title="bbox 294 167 3711 236; baseline 0.001 -2"><span class='ocrx_word' id='word_1_1' title='bbox 294 180 369 234; x_wconf 84' lang='grc'>89</span> <span class='ocrx_word' id='word_1_2' title='bbox 1479 183 1482 185; x_wconf 42' lang='grc'>&gt;</span> <span class='ocrx_word' id='word_1_3' title='bbox 1915 167 2076 223; x_wconf 76' lang='lat' dir='ltr'>vm</span> <span class='ocrx_word' id='word_1_4' title='bbox 3641 181 3711 236; x_wconf 69' lang='grc' dir='ltr'><strong>ρο</strong></span> 
     </span>
    </p>
   </div>
   <div class='ocr_carea' id='block_1_2' title="bbox 287 293 2030 374">
    <p class='ocr_par' dir='ltr' id='par_1_2' title="bbox 287 293 2030 374">
     <span class='ocr_line' id='line_1_2' title="bbox 287 293 2030 374; baseline -0.006 -18"><span class='ocrx_word' id='word_1_5' title='bbox 287 299 485 374; x_wconf 89' lang='lat' dir='ltr'>proba</span> <span class='ocrx_word' id='word_1_6' title='bbox 516 297 791 354; x_wconf 75' lang='lat' dir='ltr'>efﬁcitur.</span> <span class='ocrx_word' id='word_1_7' title='bbox 823 300 886 354; x_wconf 86' lang='lat' dir='ltr'>Et</span> <span class='ocrx_word' id='word_1_8' title='bbox 911 297 1044 352; x_wconf 92' lang='lat' dir='ltr'>ideo</span> <span class='ocrx_word' id='word_1_9' title='bbox 1068 300 1333 352; x_wconf 89' lang='lat' dir='ltr'>vestrum</span> <span class='ocrx_word' id='word_1_10' title='bbox 1368 301 1736 370; x_wconf 65' lang='lat' dir='ltr'>praeceptum</span> <span class='ocrx_word' id='word_1_11' title='bbox 1791 299 1944 349; x_wconf 90' lang='lat' dir='ltr'>stare</span> <span class='ocrx_word' id='word_1_12' title='bbox 1983 293 2030 346; x_wconf 77' lang='grc' dir='ltr'><strong>Α</strong></span> 
     </span>
    </p>
   </div>
   <div class='ocr_carea' id='block_1_3' title="bbox 284 383 1946 461">
    <p class='ocr_par' dir='ltr' id='par_1_3' title="bbox 284 383 1946 461">
     <span class='ocr_line' id='line_1_3' title="bbox 284 383 1946 461; baseline -0.004 -17"><span class='ocrx_word' id='word_1_13' title='bbox 284 405 411 444; x_wconf 91' lang='lat' dir='ltr'>non</span> <span class='ocrx_word' id='word_1_14' title='bbox 443 387 679 461; x_wconf 83' lang='lat' dir='ltr'>poterit,</span> <span class='ocrx_word' id='word_1_15' title='bbox 701 387 846 458; x_wconf 85' lang='lat' dir='ltr'>quia</span> <span class='ocrx_word' id='word_1_16' title='bbox 876 391 1070 442; x_wconf 88' lang='lat' dir='ltr'>vestro</span> <span class='ocrx_word' id='word_1_17' title='bbox 1088 386 1404 442; x_wconf 90' lang='lat' dir='ltr'>mendacio</span> <span class='ocrx_word' id='word_1_18' title='bbox 1428 392 1485 442; x_wconf 92' lang='lat' dir='ltr'>et</span> <span class='ocrx_word' id='word_1_19' title='bbox 1512 394 1704 441; x_wconf 90' lang='lat' dir='ltr'>vestra</span> <span class='ocrx_word' id='word_1_20' title='bbox 1736 383 1946 439; x_wconf 83' lang='lat' dir='ltr'>fraude</span> 
     </span>
    </p>
   </div>
   <div class='ocr_carea' id='block_1_4' title="bbox 287 473 1947 532">
    <p class='ocr_par' dir='ltr' id='par_1_4' title="bbox 287 473 1947 532">
     <span class='ocr_line' id='line_1_4' title="bbox 287 473 1947 532; baseline -0.004 0"><span class='ocrx_word' id='word_1_21' title='bbox 287 475 565 532; x_wconf 78' lang='lat' dir='ltr'>funditus</span> <span class='ocrx_word' id='word_1_22' title='bbox 589 475 936 530; x_wconf 90' lang='lat' dir='ltr'>destruitur.</span> <span class='ocrx_word' id='word_1_23' title='bbox 973 475 1028 529; x_wconf 92' lang='lat' dir='ltr'>Si</span> <span class='ocrx_word' id='word_1_24' title='bbox 1049 474 1206 528; x_wconf 89' lang='lat' dir='ltr'>enim</span> <span class='ocrx_word' id='word_1_25' title='bbox 1243 490 1353 528; x_wconf 91' lang='lat' dir='ltr'>nos</span> <span class='ocrx_word' id='word_1_26' title='bbox 1380 489 1566 529; x_wconf 90' lang='lat' dir='ltr'>unam</span> <span class='ocrx_word' id='word_1_27' title='bbox 1595 473 1770 529; x_wconf 85' lang='lat' dir='ltr'>vobis</span> <span class='ocrx_word' id='word_1_28' title='bbox 1821 477 1947 526; x_wconf 87' lang='lat' dir='ltr'>tan-</span> 
     </span>
    </p>
   </div>
   <div class='ocr_carea' id='block_1_5' title="bbox 291 562 1946 634">
    <p class='ocr_par' dir='ltr' id='par_1_5' title="bbox 291 562 1946 634">
     <span class='ocr_line' id='line_1_5' title="bbox 291 562 1946 634; baseline -0.004 -12"><span class='ocrx_word' id='word_1_29' title='bbox 291 575 423 623; x_wconf 90' lang='lat' dir='ltr'>tum</span> <span class='ocrx_word' id='word_1_30' title='bbox 457 565 808 621; x_wconf 85' lang='lat' dir='ltr'>electionem</span> <span class='ocrx_word' id='word_1_31' title='bbox 841 563 1272 630; x_wconf 85' lang='lat' dir='ltr'>concessimus,</span> <span class='ocrx_word' id='word_1_32' title='bbox 1305 564 1501 634; x_wconf 87' lang='lat' dir='ltr'>ipsam</span> <span class='ocrx_word' id='word_1_33' title='bbox 1561 564 1675 618; x_wconf 86' lang='lat' dir='ltr'>cito</span> <span class='ocrx_word' id='word_1_34' title='bbox 1715 562 1946 617; x_wconf 89' lang='lat' dir='ltr'>ﬁnitam</span> 
     </span>
    </p>
   </div>
   <div class='ocr_carea' id='block_1_6' title="bbox 293 649 1946 724">
    <p class='ocr_par' dir='ltr' id='par_1_6' title="bbox 293 649 1946 724">
     <span class='ocr_line' id='line_1_6' title="bbox 293 649 1946 724; baseline -0.004 -13"><span class='ocrx_word' id='word_1_35' title='bbox 293 672 430 711; x_wconf 87' lang='lat' dir='ltr'>esse</span> <span class='ocrx_word' id='word_1_36' title='bbox 465 653 901 723; x_wconf 80' lang='lat' dir='ltr'>cognoscimus,</span> <span class='ocrx_word' id='word_1_37' title='bbox 926 653 1068 724; x_wconf 85' lang='lat' dir='ltr'>quia</span> <span class='ocrx_word' id='word_1_38' title='bbox 1099 651 1519 721; x_wconf 87' lang='lat' dir='ltr'>Sigemundus,</span> <span class='ocrx_word' id='word_1_39' title='bbox 1544 667 1726 724; x_wconf 88' lang='lat' dir='ltr'>quem</span> <span class='ocrx_word' id='word_1_40' title='bbox 1776 649 1946 705; x_wconf 91' lang='lat' dir='ltr'>vobis</span> 
     </span>
    </p>
   </div>
   <div class='ocr_carea' id='block_1_7' title="bbox 299 739 1948 809">
    <p class='ocr_par' dir='ltr' id='par_1_7' title="bbox 299 739 1948 809">
     <span class='ocr_line' id='line_1_7' title="bbox 299 739 1948 809; baseline -0.005 -9"><span class='ocrx_word' id='word_1_41' title='bbox 299 743 582 800; x_wconf 90' lang='lat' dir='ltr'>abbatem</span> <span class='ocrx_word' id='word_1_42' title='bbox 604 740 882 809; x_wconf 83' lang='lat' dir='ltr'>elegistis,</span> <span class='ocrx_word' id='word_1_43' title='bbox 925 743 1327 796; x_wconf 90' lang='lat' dir='ltr'>memoratum</span> <span class='ocrx_word' id='word_1_44' title='bbox 1375 739 1806 795; x_wconf 78' lang='lat' dir='ltr'>monasterium</span> <span class='ocrx_word' id='word_1_45' title='bbox 1837 754 1948 792; x_wconf 92' lang='lat' dir='ltr'>sua</span> 
     </span>
    </p>
   </div>
   <div class='ocr_carea' id='block_1_8' title="bbox 297 828 1946 905">
    <p class='ocr_par' dir='ltr' id='par_1_8' title="bbox 297 828 1946 905">
     <span class='ocr_line' id='line_1_8' title="bbox 297 828 1946 905; baseline -0.005 -17"><span class='ocrx_word' id='word_1_46' title='bbox 297 832 473 905; x_wconf 84' lang='lat' dir='ltr'>culpa</span> <span class='ocrx_word' id='word_1_47' title='bbox 502 829 781 903; x_wconf 87' lang='lat' dir='ltr'>perdidit,</span> <span class='ocrx_word' id='word_1_48' title='bbox 816 830 960 902; x_wconf 90' lang='lat' dir='ltr'>quia</span> <span class='ocrx_word' id='word_1_49' title='bbox 986 829 1162 884; x_wconf 89' lang='lat' dir='ltr'>nobis</span> <span class='ocrx_word' id='word_1_50' title='bbox 1195 828 1546 884; x_wconf 87' lang='lat' dir='ltr'>inobediens</span> <span class='ocrx_word' id='word_1_51' title='bbox 1591 834 1646 884; x_wconf 93' lang='lat' dir='ltr'>et</span> <span class='ocrx_word' id='word_1_52' title='bbox 1692 828 1946 883; x_wconf 87' lang='lat' dir='ltr'>inﬁdelis</span> 
     </span>
    </p>
   </div>
   <div class='ocr_carea' id='block_1_9' title="bbox 287 916 1950 990">
    <p class='ocr_par' dir='ltr' id='par_1_9' title="bbox 287 916 1950 990">
     <span class='ocr_line' id='line_1_9' title="bbox 287 916 1950 990; baseline -0.003 -15"><span class='ocrx_word' id='word_1_53' title='bbox 287 919 536 975; x_wconf 84' lang='lat' dir='ltr'>exstitit.</span> <span class='ocrx_word' id='word_1_54' title='bbox 567 919 703 972; x_wconf 75' lang='lat' dir='ltr'>Haec</span> <span class='ocrx_word' id='word_1_55' title='bbox 737 917 925 972; x_wconf 82' lang='lat' dir='ltr'>taliter</span> <span class='ocrx_word' id='word_1_56' title='bbox 949 917 1272 990; x_wconf 67' lang='lat' dir='ltr'>praedictus</span> <span class='ocrx_word' id='word_1_57' title='bbox 1318 916 1580 972; x_wconf 91' lang='lat' dir='ltr'>domnus</span> <span class='ocrx_word' id='word_1_58' title='bbox 1625 917 1950 987; x_wconf 88' lang='lat' dir='ltr'>imperator</span> 
     </span>
    </p>
   </div>
   <div class='ocr_carea' id='block_1_10' title="bbox 287 1005 1945 1080">
    <p class='ocr_par' dir='ltr' id='par_1_10' title="bbox 287 1005 1945 1080">
     <span class='ocr_line' id='line_1_10' title="bbox 287 1005 1945 1080; baseline -0.003 -15"><span class='ocrx_word' id='word_1_59' title='bbox 287 1025 483 1080; x_wconf 83' lang='lat' dir='ltr'>agens</span> <span class='ocrx_word' id='word_1_60' title='bbox 504 1007 886 1076; x_wconf 81' lang='lat' dir='ltr'>interrogavit</span> <span class='ocrx_word' id='word_1_61' title='bbox 927 1011 1174 1062; x_wconf 87' lang='lat' dir='ltr'>cunctos</span> <span class='ocrx_word' id='word_1_62' title='bbox 1202 1007 1652 1063; x_wconf 86' lang='lat' dir='ltr'>circumstantes</span> <span class='ocrx_word' id='word_1_63' title='bbox 1678 1005 1819 1078; x_wconf 89' lang='lat' dir='ltr'>quid</span> <span class='ocrx_word' id='word_1_64' title='bbox 1846 1022 1945 1060; x_wconf 93' lang='lat' dir='ltr'>su-</span> 
     </span>
    </p>
   </div>
   <div class='ocr_carea' id='block_1_11' title="bbox 287 1093 1946 1170">
    <p class='ocr_par' dir='ltr' id='par_1_11' title="bbox 287 1093 1946 1170">
     <span class='ocr_line' id='line_1_11' title="bbox 287 1093 1946 1170; baseline -0.004 -17"><span class='ocrx_word' id='word_1_65' title='bbox 287 1114 400 1170; x_wconf 90' lang='lat' dir='ltr'>per</span> <span class='ocrx_word' id='word_1_66' title='bbox 428 1097 544 1151; x_wconf 86' lang='lat' dir='ltr'>hac</span> <span class='ocrx_word' id='word_1_67' title='bbox 572 1111 634 1150; x_wconf 90' lang='lat' dir='ltr'>re</span> <span class='ocrx_word' id='word_1_68' title='bbox 663 1096 750 1150; x_wconf 91' lang='lat' dir='ltr'>eis</span> <span class='ocrx_word' id='word_1_69' title='bbox 772 1096 990 1150; x_wconf 88' lang='lat' dir='ltr'>rectius</span> <span class='ocrx_word' id='word_1_70' title='bbox 1011 1095 1348 1152; x_wconf 78' lang='lat' dir='ltr'>videbatur.</span> <span class='ocrx_word' id='word_1_71' title='bbox 1380 1095 1490 1160; x_wconf 91' lang='lat' dir='ltr'>Qui</span> <span class='ocrx_word' id='word_1_72' title='bbox 1517 1093 1946 1166; x_wconf 86' lang='lat' dir='ltr'>respondentes</span> 
     </span>
    </p>
   </div>
   <div class='ocr_carea' id='block_1_12' title="bbox 285 1182 1943 1256">
    <p class='ocr_par' dir='ltr' id='par_1_12' title="bbox 285 1182 1943 1256">
     <span class='ocr_line' id='line_1_12' title="bbox 285 1182 1943 1256; baseline -0.004 -14"><span class='ocrx_word' id='word_1_73' title='bbox 285 1186 571 1242; x_wconf 86' lang='lat' dir='ltr'>dixerunt</span> <span class='ocrx_word' id='word_1_74' title='bbox 587 1190 711 1240; x_wconf 91' lang='lat' dir='ltr'>tam</span> <span class='ocrx_word' id='word_1_75' title='bbox 736 1183 1000 1256; x_wconf 87' lang='lat' dir='ltr'>episcopi</span> <span class='ocrx_word' id='word_1_76' title='bbox 1022 1200 1204 1256; x_wconf 89' lang='lat' dir='ltr'>quam</span> <span class='ocrx_word' id='word_1_77' title='bbox 1235 1183 1506 1250; x_wconf 85' lang='lat' dir='ltr'>abbates,</span> <span class='ocrx_word' id='word_1_78' title='bbox 1532 1184 1654 1238; x_wconf 87' lang='lat' dir='ltr'>sive</span> <span class='ocrx_word' id='word_1_79' title='bbox 1678 1182 1943 1250; x_wconf 85' lang='lat' dir='ltr'>comites,</span> 
     </span>
    </p>
   </div>
   <div class='ocr_carea' id='block_1_13' title="bbox 286 1273 1946 1346">
    <p class='ocr_par' dir='ltr' id='par_1_13' title="bbox 286 1273 1946 1346">
     <span class='ocr_line' id='line_1_13' title="bbox 286 1273 1946 1346; baseline -0.003 -16"><span class='ocrx_word' id='word_1_80' title='bbox 286 1281 342 1330; x_wconf 90' lang='lat' dir='ltr'>et</span> <span class='ocrx_word' id='word_1_81' title='bbox 365 1274 584 1346; x_wconf 85' lang='lat' dir='ltr'>reliqui</span> <span class='ocrx_word' id='word_1_82' title='bbox 616 1287 828 1328; x_wconf 90' lang='lat' dir='ltr'>omnes</span> <span class='ocrx_word' id='word_1_83' title='bbox 861 1290 873 1326; x_wconf 93' lang='lat'>:</span> <span class='ocrx_word' id='word_1_84' title='bbox 911 1275 1040 1328; x_wconf 61' lang='lat' dir='ltr'>Haec</span> <span class='ocrx_word' id='word_1_85' title='bbox 1065 1273 1401 1345; x_wconf 86' lang='lat' dir='ltr'>posteriora</span> <span class='ocrx_word' id='word_1_86' title='bbox 1431 1278 1750 1344; x_wconf 79' lang='lat' dir='ltr'>praecepta,</span> <span class='ocrx_word' id='word_1_87' title='bbox 1809 1287 1946 1344; x_wconf 74' lang='lat' dir='ltr'>quae</span> 
     </span>
    </p>
   </div>
   <div class='ocr_carea' id='block_1_14' title="bbox 284 1361 1944 1432">
    <p class='ocr_par' dir='ltr' id='par_1_14' title="bbox 284 1361 1944 1432">
     <span class='ocr_line' id='line_1_14' title="bbox 284 1361 1944 1432; baseline -0.003 -13"><span class='ocrx_word' id='word_1_88' title='bbox 284 1364 384 1419; x_wconf 86' lang='lat' dir='ltr'>isti</span> <span class='ocrx_word' id='word_1_89' title='bbox 412 1362 699 1418; x_wconf 88' lang='lat' dir='ltr'>monachi</span> <span class='ocrx_word' id='word_1_90' title='bbox 729 1361 1005 1429; x_wconf 79' lang='lat' dir='ltr'>afferunt,</span> <span class='ocrx_word' id='word_1_91' title='bbox 1037 1377 1160 1415; x_wconf 92' lang='lat' dir='ltr'>non</span> <span class='ocrx_word' id='word_1_92' title='bbox 1191 1366 1447 1432; x_wconf 88' lang='lat' dir='ltr'>possunt</span> <span class='ocrx_word' id='word_1_93' title='bbox 1500 1361 1805 1416; x_wconf 88' lang='lat' dir='ltr'>destruere</span> <span class='ocrx_word' id='word_1_94' title='bbox 1837 1375 1944 1414; x_wconf 88' lang='lat' dir='ltr'>an-</span> 
     </span>
    </p>
   </div>
   <div class='ocr_carea' id='block_1_15' title="bbox 287 1447 1946 1522">
    <p class='ocr_par' dir='ltr' id='par_1_15' title="bbox 287 1447 1946 1522">
     <span class='ocr_line' id='line_1_15' title="bbox 287 1447 1946 1522; baseline -0.005 -13"><span class='ocrx_word' id='word_1_95' title='bbox 287 1452 511 1508; x_wconf 87' lang='lat' dir='ltr'>teriora</span> <span class='ocrx_word' id='word_1_96' title='bbox 541 1467 674 1522; x_wconf 79' lang='lat' dir='ltr'>quae</span> <span class='ocrx_word' id='word_1_97' title='bbox 733 1449 1004 1504; x_wconf 78' lang='lat' dir='ltr'>Aldricus</span> <span class='ocrx_word' id='word_1_98' title='bbox 1053 1450 1370 1521; x_wconf 89' lang='lat' dir='ltr'>episcopus</span> <span class='ocrx_word' id='word_1_99' title='bbox 1421 1454 1476 1504; x_wconf 89' lang='lat' dir='ltr'>et</span> <span class='ocrx_word' id='word_1_100' title='bbox 1528 1448 1776 1504; x_wconf 86' lang='lat' dir='ltr'>ecclesia</span> <span class='ocrx_word' id='word_1_101' title='bbox 1833 1447 1946 1502; x_wconf 90' lang='lat' dir='ltr'>sibi</span> 
     </span>
    </p>
   </div>
   <div class='ocr_carea' id='block_1_16' title="bbox 294 1537 1942 1605">
    <p class='ocr_par' dir='ltr' id='par_1_16' title="bbox 294 1537 1942 1605">
     <span class='ocr_line' id='line_1_16' title="bbox 294 1537 1942 1605; baseline -0.004 -8"><span class='ocrx_word' id='word_1_102' title='bbox 294 1540 622 1597; x_wconf 89' lang='lat' dir='ltr'>commissa</span> <span class='ocrx_word' id='word_1_103' title='bbox 648 1538 832 1593; x_wconf 85' lang='lat' dir='ltr'>habet</span> <span class='ocrx_word' id='word_1_104' title='bbox 857 1557 870 1605; x_wconf 92' lang='lat'><strong>;</strong></span> <span class='ocrx_word' id='word_1_105' title='bbox 897 1537 999 1593; x_wconf 90' lang='lat' dir='ltr'>sed</span> <span class='ocrx_word' id='word_1_106' title='bbox 1032 1538 1429 1594; x_wconf 89' lang='lat' dir='ltr'>anterioribus</span> <span class='ocrx_word' id='word_1_107' title='bbox 1456 1537 1794 1592; x_wconf 89' lang='lat' dir='ltr'>cedendum</span> <span class='ocrx_word' id='word_1_108' title='bbox 1837 1541 1942 1604; x_wconf 89' lang='lat' dir='ltr'>est,</span> 
     </span>
    </p>
   </div>
   <div class='ocr_carea' id='block_1_17' title="bbox 2770 297 2994 352">
    <p class='ocr_par' dir='ltr' id='par_1_17' title="bbox 2770 297 2994 352">
     <span class='ocr_line' id='line_1_17' title="bbox 2770 297 2994 352; baseline 0.004 -1"><span class='ocrx_word' id='word_1_109' title='bbox 2770 297 2994 352; x_wconf 82' lang='lat' dir='ltr'>XLVIII.</span> 
     </span>
    </p>
   </div>
   <div class='ocr_carea' id='block_1_18' title="bbox 2057 397 3712 475">
    <p class='ocr_par' dir='ltr' id='par_1_18' title="bbox 2057 397 3712 475">
     <span class='ocr_line' id='line_1_18' title="bbox 2057 397 3712 475; baseline 0.007 -24"><span class='ocrx_word' id='word_1_110' title='bbox 2057 397 2404 475; x_wconf 62' lang='lat' dir='ltr'>Mqrzoriale</span> <span class='ocrx_word' id='word_1_111' title='bbox 2427 403 2690 475; x_wconf 80' lang='lat' dir='ltr'>qualiter</span> <span class='ocrx_word' id='word_1_112' title='bbox 2720 403 2974 458; x_wconf 72' lang='lat' dir='ltr'>Anisolae</span> <span class='ocrx_word' id='word_1_113' title='bbox 3003 405 3426 461; x_wconf 77' lang='lat' dir='ltr'>monasterium</span> <span class='ocrx_word' id='word_1_114' title='bbox 3481 421 3518 461; x_wconf 90' lang='lat' dir='ltr'>a</span> <span class='ocrx_word' id='word_1_115' title='bbox 3564 410 3712 475; x_wconf 81' lang='lat' dir='ltr'>jure</span> 
     </span>
    </p>
   </div>
   <div class='ocr_carea' id='block_1_19' title="bbox 2132 469 3710 552">
    <p class='ocr_par' dir='ltr' id='par_1_19' title="bbox 2132 469 3710 552">
     <span class='ocr_line' id='line_1_19' title="bbox 2132 469 3710 552; baseline 0.007 -30"><span class='ocrx_word' id='word_1_116' title='bbox 2132 469 2544 552; x_wconf 56' lang='lat' dir='ltr'>certainanica.’</span> <span class='ocrx_word' id='word_1_117' title='bbox 2568 475 2781 552; x_wconf 73' lang='lat' dir='ltr'>matris</span> <span class='ocrx_word' id='word_1_118' title='bbox 2802 475 3064 552; x_wconf 47' lang='lat' dir='ltr'>ecclesiis</span> <span class='ocrx_word' id='word_1_119' title='bbox 3099 481 3236 543; x_wconf 78' lang='lat' dir='ltr'>post</span> <span class='ocrx_word' id='word_1_120' title='bbox 3269 475 3484 531; x_wconf 79' lang='lat' dir='ltr'>obitum</span> <span class='ocrx_word' id='word_1_121' title='bbox 3517 469 3710 533; x_wconf 56' lang='lat' dir='ltr'>Lado-</span> 
     </span>
    </p>
   </div>
   <div class='ocr_carea' id='block_1_20' title="bbox 2128 545 3435 613">
    <p class='ocr_par' dir='ltr' id='par_1_20' title="bbox 2128 545 3435 613">
     <span class='ocr_line' id='line_1_20' title="bbox 2128 545 3435 613; baseline 0.006 -20"><span class='ocrx_word' id='word_1_122' title='bbox 2128 545 2246 594; x_wconf 86' lang='lat' dir='ltr'>vici</span> <span class='ocrx_word' id='word_1_123' title='bbox 2271 545 2530 609; x_wconf 76' lang='lat' dir='ltr'>piissimi</span> <span class='ocrx_word' id='word_1_124' title='bbox 2555 545 2933 613; x_wconf 74' lang='lat' dir='ltr'>imperatoris</span> <span class='ocrx_word' id='word_1_125' title='bbox 2965 546 3297 601; x_wconf 81' lang='lat' dir='ltr'>alienatum</span> <span class='ocrx_word' id='word_1_126' title='bbox 3329 553 3411 602; x_wconf 86' lang='lat' dir='ltr'>est</span> <span class='ocrx_word' id='word_1_127' title='bbox 3423 589 3435 601; x_wconf 95' lang='lat'>.</span> 
     </span>
    </p>
   </div>
   <div class='ocr_carea' id='block_1_21' title="bbox 2128 643 3704 721">
    <p class='ocr_par' dir='ltr' id='par_1_21' title="bbox 2128 643 3704 721">
     <span class='ocr_line' id='line_1_21' title="bbox 2128 643 3704 721; baseline 0.008 -24"><span class='ocrx_word' id='word_1_128' title='bbox 2128 643 2181 698; x_wconf 89' lang='lat' dir='ltr'>Si</span> <span class='ocrx_word' id='word_1_129' title='bbox 2196 645 2329 715; x_wconf 88' lang='lat' dir='ltr'>quis</span> <span class='ocrx_word' id='word_1_130' title='bbox 2345 661 2522 701; x_wconf 87' lang='lat' dir='ltr'>nosse</span> <span class='ocrx_word' id='word_1_131' title='bbox 2535 647 2834 704; x_wconf 87' lang='lat' dir='ltr'>desiderat</span> <span class='ocrx_word' id='word_1_132' title='bbox 2849 649 3101 721; x_wconf 85' lang='lat' dir='ltr'>qualiter</span> <span class='ocrx_word' id='word_1_133' title='bbox 3122 652 3550 707; x_wconf 87' lang='lat' dir='ltr'>monasterium</span> <span class='ocrx_word' id='word_1_134' title='bbox 3572 654 3704 709; x_wconf 82' lang='lat' dir='ltr'>Aui-</span> 
     </span>
    </p>
   </div>
   <div class='ocr_carea' id='block_1_22' title="bbox 2058 731 3711 807">
    <p class='ocr_par' dir='ltr' id='par_1_22' title="bbox 2058 731 3711 807">
     <span class='ocr_line' id='line_1_22' title="bbox 2058 731 3711 807; baseline 0.008 -22"><span class='ocrx_word' id='word_1_135' title='bbox 2058 731 2196 786; x_wconf 71' lang='lat' dir='ltr'>solte</span> <span class='ocrx_word' id='word_1_136' title='bbox 2228 748 2351 789; x_wconf 83' lang='lat' dir='ltr'>una</span> <span class='ocrx_word' id='word_1_137' title='bbox 2370 750 2508 789; x_wconf 90' lang='lat' dir='ltr'>curn</span> <span class='ocrx_word' id='word_1_138' title='bbox 2539 736 2718 791; x_wconf 90' lang='lat' dir='ltr'>rebus</span> <span class='ocrx_word' id='word_1_139' title='bbox 2750 738 2873 791; x_wconf 90' lang='lat' dir='ltr'>suis</span> <span class='ocrx_word' id='word_1_140' title='bbox 2893 737 2966 792; x_wconf 92' lang='lat' dir='ltr'>de</span> <span class='ocrx_word' id='word_1_141' title='bbox 2993 738 3122 807; x_wconf 80' lang='lat' dir='ltr'>jure</span> <span class='ocrx_word' id='word_1_142' title='bbox 3151 740 3563 796; x_wconf 70' lang='lat' dir='ltr'>Cenomanicae</span> <span class='ocrx_word' id='word_1_143' title='bbox 3585 758 3711 798; x_wconf 90' lang='lat' dir='ltr'>ma-</span> 
     </span>
    </p>
   </div>
   <div class='ocr_carea' id='block_1_23' title="bbox 2059 821 3709 894">
    <p class='ocr_par' dir='ltr' id='par_1_23' title="bbox 2059 821 3709 894">
     <span class='ocr_line' id='line_1_23' title="bbox 2059 821 3709 894; baseline 0.006 -20"><span class='ocrx_word' id='word_1_144' title='bbox 2059 821 2160 875; x_wconf 88' lang='lat' dir='ltr'>tris</span> <span class='ocrx_word' id='word_1_145' title='bbox 2189 821 2452 877; x_wconf 66' lang='lat' dir='ltr'>ecclesiae</span> <span class='ocrx_word' id='word_1_146' title='bbox 2484 829 2618 894; x_wconf 90' lang='lat' dir='ltr'>post</span> <span class='ocrx_word' id='word_1_147' title='bbox 2637 825 2868 880; x_wconf 89' lang='lat' dir='ltr'>obitum</span> <span class='ocrx_word' id='word_1_148' title='bbox 2889 825 3166 881; x_wconf 77' lang='lat' dir='ltr'>Ludovici</span> <span class='ocrx_word' id='word_1_149' title='bbox 3189 828 3435 882; x_wconf 86' lang='lat' dir='ltr'>secundi</span> <span class='ocrx_word' id='word_1_150' title='bbox 3457 831 3709 884; x_wconf 87' lang='lat' dir='ltr'>Franco-</span> 
     </span>
    </p>
   </div>
   <div class='ocr_carea' id='block_1_24' title="bbox 2058 909 3704 985">
    <p class='ocr_par' dir='ltr' id='par_1_24' title="bbox 2058 909 3704 985">
     <span class='ocr_line' id='line_1_24' title="bbox 2058 909 3704 985; baseline 0.006 -23"><span class='ocrx_word' id='word_1_151' title='bbox 2058 924 2191 963; x_wconf 89' lang='lat' dir='ltr'>rum</span> <span class='ocrx_word' id='word_1_152' title='bbox 2222 909 2600 981; x_wconf 86' lang='lat' dir='ltr'>imperatoris</span> <span class='ocrx_word' id='word_1_153' title='bbox 2631 912 2906 985; x_wconf 89' lang='lat' dir='ltr'>elapsum</span> <span class='ocrx_word' id='word_1_154' title='bbox 2941 919 3048 982; x_wconf 89' lang='lat' dir='ltr'>est,</span> <span class='ocrx_word' id='word_1_155' title='bbox 3079 915 3134 969; x_wconf 93' lang='lat' dir='ltr'>in</span> <span class='ocrx_word' id='word_1_156' title='bbox 3184 916 3298 970; x_wconf 90' lang='lat' dir='ltr'>hoc</span> <span class='ocrx_word' id='word_1_157' title='bbox 3355 918 3704 973; x_wconf 89' lang='lat' dir='ltr'>memoriale</span> 
     </span>
    </p>
   </div>
   <div class='ocr_carea' id='block_1_25' title="bbox 2056 995 3702 1076">
    <p class='ocr_par' dir='ltr' id='par_1_25' title="bbox 2056 995 3702 1076">
     <span class='ocr_line' id='line_1_25' title="bbox 2056 995 3702 1076; baseline 0.006 -25"><span class='ocrx_word' id='word_1_158' title='bbox 2056 995 2313 1053; x_wconf 84' lang='lat' dir='ltr'>breviter</span> <span class='ocrx_word' id='word_1_159' title='bbox 2332 1001 2836 1071; x_wconf 87' lang='lat' dir='ltr'>comprehensum</span> <span class='ocrx_word' id='word_1_160' title='bbox 2871 1002 3094 1074; x_wconf 88' lang='lat' dir='ltr'>aliquid</span> <span class='ocrx_word' id='word_1_161' title='bbox 3146 1003 3408 1059; x_wconf 90' lang='lat' dir='ltr'>invenire</span> <span class='ocrx_word' id='word_1_162' title='bbox 3469 1007 3702 1076; x_wconf 88' lang='lat' dir='ltr'>poterit.</span> 
     </span>
    </p>
   </div>
   <div class='ocr_carea' id='block_1_26' title="bbox 2057 1085 3705 1164">
    <p class='ocr_par' dir='ltr' id='par_1_26' title="bbox 2057 1085 3705 1164">
     <span class='ocr_line' id='line_1_26' title="bbox 2057 1085 3705 1164; baseline 0.006 -26"><span class='ocrx_word' id='word_1_163' title='bbox 2057 1085 2345 1141; x_wconf 83' lang='lat' dir='ltr'>Defuncto</span> <span class='ocrx_word' id='word_1_164' title='bbox 2365 1088 2709 1160; x_wconf 73' lang='lat' dir='ltr'>praescripto</span> <span class='ocrx_word' id='word_1_165' title='bbox 2731 1088 2957 1145; x_wconf 89' lang='lat' dir='ltr'>domno</span> <span class='ocrx_word' id='word_1_166' title='bbox 2987 1091 3282 1146; x_wconf 80' lang='lat' dir='ltr'>Ludovico</span> <span class='ocrx_word' id='word_1_167' title='bbox 3298 1092 3567 1164; x_wconf 89' lang='lat' dir='ltr'>piissimo</span> <span class='ocrx_word' id='word_1_168' title='bbox 3592 1098 3705 1148; x_wconf 83' lang='lat' dir='ltr'>Au-</span> 
     </span>
    </p>
   </div>
   <div class='ocr_carea' id='block_1_27' title="bbox 2058 1175 3704 1250">
    <p class='ocr_par' dir='ltr' id='par_1_27' title="bbox 2058 1175 3704 1250">
     <span class='ocr_line' id='line_1_27' title="bbox 2058 1175 3704 1250; baseline 0.005 -23"><span class='ocrx_word' id='word_1_169' title='bbox 2058 1175 2295 1242; x_wconf 86' lang='lat' dir='ltr'>gustino</span> <span class='ocrx_word' id='word_1_170' title='bbox 2317 1190 2477 1229; x_wconf 91' lang='lat' dir='ltr'>anno</span> <span class='ocrx_word' id='word_1_171' title='bbox 2490 1176 2917 1234; x_wconf 88' lang='lat' dir='ltr'>incarnationis</span> <span class='ocrx_word' id='word_1_172' title='bbox 2936 1179 3257 1234; x_wconf 66' lang='lat' dir='ltr'>Dominica:</span> <span class='ocrx_word' id='word_1_173' title='bbox 3290 1180 3704 1250; x_wconf 86' lang='lat' dir='ltr'>octingentesi-</span> 
     </span>
    </p>
   </div>
   <div class='ocr_carea' id='block_1_28' title="bbox 2057 1263 3704 1342">
    <p class='ocr_par' dir='ltr' id='par_1_28' title="bbox 2057 1263 3704 1342">
     <span class='ocr_line' id='line_1_28' title="bbox 2057 1263 3704 1342; baseline 0.006 -27"><span class='ocrx_word' id='word_1_174' title='bbox 2057 1277 2158 1316; x_wconf 91' lang='lat' dir='ltr'>mo</span> <span class='ocrx_word' id='word_1_175' title='bbox 2170 1263 2729 1334; x_wconf 87' lang='lat' dir='ltr'>etquadragesimo,</span> <span class='ocrx_word' id='word_1_176' title='bbox 2746 1267 3190 1336; x_wconf 84' lang='lat' dir='ltr'>magnaseditio</span> <span class='ocrx_word' id='word_1_177' title='bbox 3204 1273 3432 1323; x_wconf 86' lang='lat' dir='ltr'>ortaest</span> <span class='ocrx_word' id='word_1_178' title='bbox 3449 1269 3507 1322; x_wconf 94' lang='lat' dir='ltr'>in</span> <span class='ocrx_word' id='word_1_179' title='bbox 3521 1269 3704 1342; x_wconf 88' lang='lat' dir='ltr'>impe-</span> 
     </span>
    </p>
   </div>
   <div class='ocr_carea' id='block_1_29' title="bbox 2054 1350 3704 1429">
    <p class='ocr_par' dir='ltr' id='par_1_29' title="bbox 2054 1350 3704 1429">
     <span class='ocr_line' id='line_1_29' title="bbox 2054 1350 3704 1429; baseline 0.006 -25"><span class='ocrx_word' id='word_1_180' title='bbox 2054 1350 2286 1406; x_wconf 91' lang='lat' dir='ltr'>riosuo.</span> <span class='ocrx_word' id='word_1_181' title='bbox 2321 1352 2696 1409; x_wconf 74' lang='lat' dir='ltr'>Intercaetera</span> <span class='ocrx_word' id='word_1_182' title='bbox 2728 1360 2928 1410; x_wconf 88' lang='lat' dir='ltr'>autem</span> <span class='ocrx_word' id='word_1_183' title='bbox 2946 1355 3108 1411; x_wconf 92' lang='lat' dir='ltr'>mala</span> <span class='ocrx_word' id='word_1_184' title='bbox 3138 1357 3389 1412; x_wconf 81' lang='lat' dir='ltr'>surrexit</span> <span class='ocrx_word' id='word_1_185' title='bbox 3421 1358 3704 1429; x_wconf 79' lang='lat' dir='ltr'>quaedam</span> 
     </span>
    </p>
   </div>
   <div class='ocr_carea' id='block_1_30' title="bbox 2056 1439 3702 1516">
    <p class='ocr_par' dir='ltr' id='par_1_30' title="bbox 2056 1439 3702 1516">
     <span class='ocr_line' id='line_1_30' title="bbox 2056 1439 3702 1516; baseline 0.005 -25"><span class='ocrx_word' id='word_1_186' title='bbox 2056 1439 2371 1508; x_wconf 78' lang='lat' dir='ltr'>tyrannica</span> <span class='ocrx_word' id='word_1_187' title='bbox 2394 1445 2660 1511; x_wconf 87' lang='lat' dir='ltr'>potestas</span> <span class='ocrx_word' id='word_1_188' title='bbox 2677 1441 2737 1496; x_wconf 89' lang='lat' dir='ltr'>in</span> <span class='ocrx_word' id='word_1_189' title='bbox 2761 1458 2920 1513; x_wconf 83' lang='lat' dir='ltr'>pago</span> <span class='ocrx_word' id='word_1_190' title='bbox 2935 1444 3333 1500; x_wconf 87' lang='lat' dir='ltr'>Cenomanico</span> <span class='ocrx_word' id='word_1_191' title='bbox 3376 1461 3498 1516; x_wconf 86' lang='lat' dir='ltr'>qua</span> <span class='ocrx_word' id='word_1_192' title='bbox 3530 1445 3702 1500; x_wconf 90' lang='lat' dir='ltr'>resis-</span> 
     </span>
    </p>
   </div>
   <div class='ocr_carea' id='block_1_31' title="bbox 2058 1526 3707 1606">
    <p class='ocr_par' dir='ltr' id='par_1_31' title="bbox 2058 1526 3707 1606">
     <span class='ocr_line' id='line_1_31' title="bbox 2058 1526 3707 1606; baseline 0.005 -26"><span class='ocrx_word' id='word_1_193' title='bbox 2058 1529 2177 1580; x_wconf 89' lang='lat' dir='ltr'>tere</span> <span class='ocrx_word' id='word_1_194' title='bbox 2199 1526 2496 1582; x_wconf 87' lang='lat' dir='ltr'>nitebatur</span> <span class='ocrx_word' id='word_1_195' title='bbox 2519 1529 2729 1584; x_wconf 90' lang='lat' dir='ltr'>Carolo</span> <span class='ocrx_word' id='word_1_196' title='bbox 2749 1529 2870 1584; x_wconf 87' lang='lat' dir='ltr'>ﬁlio</span> <span class='ocrx_word' id='word_1_197' title='bbox 2889 1531 3036 1601; x_wconf 90' lang='lat' dir='ltr'>ejus,</span> <span class='ocrx_word' id='word_1_198' title='bbox 3059 1532 3150 1586; x_wconf 89' lang='lat' dir='ltr'>cui</span> <span class='ocrx_word' id='word_1_199' title='bbox 3178 1531 3500 1602; x_wconf 66' lang='lat' dir='ltr'>praedictus</span> <span class='ocrx_word' id='word_1_200' title='bbox 3522 1534 3707 1606; x_wconf 87' lang='lat' dir='ltr'>impe-</span> 
     </span>
    </p>
   </div>
   <div class='ocr_carea' id='block_1_32' title="bbox 295 1616 3708 1701">
    <p class='ocr_par' dir='ltr' id='par_1_32' title="bbox 295 1616 3708 1701">
     <span class='ocr_line' id='line_1_32' title="bbox 295 1616 3708 1701; baseline -0.001 -19"><span class='ocrx_word' id='word_1_201' title='bbox 295 1636 356 1684; x_wconf 88' lang='lat' dir='ltr'>et</span> <span class='ocrx_word' id='word_1_202' title='bbox 383 1627 733 1701; x_wconf 88' lang='lat' dir='ltr'>posteriora,</span> <span class='ocrx_word' id='word_1_203' title='bbox 763 1643 897 1698; x_wconf 79' lang='lat' dir='ltr'>quae</span> <span class='ocrx_word' id='word_1_204' title='bbox 925 1626 1132 1681; x_wconf 82' lang='lat' dir='ltr'>fraude</span> <span class='ocrx_word' id='word_1_205' title='bbox 1163 1631 1219 1681; x_wconf 92' lang='lat' dir='ltr'>et</span> <span class='ocrx_word' id='word_1_206' title='bbox 1263 1627 1422 1682; x_wconf 89' lang='lat' dir='ltr'>malo</span> <span class='ocrx_word' id='word_1_207' title='bbox 1463 1625 1704 1696; x_wconf 86' lang='lat' dir='ltr'>ingenio</span> <span class='ocrx_word' id='word_1_208' title='bbox 1755 1625 1944 1696; x_wconf 84' lang='lat' dir='ltr'>impe-</span> <span class='ocrx_word' id='word_1_209' title='bbox 1985 1637 2029 1690; x_wconf 80' lang='grc' dir='ltr'>Β</span> <span class='ocrx_word' id='word_1_210' title='bbox 2059 1618 2220 1669; x_wconf 88' lang='lat' dir='ltr'>rator</span> <span class='ocrx_word' id='word_1_211' title='bbox 2244 1616 2394 1671; x_wconf 93' lang='lat' dir='ltr'>inter</span> <span class='ocrx_word' id='word_1_212' title='bbox 2414 1622 2658 1672; x_wconf 55' lang='lat' dir='ltr'>caeteras</span> <span class='ocrx_word' id='word_1_213' title='bbox 2679 1618 2952 1686; x_wconf 87' lang='lat' dir='ltr'>regiones</span> <span class='ocrx_word' id='word_1_214' title='bbox 2975 1620 3306 1675; x_wconf 86' lang='lat' dir='ltr'>Neustriam</span> <span class='ocrx_word' id='word_1_215' title='bbox 3332 1621 3596 1688; x_wconf 90' lang='lat' dir='ltr'>dederat,</span> <span class='ocrx_word' id='word_1_216' title='bbox 3651 1628 3708 1678; x_wconf 86' lang='lat' dir='ltr'>et</span> 
     </span>
    </p>
   </div>
   <div class='ocr_carea' id='block_1_33' title="bbox 290 1715 1944 1786">
    <p class='ocr_par' dir='ltr' id='par_1_33' title="bbox 290 1715 1944 1786">
     <span class='ocr_line' id='line_1_33' title="bbox 290 1715 1944 1786; baseline -0.003 -13"><span class='ocrx_word' id='word_1_217' title='bbox 290 1721 444 1773; x_wconf 87' lang='lat' dir='ltr'>trata</span> <span class='ocrx_word' id='word_1_218' title='bbox 473 1717 731 1781; x_wconf 85' lang='lat' dir='ltr'>fuerunt,</span> <span class='ocrx_word' id='word_1_219' title='bbox 760 1715 1140 1769; x_wconf 84' lang='lat' dir='ltr'>inﬁrmantur</span> <span class='ocrx_word' id='word_1_220' title='bbox 1167 1721 1224 1771; x_wconf 90' lang='lat' dir='ltr'>et</span> <span class='ocrx_word' id='word_1_221' title='bbox 1274 1721 1430 1770; x_wconf 89' lang='lat' dir='ltr'>stare</span> <span class='ocrx_word' id='word_1_222' title='bbox 1490 1730 1613 1769; x_wconf 92' lang='lat' dir='ltr'>non</span> <span class='ocrx_word' id='word_1_223' title='bbox 1668 1718 1944 1786; x_wconf 83' lang='lat' dir='ltr'>possunt,</span> 
     </span>
    </p>
   </div>
   <div class='ocr_carea' id='block_1_34' title="bbox 287 1803 1947 1878">
    <p class='ocr_par' dir='ltr' id='par_1_34' title="bbox 287 1803 1947 1878">
     <span class='ocr_line' id='line_1_34' title="bbox 287 1803 1947 1878; baseline -0.002 -17"><span class='ocrx_word' id='word_1_224' title='bbox 287 1806 435 1878; x_wconf 89' lang='lat' dir='ltr'>quia</span> <span class='ocrx_word' id='word_1_225' title='bbox 464 1805 621 1860; x_wconf 90' lang='lat' dir='ltr'>actio</span> <span class='ocrx_word' id='word_1_226' title='bbox 651 1819 775 1875; x_wconf 89' lang='lat' dir='ltr'>qua</span> <span class='ocrx_word' id='word_1_227' title='bbox 800 1805 862 1858; x_wconf 92' lang='lat' dir='ltr'>in</span> <span class='ocrx_word' id='word_1_228' title='bbox 889 1804 1352 1876; x_wconf 89' lang='lat' dir='ltr'>quibuscunque</span> <span class='ocrx_word' id='word_1_229' title='bbox 1377 1804 1631 1875; x_wconf 88' lang='lat' dir='ltr'>negotiis</span> <span class='ocrx_word' id='word_1_230' title='bbox 1672 1803 1835 1858; x_wconf 89' lang='lat' dir='ltr'>fraus</span> <span class='ocrx_word' id='word_1_231' title='bbox 1859 1803 1947 1858; x_wconf 90' lang='lat' dir='ltr'>in-</span> 
     </span>
    </p>
   </div>
   <div class='ocr_carea' id='block_1_35' title="bbox 286 1891 1943 1962">
    <p class='ocr_par' dir='ltr' id='par_1_35' title="bbox 286 1891 1943 1962">
     <span class='ocr_line' id='line_1_35' title="bbox 286 1891 1943 1962; baseline -0.002 -12"><span class='ocrx_word' id='word_1_232' title='bbox 286 1894 626 1950; x_wconf 89' lang='lat' dir='ltr'>tercesserit</span> <span class='ocrx_word' id='word_1_233' title='bbox 643 1908 769 1947; x_wconf 89' lang='lat' dir='ltr'>non</span> <span class='ocrx_word' id='word_1_234' title='bbox 796 1891 1036 1947; x_wconf 89' lang='lat' dir='ltr'>valebit.</span> <span class='ocrx_word' id='word_1_235' title='bbox 1071 1895 1136 1947; x_wconf 86' lang='lat' dir='ltr'>Et</span> <span class='ocrx_word' id='word_1_236' title='bbox 1170 1897 1232 1948; x_wconf 89' lang='lat' dir='ltr'>ut</span> <span class='ocrx_word' id='word_1_237' title='bbox 1276 1892 1505 1948; x_wconf 90' lang='lat' dir='ltr'>ratione</span> <span class='ocrx_word' id='word_1_238' title='bbox 1559 1896 1616 1947; x_wconf 89' lang='lat' dir='ltr'>et</span> <span class='ocrx_word' id='word_1_239' title='bbox 1674 1891 1802 1962; x_wconf 86' lang='lat' dir='ltr'>lege</span> <span class='ocrx_word' id='word_1_240' title='bbox 1852 1891 1943 1946; x_wconf 86' lang='lat' dir='ltr'>ﬁr-</span> 
     </span>
    </p>
   </div>
   <div class='ocr_carea' id='block_1_36' title="bbox 289 1981 1944 2053">
    <p class='ocr_par' dir='ltr' id='par_1_36' title="bbox 289 1981 1944 2053">
     <span class='ocr_line' id='line_1_36' title="bbox 289 1981 1944 2053; baseline -0.002 -15"><span class='ocrx_word' id='word_1_241' title='bbox 289 1987 535 2038; x_wconf 89' lang='lat' dir='ltr'>mentur</span> <span class='ocrx_word' id='word_1_242' title='bbox 558 1997 631 2035; x_wconf 92' lang='lat' dir='ltr'>ea</span> <span class='ocrx_word' id='word_1_243' title='bbox 669 1996 807 2052; x_wconf 65' lang='lat' dir='ltr'>quae</span> <span class='ocrx_word' id='word_1_244' title='bbox 840 1985 1146 2047; x_wconf 88' lang='lat' dir='ltr'>testamur,</span> <span class='ocrx_word' id='word_1_245' title='bbox 1200 1981 1400 2053; x_wconf 87' lang='lat' dir='ltr'>aliqua</span> <span class='ocrx_word' id='word_1_246' title='bbox 1458 1997 1530 2036; x_wconf 89' lang='lat' dir='ltr'>ex</span> <span class='ocrx_word' id='word_1_247' title='bbox 1589 1981 1944 2035; x_wconf 85' lang='lat' dir='ltr'>authenticis</span> 
     </span>
    </p>
   </div>
   <div class='ocr_carea' id='block_1_37' title="bbox 289 2067 1943 2143">
    <p class='ocr_par' dir='ltr' id='par_1_37' title="bbox 289 2067 1943 2143">
     <span class='ocr_line' id='line_1_37' title="bbox 289 2067 1943 2143; baseline -0.004 -17"><span class='ocrx_word' id='word_1_248' title='bbox 289 2069 511 2126; x_wconf 85' lang='lat' dir='ltr'>nostris</span> <span class='ocrx_word' id='word_1_249' title='bbox 553 2068 727 2124; x_wconf 90' lang='lat' dir='ltr'>vobis</span> <span class='ocrx_word' id='word_1_250' title='bbox 782 2067 1120 2124; x_wconf 88' lang='lat' dir='ltr'>testimonia</span> <span class='ocrx_word' id='word_1_251' title='bbox 1176 2069 1510 2124; x_wconf 88' lang='lat' dir='ltr'>indicantes</span> <span class='ocrx_word' id='word_1_252' title='bbox 1564 2068 1943 2143; x_wconf 85' lang='lat' dir='ltr'>proferimus.</span> 
     </span>
    </p>
   </div>
   <div class='ocr_carea' id='block_1_38' title="bbox 292 2157 1945 2230">
    <p class='ocr_par' dir='ltr' id='par_1_38' title="bbox 292 2157 1945 2230">
     <span class='ocr_line' id='line_1_38' title="bbox 292 2157 1945 2230; baseline -0.002 -15"><span class='ocrx_word' id='word_1_253' title='bbox 292 2158 695 2215; x_wconf 89' lang='lat' dir='ltr'>Constitutum</span> <span class='ocrx_word' id='word_1_254' title='bbox 726 2161 815 2212; x_wconf 86' lang='lat' dir='ltr'>est</span> <span class='ocrx_word' id='word_1_255' title='bbox 839 2173 876 2212; x_wconf 89' lang='lat' dir='ltr'>a</span> <span class='ocrx_word' id='word_1_256' title='bbox 907 2157 1127 2212; x_wconf 88' lang='lat' dir='ltr'>sanctis</span> <span class='ocrx_word' id='word_1_257' title='bbox 1156 2157 1428 2230; x_wconf 90' lang='lat' dir='ltr'>patribus</span> <span class='ocrx_word' id='word_1_258' title='bbox 1457 2161 1513 2212; x_wconf 88' lang='lat' dir='ltr'>et</span> <span class='ocrx_word' id='word_1_259' title='bbox 1541 2157 1714 2212; x_wconf 92' lang='lat' dir='ltr'>bonis</span> <span class='ocrx_word' id='word_1_260' title='bbox 1755 2159 1945 2227; x_wconf 89' lang='lat' dir='ltr'>impe-</span> 
     </span>
    </p>
   </div>
   <div class='ocr_carea' id='block_1_39' title="bbox 293 2245 1945 2318">
    <p class='ocr_par' dir='ltr' id='par_1_39' title="bbox 293 2245 1945 2318">
     <span class='ocr_line' id='line_1_39' title="bbox 293 2245 1945 2318; baseline -0.001 -16"><span class='ocrx_word' id='word_1_261' title='bbox 293 2246 596 2302; x_wconf 82' lang='lat' dir='ltr'>ratoribus</span> <span class='ocrx_word' id='word_1_262' title='bbox 623 2252 677 2302; x_wconf 90' lang='lat' dir='ltr'>et</span> <span class='ocrx_word' id='word_1_263' title='bbox 699 2246 830 2315; x_wconf 84' lang='lat' dir='ltr'>lege</span> <span class='ocrx_word' id='word_1_264' title='bbox 861 2245 1167 2301; x_wconf 90' lang='lat' dir='ltr'>decretum</span> <span class='ocrx_word' id='word_1_265' title='bbox 1196 2251 1259 2301; x_wconf 92' lang='lat' dir='ltr'>ut</span> <span class='ocrx_word' id='word_1_266' title='bbox 1287 2245 1585 2318; x_wconf 91' lang='lat' dir='ltr'>quidquid</span> <span class='ocrx_word' id='word_1_267' title='bbox 1607 2245 1764 2301; x_wconf 86' lang='lat' dir='ltr'>falsa</span> <span class='ocrx_word' id='word_1_268' title='bbox 1804 2245 1945 2318; x_wconf 90' lang='lat' dir='ltr'>peti-</span> 
     </span>
    </p>
   </div>
   <div class='ocr_carea' id='block_1_40' title="bbox 297 2333 1946 2408">
    <p class='ocr_par' dir='ltr' id='par_1_40' title="bbox 297 2333 1946 2408">
     <span class='ocr_line' id='line_1_40' title="bbox 297 2333 1946 2408; baseline -0.002 -17"><span class='ocrx_word' id='word_1_269' title='bbox 297 2335 383 2391; x_wconf 84' lang='lat' dir='ltr'>tio</span> <span class='ocrx_word' id='word_1_270' title='bbox 401 2350 437 2391; x_wconf 87' lang='lat' dir='ltr'>a</span> <span class='ocrx_word' id='word_1_271' title='bbox 463 2333 726 2408; x_wconf 86' lang='lat' dir='ltr'>principe</span> <span class='ocrx_word' id='word_1_272' title='bbox 746 2333 1093 2400; x_wconf 87' lang='lat' dir='ltr'>obtinuerit,</span> <span class='ocrx_word' id='word_1_273' title='bbox 1118 2334 1260 2406; x_wconf 91' lang='lat' dir='ltr'>quia</span> <span class='ocrx_word' id='word_1_274' title='bbox 1287 2334 1449 2390; x_wconf 86' lang='lat' dir='ltr'>fraus</span> <span class='ocrx_word' id='word_1_275' title='bbox 1471 2335 1802 2401; x_wconf 87' lang='lat' dir='ltr'>intervenit,</span> <span class='ocrx_word' id='word_1_276' title='bbox 1823 2349 1946 2388; x_wconf 92' lang='lat' dir='ltr'>non</span> 
     </span>
    </p>
   </div>
   <div class='ocr_carea' id='block_1_41' title="bbox 295 2421 1945 2495">
    <p class='ocr_par' dir='ltr' id='par_1_41' title="bbox 295 2421 1945 2495">
     <span class='ocr_line' id='line_1_41' title="bbox 295 2421 1945 2495; baseline 0 -17"><span class='ocrx_word' id='word_1_277' title='bbox 295 2423 534 2480; x_wconf 80' lang='lat' dir='ltr'>valebit.</span> <span class='ocrx_word' id='word_1_278' title='bbox 566 2423 711 2478; x_wconf 89' lang='lat' dir='ltr'>Item</span> <span class='ocrx_word' id='word_1_279' title='bbox 742 2421 884 2478; x_wconf 87' lang='lat' dir='ltr'>alibi</span> <span class='ocrx_word' id='word_1_280' title='bbox 920 2441 932 2477; x_wconf 91' lang='lat'><strong>:</strong></span> <span class='ocrx_word' id='word_1_281' title='bbox 970 2446 996 2471; x_wconf 86' lang='grc'><em>‹‹</em></span> <span class='ocrx_word' id='word_1_282' title='bbox 1028 2424 1411 2495; x_wconf 72' lang='lat' dir='ltr'>Quaacunque</span> <span class='ocrx_word' id='word_1_283' title='bbox 1438 2429 1647 2479; x_wconf 90' lang='lat' dir='ltr'>contra</span> <span class='ocrx_word' id='word_1_284' title='bbox 1673 2424 1773 2495; x_wconf 88' lang='lat' dir='ltr'>jus</span> <span class='ocrx_word' id='word_1_285' title='bbox 1802 2439 1945 2480; x_wconf 92' lang='lat' dir='ltr'>con-</span> 
     </span>
    </p>
   </div>
   <div class='ocr_carea' id='block_1_42' title="bbox 293 2510 1945 2584">
    <p class='ocr_par' dir='ltr' id='par_1_42' title="bbox 293 2510 1945 2584">
     <span class='ocr_line' id='line_1_42' title="bbox 293 2510 1945 2584; baseline 0 -17"><span class='ocrx_word' id='word_1_286' title='bbox 293 2512 520 2584; x_wconf 87' lang='lat' dir='ltr'>scripta</span> <span class='ocrx_word' id='word_1_287' title='bbox 557 2510 773 2566; x_wconf 85' lang='lat' dir='ltr'>fuerint</span> <span class='ocrx_word' id='word_1_288' title='bbox 805 2526 928 2565; x_wconf 90' lang='lat' dir='ltr'>non</span> <span class='ocrx_word' id='word_1_289' title='bbox 978 2510 1284 2579; x_wconf 87' lang='lat' dir='ltr'>valebunt,</span> <span class='ocrx_word' id='word_1_290' title='bbox 1339 2528 1707 2584; x_wconf 47' lang='lat' dir='ltr'>quiscunque</span> <span class='ocrx_word' id='word_1_291' title='bbox 1763 2512 1945 2568; x_wconf 91' lang='lat' dir='ltr'>modo</span> 
     </span>
    </p>
   </div>
   <div class='ocr_carea' id='block_1_43' title="bbox 293 2599 1946 2674">
    <p class='ocr_par' dir='ltr' id='par_1_43' title="bbox 293 2599 1946 2674">
     <span class='ocr_line' id='line_1_43' title="bbox 293 2599 1946 2674; baseline -0.001 -18"><span class='ocrx_word' id='word_1_292' title='bbox 293 2601 514 2656; x_wconf 84' lang='lat' dir='ltr'>fuerint</span> <span class='ocrx_word' id='word_1_293' title='bbox 540 2600 878 2672; x_wconf 89' lang='lat' dir='ltr'>impetrata.</span> <span class='ocrx_word' id='word_1_294' title='bbox 909 2622 937 2648; x_wconf 84' lang='lat'>»</span> <span class='ocrx_word' id='word_1_295' title='bbox 970 2603 1113 2654; x_wconf 88' lang='lat' dir='ltr'>ltem</span> <span class='ocrx_word' id='word_1_296' title='bbox 1145 2599 1284 2655; x_wconf 89' lang='lat' dir='ltr'>alibi</span> <span class='ocrx_word' id='word_1_297' title='bbox 1310 2618 1322 2655; x_wconf 91' lang='lat'><strong>:</strong></span> <span class='ocrx_word' id='word_1_298' title='bbox 1357 2623 1383 2650; x_wconf 92' lang='grc'><em>‹‹</em></span> <span class='ocrx_word' id='word_1_299' title='bbox 1415 2602 1523 2666; x_wconf 90' lang='lat' dir='ltr'>Qui</span> <span class='ocrx_word' id='word_1_300' title='bbox 1543 2601 1695 2657; x_wconf 88' lang='lat' dir='ltr'>falsa</span> <span class='ocrx_word' id='word_1_301' title='bbox 1735 2601 1946 2674; x_wconf 86' lang='lat' dir='ltr'>princi-</span> 
     </span>
    </p>
   </div>
   <div class='ocr_carea' id='block_1_44' title="bbox 292 2686 1948 2761">
    <p class='ocr_par' dir='ltr' id='par_1_44' title="bbox 292 2686 1948 2761">
     <span class='ocr_line' id='line_1_44' title="bbox 292 2686 1948 2761; baseline 0.001 -18"><span class='ocrx_word' id='word_1_302' title='bbox 292 2689 462 2761; x_wconf 89' lang='lat' dir='ltr'>pium</span> <span class='ocrx_word' id='word_1_303' title='bbox 487 2693 788 2760; x_wconf 73' lang='lat' dir='ltr'>prtecepta</span> <span class='ocrx_word' id='word_1_304' title='bbox 816 2686 1152 2752; x_wconf 85' lang='lat' dir='ltr'>detulerint.</span> <span class='ocrx_word' id='word_1_305' title='bbox 1202 2689 1549 2760; x_wconf 87' lang='lat' dir='ltr'>puniantur.</span> <span class='ocrx_word' id='word_1_306' title='bbox 1585 2712 1612 2739; x_wconf 86' lang='grc'><strong><em>››</em></strong></span> <span class='ocrx_word' id='word_1_307' title='bbox 1665 2691 1809 2745; x_wconf 88' lang='lat' dir='ltr'>Item</span> <span class='ocrx_word' id='word_1_308' title='bbox 1849 2689 1948 2745; x_wconf 85' lang='lat' dir='ltr'>ali-</span> 
     </span>
    </p>
   </div>
   <div class='ocr_carea' id='block_1_45' title="bbox 289 2775 1949 2848">
    <p class='ocr_par' dir='ltr' id='par_1_45' title="bbox 289 2775 1949 2848">
     <span class='ocr_line' id='line_1_45' title="bbox 289 2775 1949 2848; baseline 0.001 -15"><span class='ocrx_word' id='word_1_309' title='bbox 289 2777 348 2833; x_wconf 92' lang='lat' dir='ltr'>bi</span> <span class='ocrx_word' id='word_1_310' title='bbox 385 2793 400 2832; x_wconf 89' lang='lat'><strong>:</strong></span> <span class='ocrx_word' id='word_1_311' title='bbox 430 2799 458 2825; x_wconf 77' lang='lat' dir='ltr'><strong><em>u</em></strong></span> <span class='ocrx_word' id='word_1_312' title='bbox 487 2776 668 2833; x_wconf 88' lang='lat' dir='ltr'>Dolus</span> <span class='ocrx_word' id='word_1_313' title='bbox 696 2775 894 2832; x_wconf 75' lang='lat' dir='ltr'>malus</span> <span class='ocrx_word' id='word_1_314' title='bbox 916 2780 1006 2831; x_wconf 90' lang='lat' dir='ltr'>est</span> <span class='ocrx_word' id='word_1_315' title='bbox 1031 2792 1172 2832; x_wconf 90' lang='lat' dir='ltr'>cum</span> <span class='ocrx_word' id='word_1_316' title='bbox 1203 2777 1370 2833; x_wconf 89' lang='lat' dir='ltr'>aliter</span> <span class='ocrx_word' id='word_1_317' title='bbox 1397 2778 1615 2848; x_wconf 85' lang='lat' dir='ltr'>agitur,</span> <span class='ocrx_word' id='word_1_318' title='bbox 1662 2778 1825 2834; x_wconf 90' lang='lat' dir='ltr'>aliud</span> <span class='ocrx_word' id='word_1_319' title='bbox 1876 2778 1949 2833; x_wconf 91' lang='lat' dir='ltr'>si-</span> 
     </span>
    </p>
   </div>
   <div class='ocr_carea' id='block_1_46' title="bbox 292 2864 1946 2931">
    <p class='ocr_par' dir='ltr' id='par_1_46' title="bbox 292 2864 1946 2931">
     <span class='ocr_line' id='line_1_46' title="bbox 292 2864 1946 2931; baseline 0.002 -11"><span class='ocrx_word' id='word_1_320' title='bbox 292 2865 578 2920; x_wconf 88' lang='lat' dir='ltr'>mulatur.</span> <span class='ocrx_word' id='word_1_321' title='bbox 615 2888 643 2914; x_wconf 68' lang='grc' dir='ltr'>π</span> <span class='ocrx_word' id='word_1_322' title='bbox 673 2865 820 2920; x_wconf 88' lang='lat' dir='ltr'>Item</span> <span class='ocrx_word' id='word_1_323' title='bbox 842 2864 986 2920; x_wconf 88' lang='lat' dir='ltr'>alibi</span> <span class='ocrx_word' id='word_1_324' title='bbox 1021 2883 1033 2919; x_wconf 91' lang='lat'><strong>:</strong></span> <span class='ocrx_word' id='word_1_325' title='bbox 1069 2889 1095 2914; x_wconf 69' lang='grc' dir='ltr'>ι,</span> <span class='ocrx_word' id='word_1_326' title='bbox 1121 2865 1229 2931; x_wconf 87' lang='lat' dir='ltr'>Qui</span> <span class='ocrx_word' id='word_1_327' title='bbox 1245 2865 1454 2921; x_wconf 92' lang='lat' dir='ltr'>dolum</span> <span class='ocrx_word' id='word_1_328' title='bbox 1487 2867 1580 2922; x_wconf 88' lang='lat' dir='ltr'>vel</span> <span class='ocrx_word' id='word_1_329' title='bbox 1595 2872 1821 2923; x_wconf 88' lang='lat' dir='ltr'>metum</span> <span class='ocrx_word' id='word_1_330' title='bbox 1844 2866 1946 2923; x_wconf 87' lang='lat' dir='ltr'>ad-</span> 
     </span>
    </p>
   </div>
   <div class='ocr_carea' id='block_1_47' title="bbox 292 2953 2026 3048">
    <p class='ocr_par' dir='ltr' id='par_1_47' title="bbox 292 2953 2026 3048">
     <span class='ocr_line' id='line_1_47' title="bbox 292 2953 2026 3048; baseline 0.001 -39"><span class='ocrx_word' id='word_1_331' title='bbox 292 2953 488 3009; x_wconf 92' lang='lat' dir='ltr'>hibuit</span> <span class='ocrx_word' id='word_1_332' title='bbox 514 2960 576 3008; x_wconf 86' lang='lat' dir='ltr'>ut</span> <span class='ocrx_word' id='word_1_333' title='bbox 597 2970 693 3009; x_wconf 91' lang='lat' dir='ltr'>res</span> <span class='ocrx_word' id='word_1_334' title='bbox 725 2953 804 3009; x_wconf 90' lang='lat' dir='ltr'>ad</span> <span class='ocrx_word' id='word_1_335' title='bbox 834 2953 1018 3048; x_wconf 75' lang='lat' dir='ltr'>alium</span> <span class='ocrx_word' id='word_1_336' title='bbox 1047 2955 1343 3021; x_wconf 88' lang='lat' dir='ltr'>transiret,</span> <span class='ocrx_word' id='word_1_337' title='bbox 1371 2955 1446 3048; x_wconf 69' lang='lat' dir='ltr'>de</span> <span class='ocrx_word' id='word_1_338' title='bbox 1475 2955 1596 3010; x_wconf 90' lang='lat' dir='ltr'>doli</span> <span class='ocrx_word' id='word_1_339' title='bbox 1616 2956 1848 3011; x_wconf 89' lang='lat' dir='ltr'>actione</span> <span class='ocrx_word' id='word_1_340' title='bbox 1869 2959 1950 3011; x_wconf 92' lang='lat' dir='ltr'>te-</span> <span class='ocrx_word' id='word_1_341' title='bbox 1985 2996 2026 3048; x_wconf 68' lang='grc' dir='ltr'><strong>Ο</strong></span> 
     </span>
    </p>
   </div>
   <div class='ocr_carea' id='block_1_48' title="bbox 291 3041 1949 3116">
    <p class='ocr_par' dir='ltr' id='par_1_48' title="bbox 291 3041 1949 3116">
     <span class='ocr_line' id='line_1_48' title="bbox 291 3041 1949 3116; baseline 0.001 -19"><span class='ocrx_word' id='word_1_342' title='bbox 291 3043 550 3098; x_wconf 90' lang='lat' dir='ltr'>nebitur.</span> <span class='ocrx_word' id='word_1_343' title='bbox 587 3061 618 3094; x_wconf 85' lang='grc'><strong>›</strong></span> <span class='ocrx_word' id='word_1_344' title='bbox 651 3047 789 3097; x_wconf 84' lang='lat' dir='ltr'>Item</span> <span class='ocrx_word' id='word_1_345' title='bbox 833 3041 1013 3097; x_wconf 88' lang='lat' dir='ltr'>alibi:</span> <span class='ocrx_word' id='word_1_346' title='bbox 1047 3063 1074 3094; x_wconf 74' lang='grc' dir='ltr'><strong><em>α</em></strong></span> <span class='ocrx_word' id='word_1_347' title='bbox 1095 3043 1275 3098; x_wconf 91' lang='lat' dir='ltr'>Dolus</span> <span class='ocrx_word' id='word_1_348' title='bbox 1301 3041 1496 3098; x_wconf 88' lang='lat' dir='ltr'>malus</span> <span class='ocrx_word' id='word_1_349' title='bbox 1526 3048 1614 3098; x_wconf 91' lang='lat' dir='ltr'>est</span> <span class='ocrx_word' id='word_1_350' title='bbox 1635 3044 1683 3098; x_wconf 92' lang='lat' dir='ltr'>si</span> <span class='ocrx_word' id='word_1_351' title='bbox 1715 3060 1822 3116; x_wconf 90' lang='lat' dir='ltr'>per</span> <span class='ocrx_word' id='word_1_352' title='bbox 1847 3043 1949 3099; x_wconf 82' lang='lat' dir='ltr'>fal-</span> 
     </span>
    </p>
   </div>
   <div class='ocr_carea' id='block_1_49' title="bbox 289 3130 1945 3203">
    <p class='ocr_par' dir='ltr' id='par_1_49' title="bbox 289 3130 1945 3203">
     <span class='ocr_line' id='line_1_49' title="bbox 289 3130 1945 3203; baseline 0.001 -18"><span class='ocrx_word' id='word_1_353' title='bbox 289 3131 530 3187; x_wconf 89' lang='lat' dir='ltr'>sitatem</span> <span class='ocrx_word' id='word_1_354' title='bbox 557 3130 813 3187; x_wconf 86' lang='lat' dir='ltr'>voluerit</span> <span class='ocrx_word' id='word_1_355' title='bbox 841 3132 975 3202; x_wconf 91' lang='lat' dir='ltr'>quis</span> <span class='ocrx_word' id='word_1_356' title='bbox 1006 3131 1171 3203; x_wconf 88' lang='lat' dir='ltr'>prius</span> <span class='ocrx_word' id='word_1_357' title='bbox 1221 3131 1467 3188; x_wconf 91' lang='lat' dir='ltr'>deﬁnita</span> <span class='ocrx_word' id='word_1_358' title='bbox 1522 3133 1872 3187; x_wconf 84' lang='lat' dir='ltr'>convellere.</span> <span class='ocrx_word' id='word_1_359' title='bbox 1917 3153 1945 3180; x_wconf 68' lang='grc' dir='ltr'><strong>ν</strong></span> 
     </span>
    </p>
   </div>
   <div class='ocr_carea' id='block_1_50' title="bbox 288 3219 1948 3292">
    <p class='ocr_par' dir='ltr' id='par_1_50' title="bbox 288 3219 1948 3292">
     <span class='ocr_line' id='line_1_50' title="bbox 288 3219 1948 3292; baseline 0.001 -19"><span class='ocrx_word' id='word_1_360' title='bbox 288 3221 439 3276; x_wconf 89' lang='lat' dir='ltr'>Item</span> <span class='ocrx_word' id='word_1_361' title='bbox 471 3219 620 3274; x_wconf 84' lang='lat' dir='ltr'>alibi</span> <span class='ocrx_word' id='word_1_362' title='bbox 650 3237 664 3272; x_wconf 88' lang='lat'><strong>:</strong></span> <span class='ocrx_word' id='word_1_363' title='bbox 700 3220 1288 3288; x_wconf 79' lang='lat' dir='ltr'>«Redintegrandum</span> <span class='ocrx_word' id='word_1_364' title='bbox 1320 3225 1411 3276; x_wconf 89' lang='lat' dir='ltr'>est</span> <span class='ocrx_word' id='word_1_365' title='bbox 1464 3237 1500 3276; x_wconf 91' lang='lat' dir='ltr'>a</span> <span class='ocrx_word' id='word_1_366' title='bbox 1552 3220 1948 3292; x_wconf 65' lang='lat' dir='ltr'>praesentibus</span> 
     </span>
    </p>
   </div>
   <div class='ocr_carea' id='block_1_51' title="bbox 277 3306 1946 3381">
    <p class='ocr_par' dir='ltr' id='par_1_51' title="bbox 277 3306 1946 3381">
     <span class='ocr_line' id='line_1_51' title="bbox 277 3306 1946 3381; baseline 0.001 -19"><span class='ocrx_word' id='word_1_367' title='bbox 277 3306 614 3379; x_wconf 85' lang='lat' dir='ltr'>judicibus</span> <span class='ocrx_word' id='word_1_368' title='bbox 644 3307 778 3361; x_wconf 90' lang='lat' dir='ltr'>etin</span> <span class='ocrx_word' id='word_1_369' title='bbox 808 3308 933 3376; x_wconf 89' lang='lat' dir='ltr'>ejus</span> <span class='ocrx_word' id='word_1_370' title='bbox 970 3309 1120 3364; x_wconf 88' lang='lat' dir='ltr'>unde</span> <span class='ocrx_word' id='word_1_371' title='bbox 1145 3309 1403 3364; x_wconf 90' lang='lat' dir='ltr'>abcessit</span> <span class='ocrx_word' id='word_1_372' title='bbox 1442 3313 1732 3381; x_wconf 89' lang='lat' dir='ltr'>potestate</span> <span class='ocrx_word' id='word_1_373' title='bbox 1780 3324 1946 3364; x_wconf 89' lang='lat' dir='ltr'>revo-</span> 
     </span>
    </p>
   </div>
   <div class='ocr_carea' id='block_1_52' title="bbox 284 3394 1946 3470">
    <p class='ocr_par' dir='ltr' id='par_1_52' title="bbox 284 3394 1946 3470">
     <span class='ocr_line' id='line_1_52' title="bbox 284 3394 1946 3470; baseline -0.001 -18"><span class='ocrx_word' id='word_1_374' title='bbox 284 3395 570 3452; x_wconf 88' lang='lat' dir='ltr'>candum</span> <span class='ocrx_word' id='word_1_375' title='bbox 615 3394 779 3467; x_wconf 86' lang='lat' dir='ltr'>quod</span> <span class='ocrx_word' id='word_1_376' title='bbox 836 3411 1192 3470; x_wconf 86' lang='lat' dir='ltr'>quacunque</span> <span class='ocrx_word' id='word_1_377' title='bbox 1240 3397 1582 3452; x_wconf 90' lang='lat' dir='ltr'>conditione</span> <span class='ocrx_word' id='word_1_378' title='bbox 1639 3397 1946 3469; x_wconf 90' lang='lat' dir='ltr'>temporis,</span> 
     </span>
    </p>
   </div>
   <div class='ocr_carea' id='block_1_53' title="bbox 287 3483 1949 3556">
    <p class='ocr_par' dir='ltr' id='par_1_53' title="bbox 287 3483 1949 3556">
     <span class='ocr_line' id='line_1_53' title="bbox 287 3483 1949 3556; baseline -0.001 -15"><span class='ocrx_word' id='word_1_379' title='bbox 287 3491 391 3541; x_wconf 86' lang='lat' dir='ltr'>aut</span> <span class='ocrx_word' id='word_1_380' title='bbox 425 3483 591 3550; x_wconf 85' lang='lat' dir='ltr'>dolo,</span> <span class='ocrx_word' id='word_1_381' title='bbox 635 3489 740 3538; x_wconf 90' lang='lat' dir='ltr'>aut</span> <span class='ocrx_word' id='word_1_382' title='bbox 771 3485 1124 3556; x_wconf 87' lang='lat' dir='ltr'>captivitate,</span> <span class='ocrx_word' id='word_1_383' title='bbox 1149 3491 1254 3542; x_wconf 88' lang='lat' dir='ltr'>aut</span> <span class='ocrx_word' id='word_1_384' title='bbox 1282 3487 1495 3541; x_wconf 88' lang='lat' dir='ltr'>virtute</span> <span class='ocrx_word' id='word_1_385' title='bbox 1525 3485 1828 3556; x_wconf 89' lang='lat' dir='ltr'>majorum</span> <span class='ocrx_word' id='word_1_386' title='bbox 1885 3486 1949 3540; x_wconf 89' lang='lat' dir='ltr'>ti-</span> 
     </span>
    </p>
   </div>
   <div class='ocr_carea' id='block_1_54' title="bbox 293 3573 1948 3646">
    <p class='ocr_par' dir='ltr' id='par_1_54' title="bbox 293 3573 1948 3646">
     <span class='ocr_line' id='line_1_54' title="bbox 293 3573 1948 3646; baseline -0.001 -17"><span class='ocrx_word' id='word_1_387' title='bbox 293 3590 455 3630; x_wconf 89' lang='lat' dir='ltr'>more</span> <span class='ocrx_word' id='word_1_388' title='bbox 482 3573 740 3628; x_wconf 81' lang='lat' dir='ltr'>faciente</span> <span class='ocrx_word' id='word_1_389' title='bbox 766 3573 1100 3645; x_wconf 89' lang='lat' dir='ltr'>deperierit.</span> <span class='ocrx_word' id='word_1_390' title='bbox 1137 3597 1164 3623; x_wconf 84' lang='lat'>»</span> <span class='ocrx_word' id='word_1_391' title='bbox 1199 3578 1340 3629; x_wconf 86' lang='lat' dir='ltr'>Item</span> <span class='ocrx_word' id='word_1_392' title='bbox 1369 3574 1508 3629; x_wconf 90' lang='lat' dir='ltr'>alibi</span> <span class='ocrx_word' id='word_1_393' title='bbox 1544 3593 1556 3629; x_wconf 88' lang='lat'><strong>:</strong></span> <span class='ocrx_word' id='word_1_394' title='bbox 1584 3596 1610 3623; x_wconf 91' lang='grc'>‹‹</span> <span class='ocrx_word' id='word_1_395' title='bbox 1646 3573 1948 3646; x_wconf 84' lang='lat' dir='ltr'>Quidquid</span> 
     </span>
    </p>
   </div>
   <div class='ocr_carea' id='block_1_55' title="bbox 301 3661 1950 3735">
    <p class='ocr_par' dir='ltr' id='par_1_55' title="bbox 301 3661 1950 3735">
     <span class='ocr_line' id='line_1_55' title="bbox 301 3661 1950 3735; baseline -0.001 -18"><span class='ocrx_word' id='word_1_396' title='bbox 301 3677 438 3717; x_wconf 83' lang='lat' dir='ltr'>vera</span> <span class='ocrx_word' id='word_1_397' title='bbox 460 3677 563 3716; x_wconf 87' lang='lat' dir='ltr'>seu</span> <span class='ocrx_word' id='word_1_398' title='bbox 583 3661 739 3717; x_wconf 85' lang='lat' dir='ltr'>falsa</span> <span class='ocrx_word' id='word_1_399' title='bbox 763 3663 966 3733; x_wconf 88' lang='lat' dir='ltr'>petitio</span> <span class='ocrx_word' id='word_1_400' title='bbox 996 3678 1032 3717; x_wconf 86' lang='lat' dir='ltr'>a</span> <span class='ocrx_word' id='word_1_401' title='bbox 1085 3663 1352 3734; x_wconf 90' lang='lat' dir='ltr'>principe</span> <span class='ocrx_word' id='word_1_402' title='bbox 1410 3662 1751 3728; x_wconf 90' lang='lat' dir='ltr'>obtinuerit,</span> <span class='ocrx_word' id='word_1_403' title='bbox 1805 3662 1950 3735; x_wconf 92' lang='lat' dir='ltr'>quia</span> 
     </span>
    </p>
   </div>
   <div class='ocr_carea' id='block_1_56' title="bbox 314 3748 1946 3819">
    <p class='ocr_par' dir='ltr' id='par_1_56' title="bbox 314 3748 1946 3819">
     <span class='ocr_line' id='line_1_56' title="bbox 314 3748 1946 3819; baseline 0.002 -17"><span class='ocrx_word' id='word_1_404' title='bbox 314 3748 470 3803; x_wconf 79' lang='lat' dir='ltr'>fraus</span> <span class='ocrx_word' id='word_1_405' title='bbox 498 3749 835 3818; x_wconf 84' lang='lat' dir='ltr'>intercessit,</span> <span class='ocrx_word' id='word_1_406' title='bbox 859 3767 983 3805; x_wconf 92' lang='lat' dir='ltr'>non</span> <span class='ocrx_word' id='word_1_407' title='bbox 1005 3751 1224 3806; x_wconf 88' lang='lat' dir='ltr'>valebit</span> <span class='ocrx_word' id='word_1_408' title='bbox 1251 3761 1299 3805; x_wconf 78' lang='grc'><strong>⁸.</strong></span> <span class='ocrx_word' id='word_1_409' title='bbox 1337 3773 1364 3800; x_wconf 89' lang='grc'><strong>››</strong></span> <span class='ocrx_word' id='word_1_410' title='bbox 1390 3755 1601 3819; x_wconf 82' lang='lat' dir='ltr'>Magna</span> <span class='ocrx_word' id='word_1_411' title='bbox 1633 3751 1795 3806; x_wconf 88' lang='lat' dir='ltr'>fraus</span> <span class='ocrx_word' id='word_1_412' title='bbox 1817 3751 1946 3816; x_wconf 89' lang='lat' dir='ltr'>fuit,</span> 
     </span>
    </p>
   </div>
   <div class='ocr_carea' id='block_1_57' title="bbox 313 3837 1948 3911">
    <p class='ocr_par' dir='ltr' id='par_1_57' title="bbox 313 3837 1948 3911">
     <span class='ocr_line' id='line_1_57' title="bbox 313 3837 1948 3911; baseline 0.002 -20"><span class='ocrx_word' id='word_1_413' title='bbox 313 3837 582 3908; x_wconf 86' lang='lat' dir='ltr'>quoniam</span> <span class='ocrx_word' id='word_1_414' title='bbox 609 3840 894 3895; x_wconf 89' lang='lat' dir='ltr'>monachi</span> <span class='ocrx_word' id='word_1_415' title='bbox 937 3839 1205 3911; x_wconf 63' lang='lat' dir='ltr'>praedicti</span> <span class='ocrx_word' id='word_1_416' title='bbox 1245 3845 1645 3895; x_wconf 85' lang='lat' dir='ltr'>memoratum</span> <span class='ocrx_word' id='word_1_417' title='bbox 1700 3856 1948 3894; x_wconf 89' lang='lat' dir='ltr'>monas-</span> 
     </span>
    </p>
   </div>
   <div class='ocr_carea' id='block_1_58' title="bbox 307 3925 1948 3997">
    <p class='ocr_par' dir='ltr' id='par_1_58' title="bbox 307 3925 1948 3997">
     <span class='ocr_line' id='line_1_58' title="bbox 307 3925 1948 3997; baseline 0.002 -17"><span class='ocrx_word' id='word_1_418' title='bbox 307 3925 509 3981; x_wconf 87' lang='lat' dir='ltr'>terium</span> <span class='ocrx_word' id='word_1_419' title='bbox 534 3926 608 3981; x_wconf 91' lang='lat' dir='ltr'>de</span> <span class='ocrx_word' id='word_1_420' title='bbox 635 3927 768 3997; x_wconf 75' lang='lat' dir='ltr'>jure</span> <span class='ocrx_word' id='word_1_421' title='bbox 827 3928 1240 3983; x_wconf 70' lang='lat' dir='ltr'>Cenomanicze</span> <span class='ocrx_word' id='word_1_422' title='bbox 1299 3927 1455 3983; x_wconf 89' lang='lat' dir='ltr'>sedis</span> <span class='ocrx_word' id='word_1_423' title='bbox 1513 3927 1776 3982; x_wconf 63' lang='lat' dir='ltr'>ecclesia;</span> <span class='ocrx_word' id='word_1_424' title='bbox 1819 3943 1948 3983; x_wconf 90' lang='lat' dir='ltr'>esse</span> 
     </span>
    </p>
   </div>
   <div class='ocr_carea' id='block_1_59' title="bbox 300 4005 1948 4088">
    <p class='ocr_par' dir='ltr' id='par_1_59' title="bbox 300 4005 1948 4088">
     <span class='ocr_line' id='line_1_59' title="bbox 300 4005 1948 4088; baseline 0.002 -20"><span class='ocrx_word' id='word_1_425' title='bbox 300 4014 586 4084; x_wconf 89' lang='lat' dir='ltr'>sciebant,</span> <span class='ocrx_word' id='word_1_426' title='bbox 616 4017 758 4088; x_wconf 89' lang='lat' dir='ltr'>quia</span> <span class='ocrx_word' id='word_1_427' title='bbox 784 4005 908 4071; x_wconf 80' lang='lat' dir='ltr'>non</span> <span class='ocrx_word' id='word_1_428' title='bbox 935 4020 1075 4071; x_wconf 92' lang='lat' dir='ltr'>sunt</span> <span class='ocrx_word' id='word_1_429' title='bbox 1100 4017 1296 4072; x_wconf 89' lang='lat' dir='ltr'>adhuc</span> <span class='ocrx_word' id='word_1_430' title='bbox 1341 4017 1580 4085; x_wconf 86' lang='lat' dir='ltr'>triginta</span> <span class='ocrx_word' id='word_1_431' title='bbox 1609 4016 1752 4071; x_wconf 90' lang='lat' dir='ltr'>anni</span> <span class='ocrx_word' id='word_1_432' title='bbox 1782 4016 1948 4088; x_wconf 90' lang='lat' dir='ltr'>quod</span> 
     </span>
    </p>
   </div>
   <div class='ocr_carea' id='block_1_60' title="bbox 297 4103 1948 4178">
    <p class='ocr_par' dir='ltr' id='par_1_60' title="bbox 297 4103 1948 4178">
     <span class='ocr_line' id='line_1_60' title="bbox 297 4103 1948 4178; baseline 0.001 -21"><span class='ocrx_word' id='word_1_433' title='bbox 297 4118 330 4158; x_wconf 90' lang='lat' dir='ltr'>a</span> <span class='ocrx_word' id='word_1_434' title='bbox 358 4103 747 4174; x_wconf 88' lang='lat' dir='ltr'>pontiﬁcibus</span> <span class='ocrx_word' id='word_1_435' title='bbox 773 4111 1122 4160; x_wconf 69' lang='lat' dir='ltr'>memoratae</span> <span class='ocrx_word' id='word_1_436' title='bbox 1149 4105 1307 4160; x_wconf 89' lang='lat' dir='ltr'>sedis</span> <span class='ocrx_word' id='word_1_437' title='bbox 1336 4121 1680 4178; x_wconf 91' lang='lat' dir='ltr'>possessum</span> <span class='ocrx_word' id='word_1_438' title='bbox 1704 4111 1791 4160; x_wconf 83' lang='lat' dir='ltr'>est</span> <span class='ocrx_word' id='word_1_439' title='bbox 1823 4123 1835 4172; x_wconf 92' lang='lat'><strong>;</strong></span> <span class='ocrx_word' id='word_1_440' title='bbox 1893 4108 1948 4159; x_wconf 90' lang='lat' dir='ltr'>et</span> 
     </span>
    </p>
   </div>
   <div class='ocr_carea' id='block_1_61' title="bbox 294 4191 1947 4266">
    <p class='ocr_par' dir='ltr' id='par_1_61' title="bbox 294 4191 1947 4266">
     <span class='ocr_line' id='line_1_61' title="bbox 294 4191 1947 4266; baseline 0.001 -21"><span class='ocrx_word' id='word_1_441' title='bbox 294 4191 422 4246; x_wconf 78' lang='lat' dir='ltr'>haec</span> <span class='ocrx_word' id='word_1_442' title='bbox 461 4191 748 4261; x_wconf 88' lang='lat' dir='ltr'>celantes,</span> <span class='ocrx_word' id='word_1_443' title='bbox 776 4193 1066 4265; x_wconf 89' lang='lat' dir='ltr'>vobisque</span> <span class='ocrx_word' id='word_1_444' title='bbox 1100 4195 1470 4256; x_wconf 87' lang='lat' dir='ltr'>mentientes,</span> <span class='ocrx_word' id='word_1_445' title='bbox 1495 4198 1793 4266; x_wconf 76' lang='lat' dir='ltr'>praecepta</span> <span class='ocrx_word' id='word_1_446' title='bbox 1835 4193 1947 4247; x_wconf 91' lang='lat' dir='ltr'>sibi</span> 
     </span>
    </p>
   </div>
   <div class='ocr_carea' id='block_1_62' title="bbox 291 4279 1946 4354">
    <p class='ocr_par' dir='ltr' id='par_1_62' title="bbox 291 4279 1946 4354">
     <span class='ocr_line' id='line_1_62' title="bbox 291 4279 1946 4354; baseline 0.001 -21"><span class='ocrx_word' id='word_1_447' title='bbox 291 4279 418 4335; x_wconf 86' lang='lat' dir='ltr'>sine</span> <span class='ocrx_word' id='word_1_448' title='bbox 441 4294 744 4335; x_wconf 89' lang='lat' dir='ltr'>consensu</span> <span class='ocrx_word' id='word_1_449' title='bbox 768 4281 1063 4353; x_wconf 65' lang='lat' dir='ltr'>praedicta:</span> <span class='ocrx_word' id='word_1_450' title='bbox 1098 4282 1256 4338; x_wconf 87' lang='lat' dir='ltr'>sedis</span> <span class='ocrx_word' id='word_1_451' title='bbox 1283 4282 1599 4354; x_wconf 81' lang='lat' dir='ltr'>pontificis,</span> <span class='ocrx_word' id='word_1_452' title='bbox 1653 4282 1744 4336; x_wconf 90' lang='lat' dir='ltr'>cui</span> <span class='ocrx_word' id='word_1_453' title='bbox 1790 4283 1946 4351; x_wconf 91' lang='lat' dir='ltr'>juste</span> 
     </span>
    </p>
   </div>
   <div class='ocr_carea' id='block_1_63' title="bbox 288 4367 1949 4441">
    <p class='ocr_par' dir='ltr' id='par_1_63' title="bbox 288 4367 1949 4441">
     <span class='ocr_line' id='line_1_63' title="bbox 288 4367 1949 4441; baseline 0.003 -20"><span class='ocrx_word' id='word_1_454' title='bbox 288 4367 564 4435; x_wconf 86' lang='lat' dir='ltr'>debetur,</span> <span class='ocrx_word' id='word_1_455' title='bbox 591 4369 783 4425; x_wconf 88' lang='lat' dir='ltr'>facere</span> <span class='ocrx_word' id='word_1_456' title='bbox 813 4370 1167 4426; x_wconf 89' lang='lat' dir='ltr'>suadebant.</span> <span class='ocrx_word' id='word_1_457' title='bbox 1192 4374 1254 4426; x_wconf 83' lang='lat' dir='ltr'>Et</span> <span class='ocrx_word' id='word_1_458' title='bbox 1277 4372 1390 4426; x_wconf 92' lang='lat' dir='ltr'>hoc</span> <span class='ocrx_word' id='word_1_459' title='bbox 1417 4372 1645 4441; x_wconf 87' lang='lat' dir='ltr'>justum</span> <span class='ocrx_word' id='word_1_460' title='bbox 1677 4376 1853 4434; x_wconf 89' lang='lat' dir='ltr'>esset,</span> <span class='ocrx_word' id='word_1_461' title='bbox 1886 4377 1949 4426; x_wconf 92' lang='lat' dir='ltr'>ut</span> 
     </span>
    </p>
   </div>
   <div class='ocr_carea' id='block_1_64' title="bbox 289 4455 1947 4527">
    <p class='ocr_par' dir='ltr' id='par_1_64' title="bbox 289 4455 1947 4527">
     <span class='ocr_line' id='line_1_64' title="bbox 289 4455 1947 4527; baseline 0.002 -19"><span class='ocrx_word' id='word_1_462' title='bbox 289 4456 334 4509; x_wconf 88' lang='lat' dir='ltr'>si</span> <span class='ocrx_word' id='word_1_463' title='bbox 358 4455 583 4527; x_wconf 86' lang='lat' dir='ltr'>aliquis</span> <span class='ocrx_word' id='word_1_464' title='bbox 608 4455 900 4512; x_wconf 89' lang='lat' dir='ltr'>laicorum</span> <span class='ocrx_word' id='word_1_465' title='bbox 924 4458 1036 4512; x_wconf 92' lang='lat' dir='ltr'>hoc</span> <span class='ocrx_word' id='word_1_466' title='bbox 1059 4457 1311 4526; x_wconf 86' lang='lat' dir='ltr'>fecisset,</span> <span class='ocrx_word' id='word_1_467' title='bbox 1339 4463 1402 4514; x_wconf 90' lang='lat' dir='ltr'>ut</span> <span class='ocrx_word' id='word_1_468' title='bbox 1441 4473 1734 4527; x_wconf 85' lang='lat' dir='ltr'>magnum</span> <span class='ocrx_word' id='word_1_469' title='bbox 1767 4457 1947 4512; x_wconf 88' lang='lat' dir='ltr'>detri-</span> 
     </span>
    </p>
   </div>
   <div class='ocr_carea' id='block_1_65' title="bbox 287 4545 1950 4616">
    <p class='ocr_par' dir='ltr' id='par_1_65' title="bbox 287 4545 1950 4616">
     <span class='ocr_line' id='line_1_65' title="bbox 287 4545 1950 4616; baseline 0.001 -18"><span class='ocrx_word' id='word_1_470' title='bbox 287 4549 566 4598; x_wconf 86' lang='lat' dir='ltr'>mentum</span> <span class='ocrx_word' id='word_1_471' title='bbox 596 4545 952 4607; x_wconf 84' lang='lat' dir='ltr'>sustineret;</span> <span class='ocrx_word' id='word_1_472' title='bbox 987 4546 1090 4599; x_wconf 86' lang='lat' dir='ltr'>sed</span> <span class='ocrx_word' id='word_1_473' title='bbox 1131 4552 1186 4601; x_wconf 91' lang='lat' dir='ltr'>et</span> <span class='ocrx_word' id='word_1_474' title='bbox 1220 4562 1330 4616; x_wconf 90' lang='lat' dir='ltr'>pro</span> <span class='ocrx_word' id='word_1_475' title='bbox 1379 4551 1536 4601; x_wconf 91' lang='lat' dir='ltr'>certo</span> <span class='ocrx_word' id='word_1_476' title='bbox 1578 4546 1950 4616; x_wconf 83' lang='lat' dir='ltr'>judicaretur</span> 
     </span>
    </p>
   </div>
   <div class='ocr_carea' id='block_1_66' title="bbox 284 4631 1948 4706">
    <p class='ocr_par' dir='ltr' id='par_1_66' title="bbox 284 4631 1948 4706">
     <span class='ocr_line' id='line_1_66' title="bbox 284 4631 1948 4706; baseline 0.002 -20"><span class='ocrx_word' id='word_1_477' title='bbox 284 4631 364 4686; x_wconf 89' lang='lat' dir='ltr'>illi</span> <span class='ocrx_word' id='word_1_478' title='bbox 394 4637 457 4686; x_wconf 88' lang='lat' dir='ltr'>ut</span> <span class='ocrx_word' id='word_1_479' title='bbox 487 4632 730 4703; x_wconf 83' lang='lat' dir='ltr'>capitali</span> <span class='ocrx_word' id='word_1_480' title='bbox 763 4634 1054 4689; x_wconf 89' lang='lat' dir='ltr'>sententia</span> <span class='ocrx_word' id='word_1_481' title='bbox 1086 4635 1412 4706; x_wconf 88' lang='lat' dir='ltr'>puniretur.</span> <span class='ocrx_word' id='word_1_482' title='bbox 1463 4635 1576 4690; x_wconf 87' lang='lat' dir='ltr'>Sed</span> <span class='ocrx_word' id='word_1_483' title='bbox 1631 4635 1776 4706; x_wconf 90' lang='lat' dir='ltr'>quia</span> <span class='ocrx_word' id='word_1_484' title='bbox 1825 4651 1948 4690; x_wconf 88' lang='lat' dir='ltr'>non</span> 
     </span>
    </p>
   </div>
   <div class='ocr_carea' id='block_1_67' title="bbox 284 4719 1948 4792">
    <p class='ocr_par' dir='ltr' id='par_1_67' title="bbox 284 4719 1948 4792">
     <span class='ocr_line' id='line_1_67' title="bbox 284 4719 1948 4792; baseline 0.002 -18"><span class='ocrx_word' id='word_1_485' title='bbox 284 4719 444 4783; x_wconf 87' lang='lat' dir='ltr'>laici,</span> <span class='ocrx_word' id='word_1_486' title='bbox 482 4720 588 4774; x_wconf 83' lang='lat' dir='ltr'>sed</span> <span class='ocrx_word' id='word_1_487' title='bbox 603 4721 730 4790; x_wconf 87' lang='lat' dir='ltr'>jam</span> <span class='ocrx_word' id='word_1_488' title='bbox 755 4722 893 4776; x_wconf 82' lang='lat' dir='ltr'>dicti</span> <span class='ocrx_word' id='word_1_489' title='bbox 917 4723 1219 4788; x_wconf 89' lang='lat' dir='ltr'>monachi,</span> <span class='ocrx_word' id='word_1_490' title='bbox 1244 4723 1358 4778; x_wconf 90' lang='lat' dir='ltr'>hoc</span> <span class='ocrx_word' id='word_1_491' title='bbox 1384 4722 1667 4788; x_wconf 81' lang='lat' dir='ltr'>fecerunt,</span> <span class='ocrx_word' id='word_1_492' title='bbox 1693 4723 1948 4792; x_wconf 83' lang='lat' dir='ltr'>dignum</span> 
     </span>
    </p>
   </div>
   <div class='ocr_carea' id='block_1_68' title="bbox 286 4809 1947 4883">
    <p class='ocr_par' dir='ltr' id='par_1_68' title="bbox 286 4809 1947 4883">
     <span class='ocr_line' id='line_1_68' title="bbox 286 4809 1947 4883; baseline 0.001 -21"><span class='ocrx_word' id='word_1_493' title='bbox 286 4816 375 4864; x_wconf 89' lang='lat' dir='ltr'>est</span> <span class='ocrx_word' id='word_1_494' title='bbox 407 4815 472 4863; x_wconf 89' lang='lat' dir='ltr'>ut</span> <span class='ocrx_word' id='word_1_495' title='bbox 500 4809 583 4864; x_wconf 88' lang='lat' dir='ltr'>ita</span> <span class='ocrx_word' id='word_1_496' title='bbox 615 4816 1001 4866; x_wconf 90' lang='lat' dir='ltr'>coerceantur</span> <span class='ocrx_word' id='word_1_497' title='bbox 1039 4827 1111 4867; x_wconf 91' lang='lat' dir='ltr'>ne</span> <span class='ocrx_word' id='word_1_498' title='bbox 1169 4811 1270 4867; x_wconf 88' lang='lat' dir='ltr'>alii</span> <span class='ocrx_word' id='word_1_499' title='bbox 1325 4811 1609 4868; x_wconf 82' lang='lat' dir='ltr'>monachi</span> <span class='ocrx_word' id='word_1_500' title='bbox 1665 4811 1947 4883; x_wconf 89' lang='lat' dir='ltr'>deinceps</span> 
     </span>
    </p>
   </div>
   <div class='ocr_carea' id='block_1_69' title="bbox 285 4897 1944 4972">
    <p class='ocr_par' dir='ltr' id='par_1_69' title="bbox 285 4897 1944 4972">
     <span class='ocr_line' id='line_1_69' title="bbox 285 4897 1944 4972; baseline 0.001 -21"><span class='ocrx_word' id='word_1_501' title='bbox 285 4897 432 4952; x_wconf 82' lang='lat' dir='ltr'>talia</span> <span class='ocrx_word' id='word_1_502' title='bbox 459 4913 643 4969; x_wconf 84' lang='lat' dir='ltr'>agere</span> <span class='ocrx_word' id='word_1_503' title='bbox 664 4905 1053 4970; x_wconf 66' lang='lat' dir='ltr'>praesumant.</span> <span class='ocrx_word' id='word_1_504' title='bbox 1079 4902 1401 4972; x_wconf 89' lang='lat' dir='ltr'>Propterea</span> <span class='ocrx_word' id='word_1_505' title='bbox 1420 4899 1693 4957; x_wconf 89' lang='lat' dir='ltr'>nonnulli</span> <span class='ocrx_word' id='word_1_506' title='bbox 1717 4900 1944 4971; x_wconf 70' lang='lat' dir='ltr'>praefati</span> 
     </span>
    </p>
   </div>
   <div class='ocr_carea' id='block_1_70' title="bbox 293 4987 1946 5061">
    <p class='ocr_par' dir='ltr' id='par_1_70' title="bbox 293 4987 1946 5061">
     <span class='ocr_line' id='line_1_70' title="bbox 293 4987 1946 5061; baseline 0.002 -22"><span class='ocrx_word' id='word_1_507' title='bbox 293 4987 642 5042; x_wconf 89' lang='lat' dir='ltr'>monasterii</span> <span class='ocrx_word' id='word_1_508' title='bbox 694 4989 977 5044; x_wconf 90' lang='lat' dir='ltr'>monachi</span> <span class='ocrx_word' id='word_1_509' title='bbox 1041 5005 1179 5045; x_wconf 91' lang='lat' dir='ltr'>cum</span> <span class='ocrx_word' id='word_1_510' title='bbox 1239 4989 1606 5058; x_wconf 85' lang='lat' dir='ltr'>Sigemundo</span> <span class='ocrx_word' id='word_1_511' title='bbox 1662 4989 1946 5061; x_wconf 73' lang='lat' dir='ltr'>praedicto</span> 
     </span>
    </p>
   </div>
   <div class='ocr_carea' id='block_1_71' title="bbox 290 5076 1947 5134">
    <p class='ocr_par' dir='ltr' id='par_1_71' title="bbox 290 5076 1947 5134">
     <span class='ocr_line' id='line_1_71' title="bbox 290 5076 1947 5134; baseline 0.001 -5"><span class='ocrx_word' id='word_1_512' title='bbox 290 5091 504 5130; x_wconf 87' lang='lat' dir='ltr'>eorum</span> <span class='ocrx_word' id='word_1_513' title='bbox 527 5076 749 5132; x_wconf 88' lang='lat' dir='ltr'>abbate</span> <span class='ocrx_word' id='word_1_514' title='bbox 777 5077 988 5132; x_wconf 89' lang='lat' dir='ltr'>exsilio</span> <span class='ocrx_word' id='word_1_515' title='bbox 1012 5077 1283 5134; x_wconf 89' lang='lat' dir='ltr'>damnati</span> <span class='ocrx_word' id='word_1_516' title='bbox 1311 5082 1468 5132; x_wconf 90' lang='lat' dir='ltr'>sunt.</span> <span class='ocrx_word' id='word_1_517' title='bbox 1503 5081 1570 5132; x_wconf 91' lang='lat' dir='ltr'>Et</span> <span class='ocrx_word' id='word_1_518' title='bbox 1593 5078 1674 5131; x_wconf 90' lang='lat' dir='ltr'>sic</span> <span class='ocrx_word' id='word_1_519' title='bbox 1733 5077 1947 5132; x_wconf 84' lang='lat' dir='ltr'>contir-</span> 
     </span>
    </p>
   </div>
   <div class='ocr_carea' id='block_1_72' title="bbox 286 5165 1946 5238">
    <p class='ocr_par' dir='ltr' id='par_1_72' title="bbox 286 5165 1946 5238">
     <span class='ocr_line' id='line_1_72' title="bbox 286 5165 1946 5238; baseline 0 -19"><span class='ocrx_word' id='word_1_520' title='bbox 286 5168 526 5220; x_wconf 88' lang='lat' dir='ltr'>matum</span> <span class='ocrx_word' id='word_1_521' title='bbox 553 5170 643 5220; x_wconf 90' lang='lat' dir='ltr'>est</span> <span class='ocrx_word' id='word_1_522' title='bbox 672 5165 1061 5238; x_wconf 66' lang='lat' dir='ltr'>saepedictum</span> <span class='ocrx_word' id='word_1_523' title='bbox 1091 5166 1528 5222; x_wconf 89' lang='lat' dir='ltr'>monasterium</span> <span class='ocrx_word' id='word_1_524' title='bbox 1559 5165 1794 5220; x_wconf 82' lang='lat' dir='ltr'>Aldrico</span> <span class='ocrx_word' id='word_1_525' title='bbox 1821 5165 1946 5236; x_wconf 89' lang='lat' dir='ltr'>epi-</span> 
     </span>
    </p>
   </div>
   <div class='ocr_carea' id='block_1_73' title="bbox 282 5254 1950 5327">
    <p class='ocr_par' dir='ltr' id='par_1_73' title="bbox 282 5254 1950 5327">
     <span class='ocr_line' id='line_1_73' title="bbox 282 5254 1950 5327; baseline -0.001 -19"><span class='ocrx_word' id='word_1_526' title='bbox 282 5270 478 5324; x_wconf 89' lang='lat' dir='ltr'>scopo</span> <span class='ocrx_word' id='word_1_527' title='bbox 510 5259 568 5309; x_wconf 90' lang='lat' dir='ltr'>et</span> <span class='ocrx_word' id='word_1_528' title='bbox 597 5254 726 5324; x_wconf 89' lang='lat' dir='ltr'>ejus</span> <span class='ocrx_word' id='word_1_529' title='bbox 751 5254 1076 5327; x_wconf 87' lang='lat' dir='ltr'>episcopio,</span> <span class='ocrx_word' id='word_1_530' title='bbox 1111 5256 1263 5310; x_wconf 87' lang='lat' dir='ltr'>sicut</span> <span class='ocrx_word' id='word_1_531' title='bbox 1317 5254 1378 5309; x_wconf 92' lang='lat' dir='ltr'>in</span> <span class='ocrx_word' id='word_1_532' title='bbox 1425 5255 1556 5325; x_wconf 90' lang='lat' dir='ltr'>ejus</span> <span class='ocrx_word' id='word_1_533' title='bbox 1603 5259 1812 5310; x_wconf 87' lang='lat' dir='ltr'>notum</span> <span class='ocrx_word' id='word_1_534' title='bbox 1861 5258 1950 5308; x_wconf 91' lang='lat' dir='ltr'>est</span> 
     </span>
    </p>
   </div>
   <div class='ocr_carea' id='block_1_74' title="bbox 277 5342 1946 5414">
    <p class='ocr_par' dir='ltr' id='par_1_74' title="bbox 277 5342 1946 5414">
     <span class='ocr_line' id='line_1_74' title="bbox 277 5342 1946 5414; baseline 0 -18"><span class='ocrx_word' id='word_1_535' title='bbox 277 5342 605 5414; x_wconf 65' lang='lat' dir='ltr'>praeceptis</span> <span class='ocrx_word' id='word_1_536' title='bbox 635 5347 691 5398; x_wconf 91' lang='lat' dir='ltr'>et</span> <span class='ocrx_word' id='word_1_537' title='bbox 713 5342 842 5398; x_wconf 87' lang='lat' dir='ltr'>aliis</span> <span class='ocrx_word' id='word_1_538' title='bbox 873 5344 1281 5399; x_wconf 89' lang='lat' dir='ltr'>monumentis</span> <span class='ocrx_word' id='word_1_539' title='bbox 1313 5343 1657 5398; x_wconf 90' lang='lat' dir='ltr'>chartarum</span> <span class='ocrx_word' id='word_1_540' title='bbox 1684 5343 1946 5397; x_wconf 85' lang='lat' dir='ltr'>contine-</span> 
     </span>
    </p>
   </div>
   <div class='ocr_carea' id='block_1_75' title="bbox 279 5429 732 5485">
    <p class='ocr_par' dir='ltr' id='par_1_75' title="bbox 279 5429 732 5485">
     <span class='ocr_line' id='line_1_75' title="bbox 279 5429 732 5485; baseline 0 -1"><span class='ocrx_word' id='word_1_541' title='bbox 279 5436 380 5485; x_wconf 88' lang='lat' dir='ltr'>tur</span> <span class='ocrx_word' id='word_1_542' title='bbox 412 5429 732 5484; x_wconf 87' lang='lat' dir='ltr'>insertum.</span> 
     </span>
    </p>
   </div>
   <div class='ocr_carea' id='block_1_76' title="bbox 2057 1704 3705 1781">
    <p class='ocr_par' dir='ltr' id='par_1_76' title="bbox 2057 1704 3705 1781">
     <span class='ocr_line' id='line_1_76' title="bbox 2057 1704 3705 1781; baseline 0.005 -24"><span class='ocrx_word' id='word_1_543' title='bbox 2057 1719 2199 1758; x_wconf 88' lang='lat' dir='ltr'>suos</span> <span class='ocrx_word' id='word_1_544' title='bbox 2231 1704 2435 1759; x_wconf 86' lang='lat' dir='ltr'>fideles</span> <span class='ocrx_word' id='word_1_545' title='bbox 2463 1705 2634 1760; x_wconf 88' lang='lat' dir='ltr'>valde</span> <span class='ocrx_word' id='word_1_546' title='bbox 2667 1706 3004 1762; x_wconf 86' lang='lat' dir='ltr'>infestabat.</span> <span class='ocrx_word' id='word_1_547' title='bbox 3033 1707 3296 1764; x_wconf 63' lang='lat' dir='ltr'>Praefatae</span> <span class='ocrx_word' id='word_1_548' title='bbox 3328 1725 3469 1779; x_wconf 86' lang='lat' dir='ltr'>ergo</span> <span class='ocrx_word' id='word_1_549' title='bbox 3501 1715 3705 1781; x_wconf 89' lang='lat' dir='ltr'>tyran-</span> 
     </span>
    </p>
   </div>
   <div class='ocr_carea' id='block_1_77' title="bbox 2056 1791 3706 1871">
    <p class='ocr_par' dir='ltr' id='par_1_77' title="bbox 2056 1791 3706 1871">
     <span class='ocr_line' id='line_1_77' title="bbox 2056 1791 3706 1871; baseline 0.005 -25"><span class='ocrx_word' id='word_1_550' title='bbox 2056 1791 2203 1847; x_wconf 70' lang='lat' dir='ltr'>nicae</span> <span class='ocrx_word' id='word_1_551' title='bbox 2231 1794 2508 1864; x_wconf 88' lang='lat' dir='ltr'>potestati</span> <span class='ocrx_word' id='word_1_552' title='bbox 2535 1811 2596 1850; x_wconf 91' lang='lat' dir='ltr'>se</span> <span class='ocrx_word' id='word_1_553' title='bbox 2627 1795 2937 1866; x_wconf 80' lang='lat' dir='ltr'>conjunxit</span> <span class='ocrx_word' id='word_1_554' title='bbox 2969 1796 3391 1865; x_wconf 87' lang='lat' dir='ltr'>Sigemundus,</span> <span class='ocrx_word' id='word_1_555' title='bbox 3442 1799 3548 1871; x_wconf 89' lang='lat' dir='ltr'>qui</span> <span class='ocrx_word' id='word_1_556' title='bbox 3593 1799 3706 1854; x_wconf 91' lang='lat' dir='ltr'>du-</span> 
     </span>
    </p>
   </div>
   <div class='ocr_carea' id='block_1_78' title="bbox 2056 1878 3704 1957">
    <p class='ocr_par' dir='ltr' id='par_1_78' title="bbox 2056 1878 3704 1957">
     <span class='ocr_line' id='line_1_78' title="bbox 2056 1878 3704 1957; baseline 0.005 -23"><span class='ocrx_word' id='word_1_557' title='bbox 2056 1878 2205 1935; x_wconf 90' lang='lat' dir='ltr'>dum</span> <span class='ocrx_word' id='word_1_558' title='bbox 2234 1881 2309 1937; x_wconf 90' lang='lat' dir='ltr'>de</span> <span class='ocrx_word' id='word_1_559' title='bbox 2333 1881 2592 1953; x_wconf 75' lang='lat' dir='ltr'>praefatae</span> <span class='ocrx_word' id='word_1_560' title='bbox 2615 1883 2868 1938; x_wconf 80' lang='lat' dir='ltr'>Anisolae</span> <span class='ocrx_word' id='word_1_561' title='bbox 2892 1885 3256 1942; x_wconf 88' lang='lat' dir='ltr'>monasterio</span> <span class='ocrx_word' id='word_1_562' title='bbox 3281 1885 3474 1942; x_wconf 87' lang='lat' dir='ltr'>abbas</span> <span class='ocrx_word' id='word_1_563' title='bbox 3494 1887 3704 1957; x_wconf 87' lang='lat' dir='ltr'>fuerat,</span> 
     </span>
    </p>
   </div>
   <div class='ocr_carea' id='block_1_79' title="bbox 2056 1968 3707 2047">
    <p class='ocr_par' dir='ltr' id='par_1_79' title="bbox 2056 1968 3707 2047">
     <span class='ocr_line' id='line_1_79' title="bbox 2056 1968 3707 2047; baseline 0.004 -23"><span class='ocrx_word' id='word_1_564' title='bbox 2056 1972 2115 2024; x_wconf 89' lang='lat' dir='ltr'>et</span> <span class='ocrx_word' id='word_1_565' title='bbox 2140 1968 2412 2025; x_wconf 77' lang='lat' dir='ltr'>Aldricus</span> <span class='ocrx_word' id='word_1_566' title='bbox 2432 1970 2695 2026; x_wconf 70' lang='lat' dir='ltr'>ecclesiae</span> <span class='ocrx_word' id='word_1_567' title='bbox 2732 1972 3147 2028; x_wconf 80' lang='lat' dir='ltr'>Cenomanicae</span> <span class='ocrx_word' id='word_1_568' title='bbox 3204 1973 3544 2047; x_wconf 89' lang='lat' dir='ltr'>episcopus,</span> <span class='ocrx_word' id='word_1_569' title='bbox 3603 1975 3707 2047; x_wconf 91' lang='lat' dir='ltr'>qui</span> 
     </span>
    </p>
   </div>
   <div class='ocr_carea' id='block_1_80' title="bbox 2055 2057 3706 2119">
    <p class='ocr_par' dir='ltr' id='par_1_80' title="bbox 2055 2057 3706 2119">
     <span class='ocr_line' id='line_1_80' title="bbox 2055 2057 3706 2119; baseline 0.004 -7"><span class='ocrx_word' id='word_1_570' title='bbox 2055 2057 2204 2112; x_wconf 90' lang='lat' dir='ltr'>illud</span> <span class='ocrx_word' id='word_1_571' title='bbox 2228 2059 2662 2114; x_wconf 88' lang='lat' dir='ltr'>monasterium</span> <span class='ocrx_word' id='word_1_572' title='bbox 2691 2077 2812 2116; x_wconf 90' lang='lat' dir='ltr'>una</span> <span class='ocrx_word' id='word_1_573' title='bbox 2837 2078 2972 2116; x_wconf 89' lang='lat' dir='ltr'>cum</span> <span class='ocrx_word' id='word_1_574' title='bbox 2992 2061 3173 2117; x_wconf 89' lang='lat' dir='ltr'>rebus</span> <span class='ocrx_word' id='word_1_575' title='bbox 3197 2062 3322 2118; x_wconf 91' lang='lat' dir='ltr'>suis</span> <span class='ocrx_word' id='word_1_576' title='bbox 3342 2067 3484 2119; x_wconf 91' lang='lat' dir='ltr'>tunc</span> <span class='ocrx_word' id='word_1_577' title='bbox 3505 2067 3706 2118; x_wconf 85' lang='lat' dir='ltr'>tenue-</span> 
     </span>
    </p>
   </div>
   <div class='ocr_carea' id='block_1_81' title="bbox 2055 2145 3708 2217">
    <p class='ocr_par' dir='ltr' id='par_1_81' title="bbox 2055 2145 3708 2217">
     <span class='ocr_line' id='line_1_81' title="bbox 2055 2145 3708 2217; baseline 0.003 -16"><span class='ocrx_word' id='word_1_578' title='bbox 2055 2149 2166 2212; x_wconf 88' lang='lat' dir='ltr'>rat,</span> <span class='ocrx_word' id='word_1_579' title='bbox 2197 2145 2448 2202; x_wconf 86' lang='lat' dir='ltr'>ﬁdeliter</span> <span class='ocrx_word' id='word_1_580' title='bbox 2479 2147 2686 2203; x_wconf 88' lang='lat' dir='ltr'>Carolo</span> <span class='ocrx_word' id='word_1_581' title='bbox 2718 2149 2936 2202; x_wconf 91' lang='lat' dir='ltr'>seniori</span> <span class='ocrx_word' id='word_1_582' title='bbox 2963 2166 3073 2204; x_wconf 91' lang='lat' dir='ltr'>suo</span> <span class='ocrx_word' id='word_1_583' title='bbox 3105 2150 3468 2217; x_wconf 71' lang='lat' dir='ltr'>adhaerebat,</span> <span class='ocrx_word' id='word_1_584' title='bbox 3494 2157 3547 2206; x_wconf 88' lang='lat' dir='ltr'>et</span> <span class='ocrx_word' id='word_1_585' title='bbox 3573 2151 3708 2206; x_wconf 91' lang='lat' dir='ltr'>licet</span> 
     </span>
    </p>
   </div>
   <div class='ocr_carea' id='block_1_82' title="bbox 2056 2235 3705 2310">
    <p class='ocr_par' dir='ltr' id='par_1_82' title="bbox 2056 2235 3705 2310">
     <span class='ocr_line' id='line_1_82' title="bbox 2056 2235 3705 2310; baseline 0.003 -22"><span class='ocrx_word' id='word_1_586' title='bbox 2056 2239 2390 2290; x_wconf 89' lang='lat' dir='ltr'>memorata</span> <span class='ocrx_word' id='word_1_587' title='bbox 2421 2235 2730 2304; x_wconf 86' lang='lat' dir='ltr'>tyrannica</span> <span class='ocrx_word' id='word_1_588' title='bbox 2753 2241 3017 2308; x_wconf 90' lang='lat' dir='ltr'>potestas</span> <span class='ocrx_word' id='word_1_589' title='bbox 3041 2253 3178 2291; x_wconf 90' lang='lat' dir='ltr'>eum</span> <span class='ocrx_word' id='word_1_590' title='bbox 3199 2237 3276 2292; x_wconf 91' lang='lat' dir='ltr'>ad</span> <span class='ocrx_word' id='word_1_591' title='bbox 3295 2254 3356 2292; x_wconf 90' lang='lat' dir='ltr'>se</span> <span class='ocrx_word' id='word_1_592' title='bbox 3377 2239 3705 2310; x_wconf 73' lang='lat' dir='ltr'>saepissime</span> 
     </span>
    </p>
   </div>
   <div class='ocr_carea' id='block_1_83' title="bbox 2055 2322 3704 2397">
    <p class='ocr_par' dir='ltr' id='par_1_83' title="bbox 2055 2322 3704 2397">
     <span class='ocr_line' id='line_1_83' title="bbox 2055 2322 3704 2397; baseline 0.002 -20"><span class='ocrx_word' id='word_1_593' title='bbox 2055 2326 2314 2388; x_wconf 88' lang='lat' dir='ltr'>vocaret,</span> <span class='ocrx_word' id='word_1_594' title='bbox 2345 2327 2401 2379; x_wconf 90' lang='lat' dir='ltr'>et</span> <span class='ocrx_word' id='word_1_595' title='bbox 2430 2322 2772 2378; x_wconf 89' lang='lat' dir='ltr'>ﬁrmitatem</span> <span class='ocrx_word' id='word_1_596' title='bbox 2822 2324 2873 2380; x_wconf 89' lang='lat' dir='ltr'>ei</span> <span class='ocrx_word' id='word_1_597' title='bbox 2929 2323 3121 2380; x_wconf 89' lang='lat' dir='ltr'>facere</span> <span class='ocrx_word' id='word_1_598' title='bbox 3171 2324 3389 2380; x_wconf 87' lang='lat' dir='ltr'>vellent</span> <span class='ocrx_word' id='word_1_599' title='bbox 3435 2325 3539 2397; x_wconf 89' lang='lat' dir='ltr'>qui</span> <span class='ocrx_word' id='word_1_600' title='bbox 3569 2341 3704 2381; x_wconf 90' lang='lat' dir='ltr'>eam</span> 
     </span>
    </p>
   </div>
   <div class='ocr_carea' id='block_1_84' title="bbox 2056 2409 3706 2484">
    <p class='ocr_par' dir='ltr' id='par_1_84' title="bbox 2056 2409 3706 2484">
     <span class='ocr_line' id='line_1_84' title="bbox 2056 2409 3706 2484; baseline 0.002 -19"><span class='ocrx_word' id='word_1_601' title='bbox 2056 2409 2410 2466; x_wconf 85' lang='lat' dir='ltr'>exercebant</span> <span class='ocrx_word' id='word_1_602' title='bbox 2438 2411 2692 2483; x_wconf 84' lang='lat' dir='ltr'>qualiter</span> <span class='ocrx_word' id='word_1_603' title='bbox 2718 2412 2844 2483; x_wconf 91' lang='lat' dir='ltr'>ipse</span> <span class='ocrx_word' id='word_1_604' title='bbox 2875 2417 3168 2484; x_wconf 65' lang='lat' dir='ltr'>quaareret</span> <span class='ocrx_word' id='word_1_605' title='bbox 3196 2417 3261 2468; x_wconf 86' lang='lat' dir='ltr'>ut</span> <span class='ocrx_word' id='word_1_606' title='bbox 3289 2412 3504 2468; x_wconf 89' lang='lat' dir='ltr'>diebus</span> <span class='ocrx_word' id='word_1_607' title='bbox 3572 2414 3706 2469; x_wconf 72' lang='lat' dir='ltr'>vitae</span> 
     </span>
    </p>
   </div>
   <div class='ocr_carea' id='block_1_85' title="bbox 2056 2498 3706 2572">
    <p class='ocr_par' dir='ltr' id='par_1_85' title="bbox 2056 2498 3706 2572">
     <span class='ocr_line' id='line_1_85' title="bbox 2056 2498 3706 2572; baseline 0.002 -19"><span class='ocrx_word' id='word_1_608' title='bbox 2056 2498 2291 2554; x_wconf 91' lang='lat' dir='ltr'>illorum</span> <span class='ocrx_word' id='word_1_609' title='bbox 2326 2515 2470 2554; x_wconf 89' lang='lat' dir='ltr'>suos</span> <span class='ocrx_word' id='word_1_610' title='bbox 2499 2500 2758 2555; x_wconf 88' lang='lat' dir='ltr'>honores</span> <span class='ocrx_word' id='word_1_611' title='bbox 2781 2516 2902 2556; x_wconf 89' lang='lat' dir='ltr'>non</span> <span class='ocrx_word' id='word_1_612' title='bbox 2928 2500 3200 2572; x_wconf 89' lang='lat' dir='ltr'>perderet</span> <span class='ocrx_word' id='word_1_613' title='bbox 3225 2517 3333 2556; x_wconf 91' lang='lat' dir='ltr'>nec</span> <span class='ocrx_word' id='word_1_614' title='bbox 3355 2501 3706 2557; x_wconf 90' lang='lat' dir='ltr'>imminutos</span> 
     </span>
    </p>
   </div>
   <div class='ocr_carea' id='block_1_86' title="bbox 2057 2587 3707 2661">
    <p class='ocr_par' dir='ltr' id='par_1_86' title="bbox 2057 2587 3707 2661">
     <span class='ocr_line' id='line_1_86' title="bbox 2057 2587 3707 2661; baseline 0.001 -18"><span class='ocrx_word' id='word_1_615' title='bbox 2057 2587 2322 2649; x_wconf 91' lang='lat' dir='ltr'>haberet,</span> <span class='ocrx_word' id='word_1_616' title='bbox 2356 2587 2460 2642; x_wconf 90' lang='lat' dir='ltr'>sed</span> <span class='ocrx_word' id='word_1_617' title='bbox 2495 2589 2753 2659; x_wconf 86' lang='lat' dir='ltr'>majores</span> <span class='ocrx_word' id='word_1_618' title='bbox 2783 2595 2840 2644; x_wconf 91' lang='lat' dir='ltr'>ct</span> <span class='ocrx_word' id='word_1_619' title='bbox 2877 2589 3330 2661; x_wconf 60' lang='lat' dir='ltr'>qualesnunque</span> <span class='ocrx_word' id='word_1_620' title='bbox 3357 2589 3418 2644; x_wconf 92' lang='lat' dir='ltr'>in</span> <span class='ocrx_word' id='word_1_621' title='bbox 3462 2589 3562 2645; x_wconf 93' lang='lat' dir='ltr'>illa</span> <span class='ocrx_word' id='word_1_622' title='bbox 3620 2606 3707 2645; x_wconf 92' lang='lat' dir='ltr'>re-</span> 
     </span>
    </p>
   </div>
   <div class='ocr_carea' id='block_1_87' title="bbox 2059 2675 3705 2748">
    <p class='ocr_par' dir='ltr' id='par_1_87' title="bbox 2059 2675 3705 2748">
     <span class='ocr_line' id='line_1_87' title="bbox 2059 2675 3705 2748; baseline 0.002 -18"><span class='ocrx_word' id='word_1_623' title='bbox 2059 2675 2234 2744; x_wconf 86' lang='lat' dir='ltr'>gione</span> <span class='ocrx_word' id='word_1_624' title='bbox 2264 2680 2488 2748; x_wconf 89' lang='lat' dir='ltr'>peteret</span> <span class='ocrx_word' id='word_1_625' title='bbox 2519 2677 2965 2748; x_wconf 86' lang='lat' dir='ltr'>adipisceretur,</span> <span class='ocrx_word' id='word_1_626' title='bbox 2995 2677 3045 2731; x_wconf 92' lang='lat' dir='ltr'>si</span> <span class='ocrx_word' id='word_1_627' title='bbox 3074 2695 3134 2732; x_wconf 92' lang='lat' dir='ltr'>se</span> <span class='ocrx_word' id='word_1_628' title='bbox 3158 2677 3272 2732; x_wconf 89' lang='lat' dir='ltr'>illis</span> <span class='ocrx_word' id='word_1_629' title='bbox 3296 2678 3428 2748; x_wconf 91' lang='lat' dir='ltr'>conj</span> <span class='ocrx_word' id='word_1_630' title='bbox 3441 2682 3705 2747; x_wconf 87' lang='lat' dir='ltr'>ungeret.</span> 
     </span>
    </p>
   </div>
   <div class='ocr_carea' id='block_1_88' title="bbox 2061 2763 3706 2840">
    <p class='ocr_par' dir='ltr' id='par_1_88' title="bbox 2061 2763 3706 2840">
     <span class='ocr_line' id='line_1_88' title="bbox 2061 2763 3706 2840; baseline 0.001 -20"><span class='ocrx_word' id='word_1_631' title='bbox 2061 2764 2175 2820; x_wconf 89' lang='lat' dir='ltr'>Sed</span> <span class='ocrx_word' id='word_1_632' title='bbox 2205 2763 2299 2819; x_wconf 92' lang='lat' dir='ltr'>ille</span> <span class='ocrx_word' id='word_1_633' title='bbox 2321 2771 2564 2836; x_wconf 82' lang='lat' dir='ltr'>propter</span> <span class='ocrx_word' id='word_1_634' title='bbox 2595 2765 2721 2819; x_wconf 79' lang='lat' dir='ltr'>haec</span> <span class='ocrx_word' id='word_1_635' title='bbox 2753 2766 2960 2821; x_wconf 86' lang='lat' dir='ltr'>omnia</span> <span class='ocrx_word' id='word_1_636' title='bbox 2989 2766 3297 2838; x_wconf 89' lang='lat' dir='ltr'>proposito</span> <span class='ocrx_word' id='word_1_637' title='bbox 3343 2782 3379 2822; x_wconf 90' lang='lat' dir='ltr'>a</span> <span class='ocrx_word' id='word_1_638' title='bbox 3421 2766 3706 2840; x_wconf 73' lang='lat' dir='ltr'>praedicto</span> 
     </span>
    </p>
   </div>
   <div class='ocr_carea' id='block_1_89' title="bbox 2059 2853 3709 2922">
    <p class='ocr_par' dir='ltr' id='par_1_89' title="bbox 2059 2853 3709 2922">
     <span class='ocr_line' id='line_1_89' title="bbox 2059 2853 3709 2922; baseline 0.002 -15"><span class='ocrx_word' id='word_1_639' title='bbox 2059 2853 2289 2908; x_wconf 90' lang='lat' dir='ltr'>seniore</span> <span class='ocrx_word' id='word_1_640' title='bbox 2312 2869 2422 2908; x_wconf 92' lang='lat' dir='ltr'>suo</span> <span class='ocrx_word' id='word_1_641' title='bbox 2446 2869 2507 2908; x_wconf 90' lang='lat' dir='ltr'>se</span> <span class='ocrx_word' id='word_1_642' title='bbox 2532 2869 2653 2908; x_wconf 92' lang='lat' dir='ltr'>non</span> <span class='ocrx_word' id='word_1_643' title='bbox 2684 2853 3008 2910; x_wconf 82' lang='lat' dir='ltr'>substraxit</span> <span class='ocrx_word' id='word_1_644' title='bbox 3031 2872 3043 2922; x_wconf 94' lang='lat'>;</span> <span class='ocrx_word' id='word_1_645' title='bbox 3065 2854 3170 2910; x_wconf 88' lang='lat' dir='ltr'>sed</span> <span class='ocrx_word' id='word_1_646' title='bbox 3196 2854 3545 2910; x_wconf 90' lang='lat' dir='ltr'>inconvulse</span> <span class='ocrx_word' id='word_1_647' title='bbox 3567 2854 3709 2910; x_wconf 89' lang='lat' dir='ltr'>ﬁde-</span> 
     </span>
    </p>
   </div>
   <div class='ocr_carea' id='block_1_90' title="bbox 2056 2940 3706 3015">
    <p class='ocr_par' dir='ltr' id='par_1_90' title="bbox 2056 2940 3706 3015">
     <span class='ocr_line' id='line_1_90' title="bbox 2056 2940 3706 3015; baseline 0.002 -20"><span class='ocrx_word' id='word_1_648' title='bbox 2056 2940 2127 2995; x_wconf 91' lang='lat' dir='ltr'>lis</span> <span class='ocrx_word' id='word_1_649' title='bbox 2159 2947 2216 2996; x_wconf 89' lang='lat' dir='ltr'>et</span> <span class='ocrx_word' id='word_1_650' title='bbox 2253 2957 2362 3014; x_wconf 90' lang='lat' dir='ltr'>pro</span> <span class='ocrx_word' id='word_1_651' title='bbox 2392 2941 2618 2996; x_wconf 80' lang='lat' dir='ltr'>viribUs</span> <span class='ocrx_word' id='word_1_652' title='bbox 2649 2941 2888 3012; x_wconf 91' lang='lat' dir='ltr'>adjutor</span> <span class='ocrx_word' id='word_1_653' title='bbox 2916 2942 2995 2997; x_wconf 88' lang='lat' dir='ltr'>illi</span> <span class='ocrx_word' id='word_1_654' title='bbox 3021 2943 3256 3009; x_wconf 84' lang='lat' dir='ltr'>exstitit,</span> <span class='ocrx_word' id='word_1_655' title='bbox 3284 2948 3340 2997; x_wconf 91' lang='lat' dir='ltr'>et</span> <span class='ocrx_word' id='word_1_656' title='bbox 3368 2947 3611 3015; x_wconf 90' lang='lat' dir='ltr'>propter</span> <span class='ocrx_word' id='word_1_657' title='bbox 3638 2942 3706 2998; x_wconf 89' lang='lat' dir='ltr'>il-</span> 
     </span>
    </p>
   </div>
   <div class='ocr_carea' id='block_1_91' title="bbox 2056 3028 3710 3103">
    <p class='ocr_par' dir='ltr' id='par_1_91' title="bbox 2056 3028 3710 3103">
     <span class='ocr_line' id='line_1_91' title="bbox 2056 3028 3710 3103; baseline 0.002 -19"><span class='ocrx_word' id='word_1_658' title='bbox 2056 3028 2182 3084; x_wconf 90' lang='lat' dir='ltr'>lum</span> <span class='ocrx_word' id='word_1_659' title='bbox 2205 3030 2410 3086; x_wconf 89' lang='lat' dir='ltr'>omnia</span> <span class='ocrx_word' id='word_1_660' title='bbox 2435 3045 2546 3086; x_wconf 92' lang='lat' dir='ltr'>sua</span> <span class='ocrx_word' id='word_1_661' title='bbox 2571 3029 2814 3097; x_wconf 85' lang='lat' dir='ltr'>dimisit,</span> <span class='ocrx_word' id='word_1_662' title='bbox 2849 3035 2904 3085; x_wconf 92' lang='lat' dir='ltr'>et</span> <span class='ocrx_word' id='word_1_663' title='bbox 2929 3046 3067 3086; x_wconf 91' lang='lat' dir='ltr'>eum</span> <span class='ocrx_word' id='word_1_664' title='bbox 3092 3035 3332 3086; x_wconf 88' lang='lat' dir='ltr'>secutus</span> <span class='ocrx_word' id='word_1_665' title='bbox 3349 3035 3437 3086; x_wconf 92' lang='lat' dir='ltr'>est</span> <span class='ocrx_word' id='word_1_666' title='bbox 3456 3047 3562 3103; x_wconf 89' lang='lat' dir='ltr'>per</span> <span class='ocrx_word' id='word_1_667' title='bbox 3582 3047 3710 3087; x_wconf 88' lang='lat' dir='ltr'>om-</span> 
     </span>
    </p>
   </div>
   <div class='ocr_carea' id='block_1_92' title="bbox 2056 3117 3706 3189">
    <p class='ocr_par' dir='ltr' id='par_1_92' title="bbox 2056 3117 3706 3189">
     <span class='ocr_line' id='line_1_92' title="bbox 2056 3117 3706 3189; baseline -0.001 -14"><span class='ocrx_word' id='word_1_668' title='bbox 2056 3119 2176 3175; x_wconf 88' lang='lat' dir='ltr'>nia.</span> <span class='ocrx_word' id='word_1_669' title='bbox 2210 3121 2488 3175; x_wconf 84' lang='lat' dir='ltr'>Cessante</span> <span class='ocrx_word' id='word_1_670' title='bbox 2517 3134 2658 3173; x_wconf 91' lang='lat' dir='ltr'>vero</span> <span class='ocrx_word' id='word_1_671' title='bbox 2683 3119 2812 3187; x_wconf 88' lang='lat' dir='ltr'>jam</span> <span class='ocrx_word' id='word_1_672' title='bbox 2841 3117 3002 3173; x_wconf 90' lang='lat' dir='ltr'>dicta</span> <span class='ocrx_word' id='word_1_673' title='bbox 3031 3119 3340 3184; x_wconf 90' lang='lat' dir='ltr'>seditione,</span> <span class='ocrx_word' id='word_1_674' title='bbox 3391 3119 3548 3189; x_wconf 89' lang='lat' dir='ltr'>cepit</span> <span class='ocrx_word' id='word_1_675' title='bbox 3599 3120 3706 3174; x_wconf 89' lang='lat' dir='ltr'>Ca-</span> 
     </span>
    </p>
   </div>
   <div class='ocr_carea' id='block_1_93' title="bbox 2056 3204 3709 3277">
    <p class='ocr_par' dir='ltr' id='par_1_93' title="bbox 2056 3204 3709 3277">
     <span class='ocr_line' id='line_1_93' title="bbox 2056 3204 3709 3277; baseline 0 -16"><span class='ocrx_word' id='word_1_676' title='bbox 2056 3207 2220 3262; x_wconf 88' lang='lat' dir='ltr'>rolus</span> <span class='ocrx_word' id='word_1_677' title='bbox 2249 3222 2351 3260; x_wconf 85' lang='lat' dir='ltr'>rex</span> <span class='ocrx_word' id='word_1_678' title='bbox 2379 3204 2700 3277; x_wconf 85' lang='lat' dir='ltr'>praedictus</span> <span class='ocrx_word' id='word_1_679' title='bbox 2732 3205 3051 3259; x_wconf 88' lang='lat' dir='ltr'>consilium</span> <span class='ocrx_word' id='word_1_680' title='bbox 3095 3212 3156 3260; x_wconf 91' lang='lat' dir='ltr'>ut</span> <span class='ocrx_word' id='word_1_681' title='bbox 3210 3210 3574 3261; x_wconf 88' lang='lat' dir='ltr'>memoratos</span> <span class='ocrx_word' id='word_1_682' title='bbox 3623 3210 3709 3277; x_wconf 89' lang='lat' dir='ltr'>ty-</span> 
     </span>
    </p>
   </div>
   <div class='ocr_carea' id='block_1_94' title="bbox 2058 3292 3706 3363">
    <p class='ocr_par' dir='ltr' id='par_1_94' title="bbox 2058 3292 3706 3363">
     <span class='ocr_line' id='line_1_94' title="bbox 2058 3292 3706 3363; baseline -0.001 -13"><span class='ocrx_word' id='word_1_683' title='bbox 2058 3309 2282 3350; x_wconf 90' lang='lat' dir='ltr'>rannos</span> <span class='ocrx_word' id='word_1_684' title='bbox 2304 3300 2408 3348; x_wconf 88' lang='lat' dir='ltr'>aut</span> <span class='ocrx_word' id='word_1_685' title='bbox 2436 3309 2472 3348; x_wconf 89' lang='lat' dir='ltr'>a</span> <span class='ocrx_word' id='word_1_686' title='bbox 2496 3292 2622 3362; x_wconf 90' lang='lat' dir='ltr'>jam</span> <span class='ocrx_word' id='word_1_687' title='bbox 2651 3292 2821 3347; x_wconf 90' lang='lat' dir='ltr'>dictis</span> <span class='ocrx_word' id='word_1_688' title='bbox 2859 3292 3084 3347; x_wconf 83' lang='lat' dir='ltr'>finibus</span> <span class='ocrx_word' id='word_1_689' title='bbox 3138 3294 3390 3363; x_wconf 81' lang='lat' dir='ltr'>ejiceret,</span> <span class='ocrx_word' id='word_1_690' title='bbox 3449 3298 3553 3348; x_wconf 90' lang='lat' dir='ltr'>aut</span> <span class='ocrx_word' id='word_1_691' title='bbox 3603 3310 3706 3349; x_wconf 92' lang='lat' dir='ltr'>eos</span> 
     </span>
    </p>
   </div>
   <div class='ocr_carea' id='block_1_95' title="bbox 2059 3380 3703 3454">
    <p class='ocr_par' dir='ltr' id='par_1_95' title="bbox 2059 3380 3703 3454">
     <span class='ocr_line' id='line_1_95' title="bbox 2059 3380 3703 3454; baseline -0.001 -17"><span class='ocrx_word' id='word_1_692' title='bbox 2059 3382 2171 3437; x_wconf 91' lang='lat' dir='ltr'>sibi</span> <span class='ocrx_word' id='word_1_693' title='bbox 2200 3381 2405 3436; x_wconf 89' lang='lat' dir='ltr'>ﬁdeles</span> <span class='ocrx_word' id='word_1_694' title='bbox 2435 3381 2684 3436; x_wconf 86' lang='lat' dir='ltr'>faceret:</span> <span class='ocrx_word' id='word_1_695' title='bbox 2717 3380 2796 3436; x_wconf 88' lang='lat' dir='ltr'>ad</span> <span class='ocrx_word' id='word_1_696' title='bbox 2827 3397 2982 3453; x_wconf 88' lang='lat' dir='ltr'>quos</span> <span class='ocrx_word' id='word_1_697' title='bbox 3012 3381 3175 3436; x_wconf 89' lang='lat' dir='ltr'>misit</span> <span class='ocrx_word' id='word_1_698' title='bbox 3199 3381 3516 3454; x_wconf 87' lang='lat' dir='ltr'>optimates</span> <span class='ocrx_word' id='word_1_699' title='bbox 3541 3398 3703 3447; x_wconf 91' lang='lat' dir='ltr'>suos,</span> 
     </span>
    </p>
   </div>
   <div class='ocr_carea' id='block_1_96' title="bbox 2059 3469 3707 3542">
    <p class='ocr_par' dir='ltr' id='par_1_96' title="bbox 2059 3469 3707 3542">
     <span class='ocr_line' id='line_1_96' title="bbox 2059 3469 3707 3542; baseline 0 -17"><span class='ocrx_word' id='word_1_700' title='bbox 2059 3486 2284 3526; x_wconf 89' lang='lat' dir='ltr'>vocans</span> <span class='ocrx_word' id='word_1_701' title='bbox 2305 3486 2409 3526; x_wconf 92' lang='lat' dir='ltr'>eos</span> <span class='ocrx_word' id='word_1_702' title='bbox 2437 3469 2517 3524; x_wconf 89' lang='lat' dir='ltr'>ad</span> <span class='ocrx_word' id='word_1_703' title='bbox 2543 3486 2623 3524; x_wconf 90' lang='lat' dir='ltr'>se.</span> <span class='ocrx_word' id='word_1_704' title='bbox 2659 3469 2885 3535; x_wconf 80' lang='lat' dir='ltr'>Quibus</span> <span class='ocrx_word' id='word_1_705' title='bbox 2935 3470 3394 3542; x_wconf 90' lang='lat' dir='ltr'>responderunt.</span> <span class='ocrx_word' id='word_1_706' title='bbox 3452 3474 3566 3526; x_wconf 83' lang='lat' dir='ltr'>Nec</span> <span class='ocrx_word' id='word_1_707' title='bbox 3628 3471 3707 3526; x_wconf 92' lang='lat' dir='ltr'>ad</span> 
     </span>
    </p>
   </div>
   <div class='ocr_carea' id='block_1_97' title="bbox 2056 3558 3703 3624">
    <p class='ocr_par' dir='ltr' id='par_1_97' title="bbox 2056 3558 3703 3624">
     <span class='ocr_line' id='line_1_97' title="bbox 2056 3558 3703 3624; baseline -0.001 -10"><span class='ocrx_word' id='word_1_708' title='bbox 2056 3559 2225 3614; x_wconf 91' lang='lat' dir='ltr'>illum</span> <span class='ocrx_word' id='word_1_709' title='bbox 2253 3559 2582 3620; x_wconf 86' lang='lat' dir='ltr'>veniemus,</span> <span class='ocrx_word' id='word_1_710' title='bbox 2613 3573 2722 3612; x_wconf 91' lang='lat' dir='ltr'>nec</span> <span class='ocrx_word' id='word_1_711' title='bbox 2751 3558 2833 3613; x_wconf 91' lang='lat' dir='ltr'>illi</span> <span class='ocrx_word' id='word_1_712' title='bbox 2865 3558 3069 3613; x_wconf 86' lang='lat' dir='ltr'>ﬁdeles</span> <span class='ocrx_word' id='word_1_713' title='bbox 3096 3559 3337 3624; x_wconf 90' lang='lat' dir='ltr'>erimus,</span> <span class='ocrx_word' id='word_1_714' title='bbox 3364 3558 3481 3614; x_wconf 92' lang='lat' dir='ltr'>nisi</span> <span class='ocrx_word' id='word_1_715' title='bbox 3526 3559 3703 3614; x_wconf 89' lang='lat' dir='ltr'>nobis</span> 
     </span>
    </p>
   </div>
   <div class='ocr_carea' id='block_1_98' title="bbox 2059 3646 3707 3704">
    <p class='ocr_par' dir='ltr' id='par_1_98' title="bbox 2059 3646 3707 3704">
     <span class='ocr_line' id='line_1_98' title="bbox 2059 3646 3707 3704; baseline 0.001 -2"><span class='ocrx_word' id='word_1_716' title='bbox 2059 3648 2344 3703; x_wconf 91' lang='lat' dir='ltr'>convictis</span> <span class='ocrx_word' id='word_1_717' title='bbox 2372 3647 2664 3704; x_wconf 84' lang='lat' dir='ltr'>concedat</span> <span class='ocrx_word' id='word_1_718' title='bbox 2691 3646 2975 3702; x_wconf 86' lang='lat' dir='ltr'>omnibus</span> <span class='ocrx_word' id='word_1_719' title='bbox 3003 3647 3182 3703; x_wconf 88' lang='lat' dir='ltr'>vitam</span> <span class='ocrx_word' id='word_1_720' title='bbox 3223 3653 3279 3703; x_wconf 90' lang='lat' dir='ltr'>et</span> <span class='ocrx_word' id='word_1_721' title='bbox 3326 3647 3602 3703; x_wconf 88' lang='lat' dir='ltr'>membra</span> <span class='ocrx_word' id='word_1_722' title='bbox 3650 3652 3707 3703; x_wconf 90' lang='lat' dir='ltr'>et</span> 
     </span>
    </p>
   </div>
   <div class='ocr_carea' id='block_1_99' title="bbox 2059 3735 3703 3808">
    <p class='ocr_par' dir='ltr' id='par_1_99' title="bbox 2059 3735 3703 3808">
     <span class='ocr_line' id='line_1_99' title="bbox 2059 3735 3703 3808; baseline 0.001 -18"><span class='ocrx_word' id='word_1_723' title='bbox 2059 3737 2204 3792; x_wconf 87' lang='lat' dir='ltr'>tales</span> <span class='ocrx_word' id='word_1_724' title='bbox 2229 3737 2488 3792; x_wconf 90' lang='lat' dir='ltr'>honores</span> <span class='ocrx_word' id='word_1_725' title='bbox 2516 3735 2724 3807; x_wconf 91' lang='lat' dir='ltr'>quales</span> <span class='ocrx_word' id='word_1_726' title='bbox 2751 3735 2936 3790; x_wconf 91' lang='lat' dir='ltr'>modo</span> <span class='ocrx_word' id='word_1_727' title='bbox 2990 3742 3280 3803; x_wconf 90' lang='lat' dir='ltr'>tenemus,</span> <span class='ocrx_word' id='word_1_728' title='bbox 3341 3752 3703 3808; x_wconf 90' lang='lat' dir='ltr'>quocunque</span> 
     </span>
    </p>
   </div>
   <div class='ocr_carea' id='block_1_100' title="bbox 2057 3823 3706 3895">
    <p class='ocr_par' dir='ltr' id='par_1_100' title="bbox 2057 3823 3706 3895">
     <span class='ocr_line' id='line_1_100' title="bbox 2057 3823 3706 3895; baseline -0.001 -15"><span class='ocrx_word' id='word_1_729' title='bbox 2057 3825 2242 3880; x_wconf 91' lang='lat' dir='ltr'>modo</span> <span class='ocrx_word' id='word_1_730' title='bbox 2255 3841 2356 3879; x_wconf 90' lang='lat' dir='ltr'>eos</span> <span class='ocrx_word' id='word_1_731' title='bbox 2369 3824 2625 3879; x_wconf 88' lang='lat' dir='ltr'>habeam</span> <span class='ocrx_word' id='word_1_732' title='bbox 2636 3840 2722 3889; x_wconf 88' lang='lat' dir='ltr'>us,</span> <span class='ocrx_word' id='word_1_733' title='bbox 2736 3823 3052 3895; x_wconf 87' lang='lat' dir='ltr'>interquos</span> <span class='ocrx_word' id='word_1_734' title='bbox 3069 3823 3381 3895; x_wconf 83' lang='lat' dir='ltr'>praefatum</span> <span class='ocrx_word' id='word_1_735' title='bbox 3397 3824 3591 3892; x_wconf 84' lang='lat' dir='ltr'>Sigem</span> <span class='ocrx_word' id='word_1_736' title='bbox 3602 3840 3706 3878; x_wconf 91' lang='lat' dir='ltr'>un-</span> 
     </span>
    </p>
   </div>
   <div class='ocr_carea' id='block_1_101' title="bbox 2059 3911 3703 3969">
    <p class='ocr_par' dir='ltr' id='par_1_101' title="bbox 2059 3911 3703 3969">
     <span class='ocr_line' id='line_1_101' title="bbox 2059 3911 3703 3969; baseline -0.001 0"><span class='ocrx_word' id='word_1_737' title='bbox 2059 3914 2207 3969; x_wconf 92' lang='lat' dir='ltr'>dum</span> <span class='ocrx_word' id='word_1_738' title='bbox 2227 3919 2284 3968; x_wconf 91' lang='lat' dir='ltr'>et</span> <span class='ocrx_word' id='word_1_739' title='bbox 2301 3913 2732 3968; x_wconf 86' lang='lat' dir='ltr'>monasterium</span> <span class='ocrx_word' id='word_1_740' title='bbox 2759 3911 3012 3966; x_wconf 77' lang='lat' dir='ltr'>Anisolae</span> <span class='ocrx_word' id='word_1_741' title='bbox 3027 3928 3165 3966; x_wconf 89' lang='lat' dir='ltr'>cum</span> <span class='ocrx_word' id='word_1_742' title='bbox 3189 3911 3371 3966; x_wconf 90' lang='lat' dir='ltr'>rebus</span> <span class='ocrx_word' id='word_1_743' title='bbox 3391 3911 3513 3966; x_wconf 77' lang='lat' dir='ltr'>suis</span> <span class='ocrx_word' id='word_1_744' title='bbox 3538 3927 3703 3967; x_wconf 91' lang='lat' dir='ltr'>com-</span> 
     </span>
    </p>
   </div>
   <div class='ocr_carea' id='block_1_102' title="bbox 2059 3998 3703 4074">
    <p class='ocr_par' dir='ltr' id='par_1_102' title="bbox 2059 3998 3703 4074">
     <span class='ocr_line' id='line_1_102' title="bbox 2059 3998 3703 4074; baseline -0.002 -17"><span class='ocrx_word' id='word_1_745' title='bbox 2059 4002 2456 4074; x_wconf 86' lang='lat' dir='ltr'>prehenderit.</span> <span class='ocrx_word' id='word_1_746' title='bbox 2478 4000 2700 4055; x_wconf 88' lang='lat' dir='ltr'>Videns</span> <span class='ocrx_word' id='word_1_747' title='bbox 2723 4000 2986 4055; x_wconf 92' lang='lat' dir='ltr'>domnus</span> <span class='ocrx_word' id='word_1_748' title='bbox 3007 4000 3253 4056; x_wconf 84' lang='lat' dir='ltr'>Carolus</span> <span class='ocrx_word' id='word_1_749' title='bbox 3274 3998 3556 4071; x_wconf 63' lang='lat' dir='ltr'>praefatus</span> <span class='ocrx_word' id='word_1_750' title='bbox 3577 4016 3703 4062; x_wconf 88' lang='lat' dir='ltr'>rex.</span> 
     </span>
    </p>
   </div>
   <div class='ocr_carea' id='block_1_103' title="bbox 2058 4088 3704 4164">
    <p class='ocr_par' dir='ltr' id='par_1_103' title="bbox 2058 4088 3704 4164">
     <span class='ocr_line' id='line_1_103' title="bbox 2058 4088 3704 4164; baseline -0.001 -18"><span class='ocrx_word' id='word_1_751' title='bbox 2058 4096 2301 4164; x_wconf 89' lang='lat' dir='ltr'>propter</span> <span class='ocrx_word' id='word_1_752' title='bbox 2329 4089 2476 4146; x_wconf 90' lang='lat' dir='ltr'>alias</span> <span class='ocrx_word' id='word_1_753' title='bbox 2505 4088 2822 4144; x_wconf 90' lang='lat' dir='ltr'>seditiones</span> <span class='ocrx_word' id='word_1_754' title='bbox 2848 4105 2984 4160; x_wconf 81' lang='lat' dir='ltr'>quae</span> <span class='ocrx_word' id='word_1_755' title='bbox 3034 4088 3300 4161; x_wconf 91' lang='lat' dir='ltr'>undique</span> <span class='ocrx_word' id='word_1_756' title='bbox 3339 4088 3704 4158; x_wconf 86' lang='lat' dir='ltr'>grassaban-</span> 
     </span>
    </p>
   </div>
   <div class='ocr_carea' id='block_1_104' title="bbox 2059 4177 3702 4249">
    <p class='ocr_par' dir='ltr' id='par_1_104' title="bbox 2059 4177 3702 4249">
     <span class='ocr_line' id='line_1_104' title="bbox 2059 4177 3702 4249; baseline -0.002 -14"><span class='ocrx_word' id='word_1_757' title='bbox 2059 4185 2173 4246; x_wconf 90' lang='lat' dir='ltr'>tur,</span> <span class='ocrx_word' id='word_1_758' title='bbox 2202 4182 2329 4234; x_wconf 90' lang='lat' dir='ltr'>sine</span> <span class='ocrx_word' id='word_1_759' title='bbox 2361 4193 2584 4249; x_wconf 86' lang='lat' dir='ltr'>magno</span> <span class='ocrx_word' id='word_1_760' title='bbox 2616 4177 2958 4232; x_wconf 88' lang='lat' dir='ltr'>discrimine</span> <span class='ocrx_word' id='word_1_761' title='bbox 2983 4177 3154 4232; x_wconf 90' lang='lat' dir='ltr'>aliter</span> <span class='ocrx_word' id='word_1_762' title='bbox 3187 4184 3325 4233; x_wconf 91' lang='lat' dir='ltr'>tunc</span> <span class='ocrx_word' id='word_1_763' title='bbox 3352 4193 3473 4232; x_wconf 90' lang='lat' dir='ltr'>non</span> <span class='ocrx_word' id='word_1_764' title='bbox 3526 4193 3702 4249; x_wconf 88' lang='lat' dir='ltr'>posse</span> 
     </span>
    </p>
   </div>
   <div class='ocr_carea' id='block_1_105' title="bbox 2059 4272 3706 4346">
    <p class='ocr_par' dir='ltr' id='par_1_105' title="bbox 2059 4272 3706 4346">
     <span class='ocr_line' id='line_1_105' title="bbox 2059 4272 3706 4346; baseline -0.002 -14"><span class='ocrx_word' id='word_1_765' title='bbox 2059 4276 2206 4342; x_wconf 91' lang='lat' dir='ltr'>ﬁeri,</span> <span class='ocrx_word' id='word_1_766' title='bbox 2235 4276 2537 4332; x_wconf 89' lang='lat' dir='ltr'>consensit</span> <span class='ocrx_word' id='word_1_767' title='bbox 2553 4275 2940 4346; x_wconf 88' lang='lat' dir='ltr'>petitionibus</span> <span class='ocrx_word' id='word_1_768' title='bbox 2959 4290 3189 4340; x_wconf 89' lang='lat' dir='ltr'>eorum,</span> <span class='ocrx_word' id='word_1_769' title='bbox 3213 4272 3432 4330; x_wconf 90' lang='lat' dir='ltr'>etinter</span> <span class='ocrx_word' id='word_1_770' title='bbox 3443 4273 3706 4346; x_wconf 91' lang='lat' dir='ltr'>reliquos</span> 
     </span>
    </p>
   </div>
   <div class='ocr_carea' id='block_1_106' title="bbox 1986 4349 3707 4434">
    <p class='ocr_par' dir='ltr' id='par_1_106' title="bbox 1986 4349 3707 4434">
     <span class='ocr_line' id='line_1_106' title="bbox 1986 4349 3707 4434; baseline -0.002 -14"><span class='ocrx_word' id='word_1_771' title='bbox 1986 4349 2030 4401; x_wconf 81' lang='grc' dir='ltr'>Ῑ)</span> <span class='ocrx_word' id='word_1_772' title='bbox 2063 4365 2429 4434; x_wconf 84' lang='lat' dir='ltr'>Sigemundo</span> <span class='ocrx_word' id='word_1_773' title='bbox 2468 4363 2764 4419; x_wconf 90' lang='lat' dir='ltr'>concessit</span> <span class='ocrx_word' id='word_1_774' title='bbox 2820 4368 3221 4419; x_wconf 90' lang='lat' dir='ltr'>memoratum</span> <span class='ocrx_word' id='word_1_775' title='bbox 3270 4361 3707 4418; x_wconf 88' lang='lat' dir='ltr'>monasterium</span> 
     </span>
    </p>
   </div>
   <div class='ocr_carea' id='block_1_107' title="bbox 2059 4449 3707 4524">
    <p class='ocr_par' dir='ltr' id='par_1_107' title="bbox 2059 4449 3707 4524">
     <span class='ocr_line' id='line_1_107' title="bbox 2059 4449 3707 4524; baseline -0.003 -16"><span class='ocrx_word' id='word_1_776' title='bbox 2059 4453 2301 4518; x_wconf 88' lang='lat' dir='ltr'>habere,</span> <span class='ocrx_word' id='word_1_777' title='bbox 2335 4458 2390 4507; x_wconf 90' lang='lat' dir='ltr'>et</span> <span class='ocrx_word' id='word_1_778' title='bbox 2418 4452 2702 4524; x_wconf 69' lang='lat' dir='ltr'>praedicto</span> <span class='ocrx_word' id='word_1_779' title='bbox 2733 4451 2970 4506; x_wconf 90' lang='lat' dir='ltr'>Aldrico</span> <span class='ocrx_word' id='word_1_780' title='bbox 3003 4457 3060 4505; x_wconf 91' lang='lat' dir='ltr'>et</span> <span class='ocrx_word' id='word_1_781' title='bbox 3085 4467 3207 4505; x_wconf 67' lang='lat' dir='ltr'>sum</span> <span class='ocrx_word' id='word_1_782' title='bbox 3239 4449 3396 4504; x_wconf 90' lang='lat' dir='ltr'>sedis</span> <span class='ocrx_word' id='word_1_783' title='bbox 3445 4449 3707 4504; x_wconf 60' lang='lat' dir='ltr'>ecclesiae</span> 
     </span>
    </p>
   </div>
   <div class='ocr_carea' id='block_1_108' title="bbox 2059 4536 3707 4613">
    <p class='ocr_par' dir='ltr' id='par_1_108' title="bbox 2059 4536 3707 4613">
     <span class='ocr_line' id='line_1_108' title="bbox 2059 4536 3707 4613; baseline -0.004 -17"><span class='ocrx_word' id='word_1_784' title='bbox 2059 4541 2304 4596; x_wconf 81' lang='lat' dir='ltr'>firmiter</span> <span class='ocrx_word' id='word_1_785' title='bbox 2334 4541 2605 4613; x_wconf 91' lang='lat' dir='ltr'>promisit</span> <span class='ocrx_word' id='word_1_786' title='bbox 2634 4540 2782 4595; x_wconf 86' lang='lat' dir='ltr'>illud</span> <span class='ocrx_word' id='word_1_787' title='bbox 2812 4539 2926 4594; x_wconf 90' lang='lat' dir='ltr'>cito</span> <span class='ocrx_word' id='word_1_788' title='bbox 2955 4538 3330 4594; x_wconf 88' lang='lat' dir='ltr'>redditurum</span> <span class='ocrx_word' id='word_1_789' title='bbox 3366 4554 3378 4591; x_wconf 93' lang='lat'>:</span> <span class='ocrx_word' id='word_1_790' title='bbox 3414 4542 3470 4592; x_wconf 90' lang='lat' dir='ltr'>et</span> <span class='ocrx_word' id='word_1_791' title='bbox 3491 4536 3591 4591; x_wconf 89' lang='lat' dir='ltr'>tali</span> <span class='ocrx_word' id='word_1_792' title='bbox 3611 4552 3707 4591; x_wconf 84' lang='lat' dir='ltr'>oc-</span> 
     </span>
    </p>
   </div>
   <div class='ocr_carea' id='block_1_109' title="bbox 2060 4624 3710 4686">
    <p class='ocr_par' dir='ltr' id='par_1_109' title="bbox 2060 4624 3710 4686">
     <span class='ocr_line' id='line_1_109' title="bbox 2060 4624 3710 4686; baseline -0.005 -2"><span class='ocrx_word' id='word_1_793' title='bbox 2060 4630 2294 4686; x_wconf 87' lang='lat' dir='ltr'>sasione</span> <span class='ocrx_word' id='word_1_794' title='bbox 2319 4634 2718 4684; x_wconf 88' lang='lat' dir='ltr'>memoratum</span> <span class='ocrx_word' id='word_1_795' title='bbox 2745 4626 3177 4683; x_wconf 90' lang='lat' dir='ltr'>monasterium</span> <span class='ocrx_word' id='word_1_796' title='bbox 3235 4624 3563 4679; x_wconf 90' lang='lat' dir='ltr'>alienatum</span> <span class='ocrx_word' id='word_1_797' title='bbox 3621 4627 3710 4677; x_wconf 90' lang='lat' dir='ltr'>est</span> 
     </span>
    </p>
   </div>
   <div class='ocr_carea' id='block_1_110' title="bbox 2062 4710 3706 4788">
    <p class='ocr_par' dir='ltr' id='par_1_110' title="bbox 2062 4710 3706 4788">
     <span class='ocr_line' id='line_1_110' title="bbox 2062 4710 3706 4788; baseline -0.004 -16"><span class='ocrx_word' id='word_1_798' title='bbox 2062 4725 2200 4773; x_wconf 86' lang='lat' dir='ltr'>tunc</span> <span class='ocrx_word' id='word_1_799' title='bbox 2234 4735 2270 4774; x_wconf 90' lang='lat' dir='ltr'>a</span> <span class='ocrx_word' id='word_1_800' title='bbox 2295 4718 2428 4788; x_wconf 92' lang='lat' dir='ltr'>jure</span> <span class='ocrx_word' id='word_1_801' title='bbox 2458 4716 2873 4772; x_wconf 67' lang='lat' dir='ltr'>Cenomanicze</span> <span class='ocrx_word' id='word_1_802' title='bbox 2903 4713 3110 4768; x_wconf 89' lang='lat' dir='ltr'>matris</span> <span class='ocrx_word' id='word_1_803' title='bbox 3135 4710 3415 4779; x_wconf 79' lang='lat' dir='ltr'>ecclesiae,</span> <span class='ocrx_word' id='word_1_804' title='bbox 3452 4725 3576 4765; x_wconf 93' lang='lat' dir='ltr'>non</span> <span class='ocrx_word' id='word_1_805' title='bbox 3624 4710 3706 4766; x_wconf 90' lang='lat' dir='ltr'>le-</span> 
     </span>
    </p>
   </div>
   <div class='ocr_carea' id='block_1_111' title="bbox 2059 4799 3527 4875">
    <p class='ocr_par' dir='ltr' id='par_1_111' title="bbox 2059 4799 3527 4875">
     <span class='ocr_line' id='line_1_111' title="bbox 2059 4799 3527 4875; baseline -0.003 -14"><span class='ocrx_word' id='word_1_806' title='bbox 2059 4808 2234 4875; x_wconf 83' lang='lat' dir='ltr'>gibus</span> <span class='ocrx_word' id='word_1_807' title='bbox 2257 4805 2682 4872; x_wconf 76' lang='lat' dir='ltr'>evindicatuni,</span> <span class='ocrx_word' id='word_1_808' title='bbox 2716 4804 2820 4858; x_wconf 84' lang='lat' dir='ltr'>sed</span> <span class='ocrx_word' id='word_1_809' title='bbox 2853 4799 3158 4873; x_wconf 87' lang='lat' dir='ltr'>tyrannice</span> <span class='ocrx_word' id='word_1_810' title='bbox 3181 4799 3527 4856; x_wconf 84' lang='lat' dir='ltr'>alienatum.</span> 
     </span>
    </p>
   </div>
   <div class='ocr_carea' id='block_1_112' title="bbox 2795 4892 2969 4945">
    <p class='ocr_par' dir='ltr' id='par_1_112' title="bbox 2795 4892 2969 4945">
     <span class='ocr_line' id='line_1_112' title="bbox 2795 4892 2969 4945; baseline -0.011 0"><span class='ocrx_word' id='word_1_811' title='bbox 2795 4892 2969 4945; x_wconf 81' lang='lat' dir='ltr'>XLIX.</span> 
     </span>
    </p>
   </div>
   <div class='ocr_carea' id='block_1_113' title="bbox 2132 4977 3708 5051">
    <p class='ocr_par' dir='ltr' id='par_1_113' title="bbox 2132 4977 3708 5051">
     <span class='ocr_line' id='line_1_113' title="bbox 2132 4977 3708 5051; baseline -0.001 -15"><span class='ocrx_word' id='word_1_812' title='bbox 2132 4985 2395 5036; x_wconf 86' lang='lat' dir='ltr'>Vertentc</span> <span class='ocrx_word' id='word_1_813' title='bbox 2416 4987 2613 5036; x_wconf 87' lang='lat' dir='ltr'>autem</span> <span class='ocrx_word' id='word_1_814' title='bbox 2637 4985 2927 5051; x_wconf 85' lang='lat' dir='ltr'>tempore,</span> <span class='ocrx_word' id='word_1_815' title='bbox 2949 4983 3006 5033; x_wconf 90' lang='lat' dir='ltr'>et</span> <span class='ocrx_word' id='word_1_816' title='bbox 3025 4977 3309 5051; x_wconf 75' lang='lat' dir='ltr'>praedicto</span> <span class='ocrx_word' id='word_1_817' title='bbox 3340 4978 3708 5047; x_wconf 88' lang='lat' dir='ltr'>Sigemundo</span> 
     </span>
    </p>
   </div>
   <div class='ocr_carea' id='block_1_114' title="bbox 2058 5066 3706 5139">
    <p class='ocr_par' dir='ltr' id='par_1_114' title="bbox 2058 5066 3706 5139">
     <span class='ocr_line' id='line_1_114' title="bbox 2058 5066 3706 5139; baseline -0.004 -11"><span class='ocrx_word' id='word_1_818' title='bbox 2058 5073 2135 5130; x_wconf 89' lang='lat' dir='ltr'>ad</span> <span class='ocrx_word' id='word_1_819' title='bbox 2158 5079 2553 5126; x_wconf 86' lang='lat' dir='ltr'>memoratum</span> <span class='ocrx_word' id='word_1_820' title='bbox 2580 5085 2803 5139; x_wconf 85' lang='lat' dir='ltr'>regem,</span> <span class='ocrx_word' id='word_1_821' title='bbox 2827 5068 3121 5123; x_wconf 84' lang='lat' dir='ltr'>domuum</span> <span class='ocrx_word' id='word_1_822' title='bbox 3145 5066 3414 5122; x_wconf 88' lang='lat' dir='ltr'>videlicet</span> <span class='ocrx_word' id='word_1_823' title='bbox 3430 5067 3706 5124; x_wconf 88' lang='lat' dir='ltr'>Carolum</span> 
     </span>
    </p>
   </div>
   <div class='ocr_carea' id='block_1_115' title="bbox 2056 5155 3710 5230">
    <p class='ocr_par' dir='ltr' id='par_1_115' title="bbox 2056 5155 3710 5230">
     <span class='ocr_line' id='line_1_115' title="bbox 2056 5155 3710 5230; baseline -0.004 -13"><span class='ocrx_word' id='word_1_824' title='bbox 2056 5162 2246 5218; x_wconf 83' lang='lat' dir='ltr'>ﬁlium</span> <span class='ocrx_word' id='word_1_825' title='bbox 2283 5158 2558 5215; x_wconf 83' lang='lat' dir='ltr'>Ludovici</span> <span class='ocrx_word' id='word_1_826' title='bbox 2590 5157 2987 5230; x_wconf 85' lang='lat' dir='ltr'>imperatoris,</span> <span class='ocrx_word' id='word_1_827' title='bbox 3020 5156 3266 5211; x_wconf 89' lang='lat' dir='ltr'>minime</span> <span class='ocrx_word' id='word_1_828' title='bbox 3303 5155 3595 5222; x_wconf 90' lang='lat' dir='ltr'>veniente,</span> <span class='ocrx_word' id='word_1_829' title='bbox 3654 5162 3710 5211; x_wconf 90' lang='lat' dir='ltr'>et</span> 
     </span>
    </p>
   </div>
   <div class='ocr_carea' id='block_1_116' title="bbox 2058 5243 3708 5318">
    <p class='ocr_par' dir='ltr' id='par_1_116' title="bbox 2058 5243 3708 5318">
     <span class='ocr_line' id='line_1_116' title="bbox 2058 5243 3708 5318; baseline -0.004 -12"><span class='ocrx_word' id='word_1_830' title='bbox 2058 5252 2211 5306; x_wconf 67' lang='lat' dir='ltr'>facto</span> <span class='ocrx_word' id='word_1_831' title='bbox 2239 5249 2502 5303; x_wconf 84' lang='lat' dir='ltr'>maximo</span> <span class='ocrx_word' id='word_1_832' title='bbox 2532 5247 2737 5311; x_wconf 70' lang='lat' dir='ltr'>praelio</span> <span class='ocrx_word' id='word_1_833' title='bbox 2757 5247 2815 5301; x_wconf 92' lang='lat' dir='ltr'>in</span> <span class='ocrx_word' id='word_1_834' title='bbox 2842 5261 2998 5318; x_wconf 80' lang='lat' dir='ltr'>pago</span> <span class='ocrx_word' id='word_1_835' title='bbox 3049 5244 3496 5300; x_wconf 82' lang='lat' dir='ltr'>Altisidiorense</span> <span class='ocrx_word' id='word_1_836' title='bbox 3553 5243 3708 5299; x_wconf 90' lang='lat' dir='ltr'>inter</span> 
     </span>
    </p>
   </div>
   <div class='ocr_carea' id='block_1_117' title="bbox 2059 5334 3710 5406">
    <p class='ocr_par' dir='ltr' id='par_1_117' title="bbox 2059 5334 3710 5406">
     <span class='ocr_line' id='line_1_117' title="bbox 2059 5334 3710 5406; baseline -0.002 -14"><span class='ocrx_word' id='word_1_837' title='bbox 2059 5338 2336 5394; x_wconf 89' lang='lat' dir='ltr'>Carolum</span> <span class='ocrx_word' id='word_1_838' title='bbox 2363 5343 2418 5391; x_wconf 92' lang='lat' dir='ltr'>et</span> <span class='ocrx_word' id='word_1_839' title='bbox 2450 5335 2810 5401; x_wconf 84' lang='lat' dir='ltr'>Lotharium,</span> <span class='ocrx_word' id='word_1_840' title='bbox 2842 5336 2904 5389; x_wconf 92' lang='lat' dir='ltr'>in</span> <span class='ocrx_word' id='word_1_841' title='bbox 2933 5350 3056 5406; x_wconf 86' lang='lat' dir='ltr'>qua</span> <span class='ocrx_word' id='word_1_842' title='bbox 3101 5350 3138 5389; x_wconf 88' lang='lat' dir='ltr'>a</span> <span class='ocrx_word' id='word_1_843' title='bbox 3187 5334 3440 5389; x_wconf 89' lang='lat' dir='ltr'>Domino</span> <span class='ocrx_word' id='word_1_844' title='bbox 3498 5336 3618 5388; x_wconf 94' lang='lat' dir='ltr'>Deo</span> <span class='ocrx_word' id='word_1_845' title='bbox 3652 5337 3710 5388; x_wconf 86' lang='lat' dir='ltr'>et</span> 
     </span>
    </p>
   </div>
   <div class='ocr_carea' id='block_1_118' title="bbox 2057 5421 3698 5492">
    <p class='ocr_par' dir='ltr' id='par_1_118' title="bbox 2057 5421 3698 5492">
     <span class='ocr_line' id='line_1_118' title="bbox 2057 5421 3698 5492; baseline -0.002 -11"><span class='ocrx_word' id='word_1_846' title='bbox 2057 5428 2357 5483; x_wconf 89' lang='lat' dir='ltr'>Salvatore</span> <span class='ocrx_word' id='word_1_847' title='bbox 2384 5429 2586 5480; x_wconf 85' lang='lat' dir='ltr'>nostro</span> <span class='ocrx_word' id='word_1_848' title='bbox 2616 5424 2757 5480; x_wconf 89' lang='lat' dir='ltr'>data</span> <span class='ocrx_word' id='word_1_849' title='bbox 2779 5429 2863 5479; x_wconf 88' lang='lat' dir='ltr'>est</span> <span class='ocrx_word' id='word_1_850' title='bbox 2873 5424 3000 5492; x_wconf 90' lang='lat' dir='ltr'>jam</span> <span class='ocrx_word' id='word_1_851' title='bbox 3021 5423 3181 5480; x_wconf 90' lang='lat' dir='ltr'>dicto</span> <span class='ocrx_word' id='word_1_852' title='bbox 3203 5422 3412 5480; x_wconf 87' lang='lat' dir='ltr'>Carolo</span> <span class='ocrx_word' id='word_1_853' title='bbox 3431 5421 3698 5490; x_wconf 81' lang='lat' dir='ltr'>victoria,</span> 
     </span>
    </p>
   </div>
   <div class='ocr_carea' id='block_1_119' title="bbox 350 5601 2805 5678">
    <p class='ocr_par' dir='ltr' id='par_1_119' title="bbox 350 5601 2805 5678">
     <span class='ocr_line' id='line_1_119' title="bbox 350 5601 2805 5678; baseline -0.002 -16"><span class='ocrx_word' id='word_1_854' title='bbox 350 5617 380 5641; x_wconf 73' lang='grc'><strong>⁸</strong></span> <span class='ocrx_word' id='word_1_855' title='bbox 413 5609 501 5662; x_wconf 84' lang='lat' dir='ltr'>Ex</span> <span class='ocrx_word' id='word_1_856' title='bbox 533 5606 701 5662; x_wconf 84' lang='lat' dir='ltr'>Pauli</span> <span class='ocrx_word' id='word_1_857' title='bbox 724 5607 828 5664; x_wconf 92' lang='lat' dir='ltr'>lib.</span> <span class='ocrx_word' id='word_1_858' title='bbox 860 5608 1083 5678; x_wconf 87' lang='lat' dir='ltr'>lSent.,</span> <span class='ocrx_word' id='word_1_859' title='bbox 1117 5607 1200 5664; x_wconf 87' lang='lat' dir='ltr'>tit.</span> <span class='ocrx_word' id='word_1_860' title='bbox 1231 5613 1284 5675; x_wconf 87' lang='lat'>9,</span> <span class='ocrx_word' id='word_1_861' title='bbox 1317 5613 1374 5663; x_wconf 91' lang='lat' dir='ltr'>et</span> <span class='ocrx_word' id='word_1_862' title='bbox 1392 5608 1494 5664; x_wconf 89' lang='lat' dir='ltr'>lib.</span> <span class='ocrx_word' id='word_1_863' title='bbox 1530 5612 1550 5662; x_wconf 79' lang='grc'><strong>1</strong></span> <span class='ocrx_word' id='word_1_864' title='bbox 1591 5607 1733 5665; x_wconf 90' lang='lat' dir='ltr'>Cod.</span> <span class='ocrx_word' id='word_1_865' title='bbox 1765 5607 1985 5665; x_wconf 86' lang='lat' dir='ltr'>Theod.</span> <span class='ocrx_word' id='word_1_866' title='bbox 2016 5605 2092 5662; x_wconf 90' lang='lat' dir='ltr'>de</span> <span class='ocrx_word' id='word_1_867' title='bbox 2121 5605 2261 5663; x_wconf 87' lang='lat' dir='ltr'>dolo</span> <span class='ocrx_word' id='word_1_868' title='bbox 2290 5603 2452 5660; x_wconf 91' lang='lat' dir='ltr'>malo</span> <span class='ocrx_word' id='word_1_869' title='bbox 2479 5602 2538 5656; x_wconf 90' lang='lat' dir='ltr'>in</span> <span class='ocrx_word' id='word_1_870' title='bbox 2561 5601 2805 5673; x_wconf 87' lang='lat' dir='ltr'>interpr.</span> 
     </span>
    </p>
   </div>
  </div>
