4180 6186
440 142 499 198 94
1521 131 1798 190 ALDRICI
1838 125 2373 186 CENOMANENSIS
2411 93 2752 186 EPISCOPt.
3769 132 3842 190 92

441 267 498 319 et
521 277 590 318 eo
614 277 722 334 per
750 263 949 333 partes
972 258 1407 318 Cenomanicas
1429 259 1754 320 remeante,
1803 269 1914 308 nec
1947 257 2085 307 tunc
2109 250 2158 306 Α
2191 249 2294 305 tibi
2324 250 2524 309 divina
2553 251 2784 324 largitio
2817 251 3061 309 honoris
3097 251 3363 309 conferre
3409 270 3516 326 per
3557 254 3841 326 imperia-

441 354 774 406 memorato
802 347 1167 417 Sigemundo
1193 347 1270 402 ad
1296 362 1436 402 eum
1474 343 1766 409 veniente,
1816 340 2080 397 redditur

443 438 574 494 Kal.
601 437 848 508 Augusti
876 437 938 492 in
967 436 1106 492 villa
1152 435 1324 505 cujus
1376 432 1738 490 vocabulum
1778 436 1866 486 est
1921 433 2082 484 Bona

443 543 622 599 super
640 525 895 580 ﬂuvium
919 524 1028 591 Liz,
1060 524 1122 579 in
1151 538 1312 596 pago
1367 520 1787 586 Cenomanico,
1846 534 1880 574 a
1934 532 2081 588 prae-

443 614 661 686 scripto
689 614 914 670 domno
945 611 1153 668 Carolo
1182 611 1416 681 legibus
1439 609 1687 684 praefato
1705 607 1939 663 Aldrico
1957 604 2080 678 epi-

445 719 627 776 scopo
655 719 762 776 per
777 700 1073 772 judicium
1102 700 1426 756 multorum
1453 697 1746 754 nobilium
1763 702 1821 752 et
1847 695 2082 766 sapien-

445 790 590 848 tium
603 792 863 846 virorum
874 790 1093 862 praedic
1104 795 1222 846 tum
1238 787 1487 843 Anisolae
1502 784 1930 842 monasterium
1943 799 2082 838 cum

444 877 820 936 omnibusad
842 894 905 934 se
925 877 1354 950 pertinentibus
1380 894 1392 945 ;
1449 875 1620 947 eique
1637 873 1720 929 ibi
1740 872 1906 928 missi
1938 871 2084 927 boni

445 973 500 1024 et
523 968 745 1024 strenui
763 968 882 1022 dati
909 971 1047 1024 sunt
1062 967 1166 1039 q'ii
1190 981 1328 1020 eum
1361 969 1417 1020 et
1461 962 1926 1020 Cenomanicam
1951 977 2081 1018 ma-

443 1063 592 1114 trem
611 1057 721 1113 sibi
739 1057 1124 1113 commissam
1138 1054 1450 1110 ecclesiam
1468 1053 1700 1124 legibus
1717 1053 2080 1115 revestirent,
2120 1110 2131 1118 ,

444 1151 501 1203 et
519 1146 760 1219 plenam
784 1145 836 1200 ei
862 1149 1040 1218 atque
1057 1143 1308 1214 legalem
1330 1144 1678 1198 vestituram
1692 1157 1764 1196 ex
1776 1155 1846 1196 eo
1871 1138 2081 1194 futuris

443 1233 812 1307 temporibus
831 1231 1096 1301 legaliter
1117 1231 1438 1288 tenendam
1488 1230 1764 1287 facerent.
1823 1227 1994 1294 Quod
2030 1229 2086 1282 et

445 1322 786 1395 supradicto
816 1325 1104 1393 prietextu
1159 1321 1326 1378 tertio
1377 1319 1472 1376 die
1529 1323 1726 1375 Nonas
1769 1318 1898 1389 jam
1945 1315 2086 1372 dicti

445 1409 666 1466 mensis
695 1408 920 1465 factum
948 1425 1076 1465 esse
1105 1409 1308 1482 liquet.
1335 1411 1400 1465 Et
1433 1409 1517 1464 sic
1549 1407 1776 1463 falsitas
1809 1405 2087 1462 subditur

442 1499 692 1566 veritati,
725 1503 906 1571 atque
946 1498 1162 1570 injuste
1184 1498 1443 1554 alienata
1464 1498 1624 1568 juste
1647 1496 2036 1551 restituuntur
2070 1513 2082 1562 ;

443 1603 580 1660 quae
609 1592 665 1642 et
691 1587 982 1644 hactenus
1010 1604 1045 1642 a
1073 1589 1319 1660 praefato
1351 1587 1634 1660 episcopo
1665 1590 1904 1641 etasua-a
1928 1583 2086 1638 sedis

443 1675 705 1733 ecclesiae
737 1677 1018 1734 ministris
1035 1677 1269 1747 legibus
1298 1675 1698 1749 possidentur,
1724 1678 1781 1730 ct
1799 1673 2088 1730 canonice

445 1769 624 1838 atque
652 1765 1000 1838 regulariter
1018 1765 1448 1836 gubernantur.

1233 1884 1290 1936 L.

447 1985 784 2051 Exemplar
801 1985 1063 2053 epistola:
1090 1985 1369 2054 formata:
1393 1996 1571 2054 quam
1603 1983 1795 2054 Drogo
1821 1980 2093 2036 archica-

509 2056 796 2124 pellanus
827 2061 883 2112 et
914 2056 1076 2112 urbis
1095 2053 1561 2112 Mediomatricae
1599 2053 2090 2122 archiepiscopus

514 2126 901 2183 Landramno
937 2127 1245 2183 Tur-enica:
1273 2125 1436 2180 urbis
1489 2125 1936 2193 archiepiscopo
1998 2139 2092 2178 ca-

517 2199 726 2255 nonice
744 2199 922 2267 misit,
953 2203 1016 2252 ut
1033 2198 1349 2252 Aldricum
1371 2197 1674 2266 praedicta0
1696 2195 1859 2250 urbis
1874 2193 2092 2267 Medio-

513 2269 783 2330 matricar
811 2265 1180 2324 cardinatem
1201 2267 1608 2337 presbyterum
1633 2273 1811 2338 atque
1831 2265 2089 2338 ejusdem

516 2341 682 2401 urbis
701 2341 1114 2408 .primicerium
1143 2355 1249 2394 suo
1275 2341 1564 2408 permissu
1596 2344 1648 2394 et
1662 2337 1838 2406 jussu
1889 2337 2094 2408 damni

516 2407 805 2472 Ludauici
825 2412 1080 2480 piissimi
1121 2407 1496 2479 imperatoris
1523 2411 1859 2478 episcopum
1913 2407 2093 2462 Ceno-

513 2483 766 2548 manicw
788 2483 1000 2537 matris
1029 2483 1288 2538 ecclesia
1317 2482 1649 2546 ordinaret,
1711 2483 1864 2535 sicut
1918 2481 1980 2534 in
2021 2495 2090 2536 ea

523 2557 777 2613 habetur
804 2554 1114 2610 insertum.
1142 2553 1302 2607 Talis
1331 2554 1487 2608 enim
1519 2556 1602 2606 est
1627 2553 1915 2620 prologus
1938 2565 2092 2619 pra:—

517 2630 690 2684 dictaa
711 2625 970 2694 epistola:
1002 2624 1330 2680 venerabili
1355 2623 1744 2678 Landramno
1793 2622 2088 2690 archiepi-

514 2713 852 2845 ξὲἔὲιίαϋὶὶί
875 2785 940 2840 in
962 2783 1190 2840 Christo
1214 2783 1378 2839 fratri
1419 2786 1476 2839 et
1532 2782 1889 2855 coepiscopo
1944 2784 2090 2837 Lan-

443 2878 700 2934 dramno
727 2873 1176 2947 archiepiscopo
1207 2873 1401 2942 Drogo
1432 2872 1492 2927 in
1525 2871 1776 2927 Domino
1807 2870 2080 2926 salutem.

2189 339 2306 394 lem
2357 339 2934 397 administrationem
2984 342 3230 412 dignata
3288 348 3393 399 est.
3443 344 3558 399 Sed
3606 343 3842 400 dilectio

2190 433 2312 495 tua,
2347 433 2409 484 ut
2437 428 2662 497 debuit,
2692 431 2770 486 ad
2800 447 2896 485 me
2925 430 3087 486 misit
3140 435 3202 486 ut
3248 431 3352 486 tibi
3383 429 3698 504 epistolam
3729 432 3841 488 mi-

2193 518 2403 573 sissem
2436 519 2509 574 ad
2544 519 3068 593 metropolitanum
3114 524 3284 576 tuum
3337 521 3740 593 conscriptam
3781 528 3845 578 ut

2192 606 2244 660 ei
2267 605 2566 662 licentiam
2601 607 2942 664 tribuissem
2973 613 3028 664 te
3059 608 3400 664 ordinandi.
3463 613 3625 664 Nunc
3677 626 3840 674 vero,

2193 711 2544 768 quanquam
2572 697 2878 752 decentius
2913 702 3090 770 atque
3120 698 3434 754 honestius
3465 698 3667 754 fuisset
3696 699 3844 753 mihi

2193 791 2252 839 et
2290 784 2387 840 tibi
2429 791 2493 841 ut
2521 786 2738 858 scripto
2783 804 2818 843 a
2856 792 2909 843 te
2939 787 3160 843 directo
3203 789 3412 843 iterum
3465 789 3693 860 scriptis
3724 805 3847 844 res-

2191 872 2564 944 pondissem,
2597 879 2798 930 tamen
2823 891 2898 930 ne
2931 874 3077 932 forte
3108 876 3344 932 occasio
3378 893 3486 949 per
3537 892 3628 932 me
3671 876 3840 931 (litie-

2192 965 2415 1017 rentem
2447 962 2676 1020 donum
2707 962 2810 1019 tibi
2839 963 3140 1030 divinitus,
3171 971 3234 1020 ut
3261 964 3459 1033 credo,
3489 981 3845 1020 concessum

2193 1049 2437 1122 aliquod
2467 1050 2573 1106 tibi
2601 1051 2840 1107 inferret
2863 1051 3384 1124 impedimentum,
3415 1051 3699 1107 charitate
3731 1052 3845 1106 fre-

2193 1142 2288 1192 tus
2319 1137 2451 1194 fecit
2478 1143 2540 1194 ut
2568 1139 2780 1210 petisti.
2827 1139 2991 1195 Unde
3042 1156 3192 1196 uuas
3225 1139 3328 1195 tibi
3353 1140 3488 1196 misi
3518 1140 3840 1212 epistolas;

2194 1243 2450 1298 quarum
2479 1243 2602 1283 una
2633 1227 2711 1283 ad
2742 1228 3270 1301 metropolitanum
3310 1235 3480 1284 tuum
3530 1235 3622 1284 est
3671 1245 3844 1284 cons-

2197 1316 2384 1388 cripta
2407 1313 2579 1386 juxta
2618 1316 2964 1389 petitionem
3007 1322 3191 1384 tuam,
3240 1318 3292 1374 ei
3339 1317 3726 1374 retribuendo
3781 1317 3851 1372 li—

2199 1405 2454 1459 centiam
2480 1423 2492 1472 ;
2542 1404 2728 1462 altera
2759 1422 2896 1461 vero
2927 1407 3002 1462 ad
3036 1410 3110 1478 te,
3153 1409 3216 1461 ut
3240 1411 3296 1462 et
3327 1412 3388 1462 tu
3419 1421 3751 1476 cognoscas
3781 1405 3852 1460 li-

2202 1492 2456 1548 centiam
2511 1509 2546 1548 a
2603 1493 2777 1548 nobis
2809 1494 2912 1550 tibi
2941 1493 3285 1550 attributam
3328 1498 3385 1550 et
3412 1511 3523 1549 nos
3563 1494 3761 1567 potius
3794 1495 3855 1549 in

2130 1597 2174 1654 Β
2204 1585 2528 1651 augmento
2566 1581 2812 1638 honoris
2850 1582 2931 1638 tui
2969 1583 3231 1654 gaudere
3274 1600 3459 1656 quam
3506 1583 3623 1638 ullo
3672 1583 3855 1639 modo

2201 1672 2281 1743 inj
2293 1672 2480 1726 uriam
2504 1671 2606 1726 tibi
2628 1671 2896 1745 aliquam
2917 1673 3131 1728 inferre
3154 1673 3428 1728 voluisse.
3450 1672 3592 1728 Vale
3617 1689 3856 1746 semper

2200 1763 2261 1818 in
2293 1761 2561 1829 Domino,
2604 1767 2661 1816 et
2698 1761 3050 1825 confortare,
3097 1777 3332 1818 memor
3370 1779 3605 1834 semper
3644 1762 3850 1830 nostri,

2201 1857 2256 1907 et
2305 1851 2489 1908 ﬁdem
2543 1867 2731 1924 quam
2793 1868 3029 1924 semper
3075 1868 3218 1922 erga
3260 1867 3372 1907 nos
3423 1853 3556 1924 jure
3604 1852 3854 1909 servasti

2201 1935 2619 1992 inconvulsam
2667 1935 2950 2009 deinceps
2986 1952 3091 2008 per
3136 1937 3484 1993 charitatem
3527 1941 3691 1994 tuam
3723 1953 3850 1992 esse

2200 2043 2504 2096 rogamus.
2538 2027 2875 2100 Iterumque
2904 2025 3055 2082 vale.

2986 2141 3073 2196 LII

2199 2231 2446 2286 Summa
2488 2231 2560 2287 de
2589 2231 2896 2300 polenticis
2938 2232 3030 2287 vel
3065 2232 3336 2300 plenaris
3361 2231 3631 2300 fratrum
3663 2230 3847 2287 Ceno-

2273 2303 2508 2360 manica
2537 2301 2601 2357 in
2633 2302 2777 2357 urbe
2804 2304 2924 2358 Deo
2953 2305 3354 2366 servientium,
3389 2303 3462 2360 de
3503 2302 3674 2357 rebus
3704 2317 3849 2374 quas

2269 2374 2508 2428 France
2551 2376 2748 2428 sl'nior
2792 2380 2843 2429 et
2891 2375 3175 2430 Aldricus
3226 2390 3427 2430 eorum
3473 2374 3729 2443 episcopi
3772 2374 3852 2428 eis

2273 2445 2562 2517 dederunt
2611 2450 2665 2500 et
2705 2449 3068 2501 testamentis
3115 2452 3294 2517 atque
3327 2446 3640 2514 praeceptis
3681 2457 3849 2514 rega-

2275 2515 2425 2570 libus
2456 2517 2985 2583 conﬁrmaverunt.

2273 2606 2498 2662 Debent
2525 2606 2800 2661 homines
2827 2606 3148 2662 fratrumin
3167 2621 3406 2662 summa
3433 2605 3508 2660 de
3522 2605 3853 2661 numericia

2199 2696 2322 2750 vini
2353 2695 2588 2750 modios
2631 2695 2786 2751 duos
2823 2702 2880 2752 et
2926 2695 3419 2768 quadringentos,
3461 2696 3536 2750 de
3582 2695 3852 2767 pastione

2201 2783 2322 2838 vini
2351 2783 2586 2840 modios
2625 2783 2916 2840 ducentos
2961 2799 3148 2838 unum
3193 2788 3250 2838 et
3297 2783 3726 2855 septuagintos,
3775 2782 3850 2837 de

2199 2873 2520 2928 hostilense
2551 2875 2779 2940 argenti
2811 2871 3032 2928 solidos
3063 2876 3300 2928 centum
3347 2872 3749 2944 quadraginta
3795 2876 3851 2927 et

443 2965 664 3022 Auditu
695 2963 956 3036 comperi
986 2961 1151 3035 quod
1181 2961 1442 3016 domnus
1469 2961 1792 3034 imperator
1840 2975 2083 3014 conces-
2126 2949 2168 3004 Ο
2198 2977 2434 3018 novem.
2488 2966 2552 3018 Et
2591 2963 2881 3018 debentur
2907 2967 3132 3032 septem
3161 2960 3458 3015 multones
3489 2960 3561 3014 de
3593 2977 3847 3032 pascua-

445 3055 613 3110 sisset
626 3052 858 3109 Aldrico
879 3049 1232 3124 presbytero
1249 3049 1711 3106 consecrationis
1723 3055 1961 3107 nostris.
1980 3047 2082 3120 qui

443 3143 622 3200 etiam
647 3145 705 3198 'et
725 3144 928 3197 noster
949 3143 1159 3195 tonsus
1191 3137 1404 3194 doctus
1429 3143 1485 3194 et
1513 3137 1762 3194 clericus
1793 3137 1922 3205 fuit,
1960 3136 2083 3210 epi-

442 3233 714 3305 scopium
742 3227 1153 3288 Cenomanicae
1181 3227 1366 3282 urbis.
1395 3227 1508 3284 Sed
1533 3227 1632 3282 ille
1653 3232 1862 3299 postea
1881 3225 1958 3281 ad
1975 3239 2086 3280 nos

443 3321 684 3376 mittens
709 3319 890 3392 petiit,
947 3318 1098 3372 sicut
1147 3316 1371 3382 debuit,
1427 3320 1492 3372 ut
1552 3331 1607 3372 et
1644 3313 2086 3370 ordinatoribus

445 3409 569 3464 suis
598 3406 704 3462 tibi
720 3412 899 3479 atque
921 3404 1313 3472 suti‘raganeis
1328 3403 1445 3458 tuis
1465 3404 1541 3459 ad
1568 3405 1948 3475 episcopatus
1970 3403 2088 3458 cul-

446 3511 583 3552 men
614 3493 933 3550 ordinandi
953 3507 1269 3548 assensum
1299 3491 1691 3564 prazbuissem
1712 3497 1767 3548 et
1788 3491 2084 3548 licentiam

447 3583 811 3640 tribuissem.
831 3582 1013 3652 Cujus
1032 3580 1301 3653 petitioni
1321 3581 1404 3636 ita
1421 3581 1718 3650 consensi,
1743 3586 1806 3636 ut
1823 3581 1870 3634 si
1887 3581 2084 3653 ipsum

445 3689 552 3748 per
565 3673 664 3728 Dei
675 3671 1040 3727 voluntatem
1058 3675 1114 3726 et
1129 3668 1335 3726 domni
1351 3670 1724 3742 imperatoris
1758 3669 2009 3740 dignum
2031 3673 2087 3726 et

445 3763 651 3818 utilem
664 3764 881 3818 sanctae
897 3759 997 3815 Dei
1009 3758 1280 3815 Ecclesiae
1293 3759 1371 3815 ad
1386 3759 1502 3816 hoc
1513 3758 1611 3814 otii
1619 3759 1666 3814 ci
1678 3777 1778 3815 um
1789 3760 2084 3816 inveneris

446 3856 503 3908 et
518 3851 599 3908 ita
619 3849 970 3916 decreveris,
1001 3849 1143 3922 quia
1171 3849 1300 3920 ipse
1320 3848 1482 3920 apud
1508 3864 1618 3904 nos
1639 3849 1864 3922 probos
1887 3861 2085 3904 mores

445 3939 722 4008 ostendit,
752 3937 1051 3994 licentiam
1075 3952 1112 3992 a
1137 3937 1312 3992 nobis
1353 3938 1842 3994 concessantibus
1868 3937 1927 3993 id
1951 3953 2084 4010 per-

443 4027 683 4084 ﬁciendi
711 4029 890 4099 atque
917 4027 1118 4099 ipsum
1147 4025 1538 4082 consecrandi
1561 4025 1784 4081 habere
1838 4042 2082 4096 cognos-

445 4132 566 4173 cas.
603 4117 716 4174 Oro
738 4120 791 4172 te
819 4115 1017 4172 valere
1048 4121 1104 4172 et
1129 4131 1340 4171 omnes
1359 4114 1590 4178 fratres,
1618 4121 1798 4187 atque
1855 4132 2086 4173 memor

445 4205 525 4262 sis
555 4205 672 4262 mei
700 4205 763 4261 in
793 4205 978 4262 sacris
999 4203 1370 4260 orationibus
1401 4203 1702 4260 charitatis
1730 4208 1868 4260 tuae.

1227 4321 1311 4375 LI.

442 4420 778 4490 Exemplar
800 4419 1081 4490 formata:
1103 4417 1366 4490 epistola:
1391 4431 1570 4490 quam
1599 4418 1796 4490 Drogo
1817 4419 2086 4474 archica-

504 4473 882 4561 pell‘anus'et
906 4473 1372 4561 Mediomatrica’
1400 4473 1566 4542 urbis
1604 4473 2084 4561 arcliiepiscopus

513 4558 562 4618 Α
575 4563 764 4619 ldrico
791 4559 1098 4630 prcedictze
1111 4558 1574 4630 Mediomatricos
1594 4558 1756 4614 urbis
1783 4560 2089 4614 cardinali

511 4628 857 4703 presbytero
880 4637 1058 4703 atque
1085 4629 1345 4700 ejusdem
1367 4628 1530 4685 urbis
1548 4631 1889 4700 primicerio
1912 4645 2086 4686 cano-

512 4710 645 4760 nice
671 4705 850 4769 misit,
890 4710 954 4759 ut
985 4718 1090 4759 suo
1121 4715 1404 4759 consensu
1461 4707 1516 4758 et
1545 4703 1750 4758 damni
1801 4703 2089 4757 Ludovici

505 4775 766 4847 piissimi
789 4776 1166 4844 imperatoris
1176 4776 1355 4844 jussu
1410 4771 1819 4847 Cenomanij
1875 4775 2086 4830 matris

515 4843 836 4928 ecclesizria
867 4860 969 4898 suo
986 4847 1445 4928 archiepiscopo
1471 4846 1793 4928 et‘reliquis
1823 4859 2088 4928 compro-

513 4912 870 4988 vin_cialibus
899 4912 1216 4988 episcopus
1237 4912 1645 4987 ordinaretur,
1668 4912 1796 4974 ideo
1809 4912 1962 4988 quia
1974 4931 2083 4985 po-

513 4983 696 5056 pulus
723 4995 854 5036 eum
877 4982 997 5056 sibi
1021 4985 1298 5039 ordinari
1315 4982 1650 5056 episcopum
1695 4982 1991 5056 peti-erat,—
2033 4994 2088 5044 et

516 5053 597 5109 ad
623 5067 755 5108 eum
788 5054 1096 5121 epistolam
1125 5070 1236 5122 pro
1267 5056 1375 5110 hoc
1403 5053 1730 5124 direxerat,
1763 5065 1828 5111 ut
1857 5074 1962 5112 suo
1983 5059 2088 5112 ad-

514 5124 799 5180 miniculo
828 5129 882 5180 et
905 5126 1200 5194 permissu
1221 5125 1557 5180 antedictus
1583 5125 1868 5182 Aldricus
1883 5143 2086 5183 eorum

517 5201 692 5266 atque
713 5197 846 5264 jam
875 5195 1050 5250 dictas
1074 5195 1354 5251 Ecclesia”
1410 5200 1716 5265 episcopus
1781 5197 2088 5252 ordinare-
2118 5245 2122 5250 .

519 5267 944 5391 tur,tcanotnice
971 5267 1050 5322 eis
1079 5267 1300 5323 direxit
1321 5267 1631 5336 epistolam
1661 5267 1822 5322 hunc
1849 5266 2086 5323 modum

519 5351 628 5391 con
659 5351 794 5391 men
826 5353 936 5391 em.

518 5351 936 5398 continentem.

515 5424 736 5481 Dilecto
761 5425 884 5481 ﬁlio
903 5425 1138 5482 Aldrico
1168 5431 1379 5482 vocato
1400 5428 1686 5498 episcopo
1715 5428 1914 5495 Drogo
1939 5426 2086 5480 indi-

448 5529 604 5584 gnus
632 5513 1120 5588 archiepiscopus
1143 5515 1204 5570 in
1231 5516 1458 5572 Christo
1489 5515 1912 5587 sempiternam
1935 5515 2088 5571 salu-

445 5608 586 5662 tem.
617 5607 953 5674 Cognoscat
980 5603 1214 5662 dilectio
1235 5609 1336 5663 tua
1363 5605 1511 5664 mihi
1538 5603 1775 5682 placere
1823 5620 1894 5662 ea
1948 5620 2084 5678 quae

2197 3051 2306 3114 rio,
2336 3069 2473 3108 cum
2501 3051 2642 3106 lana
2669 3067 2772 3106 sex
2799 3055 2854 3106 et
2879 3050 3274 3122 septuaginta,
3337 3049 3568 3118 sogalcs
3617 3049 3736 3102 duo
3788 3054 3842 3104 et

2195 3140 2638 3214 quadringinta.
2685 3143 2750 3194 Et
2789 3139 3081 3194 debentur
3111 3139 3250 3200 duo,
3307 3143 3364 3192 et
3419 3138 3492 3192 de
3541 3136 3844 3192 laudatico

2197 3232 2368 3288 solidi
2399 3231 2684 3304 quinque.
2735 3233 2797 3286 Et
2833 3229 3127 3286 debentur
3156 3229 3363 3284 decem
3406 3229 3480 3284 de
3525 3227 3844 3292 carnatico,

2195 3322 2405 3377 arietes
2436 3321 2706 3392 quinque
2735 3323 2791 3375 et
2817 3318 3256 3392 quinquaginta
3295 3317 3420 3372 sine
3451 3318 3610 3383 lana,
3656 3316 3728 3372 de
3781 3317 3846 3370 li-

2196 3410 2403 3480 gnario
2435 3409 2608 3464 solidi
2640 3423 2741 3462 sex
2771 3412 2827 3463 et
2857 3408 3086 3478 viginti.
3120 3411 3175 3462 et
3205 3407 3498 3462 debentur
3522 3423 3743 3461 novem
3774 3405 3847 3460 de

2197 3513 2394 3564 sensu,
2427 3497 2535 3552 sol.
2569 3511 2728 3552 unus
2754 3500 2810 3551 et
2831 3500 3069 3552 centum
3100 3495 3174 3550 de
3201 3495 3506 3551 inferenda
3530 3500 3588 3550 et
3613 3494 3686 3549 de
3712 3511 3847 3566 pos-

2196 3587 2410 3654 tiurno,
2442 3586 2564 3641 sive
2595 3585 2669 3640 de
2701 3585 2992 3640 sensatico
3023 3583 3132 3640 sol.
3165 3587 3405 3639 centum
3429 3590 3483 3640 et
3505 3585 3844 3654 octoginta;

2194 3679 2249 3732 et
2277 3675 2571 3730 debentur
2599 3671 2737 3729 inde
2769 3673 2843 3728 de
2874 3673 3146 3745 pastione
3189 3673 3341 3727 inter
3383 3672 3750 3728 frumentum
3793 3675 3849 3726 et

2197 3764 2380 3835 sigale
2407 3763 2594 3818 modii
2621 3767 2882 3835 quatuor
2910 3766 2965 3817 et
2989 3762 3245 3832 triginta,
3267 3766 3324 3817 et
3348 3762 3600 3816 sextaria
3627 3777 3847 3816 novem

2195 3854 2419 3921 sufuso,
2481 3853 2556 3909 de
2603 3867 2795 3908 avena
2842 3851 3029 3908 modii
3057 3850 3481 3924 quadringenti
3509 3855 3768 3922 quatuor
3793 3855 3849 3904 et

2193 3943 2632 4018 quadraginta;
2686 3941 2894 3997 axilios
2943 3939 3021 3996 ad
3072 3940 3439 3996 alvimanum
3493 3944 3750 4012 quatuor
3792 3943 3848 3994 et

2193 4032 2654 4106 quinquaginta,
2695 4035 2753 4086 et
2798 4029 2962 4087 omni
3009 4046 3170 4086 anno
3210 4028 3492 4085 scudulas
3518 4028 3678 4084 mille
3709 4043 3846 4083 cum

2193 4120 2649 4195 quadringentis
2673 4125 2730 4176 et
2757 4119 3178 4194 quadraginta.

2969 4239 3080 4292 Llll

2121 4300 2167 4354 Β
2195 4327 2278 4380 De
2309 4327 2590 4393 ejectzone
2619 4322 2858 4377 Αἰάνὼὶ
2898 4321 3308 4378 Ορηοηιαηίσδι2
3353 4319 3514 4375 urbis
3565 4319 3842 4393 episcopi,

2267 4391 2341 4450 et
2367 4395 2440 4449 de
2486 4395 2792 4448 inuasione
2833 4399 3010 4463 atque
3053 4394 3388 4446 vastatione
3437 4391 3847 4448 Cenomanica:

2263 4466 2477 4520 matris
2510 4465 2772 4519 ecclesite
2796 4477 2919 4517 una
2949 4478 3081 4518 cum
3115 4477 3336 4519 rerum.

2268 4552 2593 4608 Decedente
2654 4551 2880 4606 domno
2944 4551 3238 4606 Ludovico
3303 4553 3667 4607 Francorum
3733 4549 3846 4605 im—

2193 4646 2466 4716 peratore
2523 4639 2810 4710 secundo,
2880 4639 3002 4694 tilio
3046 4639 3320 4695 videlicet
3383 4639 3576 4696 Caroli
3653 4639 3846 4707 Magni

2194 4729 2590 4804 imperatoris,
2647 4745 2807 4786 anno
2860 4729 3283 4785 incarnationis
3345 4727 3668 4785 Dominicis
3745 4745 3846 4784 oc-

2193 4819 2610 4890 tingentesimo
2657 4823 2714 4876 et
2743 4818 3228 4891 quadragesimo,
3276 4819 3600 4874 indictione
3654 4818 3844 4884 tertia,

2197 4927 2357 4967 anno
2390 4909 2687 4983 siquidem
2717 4909 2950 4982 imperii
2990 4909 3082 4964 sui
3128 4909 3420 4980 vigesimo
3465 4913 3522 4965 et
3565 4909 3844 4982 septimo,

2197 4996 2450 5051 surrexit
2547 4995 2830 5068 quaedam
2923 4993 3236 5066 tyrannica
3333 4993 3614 5064 pravitas,
3695 4993 3849 5048 inter

2197 5083 2407 5133 caetera
2454 5079 2634 5143 mala,
2701 5079 2852 5134 inter
2909 5078 3163 5146 Ligerim
3235 5081 3292 5131 et
3359 5080 3722 5150 Sequanam,
3792 5083 3851 5133 et

2197 5161 2456 5217 maxime
2499 5162 2561 5215 in
2605 5177 2765 5232 pago
2810 5161 3231 5229 Cenomanico,
3289 5159 3346 5214 in
3401 5177 3525 5233 quo
3576 5161 3848 5218 Aldricus

2201 5257 2337 5306 tunc
2395 5253 2677 5305 octavum
2735 5264 2964 5305 annum
3019 5249 3078 5304 in
3130 5249 3512 5322 episcopatus
3559 5251 3849 5320 dignitate

2195 5338 2479 5407 fulgebat.
2527 5342 2593 5394 Et
2637 5339 2770 5396 licet
2811 5339 3133 5411 praedictus
3179 5339 3502 5411 imperator
3542 5343 3695 5398 inter
3732 5347 3850 5397 tres

2195 5427 2350 5482 filios
2389 5444 2528 5483 suos
2559 5444 2744 5498 regna
2782 5444 2893 5483 sua
2917 5427 3224 5499 divideret,
3257 5429 3317 5486 id
3347 5435 3432 5486 est
3459 5431 3611 5486 inter
3643 5431 3852 5486 Lotha-

2195 5517 2352 5575 rium
2397 5521 2452 5572 et
2501 5517 2870 5574 Ludovicum
2925 5524 3104 5592 atque
3152 5519 3450 5588 Carolum,
3506 5521 3848 5576 Lotharium

2194 5607 2258 5664 in
2305 5606 2505 5665 media
2553 5607 2818 5675 Francia,
2877 5607 3249 5668 Ludovicum
3301 5622 3442 5664 vero
3497 5606 3558 5664 in
3617 5609 3850 5666 Hostria
