4180 6186
328 205 399 259 98
1952 189 2137 249 Vl‘l‘A.
3667 195 3741 257 ﬂ

321 323 627 397 [Austria],
662 324 723 377 et
749 320 1027 376 Carolum
1046 320 1108 375 in
1141 321 1411 377 Neustria
1437 324 1495 376 et
1522 318 1843 392 Aquitania
1862 317 1980 373 col-
2008 321 2055 373 A
2091 318 2268 390 erepit
2291 318 2419 388 jam
2449 319 2644 375 dictus
2669 318 2938 374 Aldricus
2969 319 3290 392 episcopus
3312 328 3436 377 una
3464 330 3601 377 cum
3629 322 3735 393 eis,

319 417 567 480 locaret,
603 416 818 467 cratera
850 425 989 465 vero
1032 420 1218 481 regna
1265 416 1322 466 et
1370 412 1622 466 ducatus
1674 410 1825 464 inter
1854 424 1976 474 eos,

317 505 476 559 sicut
506 503 569 557 in
602 498 927 556 annalibus
958 514 1169 555 eorum
1208 500 1560 566 continetur,
1592 499 1799 554 divina
1838 512 1979 553 con-

320 608 514 649 sensu
553 587 913 662 principium
960 603 1208 643 suorum
1242 589 1494 661 partivit.
1527 588 1844 643 Praefatum
1875 603 1979 641 au-

326 688 457 736 tem
488 678 826 751 pontiﬁcem
855 682 1190 732 memorato
1219 676 1429 732 Carolo
1456 676 1578 731 tilio
1612 691 1724 730 suo
1765 674 1977 729 minori

332 784 443 842 per
467 782 677 822 manus
709 766 1175 821 commendavit.
1205 766 1311 821 Cui
1333 768 1465 835 jam
1494 765 1689 821 dictus
1718 763 1982 836 pontifex

330 856 605 912 Aldricus
660 853 846 910 ﬁdem
893 870 1140 910 servans
1191 854 1479 921 debitam,
1512 854 1591 910 ab
1638 851 1979 909 inﬁdelibus

325 950 552 1001 sancta:
604 943 703 998 Dei
752 943 1024 998 Ecclesiaa
1077 947 1134 998 et
1170 943 1295 998 suis
1327 959 1364 999 a
1391 942 1642 1015 praefata
1664 942 1981 1014 tyrannica

323 1038 629 1107 potestate
656 1032 719 1086 in
745 1031 1090 1103 supradicto
1120 1046 1282 1088 anno
1312 1046 1347 1087 a
1378 1032 1725 1103 praescripto
1755 1032 1982 1103 episco-

322 1125 430 1196 pio
462 1128 519 1177 et
548 1138 583 1176 a
615 1136 727 1176 sua
757 1121 897 1176 sede
928 1122 1152 1191 ejectus
1180 1126 1308 1187 est;
1357 1126 1413 1176 et
1450 1128 1766 1193 propterea
1792 1120 1981 1176 multa

319 1227 461 1284 quas
489 1210 551 1265 in
582 1209 996 1264 ecclesiasticis
1021 1214 1077 1264 et
1097 1209 1230 1264 aliis
1268 1210 1451 1265 rebus
1480 1225 1592 1281 pro
1622 1224 1828 1266 amore
1878 1209 1980 1263 Dei

321 1300 523 1355 facere
555 1306 837 1369 coeperat,
861 1296 1209 1369 imperfecta
1227 1302 1667 1353 remanserunt.
1702 1301 1851 1353 Nam
1879 1311 1979 1368 pe-

320 1404 399 1443 ne
431 1387 791 1460 praedictum
849 1386 1223 1457 episcopium
1274 1391 1413 1441 tunc
1464 1391 1766 1442 vastatum
1808 1390 1980 1441 estet

324 1476 503 1548 quasi
531 1474 610 1530 ad
653 1473 909 1529 nihilum
953 1474 1283 1530 redactum.
1317 1475 1591 1531 Habebat
1628 1475 1787 1531 enim
1818 1490 1978 1546 ccep-

332 1572 463 1620 tum
491 1562 816 1618 claustrum
843 1561 1270 1618 canonicorum
1297 1568 1354 1617 et
1382 1568 1637 1619 matrem
1665 1562 1979 1618 ecclesiam

2090 406 2320 479 illisque
2349 407 2839 481 deprecantibus,
2872 412 3124 464 tractare
3151 408 3300 480 quid
3347 408 3526 464 ofﬁcii
3558 424 3738 466 unus-

2090 496 2346 568 quisque
2372 512 2480 569 pro
2510 497 2634 551 suis
2659 496 3059 552 confratribus
3086 501 3210 554 tam
3241 512 3350 568 pro
3370 497 3522 553 vivis
3551 514 3739 570 quam

2089 589 2145 640 et
2171 601 2283 656 pro
2331 586 2540 642 solutis
2570 586 2785 641 debitis
2818 586 3025 641 mortis
3077 586 3390 656 diligenter
3431 593 3652 656 ageret,
3683 593 3740 644 et

2089 674 2235 746 quid
2262 690 2373 746 pro
2401 675 2645 748 praeﬁxo
2682 673 2962 747 pontiﬁce
3000 678 3058 730 et
3100 690 3277 745 grege
3304 676 3615 749 utriusque
3646 692 3739 732 or-

2088 763 2245 818 dinis
2296 763 2409 819 sibi
2458 764 2789 819 commisso
2817 762 3070 819 ﬁdeliter
3098 763 3468 835 adimpleret.
3504 768 3635 830 Qua
3660 765 3738 821 de

2087 867 2149 907 re
2175 853 2289 907 hoc
2316 853 2594 908 instinctu
2625 852 2825 907 divino
2859 852 3076 923 pariter
3114 852 3563 908 considerantes
3590 858 3738 910 trac-

2089 941 2368 1007 tavimus,
2402 940 2701 1012 simulque
2729 941 2882 996 inter
2924 955 3037 995 nos
3067 940 3230 995 bono
3261 939 3464 995 animo
3497 946 3554 999 et
3582 954 3737 1012 pura

2089 1029 2391 1085 voluntate
2441 1029 2840 1095 decrevimus,
2874 1034 2939 1084 ut
2987 1029 3134 1084 dum
3185 1028 3515 1100 (advixerit)
3550 1045 3736 1085 unus-

2086 1118 2346 1190 quisque
2395 1118 2583 1174 nostri
2631 1117 2857 1173 ordinis
2913 1116 3196 1173 sacerdos
3245 1133 3355 1189 pro
3386 1117 3735 1190 praescripto

2086 1207 2313 1262 domno
2343 1206 2575 1262 Aldrico
2604 1206 2892 1277 episcopo
2918 1209 2975 1262 et
3007 1221 3114 1277 pro
3146 1205 3373 1278 populo
3421 1206 3534 1261 sibi
3574 1222 3735 1262 com-

2088 1294 2270 1350 misso
2294 1294 2355 1349 in
2382 1298 2598 1367 quarta
2628 1294 2774 1350 feria
2803 1310 2925 1349 una
2946 1311 3084 1349 cum
3115 1293 3320 1350 litania
3348 1299 3404 1349 et
3422 1294 3734 1351 oblatidni-

2086 1383 2200 1437 bus
2230 1386 2485 1438 missam
2529 1383 2825 1452 decantet,
2860 1382 3126 1437 similiter
3173 1387 3229 1438 et
3278 1386 3445 1438 sexta
3477 1382 3624 1438 feria
3652 1382 3737 1439 fa-

2086 1472 2238 1536 ciat;
2285 1475 2341 1527 et
2369 1472 2471 1542 qui
2494 1472 2609 1527 hoc
2641 1471 2836 1527 facere
2864 1486 2987 1526 non
3024 1471 3259 1543 poterit,
3290 1471 3735 1543 quinquaginta

2085 1559 2355 1630 psalmos
2406 1559 2703 1625 decantet,
2735 1564 2974 1615 orantes
3007 1563 3061 1614 et
3101 1559 3509 1631 supplicantes
3539 1559 3734 1614 Domi-

333 1652 396 1708 in
451 1650 652 1706 media
705 1650 940 1706 civitate
995 1666 1031 1705 a
1078 1649 1473 1707 fundamento
1516 1666 1639 1707 una
1686 1667 1825 1706 cum
1856 1650 1977 1705 suis
2006 1662 2049 1719 Β
2085 1663 2235 1703 num
2278 1647 2410 1703 cceli
2455 1652 2520 1703 ut
2573 1651 2728 1703 Deus
2789 1648 3171 1720 omnipotens
3220 1648 3468 1719 praeﬁxo
3526 1652 3734 1704 nostro

328 1739 657 1813 porticibus
688 1744 746 1794 et
773 1738 1127 1811 paradisum
1158 1739 1526 1809 inchoatum,
1558 1744 1615 1795 et
1643 1739 1975 1795 maximam

322 1833 564 1901 partem
614 1842 761 1883 exea
803 1826 1045 1893 factam,
1090 1827 1356 1883 similiter
1398 1832 1456 1883 et
1492 1828 1744 1884 aediﬁcia
1772 1843 1978 1884 mona-

325 1918 646 1973 steriorum
674 1916 966 1989 quinque,
998 1931 1120 1972 una
1168 1932 1308 1971 cum
1356 1916 1627 1972 claustris
1664 1922 1722 1972 et
1749 1916 1977 1972 caeteris

326 2023 556 2062 eorum.
594 2004 863 2061 Habebat
885 2020 1129 2077 quoque
1150 2005 1231 2060 ad
1249 2005 1562 2061 utilitatem
1584 2006 1857 2075 ejusdem
1887 2021 1978 2081 ec-

326 2095 523 2152 clesia;
550 2093 915 2149 iniciendam
946 2099 1003 2148 et
1022 2092 1100 2149 ad
1131 2109 1428 2166 pauperes
1458 2095 1818 2150 recreandos
1840 2111 1978 2150 con-

324 2189 609 2255 gregatos
641 2197 854 2253 greges
878 2182 1293 2253 jumentorum
1318 2198 1445 2237 una
1473 2198 1611 2238 cum
1650 2184 1976 2238 amissariis

328 2272 593 2345 amplius
644 2287 835 2343 quam
891 2271 1217 2341 octoginta,
1273 2287 1595 2327 vaccarum
1653 2276 1708 2327 et
1772 2272 1974 2327 ovium

335 2367 516 2434 atque
543 2376 859 2433 caprarum
882 2359 1005 2414 sive
1033 2375 1356 2431 porcorum
1374 2360 1634 2431 amplius
1663 2377 1850 2432 quam
1872 2361 1978 2416 du-

327 2452 524 2519 centa,
554 2463 861 2505 annonam
893 2449 950 2502 et
977 2447 1182 2502 fenum
1211 2463 1281 2503 ac
1311 2450 1520 2503 vinum
1560 2454 1683 2504 tam
1715 2449 1791 2504 ad
1822 2465 1976 2521 opus

325 2537 863 2607 congregationum
886 2536 1312 2608 hospitumque
1339 2553 1407 2592 ac
1430 2553 1767 2609 pauperum
1789 2554 1976 2610 quain

322 2635 385 2684 et
410 2628 492 2683 ad
522 2626 636 2681 sibi
665 2625 1051 2697 ecclesiaeque
1083 2625 1194 2680 sibi
1223 2626 1562 2681 commissae
1593 2627 1973 2682 servientium

323 2734 483 2790 opus
507 2714 887 2770 sufﬁcienter.
923 2712 1039 2769 Sed
1057 2714 1205 2786 quid
1222 2715 1482 2786 amplius
1512 2714 1749 2771 dicam?
1778 2720 1859 2770 Ita
1874 2716 1979 2770 ha-

322 2806 509 2863 bebat
535 2803 858 2860 fundatum
889 2807 1011 2858 tam
1060 2802 1121 2857 in
1167 2803 1578 2859 ecclesiasticis
1600 2820 1786 2875 quam
1817 2808 1874 2860 et
1912 2804 1975 2858 in

324 2895 456 2951 aliis
487 2894 669 2950 rebus
696 2891 1054 2965 praidictum
1085 2891 1457 2964 episcopium
1479 2898 1537 2948 et
1564 2908 1657 2948 res
1678 2893 1790 2949 sibi
1818 2909 1975 2949 com-

321 2985 541 3039 missas
574 2982 830 3054 qualiter
848 2996 971 3036 non
1009 2980 1229 3036 fuerint
1254 2996 1289 3036 a
1321 2980 1535 3037 diebus
1564 2981 1847 3054 antiquis,
1881 2982 1975 3037 vel

317 3089 354 3128 a
388 3078 662 3143 tempore
680 3085 805 3141 quo
836 3068 1107 3139 alicujus.
1144 3110 1156 3124 .
1195 3110 1208 3123 .
1250 3110 1261 3123 .
1300 3111 1313 3123 .
1352 3111 1363 3124 .
1393 3069 1657 3124 hominis
1680 3070 1974 3125 memoria

316 3162 633 3215 retinetur.
668 3157 784 3215 Sed
811 3158 938 3213 haec
968 3161 1024 3212 et
1050 3157 1281 3230 reliqua
1310 3157 1475 3213 bona
1510 3157 1974 3214 innumerabilia

316 3267 357 3305 a
382 3247 698 3321 praedictis
728 3246 1017 3316 tyrannis,
1049 3245 1171 3301 sive
1219 3246 1539 3318 hospitalia
1578 3251 1809 3319 septem
1836 3262 1973 3318 qua;

323 3338 410 3393 ad
437 3348 755 3408 pauperes
784 3338 838 3388 et
862 3334 1115 3405 hospites
1139 3334 1516 3407 recipiendos
1541 3340 1597 3390 et
1616 3334 1974 3390 recreandos

321 3426 574 3485 fecerat,
604 3422 868 3477 funditus
915 3429 1136 3479 vastata
1182 3427 1241 3479 et
1295 3423 1492 3479 diruta
1545 3428 1701 3479 sunt.
1736 3426 1976 3495 Propter

316 3516 433 3571 has
462 3527 611 3568 vero
638 3511 884 3567 insidias
912 3514 970 3567 et
998 3512 1144 3568 alias
1172 3512 1392 3568 multas
1416 3513 1547 3568 haec
1574 3518 1631 3567 et
1662 3512 1779 3568 alia
1809 3512 1975 3567 bona

322 3599 796 3659 innumerabilia
821 3617 956 3673 quas
987 3600 1182 3657 facere
1229 3601 1417 3657 voluit
1468 3607 1525 3657 et
1554 3602 1734 3673 cmpit
1769 3601 1830 3657 in
1863 3616 1974 3656 suo

331 3691 630 3764 episcopio
663 3705 787 3745 non
817 3695 1131 3763 apparent,
1163 3705 1298 3763 quas
1336 3705 1375 3746 a
1424 3689 1677 3745 Domino
1728 3688 1840 3744 illis
1888 3704 1974 3743 re-

344 3779 637 3850 quirantur
665 3794 705 3835 a
735 3779 959 3851 quibus
984 3780 1113 3835 haec
1143 3778 1437 3834 subversa
1461 3782 1518 3834 et
1535 3783 1769 3835 vastata
1794 3782 1973 3850 atque

337 3868 627 3939 prohibita
685 3871 845 3933 sunt,
877 3872 935 3923 et
961 3882 1083 3922 non
1125 3867 1203 3923 ab
1232 3866 1353 3934 illo,
1385 3867 1489 3940 qui
1518 3867 1646 3922 haec
1695 3882 1871 3935 agere
1919 3870 1975 3922 et

329 3955 655 4028 adimplere
682 3956 871 4012 voluit
918 3962 975 4012 et
1025 3955 1357 4028 prohibitus
1385 3960 1564 4027 atque
1594 3955 1859 4025 dejectus
1890 3954 1975 4011 di-

323 4041 503 4095 misit.
533 4040 861 4113 Praascripti
889 4055 1033 4110 ergo
1065 4041 1397 4112 tyrannide
1419 4054 1634 4109 genere
1666 4039 1894 4094 Herivei
1919 4043 1975 4094 et

322 4130 566 4186 Vidonis
594 4131 974 4202 superiorum
998 4135 1394 4203 tyrannorum
1426 4134 1863 4187 remanserunt.

1095 4276 1223 4329 LIV.

2084 1736 2351 1810 pontiﬁci
2381 1736 2717 1792 secundum
2738 1752 2913 1791 suam
2934 1737 3305 1791 voluntatem
3326 1738 3483 1792 hanc
3514 1736 3734 1792 tribuat

2083 1826 2298 1896 degere
2323 1826 2530 1893 vitam,
2564 1830 2618 1881 et
2650 1825 2898 1899 quando
2928 1826 2981 1881 ei
3007 1825 3315 1898 placuerit,
3339 1825 3597 1897 ﬁnisque
3627 1826 3734 1880 hu-

2078 1915 2180 1985 jus
2212 1915 2345 1969 vitea
2376 1915 2699 1979 advenerit,
2730 1914 2986 1970 caelestis
3008 1915 3201 1984 janua
3224 1913 3277 1968 ei
3306 1917 3525 1985 pateat,
3560 1918 3617 1968 et
3642 1913 3730 1968 lo-

2084 2019 2191 2059 cus
2219 2008 2564 2060 sanctorum
2610 2003 2895 2059 consortii
2932 2003 3109 2058 nobis
3141 2001 3604 2074 deprecantibus
3633 2002 3733 2058 de-

2084 2099 2197 2148 tur.
2248 2098 2458 2148 Amen.
2530 2092 2805 2149 Similiter
2859 2097 2916 2148 et
2960 2091 3244 2164 praefatus
3295 2090 3559 2162 pontifex
3620 2105 3731 2162 pro

2082 2181 2259 2236 nobis
2291 2181 2574 2236 omnibus
2620 2185 2723 2236 aut
2769 2196 2875 2252 per
2914 2196 2977 2235 se
3026 2185 3129 2234 aut
3158 2193 3265 2250 per
3294 2178 3557 2249 aliquem
3588 2194 3625 2234 a
3668 2192 3730 2233 se

2084 2269 2481 2325 commissum
2512 2276 2603 2324 est
2634 2268 2929 2340 pollicitus
2961 2282 3158 2337 agere.
3180 2268 3431 2336 Insuper
3459 2265 3588 2320 hinc
3616 2269 3730 2320 tra-

2084 2362 2309 2413 ctantes
2338 2357 2400 2411 in
2419 2357 2745 2429 prescripto
2772 2354 2988 2410 Iduum
3017 2353 3303 2410 Maiarum
3325 2352 3421 2407 die
3443 2358 3499 2408 et
3518 2353 3579 2407 in
3599 2352 3729 2422 jam

2084 2446 2245 2502 dicta
2272 2446 2505 2517 synodo
2527 2446 2677 2500 inter
2691 2459 2805 2499 nos
2833 2443 3211 2498 decrevimus
3230 2447 3296 2497 ut
3319 2441 3730 2513 unusquisque

2083 2539 2380 2601 nostrum,
2415 2534 2562 2589 dum
2594 2532 2902 2594 advixerit,
2938 2547 3047 2604 pro
3079 2531 3205 2585 suis
3234 2529 3636 2585 confratribus
3667 2529 3729 2584 in

2084 2638 2288 2679 annuo
2317 2622 2636 2678 duodecim
2667 2626 2864 2677 cantet
2892 2621 3112 2675 missas
3145 2634 3285 2674 cum
3324 2617 3730 2674 oblationibus

2083 2718 2138 2768 et
2165 2712 2408 2784 reliquis
2434 2710 2829 2786 orationibus,
2858 2715 2914 2765 et
2942 2707 3433 2781 quandocunque
3458 2711 3730 2764 nostrum
3799 2758 3807 2763 ς

2084 2801 2502 2873 unusquisque
2532 2798 2914 2868 (decesserit),
2930 2797 3197 2854 decanus
3222 2796 3471 2851 nomina
3500 2795 3577 2852 de
3607 2798 3730 2850 suis

2077 2890 2420 2961 junioribus
2452 2888 2793 2960 conscripta
2821 2887 2884 2941 in
2909 2893 3138 2954 nostra,
3167 2901 3275 2958 per
3313 2884 3553 2954 singula
3578 2888 3729 2939 tem-

2003 3013 2047 3069 ο
2081 2977 2536 3069 porapsynodo
2586 2976 2831 3069 deferat,
2876 2978 2931 3031 et
2974 2974 3407 3069 unusquisque
3455 2978 3729 3069 nostrum

2082 3082 2191 3139 pro
2216 3066 2330 3122 illis
2361 3066 2579 3121 missas
2611 3063 2911 3137 compleat
2953 3063 3275 3118 duodecim
3316 3077 3454 3116 cum
3481 3060 3731 3117 oblatio-

2081 3155 2259 3210 nibus
2290 3158 2347 3210 et
2375 3153 2618 3225 reliquis
2648 3151 3019 3208 orationibus
3056 3154 3114 3205 et
3139 3150 3406 3219 vigiliam
3444 3163 3584 3203 cum
3622 3163 3730 3204 no-

2082 3258 2215 3298 vem
2247 3242 2494 3313 psalmis
2527 3244 2586 3295 et
2628 3239 2875 3295 totidem
2904 3237 3257 3293 lectionibus
3300 3240 3356 3291 et
3400 3248 3727 3307 responso-

2081 3330 2202 3393 riis,
2230 3345 2350 3385 una
2379 3344 2519 3385 cum
2548 3326 2965 3383 matutinalem
3020 3324 3298 3398 synaxim
3327 3322 3579 3379 ﬁdeliter
3615 3338 3728 3395 pro

2083 3417 2376 3473 defunctis
2403 3416 2685 3473 fratribus
2711 3419 2979 3488 peragat,
3013 3418 3070 3469 et
3094 3413 3178 3468 sic
3208 3414 3323 3469 hoc
3362 3412 3539 3468 faciat
3575 3412 3729 3468 sicut

2082 3507 2205 3562 vult
2224 3521 2343 3578 pro
2372 3521 2435 3561 se
2464 3505 2591 3561 ﬁeri
2622 3504 2869 3577 quando
2900 3504 3014 3559 hoc
3040 3502 3201 3559 idem
3231 3502 3283 3582 ei
3308 3500 3640 3568 advenerit,
3672 3504 3732 3556 et

2085 3597 2237 3651 sicut
2281 3598 2417 3651 ante
2466 3593 2728 3650 tribunal
2765 3592 3011 3648 districti
3046 3590 3267 3662 judicis
3315 3590 3609 3646 rationem
3656 3603 3763 3644 ex.

2083 3685 2197 3740 hoc
2237 3683 2486 3739 reddere
2530 3681 2777 3739 voluerit
2802 3680 2967 3753 quod
2999 3680 3094 3735 hic
3144 3690 3347 3735 coram
3381 3681 3518 3745 Deo,
3552 3682 3608 3733 et
3634 3693 3736 3732 co-

2083 3789 2214 3829 ram
2255 3777 2460 3828 nostro
2488 3769 2768 3843 pontiﬁce
2798 3776 2857 3824 et
2883 3785 3088 3825 coram
3114 3767 3291 3824 nobis
3331 3765 3617 3823 omnibus
3666 3781 3727 3821 se

2083 3862 2277 3917 facere
2304 3864 2518 3933 sponte
2542 3858 2832 3932 promisit.
2867 3857 3109 3913 Tribuat
3132 3856 3421 3911 Dominus
3453 3854 3730 3925 omnipo-

2082 3955 2213 4006 tens
2254 3953 2319 4005 ut
2360 3948 2442 4004 sic
2486 3947 2625 4003 inde
2679 3946 2974 4002 faciamus
3005 3950 3071 4000 ut
3096 3959 3219 4000 non
3248 3943 3722 4009 damnationem,

2082 4039 2186 4093 sed
2211 4037 2455 4110 plenam
2483 4036 2936 4093 retributionem
2985 4050 3057 4091 ex
3099 4033 3192 4089 his
3243 4050 3279 4089 a
3326 4032 3580 4088 Domino
3607 4033 3726 4088 Deo

2081 4131 2288 4184 nostro
2316 4126 2620 4199 percipere
2648 4124 2985 4187 valeamus,
3008 4128 3064 4179 et
3092 4123 3277 4178 vitam
3315 4121 3538 4177 habere
3568 4136 3726 4176 sem-

2080 4217 2377 4290 piternam
2440 4214 2774 4281 valeamus,
2822 4212 3144 4269 auxiliante
3212 4210 3465 4267 Domino
3522 4213 3726 4266 nostro

2081 4308 2217 4361 Jesu
2269 4303 2516 4371 Christo,
2557 4303 2662 4375 qui
2709 4318 2847 4357 cum
2902 4303 3074 4358 Patre
3129 4303 3187 4356 et
3242 4298 3460 4375 Spiritu
3518 4301 3727 4355 sancto

316 4378 602 4449 Synodus
643 4379 847 4437 habita
878 4381 954 4436 ab
978 4379 1227 4436 Aldrico
1273 4380 1337 4435 in
1368 4379 1515 4436 urbe
1549 4378 1968 4435 Cenomanica.

2084 4394 2228 4450 vivit
2269 4396 2327 4449 et
2354 4362 2640 4463 gloriatur
2669 4394 2825 4447 Deus
2853 4405 2960 4462 per
2990 4388 3198 4446 omnia
3228 4362 3452 4445 stscula
3483 4386 3731 4443 saeculo—

392 4489 455 4540 ln
499 4485 749 4542 nomine
782 4485 971 4542 Patris
1002 4491 1059 4542 et
1097 4485 1216 4541 Filii
1261 4489 1319 4542 et
1361 4485 1610 4558 Spiritus
1649 4485 1858 4541 sancti.
1887 4484 1973 4539 Al-

316 4573 524 4629 dricus
604 4574 890 4645 indignus
958 4575 1370 4632 Cenomanicae
1434 4574 1645 4630 matris
1713 4573 1973 4629 ecclesiae

317 4663 645 4735 episcopus
676 4663 959 4719 omnibus
987 4668 1206 4719 nostras
1235 4678 1394 4719 curre
1415 4661 1758 4717 commissis
1791 4661 1974 4718 sacris

317 4752 635 4808 ordinibus
687 4756 745 4808 et
789 4751 1018 4807 cunctis
1078 4751 1358 4807 ﬁdelibus
1412 4750 1664 4806 salutem
1734 4755 1790 4805 et
1847 4749 1973 4819 glo-

318 4841 470 4896 riam
520 4839 968 4912 sempiternam.
1001 4841 1150 4896 Cum
1182 4841 1242 4895 in
1292 4839 1391 4895 Dei
1416 4839 1662 4894 nomine
1703 4854 1864 4894 anno
1890 4838 1975 4893 ind

321 4928 686 4985 carnationis
729 4929 1049 4984 Dominicae
1096 4928 1591 4997 octingentesimo
1633 4927 1972 4999 quadrage-

325 5016 492 5085 simo,
544 5017 873 5073 Indictione
918 5018 1107 5087 tertia,
1154 5023 1212 5074 et
1257 5033 1420 5074 anno
1476 5016 1708 5089 imperii
1764 5016 1975 5072 domni

326 5106 603 5162 Ludovici
634 5106 890 5178 piissimi
919 5106 1295 5179 imperatoris
1312 5106 1598 5178 vigesimo
1617 5111 1676 5160 et
1696 5105 1970 5177 septimo,

321 5208 478 5250 anno
532 5210 679 5251 vero
736 5199 951 5252 octavo
1007 5195 1398 5252 ordinationis
1441 5194 1710 5267 praedicti
1755 5193 1973 5250 Aldrici

313 5284 610 5357 episcopi,
653 5290 872 5357 quarto
928 5283 1203 5342 videlicet
1255 5284 1468 5341 Iduum
1515 5283 1802 5340 Maiarum
1853 5282 1969 5351 die,

310 5372 625 5445 synodum
657 5373 933 5430 omnium
965 5374 1350 5430 sacerdotum
1399 5388 1468 5428 ac
1516 5371 1832 5428 levitarum
1865 5387 1972 5427 seu

215 5480 225 5501 -
305 5462 686 5534 reliquorum
776 5478 1085 5519 servorum
1164 5463 1266 5519 Dei
1330 5461 1735 5518 Ccnomanica
1826 5459 1970 5515 urbe

306 5550 638 5623 praedictus
701 5550 972 5625 pontifex
1027 5551 1414 5619 coadunaret,
1469 5554 1606 5623 post
1662 5548 1967 5605 allocutio-

306 5654 454 5696 nem
482 5645 544 5697 et
569 5639 1047 5698 admonitionem
1095 5640 1221 5697 sive
1250 5639 1705 5713 inquisitionem
1734 5652 1966 5707 eorum,

2082 4498 2238 4539 rum.
2269 4485 2479 4537 Amen.

2854 4586 2959 4640 LV.

2155 4694 2285 4750 Haec
2313 4700 2404 4750 est
2432 4692 2616 4750 missa
2647 4708 2783 4765 qure
2810 4706 2919 4764 pro
2963 4689 3191 4745 domno
3216 4684 3502 4757 episcopo
3532 4688 3588 4739 et
3615 4698 3726 4755 pro

2081 4782 2364 4839 omnibus
2396 4782 2507 4838 sibi
2549 4779 2881 4837 commissis
2912 4778 2971 4832 in
3003 4788 3373 4846 unaquaque
3398 4769 3729 4827 hebdoma-

2080 4871 2184 4941 da,
2212 4870 2273 4925 id
2316 4875 2403 4926 est
2451 4874 2667 4942 quarta
2699 4872 2753 4922 et
2801 4874 2969 4920 sexta
2996 4863 3161 4933 feria,
3194 4876 3317 4917 una
3354 4877 3493 4917 cum
3522 4859 3730 4917 litania

2082 4958 2396 5031 adimpleri
2427 4956 2707 5024 debetur;
2751 4956 2807 5010 et
2835 4956 2972 5025 post
3000 4951 3180 5007 istam
3214 4948 3606 5022 subsequitur
3626 4947 3729 5005 illa

2080 5065 2268 5122 quam
2298 5063 2408 5120 pro
2435 5044 2610 5102 nobis
2638 5044 2699 5100 in
2745 5043 3000 5099 invicem
3051 5054 3265 5098 canere
3306 5038 3640 5105 debemus;
3673 5042 3731 5094 et

2080 5142 2216 5212 post
2266 5135 2431 5193 illam
2483 5132 2869 5207 subsequitur
2916 5132 3016 5188 illa
3062 5146 3249 5204 quam
3299 5145 3410 5202 pro
3442 5126 3725 5184 fratribus

2079 5226 2301 5283 nostris
2330 5224 2624 5282 defunctis
2654 5227 2896 5280 cantare
2924 5220 3237 5277 debemus.

2245 5352 2429 5407 Missa
2456 5348 2831 5421 quotidiana.
2863 5352 2922 5403 ἡ.
2956 5345 3134 5400 Intret
3162 5342 3354 5400 oratio
3382 5356 3543 5398 mea.

2150 5460 2378 5514 Sanctae
2397 5456 2496 5511 Dei
2518 5454 2816 5526 genitricis
2846 5453 3038 5510 Mariae
3062 5465 3133 5509 ac
3150 5449 3467 5506 beatorum
3490 5450 3725 5519 aposto-

2074 5546 2272 5604 lorum
2299 5548 2421 5602 sive
2454 5549 2787 5617 martyrum
2818 5546 3059 5599 tuorum
3090 5538 3353 5596 Gervasii
3383 5542 3440 5593 et
3469 5531 3721 5592 Protasii

2079 5640 2258 5709 atque
2278 5634 2469 5693 sancti
2488 5632 2773 5707 Stephani
2788 5630 3088 5703 simulque
3110 5628 3480 5702 reliquorum
3502 5625 3731 5703 marty-
