4160 6182
385 137 457 193 π
1467 119 1748 181 ALDRICI
1786 117 2322 177 CENOMA‘NENSIS
2361 120 2694 177 EPISCOPI.
3664 112 3667 117 ³
3739 118 3814 173 96

385 271 526 316 rum
553 261 612 313 et
657 252 1071 311 confessorum
1111 248 1534 319 virginumque
1562 246 1743 315 atque
1767 240 2042 297 omnium

390 349 739 404 sanctorum
769 347 1009 398 tuorum
1035 337 1299 395 assiduis
1330 330 1852 400 intercessionibus
1880 345 2042 402 quae-

391 450 624 496 sumus,
659 428 930 487 Salvator
978 424 1209 491 mundi,
1241 422 1588 496 pontiﬁcem
1643 425 1917 475 nostrum
1954 416 2045 473 Al-

391 521 626 579 dricum
654 514 1111 574 misericorditer
1138 517 1404 582 protege,
1427 509 1767 582 pariterque
1795 505 1846 561 ei
1879 504 2046 562 fami-

392 608 642 666 liaritate
673 610 853 676 atque
881 597 1396 668 consanguinitate
1425 596 1798 667 conjunctos,
1831 598 1884 649 et
1914 607 2045 648 om-

392 712 501 753 nes
533 693 644 751 sibi
675 689 1028 747 commissos
1075 685 1387 758 utriusque
1432 682 1658 741 ordinis
1687 681 1848 738 viros
1885 684 1944 737 et
1970 679 2049 735 fe-

394 785 592 843 minas
637 780 714 835 ab
760 775 927 832 omni
975 774 1270 847 pravitate
1323 772 1597 839 defende,
1631 775 1688 827 et
1713 768 2047 827 secundum

395 878 559 929 tuam
590 866 958 923 voluntatem
976 863 1060 919 eis
1090 863 1283 919 vivere
1310 862 1521 928 tribue,
1553 873 1917 931 omnemque
1944 873 2049 930 po-

393 958 604 1034 pulum
636 953 1041 1012 Christianum
1070 949 1530 1008 misericorditer
1559 947 1816 1016 custodi,
1846 950 1903 1002 et
1927 945 2053 1001 ani-

392 1046 614 1107 mabus
631 1041 997 1099 famulorum
1017 1039 1505 1111 famularumque
1520 1044 1758 1094 tuarum
1778 1034 2049 1092 omnium

392 1134 509 1190 sibi
537 1131 1000 1189 commissorum
1041 1132 1099 1184 et
1120 1126 1584 1183 commissarum
1611 1129 1789 1197 atque
1813 1126 2050 1178 cuncto-

395 1237 533 1278 rum
585 1221 1058 1289 cunctarumque
1110 1216 1171 1272 in
1218 1215 1445 1271 Christo
1487 1212 1921 1286 quiescentium
1957 1226 2048 1271 re,-

397 1309 603 1384 quiem
631 1306 822 1363 tribue
844 1306 1140 1375 benignus
1163 1304 1609 1376 sempiternam,
1626 1307 1684 1357 et
1706 1306 2051 1356 sanctorum

400 1404 640 1455 tuorum
667 1394 917 1451 coetibus
948 1394 1292 1449 consociare
1319 1390 1582 1461 digneris
1605 1388 1919 1463 propitius.
1948 1390 2052 1442 Per

402 1485 722 1548 Christum,
775 1488 883 1539 etc.
933 1483 1207 1552 Epistola
1262 1481 1344 1537 ad
1378 1480 1767 1536 Cotossenses.
1801 1480 2049 1540 Fratres,

399 1589 525 1632 non
550 1586 857 1627 cessamus
885 1585 993 1642 pro
1024 1569 1196 1624 vobis
1219 1573 1458 1625 orantes
1480 1571 1537 1622 et
1563 1564 1954 1639 postulantes.
1983 1559 2050 1633 ἢ.

403 1661 670 1727 Domine,
706 1658 943 1725 exaudi,
976 1665 1034 1715 ι’.
1088 1661 1168 1714 Ne
1215 1661 1469 1713 evertas.
1520 1655 1920 1725 Evangetium
1964 1666 2051 1707 se-

403 1751 664 1809 cundum
692 1752 1000 1805 Joannem.
1038 1751 1100 1804 ιιι
1137 1746 1235 1802 illo
1276 1752 1562 1819 tempore,
1596 1741 1922 1800 sublevatis
1963 1744 2054 1796 Je-

404 1857 507 1897 sus
536 1838 724 1895 oculis
749 1838 812 1893 in
836 1837 1056 1893 coelum
1081 1834 1265 1892 dixit:
1293 1838 1476 1901 Pater,
1509 1850 1664 1906 quos
1695 1831 1915 1888 dedisti
1942 1830 2055 1885 mi-

402 1928 486 1997 hi,
517 1927 654 1983 volo
685 1932 748 1983 ut
775 1926 875 1982 ubi
901 1941 1011 1995 ego
1053 1941 1209 1995 sum,
1235 1929 1291 1980 et
1319 1923 1401 1979 illi
1431 1923 1549 1979 sint
1594 1938 1854 1988 mecum,
1892 1924 1953 1975 ut
1979 1918 2057 1974 vi-

404 2015 939 2074 deantclaritatem
971 2030 1170 2070 meam
1207 2029 1394 2086 quam
1442 2011 1658 2068 dedisti
1707 2010 1872 2077 mihi,
1914 2010 2058 2080 quia

404 2105 657 2161 dilexisti
686 2121 784 2160 me
829 2109 965 2159 ante
997 2101 1207 2156 mundi
1237 2100 1739 2156 constitutionem.
1777 2102 1941 2153 Pater
1964 2097 2057 2167 ju-

406 2200 516 2259 ste,
547 2193 812 2249 mundus
844 2198 897 2248 te
927 2207 1048 2247 non
1079 2190 1377 2261 cognovit.
1412 2192 1532 2261 Ego
1575 2194 1777 2244 autem
1806 2186 1945 2242 novi
1980 2190 2056 2252 te,

405 2289 463 2341 et
488 2283 550 2339 hi
577 2286 1002 2353 cognoverunt,
1031 2281 1176 2353 quia
1205 2286 1263 2335 tu
1293 2295 1389 2334 me
1416 2278 1624 2334 misisti
1646 2282 1704 2334 et
1740 2281 1950 2333 notum
1980 2275 2062 2331 fe-

408 2374 462 2429 ci
488 2372 572 2428 eis
627 2386 851 2427 nomen
892 2376 1081 2438 tuum,
1115 2375 1172 2424 et
1217 2373 1428 2424 notum
1461 2366 1699 2432 faciam,
1734 2371 1796 2422 ut
1824 2365 2059 2420 dilectio

407 2475 534 2533 qua
580 2458 834 2515 dilexisti
891 2473 987 2512 me
1039 2457 1101 2512 in
1154 2456 1298 2528 ipsis
1356 2457 1446 2522 sit,
1506 2460 1563 2511 et
1613 2470 1724 2523 ego
1777 2454 1837 2509 in
1888 2454 2056 2526 ipsis.

412 2547 619 2616 Olfert.
667 2544 914 2609 Exaudi,
948 2545 1122 2600 Deus.
1171 2546 1431 2600 Secreta.
1480 2542 1806 2599 Oblationis
1855 2542 2060 2611 hujus,

411 2634 679 2702 Domine,
738 2633 975 2706 placare
1031 2631 1404 2699 muneribus,
1459 2637 1515 2687 et
1560 2630 2063 2686 intercedentibus

411 2721 695 2778 omnibus
744 2720 964 2776 sanctis
996 2719 1108 2775 tuis
1140 2724 1381 2791 protege
1412 2717 1758 2791 pontiﬁcem
1790 2721 2063 2772 nostrum

413 2809 719 2866 Aldricum
744 2815 801 2865 et
823 2824 1033 2864 omnes
1063 2808 1175 2863 sibi
1205 2807 1558 2864 commissos
1589 2806 2063 2877 commissasque

415 2904 595 2971 atque
619 2914 862 2954 omnem
893 2896 1187 2969 populum
1220 2896 1614 2953 Christianum
1649 2909 1684 2950 a
1709 2895 1936 2950 cunctis
1966 2893 2065 2949 de-

416 2986 592 3043 fende
630 2986 926 3060 periculis,
955 2991 1011 3041 et
1048 2985 1372 3041 animabus
1413 2983 1775 3040 famulorum
1815 2982 2067 3039 famula-

413 3090 673 3148 rumque
704 3082 941 3131 tuarum
967 3074 1241 3130 omnium
1284 3073 1396 3129 sibi
1423 3073 1885 3128 commissorum
1907 3087 2066 3126 com-

413 3162 858 3236 missarumque
888 3168 1069 3235 atque
1115 3165 1470 3217 cunctorum
1503 3166 1975 3231 cunctarumque
2004 3159 2066 3215 in

417 3251 646 3310 Christo
670 3251 1102 3323 quiescentium
1131 3266 1236 3321 per
1262 3250 1389 3304 haec
1420 3253 1626 3304 sancta
1665 3248 1958 3304 sacrificia
1982 3263 2069 3303 re-

418 3340 764 3396 missionem
810 3339 1084 3394 omnium
1131 3339 1325 3393 tribue
1364 3342 1768 3409 peccatorum,
1798 3342 1855 3391 et
1884 3337 2068 3391 vitam

416 3427 640 3483 habere
683 3426 942 3480 concede
968 3426 1416 3498 sempiternam.
1455 3424 1768 3494 Praefatio.
1805 3426 1946 3479 Vere
1976 3423 2068 3479 di-

420 3528 630 3584 gnum,
661 3517 769 3568 etc.
777 3553 796 3583 ,
817 3518 870 3568 et
904 3518 1069 3568 tuam
1101 3512 1478 3568 clementiam
1505 3512 1762 3585 profusis
1791 3512 2070 3585 precibus

418 3600 761 3673 implorare,
792 3599 1192 3655 intercedente
1237 3600 1417 3657 beata
1445 3606 1502 3656 et
1543 3599 1806 3671 gloriosa
1834 3616 2070 3672 semper

418 3688 647 3759 virgine
676 3688 777 3743 Dei
805 3688 1088 3758 genitrice
1116 3689 1314 3750 Maria,
1336 3689 1675 3761 sanctisque
1704 3688 2069 3761 martyribus

421 3776 537 3834 tuis
564 3776 842 3832 Gervasio
873 3782 931 3831 et
954 3775 1242 3844 Protasio,
1270 3775 1392 3832 sive
1442 3782 1650 3832 sancto
1682 3777 1983 3849 Stephano
2015 3781 2072 3831 et

420 3865 706 3921 omnibus
754 3865 975 3921 sanctis
1010 3864 1147 3932 tuis,
1180 3870 1533 3920 cunctorum
1562 3870 1946 3937 peccatorum
1976 3880 2071 3920 ve-

418 3953 585 4009 niam
614 3953 878 4024 pontifex
902 3958 1104 4008 noster
1132 3952 1403 4008 Aldricus
1434 3953 1721 4025 consequi
1751 3960 2066 4023 mereatur,

419 4045 478 4096 et
503 4055 606 4094 eos
634 4055 861 4112 easque
883 4056 1039 4113 quos
1068 4044 1126 4096 et
1151 4055 1304 4113 quas
1334 4040 1387 4095 ei
1416 4056 1559 4096 cura
1595 4041 1902 4110 regiminis
1933 4056 2070 4098 con-

422 4127 654 4184 sociasti
673 4144 744 4183 ac
762 4127 1160 4185 familiaritate
1190 4133 1247 4185 et
1272 4128 1786 4197 consanguinitate
1796 4129 2067 4200 junxisti,

421 4221 480 4273 et
506 4232 749 4272 omnem
775 4216 1071 4290 populum
1104 4218 1501 4274 Christianum
1545 4218 1900 4289 angelorum
1937 4235 2068 4276 om-

421 4305 591 4361 nium
608 4311 950 4360 sanctorum
974 4312 1211 4361 tuorum
1235 4306 1523 4378 praesidiis
1548 4312 1728 4373 tuere,
1758 4312 1815 4362 et
1834 4308 2070 4364 animas

422 4392 788 4450 famulorum
836 4395 1322 4468 famularumque
1348 4400 1589 4452 tuarum
1638 4396 1912 4453 omnium
1957 4396 2070 4452 sibi

423 4483 884 4540 commissorum
932 4491 989 4540 et
1015 4485 1476 4541 commissarum
1508 4491 1688 4558 atque
1718 4491 2071 4542 cunctorum

422 4577 895 4648 cunctarumque
923 4575 983 4629 in
1030 4573 1260 4631 Christo
1288 4573 1744 4646 quiescentium,
1780 4580 1842 4630 ut
1871 4575 1929 4630 in
1964 4591 2069 4649 pa-

423 4662 507 4717 cis
559 4678 628 4719 ac
677 4663 827 4721 lucis
876 4664 1120 4736 regione
1167 4662 1493 4720 constituas
1527 4667 1940 4737 deprecamur.
1973 4668 2075 4721 Per

424 4751 721 4808 Christum
782 4755 1102 4810 Dominum
1158 4758 1454 4810 nostrum.
1523 4754 1697 4825 Infra
1758 4756 2070 4811 actionem.

426 4842 588 4896 Hanc
617 4840 795 4911 igitur
818 4841 1183 4898 oblationem
1211 4859 1397 4916 quam
1420 4843 1521 4900 tibi
1545 4860 1654 4916 pro
1670 4844 1951 4918 pontifice
1973 4862 2076 4901 no-

426 4931 547 4982 stro
568 4927 802 4984 Aldrico
833 4935 1013 5001 atque
1051 4945 1230 5000 grege
1261 4932 1372 4987 sibi
1399 4934 1721 4990 commisso
1752 4941 1807 4990 et
1837 4936 2076 5007 propin-

424 5016 651 5089 quitate
681 5032 752 5073 ac
780 5016 1176 5073 familiaritate
1211 5017 1431 5089 junctis
1457 5022 1507 5077 ei
1538 5028 1717 5096 atque
1744 5038 1854 5095 pro
1885 5022 2074 5077 salute

426 5104 621 5160 cuncti
667 5104 876 5178 populi
926 5104 1243 5162 Christiani
1290 5110 1635 5182 suppliciter
1661 5110 2073 5182 immolamus,

425 5208 802 5266 quaesumus,
838 5194 1104 5260 Domine,
1133 5202 1197 5251 ut
1222 5196 1520 5267 benignus
1563 5199 1844 5271 accipias,
1879 5202 1936 5252 et
1974 5202 2075 5253 tua

425 5282 641 5355 pietate
686 5283 1006 5349 concedas,
1042 5289 1103 5341 ut
1148 5284 1200 5340 ei
1246 5285 1359 5343 illis
1390 5288 1663 5360 proﬁciat
1690 5286 1767 5343 ad
1822 5285 2074 5342 salutem

426 5371 607 5442 hujus
664 5372 896 5444 pietatis
933 5372 1205 5443 affectus,
1240 5380 1296 5432 et
1345 5375 1668 5432 animabus
1707 5372 2075 5431 famulorum

427 5458 911 5534 famularumque
958 5466 1199 5519 tuarum
1249 5464 1522 5520 omnium
1566 5462 1677 5518 sibi
1727 5461 2079 5518 commisso-

428 5565 562 5608 rum
583 5553 642 5608 et
655 5551 1117 5609 commissarum
1134 5556 1314 5626 atque
1334 5556 1685 5615 cunctorum
1700 5555 2080 5610 cunctarum-

2151 258 2270 314 que
2316 243 2377 299 in
2421 244 2651 300 Christo
2698 238 3111 315 quiescenium
3162 238 3439 311 impetret
3484 237 3816 294 beatitudi-

2153 348 2291 388 nem
2338 334 2784 405 sempiternam,
2817 330 3068 401 diesque
3121 332 3380 383 nostros.
3415 328 3515 383 Ad
3551 343 3818 385 commu-

2155 422 2409 476 nionem.
2440 428 2624 476 Amen
2655 419 2791 475 dico
2828 417 3019 474 vobis.
3048 416 3146 472 Ad
3170 417 3612 485 complendum.
3649 416 3822 473 Puri-

2154 510 2306 573 licet,
2335 524 2705 581 quaesumus,
2735 506 3005 563 Salvator
3048 504 3281 571 mundi,
3310 504 3664 574 pontiﬁcem
3708 521 3819 562 no-

2156 601 2345 654 strum
2373 597 2676 653 Aldricum
2719 595 2905 652 divini
2935 594 3298 651 sacramenti
3342 593 3570 661 libatio,
3603 598 3661 649 et
3686 593 3818 664 glo-

2155 686 2315 743 riosa
2342 692 2563 743 sanctae
2597 685 2692 742 Dei
2725 684 3023 756 genitricis
3071 684 3263 741 Mariae
3304 688 3488 756 atque
3536 684 3818 739 omnium

2158 779 2501 831 sanctorum
2531 774 2738 839 oratio,
2771 777 2828 830 et
2855 772 3019 842 gregi
3050 771 3163 828 sibi
3193 771 3523 827 commisso
3552 787 3623 826 ac
3642 770 3819 827 fami-

2157 864 2405 920 liaritate
2431 868 2488 919 et
2516 861 3035 932 consanguinitate
3058 860 3282 931 junctis
3329 860 3383 917 ei
3422 864 3480 915 et
3516 860 3679 915 omni
3710 876 3821 932 po-

2159 953 2302 1025 pulo
2352 952 2680 1009 Christiano
2708 948 3183 1006 misericordiam
3211 954 3379 1006 tuam
3412 947 3641 1020 ubique
3665 964 3821 1020 prae-

2160 1042 2356 1109 tende,
2382 1046 2440 1099 et
2457 1040 2776 1098 animabus
2792 1038 3160 1095 famulorum
3181 1037 3674 1110 famularumque
3693 1043 3820 1094 tua-

2160 1147 2291 1187 rum
2319 1131 2589 1186 omnium
2616 1128 2729 1184 sibi
2753 1127 3219 1183 commissorum
3263 1132 3322 1183 et
3349 1127 3816 1183 commissarum

2160 1222 2340 1292 atque
2368 1223 2720 1275 cunctorum
2752 1220 3227 1287 cunctarumque
3252 1215 3316 1270 in
3346 1214 3578 1272 Christo
3624 1215 3821 1287 quies-

2160 1309 2419 1364 centium
2449 1306 2865 1363 remissionem
2904 1304 3175 1360 omnium
3208 1303 3401 1359 tribue
3431 1309 3823 1375 peccatorum

2161 1402 2218 1452 et
2243 1397 2427 1452 vitam
2474 1395 2696 1451 habere
2743 1392 3006 1449 concede
3064 1392 3513 1464 sempiternam.
3542 1392 3675 1462 Per,
3707 1396 3821 1450 etc.

2161 1488 2321 1542 Atia.
2356 1485 2745 1558 Omnipotens
2770 1483 3127 1555 sempiterne
3160 1486 3334 1552 Deus,
3358 1486 3582 1538 sanctae
3602 1482 3704 1538 Dei
3729 1499 3826 1552 ge-

2098 1596 2135 1645 t;
2162 1575 2383 1631 nitricis
2410 1576 2601 1632 Mariae
2627 1578 2685 1630 et
2708 1573 2980 1629 omnium
3003 1575 3347 1627 sanctorum
3369 1576 3613 1627 tuorum
3644 1572 3747 1644 pia
3769 1577 3828 1628 et

2163 1663 2411 1721 assidua
2462 1661 2883 1718 intercessione
2928 1659 3275 1731 pontificem
3321 1664 3597 1715 nostrum
3636 1658 3825 1715 Aldri-

2164 1769 2303 1809 cum
2334 1752 2555 1823 ubique
2587 1749 3045 1806 misericorditer
3075 1752 3319 1820 protege
3339 1752 3399 1804 et
3426 1748 3506 1804 ab
3536 1748 3825 1804 omnibus

2164 1841 2627 1899 adversitatibus
2656 1838 2922 1911 corporis
2964 1841 3021 1893 et
3049 1837 3267 1894 animae
3294 1841 3399 1893 tua
3426 1838 3694 1910 potentia
3722 1837 3826 1893 de-

2165 1929 2361 1997 fende,
2393 1927 2909 1997 commissumque
2958 1924 3069 1981 sibi
3119 1939 3362 1995 gregem
3418 1930 3703 1981 cunctum
3742 1925 3824 1981 ad

2166 2017 2499 2088 regendum
2548 2014 2802 2081 custodi,
2836 2019 2893 2070 et
2938 2029 3184 2069 omnem
3225 2013 3519 2086 populum
3549 2014 3824 2069 Christia-

2166 2123 2314 2163 num
2341 2120 2653 2167 conserva,
2681 2107 2862 2175 atque
2914 2102 2995 2158 illi
3051 2107 3109 2158 et
3160 2102 3441 2158 omnibus
3491 2101 3552 2157 in
3589 2100 3816 2157 ('hristo

2168 2194 2614 2270 quiescentibus
2635 2193 2903 2265 requiem
2921 2193 3112 2249 tribue
3124 2192 3815 2264 sempiternam.Per,etc.

2169 2358 2315 2413 Item
2347 2356 2474 2412 alia
2500 2356 2680 2410 missa
2727 2367 2905 2424 quam
2935 2358 3141 2408 mutuo
3181 2352 3461 2422 pradicti
3491 2351 3824 2409 sacerdotes

2614 2426 2771 2481 inter
2799 2439 2859 2480 se
2883 2429 3131 2500 cantare
3154 2424 3386 2480 debent.

2244 2553 2417 2619 Deus,
2445 2550 2548 2622 qui
2564 2548 2865 2605 charitatis
2894 2548 3059 2604 dona
3080 2564 3187 2620 per
3206 2547 3461 2618 gratiam
3486 2547 3681 2603 sancti
3706 2546 3829 2619 Spi-

2171 2641 2318 2697 ritus
2367 2645 2607 2696 tuorum
2661 2636 2944 2693 cordibus
2998 2635 3271 2695 ﬁdelium
3316 2635 3610 2705 infudisti,
3643 2636 3722 2691 da
3748 2635 3828 2691 fa-

2174 2729 2351 2784 mulis
2395 2732 2452 2783 et
2482 2724 2827 2782 famulabus
2858 2724 2971 2780 tuis
2999 2724 3373 2781 diversorum
3415 2723 3827 2780 coenobiorum

2174 2820 2232 2873 et
2256 2816 2557 2872 titulorum
2584 2819 2763 2886 atque
2787 2812 3080 2883 locorum,
3103 2817 3228 2869 tam
3259 2813 3641 2869 sacerdotum
3672 2816 3730 2867 et
3752 2810 3830 2866 lc-

2172 2906 2429 2961 vitarum
2485 2917 2673 2975 quam
2721 2906 2780 2956 et
2833 2900 3201 2974 reliquorum
3247 2900 3518 2957 ﬁdelium
3585 2905 3827 2956 tuorum

2174 3008 2432 3068 quorum
2477 3006 2859 3063 quarumque
2906 2990 3265 3046 memoriam
3315 2989 3568 3060 agimus,
3596 2992 3825 3058 etquo-

2175 3098 2313 3139 rum
2338 3094 2720 3154 quarumque
2766 3079 2858 3134 his
2886 3078 2947 3135 in
2992 3078 3173 3135 titulis
3205 3078 3421 3150 scripta
3444 3074 3820 3131 continentur

2177 3167 2489 3238 vocabula,
2522 3166 2805 3223 fratribus
2857 3183 2927 3223 ac
2984 3168 3290 3224 sororibus
3332 3171 3389 3222 et
3427 3161 3822 3220 familiaribus

2178 3256 2398 3313 nostris
2446 3256 2701 3312 salutem
2738 3255 2955 3312 mentis
2978 3260 3038 3312 et
3074 3255 3362 3328 corporis,
3397 3258 3461 3310 ut
3488 3258 3542 3309 te
3573 3255 3694 3307 tota
3718 3244 3829 3305 vir-

2178 3349 2299 3401 tute
2328 3344 2595 3414 diligant,
2625 3349 2683 3400 et
2709 3360 2845 3417 quae
2875 3343 2976 3399 tibi
3006 3343 3224 3414 placita
3249 3346 3389 3397 sunt
3418 3345 3541 3398 tota
3569 3339 3830 3395 dilectio-

2178 3449 2254 3490 ne
2284 3432 2611 3505 perticiant.
2646 3435 2756 3489 Per
2786 3431 3123 3489 Dominum.
3151 3430 3350 3485 Lectio
3388 3429 3662 3485 Jeremiae
3684 3442 3831 3498 pro-

2170 3522 2392 3592 pheta}.
2424 3520 2480 3575 Si
2530 3521 2870 3593 iniquitates
2910 3523 3127 3575 nostra;
3169 3516 3832 3573 contenderint-contra

2179 3626 2311 3679 nos,
2337 3610 2605 3675 Domine,
2636 3609 2825 3665 libera
2877 3623 3007 3676 nos,
3046 3622 3419 3680 quaesumus,
3454 3605 3548 3661 fac
3587 3610 3833 3679 propter

2182 3714 2401 3754 nomen
2447 3703 2636 3763 tuum,
2669 3697 2959 3770 quoniam
3013 3695 3214 3752 multae
3268 3699 3408 3751 sunt
3449 3693 3834 3752 adversiones

2179 3792 2415 3851 nostrae,
2471 3785 2595 3842 Tibi
2643 3786 3047 3858 peccavimus,
3099 3784 3462 3856 exspectatio
3522 3781 3700 3839 Israel
3747 3796 3830 3852 es,

2182 3875 2450 3932 Salvator
2479 3879 2703 3945 noster,
2734 3875 2794 3930 in
2846 3879 3113 3947 tempore
3166 3871 3582 3928 tribulationis.
3615 3874 3699 3927 Tu
3729 3887 3834 3927 au-

2180 3969 2300 4020 tem
2328 3963 2389 4019 in
2419 3963 2595 4019 nobis
2623 3979 2705 4030 es,
2737 3963 3006 4032 Domine,
3029 3967 3085 4018 et
3112 3976 3337 4017 nomen
3362 3964 3637 4016 sanctum
3662 3964 3835 4016 tuum

2179 4067 2361 4124 super
2386 4067 2499 4107 nos
2526 4051 2868 4107 invocatum
2892 4056 3000 4106 est.
3034 4055 3113 4107 Ne
3151 4049 3534 4122 derelinquas
3560 4065 3693 4114 nos,
3730 4051 3837 4104 Do-

2179 4140 2339 4196 mine
2368 4140 2526 4195 Deus
2574 4145 2794 4195 noster.
2826 4138 3163 4196 See-undum
3212 4137 3586 4194 Matthaum.
3642 4142 3702 4193 ιιι
3735 4137 3834 4192 illo

2179 4235 2466 4302 tempore,
2498 4227 2646 4283 dixit
2689 4230 2860 4284 Jesus
2898 4226 3204 4299 discipulis
3235 4225 3395 4280 suis:
3440 4224 3620 4280 Petite
3646 4230 3703 4280 et
3726 4224 3832 4279 da-

2178 4318 2339 4374 bitur
2365 4316 2556 4383 vobis,
2589 4317 2836 4389 qurerite
2881 4321 2939 4372 et
2966 4314 3299 4382 invenietis,
3333 4313 3564 4386 pulsate
3613 4317 3673 4368 et
3700 4328 3835 4385 ape,

2178 4407 2361 4464 rietur
2403 4405 2597 4462 vobis.
2631 4405 2837 4463 Omnis
2885 4404 3045 4461 enim
3102 4402 3208 4475 qui
3263 4402 3410 4476 petit
3456 4400 3689 4474 accipit,
3722 4405 3840 4457 etc-

2178 4496 2442 4553 Secreta.
2487 4495 2747 4564 Munera,
2794 4508 3166 4566 quassamus,
3214 4490 3483 4557 Domine,
3532 4505 3668 4562 quae
3726 4505 3841 4562 pro

2181 4587 2390 4639 nostra
2441 4586 2499 4637 et
2549 4581 2846 4654 omnium,
2872 4596 3133 4653 quorum
3179 4593 3564 4651 quarumque
3604 4592 3836 4633 memo-

2182 4672 2335 4728 riam
2363 4670 2682 4727 recolimus
2733 4675 2792 4727 et
2826 4684 3088 4743 quorum
3134 4682 3518 4740 quarumque
3544 4665 3637 4723 his
3658 4664 3722 4721 in
3749 4664 3837 4720 di-

2184 4759 2417 4833 ptychis
2446 4759 2697 4815 nomina
2736 4758 3114 4815 continentur
3150 4756 3396 4824 inserta,
3428 4752 3837 4826 redemptione

2184 4848 2373 4905 oculis
2403 4848 2515 4905 tuis
2548 4854 2659 4905 tuas
2685 4847 2993 4904 offerimus
3024 4844 3322 4915 majestati
3350 4844 3625 4914 placatus
3654 4842 3842 4898 susci-

2184 4953 2279 5010 pe,
2307 4942 2364 4993 et
2397 4938 2476 4993 ad
2502 4943 2854 5010 perpetuam
2884 4935 3061 4991 nobis
3090 4932 3378 4990 omnibus
3409 4932 3600 4989 tribue
3628 4947 3842 5004 perve-

2184 5026 2311 5082 nire
2341 5025 2615 5088 salutem,
2644 5041 2770 5098 per.

2256 5113 2645 5185 Omnipotens
2669 5117 2886 5168 aeterne
2906 5111 3084 5177 Deus,
3099 5109 3500 5183 imploramus
3515 5114 3631 5165 tua:
3657 5109 3842 5180 maje-

2186 5205 2401 5258 statem
2433 5199 2877 5271 misericordiae,
2901 5202 2966 5254 ut
2995 5198 3169 5254 nobis
3194 5202 3253 5253 et
3272 5198 3557 5255 omnibus
3578 5211 3847 5271 quorum

2185 5304 2564 5364 quarumque
2585 5287 2903 5344 recolimus
2930 5285 3312 5356 memoriam,
3335 5292 3392 5342 et
3411 5302 3674 5360 quorum
3700 5301 3850 5358 qua-

2186 5392 2439 5449 rumque
2456 5377 2704 5433 nomina
2724 5375 2818 5432 his
2831 5375 2895 5431 in
2911 5375 3212 5448 diptychis
3229 5375 3608 5432 continentur
3623 5373 3852 5431 inserta

2185 5465 2426 5522 veniam
2449 5464 2648 5536 largiri
2670 5464 2936 5536 digneris
2958 5470 3365 5538 peccatorum,
3385 5467 3449 5519 ut
3462 5462 3542 5519 ab
3559 5461 3850 5518 omnibus

2186 5553 2412 5613 inimici
2428 5553 2679 5612 vinculis
2701 5552 2954 5625 liberati,
2969 5557 3086 5613 tuis
3097 5560 3221 5615 toto
3241 5551 3421 5611 corde
3438 5551 3850 5608 inhaereamus
