4160 6182
289 197 356 248 97

1961 184 2120 242 νιτΑ
3639 200 3707 255 98

281 313 614 378 mandatis,
647 319 712 368 et
744 318 796 369 te
831 313 1027 369 solum
1065 328 1304 385 semper
1330 316 1456 368 tota
1484 312 1697 367 virtute
1742 310 1951 375 diliga—
1983 311 2029 360 Α
2059 313 2252 372 rante,
2288 325 2426 365 cum
2459 311 2686 368 sanctis
2723 311 2839 368 tuis
2865 313 3174 384 pervenire
3203 322 3566 374 mereantur.
3600 323 3707 376 Per

283 420 442 471 mus,
483 407 544 458 et
579 402 661 458 ad
696 407 816 457 tute
839 401 1211 473 quandoque
1242 400 1629 456 beatitudinis
1660 399 1949 453 visionem

281 491 603 564 pervenire
635 505 1004 546 mereamur.
1043 494 1146 546 Per
1173 490 1487 545 Christum.

361 582 534 636 Hanc
561 580 745 650 igitur
776 579 1168 643 oblationem,
1208 579 1473 634 Domine.
1505 593 1692 650 quam
1722 576 1825 631 tibi
1843 591 1952 648 pro

290 670 555 742 peccatis
588 674 776 741 atque
805 668 1240 723 offensionibus
1299 669 1532 727 nostris,
1575 672 1632 720 et
1676 666 1950 719 omnium

297 775 551 831 quorum
581 773 980 830 quarumque
1013 757 1250 825 agimus
1293 755 1674 820 memoriam,
1713 759 1772 808 et
1801 769 1949 824 quo-

295 864 425 902 rum
451 862 849 918 quarumque
863 847 956 901 hic
984 845 1359 901 continentur
1378 845 1600 899 inserta
1629 841 1948 904 vocabula,

293 935 624 1002 offerimus,
649 940 719 990 ut
753 940 1104 990 cunctorum
1135 933 1482 989 delictorum
1516 931 1949 994 remissionem,

297 1025 583 1096 consequi
624 1040 999 1093 mereamur,
1030 1039 1398 1094 quaesumus.

370 1113 575 1169 Divina
604 1113 872 1168 libantes
888 1113 1195 1183 mysteria,
1219 1127 1587 1183 quaesumus.
1617 1108 1954 1175 Domine,ut

297 1202 421 1256 haec
442 1202 741 1257 salutaria
773 1205 1152 1256 sacramenta
1183 1200 1295 1255 illis
1325 1199 1643 1272 proticiant
1674 1197 1748 1251 ad
1783 1213 1951 1268 pros-

299 1289 608 1362 peritatem
638 1296 696 1344 et
717 1305 929 1361 pacem
956 1305 1066 1361 pro
1097 1304 1359 1360 quorum
1371 1302 1756 1360 quarumque
1777 1284 1949 1340 dilec-

306 1380 456 1434 tione
489 1379 614 1434 haec
645 1383 764 1434 ture
796 1377 1124 1433 obtulimus
1154 1377 1477 1447 majestati.
1506 1379 1610 1431 Per
1635 1374 1950 1430 Christum.

1039 1485 1203 1540 Alia.

395 1575 475 1627 Da
495 1571 724 1627 famulis
745 1577 792 1628 et
830 1571 1183 1628 famulabus
1216 1572 1350 1639 tuis,
1369 1586 1741 1643 quaesumus,
1762 1568 1954 1623 Domi-

327 1675 410 1725 ne,
444 1661 710 1715 omnibus
740 1677 1001 1734 quorum
1032 1677 1416 1734 quarumque
1447 1658 1803 1714 memoriam
1833 1658 1954 1723 agi-
1986 1654 2022 1706 Β

314 1764 440 1802 mus
470 1754 802 1821 ctquorum
835 1766 1218 1822 quarumque
1252 1748 1503 1804 nomina
1551 1747 1642 1802 his
1673 1747 1732 1800 in
1757 1745 1952 1818 dipty-

305 1836 422 1890 chis
453 1839 835 1894 continentur
863 1838 1221 1910 conscripta,
1275 1854 1379 1893 seu
1419 1836 1600 1892 etiam
1630 1833 1858 1890 caeteris
1889 1832 1954 1886 ﬁ-

297 1923 526 1979 delibus
559 1926 874 1997 utriusque
902 1941 1100 1990 sexus,
1139 1925 1199 1980 in
1241 1929 1340 1979 tua
1383 1923 1502 1978 fide
1529 1927 1586 1978 et
1615 1920 1950 1977 sinceritate

294 2014 722 2074 constantiam,
758 2019 825 2068 ut
863 2014 924 2068 in
955 2013 1242 2068 charitate
1271 2013 1478 2066 divina
1507 2011 1748 2077 ﬁrmati,
1771 2008 1951 2064 nullis

290 2101 735 2156 tentationibus
795 2100 873 2155 ab
914 2101 1041 2170 ejus
1084 2100 1415 2169 integritate
1475 2098 1785 2153 vellantur.
1847 2100 1951 2151 Per

284 2189 625 2245 Christum.

277 2297 442 2350 Item
475 2295 669 2349 missa
697 2310 807 2362 pro
859 2295 1156 2362 defunctis
1201 2293 1496 2349 fratribus
1536 2297 1589 2347 et
1647 2291 1950 2346 sororibus

1022 2383 1260 2436 nostris.

353 2474 548 2537 Deus,
591 2470 769 2538 cujus
806 2469 1224 2524 misericordize
1257 2484 1375 2523 non
1403 2473 1946 2528 estnumerus,sus-

289 2561 415 2633 cipe
473 2574 594 2630 pro
652 2557 983 2612 animabus
1040 2557 1401 2611 famulorum
1468 2556 1949 2628 famularumque

291 2654 561 2713 tuarum,
585 2661 850 2718 quorum
875 2661 1257 2717 quarumque
1285 2645 1636 2700 memoriam
1689 2646 1945 2715 agimus,

296 2742 351 2791 et
378 2751 642 2808 quorum
666 2748 1056 2806 quarumque
1087 2732 1335 2788 nomina
1391 2733 1481 2787 his
1530 2733 1589 2788 in
1647 2733 1949 2806 diptychis

299 2825 633 2896 conscripta
657 2838 784 2879 esse
817 2827 1171 2882 noscuntur.
1193 2838 1398 2894 preces
1426 2826 1680 2889 nostras,
1715 2828 1772 2877 et
1800 2822 1948 2877 lucis

303 2913 384 2967 eis
420 2913 750 2984 laetitiaeque
783 2911 1093 2980 regionem
1116 2911 1174 2966 in
1207 2914 1552 2966 sanctorum
1586 2915 1827 2966 tuorum
1859 2927 1950 2966 so-

308 3002 518 3056 cietate
556 3001 826 3058 concede.
857 3003 985 3055 Per.

1031 3090 1074 3142 Α
1092 3088 1194 3144 lia.

383 3181 558 3234 Deus.
575 3178 662 3232 cui
682 3177 986 3250 proprium
1006 3183 1092 3232 est
1117 3177 1445 3232 miserereri
1463 3182 1517 3231 ct
1544 3193 1748 3248 preces
1767 3193 1946 3233 exau-

329 3265 458 3317 dire
487 3265 946 3333 supplicantium,
986 3266 1314 3338 propitiare
1343 3265 1666 3320 animabus
1697 3267 1946 3321 famulo-

339 3366 480 3404 rum
508 3349 1215 3425 famularumquetuarum
1247 3353 1624 3408 diversorum
1649 3354 1946 3410 coenobio-

346 3453 470 3492 rum
501 3443 549 3492 et
575 3439 858 3496 titulorum
880 3459 1134 3514 quorum
1172 3457 1556 3515 quarumque
1587 3443 1940 3498 memoriam

335 3526 568 3592 agimus,
623 3535 676 3585 et
729 3547 986 3602 quorum
1041 3547 1424 3604 quarumque
1475 3531 1569 3586 hic
1637 3532 1945 3600 assignata

323 3615 680 3673 continentur
725 3619 1046 3677 vocabula.
1079 3625 1140 3676 ut
1171 3625 1224 3676 te
1269 3619 1592 3675 miserante
1627 3635 1661 3674 a
1693 3620 1943 3675 vinculis

317 3707 980 3774 peceatorumabsoluti,
1012 3709 1085 3763 ad
1137 3715 1372 3763 :eternne
1417 3708 1802 3763 beatitudinis
1851 3724 1941 3763 re-

316 3791 507 3864 quiem
536 3797 833 3866 pervenire
861 3802 1219 3852 mereantur.
1254 3797 1380 3852 Per.

757 3903 856 3958 Ad
914 3905 1478 3960 Thessalonicenses.

371 3991 594 4046 Fratres
623 3991 908 4047 nolumus
941 4009 1049 4048 vos
1074 3993 1351 4060 ignorare
1382 3992 1458 4047 de
1480 3991 1938 4061 dormientibus,

301 4083 361 4132 ut
384 4095 504 4134 non
534 4081 965 4136 contristemini
996 4081 1145 4136 sicut
1173 4085 1228 4136 et
1261 4080 1453 4136 caeteri
1497 4062 1625 4152 qui,
1653 4085 1761 4136 etc.

756 4188 1099 4243 Secundum
1146 4189 1460 4243 Joannem.

363 4277 422 4329 ln
464 4275 567 4331 illo
627 4280 921 4348 tempore,
953 4277 1099 4332 dixit
1126 4278 1300 4332 Jesus
1336 4275 1522 4330 turbis
1553 4275 1934 4331 Judaaorum:

286 4366 498 4433 Amen,
535 4379 714 4420 amen
743 4365 878 4420 dico
908 4365 1082 4421 vobis
1111 4364 1256 4438 quia
1285 4364 1445 4420 venit
1491 4365 1662 4432 hora,
1694 4370 1751 4420 et
1780 4381 1939 4420 nunc
1969 4350 2013 4404 D

287 4458 387 4522 est,
409 4453 672 4526 quando
695 4454 914 4510 mortui
938 4453 1183 4510 audient
1206 4469 1414 4510 vocem
1444 4453 1568 4509 Filii
1598 4453 1718 4523 Dei,
1751 4459 1807 4509 et
1835 4454 1939 4526 qui

285 4542 589 4598 audierint
622 4542 839 4610 vivent,
869 4549 980 4599 etc.

988 4650 1248 4706 Secreta.

346 4737 439 4792 His
467 4752 858 4808 quasumus,
885 4737 1149 4806 Domine,
1182 4736 1454 4808 placatus
1483 4736 1834 4792 muneribus
1850 4737 1938 4790 in-

285 4825 476 4892 tende,
511 4828 571 4880 et
591 4825 759 4897 quod
791 4826 870 4882 ad
902 4825 1146 4881 laudem
1193 4825 1278 4880 tui
1302 4825 1566 4880 nominis
1599 4824 1941 4897 supplican-

287 4916 363 4966 tes
390 4913 737 4976 offerimus,
773 4913 852 4970 ad
882 4914 1320 4984 indulgentiam
1374 4913 1648 4970 omnium
1678 4929 1938 4985 quorum

293 5014 667 5075 quarumque
695 5003 1056 5059 memoriam
1101 5002 1358 5073 agimus,
1409 5007 1466 5058 et
1493 5018 1754 5076 quorum
1786 5017 1937 5073 quad

293 5101 543 5160 rumque
602 5091 858 5147 nomina
910 5091 1008 5147 hic
1061 5092 1436 5148 continentur
1501 5091 1744 5158 inserta,
1815 5090 1936 5144 sive

291 5182 635 5234 cunctorum
660 5179 932 5236 ﬁdelium
950 5180 1222 5253 proﬁciat
1239 5179 1678 5235 defunctorum.
1703 5182 1826 5234 Per.

351 5265 535 5333 Deus,
567 5269 664 5340 qui
714 5269 892 5325 nobis
944 5269 1006 5325 in
1051 5268 1276 5326 Christo
1324 5267 1628 5338 unigenito
1666 5267 1804 5323 Filio
1836 5272 1935 5323 tuo

277 5353 535 5411 Domino
564 5363 772 5414 nostro
801 5373 972 5431 spem
1001 5357 1188 5414 beatae
1218 5356 1663 5413 resurrectionis
1723 5371 1934 5412 conce-

277 5441 379 5508 dis,
430 5451 675 5516 prmsta,
699 5463 1076 5519 quaesumus,
1108 5451 1172 5502 ut
1197 5446 1412 5502 animae
1440 5460 1551 5517 pro
1581 5445 1802 5517 quibus
1821 5445 1934 5500 hoc

277 5533 642 5591 sacrificium
654 5535 1088 5608 redemptionis
1112 5539 1326 5591 nostrae
1354 5540 1467 5590 ture
1479 5532 1788 5589 offerimus
1810 5550 1936 5589 ma-

279 5622 448 5679 estati
489 5625 573 5680 ad
603 5624 805 5681 beatae
833 5624 1281 5682 resurrectionis
1323 5622 1614 5694 requiem,
1660 5629 1711 5679 te
1755 5623 1933 5678 mise-

2060 395 2382 452 Christum.

2133 486 2488 554 Hancigitur
2517 489 2884 545 oblationem
2907 507 3094 562 quam
3125 492 3228 547 tibi
3260 494 3567 550 offerimus
3593 512 3702 568 pro

2061 573 2385 628 animabus
2435 577 2708 633 omnium
2737 594 2997 650 quorum
3045 597 3423 654 quarumque
3479 600 3705 640 memo-

2060 661 2211 715 riam
2268 663 2525 732 agimus,
2600 671 2657 719 et
2703 683 2961 738 quorum
3017 684 3397 742 quarumque
3456 672 3706 729 nomina

2060 749 2151 804 his
2179 750 2237 804 in
2287 750 2584 823 diptychis
2642 755 2980 826 conscripta
3037 772 3166 812 esse
3214 764 3562 822 noscuntur,
3597 775 3704 815 seu

2062 844 2412 894 cunctorum
2464 845 2938 914 cunctarumque
2975 844 3241 901 fidelium
3287 846 3703 903 defunctorum

2059 928 2622 1001 defunctarumque,
2644 946 3012 1002 quaesumus,
3049 935 3315 999 Domine,
3349 937 3704 1008 pr0pitiatus

2063 1017 2339 1088 accipias,
2370 1021 2426 1072 et
2455 1018 2904 1074 miserationum
2931 1019 3199 1090 largitate
3234 1027 3474 1078 tuarum
3502 1040 3708 1079 conce-

2060 1105 2191 1166 das,
2249 1111 2309 1160 ut
2335 1105 2631 1177 quidquid
2661 1112 2888 1162 terrena
2917 1111 3370 1166 conversatione
3402 1116 3708 1168 contraxe-

2062 1200 2220 1260 runt,
2245 1195 2335 1248 his
2359 1194 2664 1250 sacriﬁciis
2690 1197 3068 1265 emundetur,
3093 1214 3162 1252 ac
3203 1199 3450 1253 vinculis
3498 1201 3704 1256 mortis

2061 1282 2373 1353 absolutte,
2406 1285 2718 1339 transitum
2745 1290 3085 1340 mereantur
3109 1287 3186 1341 ad
3209 1286 3389 1342 vitam
3416 1306 3428 1354 ;
3460 1288 3707 1361 diesque

2061 1377 2318 1437 nostros,
2353 1377 2462 1426 etc.

2134 1459 2472 1532 Propitiare,
2527 1462 2793 1530 Domine,
2871 1478 3245 1534 quaesumus,
3303 1464 3586 1519 omnibus
3643 1465 3704 1520 in

2060 1548 2293 1602 Christo
2324 1548 2792 1620 quiescentibus,
2825 1556 2882 1605 et
2935 1553 3151 1606 animae
3190 1552 3557 1608 famulorum
3613 1553 3702 1608 fa-

2061 1636 2482 1708 mularumque
2539 1643 2800 1703 tuarum,
2833 1656 3091 1711 quorum
3141 1657 3522 1714 quarumque
3584 1658 3704 1697 me-

2062 1725 2316 1780 moriam
2351 1726 2604 1794 agimus,
2643 1733 2698 1781 et
2726 1743 2986 1799 quorum
3035 1746 3416 1802 quarumque
3458 1731 3705 1787 nomina

2061 1814 2152 1868 his
2212 1813 2271 1868 in
2320 1813 2618 1886 diptychis
2665 1817 2998 1889 conscripta
3043 1834 3171 1874 esse
3225 1826 3578 1887 noscuntur,
3609 1820 3702 1875 his

2060 1907 2328 1973 purgatae
2382 1903 2682 1958 sacriﬁciis
2740 1904 3176 1974 indulgentiam
3234 1908 3455 1979 pariter
3510 1914 3566 1964 et
3618 1926 3704 1965 re-

2059 1988 2260 2058 quiem
2290 1990 2533 2061 capiant
2561 1995 3005 2064 sempiternam.
3041 1995 3168 2051 Per.

2793 2084 2956 2138 Alia.

2132 2167 2306 2230 Deus,
2336 2167 2428 2220 cui
2469 2168 2750 2238 possibile
2781 2176 2870 2224 est
2899 2187 3110 2226 omnes
3132 2173 3408 2227 homines
3439 2173 3563 2228 sine
3589 2173 3703 2228 dif-

2057 2253 2319 2308 ﬁcultate
2349 2254 2596 2320 salvare,
2634 2262 2798 2312 tanto
2827 2258 3124 2326 benignus
3163 2260 3482 2315 animabus
3512 2260 3705 2315 famu-

2057 2341 2253 2396 lorum
2287 2341 2777 2417 famularumque
2811 2351 3050 2401 tuarum
3099 2347 3474 2402 diversorum
3507 2363 3704 2402 coeno-

2056 2429 2296 2486 biorum
2325 2436 2382 2487 et
2410 2432 2710 2488 titulorum
2743 2450 2999 2505 quorum
3046 2453 3427 2510 quarumque
3481 2453 3703 2492 memo-

2056 2518 2205 2574 riam
2235 2520 2492 2590 agimus,
2533 2526 2590 2577 et
2611 2539 2870 2594 quorum
2892 2541 3275 2598 quarumque
3305 2526 3399 2582 hic
3428 2527 3700 2597 assigna-

2058 2611 2116 2663 ta
2140 2609 2517 2664 continentur
2559 2611 2878 2679 vocabula,
2913 2614 3388 2671 misericordiam
3441 2616 3702 2672 concede

2054 2701 2406 2768 perpetuam
2428 2705 2656 2770 quanto
2682 2717 2784 2755 eos
2823 2701 2901 2756 ad
2943 2703 3066 2758 Filii
3112 2705 3194 2760 tui
3256 2705 3486 2760 Domini
3519 2703 3703 2760 nostri

2055 2785 2348 2856 pertinere
2379 2788 2632 2856 gratiam
2664 2789 2942 2846 tribuisti.
2979 2795 3102 2847 Per.

2790 2881 2952 2936 Alia.

2129 2964 2303 3031 Deus,
2335 2964 2455 3020 vita
2493 2965 2838 3035 viventium,
2901 2985 3038 3041 spes
3100 2970 3506 3040 morientium,
3538 2970 3702 3026 salus

2056 3051 2328 3107 omnium
2357 3053 2417 3108 in
2445 3059 2498 3110 te
2530 3057 2920 3127 sperantium.
2952 3064 3167 3130 praesta
3183 3059 3473 3130 propitius
3491 3063 3556 3114 ut
3581 3059 3704 3114 ani-

2056 3157 2169 3196 mm
2211 3142 2573 3198 famulorum
2626 3145 3111 3216 famularumque
3145 3158 3384 3200 tuarum
3441 3161 3701 3216 quorum

2053 3246 2434 3301 quarumque
2447 3234 2800 3286 memoriam
2818 3233 3406 3302 agimus.etquorum
3425 3247 3702 3303 quarum-

2054 3333 2171 3388 que
2202 3317 2451 3373 nomina
2471 3318 2562 3373 his
2584 3319 2644 3374 in
2673 3318 2971 3392 diptychis
2994 3319 3368 3376 continentur
3397 3321 3635 3388 inserta,
3666 3337 3702 3376 a

2054 3410 2269 3461 nostra:
2298 3406 2670 3464 mortalitatis
2689 3409 2948 3464 tenebris
2985 3409 3276 3466 absolutte
3322 3411 3380 3466 in
3415 3415 3700 3484 perpetua

2052 3510 2192 3550 cum
2218 3495 2440 3551 sanctis
2480 3497 2594 3552 tuis
2623 3497 2754 3555 luce
2784 3497 3072 3556 laetentur.
3107 3505 3208 3554 Per
3237 3500 3554 3556 Christum.

2816 3590 2942 3643 LVI.

2052 3674 2382 3742 Exemplar
2399 3678 2693 3744 precaria:
2721 3677 2794 3731 de
2841 3679 2990 3733 villa
3045 3678 3338 3740 Tridente,
3369 3694 3546 3750 quam
3605 3680 3700 3733 Al-

2124 3763 2325 3818 dricus
2383 3766 2686 3832 episcopus
2737 3766 2972 3820 Bavoni
3012 3768 3186 3822 Vasso
3231 3767 3526 3823 dominico
3551 3768 3696 3836 fecit

2124 3857 2386 3919 tempore
2411 3852 2702 3907 Ludovici
2725 3854 2983 3921 piissimi
3007 3854 3287 3923 Augusti.

2124 3939 2375 3994 Domino
2389 3944 2598 3995 sancto
2619 3956 2688 3996 ac
2711 3941 3055 3996 venerabilii
3069 3941 3328 3996 basilica:
3352 3946 3698 3998 sanctorum

2052 4027 2312 4082 Gervasii
2341 4032 2398 4083 et
2427 4028 2670 4084 Protasii
2701 4033 3034 4101 martyrum
3065 4045 3201 4102 qua:
3223 4034 3311 4086 est
3356 4035 3698 4088 constructa

2050 4114 2206 4170 infra
2235 4116 2399 4172 urbis
2427 4117 2838 4173 Cenomonicae
2864 4119 3178 4186 civitatem,
3211 4135 3397 4192 quam
3426 4119 3698 4176 Aldricus

2051 4204 2370 4276 episcopus
2391 4205 2451 4260 in
2476 4205 2886 4263 dominatione
2903 4213 2959 4263 et
2983 4208 3272 4278 regimine
3290 4208 3510 4265 habere
3532 4209 3697 4265 vide-

2053 4295 2167 4360 tur,
2195 4293 2446 4365 ejusque
2473 4296 2920 4363 congregationi
2942 4313 3014 4351 ex
3044 4297 3175 4370 ipsa
3215 4299 3558 4354 consistenti
3586 4298 3696 4353 ba-

2053 4382 2234 4438 silica.
2269 4385 2389 4452 Ego
2415 4383 2571 4438 enim
2597 4384 2654 4439 in
2680 4386 2779 4440 Dei
2803 4386 3045 4442 nomine
3082 4389 3258 4451 Bavo,
3291 4387 3440 4442 dum
3479 4392 3535 4442 et
3562 4403 3697 4441 mea

2052 4470 2161 4526 fuit
2214 4472 2414 4544 petitio
2472 4477 2529 4528 et
2574 4478 2772 4530 vestra
2829 4475 3092 4531 decrevit
3140 4474 3440 4544 voluntas,
3481 4479 3536 4528 et
3593 4489 3698 4544 per

2051 4560 2511 4632 permissionem
2541 4561 2748 4618 domni
2781 4563 2964 4619 nostri
3011 4561 3291 4618 Ludovici
3323 4559 3562 4628 gloriosi
3591 4559 3699 4613 im-

2051 4649 2342 4720 peratoris
2375 4649 2546 4704 villas
2577 4656 2806 4707 vestras
2836 4652 2910 4705 de
2936 4651 3165 4705 ratione
3188 4647 3375 4716 ipsius
3407 4645 3692 4713 basilicas,

2050 4737 2222 4805 cujus
2252 4737 2550 4793 vocabula
2581 4743 2719 4793 sunt
2748 4738 3060 4792 Tridentus
3108 4738 3164 4788 et
3211 4731 3497 4802 Vintleva,
3555 4749 3694 4790 cum

2049 4824 2214 4880 omni
2239 4824 2573 4892 integritate
2603 4840 2813 4879 eorum
2839 4821 3014 4877 nobis
3036 4821 3113 4877 ad
3143 4821 3448 4879 usandum
3495 4826 3696 4882 tenere

2048 4911 2421 4985 permisistis,
2441 4910 2501 4964 in
2527 4926 2598 4964 ea
2618 4925 2759 4964 vero
2788 4910 3017 4967 ratione
3050 4917 3113 4967 ut
3140 4911 3287 4968 dum
3318 4929 3431 4985 ego
3455 4913 3693 4986 advivo,

2048 5005 2246 5056 tenere
2273 5002 2329 5054 et
2353 4996 2664 5054 dominare
2686 4997 2889 5056 facere
2919 4999 3196 5068 debeam,
3231 5007 3288 5058 et
3325 5009 3462 5076 post
3487 5021 3692 5062 meum

2047 5104 2310 5162 quoque,
2364 5090 2479 5143 Deo
2522 5087 2791 5159 jubente,
2833 5091 3166 5148 discessum
3198 5093 3473 5164 partibus
3506 5095 3696 5152 sancti

2048 5178 2305 5235 Gervasii
2334 5183 2622 5234 revertere
2653 5177 2901 5236 faciatis.
2937 5183 3004 5236 Et
3053 5182 3331 5238 convenit
3360 5182 3536 5238 nobis
3589 5199 3697 5240 an-

2045 5268 2138 5324 nis
2167 5267 2414 5337 singulis
2443 5266 2520 5322 ad
2544 5267 2921 5324 festivitatem
2946 5270 3136 5326 sancti
3164 5271 3388 5327 Martini
3417 5262 3695 5329 hiberna-

2045 5357 2221 5413 ticam
2252 5355 2478 5426 argenti
2505 5355 2726 5412 solidos
2765 5357 3032 5429 quinque
3063 5364 3120 5415 et
3165 5359 3369 5429 viginti
3411 5361 3696 5416 transsol-

2045 5461 2178 5501 vere
2207 5444 2484 5514 debeam,
2529 5449 2634 5500 aut
2684 5445 2985 5502 decimam
3045 5451 3101 5502 et
3158 5463 3383 5503 nonam
3441 5448 3692 5520 pleniter

2043 5533 2382 5607 persolvam
2413 5533 2488 5589 de
2517 5533 2683 5590 omni
2732 5535 2962 5604 reditu;
3015 5539 3074 5592 et
3119 5536 3167 5590 si
3224 5536 3534 5606 negligens
3590 5536 3693 5589 aut

2043 5622 2252 5679 tardus
2278 5621 2492 5679 exinde
2519 5637 2881 5697 apparuero,
2914 5624 3100 5682 ﬁdem
3135 5624 3348 5680 exinde
3368 5623 3563 5678 facere
3588 5619 3690 5674 de-
