4180 6186
1548 176 1827 234 ALDBICI
1866 171 2399 231 CENOHANENSIS
2435 168 2745 227 EPISCOPI

3750 169 3852 227 400

438 302 638 366 beam,
669 304 725 355 et
758 299 925 371 ipsas
953 296 1124 354 villas
1153 298 1403 370 perdere
1432 314 1556 356 non
1604 300 1882 371 debeam,
1943 303 1999 354 et
2021 302 2089 352 ut
2117 299 2163 351 Α
2196 309 2297 349 mo
2325 294 2495 364 regni
2523 293 2733 350 domni
2764 292 2950 350 nostri
3001 266 3237 363 Pippini
3282 287 3522 357 gloriosi
3564 263 3739 358 regis.
3772 290 3854 345 Si-

438 389 529 443 lia;
560 387 863 459 prsecariaa
885 402 1008 442 uno
1027 390 1232 442 tenore
1265 389 1612 461 conscripta:
1639 390 1924 461 omnique
1945 392 2086 441 tem-

440 491 583 549 pore
606 476 795 531 ﬁrmas
836 479 893 529 et
939 475 1184 530 stabiles
1213 482 1627 548 permaneant.
1659 480 1871 533 Actum
1903 477 2082 529 Ceno-

438 564 636 620 manis
656 564 889 620 civitate
914 562 1174 636 publice,
1208 580 1369 620 anno
1399 566 1634 621 decimo
1665 569 1721 621 et
1750 569 1961 620 octavo
1999 578 2083 616 re.

437 657 663 723 gnante
692 652 921 709 domno
947 652 1247 709 Ludovico
1277 653 1705 721 gloriosissimo
1726 654 2083 725 imperatore

438 744 637 797 Nonas
668 741 800 797 Kal.
826 742 1028 800 Maias.
1068 744 1122 799 8.
1177 742 1436 798 Bavonis
1456 743 1615 798 vassi
1645 741 1949 807 dominici,
1978 739 2082 811 qui

436 829 595 885 hanc
622 830 958 901 precariam
984 829 1111 885 ﬁeri
1154 830 1407 899 rogavit.
1437 831 1492 884 S.
1525 829 1830 885 Viddonis.
1855 830 1911 885 S.
1948 827 2080 882 Vul.

438 919 494 973 8.
530 919 753 974 Hervei.
785 920 841 974 S.
869 918 1169 974 Serilonis.
1214 920 1269 974 S.
1321 918 1620 975 Berilonis.
1657 921 1715 975 S.
1744 917 1965 973 Ebrulﬁ
2002 916 2085 972 vi-

438 1007 599 1063 carii.
634 1008 952 1064 llercheus.
985 1008 1041 1061 S.
1075 1006 1379 1062 Adalberti
1409 1007 1707 1063 Gislarnis.
1745 1010 1799 1063 8.
1829 1005 2085 1077 Adalgy-

438 1097 506 1151 si.
539 1100 595 1153 S.
622 1095 945 1151 Godofridi.
974 1098 1029 1152 S.
1053 1095 1283 1151 Jacobi.
1318 1096 1574 1152 Deusdet
1597 1095 1964 1168 subscripsit.
1988 1098 2088 1150 Bo-

436 1184 560 1241 bilo
590 1184 999 1240 subdiaconus
1020 1184 1255 1256 scripsit
1272 1188 1331 1239 et
1357 1184 1728 1256 subscripsit.

1184 1328 1347 1383 LVII.

434 1452 772 1518 Exemplar
808 1451 1097 1521 pracepti
1125 1451 1329 1506 domni
1383 1451 1670 1507 Ludovici
1697 1452 1949 1520 piissimi
1981 1453 2087 1506 im-

495 1522 796 1591 peratoris
847 1522 918 1577 de
951 1523 1099 1594 villa
1131 1522 1430 1586 Tri'dente,
1495 1522 1655 1594 quod
1670 1523 1815 1591 fecit
1841 1522 2089 1591 praedic—

509 1599 601 1647 tus
659 1593 988 1662 imperator
1042 1592 1453 1651 Cenomanicw
1502 1592 1691 1651 inatri
1729 1595 1989 1651 ecclesia:
2035 1600 2089 1650 et

504 1664 754 1719 Aldrico
784 1664 1046 1734 ejusdem
1078 1664 1245 1719 urbis
1275 1667 1569 1735 episcopo.

897 1771 1056 1844 (Vide
1083 1770 1253 1839 ibid.,
1289 1771 1426 1841 col.,
1458 1771 1635 1844 l293).

1179 1897 1356 1952 LVIII.

436 2021 771 2088 Exemplar
795 2021 1093 2088 precaria:
1124 2020 1196 2075 de
1222 2019 1570 2076 Fraxinedo
1594 2025 1650 2075 et
1673 2024 1881 2074 sancto
1916 2019 2088 2074 Geor-

504 2093 600 2160 gio
622 2092 684 2145 in
716 2091 957 2146 condita
982 2090 1321 2160 Sagonense
1344 2092 1436 2147 vel
1450 2091 1523 2146 de
1547 2091 1683 2146 aliis
1710 2090 1872 2144 villis
1890 2091 2088 2145 sancti

508 2162 777 2217 Gervasii
799 2176 1057 2231 quarum
1083 2162 1374 2217 vocabula
1396 2163 1459 2216 in
1489 2175 1559 2216 ea
1586 2161 1885 2217 habentur
1904 2162 2086 2215 inser-

506 2238 585 2293 ta,
613 2247 762 2303 quas
826 2233 1134 2301 Vulﬁngus
1171 2236 1348 2295 tenet,
1382 2247 1558 2303 quam
1587 2233 1655 2303 ei,
1689 2231 2086 2287 Gauziolenus

504 2302 812 2372 episcopus
847 2304 994 2372 [ecit
1008 2304 1211 2372 primo
1240 2302 1401 2359 anno
1430 2303 1604 2373 regni
1628 2302 1880 2372 Pippini
1906 2303 2080 2373 regis.

503 2427 758 2482 Domino
778 2431 986 2483 sancto
1013 2442 1084 2484 ac
1112 2426 1433 2483 venerabili
1454 2427 1715 2483 basilicae
1744 2428 1932 2482 sancti
1957 2429 2088 2483 Ger-

432 2515 583 2571 vasii
608 2520 664 2570 et
690 2516 934 2570 Protasii
958 2515 1110 2571 infra
1139 2515 1304 2571 urbis
1334 2517 1747 2572 Cenomanicte
1788 2516 2085 2571 civitatem

434 2608 787 2660 constructas
816 2604 915 2659 ubi
946 2604 1333 2661 Gauziolenus
1370 2606 1687 2677 episcopus
1715 2620 1973 2678 praeesse
1998 2606 2085 2660 vi-

434 2694 625 2761 detur,
648 2695 699 2764 ej
711 2710 898 2767 usque
915 2694 1392 2766 congregationis
1421 2711 1490 2750 ex
1522 2696 1651 2767 ipsa
1681 2696 2082 2751 consistentia.

436 2786 557 2851 Ego
583 2782 741 2838 enim
772 2783 834 2837 in
868 2782 966 2838 Dei
990 2782 1233 2839 nomine
1267 2783 1593 2852 Vultingus,
1624 2782 1774 2839 dum
1800 2789 1856 2839 et
1881 2785 2085 2853 cogni-

435 2876 561 2928 tum
588 2877 674 2927 est
703 2872 957 2945 qualiter
981 2872 1244 2928 domnus
1260 2877 1459 2928 noster
1486 2873 1766 2945 Pippinus
1792 2873 2086 2942 gloriosus

2195 399 2383 451 gnum
2417 383 2705 453 Vulﬁngo,
2739 383 2843 456 qui
2872 384 3031 438 hanc
3072 379 3405 453 precariam
3445 377 3571 432 ﬁeri
3602 380 3847 448 rogavit.

2198 476 2251 528 S.
2298 473 2648 543 Fulgoberti.
2711 475 2767 529 S.
2805 470 3093 529 Sichardi.
3152 474 3205 526 S.
3234 467 3476 524 Viltleui.
3529 467 3851 526 Salomano

2193 566 2436 631 rogatus
2494 562 2867 632 subscripsit.
2924 559 3281 630 Aiglibertus
3354 554 3728 625 subscripsit.
3791 557 3847 612 S.

2193 649 2591 705 Vuamafredi.
2626 652 2682 705 S.
2713 649 2998 706 Giboleni.
3058 645 3428 702 Bertobodus
3476 641 3846 716 subscripsit.

2194 737 2479 794 Beraldus
2509 737 2743 810 scripsit
2769 743 2827 797 et
2857 736 3225 808 subscripsit.

2267 846 2639 900 Anteriorum
2670 845 3091 917 episcoporum
3120 840 3461 899 authentica
3490 843 3547 895 et
3565 839 3851 911 precariae

2194 934 2709 1007 infrascriptarum
2734 934 3009 991 villarum
3040 934 3101 988 in
3151 931 3394 988 archivo
3435 929 3848 985 Cenomanicaa

2194 1023 2401 1079 matris
2431 1024 2693 1079 ecclesiae
2724 1027 3171 1088 conservantur,
3190 1025 3246 1075 et
3274 1022 3516 1092 propter
3544 1017 3847 1090 prolixita-

2195 1115 2315 1167 tem
2340 1113 2537 1184 operis
2568 1112 2628 1167 in
2657 1112 2771 1168 hac
2798 1110 3085 1167 schedula
3110 1124 3235 1166 non
3255 1113 3394 1164 sunt
3423 1108 3669 1163 incerta.

2964 1236 3088 1289 LXI.
3166 1278 3175 1283 -

2196 1342 2527 1410 Exemplar
2548 1342 2842 1410 precariae
2877 1356 3056 1412 quam
3089 1338 3689 1412 Francogpiscqpus
3708 1335 3849 1412 Ger-

2269 1406 2490 1468 muth
2504 1406 2648 1481 fecit
2680 1412 2751 1467 de
2774 1406 2919 1467 villa
2938 1411 3305 1479 Fraxinedo,
3324 1406 3847 1481 Flexcbrachiale,

2269 1480 2510 1545 Aciaco,
2541 1490 2746 1538 sancto
2799 1484 3048 1551 Georgio
3100 1484 3161 1537 in
3193 1482 3434 1537 condita
3486 1480 3847 1548 Sagonense,

2269 1570 2401 1609 eum
2445 1555 2817 1623 appendiciis
2865 1556 3009 1624 suis,
3041 1559 3092 1611 el
3123 1553 3466 1624 alauniaco,
3513 1565 3615 1606 seu
3670 1551 3849 1618 longa

2121 1645 2165 1699 Β
2266 1626 2612 1699 βιςανὶαηει
2646 1625 2944 1699 Camiaco,
2969 1631 3148 1699 atque
3176 1623 3553 1691 mundanas,
3577 1637 3708 1676 cum
3735 1637 3849 1676 om-

432 2977 537 3018 rex
592 2961 762 3019 villas
805 2961 881 3017 de
930 2967 1137 3017 sancto
1190 2961 1461 3031 Georgio,
1522 2966 1728 3017 sancto
1781 2963 2082 3031 Gervasio,
2114 2993 2156 3052 ο

434 3051 785 3121 Fraxinedo,
864 3050 1355 3122 Flexobracciale,
1428 3050 1642 3107 Aciaco
1711 3050 1805 3107 vel
1879 3056 2085 3107 sancto

433 3141 681 3211 Georgio
708 3157 844 3197 cum
877 3141 1247 3213 appendiciis
1277 3140 1419 3209 suis,
1471 3141 1754 3196 Aloniaco
1782 3140 1963 3212 longa
1990 3141 2083 3196 ﬂl-

432 3230 1345 3301 caria,jCamiaicoXmundarias,
1384 3230 1460 3286 ad
1512 3231 1707 3304 ipsam
1772 3231 2083 3287 ecclesiam

430 3320 680 3375 reddere
711 3320 909 3389 jussit,
942 3325 998 3374 et
1026 3324 1235 3391 postea
1277 3335 1385 3391 per
1424 3319 1680 3375 verbum
1721 3319 1949 3375 domno
1975 3336 2083 3375 no-

434 3412 553 3464 stro
584 3408 833 3479 Pippino
893 3422 1029 3462 mea
1060 3407 1167 3462 fuit
1217 3408 1441 3479 petitio,
1472 3412 1529 3463 et
1581 3412 1776 3463 vestra
1826 3408 2087 3464 decrevit

432 3496 725 3561 voluntas,
778 3498 842 3549 ut
870 3495 1001 3566 ipsa
1049 3493 1259 3549 locella
1290 3509 1396 3565 per
1440 3498 1639 3550 vestra
1684 3494 1978 3550 beneﬁcia
2005 3493 2086 3550 ad

404 3590 580 3635 nisus
604 3582 926 3637 fructuario
958 3582 1164 3637 ordine
1196 3582 1340 3637 mihi
1372 3587 1566 3637 tenere
1619 3582 1990 3655 permisistis,
2024 3583 2084 3638 id

414 3660 541 3737 est,
573 3686 711 3725 cum
740 3669 990 3737 mansis,
1022 3671 1194 3738 casis,
1223 3671 1526 3743 domibus,
1545 3670 1830 3741 aediﬁciis,
1862 3671 2086 3727 manci-

430 3758 545 3832 piis
574 3759 916 3827 accolabus,
947 3759 1189 3829 libertis,
1220 3759 1409 3827 terris,
1436 3760 1646 3826 vineis,
1665 3760 1846 3831 silvis,
1876 3761 2080 3833 pratis,

432 3851 489 3904 et
516 3850 781 3921 pascuis,
810 3847 905 3905 vel
950 3854 1247 3921 quantum
1303 3850 1381 3905 ad
1436 3849 1570 3923 ipsa
1612 3849 1745 3906 loca
1773 3854 2084 3923 aspectum

432 3949 561 3989 esse
590 3933 846 4000 videtur,
883 3934 1032 3990 dum
1076 3950 1189 4005 ego
1216 3934 1431 3990 advivo
1467 3950 1578 4007 pro
1620 3938 1813 3991 vestro
1862 3933 2083 3989 beneﬁ-

433 4020 525 4076 cio
541 4020 687 4076 mihi
701 4021 837 4077 licet
854 4026 1050 4079 tenere
1063 4022 1462 4079 etdominare.
1480 4025 1545 4078 Et
1561 4023 1894 4095 spondibus
1910 4022 2081 4078 vobis

432 4113 499 4165 ut
525 4124 637 4182 pro
656 4110 875 4166 indicio
900 4111 1090 4183 ipsius
1111 4112 1299 4168 sancti
1326 4112 1587 4169 Gervasii
1616 4112 1710 4168 vel
1737 4116 1935 4169 vestro
1956 4126 2083 4167 non

433 4198 507 4253 sit
535 4199 708 4254 annis
727 4199 976 4271 singulis
988 4200 1069 4256 ad
1083 4200 1459 4257 festivitatem
1478 4201 1666 4257 sancti
1682 4201 1904 4257 Martini
1919 4200 2082 4256 illam

432 4287 863 4344 hibernaticam
894 4294 1141 4359 argento
1171 4290 1322 4345 libra
1352 4306 1476 4346 una
1505 4290 1582 4345 ad
1612 4294 1844 4361 partem
1876 4294 2081 4345 sancto

433 4376 712 4433 Gervasio
740 4382 843 4433 aut
871 4378 1112 4434 rectoris
1142 4377 1526 4434 ecclesiarum
1566 4376 1966 4433 transsolvere
1994 4374 2081 4432 fa-

432 4466 620 4522 ciam:
644 4470 701 4522 et
722 4466 769 4522 si
810 4468 1121 4537 negligens
1151 4471 1255 4522 aut
1299 4466 1507 4522 tardus
1536 4465 1611 4520 de
1642 4465 1776 4531 ipso
1800 4479 1982 4520 censo
2004 4464 2083 4519 ad

431 4555 563 4628 ipso
591 4555 809 4628 placito
864 4556 1049 4623 fuero,
1082 4555 1265 4611 ﬁdem
1321 4554 1534 4611 exinde
1565 4553 1761 4609 facere
1797 4553 2079 4617 debeam,

431 4650 488 4702 et
507 4646 703 4719 ipsam
732 4661 879 4715 rem,
913 4646 1060 4701 dum
1090 4659 1202 4715 ego
1258 4644 1497 4710 advivo,
1542 4642 1793 4716 perdere
1823 4657 1947 4698 non
1978 4641 2082 4697 de-

430 4734 630 4802 beam,
660 4739 718 4790 et
744 4739 880 4806 post
917 4751 1119 4791 meum
1148 4749 1412 4807 quoque,
1448 4735 1566 4788 Deo
1589 4732 1837 4804 jubente
1866 4731 2085 4787 disces-

432 4839 586 4887 sum,
617 4822 754 4893 ipsa
780 4822 990 4879 locella
1020 4840 1159 4879 cum
1188 4838 1398 4880 eorum
1429 4821 1723 4878 soliditate
1754 4820 1833 4879 ad
1863 4837 1925 4877 se
1955 4835 2084 4894 per-

431 4909 667 4967 tinentis
696 4909 791 4963 vel
817 4910 1159 4981 aspicientis
1188 4912 1282 4967 vel
1322 4912 1621 4985 quidquid
1647 4911 1873 4968 ibidem
1903 4915 2083 4967 attra-

429 4999 569 5053 here
597 4996 692 5052 vel
711 4997 1109 5053 immeliorare
1129 5004 1399 5069 potuero,
1424 5001 1518 5055 vel
1546 5005 2084 5073 quantumcunque

430 5090 573 5141 tunc
601 5085 887 5156 temporis
918 5083 1144 5140 ibidem
1169 5084 1478 5140 inventum
1524 5086 1717 5149 fuerit,
1773 5102 1872 5141 vos
1899 5090 2086 5142 recto.

430 5189 525 5229 res
554 5172 741 5229 sancti
766 5173 1029 5229 Gervasii
1062 5173 1186 5229 sine
1218 5172 1339 5228 ulla
1365 5173 1583 5244 judicis
1632 5173 2082 5243 consignatione

431 5266 534 5319 aut
552 5262 859 5318 hieredum
885 5278 1160 5319 meorum
1181 5262 1612 5319 contraditione
1632 5262 1696 5317 in
1714 5266 1975 5318 vestram
1999 5261 2084 5317 fa-

431 5352 597 5409 ciatis
624 5368 907 5409 revocare
932 5353 1407 5409 dominationem
1433 5356 1489 5408 et
1516 5356 1869 5424 potestatem
1890 5351 1969 5407 ad
1996 5350 2083 5408 fa-

430 5442 710 5498 ciendum
740 5441 907 5516 quod
947 5440 1269 5509 volueritis,
1326 5445 1384 5497 et
1424 5441 1550 5496 haec
1580 5439 1869 5513 precaria,
1928 5455 1997 5496 ac
2029 5438 2082 5495 sl

430 5548 667 5606 semper
693 5548 802 5607 per
824 5530 1327 5605 quinquiennium
1344 5533 1632 5587 renovata
1655 5528 1882 5599 fuisset,
1904 5528 2082 5587 ﬁrma

426 5627 1022 5697 permaneat.Actum
1042 5621 1399 5681 Cenomanis
1430 5620 1665 5680 civitate
1688 5620 1750 5679 in
1780 5635 1940 5680 anno
1965 5620 2082 5695 pri-

2115 4340 2159 4398 D

2268 1697 2442 1752 nibus
2467 1695 2547 1753 ad
2570 1712 2630 1751 se
2647 1696 3106 1765 pertinentibus.

2267 1804 2521 1860 Domino
2578 1809 2786 1861 sancto
2841 1820 2912 1861 ac
2966 1801 3291 1859 venerabili
3347 1800 3610 1857 basilicae
3661 1799 3849 1856 sancti

2196 1892 2453 1949 Gervasii
2501 1897 2559 1947 et
2582 1892 2830 1949 Protasii
2856 1891 3135 1964 martyris
3164 1890 3320 1947 infra
3348 1889 3515 1945 urbis
3556 1889 3847 1944 Cenoma-

2194 1981 2343 2037 nicaa
2374 1981 2674 2039 civitatem
2721 1985 3098 2051 constructae,
3126 1980 3229 2036 ubi
3274 1982 3497 2035 Franco
3525 1976 3846 2050 episcopus

2195 2086 2451 2141 praeesse
2510 2070 2758 2141 videtur,
2809 2071 3059 2143 ejusque
3091 2067 3539 2138 congregationi
3593 2082 3665 2123 ex
3713 2066 3848 2138 ipsa

2199 2158 2453 2214 Ecclesia
2510 2158 2880 2215 consistenti.
2946 2161 3064 2227 Ego
3121 2157 3280 2213 enim
3333 2158 3393 2212 in
3450 2155 3550 2210 Dei
3603 2154 3843 2209 nomine

2197 2248 2590 2315 Germundus,
2643 2247 2792 2303 dum
2822 2251 2878 2304 et
2921 2246 3227 2317 cognitum
3276 2249 3364 2300 est
3390 2244 3645 2318 qualiter
3673 2243 3842 2298 dom-

2194 2351 2309 2391 nus
2336 2337 2580 2392 Carolus
2612 2336 2906 2405 gloriosus
2960 2353 3064 2391 rex
3107 2334 3277 2391 villas
3326 2333 3513 2390 sancti
3567 2331 3845 2400 Gervasii,

2194 2425 2528 2482 Fraxinedo
2600 2424 3105 2495 Flexobrachiale,
3183 2423 3417 2488 Aciaco,
3497 2422 3587 2477 vel
3640 2425 3848 2476 sancto

2196 2513 2444 2583 Georgio
2476 2530 2615 2569 cum
2670 2513 3042 2586 appendiciis
3090 2512 3233 2582 suis,
3266 2510 3573 2576 Aloniaco,
3622 2508 3848 2578 longua

2195 2602 2438 2659 lilcaria.
2493 2602 2771 2659 Camiaco
2830 2601 3204 2673 mundarias,
3266 2600 3340 2655 ad
3401 2600 3600 2674 ipsam
3661 2597 3845 2653 eccle-

2196 2690 2348 2745 siam
2404 2690 2653 2746 reddere
2707 2691 2911 2761 jussit,
2945 2696 3001 2747 et
3058 2696 3265 2762 postea
3320 2704 3425 2761 per
3463 2688 3711 2743 verbum
3742 2687 3846 2741 do-

2195 2780 2360 2835 mino
2390 2786 2594 2847 nostro
2616 2780 2825 2837 Carolo
2870 2780 3129 2850 glorioso
3160 2778 3283 2849 regi
3313 2796 3448 2835 mea
3481 2778 3589 2833 fuit
3620 2779 3843 2849 petitio,

2195 2873 2250 2924 et
2280 2872 2476 2924 vestra
2530 2868 2791 2925 decrevit
2846 2868 3142 2936 voluntas,
3198 2873 3261 2924 ut
3306 2867 3443 2940 ipsa
3478 2865 3687 2922 locella
3734 2880 3844 2938 pro

2194 2964 2387 3013 vestro
2436 2957 2727 3013 beneﬁcio
2759 2957 2838 3011 ad
2871 2974 3017 3011 usus
3075 2956 3398 3013 fructuario
3456 2955 3664 3010 ordine
3697 2954 3845 3009 mihi

2194 3051 2391 3102 tenere
2418 3045 2793 3117 permisistis,
2853 3045 2913 3100 id
2944 3048 3049 3112 est,
3083 3061 3221 3099 cum
3251 3043 3497 3109 mansis,
3531 3045 3703 3108 casis,
3740 3042 3845 3096 do-

2193 3134 2416 3203 mibus,
2468 3134 2753 3200 aediﬁciis,
2805 3132 3140 3206 mancipiis,
3196 3130 3537 3193 accolabus,
3594 3130 3836 3195 libertis,

2196 3223 2382 3294 terris,
2430 3223 2639 3292 vineis,
2692 3221 2876 3289 silvis,
2924 3221 3130 3295 pratis,
3159 3224 3215 3276 et
3260 3219 3525 3292 pascuis,
3552 3223 3609 3274 et
3649 3233 3842 3290 quan-

2194 3318 2319 3368 tum
2379 3312 2455 3369 ad
2512 3312 2645 3385 ipsa
2685 3310 2820 3368 loca
2874 3315 3185 3384 aspectum
3225 3325 3354 3365 esse
3393 3308 3644 3374 videtur,
3694 3306 3842 3361 dum

2192 3418 2305 3472 ego
2360 3401 2579 3459 advivo
2622 3417 2730 3473 pro
2784 3405 2976 3457 vestro
3019 3398 3312 3455 beneﬁcio
3357 3397 3505 3453 mihi
3548 3396 3722 3453 liceat
3766 3400 3842 3451 te-

2194 3507 2333 3547 nere
2364 3495 2420 3547 et
2448 3489 2778 3557 dominari;
2826 3493 2882 3545 et
2926 3488 3281 3561 spondimus
3321 3485 3491 3542 vobis
3522 3490 3587 3541 ut
3612 3501 3721 3558 pro
3752 3486 3841 3540 in-

2194 3580 2347 3635 (licio
2378 3579 2561 3651 ipsius
2590 3578 2777 3634 sancti
2801 3578 3053 3633 Gervasii
3101 3575 3199 3633 vel
3230 3581 3430 3633 vestro
3486 3591 3607 3632 non
3635 3574 3711 3632 sit
3741 3590 3841 3629 an-

2192 3668 2285 3724 nis
2318 3666 2567 3737 singulis
2597 3667 2677 3723 ad
2720 3666 3096 3723 festivitatem
3143 3665 3332 3721 sancti
3382 3665 3606 3722 Martini
3634 3663 3732 3721 illa
3763 3662 3846 3719 bi-

2191 3756 2497 3812 bernatica
2520 3755 2748 3825 argenti
2774 3755 2928 3811 libra
2956 3770 3079 3811 una
3098 3754 3269 3811 vobis
3290 3754 3368 3810 ad
3392 3758 3622 3827 partem
3656 3751 3847 3809 sancti

2189 3845 2453 3901 Gervasii
2496 3849 2554 3901 et
2592 3844 2835 3900 rectoris
2891 3843 3279 3900 ecclesiarum
3326 3842 3722 3899 transsolvere
3766 3842 3847 3896 fa-

2192 3935 2369 4001 ciam,
2402 3938 2505 3990 aut
2555 3933 2874 3997 decimam,
2911 3936 3013 3989 aut
3068 3947 3295 3987 nonam
3324 3947 3397 3987 ex
3446 3930 3611 3987 omni
3654 3929 3849 3985 reditu

2191 4024 2442 4098 pleniter
2500 4024 2879 4096 persolvam;
2940 4026 2996 4078 et
3040 4022 3088 4077 si
3136 4020 3444 4093 negligens
3495 4024 3599 4077 aut
3639 4019 3846 4077 tardus

2191 4114 2405 4171 exinde
2450 4129 2787 4187 apparuero
2836 4112 2916 4168 ad
2948 4110 3285 4185 predictum
3316 4110 3622 4184 placitum,
3662 4109 3842 4165 ﬁdem

2192 4204 2405 4259 exinde
2435 4204 2628 4259 facere
2675 4202 2952 4265 debeam,
2986 4206 3043 4257 et
3090 4201 3250 4274 ipsas
3279 4216 3395 4268 res,
3424 4200 3571 4255 dum
3602 4214 3713 4270 ego
3744 4199 3843 4254 ad-

2190 4293 2347 4363 vivo,
2376 4293 2624 4364 perdere
2650 4308 2774 4347 non
2805 4292 3079 4358 debeam,
3100 4296 3157 4347 et
3186 4295 3322 4363 post
3342 4306 3545 4347 meum
3576 4305 3840 4363 quoque,

2192 4383 2310 4436 Deo
2336 4380 2604 4451 jubente,
2658 4380 3013 4447 discessum,
3050 4380 3185 4453 ipsa
3213 4379 3424 4435 locella
3453 4395 3591 4435 cum
3633 4394 3842 4435 eorum

2192 4469 2485 4524 soliditate
2506 4468 2586 4524 ad
2611 4484 2671 4523 se
2698 4468 3045 4542 pertinentis
3069 4467 3163 4524 vel
3186 4466 3645 4541 aspicientis,vel
3671 4467 3843 4540 quid-

2191 4557 2338 4629 quid
2366 4556 2591 4612 ibidem
2638 4557 2932 4613 attrahere
2989 4557 3084 4613 vel
3113 4557 3510 4613 immeliorare
3568 4561 3841 4629 potuero,

2189 4646 2281 4700 vel
2308 4650 2847 4717 quantumcunque
2892 4650 3032 4701 tunc
3066 4646 3351 4717 temporis
3379 4645 3605 4701 ibidem
3630 4645 3841 4700 inven-

2190 4738 2318 4789 tum
2375 4733 2566 4799 fuerit,
2597 4748 2706 4789 vos
2731 4737 2835 4789 aut
2879 4734 3125 4790 rectoris
3171 4735 3358 4791 sancti
3400 4734 3659 4790 Gervasii
3715 4734 3843 4789 sine

2193 4822 2369 4878 ullius
2410 4821 2630 4893 judicis
2678 4822 3139 4894 consignatione
3191 4827 3295 4879 aut
3337 4822 3644 4879 haeredum
3680 4836 3845 4878 meo-

2190 4927 2326 4968 rum
2376 4911 2811 4969 contraditione
2854 4914 2914 4969 in
2970 4916 3232 4969 vestram
3284 4911 3514 4981 faciatis
3560 4925 3843 4968 revocare

2190 5002 2666 5059 dominationem
2682 5006 3101 5075 etpotestatem
3117 5002 3196 5058 ad
3213 5000 3554 5057 faciendum
3565 5000 3844 5073 quodvo-

2190 5089 2498 5159 lueritis,et
2518 5090 2647 5145 haec
2662 5090 2971 5161 praecaria,
2983 5105 3055 5146 ac
3067 5090 3116 5145 si
3133 5104 3370 5161 semper
3385 5104 3493 5162 per
3505 5089 3847 5163 quinquen-

2190 5176 2362 5232 nium
2390 5181 2681 5232 renovata
2703 5177 3112 5246 fuisset,ﬁrma
3128 5182 3185 5233 et
3213 5177 3442 5234 stabilis
3468 5182 3842 5252 permaneat.

2190 5267 2402 5320 Actum
2432 5264 2788 5321 Cenomanis
2820 5265 3052 5321 civitate
3081 5264 3143 5321 in
3182 5281 3344 5323 anno
3368 5284 3530 5335 χχχι,
3551 5271 3843 5338 regnante

2189 5351 2416 5409 domno
2439 5356 2644 5409 nostro
2672 5353 2881 5410 Carolo
2906 5353 3165 5425 glorioso
3194 5357 3369 5427 Rege,
3391 5356 3453 5413 in
3474 5371 3681 5413 mense
3701 5359 3845 5413 Mar-

2188 5441 2290 5498 tio.
2311 5443 2366 5499 S.
2386 5441 2731 5512 Germundi,
2750 5442 2856 5515 qui
2880 5443 3037 5499 hanc
3067 5446 3400 5517 precariam
3428 5445 3557 5502 ﬁeri
3584 5443 3839 5516 rogavit.

2191 5532 2252 5588 8.
2282 5530 2634 5587 Fulcoberti.
2668 5533 2723 5589 S.
2761 5531 3048 5589 Sichardi.
3099 5535 3158 5592 S.
3189 5534 3481 5591 Vuildoni.
3528 5533 3841 5591 Haifredus

2188 5620 2554 5694 subscripsit.
2578 5621 2867 5680 Salomon
2894 5628 3142 5696 rogatus
3160 5623 3525 5696 subscripsit.
3558 5623 3843 5694 Aigliber-
