4180 6186
258 179 350 236 101

248 310 343 359 tus
371 299 754 372 subscripsit.
789 299 1198 356 Vuanafredus
1249 301 1576 358 Gibolonus
1607 302 1909 374 subscrip-
1937 307 1982 358 A

247 395 341 449 sit.
377 389 756 446 Bertobodus
815 389 1185 463 subscripsit.
1223 395 1377 446 Bavo
1405 392 1774 464 subscripsit.
1809 393 1914 446 lib-

245 483 457 540 tardus
472 477 843 550 subscripsit.
862 479 915 532 S.
935 479 1188 536 Vultadi.
1209 480 1526 537 Salaardus
1544 481 1910 553 subscripsit.

250 569 596 626 \‘ualtarius
631 566 1006 640 subscripsit.
1059 571 1114 624 S.
1165 569 1485 624 Frumaldi.
1531 571 1584 624 S.
1623 569 1910 626 Leuberti.

255 659 549 716 Beraldus
578 657 815 730 scripsit
840 662 896 712 et
928 657 1302 732 subscripsit.

1049 777 1166 831 LX.

256 883 599 951 Exanplar
627 882 921 954 precaria
951 881 1023 954 de
1053 884 1199 939 villa
1217 898 1348 954 quae
1373 889 1624 940 vocatur
1647 885 1910 938 Mansz‘o-

327 971 430 1009 nes
463 956 522 1007 in
550 953 794 1026 condita
825 952 1430 1026 Diablenlica,'quam
1475 955 1736 1012 Merolus
1765 955 1911 1023 epis-

326 1041 512 1095 copus
547 1025 828 1078 Viliberto
863 1025 1026 1092 fecit.

326 1113 588 1169 Domino
619 1117 827 1168 sancto
853 1129 923 1168 ac
955 1113 1547 1172 venerabilibasilicm
1560 1114 1749 1170 sancti
1770 1114 1910 1168 Vin-

253 1202 430 1260 centii
455 1201 761 1276 martyris,
785 1217 919 1274 quae
937 1205 1024 1258 est
1045 1207 1386 1260 constructa
1402 1209 1568 1260 extra.
1593 1219 1798 1262 muros
1813 1205 1910 1260 Ce-

252 1290 543 1348 nomanis
573 1289 846 1355 civitatis,
880 1306 1065 1363 quam
1097 1291 1347 1348 Merolus
1379 1293 1699 1365 episcopus
1727 1291 1790 1347 in
1809 1292 1914 1348 do-

257 1380 590 1436 minatione
607 1384 664 1434 et
681 1379 744 1434 in
769 1380 1058 1448 regimine
1075 1380 1298 1438 habere
1316 1381 1566 1438 videtur.
1602 1384 1725 1451 Ego
1751 1381 1912 1438 enim

255 1471 320 1526 in
356 1470 461 1525 Dei
507 1469 750 1524 nomine
797 1467 1128 1534 Vilibertus,
1178 1474 1234 1525 et
1277 1486 1414 1526 mea
1470 1471 1580 1526 fuit
1628 1471 1832 1542 petitio
1860 1475 1916 1526 et

259 1564 472 1614 vestra
504 1557 772 1612 voluntas
805 1557 1086 1627 decrevit,
1117 1563 1173 1614 ct
1191 1575 1299 1630 per
1327 1559 1663 1630 jussionem
1686 1559 1916 1614 domini

263 1648 460 1703 nostri
494 1646 682 1702 Caroli
713 1645 957 1715 gloriosi
988 1647 1145 1716 regis
1175 1647 1316 1704 villa
1357 1653 1555 1704 vestra
1583 1649 1658 1703 de
1689 1649 1915 1704 ratione
1942 1663 1986 1714 Β

259 1735 612 1791 monasterii
628 1734 818 1790 sancti
840 1734 1104 1802 Vicentii,
1130 1737 1298 1808 quod
1326 1737 1505 1792 situm
1525 1742 1612 1792 est
1627 1740 1794 1794 extra
1819 1751 1916 1792 nr-

257 1825 424 1894 bem,
457 1823 634 1894 cujus
667 1823 1028 1880 vocabulum
1056 1825 1234 1881 estad
1253 1825 1764 1896 Mansiones,cum
1793 1841 1919 1880 om-

259 1914 323 1970 ni
351 1912 688 1982 integritate
715 1918 772 1968 et
814 1913 1260 1986 appendiciisiu
1292 1915 1510 1970 vicaria
1553 1915 1916 1972 Diablentica

263 2003 446 2059 nobis
475 2002 550 2058 ad
591 2002 942 2058 usitandum
963 2007 1162 2060 tenere
1190 2005 1564 2077 permisistis,
1589 2005 1649 2061 in
1676 2021 1746 2060 ea
1774 2020 1916 2060 vero

265 2092 496 2147 ratione
518 2096 582 2146 ut
609 2090 758 2146 dum
780 2107 893 2161 ego
919 2093 1136 2148 advivo
1165 2099 1219 2150 et
1247 2094 1546 2150 dominari
1595 2093 1787 2150 facere
1812 2093 1912 2148 de-

263 2181 468 2250 beam,
488 2186 544 2236 et
567 2185 702 2254 post
725 2196 927 2238 meum
947 2197 1212 2254 quoque,
1235 2183 1486 2238 Domino
1498 2183 1768 2254 jubente,
1791 2181 1915 2238 dis-

271 2287 538 2334 cessum,
564 2269 833 2341 partibus
863 2271 1052 2326 sancti
1079 2271 1318 2328 Vicentii
1344 2272 1688 2330 monasterii
1719 2287 1916 2326 rever-

275 2363 400 2412 tere
421 2357 661 2412 faciatis.
691 2361 753 2412 Εἰ
775 2358 1053 2414 convenit
1071 2359 1247 2416 nobis
1271 2360 1444 2416 annis
1465 2359 1714 2430 singulis
1738 2360 1816 2414 ad
1838 2357 1917 2416 fe-

272 2446 594 2502 stivitatem
617 2447 804 2506 sancti
837 2447 1064 2504 Martini
1100 2447 1534 2506 liibernaticam
1563 2448 1638 2504 de
1669 2452 1916 2518 argento

271 2534 497 2590 solidos
520 2535 730 2591 decem
757 2535 1156 2592 transsolvere
1177 2535 1453 2603 debeam,
1487 2541 1590 2592 aut
1617 2537 1918 2594 decimam

271 2627 328 2678 et
358 2637 588 2678 nonam
619 2623 870 2696 pleniter
890 2622 1230 2695 persolvam
1256 2623 1332 2679 de
1361 2624 1753 2694 omnireditu,
1783 2631 1841 2678 et
1873 2623 1924 2679 si

272 2711 586 2782 negligens
607 2718 710 2768 aut
738 2712 946 2767 tardus
967 2712 1182 2768 exinde
1235 2728 1594 2786 apparuero,
1625 2713 1810 2768 ﬁdem
1843 2711 1924 2768 fa-

273 2816 406 2856 cere
443 2800 661 2857 exinde
699 2801 979 2870 debeam,
1020 2805 1078 2858 et
1099 2802 1230 2872 jam
1276 2801 1500 2858 dictam
1543 2801 1748 2858 villam
1805 2817 1928 2874 per-

272 2889 415 2945 dere
437 2906 558 2945 non
589 2889 869 2962 debeam,
893 2891 1000 2946 sed
1023 2891 1152 2946 haec
1176 2891 1468 2964 precaria,
1499 2908 1569 2948 ac
1616 2891 1665 2947 si
1693 2905 1930 2964 semper

1891 175 2070 233 νιτΑ.

3563 179 3665 235 102

2027 307 2204 370 gento
2234 303 2455 358 solidos
2479 319 2582 358 sex
2605 301 2997 358 transsolvere
3019 301 3309 370 debeam;
3342 306 3400 358 et
3421 302 3468 357 si
3485 302 3665 372 negli-

2022 407 2168 462 gens
2195 398 2296 449 aut
2311 391 2514 448 tardus
2527 392 2740 448 exinde
2764 407 3122 464 apparuero,
3143 391 3330 448 ﬁdem
3351 391 3563 449 exinde
3586 393 3668 448 fa-

2021 497 2149 536 cere
2171 481 2448 550 debeam,
2471 486 2528 536 et
2543 481 2740 554 ipsum
2758 481 3250 537 monasteriolum
3271 481 3518 554 perdere
3543 496 3667 536 non

2019 568 2295 641 debeam,
2329 569 2432 625 sed
2462 571 2589 625 haec
2619 567 2900 642 precariae
2933 584 3054 624 uno
3087 572 3291 624 tenore
3317 568 3666 642 conscriptae

2020 658 2305 731 omnique
2365 664 2630 740 tempore
2664 655 2852 713 ﬁrmae
2899 661 2957 715 et
2987 656 3228 714 stabiles
3253 661 3663 730 permaneant.

2020 750 2230 802 Actum
2272 747 2629 803 Cenomanis
2669 745 2902 802 civitate
2952 760 3113 800 anno
3151 761 3326 809 xxxn,
3381 748 3666 814 regnante

2018 835 2266 892 domino
2291 834 2500 890 Carolo
2517 833 2948 903 gloriosissimo
2976 848 3135 902 rege,
3158 848 3234 887 ix.
3260 831 3390 887 Kal.
3423 831 3663 887 Mahias.

2021 926 2076 980 S.
2111 923 2384 994 Viliberti,
2415 923 2519 996 qui
2549 922 2705 978 hanc
2734 921 3063 993 precariam
3088 919 3216 976 ﬁeri
3236 925 3292 976 et
3309 921 3546 975 firmare
3569 935 3665 973 ro-

2020 1014 2198 1082 gavit.
2236 1016 2290 1069 S.
2326 1011 2636 1068 Gedeonis.
2684 1013 2738 1068 S.
2770 1010 3106 1082 Gripponis.
3145 1011 3198 1065 S.
3233 1007 3558 1064 Gauzberti.
3607 1009 3664 1064 S;

2020 1100 2415 1171 Ragemberti.
2455 1104 2510 1156 S.
2555 1099 2815 1166 Audulti,
2849 1099 2905 1154 S.
2941 1097 3254 1154 Gheldulti.
3291 1099 3344 1154 S.
3377 1094 3664 1154 Brucleni.

2016 1192 2196 1246 Jonas
2219 1189 2585 1261 subscripsit.
2619 1189 2672 1243 S.
2709 1189 2928 1244 \‘aran.
2961 1187 3016 1242 S.
3049 1185 3321 1243 Gulfaldi.
3347 1187 3507 1241 Bavo
3539 1185 3667 1241 dia-

2021 1295 2208 1334 conus
2244 1277 2475 1350 scripsit
2494 1282 2550 1334 et
2580 1275 2948 1348 subscripsit.

2773 1366 2922 1421 [.Xll.

2022 1457 2357 1526 Exemplar
2377 1457 2671 1525 precariae
2695 1470 2871 1526 quam
2895 1453 3157 1509 Merolus
3183 1454 3490 1526 episcopus
3531 1452 3672 1526 Yz'li-

2098 1524 2258 1582 berlu
2310 1524 2455 1598 fecit
2485 1527 2558 1582 de
2587 1524 2871 1598 Bel/"uide
2887 1528 2981 1598 fin,
3000 1527 3314 1598 canonicq.
3348 1528 3403 1580 et
3434 1525 3506 1578 de
3531 1524 3674 1581 88η-

2095 1614 2288 1663 mare,
2313 1596 2372 1654 et
2401 1597 2728 1668 Ingranda,
2759 1602 2812 1652 et
2855 1597 3160 1658 Vivillare,
3185 1602 3240 1654 ct
3255 1596 3587 1660 Fontanus,
3618 1599 3672 1650 et

2095 1669 2612 1740 Monastcriolum,
2638 1673 2692 1724 et
2723 1669 3098 1738 Bragolz‘um,
3141 1684 3275 1725 cum
3316 1682 3519 1724 eorum
3564 1680 3672 1735 ap-

2092 1741 2401 1810 pendiciis.

2099 1829 2351 1885 Domino
2383 1834 2589 1886 saneto
2619 1833 2676 1884 et
2696 1827 3019 1884 venerabili
3039 1827 3298 1884 basilica:
3329 1830 3674 1884 sanctorum

2027 1918 2286 1975 Gervasii
2316 1925 2369 1974 et
2415 1917 2664 1974 Protasii
2696 1922 3026 1988 martyrum
3069 1916 3225 1972 infra
3250 1916 3464 1972 urbem
3495 1918 3676 1972 Ceno-

2026 2007 2222 2062 manis
2240 2007 2540 2062 civitatem
2556 2011 2932 2072 constructae,
2958 2006 3061 2061 ubi
3081 2005 3329 2062 Merolus
3357 2005 3676 2076 episcopus

2025 2112 2281 2168 praeesse
2313 2095 2564 2165 videtur,
2593 2096 2641 2165 ej
2655 2109 2844 2166 usque
2865 2095 3313 2163 congregationi
3331 2095 3393 2148 in
3422 2095 3555 2166 ipsa
3579 2109 3675 2148 ec—

2025 2183 2207 2240 clesia
2251 2184 2614 2240 consistenti.
2660 2185 2781 2250 Ego
2843 2183 3003 2237 enim
3039 2182 3100 2236 in
3133 2182 3231 2236 Dei
3261 2182 3504 2237 nomine
3534 2180 3674 2235 Vili-

2023 2271 2248 2342 bertus,
2282 2273 2429 2327 dum
2468 2277 2526 2327 et
2546 2271 2856 2340 cognitum
2885 2275 2972 2326 est
3009 2271 3262 2342 qualiter
3286 2271 3548 2326 domnus
3571 2269 3676 2324 Ca-

2024 2361 2188 2417 rolus
2226 2361 2524 2430 gloriosus
2564 2376 2667 2414 rex
2692 2359 2894 2414 villam
2919 2359 3110 2415 sancti
3144 2358 3424 2425 Gervasii,
3478 2355 3678 2412 Belfai-

2023 2450 2174 2506 dum
2201 2450 2400 2506 vicum
2421 2448 2731 2521 publicum
2761 2464 2900 2503 cum
2921 2447 3043 2503 suis
3067 2447 3458 2520 appendiciis,
3476 2444 3682 2502 Belfai~

2027 2541 2175 2596 dum
2191 2539 2393 2599 vicum
2415 2538 2724 2610 publicum
2741 2554 2883 2593 cum
2907 2537 3033 2592 suis
3056 2537 3445 2610 appendiciis,
3469 2540 3527 2592 et
3545 2538 3682 2592 Sen-

2030 2645 2296 2694 murum,
2320 2632 2378 2684 et
2410 2627 2792 2698 lngrandam,
2815 2627 3185 2700 ct_Vivillare,
3210 2627 3332 2682 sive
3361 2629 3679 2694 Fontanas,

2035 2723 2091 2774 et
2115 2715 2618 2783 Monasteriolum,
2666 2721 2725 2770 et
2771 2715 3135 2786 Bragolium,
3183 2715 3303 2770 sive
3355 2713 3681 2768 Auciacum

2037 2808 2237 2862 vicum
2265 2805 2602 2879 publicum.
2631 2819 2770 2860 eum
2803 2804 2970 2860 omni
2997 2803 3326 2874 integritate
3354 2801 3450 2859 vel
3473 2817 3682 2858 eorum

2039 2895 2412 2969 appendiciis
2432 2895 2508 2950 ad
2523 2895 2651 2965 jam
2667 2893 2888 2950 dictam
2905 2893 3217 2950 ecclesiam
3233 2891 3483 2948 reddere
3487 2893 3508 2962 j
3519 2891 3682 2957 ussit,

272 2995 380 3051 per
431 2979 925 3052 quinquennium
975 2986 1264 3036 renovata
1333 2980 1562 3048 fuisset,
1638 2979 1814 3035 ﬁrma
1877 2982 1933 3036 et
1961 3014 2002 3069 Ο
2041 2990 2317 3059 etpostea
2338 3000 2444 3057 per
2464 2984 2714 3039 verbum
2737 2983 2964 3039 domno
2980 2987 3184 3038 nostra
3199 2981 3406 3038 Carolo
3427 2980 3686 3051 glorioso

276 3067 508 3124 stabilis
529 3073 905 3140 permaneat.
958 3073 1172 3125 Actum
1221 3069 1577 3126 Cenomanis
1608 3069 1842 3125 civitate
1870 3067 1962 3138 in.

275 3173 436 3212 anno
461 3174 650 3222 xxxii,
677 3161 964 3226 regnante
1012 3157 1240 3214 domno
1287 3164 1493 3214 nostro
1552 3158 1764 3216 Carolo
1813 3156 1932 3228 glo-

276 3246 444 3302 rioso
476 3261 625 3314 rege
649 3245 712 3299 in
735 3261 936 3301 mense
963 3247 1161 3319 Aprili.
1210 3248 1266 3304 S.
1324 3247 1598 3312 Viliberti,
1630 3249 1737 3319 qui
1779 3247 1937 3302 hanc

277 3333 635 3408 precariam
663 3332 903 3389 ﬁrmare
939 3349 1006 3390 ac
1042 3335 1164 3391 ﬁeri
1193 3337 1444 3408 rogavit.
1473 3337 1528 3392 S.
1588 3335 1934 3405 Maginardi.

279 3427 339 3481 S.
372 3421 626 3479 Barivei.
658 3423 709 3476 S.
748 3422 1006 3480 Girberti.
1057 3427 1114 3480 S.
1148 3425 1451 3495 Enigrimi.
1507 3429 1562 3483 S.
1615 3425 1936 3489 Adelberti,

285 3516 438 3569 Bavo
486 3511 820 3584 suscripsit.
851 3514 907 3568 S.
935 3513 1520 3583 Ragint‘ridiﬁedean
1569 3516 1938 3588 subscripsit.

293 3601 583 3656 Ebtardus
599 3601 954 3673 subscripsit
968 3604 1024 3663 S.
1039 3603 1220 3673 Ragin
1232 3603 1405 3659 frinrl.
1435 3604 1618 3660 .lacob
1649 3606 1946 3678 subscrip-

301 3689 458 3744 sit.S.
479 3690 751 3746 Rartaldi.
775 3692 832 3748 S.
850 3691 1193 3748 Amalberti.
1216 3694 1271 3749 S.
1299 3693 1588 3750 Joachim.
1611 3695 1667 3752 S.
1687 3695 1942 3752 Bosleni.

315 3777 576 3834 Nersinus
625 3780 924 3838 diaconus
961 3781 1192 3853 scripsi.
1226 3787 1282 3838 et
1339 3783 1715 3857 subscripsit.

1044 3890 1174 3943 LXI.

301 3972 632 4048 Exemplar
655 3977 953 4048 precaria:
980 3991 1156 4046 quam
1175 3977 1440 4034 Merolus
1459 3979 1764 4048 cpiscopus
1807 3980 1947 4036 Vili-

473 4047 641 4102 berto
667 4047 740 4102 de
763 4048 922 4104 cella
950 4050 1148 4104 sancti
1165 4047 1542 4106 Γνωηὸαωί
1563 4051 1730 4120 fecit.

359 4133 621 4191 Domino
647 4139 853 4191 sancto
895 4152 967 4192 ac
1019 4137 1347 4194 venerabili
1403 4138 1664 4194 basilica:
1719 4143 1948 4196 sancto-

294 4240 430 4279 rum
455 4229 795 4296 martyrum
821 4225 1080 4282 Gervasii
1109 4232 1167 4282 et
1192 4228 1441 4284 Protasii
1465 4244 1601 4300 quae
1656 4234 1745 4286 est
1772 4245 1948 4285 cons-

293 4317 489 4369 tructa
518 4313 675 4370 intra
719 4313 934 4370 urbem
978 4315 1336 4372 Cenomanis
1388 4316 1705 4388 civitatem,
1763 4333 1950 4389 quam

296 4403 551 4460 Merolus
600 4403 920 4476 episcopus
968 4405 1032 4460 in
1083 4405 1512 4474 dominatione,
1569 4411 1626 4462 et
1683 4407 1746 4463 in
1794 4409 1949 4478 regi—

299 4491 462 4547 mine
513 4491 741 4548 habere
779 4491 1031 4561 videtur,
1086 4495 1340 4567 ejusque
1394 4495 1842 4566 congregationi
1891 4496 1952 4552 in

300 4580 434 4652 ipsa
461 4579 720 4636 basilica
745 4581 1108 4638 consistenti.
1146 4585 1266 4652 Ego
1293 4583 1454 4640 enim
1487 4583 1550 4640 in
1584 4584 1679 4640 Dei
1709 4583 1955 4640 nomine

302 4669 643 4738 Vilibertus,
675 4669 821 4726 dum
847 4676 904 4727 et
937 4687 1073 4728 mea
1123 4671 1232 4728 fuit
1277 4672 1478 4744 petitio
1509 4677 1565 4729 et
1618 4676 1815 4730 vestra
1860 4673 1960 4728 de-

305 4759 484 4814 crevit
511 4757 820 4822 voluntas,
871 4763 928 4814 et
971 4775 1078 4832 per
1117 4761 1453 4831 jussionem
1505 4761 1738 4818 Domini
1769 4760 1959 4818 nostri

308 4847 493 4903 Caroli
535 4846 788 4918 gloriosi
829 4848 986 4918 regis
1031 4849 1524 4906 monasteriolum
1570 4855 1836 4906 vestrum
1883 4849 1958 4905 de

308 4935 532 4992 ratione
574 4936 874 5008 praedictae
920 4936 1202 5004 basilicae,
1251 4940 1426 5010 cujus
1457 4939 1821 4995 vocabulum
1873 4941 1961 4994 est

311 5023 392 5078 ad
428 5026 637 5081 cellam
669 5026 860 5082 sancti
891 5026 1252 5097 Frambaldi,
1283 5028 1344 5084 in
1372 5028 1592 5085 vicaria
1622 5027 1961 5084 Gabronen—

308 5127 394 5184 se,
440 5129 576 5170 cum
603 5114 774 5170 omni
825 5115 1160 5186 integritate
1191 5133 1301 5174 sua
1343 5117 1437 5175 vel
1465 5116 1817 5190 appendicis
1847 5132 1957 5172 no-

302 5202 396 5258 bis
437 5203 513 5259 ad
547 5203 856 5262 usandum
884 5209 1083 5261 tenere
1110 5205 1484 5278 permisistis,
1517 5206 1579 5262 in
1610 5223 1680 5262 ea
1705 5221 1845 5262 vero
1869 5221 1961 5262 ra-

303 5291 462 5348 tione
510 5298 577 5349 ut
602 5293 756 5352 dum
801 5311 913 5365 ego
943 5295 1162 5352 advivo
1192 5299 1392 5352 tenere
1431 5299 1489 5352 et
1527 5295 1828 5352 dominari
1874 5295 1959 5352 fa-

301 5397 434 5438 cere
470 5383 759 5452 debeam,
813 5387 871 5440 et
918 5390 1053 5458 post
1107 5401 1316 5440 meum
1385 5401 1651 5458 quoque,
1711 5387 1832 5440 Deo
1861 5384 1960 5455 ju-

299 5469 500 5541 bente,
549 5472 911 5543 discessum,
979 5474 1253 5546 partibus
1315 5475 1506 5530 sancti
1570 5473 1830 5532 Gervasii
1875 5488 1962 5528 re-

301 5567 529 5618 vertere
557 5562 811 5619 faciatis.
859 5565 924 5619 Et
965 5564 1241 5620 convenit
1291 5562 1468 5620 nobis
1497 5563 1674 5619 annis
1711 5560 1960 5632 singulis

307 5651 382 5707 ad
403 5651 790 5710 festivitatem
811 5651 1000 5710 sancti
1043 5651 1272 5711 Martini
1297 5650 1734 5710 hibernaticam
1759 5649 1836 5707 de
1863 5665 1958 5708 ar-

2041 3075 2167 3143 regi
2188 3074 2296 3130 fuit
2312 3073 2530 3146 petitio,
2550 3076 2607 3128 et
2620 3076 2818 3127 vestra
2838 3071 3100 3127 decrevit
3124 3070 3400 3126 voluntas
3424 3089 3436 3136 ;
3472 3073 3536 3124 ut
3554 3069 3686 3138 ipsa

2044 3162 2255 3218 locella
2285 3177 2390 3233 per
2419 3165 2685 3216 vestrum
2715 3159 3076 3214 beneﬁcium
3107 3158 3185 3213 ad
3214 3173 3392 3212 usum
3423 3155 3686 3211 fructua-

2044 3251 2200 3306 rium
2230 3249 2505 3306 ordinem
2532 3247 2678 3302 mihi
2703 3252 2900 3302 tenere
2929 3245 3298 3318 pesmisistis,
3327 3244 3390 3300 id
3411 3249 3518 3310 est,
3551 3257 3689 3299 eum

2049 3340 2295 3408 mansis,
2327 3337 2502 3406 casis,
2533 3335 2836 3405 domibus,
2860 3334 3497 3408 aediﬁciis,mancipiis,
3517 3349 3690 3390 acco-

2049 3429 2246 3496 labus,
2277 3426 2520 3493 libertis,
2554 3425 2738 3492 terris,
2774 3425 2982 3494 vineis,
3021 3424 3215 3490 silvis,
3255 3423 3459 3496 pratis,
3507 3425 3562 3478 et
3591 3437 3694 3494 pa-

2051 3519 2228 3584 scuis,
2245 3517 2343 3572 vel
2365 3520 2661 3588 quantum
2691 3515 2769 3571 ad
2797 3514 2934 3586 ipsa
2961 3514 3095 3570 loca
3119 3517 3432 3584 aspectum
3457 3527 3589 3568 esse
3613 3510 3698 3566 vi-

2051 3609 2244 3672 detur,
2276 3605 2424 3660 dum
2457 3620 2567 3675 ego
2605 3603 2822 3660 advivo
2859 3618 2967 3675 per
3015 3607 3278 3658 vestrum
3333 3600 3696 3657 beneficium

2053 3695 2200 3752 mihi
2227 3694 2400 3750 liceat
2417 3697 2612 3748 tenere
2633 3697 2690 3746 et
2707 3689 3026 3746 dominari.
3056 3693 3122 3745 Et
3147 3689 3503 3763 spondimus
3530 3687 3697 3744 vobis

2055 3790 2120 3840 ut
2143 3799 2253 3856 pro
2283 3782 2502 3838 indicio
2529 3781 2716 3852 ipsius
2743 3779 2930 3835 sancti
2948 3779 3207 3836 Gervasii
3237 3779 3329 3835 vel
3353 3783 3546 3834 vestro
3575 3793 3698 3832 non

2057 3875 2134 3929 sit
2158 3872 2332 3928 annis
2357 3869 2607 3939 singulis
2633 3869 2710 3923 ad
2740 3868 3116 3924 festivitatem
3143 3867 3334 3924 sancti
3369 3865 3594 3924 Martini
3615 3865 3702 3920 hi-

2055 3959 2428 4018 bernaticam
2449 3957 2677 4027 argenti
2715 3955 2931 4010 libram
2955 3972 3144 4012 unum
3169 3961 3226 4012 et
3253 3955 3566 4012 dimidiam
3599 3969 3702 4010 vo-

2059 4051 2151 4106 bis
2175 4049 2252 4105 ad
2276 4052 2509 4122 partem
2529 4045 2715 4102 sancti
2735 4046 2992 4101 Gervasii
3007 4049 3064 4102 et
3082 4047 3325 4102 rectoris
3349 4045 3703 4102 eclesiarum

2057 4137 2380 4196 transsolve
2395 4135 2700 4208 refaciam,
2731 4140 2835 4192 aut
2849 4133 3146 4191 decimam
3163 4140 3219 4191 et
3233 4151 3458 4191 nonam
3489 4151 3562 4190 ex
3580 4149 3705 4190 om-

2060 4229 2122 4286 ni
2167 4227 2362 4284 reditu
2388 4226 2639 4299 pleniter
2667 4225 3040 4298 persolvam;
3072 4230 3130 4281 et
3176 4225 3226 4280 si
3263 4224 3572 4295 negligens
3601 4225 3707 4278 aut

2063 4317 2269 4374 tardus
2300 4314 2513 4371 exinde
2543 4329 2883 4388 apparuero
2922 4313 3000 4370 ad
3025 4314 3374 4387 praedictum
3394 4311 3702 4386 placitum,

2062 4406 2245 4462 ﬁdem
2277 4403 2490 4460 exinde
2535 4403 2730 4460 facere
2760 4404 3038 4474 debeam,
3069 4407 3124 4460 et
3175 4403 3338 4480 ipsas
3383 4418 3502 4474 res,
3557 4400 3706 4457 dum

2063 4511 2176 4566 ego
2207 4494 2440 4552 advivo.
2467 4493 2715 4566 perdere
2745 4509 2870 4550 non
2899 4493 3176 4560 debeam,
3241 4498 3296 4548 et
3329 4495 3464 4564 post
3503 4505 3708 4545 meum

2063 4599 2330 4658 quoque,
2364 4586 2482 4640 Deo
2506 4583 2775 4654 jubente,
2807 4582 3136 4638 discessum
3161 4581 3294 4652 ipsa
3327 4577 3538 4634 locella
3569 4591 3709 4632 cum

2064 4671 2232 4728 omni
2265 4670 2562 4726 soliditate
2604 4671 2684 4726 ad
2713 4687 2778 4725 se
2807 4669 3168 4742 pertinentes
3208 4666 3303 4722 vel
3335 4663 3706 4737 aspicientes,

2062 4760 2159 4817 vel
2178 4759 2474 4832 quidquid
2499 4758 2726 4815 ibidem
2749 4757 3042 4814 attrahere
3070 4755 3164 4811 vel
3191 4753 3587 4812 immeliorare
3609 4769 3712 4827 po-

2065 4855 2254 4920 tuero,
2286 4849 2380 4905 vel
2409 4853 2947 4921 quantumcunque
2977 4851 3118 4902 tunc
3150 4845 3435 4919 temporis
3484 4845 3712 4902 ibidem

2063 4939 2376 4995 inventum
2407 4937 2602 5006 fuerit,
2641 4952 2750 4992 vos
2793 4941 2895 4991 aut
2923 4940 3180 4992 rectores
3210 4935 3399 4993 sancti
3451 4933 3715 4992 Gervasii

2065 5029 2192 5084 sine
2257 5026 2414 5082 illius
2450 5025 2670 5096 judicis
2725 5024 3174 5095 consignatione
3253 5029 3358 5082 aut
3402 5025 3715 5082 haeredum

2065 5133 2340 5174 meorum
2393 5113 2859 5172 contradictione
2909 5114 3232 5171 investram
3285 5114 3512 5171 faciatis
3541 5131 3714 5172 revo-

2066 5222 2200 5263 care
2230 5203 2704 5263 dominationem
2746 5207 2805 5260 et
2829 5207 3185 5276 potestatem
3234 5203 3313 5260 ad
3369 5203 3718 5261 faciendum

2065 5294 2234 5368 quod
2279 5291 2582 5350 volueritis
2627 5297 2686 5350 et
2736 5292 2830 5348 hac
2879 5293 3183 5366 precariae,
3267 5308 3338 5350 ac
3383 5292 3434 5348 si
3479 5307 3718 5367 semper

2065 5399 2172 5456 per
2199 5381 2683 5456 quinquennium
2735 5386 3036 5439 renovatae
3085 5382 3354 5448 fuissent,
3414 5381 3606 5440 ﬁrmas
3662 5386 3721 5439 et

2068 5470 2311 5528 stabiles
2329 5474 2746 5544 permaneant.
2799 5475 3011 5528 Actum
3067 5471 3427 5532 Cenomanis
3479 5472 3716 5528 civitate

2066 5559 2304 5632 publice
2333 5575 2495 5618 anno
2524 5576 2680 5630 xvix,
2726 5564 3014 5632 regnante
3059 5560 3307 5618 domino
3349 5561 3562 5618 Carolo
3590 5559 3715 5628 glo-

2067 5647 2227 5706 rioso
2254 5664 2394 5721 rege
2422 5649 2486 5706 in
2523 5663 2730 5708 mense
2780 5647 2948 5708 Maio.
3002 5649 3058 5706 S.
3105 5648 3362 5707 Viliberti
3414 5648 3522 5718 qui
3558 5648 3722 5706 hanc
