4160 6182
489 160 584 215 103

1591 139 1870 200 ALDRICI
1907 135 2448 196 CENOMANENCIS
2487 138 2800 197 EPISCOPI

3800 141 3906 210 104

479 280 814 356 precariam
844 274 966 331 ﬁeri
1005 278 1061 329 et
1090 272 1392 328 afﬁrmare
1429 267 1677 339 rogavit.
1732 268 1787 322 8.
1850 261 2118 319 Hervich.
2155 264 2202 316 A
2240 260 2317 317 ad
2354 261 2666 319 basilicam
2716 261 2900 318 sancti
2932 260 3216 316 Vincentii
3250 262 3611 317 Cenomanis
3664 262 3908 320 civitate

487 353 544 429 8.
578 366 854 426 Adalulﬁ.
891 367 945 421 S.
978 359 1227 419 Osberti.
1281 362 1434 413 Boso
1467 354 1845 428 supscripsit.
1880 355 1937 408 S.
1981 353 2126 405 Vue-

482 458 718 515 dranni.
781 458 838 511 S.
897 449 1200 508 Troduini.
1279 450 1333 503 S.
1369 445 1585 502 Gehrii.
1654 447 1710 501 8.
1765 441 2126 499 Ramestani.

487 553 642 604 Davo
669 541 1045 610 subscripsit.
1081 536 1375 609 Eptardus
1419 534 1795 606 subscripsit.
1850 530 2128 588 Saiahar-

373 667 426 671 --
485 638 598 692 dus
623 629 990 701 subscripsit.
1024 629 1078 681 S.
1107 623 1453 679 Amalberti.
1487 623 1767 678 Beraldus
1820 618 2128 689 subscrip-

485 727 574 781 sit.
610 727 664 780 S.
701 713 1121 776 Pharamundi.
1155 713 1527 769 Vinneradus
1557 712 1849 766 diaconus
1899 706 2134 779 scripsit

485 821 539 868 et
565 805 932 878 subscripsit.

555 896 932 952 Anteriorum
953 891 1373 964 episcoporum
1406 889 1707 946 athentica
1757 894 1815 944 et
1846 887 2133 961 precariae

480 986 996 1057 infrascriptarum
1028 981 1296 1035 villarum
1329 981 1384 1034 in
1418 981 1656 1035 archivo
1713 977 2130 1035 Cenomanicze

482 1077 687 1131 matris
727 1072 987 1129 ecclesiae
1021 1073 1474 1134 conservantur,
1512 1074 1690 1140 atque
1730 1072 1974 1140 propter
2004 1081 2136 1137 pro-

482 1164 767 1220 lixitatem
797 1160 994 1232 operis
1017 1159 1074 1213 in
1107 1159 1218 1212 hac
1243 1157 1528 1212 schedula
1558 1172 1680 1212 non
1712 1160 1858 1211 sunt
1891 1155 2134 1212 inserta.

1230 1317 1407 1373 LXIII.

487 1448 825 1514 Exemplar
875 1445 1142 1513 epistolae
1169 1459 1346 1512 quam
1380 1443 1632 1496 domnus
1659 1440 1998 1514 Ludovicus
2027 1439 2136 1493 im-

554 1510 802 1587 perator
822 1510 1636 1587 Elisac/zoroiabbalisuoqiie
1657 1512 1848 1587 missa
1862 1510 2042 1578 misit,
2069 1514 2132 1587 ul

561 1581 841 1665 beneﬁcia.
867 1593 919 1665 et
944 1602 1035 1641 res
1057 1588 1117 1640 in
1141 1599 1208 1665 ea
1221 1584 1475 1665 scriptas
1488 1581 1737 1665 Aldrico
1753 1581 2138 1662 episcopovel
2172 1612 2216 1665 Β

557 1653 710 1716 suis
741 1660 931 1714 missis
1000 1658 1398 1726 consignarel,
1451 1661 1503 1709 et
1551 1669 1722 1708 suum
1777 1653 2137 1726 episcopium

557 1731 860 1800 imperiali
877 1722 1236 1785 auclorila‘te
1259 1741 1334 1782 ex
1363 1726 1443 1780 eis
1457 1725 1717 1793 pleniter
1735 1722 2060 1778 revestiret.

557 1854 620 1908 In
661 1853 905 1909 nomine
939 1850 1173 1906 Domini
1207 1850 1302 1904 Dei
1335 1853 1390 1903 et
1422 1846 1744 1904 Salvatoris
1774 1845 1961 1901 nostri
1991 1847 2137 1900 Jesu

486 1941 714 1997 Christi.
739 1940 1092 2008 Ludovicus,
1118 1938 1324 1993 divina
1351 1936 1773 2008 repropitiante
1803 1933 2136 2002 clementia,

484 2029 807 2102 imperator
837 2033 1137 2097 Augustus
1166 2025 1402 2080 Aldrico
1421 2023 1745 2080 venerabili
1760 2025 2046 2094 episcopo
2079 2025 2138 2076 et

484 2117 642 2173 fideli
678 2123 885 2173 nostro
920 2116 1195 2171 salutem.
1247 2113 1485 2169 Noverit
1525 2119 1624 2168 tua
1662 2111 1961 2167 industria
1991 2109 2136 2182 quia

483 2206 703 2260 missus
739 2212 872 2260 tuus
895 2211 1162 2258 nostram
1184 2202 1328 2258 adiit
1360 2200 1740 2272 praesentiam
1759 2200 2137 2254 innotescens

481 2293 648 2365 quod
679 2292 928 2364 quidam
955 2291 1174 2347 vassali
1205 2291 1410 2358 nostri,
1439 2288 1878 2358 Chermundus,
1909 2285 2140 2341 Vulfar-

482 2381 616 2448 dus,
643 2381 1008 2448 Berchadus,
1043 2379 1206 2434 Bodo
1239 2385 1294 2434 et
1321 2378 1521 2433 socius
1546 2394 1710 2444 suus,
1743 2375 2036 2432 beneficia
2067 2392 2137 2430 ex

485 2475 584 2524 tuo
615 2468 916 2541 episcopio
947 2467 1172 2523 habent
1195 2483 1331 2539 quae
1361 2467 1504 2522 olim
1535 2481 1641 2538 per
1670 2464 1969 2538 precarias
1999 2463 2138 2519 inde

484 2558 744 2613 alienata
777 2559 1030 2612 fuerant.
1065 2559 1193 2622 Qua
1237 2556 1312 2612 de
1340 2572 1399 2611 re
1431 2556 1707 2610 volumus
1745 2560 1806 2609 ut
1846 2560 1907 2608 tu
1935 2559 2140 2610 nostra

484 2647 833 2700 auctoritate
862 2644 1111 2715 recipias
1130 2659 1322 2715 usque
1342 2643 1422 2698 ad
1444 2646 1711 2698 nostram
1735 2641 2137 2713 praesentiam,

485 2739 542 2790 et
598 2733 672 2789 de
726 2739 927 2789 nostra
974 2732 1251 2789 fidelitate
1299 2745 1589 2800 magnam
1639 2746 1848 2786 curam
1903 2745 2140 2802 semper

482 2822 733 2890 habeas,
796 2822 948 2876 sicut
1007 2822 1294 2876 hactenus
1337 2825 1391 2875 te
1439 2818 1660 2874 habere
1714 2817 2138 2889 cognovimus.

483 2913 629 2966 Nam
679 2915 1048 2966 memoratus
1080 2909 1300 2965 missus
1321 2914 1459 2964 tuus
1489 2913 1754 2964 nostram
1781 2907 2136 2980 deprecatus

482 3004 570 3055 est
603 3000 884 3072 pietatem
915 3003 979 3054 ut
1035 2997 1300 3070 aliquem
1350 2997 1603 3052 missum
1656 2996 1758 3052 tibi
1789 2995 2136 3052 dederimus
2176 2995 2214 3014 “

480 3088 584 3160 qui
619 3088 935 3161 praedictas
977 3103 1070 3143 res
1110 3087 1214 3142 tibi
1243 3085 1627 3157 ecclesizeque
1668 3084 1773 3140 tibi
1798 3083 2135 3140 commissae

479 3177 860 3248 consignaret
934 3183 990 3232 et
1061 3176 1413 3232 vestituram
1487 3173 1814 3243 legitimam
1893 3173 2133 3230 faceret.

479 3269 609 3332 Qua
636 3267 710 3323 de
759 3283 822 3323 re
853 3267 1236 3323 Helisachoro
1276 3265 1464 3320 misso
1515 3273 1720 3320 nostro
1751 3263 2135 3336 prtecipimus

477 3358 544 3410 ut
573 3356 646 3410 de
699 3355 1058 3426 supradictis
1090 3353 1395 3408 beneﬁciis
1427 3353 1531 3408 tibi
1570 3354 1915 3408 vestituram
1959 3353 2137 3408 faciat

476 3441 724 3513 quando
783 3441 912 3494 illas
967 3440 1027 3494 in
1080 3445 1281 3511 partes
1331 3455 1368 3494 a
1404 3440 1580 3494 nobis
1627 3440 1885 3494 directus
1936 3439 2129 3496 fuerit.

475 3527 761 3584 Volumus
810 3527 987 3583 etiam
1047 3531 1111 3581 ut
1151 3543 1337 3598 quam
1387 3527 1555 3582 citius
1600 3527 1820 3598 poteris
1874 3527 2130 3583 missum

479 3621 650 3671 tuum
691 3615 845 3670 bene
885 3615 1124 3671 ﬁdelem
1156 3615 1232 3670 ad
1259 3630 1368 3670 nos
1401 3614 1644 3684 dirigas,
1676 3615 1780 3686 qui
1809 3631 1924 3670 nos
1945 3619 2134 3671 certos

476 3704 659 3760 faciat
700 3703 954 3776 qualiter
995 3721 1138 3774 erga
1185 3720 1293 3760 vos
1342 3709 1400 3760 et
1445 3703 1706 3776 reliquos
1757 3703 1965 3759 ﬁdeles
1993 3720 2134 3760 nos-

475 3798 597 3849 tros
665 3794 848 3849 modo
952 3799 1184 3865 agatur,
1263 3798 1319 3849 et
1412 3792 1560 3866 quid
1636 3792 1710 3849 de
1763 3792 1876 3848 illis
1939 3794 2135 3849 causis

473 3883 697 3939 factum
727 3900 881 3957 quas
914 3883 1082 3940 vobis
1116 3899 1292 3954 agere
1332 3881 1755 3956 praecepimus.
1792 3883 1949 3938 Bene
1980 3881 2131 3951 vale,

474 3977 532 4028 et
559 3988 667 4028 ora
695 3987 804 4044 pro
825 3972 1024 4028 nobis.

1221 4116 1394 4170 LXIV.

472 4256 807 4324 Exemplar
832 4256 1123 4326 praecepti
1146 4255 1347 4310 domm
1364 4255 1655 4310 Ludovici
1672 4255 1930 4323 piissimi
1953 4255 2134 4323 impe-

546 4327 766 4382 ratoris
799 4325 872 4382 de
896 4325 1258 4396 guibusdam
1283 4325 1576 4394 beneﬁciis
1603 4327 1975 4380 vassalorum
2005 4340 2134 4380 suo-

545 4413 702 4461 rum,
754 4397 817 4452 id
870 4403 977 4467 est,
1028 4397 1374 4459 Germundi,
1445 4396 1746 4465 Vulfardi.
1805 4397 2130 4467 Berchadi,

544 4469 803 4524 Bovonis
844 4474 900 4524 et
949 4466 1095 4524 socii
1122 4469 1271 4536 ejus,
1321 4482 1450 4536 qua
1498 4467 1825 4535 praedictus
1872 4466 2131 4536 impera-

543 4548 638 4596 tor
664 4540 926 4597 reddidit
984 4544 1040 4594 et
1071 4538 1449 4606 conﬁrmavit
1504 4537 1914 4593 Cenomanicae
1945 4539 2133 4594 matri

543 4614 803 4670 ecclesiae
874 4617 929 4669 et
984 4609 1236 4666 Aldrico
1314 4608 1578 4678 ejusdem
1656 4608 1914 4664 ecclesia
1985 4609 2132 4677 epis-

543 4699 706 4753 copo.

855 4791 1037 4861 (Vide
1068 4788 1172 4846 ubi
1195 4803 1402 4862 supra,
1427 4785 1538 4843 col.
1569 4785 1750 4857 1294.)

1223 4931 1357 4986 LXV
1368 4973 1380 4986 .

473 5051 805 5107 Concordia
837 5053 1071 5107 Bel/ttae
1135 5067 1269 5106 cum
1323 5054 1684 5108 monasterio
1745 5053 1942 5106 sancti
1996 5053 2129 5106 Vin-

1218 5140 1417 5193 centii.

544 5233 694 5284 Dum
724 5230 1029 5295 cognitum
1060 5225 1327 5298 estquod
1357 5226 1560 5281 Bethta
1590 5228 1708 5280 Deo
1735 5229 1965 5280 sacrata
1990 5241 2125 5296 por-

438 5331 444 5336 ‘
470 5318 626 5374 tione
665 5318 871 5389 aliqua
901 5317 962 5371 in
993 5314 1204 5372 locella
1234 5314 1648 5386 nuncupantia
1677 5313 1929 5382 Soliaco,
1966 5316 2125 5370 Man-

470 5408 654 5470 sione,
683 5407 888 5462 villam
926 5403 1193 5471 Bariaco,
1225 5418 1334 5457 seu
1359 5407 1415 5458 et
1439 5402 1723 5464 Briscino,
1752 5417 1938 5472 quam
1965 5400 2123 5457 ﬁlius

472 5514 613 5553 suus
635 5494 1049 5552 Ermenfredus
1073 5491 1386 5566 quondam
1417 5491 1678 5545 moriens
1703 5489 2033 5561 dereliquit,
2067 5495 2123 5547 et

471 5587 550 5645 ad
573 5588 769 5660 ipsam
795 5583 1029 5656 legibus
1069 5581 1331 5653 obvenit,
1364 5595 1472 5654 per
1499 5577 1856 5635 venditionis
1882 5578 2120 5636 titulum

2237 349 2519 416 vindicat,
2545 357 2602 406 et
2617 349 2833 422 accipit
2849 349 3062 406 exinde
3084 349 3146 404 in
3176 349 3456 421 pretium,
3479 350 3642 422 quod
3671 357 3727 407 et
3749 351 3909 409 bene

2239 439 2602 512 complacuit
2630 445 2810 511 atque
2847 438 3146 504 convenit,
3188 438 3300 492 hoc
3355 443 3464 508 est,
3499 439 3630 493 auri
3676 440 3908 498 solidos

2239 528 2485 600 probos,
2502 529 2761 602 optimos
2779 532 2958 600 atque
2975 532 3298 601 pensantes
3316 543 3571 583 numero
3586 527 3908 587 ducentos.

2241 621 2370 684 Quo
2383 618 2626 674 veniens
2645 617 3002 673 venerabilis
3034 616 3213 672 frater
3236 617 3521 672 Patuinus
3544 620 3910 692 praepositus

2241 705 2315 760 de
2333 706 2465 778 ipso
2483 705 2847 762 monasterio
2870 722 2993 761 una
3015 722 3153 760 cum
3172 705 3516 760 venditione
3533 706 3691 778 ipsa,
3706 707 3769 763 in
3794 709 3911 781 pri-

2243 799 2380 849 vata
2435 795 2751 850 collatione
2783 795 2914 866 ipsa
2943 793 3189 866 protulit
3217 792 3296 848 ad
3322 792 3711 863 relegendum
3758 797 3910 853 dum

2241 883 2391 938 inter
2427 901 2490 938 se
2538 883 2930 948 intenderent,
2961 882 3044 954 (hi
3083 888 3241 948 sunt,
3277 882 3706 950 Berthofridus,
3738 887 3910 942 Dodo

2243 989 2513 1028 unacum
2528 973 2783 1044 conjuge
2801 989 2911 1026 sua
2923 971 3211 1027 Eudilane
3229 972 3321 1026 vel
3337 972 3734 1028 Bertholanda
3762 991 3908 1031 cum

2242 1060 2568 1116 infantibus
2586 1061 2707 1116 suis
2727 1061 2819 1116 his
2843 1060 3191 1116 nominibus
3222 1060 3520 1116 Ademaro
3543 1066 3600 1116 et
3628 1062 3907 1136 Joanne),

2244 1149 2513 1206 chartam
2530 1149 2977 1220 ambagibalem
3001 1149 3224 1204 ibidem
3246 1149 3695 1220 praesentabant
3715 1167 3910 1222 quam

2243 1238 2450 1293 Bethta
2480 1237 2557 1293 ad
2587 1238 2750 1310 ipsos
2782 1237 3037 1292 infantes
3065 1252 3208 1292 suos
3236 1237 3474 1304 fecerat,
3510 1237 3614 1292 ubi
3642 1238 3912 1296 habebat

2242 1324 2556 1395 insertum,
2583 1325 2730 1380 dum
2755 1324 3095 1391 advivebat,
3133 1328 3189 1378 et
3219 1324 3278 1378 in
3308 1328 3508 1396 partes
3529 1324 3683 1381 duas
3708 1327 3911 1398 Lcogi-

2242 1412 2352 1468 liso
2376 1413 2688 1485 quondam
2737 1413 2993 1483 conjuge
3019 1429 3127 1468 suo
3149 1429 3334 1485 quam
3353 1416 3411 1468 et
3459 1429 3635 1468 suam
3673 1415 3909 1470 tertiam

2244 1501 2320 1556 ad
2361 1518 2539 1556 usum
2578 1502 2848 1566 tenuerit,
2869 1507 2925 1556 et
2946 1507 3080 1574 post
3105 1518 3284 1556 suum
3314 1500 3650 1556 discessum
3674 1503 3753 1558 ad
3779 1504 3910 1574 jam

2243 1589 2434 1646 dictos
2464 1589 2718 1646 infantes
2749 1606 2890 1645 suos
2942 1594 3065 1646 tam
3096 1589 3226 1645 illas
3270 1589 3424 1645 duas
3468 1597 3666 1662 partes
3719 1609 3909 1664 quam

2245 1682 2301 1734 et
2327 1695 2499 1734 suam
2532 1678 2763 1734 tertiam
2790 1680 2848 1733 in
2872 1694 3078 1733 eorum
3115 1678 3443 1750 reciperent
3463 1679 3904 1750 dominatione,

2245 1767 2392 1822 dum
2423 1768 2573 1822 inter
2615 1783 2676 1824 se
2719 1767 3112 1830 intenderent,
3145 1767 3552 1823 mediantibus
3583 1767 3760 1824 bonis
3795 1770 3906 1826 ho-

2247 1855 2508 1911 minibus
2535 1856 2613 1911 ad
2662 1856 2829 1928 pacis
2861 1855 3246 1912 concordiam
3285 1857 3393 1911 visi
3426 1861 3566 1912 sunt
3596 1873 3698 1914 eos
3730 1875 3907 1915 revo—

2246 1962 2436 2001 casse.
2474 1947 2758 2002 Convenit
2782 1946 2935 2002 inter
2962 1946 3128 2018 ipsos
3153 1946 3319 2019 quod
3348 1946 3449 2002 illa
3491 1955 3706 2020 quarta
3732 1953 3904 2020 parte

2245 2051 2431 2107 quam
2457 2035 2840 2091 Ermenfredo
2862 2035 3170 2108 quondam
3194 2035 3254 2090 in
3272 2036 3602 2092 Mansiones
3631 2036 3907 2092 debitum

2246 2129 2372 2180 erat
2392 2124 2705 2180 memorati
2725 2124 2981 2180 infantes
3006 2123 3408 2194 Berthofredo,
3433 2124 3594 2180 Dodo
3611 2140 3731 2180 una
3759 2142 3903 2180 cum

2246 2214 2501 2284 conjuge
2539 2229 2648 2268 sua
2688 2213 2968 2269 Eodilane
3011 2212 3106 2268 vel
3132 2212 3527 2269 Bertholanda
3552 2218 3757 2268 contra
3790 2229 3894 2267 ve-

2244 2297 2495 2352 nerabili
2550 2297 2725 2353 fratre
2785 2298 3034 2352 Patuino
3090 2297 3414 2370 praeposito
3469 2297 3562 2352 vel
3603 2297 3735 2369 ipso
3766 2313 3897 2352 mo-

2246 2385 2526 2455 nasterio,
2548 2389 3087 2458 quantumcunque
3108 2384 3330 2440 ibidem
3360 2385 3580 2440 habere
3603 2384 3904 2450 videntur,

2245 2475 2409 2529 omni
2429 2480 2697 2546 tempore
2720 2474 2982 2530 habeant
3003 2474 3427 2541 evindicatum,
3457 2481 3514 2531 et
3540 2475 3774 2548 reliquo
3812 2493 3906 2532 ve-

2245 2580 2310 2619 ro
2340 2569 2460 2619 tam
2492 2565 2554 2619 in
2585 2564 2815 2620 Soliaco
2844 2581 3030 2637 quam
3061 2565 3120 2619 in
3149 2565 3394 2621 Bariaco
3418 2583 3526 2621 seu
3557 2570 3615 2622 et
3656 2567 3717 2621 in
3753 2568 3900 2622 Bris-

2247 2652 2380 2708 cino
2449 2653 2744 2724 quidquid
2802 2653 3185 2709 Ermenfredo
3233 2654 3546 2725 quondam
3619 2655 3904 2711 obvenire

2245 2741 2468 2808 debuit,
2519 2741 2614 2796 vel
2641 2747 2937 2814 quantum
2967 2758 3074 2814 per
3104 2742 3459 2798 venditionis
3500 2743 3736 2800 titulum
3765 2761 3894 2800 me-

2249 2835 2480 2886 morata
2510 2831 2714 2887 Bethta
2741 2831 2862 2885 sive
2887 2831 3016 2901 jam
3048 2832 3302 2888 Noberta
3329 2833 3404 2888 ad
3427 2839 3761 2890 memorata
3791 2834 3897 2889 ba-

2247 2918 2409 2974 silica
2435 2918 2709 2988 delegata
2747 2923 2954 2974 contra
2983 2919 3118 2992 ipso
3148 2920 3534 2977 Berthofredo
3565 2925 3622 2977 et
3655 2921 3899 2977 Dodone

2246 3024 2367 3064 uno
2416 3024 2556 3063 cum
2585 3007 2844 3078 conjuge
2875 3024 2985 3064 sua
3016 3009 3297 3065 Eodilane
3328 3025 3558 3063 necnon
3606 3015 3662 3064 et
3693 3011 3898 3064 Berto-

2242 3095 2524 3166 landane,
2568 3100 2694 3151 tam
2752 3096 2938 3166 terris,
2972 3097 3146 3165 casis,
3205 3095 3533 3167 mancipiis,
3584 3094 3893 3162 domibus,

2243 3185 2529 3254 aedificiis,
2553 3184 2899 3255 accolabus,
2934 3187 3137 3259 partis,
3166 3184 3425 3257 pascuis,
3452 3181 3664 3251 vineis,
3695 3180 3892 3244 silvis,

2244 3274 2436 3347 aquis,
2465 3291 2884 3347 aquarumque
2932 3273 3306 3343 decursibus,
3339 3271 3560 3328 mobile
3591 3275 3647 3326 et
3671 3270 3897 3325 immo-

2243 3363 2380 3432 bile,
2421 3364 2640 3433 junctis
2679 3367 2734 3418 et
2786 3363 3135 3432 subjunctis,
3171 3362 3260 3416 vel
3287 3361 3451 3417 omni
3493 3357 3898 3432 supraposito,

2241 3457 2796 3524 quantumcumque
2830 3451 2888 3504 in
2921 3450 3050 3518 jam
3085 3449 3243 3503 dicta
3269 3448 3478 3503 locella
3514 3447 3901 3524 Ermenfredo

2241 3541 2550 3612 quondam
2574 3541 2793 3595 habere
2818 3537 3122 3606 debuerat,
3159 3552 3298 3608 pars
3329 3537 3677 3592 monasterii
3710 3537 3900 3592 sancti

2244 3629 2523 3684 Vincentii
2547 3629 2640 3684 vel
2665 3630 2792 3698 ejus
2811 3631 3064 3682 rectores
3087 3629 3294 3680 contra
3316 3625 3482 3697 ipsos
3504 3625 3778 3680 homines
3801 3641 3901 3679 su-

2241 3716 2440 3789 perius
2471 3719 2971 3772 commcmoratos
3009 3712 3226 3786 aequali
3255 3711 3426 3769 lance
3479 3712 3742 3769 dividere
3797 3711 3899 3767 de-

2240 3805 2402 3862 bent.
2451 3805 2612 3862 Unde
2640 3805 2914 3861 convenit
2958 3809 3024 3860 ut
3051 3808 3168 3860 tres
3217 3803 3498 3876 epistolas
3523 3818 3645 3858 uno
3691 3807 3899 3858 tenore

2241 3895 2610 3968 conscriptas
2640 3894 2793 3950 inter
2847 3910 2908 3949 se
2960 3893 3087 3949 ﬁeri
3145 3898 3202 3950 et
3258 3892 3528 3964 accipere
3586 3890 3900 3963 deberent,

2239 3983 2404 4056 quod
2428 3989 2485 4039 et
2509 3985 2593 4041 ita
2617 3983 2902 4049 fecerunt,
2933 3989 3002 4038 ut
3024 3982 3225 4038 nullus
3247 3987 3454 4037 contra
3476 3996 3687 4054 parem
3717 3995 3902 4035 suum

2241 4073 2316 4128 de
2360 4073 2484 4128 istis
2535 4071 2943 4129 convenientis
3005 4087 3066 4126 se
3117 4074 3416 4128 remutare
3472 4085 3595 4126 non
3647 4073 3900 4141 posset;

2243 4161 2408 4234 quod
2438 4161 2499 4216 in
2524 4161 2638 4217 hoc
2668 4161 2862 4216 facere
2891 4159 3361 4233 praesumpserit,
3392 4163 3625 4232 partem
3658 4173 3831 4212 suam
3862 4172 3904 4212 a

2243 4265 2387 4322 pare
2417 4266 2526 4306 suo
2553 4249 2803 4311 amittat,
2839 4253 2894 4304 et
2924 4248 3170 4320 insuper
3197 4247 3346 4303 ﬁsco
3374 4246 3639 4302 sociante
3669 4243 3797 4301 auri
3824 4243 3903 4298 1i-

2242 4339 2382 4395 bras
2403 4338 2611 4395 decem
2638 4337 2866 4408 argenti
2882 4337 3083 4409 ponde
3111 4336 3318 4406 viginti
3341 4340 3584 4391 coactus
3606 4332 3902 4402 exsolvat,

2241 4433 2298 4485 et
2325 4443 2434 4484 nec
2464 4427 2546 4484 sic
2595 4426 2763 4500 quod
2800 4425 3020 4498 reperit
3047 4424 3352 4481 vindicare
3405 4439 3527 4479 non
3573 4422 3790 4491 valeat,
3840 4426 3912 4478 et

2238 4519 2349 4575 has
2384 4519 2682 4591 epistolas,
2705 4534 2859 4590 quas
2888 4517 2947 4571 in
2980 4515 3236 4571 invicem
3287 4514 3453 4570 bona
3476 4513 3783 4569 voluntate
3813 4511 3912 4568 fe-

2238 4612 2465 4673 cerunt,
2501 4623 2639 4662 cum
2667 4604 3048 4677 stipulatione
3099 4602 3452 4675 intraposita
3481 4602 3688 4657 ﬁrmas
3726 4603 3784 4655 et
3811 4599 3916 4656 in-

2238 4695 2542 4751 violabiles
2568 4694 2734 4751 omni
2776 4698 3043 4764 tempore
3091 4692 3332 4747 valeant
3385 4689 3730 4763 perdurare.
3783 4692 3913 4744 Ac-

2235 4789 2364 4840 tum
2397 4783 2626 4840 Soliaco
2667 4782 2728 4837 in
2758 4798 2886 4836 rem
2918 4781 3115 4852 ipsam
3143 4779 3192 4835 is
3223 4794 3384 4835 anno
3415 4795 3468 4834 x1
3498 4776 3662 4847 regni
3683 4775 3918 4836 domui

2234 4872 2581 4928 Theodorici
2624 4869 2869 4942 gloriosi
2916 4869 3096 4939 regis,
3159 4867 3326 4939 quod
3386 4867 3522 4923 fecit
3584 4867 3916 4938 praesentis

2234 4963 2458 5018 mensis
2489 4960 2755 5018 Octobris
2788 4959 2884 5015 die
2912 4957 3295 5013 duodecimo.
3323 4956 3488 5012 Dodo
3519 4953 3919 5027 subscripsit.

2238 5053 2293 5107 S.
2339 5050 2618 5106 Eodilane
2653 5049 2910 5119 conjuge
2942 5062 3052 5101 sua
3110 5046 3531 5101 Berthofredus
3593 5045 3921 5118 subscrip-

2235 5138 2324 5192 sit.
2355 5139 2410 5191 S.
2469 5137 2908 5192 Bertolandane
2950 5149 3240 5205 germana
3288 5151 3522 5202 eorum,
3577 5135 3682 5207 qui
3742 5134 3923 5194 hanc

2234 5224 2549 5298 epistolam
2576 5224 2701 5279 ﬁeri
2733 5226 3114 5293 rogaverunt.
3163 5221 3426 5279 Diriceus
3485 5224 3679 5280 abbas
3729 5223 3927 5282 subs-

2233 5313 2456 5385 cripsit.
2486 5311 2809 5368 Beoraldus
2833 5311 2895 5367 in
2915 5310 3017 5367 Dei
3042 5309 3284 5366 nomine
3305 5312 3498 5369 abbas
3520 5312 3921 5385 subscripsit.

2232 5401 2604 5472 Aiglimanus
2634 5400 3008 5471 subscripsit.
3027 5402 3288 5456 Joannes
3317 5401 3674 5474 subscripsit
3703 5402 3924 5464 Salico

2233 5487 2605 5560 subscripsit.
2653 5485 2882 5543 Dadolo
2937 5487 3274 5545 Sidonianis
3342 5490 3701 5563 subscripsit
3757 5491 3925 5550 Ber-

2231 5575 2551 5634 tholaudus
2599 5575 2977 5649 subscripsit.
3013 5581 3069 5636 S.
3107 5576 3405 5634 Vuitdoni.
3462 5580 3517 5635 S.
3568 5578 3920 5652 Turpaldo.
