4160 6182
484 142 583 199 107

482 305 2055 335 ___________________..__________

1579 123 1938 195 ANGELOMI
1977 118 2426 185 Luwvmnsrs
2464 115 2777 181 κθΝΑοΗι

1711 438 2671 573 ΔΝαεῑιοΜι

1871 676 2227 719 LUXOVIENSXS
2266 675 2509 718 ΗΟΝΔΟΗΙ

1069 858 2221 1003 COMMENTARIUS
2324 857 2466 973 ΙΝ
2571 849 3195 976 GENESIN
3264 863 3301 903 δ

1412 1111 1595 1180 (Apud
1626 1108 1864 1176 Pezium,
1902 1106 2185 1162 Thesaur.
2218 1105 2432 1160 Anecd.
2465 1104 2705 1165 noviss.,
2734 1107 2872 1179 tom.
2907 1099 2975 1169 1.)

556 1409 754 1451 INCIPIT
794 1406 1105 1448 racemum
1146 1404 1443 1452 SEQUENTIS
1484 1403 1746 1443 orrscuu
1788 1401 2065 1442 ANGELOMI
2169 1387 2217 1439 A
2249 1386 2288 1439 Ε
2314 1382 2535 1456 quibus
2559 1379 2948 1441 altithronum
2985 1375 3183 1451 possis
3226 1374 3577 1447 dignoscere
3602 1372 3910 1445 Christum

1194 1495 1433 1534 DIACONI.

484 1613 513 1653 ι)
542 1610 713 1667 Istius
742 1606 964 1679 egregii
990 1606 1202 1662 seriem
1227 1618 1507 1677 percurre
1535 1601 1735 1667 libelli,

487 1700 676 1763 Quem
705 1696 962 1751 dictante
995 1697 1111 1753 Deo
1136 1692 1307 1748 libuit
1338 1690 1674 1763 depingere,
1706 1688 1907 1758 lector,

491 1789 557 1842 Ut
600 1801 847 1858 prosam
892 1786 1129 1845 reseret,
1161 1797 1273 1837 nec
1300 1795 1420 1836 non
1455 1779 1555 1834 tibi
1582 1777 1841 1851 mystica
1871 1775 2131 1847 pandat:

484 1873 779 1946 Propellat
799 1888 1048 1939 nocuas,
1079 1884 1397 1941 nocuoque
1428 1884 1498 1922 ex
1527 1866 1705 1922 corde
1732 1865 2027 1931 tenebras,

484 1963 819 2036 Vitalesquc
845 1962 1049 2030 legens
1079 1958 1288 2015 crebro
1314 1958 1628 2029 decerpere
1663 1971 1893 2021 sensus,

483 2055 674 2124 Atque
698 2049 838 2105 satis
860 2048 1056 2105 valeas
1083 2046 1299 2103 mentis
1330 2046 1718 2117 pinguescere
1738 2042 1943 2098 libras.

486 2139 756 2194 Historiae
782 2138 878 2192 hic
911 2135 1154 2191 Genesis
1191 2137 1527 2189 reserantur
1555 2131 1846 2204 opuscula
1877 2145 2061 2185 sacra.

485 2226 699 2282 Omnia
726 2242 861 2298 quae
891 2224 1168 2297 pandunt
1198 2221 1499 2292 grandaevi
1523 2221 1762 2275 condita
1793 2218 2003 2274 mundi

483 2315 711 2371 Scilicet
738 2313 1097 2385 (ethercique
1127 2311 1270 2385 poli,
1300 2310 1523 2366 telluris
1557 2324 1852 2382 aqu-caque

485 2403 780 2468 Condidit,
809 2401 1156 2472 icthralique
1187 2401 1338 2455 Deus
1370 2415 1472 2470 qui
1493 2401 1703 2463 regnat
1726 2399 1786 2453 in
1817 2412 1972 2452 arce.

485 2490 723 2547 Materia
760 2492 819 2545 in
851 2490 1078 2561 species
1110 2488 1347 2543 informi
1377 2487 1670 2541 transtulit
1694 2491 1887 2557 aptas,

490 2579 970 2651 (lonspicumque
998 2582 1201 2632 manet
1228 2576 1378 2641 visu,
1410 2581 1466 2630 et
1496 2573 1794 2647 palpabile
1844 2571 2139 2645 quidquid

492 2668 733 2737 Nostris,
753 2671 1188 2737 exceptumque
1218 2664 1464 2736 quidem
1497 2682 1599 2717 seu
1632 2662 1860 2717 visibus
1889 2666 2068 2733 atque

488 2761 637 2814 Cum
670 2756 831 2811 socia
862 2755 1062 2822 Patris,
1096 2754 1308 2809 virtute
1341 2758 1397 2808 et
1423 2752 1702 2807 Flaminis
1729 2751 1870 2807 almi

488 2845 639 2902 Olim
672 2844 1019 2900 condiderat
1048 2842 1267 2918 pariter
1294 2841 1519 2903 ratione
1554 2840 1795 2912 potenti.

488 2938 635 2992 Nam
665 2934 929 2991 referunt
956 2933 1135 2989 etiam
1165 2936 1381 2987 nostra:
1412 2929 1740 3003 primordia
1770 2929 1924 2995 vitas,

486 3026 635 3081 Cum
660 3024 967 3080 hominem
1003 3027 1247 3079 narrant
1278 3019 1541 3093 paradisi
1584 3019 1644 3073 in
1678 3018 1817 3074 sede
1855 3017 2136 3083 locatum,

486 3113 651 3169 Unde
680 3113 863 3168 draco
888 3128 1085 3167 saevus
1114 3110 1368 3165 detraxit
1386 3108 1624 3179 lividus,
1658 3114 1835 3179 atque

493 3204 824 3258 i'artaream
856 3202 1080 3268 sedem,
1111 3200 1355 3261 vetitum
1380 3184 1755 3271 quiatoilere
1787 3212 2043 3275 pomum

484 3291 710 3345 Ambro
738 3291 884 3361 quin
918 3290 1117 3353 voluit,
1154 3288 1315 3343 solus
1346 3303 1455 3342 nec
1486 3286 1723 3356 pertulit
1746 3286 1895 3341 iram
1925 3303 1937 3352 ;

487 3377 601 3433 Sed
649 3392 839 3445 genus
864 3377 1202 3429 humanum
1237 3390 1469 3445 poenas,
1502 3374 1654 3427 heu!
1688 3373 1874 3440 sensit,
1898 3372 2135 3437 Averni,

486 3463 659 3527 Quod
689 3462 892 3529 genuit
921 3466 1110 3516 totum
1142 3462 1385 3531 proprio
1412 3460 1486 3513 de
1516 3460 1741 3514 femore
1770 3459 1977 3530 lapsus

486 3550 587 3605 Hic
618 3566 721 3604 sex
752 3544 1051 3604 annorum
1073 3548 1295 3602 mansit
1321 3562 1428 3618 per
1459 3547 1642 3602 millia
1670 3552 1891 3623 trusus,

424 3688 429 3697 κ
486 3638 660 3695 Filius
686 3638 780 3694 ille
816 3637 914 3693 Dei
942 3638 1134 3692 donec
1171 3635 1483 3692 descendit
1507 3636 1585 3692 ab
1610 3634 1750 3713 aula

488 3730 731 3784 Sumere
760 3742 982 3781 nomen
1012 3725 1152 3780 Adae
1182 3723 1369 3779 voluit
1392 3724 1497 3796 qui
1536 3740 1606 3780 ac
1632 3724 1838 3780 omnia
1866 3724 2141 3782 membra

486 3818 668 3874 Solvit
696 3817 779 3873 sic
809 3816 1094 3872 miserum
1120 3816 1414 3871 miserans
1443 3815 1692 3885 indigna
1722 3815 1965 3871 ferendo
1991 3834 2004 3884 ;

484 3911 553 3963 Ut
581 3912 817 3980 caperet
843 3906 1087 3979 plorans
1119 3905 1364 3961 tandem
1386 3904 1648 3961 coelestia
1677 3922 1883 3977 regna,

483 3999 624 4061 Quae
653 4002 807 4051 tacto
839 4000 1068 4067 poterat
1097 3995 1221 4049 sine
1252 3995 1480 4050 Christo
1502 3995 1749 4066 perdere
1782 4011 1987 4067 pomo.

481 4086 582 4140 Hic
612 4084 1089 4155 patriarcharum
1120 4082 1454 4140 clarissima
1482 4089 1647 4156 gesta
1676 4084 1974 4156 leguntur,

481 4172 721 4243 Mystica
749 4189 883 4244 quae
918 4171 1169 4225 nimium
1202 4171 1463 4240 gravidis
1493 4173 1824 4245 typicisque
1853 4173 2061 4242 ﬁguris

482 4262 801 4331 Signantur
832 4259 1060 4326 Christi,
1091 4265 1428 4331 nostraeque
1459 4265 1515 4315 et
1545 4261 1709 4317 dona
1733 4261 1960 4327 salutis,

482 4351 579 4405 llic
610 4364 779 4404 saera
808 4364 951 4403 nam
981 4364 1161 4403 sacrae
1195 4354 1519 4404 cernuntur
1550 4349 1844 4421 dyndima
1872 4350 2040 4421 legis,

477 4444 668 4512 Atque
697 4435 1040 4509 evangelica
1071 4435 1262 4509 salpix
1285 4438 1423 4508 [169.
1453 4438 1710 4511 salpinx]
1741 4439 1935 4511 typice
1982 4440 2131 4498 into-

1749 4527 1875 4599 [nat
1903 4529 2056 4586 orbi.

475 4619 708 4675 Texitur
736 4618 1045 4692 eloquium
1075 4621 1422 4674 sanctorum
1452 4617 1589 4673 hinc
1620 4617 1830 4691 purius
1862 4635 2032 4692 auro,

473 4708 699 4762 Clarius
726 4714 995 4778 argento,
1030 4708 1349 4764 formosius
1382 4706 1647 4781 undique
1673 4707 1910 4777 electro,

474 4796 644 4858 Quod
674 4796 849 4850 nobis
873 4797 1082 4867 pandit
1113 4798 1305 4869 typice
1338 4797 1756 4857 moderamina
1784 4799 1935 4855 vitae.

472 4881 712 4951 Mystica
734 4882 1052 4953 depromit,
1084 4887 1372 4955 promittit
1395 4892 1450 4944 et
1481 4887 1600 4944 alta
1626 4887 1905 4961 polorum
1931 4904 1944 4944 :

474 4968 681 5024 Dorica
705 4985 848 5025 nam
880 4970 1129 5025 Hebraea
1149 4974 1280 5043 fari,
1312 4992 1422 5030 nec
1450 4976 1658 5045 lingua
1684 4978 1888 5034 Latina

471 5059 745 5123 Possunt,
778 5076 913 5131 quae
942 5058 1168 5127 gremio
1202 5062 1410 5116 retinet
1442 5080 1611 5119 sacra
1640 5064 1746 5119 iste
1776 5065 2030 5122 libellus.

469 5148 621 5215 Ergo
647 5163 757 5218 age
782 5148 911 5219 jam
938 5148 1117 5204 calles
1150 5148 1357 5204 rutilos
1386 5150 1651 5206 discurre
1682 5151 1949 5222 libenter,

468 5235 640 5292 Istius
668 5242 731 5292 ut
760 5238 967 5310 capias
995 5254 1167 5296 sacra
1196 5242 1281 5294 tot
1308 5238 1691 5311 charismata,
1722 5240 1924 5311 lector,

483 5363 488 5369 ’
536 5370 562 5441 ξι
591 5383 620 5441 _¢
654 5360 857 5441 Prodit
886 5379 1045 5417 nunc
1076 5362 1335 5441 primum
1366 5364 1426 5441 in
1450 5363 1650 5441 lucem
1682 5384 1753 5423 ex
1780 5383 1891 5441 I_ns_.
1918 5366 2121 5425 codice

465 5432 831 5507 celeberrimi
868 5432 1209 5488 monasterii
1242 5435 1315 5489 ad
1356 5438 1407 5491 S.
1447 5440 1677 5493 Petrum
1713 5438 2121 5507 Salisburgen-

465 5506 819 5586 snsvoruinis
841 5576 851 5586 _
872 5508 1271 5586 Salienedicti,
1294 5509 1633 5586 “diligenter
1685 5510 1933 5566 collatus
1980 5506 2118 5567 cum

462 5574 667 5633 codice
694 5592 810 5632 ms.
836 5576 1041 5648 inclyti
1069 5577 1327 5635 caenohii
1351 5579 1689 5636 Zwetlensis
1736 5580 1961 5639 ordinis
1988 5582 2111 5639 Cis-

2250 1475 2313 1528 Et
2341 1469 2623 1529 merearis
2652 1483 2842 1527 ovans
2870 1464 3003 1522 coeli
3035 1462 3439 1521 conscendere
3466 1461 3675 1532 limen,

2249 1562 2497 1633 Quoque
2523 1563 2711 1619 metas
2742 1555 2879 1613 felix
2904 1554 3232 1613 multarum
3263 1552 3486 1623 gaudia
3511 1568 3740 1618 rerum,

2246 1647 2555 1706 Cernendo
2588 1645 2910 1713 Dominum
2941 1658 3177 1716 semper
3201 1658 3309 1715 per
3336 1640 3557 1699 saecula
3588 1656 3820 1699 verum.

2956 1752 3171 1811 Amen.

2756 1875 3110 1946 Expliciunt
3142 1887 3366 1929 versus.

2336 2021 2462 2061 ITEM
2502 2019 2784 2063 PREFATIO
2824 2018 2876 2057 ΙΝ
2916 2015 3215 2061 OPUSCULIS
3254 2016 3322 2063 EX
3360 2013 3523 2056 LIBRO
3562 2014 3817 2069 GENESIS,

2792 2105 3072 2149 ANGELOMI
3109 2103 3349 2147 DIACONI.

2316 2233 2340 2260 ο
2370 2221 2602 2278 Eximio
2633 2221 2801 2285 Patri,
2836 2224 2893 2275 et
2920 2219 3169 2276 ﬂoribus
3197 2218 3486 2274 virtutum
3536 2216 3736 2272 fulcito
3781 2216 3894 2288 [Z.,

2249 2311 2404 2368 Patri
2424 2310 2693 2366 moribus
2708 2309 2839 2365 ‘virt.
2863 2308 3011 2379 ful.],
3029 2307 3453 2379 sapientiaeque
3471 2307 3658 2362 nitore
3684 2310 3900 2361 ornato

2249 2403 2521 2456 Lsormco
2552 2398 2864 2463 sacerdoti,
2898 2402 3232 2452 ANGELOMUS
3261 2395 3505 2451 humilis
3533 2396 3752 2451 Levita.

2317 2493 2642 2560 Postquam
2691 2486 3120 2559 gazophylacia
3164 2502 3233 2542 ac
3284 2485 3593 2541 thesauros
3637 2488 3898 2557 quatuor

2250 2575 2727 2646 Evangeliorum,
2760 2592 2895 2648 quae
2920 2574 3204 2630 omnibus
3247 2573 3587 2630 divinarum
3640 2574 3898 2646 Scriptu-

2244 2682 2452 2723 rarum
2476 2665 2711 2738 paginis
2742 2680 2853 2720 sua
2896 2665 3106 2720 merito
3141 2663 3488 2720 auctoritate
3532 2663 3895 2736 praecellunt,

2170 2740 2212 2795 Β
2250 2756 2469 2811 scilicet
2494 2754 2731 2826 egregio
2761 2754 3009 2809 domino
3037 2754 3435 2826 permittente,
3464 2757 3536 2809 'ac
3567 2753 3896 2826 imperante

2250 2846 2489 2914 abbate,
2522 2843 2723 2899 subtili
2753 2843 3159 2912 indagatione,
3194 2843 3447 2900 Domino
3494 2843 3802 2912 largiente,
3831 2840 3899 2896 in

2249 2939 2545 3007 quantum
2574 2933 2899 3006 quivimus,
2929 2933 3123 2989 rimati
3151 2950 3379 2997 sumus,
3411 2932 3684 2987 videlicet
3713 2930 3899 3001 magi-

2252 3028 2394 3099 stro,
2426 3023 2553 3078 viro
2578 3021 2826 3103 quidem
2858 3021 3257 3078 eruditissimo
3285 3020 3509 3076 Mellino
3540 3020 3641 3089 [Z.,
3674 3018 3896 3074 Mellili-

2250 3114 2343 3182 co]
2374 3112 2679 3168 sacerdote
2710 3127 2984 3167 sermone
3013 3109 3335 3184 lampabili,
3360 3124 3428 3163 ac
3450 3111 3569 3162 toto
3595 3105 3887 3161 catholico

2249 3201 2602 3274 propalante
2632 3200 3003 3272 spiritualem
3029 3216 3236 3261 aurem
3261 3194 3758 3257 accommodante
3798 3194 3891 3251 in-

2249 3290 2631 3359 telligentiam
2660 3288 2910 3345 libenter
2934 3290 3273 3356 hausimus,
3306 3285 3571 3354 tandem,
3602 3287 3667 3339 ut
3710 3282 3893 3351 nosti,

2247 3379 2327 3435 ad
2376 3380 2629 3450 abyssos
2671 3378 2894 3434 Veteris
2938 3377 3315 3441 Testamenti,
3344 3376 3574 3429 Christo
3619 3372 3893 3446 praesule,

2248 3466 2532 3539 praedicto
2590 3469 2760 3522 Patre
2832 3467 3179 3538 imperante,
3231 3478 3589 3536 quanquam
3668 3461 3893 3534 pavidi,

2246 3561 2501 3633 ovantes
2536 3556 2901 3631 appulimus,
2954 3558 3128 3626 atque
3177 3552 3297 3609 alta
3339 3552 3540 3626 pelagi
3564 3566 3898 3623 reumaque

2248 3646 2551 3721 gurgitum
2576 3645 2793 3703 divina:
2831 3643 3091 3701 historiae
3136 3646 3403 3697 nostram
3437 3640 3708 3697 carinam
3739 3638 3900 3695 avidi

2247 3737 2603 3789 scrutatores
2634 3732 3059 3788 immersimus.
3086 3731 3235 3785 Cum
3260 3729 3441 3797 enim,
3469 3726 3710 3784 anetore
3748 3726 3900 3781 lucis

2246 3821 2507 3892 aﬁlante,
2531 3822 2710 3879 etiam
2741 3820 3157 3890 evangelicum
3184 3819 3462 3891 clypeum
3485 3817 3632 3872 laeva
3663 3819 3902 3886 gestan-

2245 3915 2350 3979 tes,
2410 3911 2797 3984 gladiumque
2849 3909 3168 3983 ancipitem
3224 3907 3409 3963 divini
3463 3905 3631 3981 verbi
3685 3904 3901 3961 dextra

2244 4000 2516 4068 ferentes,
2548 4001 2608 4055 in
2642 4005 2765 4056 tam
2795 3999 3172 4055 vastissimos
3198 4013 3269 4053 ac
3307 3994 3593 4068 mysticos
3648 4010 3899 4066 quoque

2162 4088 2213 4142 Ο
2245 4105 2456 4145 sensus
2502 4089 2762 4165 tegmine
2807 4087 3044 4163 sublato
3081 4083 3372 4143 didascali
3412 4082 3897 4157 promulgatione

2244 4180 2593 4234 testimoniis
2621 4177 2963 4234 divinarum
2994 4176 3186 4233 cincta
3218 4173 3526 4248 potissimo
3551 4172 3755 4228 labore
3785 4171 3893 4227 de-

2243 4267 2547 4337 sudantes,
2597 4267 2987 4339 proﬁcuaque
3037 4264 3352 4321 collatione
3412 4262 3763 4319 meditantes
3818 4276 3893 4316 ea

2241 4373 2378 4430 quae
2407 4356 2485 4413 ab
2516 4372 2616 4413 ore
2646 4357 2904 4412 doctoris
2960 4354 3353 4410 libentissime
3397 4351 3735 4418 hausimus,
3765 4365 3891 4406 me-

2240 4446 2445 4502 moriae
2498 4460 2712 4507 sensus
2768 4443 3353 4509 commendaremns,
3393 4440 3545 4497 inter
3592 4438 3897 4511 colloquia

2239 4533 2490 4590 ccelestis
2539 4533 2764 4589 oraculi
2812 4531 3043 4605 coepisti
3085 4530 3313 4586 affabili
3358 4528 3578 4601 pioque
3608 4526 3896 4583 affamine

2237 4623 2447 4680 crebro
2470 4638 2809 4695 suggerere,
2830 4627 2986 4677 utea
3009 4636 3146 4694 quae
3167 4619 3420 4675 ubertim
3446 4633 3515 4673 ac
3546 4614 3895 4673 mirabiliter

2235 4710 2577 4769 divinarum
2610 4710 3063 4768 auctoritatibus
3092 4706 3428 4783 approbata
3477 4704 3695 4779 exponi
3723 4702 3891 4758 vide-

2232 4800 2475 4871 bantur,
2492 4805 2550 4859 et
2573 4802 2852 4870 thesauro
2883 4798 3140 4872 pectoris
3156 4798 3329 4868 juxta
3350 4794 3727 4865 fragilitatem
3756 4806 3897 4848 sen-

2234 4907 2337 4947 sus
2360 4890 2860 4955 recondebantur,
2876 4891 2937 4945 in
2954 4885 3387 4945 membranulis
3403 4890 3542 4941 meo
3560 4881 3715 4957 stylo
3729 4880 3899 4951 dige-

2232 4996 2359 5036 rere
2376 4998 2498 5039 non
2520 4982 2871 5045 abnuerem,
2888 4983 2953 5035 ut
2974 4977 3294 5034 haberetur
3311 4974 3470 5031 unde
3487 4973 3549 5030 in
3565 4972 3767 5029 futuro
3782 4971 3900 5027 fre-

2233 5076 2521 5142 quentata
2548 5072 2801 5129 lectione
2834 5068 3127 5126 memoria
3157 5069 3544 5122 recrearetur.
3576 5061 3752 5130 Quod
3782 5077 3897 5133 ego

2232 5162 2411 5216 tantae
2439 5159 2524 5215 rei
2552 5161 2791 5230 pondus
2812 5160 3205 5229 pertractans,
3238 5152 3610 5210 omnimodis
3663 5151 3900 5208 delites-

2231 5250 2423 5302 cendo
2452 5245 2645 5302 facere
2670 5245 2891 5301 distuli.
2927 5243 3041 5301 Sed
3071 5258 3185 5299 nos
3211 5242 3475 5314 incoepta
3495 5256 3677 5316 opere
3724 5239 3899 5310 gravi

2230 5369 2556 5427 terciensis.
2593 5392 2622 5420 ››
2654 5371 2779 5425 ΡΕΖ.

2300 5441 2327 5483 ι)
2354 5440 2676 5497 Seauentes
2712 5455 2913 5496 versus
2959 5438 3179 5496 absunt
3222 5454 3259 5497 a
3309 5439 3521 5496 Codice
3549 5435 3893 5493 Zwetteusi.

2299 5520 2322 5545 °
2340 5508 2528 5567 Cod.Z
2536 5555 2546 5567 .
2559 5514 2607 5566 :1
2614 5513 2800 5583 nctpit
2810 5513 3024 5583 prolog
3034 5528 3100 5568 us
3121 5513 3277 5570 beati
3286 5510 3598 5582 Angelomi
3608 5508 3898 5583 monachi

2227 5588 2281 5641 et
2292 5582 2621 5655 Levitw,ad
2637 5580 3579 5655 Leodﬁcumkawrdotemﬁuper
3591 5580 3889 5640 Genesim.
