  <div class='ocr_page' id='page_1' title='image "/cluster/home/n/w/nwhite01/storage/ocr_20150623/115/hvd.32044054759790/060.png"; bbox 0 0 4180 6186; ppageno 0'>
   <div class='ocr_carea' id='block_1_1' title="bbox 235 169 341 229">
    <p class='ocr_par' dir='ltr' id='par_1_1' title="bbox 235 169 341 229">
     <span class='ocr_line' id='line_1_1' title="bbox 235 169 341 229; baseline -0.009 0"><span class='ocrx_word' id='word_1_1' title='bbox 235 169 341 229; x_wconf 72' lang='grc'><strong>109</strong></span> 
     </span>
    </p>
   </div>
   <div class='ocr_carea' id='block_1_2' title="bbox 1615 159 2273 224">
    <p class='ocr_par' dir='ltr' id='par_1_2' title="bbox 1615 159 2273 224">
     <span class='ocr_line' id='line_1_2' title="bbox 1615 159 2273 224; baseline 0.012 -8"><span class='ocrx_word' id='word_1_2' title='bbox 1615 159 1963 221; x_wconf 59' lang='lat' dir='ltr'><strong>(Imm.</strong></span> <span class='ocrx_word' id='word_1_3' title='bbox 2004 162 2073 219; x_wconf 79' lang='lat' dir='ltr'><strong>IN</strong></span> <span class='ocrx_word' id='word_1_4' title='bbox 2114 166 2273 224; x_wconf 67' lang='lat' dir='ltr'><strong>GRH.</strong></span> 
     </span>
    </p>
   </div>
   <div class='ocr_carea' id='block_1_3' title="bbox 3549 175 3653 230">
    <p class='ocr_par' dir='ltr' id='par_1_3' title="bbox 3549 175 3653 230">
     <span class='ocr_line' id='line_1_3' title="bbox 3549 175 3653 230; baseline -0.01 0"><span class='ocrx_word' id='word_1_5' title='bbox 3549 175 3653 230; x_wconf 78' lang='grc'><strong>110</strong></span> 
     </span>
    </p>
   </div>
   <div class='ocr_carea' id='block_1_4' title="bbox 228 282 3650 367">
    <p class='ocr_par' dir='ltr' id='par_1_4' title="bbox 228 282 3650 367">
     <span class='ocr_line' id='line_1_4' title="bbox 228 282 3650 367; baseline 0.003 -25"><span class='ocrx_word' id='word_1_6' title='bbox 228 288 439 347; x_wconf 82' lang='lat' dir='ltr'><strong>labore</strong></span> <span class='ocrx_word' id='word_1_7' title='bbox 471 282 871 349; x_wconf 78' lang='lat' dir='ltr'><strong>desudantes,</strong></span> <span class='ocrx_word' id='word_1_8' title='bbox 920 282 1144 349; x_wconf 71' lang='lat' dir='ltr'><strong>subito,</strong></span> <span class='ocrx_word' id='word_1_9' title='bbox 1172 284 1424 347; x_wconf 81' lang='lat' dir='ltr'><strong>Domino</strong></span> <span class='ocrx_word' id='word_1_10' title='bbox 1476 288 1801 353; x_wconf 79' lang='lat' dir='ltr'><strong>annuente,</strong></span> <span class='ocrx_word' id='word_1_11' title='bbox 1827 283 1887 339; x_wconf 87' lang='lat' dir='ltr'><strong>in</strong></span> <span class='ocrx_word' id='word_1_12' title='bbox 1917 286 1965 339; x_wconf 86' lang='lat' dir='ltr'><strong>A</strong></span> <span class='ocrx_word' id='word_1_13' title='bbox 2004 302 2126 357; x_wconf 91' lang='lat' dir='ltr'><strong>sus,</strong></span> <span class='ocrx_word' id='word_1_14' title='bbox 2145 290 2235 345; x_wconf 88' lang='lat' dir='ltr'><strong>his</strong></span> <span class='ocrx_word' id='word_1_15' title='bbox 2265 306 2367 347; x_wconf 81' lang='lat' dir='ltr'><strong>me</strong></span> <span class='ocrx_word' id='word_1_16' title='bbox 2392 291 2586 347; x_wconf 78' lang='lat' dir='ltr'><strong>verbis</strong></span> <span class='ocrx_word' id='word_1_17' title='bbox 2608 290 2835 347; x_wconf 69' lang='lat' dir='ltr'><strong>blandae</strong></span> <span class='ocrx_word' id='word_1_18' title='bbox 2860 288 3218 365; x_wconf 59' lang='lat' dir='ltr'><strong>alloquitur:</strong></span> <span class='ocrx_word' id='word_1_19' title='bbox 3245 294 3418 362; x_wconf 82' lang='lat' dir='ltr'><strong>Quid,</strong></span> <span class='ocrx_word' id='word_1_20' title='bbox 3439 295 3650 367; x_wconf 81' lang='lat' dir='ltr'><strong>inquit,</strong></span> 
     </span>
    </p>
   </div>
   <div class='ocr_carea' id='block_1_5' title="bbox 226 372 1889 446">
    <p class='ocr_par' dir='ltr' id='par_1_5' title="bbox 226 372 1889 446">
     <span class='ocr_line' id='line_1_5' title="bbox 226 372 1889 446; baseline -0.004 -11"><span class='ocrx_word' id='word_1_21' title='bbox 226 396 381 437; x_wconf 86' lang='lat' dir='ltr'><strong>onus</strong></span> <span class='ocrx_word' id='word_1_22' title='bbox 413 392 579 433; x_wconf 71' lang='lat' dir='ltr'><strong>cura:</strong></span> <span class='ocrx_word' id='word_1_23' title='bbox 629 372 966 446; x_wconf 72' lang='lat' dir='ltr'><strong>pastoralis,</strong></span> <span class='ocrx_word' id='word_1_24' title='bbox 1001 389 1036 430; x_wconf 89' lang='lat' dir='ltr'><strong>a</strong></span> <span class='ocrx_word' id='word_1_25' title='bbox 1065 390 1187 446; x_wconf 88' lang='lat' dir='ltr'><strong>qua</strong></span> <span class='ocrx_word' id='word_1_26' title='bbox 1244 380 1295 431; x_wconf 85' lang='lat' dir='ltr'><strong>te</strong></span> <span class='ocrx_word' id='word_1_27' title='bbox 1326 391 1615 432; x_wconf 86' lang='lat' dir='ltr'><strong>excusare</strong></span> <span class='ocrx_word' id='word_1_28' title='bbox 1644 375 1889 431; x_wconf 77' lang='lat' dir='ltr'><strong>minime</strong></span> 
     </span>
    </p>
   </div>
   <div class='ocr_carea' id='block_1_6' title="bbox 223 463 1891 540">
    <p class='ocr_par' dir='ltr' id='par_1_6' title="bbox 223 463 1891 540">
     <span class='ocr_line' id='line_1_6' title="bbox 223 463 1891 540; baseline -0.004 -14"><span class='ocrx_word' id='word_1_29' title='bbox 223 470 415 534; x_wconf 79' lang='lat' dir='ltr'><strong>licuit,</strong></span> <span class='ocrx_word' id='word_1_30' title='bbox 446 482 558 540; x_wconf 85' lang='lat' dir='ltr'><strong>pro</strong></span> <span class='ocrx_word' id='word_1_31' title='bbox 582 464 843 523; x_wconf 78' lang='lat' dir='ltr'><strong>aliorum</strong></span> <span class='ocrx_word' id='word_1_32' title='bbox 871 463 1061 521; x_wconf 86' lang='lat' dir='ltr'><strong>salute</strong></span> <span class='ocrx_word' id='word_1_33' title='bbox 1082 464 1367 522; x_wconf 76' lang='lat' dir='ltr'><strong>suﬂ‘ectus</strong></span> <span class='ocrx_word' id='word_1_34' title='bbox 1394 482 1481 521; x_wconf 92' lang='lat' dir='ltr'><strong>es.</strong></span> <span class='ocrx_word' id='word_1_35' title='bbox 1509 470 1630 536; x_wconf 88' lang='lat' dir='ltr'><strong>Ego</strong></span> <span class='ocrx_word' id='word_1_36' title='bbox 1660 465 1808 521; x_wconf 76' lang='lat' dir='ltr'><strong>inibi</strong></span> <span class='ocrx_word' id='word_1_37' title='bbox 1836 469 1891 520; x_wconf 85' lang='lat' dir='ltr'><strong>te</strong></span> 
     </span>
    </p>
   </div>
   <div class='ocr_carea' id='block_1_7' title="bbox 226 553 1893 628">
    <p class='ocr_par' dir='ltr' id='par_1_7' title="bbox 226 553 1893 628">
     <span class='ocr_line' id='line_1_7' title="bbox 226 553 1893 628; baseline -0.002 -13"><span class='ocrx_word' id='word_1_38' title='bbox 226 560 654 628; x_wconf 77' lang='lat' dir='ltr'><strong>subrogatum,</strong></span> <span class='ocrx_word' id='word_1_39' title='bbox 675 570 800 627; x_wconf 79' lang='lat' dir='ltr'><strong>quo</strong></span> <span class='ocrx_word' id='word_1_40' title='bbox 830 553 945 611; x_wconf 75' lang='lat' dir='ltr'><strong>sub</strong></span> <span class='ocrx_word' id='word_1_41' title='bbox 974 555 1143 624; x_wconf 82' lang='lat' dir='ltr'><strong>gravi</strong></span> <span class='ocrx_word' id='word_1_42' title='bbox 1161 554 1311 611; x_wconf 84' lang='lat' dir='ltr'><strong>falce</strong></span> <span class='ocrx_word' id='word_1_43' title='bbox 1330 555 1689 628; x_wconf 86' lang='lat' dir='ltr'><strong>depressum</strong></span> <span class='ocrx_word' id='word_1_44' title='bbox 1714 554 1893 612; x_wconf 83' lang='lat' dir='ltr'><strong>etiam</strong></span> 
     </span>
    </p>
   </div>
   <div class='ocr_carea' id='block_1_8' title="bbox 227 641 1895 719">
    <p class='ocr_par' dir='ltr' id='par_1_8' title="bbox 227 641 1895 719">
     <span class='ocr_line' id='line_1_8' title="bbox 227 641 1895 719; baseline -0.004 -15"><span class='ocrx_word' id='word_1_45' title='bbox 227 644 611 719; x_wconf 68' lang='lat' dir='ltr'><strong>lacrymabili</strong></span> <span class='ocrx_word' id='word_1_46' title='bbox 638 658 742 698; x_wconf 87' lang='lat' dir='ltr'><strong>ore</strong></span> <span class='ocrx_word' id='word_1_47' title='bbox 763 641 1091 710; x_wconf 69' lang='lat' dir='ltr'><strong>declamas,</strong></span> <span class='ocrx_word' id='word_1_48' title='bbox 1113 659 1191 700; x_wconf 87' lang='lat' dir='ltr'><strong>eo</strong></span> <span class='ocrx_word' id='word_1_49' title='bbox 1214 644 1386 716; x_wconf 88' lang='lat' dir='ltr'><strong>quod.</strong></span> <span class='ocrx_word' id='word_1_50' title='bbox 1422 644 1707 702; x_wconf 78' lang='lat' dir='ltr'><strong>salutaria</strong></span> <span class='ocrx_word' id='word_1_51' title='bbox 1736 642 1895 698; x_wconf 83' lang='lat' dir='ltr'><strong>dicta</strong></span> 
     </span>
    </p>
   </div>
   <div class='ocr_carea' id='block_1_9' title="bbox 233 732 1895 805">
    <p class='ocr_par' dir='ltr' id='par_1_9' title="bbox 233 732 1895 805">
     <span class='ocr_line' id='line_1_9' title="bbox 233 732 1895 805; baseline -0.008 -6"><span class='ocrx_word' id='word_1_52' title='bbox 233 743 301 799; x_wconf 73' lang='lat' dir='ltr'><strong>et</strong></span> <span class='ocrx_word' id='word_1_53' title='bbox 343 735 529 796; x_wconf 77' lang='lat' dir='ltr'><strong>mella</strong></span> <span class='ocrx_word' id='word_1_54' title='bbox 568 732 911 793; x_wconf 75' lang='lat' dir='ltr'><strong>animarum</strong></span> <span class='ocrx_word' id='word_1_55' title='bbox 961 732 1170 793; x_wconf 75' lang='lat' dir='ltr'><strong>sedula</strong></span> <span class='ocrx_word' id='word_1_56' title='bbox 1198 733 1611 800; x_wconf 80' lang='lat' dir='ltr'><strong>meditatieue,</strong></span> <span class='ocrx_word' id='word_1_57' title='bbox 1638 739 1699 789; x_wconf 86' lang='lat' dir='ltr'><strong>ut</strong></span> <span class='ocrx_word' id='word_1_58' title='bbox 1729 732 1895 805; x_wconf 89' lang='lat' dir='ltr'><strong>prius</strong></span> 
     </span>
    </p>
   </div>
   <div class='ocr_carea' id='block_1_10' title="bbox 233 821 1895 888">
    <p class='ocr_par' dir='ltr' id='par_1_10' title="bbox 233 821 1895 888">
     <span class='ocr_line' id='line_1_10' title="bbox 233 821 1895 888; baseline -0.002 -7"><span class='ocrx_word' id='word_1_59' title='bbox 233 825 528 885; x_wconf 65' lang='lat' dir='ltr'><strong>innubere</strong></span> <span class='ocrx_word' id='word_1_60' title='bbox 558 837 682 881; x_wconf 88' lang='lat' dir='ltr'><strong>non</strong></span> <span class='ocrx_word' id='word_1_61' title='bbox 704 821 858 888; x_wconf 55' lang='lat' dir='ltr'><strong>licet,</strong></span> <span class='ocrx_word' id='word_1_62' title='bbox 882 837 1093 877; x_wconf 84' lang='lat' dir='ltr'><strong>rursus</strong></span> <span class='ocrx_word' id='word_1_63' title='bbox 1113 838 1210 879; x_wconf 82' lang='lat' dir='ltr'><strong>me</strong></span> <span class='ocrx_word' id='word_1_64' title='bbox 1236 823 1520 879; x_wconf 77' lang='lat' dir='ltr'><strong>accersito</strong></span> <span class='ocrx_word' id='word_1_65' title='bbox 1548 822 1895 880; x_wconf 80' lang='lat' dir='ltr'><strong>auctoritate</strong></span> 
     </span>
    </p>
   </div>
   <div class='ocr_carea' id='block_1_11' title="bbox 234 910 1894 990">
    <p class='ocr_par' dir='ltr' id='par_1_11' title="bbox 234 910 1894 990">
     <span class='ocr_line' id='line_1_11' title="bbox 234 910 1894 990; baseline -0.003 -19"><span class='ocrx_word' id='word_1_66' title='bbox 234 911 623 990; x_wconf 67' lang='lat' dir='ltr'><strong>prmlationis,</strong></span> <span class='ocrx_word' id='word_1_67' title='bbox 658 910 915 983; x_wconf 63' lang='lat' dir='ltr'><strong>capisti,</strong></span> <span class='ocrx_word' id='word_1_68' title='bbox 960 927 1081 967; x_wconf 82' lang='lat' dir='ltr'><strong>non</strong></span> <span class='ocrx_word' id='word_1_69' title='bbox 1131 912 1490 982; x_wconf 73' lang='lat' dir='ltr'><strong>sugerendo,</strong></span> <span class='ocrx_word' id='word_1_70' title='bbox 1518 918 1585 969; x_wconf 89' lang='lat' dir='ltr'><strong>ut</strong></span> <span class='ocrx_word' id='word_1_71' title='bbox 1637 912 1894 977; x_wconf 85' lang='lat' dir='ltr'><strong>dudum,</strong></span> 
     </span>
    </p>
   </div>
   <div class='ocr_carea' id='block_1_12' title="bbox 231 1000 1898 1076">
    <p class='ocr_par' dir='ltr' id='par_1_12' title="bbox 231 1000 1898 1076">
     <span class='ocr_line' id='line_1_12' title="bbox 231 1000 1898 1076; baseline -0.004 -13"><span class='ocrx_word' id='word_1_72' title='bbox 231 1006 338 1063; x_wconf 84' lang='lat' dir='ltr'><strong>sed</strong></span> <span class='ocrx_word' id='word_1_73' title='bbox 372 1000 841 1076; x_wconf 82' lang='lat' dir='ltr'><strong>quodammodo</strong></span> <span class='ocrx_word' id='word_1_74' title='bbox 871 1000 1221 1057; x_wconf 84' lang='lat' dir='ltr'><strong>intentando</strong></span> <span class='ocrx_word' id='word_1_75' title='bbox 1250 1002 1567 1074; x_wconf 74' lang='lat' dir='ltr'><strong>imperare,</strong></span> <span class='ocrx_word' id='word_1_76' title='bbox 1604 1007 1667 1058; x_wconf 89' lang='lat' dir='ltr'><strong>ut</strong></span> <span class='ocrx_word' id='word_1_77' title='bbox 1693 1001 1898 1073; x_wconf 87' lang='lat' dir='ltr'><strong>aliqua</strong></span> 
     </span>
    </p>
   </div>
   <div class='ocr_carea' id='block_1_13' title="bbox 230 1089 1897 1166">
    <p class='ocr_par' dir='ltr' id='par_1_13' title="bbox 230 1089 1897 1166">
     <span class='ocr_line' id='line_1_13' title="bbox 230 1089 1897 1166; baseline -0.004 -16"><span class='ocrx_word' id='word_1_78' title='bbox 230 1092 531 1166; x_wconf 82' lang='lat' dir='ltr'><strong>cpuscula</strong></span> <span class='ocrx_word' id='word_1_79' title='bbox 558 1107 633 1146; x_wconf 76' lang='lat' dir='ltr'><strong>ex</strong></span> <span class='ocrx_word' id='word_1_80' title='bbox 662 1089 815 1151; x_wconf 83' lang='lat' dir='ltr'><strong>libro</strong></span> <span class='ocrx_word' id='word_1_81' title='bbox 860 1090 1174 1153; x_wconf 88' lang='lat' dir='ltr'><strong>Geneseos,</strong></span> <span class='ocrx_word' id='word_1_82' title='bbox 1206 1092 1469 1149; x_wconf 73' lang='lat' dir='ltr'><strong>maxime</strong></span> <span class='ocrx_word' id='word_1_83' title='bbox 1520 1108 1627 1149; x_wconf 77' lang='lat' dir='ltr'><strong>sex.</strong></span> <span class='ocrx_word' id='word_1_84' title='bbox 1662 1090 1897 1146; x_wconf 79' lang='lat' dir='ltr'><strong>dierum</strong></span> 
     </span>
    </p>
   </div>
   <div class='ocr_carea' id='block_1_14' title="bbox 230 1179 1896 1255">
    <p class='ocr_par' dir='ltr' id='par_1_14' title="bbox 230 1179 1896 1255">
     <span class='ocr_line' id='line_1_14' title="bbox 230 1179 1896 1255; baseline -0.003 -16"><span class='ocrx_word' id='word_1_85' title='bbox 230 1197 448 1255; x_wconf 71' lang='lat' dir='ltr'><strong>opera,</strong></span> <span class='ocrx_word' id='word_1_86' title='bbox 492 1196 539 1241; x_wconf 79' lang='lat' dir='ltr'><strong>a</strong></span> <span class='ocrx_word' id='word_1_87' title='bbox 584 1179 837 1237; x_wconf 76' lang='lat' dir='ltr'><strong>Domino</strong></span> <span class='ocrx_word' id='word_1_88' title='bbox 885 1183 1142 1250; x_wconf 81' lang='lat' dir='ltr'><strong>patrata,</strong></span> <span class='ocrx_word' id='word_1_89' title='bbox 1198 1180 1370 1249; x_wconf 79' lang='lat' dir='ltr'><strong>juxta</strong></span> <span class='ocrx_word' id='word_1_90' title='bbox 1425 1180 1701 1246; x_wconf 82' lang='lat' dir='ltr'><strong>litteram,</strong></span> <span class='ocrx_word' id='word_1_91' title='bbox 1759 1196 1896 1252; x_wconf 76' lang='lat' dir='ltr'><strong>qtue</strong></span> 
     </span>
    </p>
   </div>
   <div class='ocr_carea' id='block_1_15' title="bbox 231 1267 1899 1333">
    <p class='ocr_par' dir='ltr' id='par_1_15' title="bbox 231 1267 1899 1333">
     <span class='ocr_line' id='line_1_15' title="bbox 231 1267 1899 1333; baseline -0.001 -6"><span class='ocrx_word' id='word_1_92' title='bbox 231 1271 411 1329; x_wconf 74' lang='lat' dir='ltr'><strong>valde</strong></span> <span class='ocrx_word' id='word_1_93' title='bbox 458 1268 823 1327; x_wconf 66' lang='lat' dir='ltr'><strong>difficillima.</strong></span> <span class='ocrx_word' id='word_1_94' title='bbox 847 1267 1144 1333; x_wconf 85' lang='lat' dir='ltr'><strong>videntur,</strong></span> <span class='ocrx_word' id='word_1_95' title='bbox 1178 1267 1330 1325; x_wconf 82' lang='lat' dir='ltr'><strong>sicut</strong></span> <span class='ocrx_word' id='word_1_96' title='bbox 1354 1285 1391 1325; x_wconf 87' lang='lat' dir='ltr'><strong>a</strong></span> <span class='ocrx_word' id='word_1_97' title='bbox 1414 1269 1658 1327; x_wconf 78' lang='lat' dir='ltr'><strong>doctore</strong></span> <span class='ocrx_word' id='word_1_98' title='bbox 1686 1269 1899 1325; x_wconf 64' lang='lat' dir='ltr'><strong>tradita</strong></span> 
     </span>
    </p>
   </div>
   <div class='ocr_carea' id='block_1_16' title="bbox 233 1356 1897 1431">
    <p class='ocr_par' dir='ltr' id='par_1_16' title="bbox 233 1356 1897 1431">
     <span class='ocr_line' id='line_1_16' title="bbox 233 1356 1897 1431; baseline -0.003 -13"><span class='ocrx_word' id='word_1_99' title='bbox 233 1361 494 1419; x_wconf 75' lang='lat' dir='ltr'><strong>fuerant,</strong></span> <span class='ocrx_word' id='word_1_100' title='bbox 525 1356 758 1431; x_wconf 80' lang='lat' dir='ltr'><strong>liquido</strong></span> <span class='ocrx_word' id='word_1_101' title='bbox 790 1372 1069 1413; x_wconf 84' lang='lat' dir='ltr'><strong>sermone</strong></span> <span class='ocrx_word' id='word_1_102' title='bbox 1115 1356 1573 1428; x_wconf 71' lang='lat' dir='ltr'><strong>depromerem:</strong></span> <span class='ocrx_word' id='word_1_103' title='bbox 1605 1357 1897 1431; x_wconf 82' lang='lat' dir='ltr'><strong>quoniam</strong></span> 
     </span>
    </p>
   </div>
   <div class='ocr_carea' id='block_1_17' title="bbox 234 1445 1900 1524">
    <p class='ocr_par' dir='ltr' id='par_1_17' title="bbox 234 1445 1900 1524">
     <span class='ocr_line' id='line_1_17' title="bbox 234 1445 1900 1524; baseline -0.002 -19"><span class='ocrx_word' id='word_1_104' title='bbox 234 1448 571 1524; x_wconf 76' lang='lat' dir='ltr'><strong>spiritalem</strong></span> <span class='ocrx_word' id='word_1_105' title='bbox 620 1445 1090 1515; x_wconf 71' lang='lat' dir='ltr'><strong>intelligentiam,</strong></span> <span class='ocrx_word' id='word_1_106' title='bbox 1124 1463 1268 1518; x_wconf 54' lang='lat' dir='ltr'><strong>quia;~</strong></span> <span class='ocrx_word' id='word_1_107' title='bbox 1307 1447 1369 1503; x_wconf 89' lang='lat' dir='ltr'><strong>in</strong></span> <span class='ocrx_word' id='word_1_108' title='bbox 1420 1447 1726 1504; x_wconf 75' lang='lat' dir='ltr'><strong>nonnullis</strong></span> <span class='ocrx_word' id='word_1_109' title='bbox 1754 1446 1900 1502; x_wconf 90' lang='lat' dir='ltr'><strong>locis</strong></span> 
     </span>
    </p>
   </div>
   <div class='ocr_carea' id='block_1_18' title="bbox 237 1534 1899 1607">
    <p class='ocr_par' dir='ltr' id='par_1_18' title="bbox 237 1534 1899 1607">
     <span class='ocr_line' id='line_1_18' title="bbox 237 1534 1899 1607; baseline -0.004 -10"><span class='ocrx_word' id='word_1_110' title='bbox 237 1554 537 1607; x_wconf 81' lang='lat' dir='ltr'><strong>magnam</strong></span> <span class='ocrx_word' id='word_1_111' title='bbox 585 1536 816 1591; x_wconf 81' lang='lat' dir='ltr'><strong>obtinet</strong></span> <span class='ocrx_word' id='word_1_112' title='bbox 843 1534 1326 1605; x_wconf 62' lang='lat' dir='ltr'><strong>nelmlositatem,</strong></span> <span class='ocrx_word' id='word_1_113' title='bbox 1352 1535 1415 1592; x_wconf 84' lang='lat' dir='ltr'><strong>in</strong></span> <span class='ocrx_word' id='word_1_114' title='bbox 1460 1536 1625 1592; x_wconf 83' lang='lat' dir='ltr'><strong>libris</strong></span> <span class='ocrx_word' id='word_1_115' title='bbox 1660 1540 1899 1592; x_wconf 78' lang='lat' dir='ltr'><strong>Patrum</strong></span> 
     </span>
    </p>
   </div>
   <div class='ocr_carea' id='block_1_19' title="bbox 2003 375 3654 453">
    <p class='ocr_par' dir='ltr' id='par_1_19' title="bbox 2003 375 3654 453">
     <span class='ocr_line' id='line_1_19' title="bbox 2003 375 3654 453; baseline 0.007 -25"><span class='ocrx_word' id='word_1_116' title='bbox 2003 375 2259 431; x_wconf 72' lang='lat' dir='ltr'><strong>atTabilis</strong></span> <span class='ocrx_word' id='word_1_117' title='bbox 2307 379 2611 453; x_wconf 81' lang='lat' dir='ltr'><strong>ﬁli?quid</strong></span> <span class='ocrx_word' id='word_1_118' title='bbox 2661 378 2765 453; x_wconf 81' lang='lat' dir='ltr'><strong>[Z.,</strong></span> <span class='ocrx_word' id='word_1_119' title='bbox 2815 380 3003 452; x_wconf 85' lang='lat' dir='ltr'><strong>quod]</strong></span> <span class='ocrx_word' id='word_1_120' title='bbox 3050 398 3189 437; x_wconf 91' lang='lat' dir='ltr'><strong>cum</strong></span> <span class='ocrx_word' id='word_1_121' title='bbox 3241 386 3399 438; x_wconf 84' lang='lat' dir='ltr'><strong>tanto</strong></span> <span class='ocrx_word' id='word_1_122' title='bbox 3458 382 3654 439; x_wconf 90' lang='lat' dir='ltr'><strong>studio</strong></span> 
     </span>
    </p>
   </div>
   <div class='ocr_carea' id='block_1_20' title="bbox 2001 464 3655 533">
    <p class='ocr_par' dir='ltr' id='par_1_20' title="bbox 2001 464 3655 533">
     <span class='ocr_line' id='line_1_20' title="bbox 2001 464 3655 533; baseline 0.006 -15"><span class='ocrx_word' id='word_1_123' title='bbox 2001 464 2342 522; x_wconf 85' lang='lat' dir='ltr'><strong>edisseras?</strong></span> <span class='ocrx_word' id='word_1_124' title='bbox 2394 468 2562 533; x_wconf 88' lang='lat' dir='ltr'><strong>Quod</strong></span> <span class='ocrx_word' id='word_1_125' title='bbox 2607 485 2744 523; x_wconf 92' lang='lat' dir='ltr'><strong>cum</strong></span> <span class='ocrx_word' id='word_1_126' title='bbox 2789 469 2981 524; x_wconf 87' lang='lat' dir='ltr'><strong>celare</strong></span> <span class='ocrx_word' id='word_1_127' title='bbox 3012 486 3134 526; x_wconf 90' lang='lat' dir='ltr'><strong>non</strong></span> <span class='ocrx_word' id='word_1_128' title='bbox 3183 471 3468 527; x_wconf 86' lang='lat' dir='ltr'><strong>auderem</strong></span> <span class='ocrx_word' id='word_1_129' title='bbox 3510 476 3655 528; x_wconf 86' lang='lat' dir='ltr'><strong>teste</strong></span> 
     </span>
    </p>
   </div>
   <div class='ocr_carea' id='block_1_21' title="bbox 2001 554 3654 632">
    <p class='ocr_par' dir='ltr' id='par_1_21' title="bbox 2001 554 3654 632">
     <span class='ocr_line' id='line_1_21' title="bbox 2001 554 3654 632; baseline 0.005 -25"><span class='ocrx_word' id='word_1_130' title='bbox 2001 554 2383 624; x_wconf 81' lang='lat' dir='ltr'><strong>conscientia,</strong></span> <span class='ocrx_word' id='word_1_131' title='bbox 2407 558 2618 613; x_wconf 79' lang='lat' dir='ltr'><strong>humili</strong></span> <span class='ocrx_word' id='word_1_132' title='bbox 2638 574 2740 613; x_wconf 87' lang='lat' dir='ltr'><strong>ore</strong></span> <span class='ocrx_word' id='word_1_133' title='bbox 2760 558 3135 630; x_wconf 84' lang='lat' dir='ltr'><strong>deprompsi.</strong></span> <span class='ocrx_word' id='word_1_134' title='bbox 3162 561 3301 632; x_wconf 86' lang='lat' dir='ltr'><strong>Ipse</strong></span> <span class='ocrx_word' id='word_1_135' title='bbox 3316 576 3456 616; x_wconf 88' lang='lat' dir='ltr'><strong>vero</strong></span> <span class='ocrx_word' id='word_1_136' title='bbox 3478 575 3654 617; x_wconf 84' lang='lat' dir='ltr'><strong>nosse</strong></span> 
     </span>
    </p>
   </div>
   <div class='ocr_carea' id='block_1_22' title="bbox 2005 643 3657 722">
    <p class='ocr_par' dir='ltr' id='par_1_22' title="bbox 2005 643 3657 722">
     <span class='ocr_line' id='line_1_22' title="bbox 2005 643 3657 722; baseline 0.004 -24"><span class='ocrx_word' id='word_1_137' title='bbox 2005 643 2285 709; x_wconf 70' lang='lat' dir='ltr'><strong>gestiens,</strong></span> <span class='ocrx_word' id='word_1_138' title='bbox 2314 651 2378 701; x_wconf 89' lang='lat' dir='ltr'><strong>ut</strong></span> <span class='ocrx_word' id='word_1_139' title='bbox 2405 652 2496 702; x_wconf 89' lang='lat' dir='ltr'><strong>est</strong></span> <span class='ocrx_word' id='word_1_140' title='bbox 2522 648 2759 716; x_wconf 85' lang='lat' dir='ltr'><strong>sagacis</strong></span> <span class='ocrx_word' id='word_1_141' title='bbox 2783 647 3009 716; x_wconf 80' lang='lat' dir='ltr'><strong>ingenii</strong></span> <span class='ocrx_word' id='word_1_142' title='bbox 3038 649 3243 715; x_wconf 82' lang='lat' dir='ltr'><strong>solers,</strong></span> <span class='ocrx_word' id='word_1_143' title='bbox 3280 649 3328 705; x_wconf 92' lang='lat' dir='ltr'>si</span> <span class='ocrx_word' id='word_1_144' title='bbox 3369 650 3519 722; x_wconf 88' lang='lat' dir='ltr'><strong>quid</strong></span> <span class='ocrx_word' id='word_1_145' title='bbox 3548 650 3657 705; x_wconf 85' lang='lat' dir='ltr'><strong>uti-</strong></span> 
     </span>
    </p>
   </div>
   <div class='ocr_carea' id='block_1_23' title="bbox 2001 729 3656 811">
    <p class='ocr_par' dir='ltr' id='par_1_23' title="bbox 2001 729 3656 811">
     <span class='ocr_line' id='line_1_23' title="bbox 2001 729 3656 811; baseline 0.005 -26"><span class='ocrx_word' id='word_1_146' title='bbox 2001 729 2181 787; x_wconf 84' lang='lat' dir='ltr'><strong>litatis</strong></span> <span class='ocrx_word' id='word_1_147' title='bbox 2208 733 2552 802; x_wconf 78' lang='lat' dir='ltr'><strong>edidissem,</strong></span> <span class='ocrx_word' id='word_1_148' title='bbox 2585 751 2789 791; x_wconf 87' lang='lat' dir='ltr'><strong>coram</strong></span> <span class='ocrx_word' id='word_1_149' title='bbox 2833 751 2895 790; x_wconf 90' lang='lat' dir='ltr'><strong>se</strong></span> <span class='ocrx_word' id='word_1_150' title='bbox 2946 735 3123 805; x_wconf 81' lang='lat' dir='ltr'><strong>relegi</strong></span> <span class='ocrx_word' id='word_1_151' title='bbox 3177 738 3476 811; x_wconf 74' lang='lat' dir='ltr'><strong>praecepit.</strong></span> <span class='ocrx_word' id='word_1_152' title='bbox 3513 739 3656 804; x_wconf 63' lang='lat' dir='ltr'><strong>Quae</strong></span> 
     </span>
    </p>
   </div>
   <div class='ocr_carea' id='block_1_24' title="bbox 2002 820 3656 898">
    <p class='ocr_par' dir='ltr' id='par_1_24' title="bbox 2002 820 3656 898">
     <span class='ocr_line' id='line_1_24' title="bbox 2002 820 3656 898; baseline 0.005 -23"><span class='ocrx_word' id='word_1_153' title='bbox 2002 820 2283 892; x_wconf 80' lang='lat' dir='ltr'><strong>perlecta,</strong></span> <span class='ocrx_word' id='word_1_154' title='bbox 2314 828 2383 879; x_wconf 88' lang='lat' dir='ltr'><strong>ut</strong></span> <span class='ocrx_word' id='word_1_155' title='bbox 2426 824 2508 880; x_wconf 84' lang='lat' dir='ltr'><strong>ita</strong></span> <span class='ocrx_word' id='word_1_156' title='bbox 2552 823 2774 891; x_wconf 87' lang='lat' dir='ltr'><strong>dicam,</strong></span> <span class='ocrx_word' id='word_1_157' title='bbox 2805 824 3092 891; x_wconf 82' lang='lat' dir='ltr'><strong>laudavit,</strong></span> <span class='ocrx_word' id='word_1_158' title='bbox 3144 829 3346 898; x_wconf 85' lang='lat' dir='ltr'><strong>atque,</strong></span> <span class='ocrx_word' id='word_1_159' title='bbox 3380 826 3656 898; x_wconf 84' lang='lat' dir='ltr'><strong>inquam,</strong></span> 
     </span>
    </p>
   </div>
   <div class='ocr_carea' id='block_1_25' title="bbox 2004 909 3658 984">
    <p class='ocr_par' dir='ltr' id='par_1_25' title="bbox 2004 909 3658 984">
     <span class='ocr_line' id='line_1_25' title="bbox 2004 909 3658 984; baseline 0.003 -20"><span class='ocrx_word' id='word_1_160' title='bbox 2004 909 2384 980; x_wconf 80' lang='lat' dir='ltr'><strong>approbavit,</strong></span> <span class='ocrx_word' id='word_1_161' title='bbox 2411 911 2779 984; x_wconf 85' lang='lat' dir='ltr'><strong>contulitque</strong></span> <span class='ocrx_word' id='word_1_162' title='bbox 2808 912 2989 967; x_wconf 84' lang='lat' dir='ltr'><strong>etiam</strong></span> <span class='ocrx_word' id='word_1_163' title='bbox 3045 912 3196 968; x_wconf 82' lang='lat' dir='ltr'><strong>mihi</strong></span> <span class='ocrx_word' id='word_1_164' title='bbox 3234 913 3455 968; x_wconf 75' lang='lat' dir='ltr'><strong>librum</strong></span> <span class='ocrx_word' id='word_1_165' title='bbox 3497 914 3658 969; x_wconf 81' lang='lat' dir='ltr'><strong>beati</strong></span> 
     </span>
    </p>
   </div>
   <div class='ocr_carea' id='block_1_26' title="bbox 2006 1000 3657 1074">
    <p class='ocr_par' dir='ltr' id='par_1_26' title="bbox 2006 1000 3657 1074">
     <span class='ocr_line' id='line_1_26' title="bbox 2006 1000 3657 1074; baseline 0.004 -22"><span class='ocrx_word' id='word_1_166' title='bbox 2006 1000 2317 1067; x_wconf 78' lang='lat' dir='ltr'><strong>Augustini</strong></span> <span class='ocrx_word' id='word_1_167' title='bbox 2338 1007 2545 1057; x_wconf 86' lang='lat' dir='ltr'><strong>contra</strong></span> <span class='ocrx_word' id='word_1_168' title='bbox 2562 1002 2914 1057; x_wconf 70' lang='lat' dir='ltr'><strong>Manichmos</strong></span> <span class='ocrx_word' id='word_1_169' title='bbox 2934 1018 3117 1074; x_wconf 82' lang='lat' dir='ltr'><strong>super</strong></span> <span class='ocrx_word' id='word_1_170' title='bbox 3136 1003 3247 1058; x_wconf 81' lang='lat' dir='ltr'><strong>hac</strong></span> <span class='ocrx_word' id='word_1_171' title='bbox 3272 1019 3337 1058; x_wconf 88' lang='lat' dir='ltr'><strong>re</strong></span> <span class='ocrx_word' id='word_1_172' title='bbox 3354 1002 3657 1058; x_wconf 85' lang='lat' dir='ltr'><strong>luculento</strong></span> 
     </span>
    </p>
   </div>
   <div class='ocr_carea' id='block_1_27' title="bbox 2007 1091 3657 1164">
    <p class='ocr_par' dir='ltr' id='par_1_27' title="bbox 2007 1091 3657 1164">
     <span class='ocr_line' id='line_1_27' title="bbox 2007 1091 3657 1164; baseline 0.004 -22"><span class='ocrx_word' id='word_1_173' title='bbox 2007 1104 2283 1146; x_wconf 77' lang='lat' dir='ltr'><strong>sermone</strong></span> <span class='ocrx_word' id='word_1_174' title='bbox 2342 1096 2677 1157; x_wconf 79' lang='lat' dir='ltr'><strong>exaratum,</strong></span> <span class='ocrx_word' id='word_1_175' title='bbox 2734 1091 2897 1146; x_wconf 83' lang='lat' dir='ltr'><strong>unde</strong></span> <span class='ocrx_word' id='word_1_176' title='bbox 2952 1107 3024 1146; x_wconf 90' lang='lat' dir='ltr'><strong>ea</strong></span> <span class='ocrx_word' id='word_1_177' title='bbox 3079 1108 3214 1164; x_wconf 73' lang='lat' dir='ltr'><strong>quae</strong></span> <span class='ocrx_word' id='word_1_178' title='bbox 3267 1092 3657 1163; x_wconf 83' lang='lat' dir='ltr'><strong>digesseram,</strong></span> 
     </span>
    </p>
   </div>
   <div class='ocr_carea' id='block_1_28' title="bbox 2006 1178 3651 1251">
    <p class='ocr_par' dir='ltr' id='par_1_28' title="bbox 2006 1178 3651 1251">
     <span class='ocr_line' id='line_1_28' title="bbox 2006 1178 3651 1251; baseline 0.004 -19"><span class='ocrx_word' id='word_1_179' title='bbox 2006 1178 2401 1250; x_wconf 87' lang='lat' dir='ltr'><strong>comprobare</strong></span> <span class='ocrx_word' id='word_1_180' title='bbox 2425 1180 2772 1251; x_wconf 59' lang='lat' dir='ltr'><strong>quivisseam.</strong></span> <span class='ocrx_word' id='word_1_181' title='bbox 2794 1183 2922 1246; x_wconf 73' lang='lat' dir='ltr'><strong>Quo</strong></span> <span class='ocrx_word' id='word_1_182' title='bbox 2946 1180 3197 1236; x_wconf 74' lang='lat' dir='ltr'><strong>ferventi</strong></span> <span class='ocrx_word' id='word_1_183' title='bbox 3214 1186 3344 1237; x_wconf 90' lang='lat' dir='ltr'><strong>astu</strong></span> <span class='ocrx_word' id='word_1_184' title='bbox 3380 1182 3651 1250; x_wconf 78' lang='lat' dir='ltr'><strong>lustrate,</strong></span> 
     </span>
    </p>
   </div>
   <div class='ocr_carea' id='block_1_29' title="bbox 2007 1267 3659 1341">
    <p class='ocr_par' dir='ltr' id='par_1_29' title="bbox 2007 1267 3659 1341">
     <span class='ocr_line' id='line_1_29' title="bbox 2007 1267 3659 1341; baseline 0.004 -20"><span class='ocrx_word' id='word_1_185' title='bbox 2007 1267 2241 1324; x_wconf 76' lang='lat' dir='ltr'><strong>Christo</strong></span> <span class='ocrx_word' id='word_1_186' title='bbox 2302 1269 2604 1341; x_wconf 69' lang='lat' dir='ltr'><strong>prmduce,</strong></span> <span class='ocrx_word' id='word_1_187' title='bbox 2653 1287 2777 1325; x_wconf 90' lang='lat' dir='ltr'><strong>non</strong></span> <span class='ocrx_word' id='word_1_188' title='bbox 2832 1270 3034 1326; x_wconf 76' lang='lat' dir='ltr'><strong>solum</strong></span> <span class='ocrx_word' id='word_1_189' title='bbox 3086 1271 3147 1326; x_wconf 89' lang='lat' dir='ltr'><strong>in</strong></span> <span class='ocrx_word' id='word_1_190' title='bbox 3203 1288 3400 1337; x_wconf 86' lang='lat' dir='ltr'><strong>sensu,</strong></span> <span class='ocrx_word' id='word_1_191' title='bbox 3452 1288 3659 1328; x_wconf 77' lang='lat' dir='ltr'><strong>verum</strong></span> 
     </span>
    </p>
   </div>
   <div class='ocr_carea' id='block_1_30' title="bbox 2008 1356 3662 1433">
    <p class='ocr_par' dir='ltr' id='par_1_30' title="bbox 2008 1356 3662 1433">
     <span class='ocr_line' id='line_1_30' title="bbox 2008 1356 3662 1433; baseline 0.003 -21"><span class='ocrx_word' id='word_1_192' title='bbox 2008 1356 2273 1414; x_wconf 83' lang='lat' dir='ltr'><strong>etiamin</strong></span> <span class='ocrx_word' id='word_1_193' title='bbox 2303 1358 2675 1431; x_wconf 85' lang='lat' dir='ltr'><strong>quibusdam</strong></span> <span class='ocrx_word' id='word_1_194' title='bbox 2698 1360 2843 1416; x_wconf 80' lang='lat' dir='ltr'><strong>locis</strong></span> <span class='ocrx_word' id='word_1_195' title='bbox 2883 1360 3251 1433; x_wconf 83' lang='lat' dir='ltr'><strong>syllabisque</strong></span> <span class='ocrx_word' id='word_1_196' title='bbox 3295 1361 3662 1417; x_wconf 80' lang='lat' dir='ltr'><strong>concordan-</strong></span> 
     </span>
    </p>
   </div>
   <div class='ocr_carea' id='block_1_31' title="bbox 2008 1447 3662 1522">
    <p class='ocr_par' dir='ltr' id='par_1_31' title="bbox 2008 1447 3662 1522">
     <span class='ocr_line' id='line_1_31' title="bbox 2008 1447 3662 1522; baseline 0.002 -20"><span class='ocrx_word' id='word_1_197' title='bbox 2008 1450 2129 1502; x_wconf 74' lang='lat' dir='ltr'><strong>tem</strong></span> <span class='ocrx_word' id='word_1_198' title='bbox 2172 1447 2389 1502; x_wconf 87' lang='lat' dir='ltr'><strong>inveni.</strong></span> <span class='ocrx_word' id='word_1_199' title='bbox 2418 1448 2638 1504; x_wconf 77' lang='lat' dir='ltr'><strong>Deinde</strong></span> <span class='ocrx_word' id='word_1_200' title='bbox 2668 1450 2770 1519; x_wconf 90' lang='lat' dir='ltr'><strong>[Z.,</strong></span> <span class='ocrx_word' id='word_1_201' title='bbox 2800 1448 2966 1519; x_wconf 85' lang='lat' dir='ltr'><strong>Dein]</strong></span> <span class='ocrx_word' id='word_1_202' title='bbox 2992 1449 3252 1522; x_wconf 86' lang='lat' dir='ltr'><strong>imperat</strong></span> <span class='ocrx_word' id='word_1_203' title='bbox 3275 1450 3451 1521; x_wconf 82' lang='lat' dir='ltr'><strong>juxta</strong></span> <span class='ocrx_word' id='word_1_204' title='bbox 3478 1465 3662 1505; x_wconf 77' lang='lat' dir='ltr'><strong>suum</strong></span> 
     </span>
    </p>
   </div>
   <div class='ocr_carea' id='block_1_32' title="bbox 2008 1535 3663 1611">
    <p class='ocr_par' dir='ltr' id='par_1_32' title="bbox 2008 1535 3663 1611">
     <span class='ocr_line' id='line_1_32' title="bbox 2008 1535 3663 1611; baseline 0.001 -21"><span class='ocrx_word' id='word_1_205' title='bbox 2008 1550 2231 1591; x_wconf 87' lang='lat' dir='ltr'><strong>nomen</strong></span> <span class='ocrx_word' id='word_1_206' title='bbox 2277 1535 2573 1591; x_wconf 86' lang='lat' dir='ltr'><strong>locutione</strong></span> <span class='ocrx_word' id='word_1_207' title='bbox 2632 1538 2938 1605; x_wconf 80' lang='lat' dir='ltr'><strong>melliﬂua,</strong></span> <span class='ocrx_word' id='word_1_208' title='bbox 2969 1542 3034 1593; x_wconf 87' lang='lat' dir='ltr'><strong>ut</strong></span> <span class='ocrx_word' id='word_1_209' title='bbox 3082 1538 3328 1607; x_wconf 75' lang='lat' dir='ltr'><strong>ignavia</strong></span> <span class='ocrx_word' id='word_1_210' title='bbox 3377 1538 3663 1611; x_wconf 77' lang='lat' dir='ltr'><strong>temporis</strong></span> 
     </span>
    </p>
   </div>
   <div class='ocr_carea' id='block_1_33' title="bbox 242 1624 3660 1700">
    <p class='ocr_par' dir='ltr' id='par_1_33' title="bbox 242 1624 3660 1700">
     <span class='ocr_line' id='line_1_33' title="bbox 242 1624 3660 1700; baseline -0.001 -15"><span class='ocrx_word' id='word_1_211' title='bbox 242 1634 301 1686; x_wconf 85' lang='lat' dir='ltr'><strong>te</strong></span> <span class='ocrx_word' id='word_1_212' title='bbox 331 1628 583 1698; x_wconf 70' lang='lat' dir='ltr'><strong>habere,</strong></span> <span class='ocrx_word' id='word_1_213' title='bbox 604 1630 659 1682; x_wconf 88' lang='lat' dir='ltr'><strong>et</strong></span> <span class='ocrx_word' id='word_1_214' title='bbox 689 1624 957 1680; x_wconf 81' lang='lat' dir='ltr'><strong>maxime</strong></span> <span class='ocrx_word' id='word_1_215' title='bbox 977 1641 1013 1679; x_wconf 91' lang='lat' dir='ltr'><strong>a</strong></span> <span class='ocrx_word' id='word_1_216' title='bbox 1034 1625 1213 1683; x_wconf 77' lang='lat' dir='ltr'><strong>beato</strong></span> <span class='ocrx_word' id='word_1_217' title='bbox 1245 1625 1489 1693; x_wconf 74' lang='lat' dir='ltr'><strong>Isidoro,</strong></span> <span class='ocrx_word' id='word_1_218' title='bbox 1521 1626 1650 1681; x_wconf 78' lang='lat' dir='ltr'><strong>viro</strong></span> <span class='ocrx_word' id='word_1_219' title='bbox 1701 1625 1909 1682; x_wconf 86' lang='lat' dir='ltr'><strong>erudi--</strong></span> <span class='ocrx_word' id='word_1_220' title='bbox 1930 1636 1970 1689; x_wconf 82' lang='grc' dir='ltr'>Β</span> <span class='ocrx_word' id='word_1_221' title='bbox 2008 1640 2131 1679; x_wconf 88' lang='lat' dir='ltr'><strong>non</strong></span> <span class='ocrx_word' id='word_1_222' title='bbox 2177 1624 2602 1697; x_wconf 81' lang='lat' dir='ltr'><strong>pigrescerem,</strong></span> <span class='ocrx_word' id='word_1_223' title='bbox 2628 1632 2686 1682; x_wconf 90' lang='lat' dir='ltr'><strong>et</strong></span> <span class='ocrx_word' id='word_1_224' title='bbox 2731 1631 2992 1700; x_wconf 72' lang='lat' dir='ltr'><strong>emptum</strong></span> <span class='ocrx_word' id='word_1_225' title='bbox 3040 1644 3195 1700; x_wconf 84' lang='lat' dir='ltr'><strong>opus</strong></span> <span class='ocrx_word' id='word_1_226' title='bbox 3226 1643 3349 1684; x_wconf 80' lang='lat' dir='ltr'><strong>non</strong></span> <span class='ocrx_word' id='word_1_227' title='bbox 3380 1628 3660 1696; x_wconf 79' lang='lat' dir='ltr'><strong>sinerem,</strong></span> 
     </span>
    </p>
   </div>
   <div class='ocr_carea' id='block_1_34' title="bbox 242 1714 1899 1787">
    <p class='ocr_par' dir='ltr' id='par_1_34' title="bbox 242 1714 1899 1787">
     <span class='ocr_line' id='line_1_34' title="bbox 242 1714 1899 1787; baseline -0.002 -12"><span class='ocrx_word' id='word_1_228' title='bbox 242 1718 495 1785; x_wconf 76' lang='lat' dir='ltr'><strong>tissimo,</strong></span> <span class='ocrx_word' id='word_1_229' title='bbox 543 1714 927 1772; x_wconf 75' lang='lat' dir='ltr'><strong>enucleatum</strong></span> <span class='ocrx_word' id='word_1_230' title='bbox 967 1714 1222 1781; x_wconf 84' lang='lat' dir='ltr'><strong>testaris,</strong></span> <span class='ocrx_word' id='word_1_231' title='bbox 1254 1714 1390 1775; x_wconf 75' lang='lat' dir='ltr'><strong>licet</strong></span> <span class='ocrx_word' id='word_1_232' title='bbox 1424 1716 1629 1771; x_wconf 83' lang='lat' dir='ltr'><strong>omnia</strong></span> <span class='ocrx_word' id='word_1_233' title='bbox 1674 1731 1809 1787; x_wconf 67' lang='lat' dir='ltr'><strong>quae</strong></span> <span class='ocrx_word' id='word_1_234' title='bbox 1838 1716 1899 1771; x_wconf 92' lang='lat' dir='ltr'><strong>in</strong></span> 
     </span>
    </p>
   </div>
   <div class='ocr_carea' id='block_1_35' title="bbox 236 1803 1898 1881">
    <p class='ocr_par' dir='ltr' id='par_1_35' title="bbox 236 1803 1898 1881">
     <span class='ocr_line' id='line_1_35' title="bbox 236 1803 1898 1881; baseline -0.001 -20"><span class='ocrx_word' id='word_1_235' title='bbox 236 1806 490 1881; x_wconf 72' lang='lat' dir='ltr'><strong>pnefato</strong></span> <span class='ocrx_word' id='word_1_236' title='bbox 537 1803 847 1861; x_wconf 72' lang='lat' dir='ltr'><strong>volumine</strong></span> <span class='ocrx_word' id='word_1_237' title='bbox 898 1806 1274 1859; x_wconf 85' lang='lat' dir='ltr'><strong>continentur</strong></span> <span class='ocrx_word' id='word_1_238' title='bbox 1322 1805 1629 1876; x_wconf 84' lang='lat' dir='ltr'><strong>mysteria,</strong></span> <span class='ocrx_word' id='word_1_239' title='bbox 1661 1819 1783 1861; x_wconf 89' lang='lat' dir='ltr'><strong>non</strong></span> <span class='ocrx_word' id='word_1_240' title='bbox 1821 1805 1898 1860; x_wconf 89' lang='lat' dir='ltr'><strong>ab</strong></span> 
     </span>
    </p>
   </div>
   <div class='ocr_carea' id='block_1_36' title="bbox 237 1894 1897 1967">
    <p class='ocr_par' dir='ltr' id='par_1_36' title="bbox 237 1894 1897 1967">
     <span class='ocr_line' id='line_1_36' title="bbox 237 1894 1897 1967; baseline -0.002 -13"><span class='ocrx_word' id='word_1_241' title='bbox 237 1914 308 1954; x_wconf 87' lang='lat' dir='ltr'><strong>eo</strong></span> <span class='ocrx_word' id='word_1_242' title='bbox 327 1894 716 1953; x_wconf 68' lang='lat' dir='ltr'><strong>inveniantur</strong></span> <span class='ocrx_word' id='word_1_243' title='bbox 738 1899 1073 1965; x_wconf 79' lang='lat' dir='ltr'><strong>compacta,</strong></span> <span class='ocrx_word' id='word_1_244' title='bbox 1098 1897 1156 1949; x_wconf 87' lang='lat' dir='ltr'><strong>et</strong></span> <span class='ocrx_word' id='word_1_245' title='bbox 1179 1894 1346 1964; x_wconf 63' lang='lat' dir='ltr'><strong>[Cant</strong></span> <span class='ocrx_word' id='word_1_246' title='bbox 1373 1896 1436 1951; x_wconf 89' lang='lat' dir='ltr'><strong>Z.</strong></span> <span class='ocrx_word' id='word_1_247' title='bbox 1457 1912 1569 1951; x_wconf 88' lang='lat' dir='ltr'><strong>om.</strong></span> <span class='ocrx_word' id='word_1_248' title='bbox 1597 1895 1681 1967; x_wconf 83' lang='lat' dir='ltr'><strong>et]</strong></span> <span class='ocrx_word' id='word_1_249' title='bbox 1696 1894 1897 1964; x_wconf 86' lang='lat' dir='ltr'><strong>etiam,</strong></span> 
     </span>
    </p>
   </div>
   <div class='ocr_carea' id='block_1_37' title="bbox 236 1984 1903 2059">
    <p class='ocr_par' dir='ltr' id='par_1_37' title="bbox 236 1984 1903 2059">
     <span class='ocr_line' id='line_1_37' title="bbox 236 1984 1903 2059; baseline -0.002 -16"><span class='ocrx_word' id='word_1_250' title='bbox 236 1985 409 2059; x_wconf 79' lang='lat' dir='ltr'><strong>quod</strong></span> <span class='ocrx_word' id='word_1_251' title='bbox 432 1990 527 2041; x_wconf 84' lang='lat' dir='ltr'><strong>est.</strong></span> <span class='ocrx_word' id='word_1_252' title='bbox 551 1984 814 2053; x_wconf 81' lang='lat' dir='ltr'><strong>gravius,</strong></span> <span class='ocrx_word' id='word_1_253' title='bbox 843 1999 919 2040; x_wconf 89' lang='lat' dir='ltr'><strong>ee.</strong></span> <span class='ocrx_word' id='word_1_254' title='bbox 957 1999 1092 2055; x_wconf 76' lang='lat' dir='ltr'><strong>quae</strong></span> <span class='ocrx_word' id='word_1_255' title='bbox 1111 1998 1163 2046; x_wconf 59' lang='lat' dir='ltr'><strong>,a</strong></span> <span class='ocrx_word' id='word_1_256' title='bbox 1192 1988 1356 2039; x_wconf 87' lang='lat' dir='ltr'><strong>tanto</strong></span> <span class='ocrx_word' id='word_1_257' title='bbox 1394 1984 1639 2040; x_wconf 86' lang='lat' dir='ltr'><strong>doctore</strong></span> <span class='ocrx_word' id='word_1_258' title='bbox 1663 1988 1903 2057; x_wconf 55' lang='lat' dir='ltr'><strong>praster-</strong></span> 
     </span>
    </p>
   </div>
   <div class='ocr_carea' id='block_1_38' title="bbox 238 2072 1902 2144">
    <p class='ocr_par' dir='ltr' id='par_1_38' title="bbox 238 2072 1902 2144">
     <span class='ocr_line' id='line_1_38' title="bbox 238 2072 1902 2144; baseline -0.003 -11"><span class='ocrx_word' id='word_1_259' title='bbox 238 2076 429 2133; x_wconf 81' lang='lat' dir='ltr'><strong>missa</strong></span> <span class='ocrx_word' id='word_1_260' title='bbox 477 2079 643 2143; x_wconf 90' lang='lat' dir='ltr'><strong>sunt,_</strong></span> <span class='ocrx_word' id='word_1_261' title='bbox 683 2072 1024 2133; x_wconf 57' lang='lat' dir='ltr'><strong>secundum;</strong></span> <span class='ocrx_word' id='word_1_262' title='bbox 1073 2072 1243 2144; x_wconf 82' lang='lat' dir='ltr'><strong>quod</strong></span> <span class='ocrx_word' id='word_1_263' title='bbox 1271 2073 1437 2143; x_wconf 71' lang='grc' dir='ltr'><em>[ϐοά.</em></span> <span class='ocrx_word' id='word_1_264' title='bbox 1479 2075 1569 2142; x_wconf 91' lang='grc' dir='ltr'><strong>Ζ.,</strong></span> <span class='ocrx_word' id='word_1_265' title='bbox 1602 2074 1760 2144; x_wconf 63' lang='lat' dir='ltr'><strong>quae]</strong></span> <span class='ocrx_word' id='word_1_266' title='bbox 1794 2077 1902 2129; x_wconf 84' lang='lat' dir='ltr'><strong>tra-</strong></span> 
     </span>
    </p>
   </div>
   <div class='ocr_carea' id='block_1_39' title="bbox 238 2161 1898 2234">
    <p class='ocr_par' dir='ltr' id='par_1_39' title="bbox 238 2161 1898 2234">
     <span class='ocr_line' id='line_1_39' title="bbox 238 2161 1898 2234; baseline -0.002 -15"><span class='ocrx_word' id='word_1_267' title='bbox 238 2164 363 2220; x_wconf 86' lang='lat' dir='ltr'><strong>dita</strong></span> <span class='ocrx_word' id='word_1_268' title='bbox 392 2163 541 2223; x_wconf 78' lang='lat' dir='ltr'><strong>mihi</strong></span> <span class='ocrx_word' id='word_1_269' title='bbox 571 2163 826 2229; x_wconf 76' lang='lat' dir='ltr'><strong>fuerant,</strong></span> <span class='ocrx_word' id='word_1_270' title='bbox 859 2167 917 2216; x_wconf 85' lang='lat' dir='ltr'><strong>et</strong></span> <span class='ocrx_word' id='word_1_271' title='bbox 944 2177 1051 2234; x_wconf 82' lang='lat' dir='ltr'><strong>per</strong></span> <span class='ocrx_word' id='word_1_272' title='bbox 1096 2177 1191 2217; x_wconf 83' lang='lat' dir='ltr'><strong>me</strong></span> <span class='ocrx_word' id='word_1_273' title='bbox 1237 2161 1507 2219; x_wconf 86' lang='lat' dir='ltr'><strong>invenire</strong></span> <span class='ocrx_word' id='word_1_274' title='bbox 1548 2162 1898 2234; x_wconf 76' lang='lat' dir='ltr'><strong>potuissem,</strong></span> 
     </span>
    </p>
   </div>
   <div class='ocr_carea' id='block_1_40' title="bbox 242 2249 1902 2322">
    <p class='ocr_par' dir='ltr' id='par_1_40' title="bbox 242 2249 1902 2322">
     <span class='ocr_line' id='line_1_40' title="bbox 242 2249 1902 2322; baseline -0.001 -14"><span class='ocrx_word' id='word_1_275' title='bbox 242 2260 309 2310; x_wconf 80' lang='lat' dir='ltr'><strong>ut</strong></span> <span class='ocrx_word' id='word_1_276' title='bbox 360 2253 489 2310; x_wconf 85' lang='lat' dir='ltr'><strong>suis</strong></span> <span class='ocrx_word' id='word_1_277' title='bbox 536 2252 861 2309; x_wconf 80' lang='lat' dir='ltr'><strong>insererem</strong></span> <span class='ocrx_word' id='word_1_278' title='bbox 888 2250 1053 2317; x_wconf 81' lang='lat' dir='ltr'><strong>locis,</strong></span> <span class='ocrx_word' id='word_1_279' title='bbox 1085 2249 1273 2307; x_wconf 70' lang='lat' dir='ltr'><strong>libera</strong></span> <span class='ocrx_word' id='word_1_280' title='bbox 1321 2250 1670 2307; x_wconf 75' lang='lat' dir='ltr'><strong>auctoritate</strong></span> <span class='ocrx_word' id='word_1_281' title='bbox 1718 2250 1902 2322; x_wconf 85' lang='lat' dir='ltr'><strong>impe-</strong></span> 
     </span>
    </p>
   </div>
   <div class='ocr_carea' id='block_1_41' title="bbox 246 2340 1898 2415">
    <p class='ocr_par' dir='ltr' id='par_1_41' title="bbox 246 2340 1898 2415">
     <span class='ocr_line' id='line_1_41' title="bbox 246 2340 1898 2415; baseline -0.003 -16"><span class='ocrx_word' id='word_1_282' title='bbox 246 2341 417 2399; x_wconf 66' lang='lat' dir='ltr'><strong>rasn‘.</strong></span> <span class='ocrx_word' id='word_1_283' title='bbox 447 2342 625 2412; x_wconf 62' lang='lat' dir='ltr'><strong>Cujm</strong></span> <span class='ocrx_word' id='word_1_284' title='bbox 652 2340 1077 2415; x_wconf 68' lang='lat' dir='ltr'><strong>praeceptionis</strong></span> <span class='ocrx_word' id='word_1_285' title='bbox 1102 2356 1419 2397; x_wconf 77' lang='lat' dir='ltr'><strong>censuram</strong></span> <span class='ocrx_word' id='word_1_286' title='bbox 1450 2340 1898 2412; x_wconf 76' lang='lat' dir='ltr'><strong>pertimescens,</strong></span> 
     </span>
    </p>
   </div>
   <div class='ocr_carea' id='block_1_42' title="bbox 249 2428 1901 2502">
    <p class='ocr_par' dir='ltr' id='par_1_42' title="bbox 249 2428 1901 2502">
     <span class='ocr_line' id='line_1_42' title="bbox 249 2428 1901 2502; baseline -0.002 -13"><span class='ocrx_word' id='word_1_287' title='bbox 249 2432 425 2489; x_wconf 76' lang='lat' dir='ltr'><strong>tacita</strong></span> <span class='ocrx_word' id='word_1_288' title='bbox 455 2433 809 2501; x_wconf 82' lang='lat' dir='ltr'><strong>cogitatione</strong></span> <span class='ocrx_word' id='word_1_289' title='bbox 838 2446 1159 2489; x_wconf 74' lang='lat' dir='ltr'><strong>assensum</strong></span> <span class='ocrx_word' id='word_1_290' title='bbox 1184 2429 1451 2502; x_wconf 72' lang='lat' dir='ltr'><strong>prinbere</strong></span> <span class='ocrx_word' id='word_1_291' title='bbox 1495 2430 1753 2486; x_wconf 81' lang='lat' dir='ltr'><strong>decrevi.</strong></span> <span class='ocrx_word' id='word_1_292' title='bbox 1788 2428 1901 2485; x_wconf 87' lang='lat' dir='ltr'><strong>Sed</strong></span> 
     </span>
    </p>
   </div>
   <div class='ocr_carea' id='block_1_43' title="bbox 241 2517 1901 2593">
    <p class='ocr_par' dir='ltr' id='par_1_43' title="bbox 241 2517 1901 2593">
     <span class='ocr_line' id='line_1_43' title="bbox 241 2517 1901 2593; baseline -0.002 -17"><span class='ocrx_word' id='word_1_293' title='bbox 241 2536 604 2593; x_wconf 79' lang='lat' dir='ltr'><strong>quanquam</strong></span> <span class='ocrx_word' id='word_1_294' title='bbox 650 2519 844 2578; x_wconf 80' lang='lat' dir='ltr'><strong>multa</strong></span> <span class='ocrx_word' id='word_1_295' title='bbox 887 2518 1102 2586; x_wconf 65' lang='lat' dir='ltr'><strong>ﬂorent,</strong></span> <span class='ocrx_word' id='word_1_296' title='bbox 1138 2518 1433 2589; x_wconf 84' lang='lat' dir='ltr'><strong>siquidem</strong></span> <span class='ocrx_word' id='word_1_297' title='bbox 1464 2535 1588 2591; x_wconf 81' lang='lat' dir='ltr'><strong>prae</strong></span> <span class='ocrx_word' id='word_1_298' title='bbox 1618 2517 1901 2573; x_wconf 87' lang='lat' dir='ltr'><strong>omnibus</strong></span> 
     </span>
    </p>
   </div>
   <div class='ocr_carea' id='block_1_44' title="bbox 241 2607 1896 2682">
    <p class='ocr_par' dir='ltr' id='par_1_44' title="bbox 241 2607 1896 2682">
     <span class='ocr_line' id='line_1_44' title="bbox 241 2607 1896 2682; baseline -0.003 -15"><span class='ocrx_word' id='word_1_299' title='bbox 241 2610 360 2667; x_wconf 87' lang='lat' dir='ltr'><strong>duo</strong></span> <span class='ocrx_word' id='word_1_300' title='bbox 386 2616 534 2666; x_wconf 78' lang='lat' dir='ltr'><strong>sunt</strong></span> <span class='ocrx_word' id='word_1_301' title='bbox 560 2626 697 2682; x_wconf 62' lang='lat' dir='ltr'><strong>quae</strong></span> <span class='ocrx_word' id='word_1_302' title='bbox 718 2626 819 2666; x_wconf 86' lang='lat' dir='ltr'><strong>me</strong></span> <span class='ocrx_word' id='word_1_303' title='bbox 847 2609 926 2665; x_wconf 90' lang='lat' dir='ltr'><strong>ab</strong></span> <span class='ocrx_word' id='word_1_304' title='bbox 944 2610 1060 2664; x_wconf 89' lang='lat' dir='ltr'><strong>hoc</strong></span> <span class='ocrx_word' id='word_1_305' title='bbox 1082 2623 1261 2679; x_wconf 74' lang='lat' dir='ltr'><strong>opere</strong></span> <span class='ocrx_word' id='word_1_306' title='bbox 1292 2608 1554 2665; x_wconf 78' lang='lat' dir='ltr'><strong>maxime</strong></span> <span class='ocrx_word' id='word_1_307' title='bbox 1582 2607 1896 2665; x_wconf 86' lang='lat' dir='ltr'><strong>deterrent.</strong></span> 
     </span>
    </p>
   </div>
   <div class='ocr_carea' id='block_1_45' title="bbox 244 2697 1903 2771">
    <p class='ocr_par' dir='ltr' id='par_1_45' title="bbox 244 2697 1903 2771">
     <span class='ocr_line' id='line_1_45' title="bbox 244 2697 1903 2771; baseline -0.002 -16"><span class='ocrx_word' id='word_1_308' title='bbox 244 2702 461 2769; x_wconf 88' lang='lat' dir='ltr'><strong>Unum,</strong></span> <span class='ocrx_word' id='word_1_309' title='bbox 480 2699 648 2771; x_wconf 89' lang='lat' dir='ltr'><strong>quod</strong></span> <span class='ocrx_word' id='word_1_310' title='bbox 677 2699 816 2754; x_wconf 90' lang='lat' dir='ltr'><strong>huic</strong></span> <span class='ocrx_word' id='word_1_311' title='bbox 842 2697 1007 2755; x_wconf 84' lang='lat' dir='ltr'><strong>oneri</strong></span> <span class='ocrx_word' id='word_1_312' title='bbox 1034 2713 1132 2753; x_wconf 90' lang='lat' dir='ltr'><strong>me</strong></span> <span class='ocrx_word' id='word_1_313' title='bbox 1154 2697 1449 2769; x_wconf 83' lang='lat' dir='ltr'><strong>imparem</strong></span> <span class='ocrx_word' id='word_1_314' title='bbox 1481 2698 1730 2769; x_wconf 87' lang='lat' dir='ltr'><strong>reperio,</strong></span> <span class='ocrx_word' id='word_1_315' title='bbox 1756 2713 1903 2769; x_wconf 70' lang='lat' dir='ltr'><strong>pras-</strong></span> 
     </span>
    </p>
   </div>
   <div class='ocr_carea' id='block_1_46' title="bbox 244 2785 1902 2843">
    <p class='ocr_par' dir='ltr' id='par_1_46' title="bbox 244 2785 1902 2843">
     <span class='ocr_line' id='line_1_46' title="bbox 244 2785 1902 2843; baseline -0.001 -1"><span class='ocrx_word' id='word_1_316' title='bbox 244 2787 444 2843; x_wconf 89' lang='lat' dir='ltr'><strong>sertim</strong></span> <span class='ocrx_word' id='word_1_317' title='bbox 478 2804 620 2843; x_wconf 91' lang='lat' dir='ltr'><strong>cum</strong></span> <span class='ocrx_word' id='word_1_318' title='bbox 667 2787 834 2843; x_wconf 91' lang='lat' dir='ltr'><strong>nulla</strong></span> <span class='ocrx_word' id='word_1_319' title='bbox 879 2787 989 2841; x_wconf 90' lang='lat' dir='ltr'><strong>sim</strong></span> <span class='ocrx_word' id='word_1_320' title='bbox 1022 2786 1269 2842; x_wconf 87' lang='lat' dir='ltr'><strong>scientia</strong></span> <span class='ocrx_word' id='word_1_321' title='bbox 1297 2785 1635 2841; x_wconf 87' lang='lat' dir='ltr'><strong>liberalium</strong></span> <span class='ocrx_word' id='word_1_322' title='bbox 1684 2786 1902 2842; x_wconf 83' lang='lat' dir='ltr'><strong>artium</strong></span> 
     </span>
    </p>
   </div>
   <div class='ocr_carea' id='block_1_47' title="bbox 240 2874 1902 2950">
    <p class='ocr_par' dir='ltr' id='par_1_47' title="bbox 240 2874 1902 2950">
     <span class='ocr_line' id='line_1_47' title="bbox 240 2874 1902 2950; baseline -0.001 -19"><span class='ocrx_word' id='word_1_323' title='bbox 240 2876 545 2950; x_wconf 88' lang='lat' dir='ltr'><strong>oppletus,</strong></span> <span class='ocrx_word' id='word_1_324' title='bbox 574 2893 702 2931; x_wconf 91' lang='lat' dir='ltr'><strong>non</strong></span> <span class='ocrx_word' id='word_1_325' title='bbox 752 2874 1239 2948; x_wconf 77' lang='lat' dir='ltr'><strong>syllogismorum</strong></span> <span class='ocrx_word' id='word_1_326' title='bbox 1291 2875 1787 2947; x_wconf 88' lang='lat' dir='ltr'><strong>schematumque</strong></span> <span class='ocrx_word' id='word_1_327' title='bbox 1831 2891 1902 2930; x_wconf 87' lang='lat' dir='ltr'><strong>ac</strong></span> 
     </span>
    </p>
   </div>
   <div class='ocr_carea' id='block_1_48' title="bbox 2009 1713 3667 1790">
    <p class='ocr_par' dir='ltr' id='par_1_48' title="bbox 2009 1713 3667 1790">
     <span class='ocr_line' id='line_1_48' title="bbox 2009 1713 3667 1790; baseline 0.002 -21"><span class='ocrx_word' id='word_1_328' title='bbox 2009 1713 2116 1769; x_wconf 87' lang='lat' dir='ltr'><strong>sed</strong></span> <span class='ocrx_word' id='word_1_329' title='bbox 2151 1714 2347 1770; x_wconf 83' lang='lat' dir='ltr'><strong>solerti</strong></span> <span class='ocrx_word' id='word_1_330' title='bbox 2393 1716 2590 1771; x_wconf 86' lang='lat' dir='ltr'><strong>studio</strong></span> <span class='ocrx_word' id='word_1_331' title='bbox 2617 1732 2905 1789; x_wconf 86' lang='lat' dir='ltr'><strong>peragere</strong></span> <span class='ocrx_word' id='word_1_332' title='bbox 2936 1721 3248 1773; x_wconf 79' lang='lat' dir='ltr'><strong>tentarem.</strong></span> <span class='ocrx_word' id='word_1_333' title='bbox 3282 1720 3513 1773; x_wconf 78' lang='lat' dir='ltr'><strong>Rursus</strong></span> <span class='ocrx_word' id='word_1_334' title='bbox 3536 1733 3667 1790; x_wconf 87' lang='lat' dir='ltr'><strong>per-</strong></span> 
     </span>
    </p>
   </div>
   <div class='ocr_carea' id='block_1_49' title="bbox 2009 1804 3665 1879">
    <p class='ocr_par' dir='ltr' id='par_1_49' title="bbox 2009 1804 3665 1879">
     <span class='ocr_line' id='line_1_49' title="bbox 2009 1804 3665 1879; baseline 0.003 -21"><span class='ocrx_word' id='word_1_335' title='bbox 2009 1806 2289 1871; x_wconf 77' lang='lat' dir='ltr'><strong>tractans,</strong></span> <span class='ocrx_word' id='word_1_336' title='bbox 2323 1820 2397 1859; x_wconf 78' lang='lat' dir='ltr'><strong>ne</strong></span> <span class='ocrx_word' id='word_1_337' title='bbox 2426 1804 2573 1861; x_wconf 88' lang='lat' dir='ltr'><strong>forte</strong></span> <span class='ocrx_word' id='word_1_338' title='bbox 2605 1806 2687 1862; x_wconf 87' lang='lat' dir='ltr'><strong>ad</strong></span> <span class='ocrx_word' id='word_1_339' title='bbox 2710 1806 3053 1879; x_wconf 82' lang='lat' dir='ltr'><strong>aliquorum.</strong></span> <span class='ocrx_word' id='word_1_340' title='bbox 3075 1807 3426 1879; x_wconf 74' lang='lat' dir='ltr'><strong>perfectum,</strong></span> <span class='ocrx_word' id='word_1_341' title='bbox 3453 1806 3665 1863; x_wconf 78' lang='lat' dir='ltr'><strong>saltem</strong></span> 
     </span>
    </p>
   </div>
   <div class='ocr_carea' id='block_1_50' title="bbox 2009 1893 3663 1968">
    <p class='ocr_par' dir='ltr' id='par_1_50' title="bbox 2009 1893 3663 1968">
     <span class='ocr_line' id='line_1_50' title="bbox 2009 1893 3663 1968; baseline 0.003 -20"><span class='ocrx_word' id='word_1_342' title='bbox 2009 1893 2403 1965; x_wconf 81' lang='lat' dir='ltr'><strong>parvulorum</strong></span> <span class='ocrx_word' id='word_1_343' title='bbox 2460 1894 2587 1950; x_wconf 83' lang='lat' dir='ltr'><strong>ﬁeri</strong></span> <span class='ocrx_word' id='word_1_344' title='bbox 2639 1896 2968 1967; x_wconf 76' lang='lat' dir='ltr'><strong>juberetur,</strong></span> <span class='ocrx_word' id='word_1_345' title='bbox 3016 1897 3150 1968; x_wconf 85' lang='lat' dir='ltr'><strong>jam</strong></span> <span class='ocrx_word' id='word_1_346' title='bbox 3195 1897 3401 1953; x_wconf 88' lang='lat' dir='ltr'><strong>divino</strong></span> <span class='ocrx_word' id='word_1_347' title='bbox 3443 1895 3663 1953; x_wconf 66' lang='lat' dir='ltr'><strong>auxilio</strong></span> 
     </span>
    </p>
   </div>
   <div class='ocr_carea' id='block_1_51' title="bbox 2008 1982 3664 2059">
    <p class='ocr_par' dir='ltr' id='par_1_51' title="bbox 2008 1982 3664 2059">
     <span class='ocr_line' id='line_1_51' title="bbox 2008 1982 3664 2059; baseline -0.013 -19"><span class='ocrx_word' id='word_1_348' title='bbox 2008 1982 2175 2051; x_wconf 84' lang='lat' dir='ltr'><strong>ﬁsus,</strong></span> <span class='ocrx_word' id='word_1_349' title='bbox 2207 1984 2340 2047; x_wconf 81' lang='lat' dir='ltr'><strong>tuis,</strong></span> <span class='ocrx_word' id='word_1_350' title='bbox 2372 1988 2558 2055; x_wconf 87' lang='lat' dir='ltr'><strong>Pater,</strong></span> <span class='ocrx_word' id='word_1_351' title='bbox 2604 1986 3000 2059; x_wconf 75' lang='lat' dir='ltr'><strong>ejusdemque</strong></span> <span class='ocrx_word' id='word_1_352' title='bbox 3040 1987 3309 2057; x_wconf 59' lang='lat' dir='ltr'><strong>magistri</strong></span> <span class='ocrx_word' id='word_1_353' title='bbox 3348 1986 3664 2059; x_wconf 58' lang='lat' dir='ltr'><strong>pm</strong></span> 
     </span>
    </p>
   </div>
   <div class='ocr_carea' id='block_1_52' title="bbox 2009 2075 3663 2148">
    <p class='ocr_par' dir='ltr' id='par_1_52' title="bbox 2009 2075 3663 2148">
     <span class='ocr_line' id='line_1_52' title="bbox 2009 2075 3663 2148; baseline 0.004 -21"><span class='ocrx_word' id='word_1_354' title='bbox 2009 2078 2395 2145; x_wconf 82' lang='lat' dir='ltr'><strong>provocatus,</strong></span> <span class='ocrx_word' id='word_1_355' title='bbox 2437 2075 2903 2148; x_wconf 72' lang='lat' dir='ltr'><strong>arationumque</strong></span> <span class='ocrx_word' id='word_1_356' title='bbox 2959 2080 3304 2133; x_wconf 83' lang='lat' dir='ltr'><strong>vestrarum.</strong></span> <span class='ocrx_word' id='word_1_357' title='bbox 3359 2075 3663 2146; x_wconf 78' lang='lat' dir='ltr'><strong>suffragiis</strong></span> 
     </span>
    </p>
   </div>
   <div class='ocr_carea' id='block_1_53' title="bbox 2010 2162 3665 2237">
    <p class='ocr_par' dir='ltr' id='par_1_53' title="bbox 2010 2162 3665 2237">
     <span class='ocr_line' id='line_1_53' title="bbox 2010 2162 3665 2237; baseline 0.002 -21"><span class='ocrx_word' id='word_1_358' title='bbox 2010 2162 2213 2227; x_wconf 82' lang='lat' dir='ltr'><strong>fretus,</strong></span> <span class='ocrx_word' id='word_1_359' title='bbox 2243 2179 2396 2230; x_wconf 81' lang='lat' dir='ltr'><strong>opus</strong></span> <span class='ocrx_word' id='word_1_360' title='bbox 2450 2164 2833 2236; x_wconf 77' lang='lat' dir='ltr'><strong>imperatum,</strong></span> <span class='ocrx_word' id='word_1_361' title='bbox 2864 2181 3219 2237; x_wconf 79' lang='lat' dir='ltr'><strong>qua-nquam</strong></span> <span class='ocrx_word' id='word_1_362' title='bbox 3269 2180 3549 2221; x_wconf 80' lang='lat' dir='ltr'><strong>sermone</strong></span> <span class='ocrx_word' id='word_1_363' title='bbox 3572 2165 3665 2219; x_wconf 78' lang='lat' dir='ltr'><strong>in-</strong></span> 
     </span>
    </p>
   </div>
   <div class='ocr_carea' id='block_1_54' title="bbox 2011 2252 3667 2326">
    <p class='ocr_par' dir='ltr' id='par_1_54' title="bbox 2011 2252 3667 2326">
     <span class='ocr_line' id='line_1_54' title="bbox 2011 2252 3667 2326; baseline 0.001 -20"><span class='ocrx_word' id='word_1_364' title='bbox 2011 2252 2188 2317; x_wconf 90' lang='lat' dir='ltr'><strong>culto,</strong></span> <span class='ocrx_word' id='word_1_365' title='bbox 2223 2256 2418 2308; x_wconf 84' lang='lat' dir='ltr'><strong>texere</strong></span> <span class='ocrx_word' id='word_1_366' title='bbox 2450 2270 2584 2308; x_wconf 90' lang='lat' dir='ltr'><strong>sum</strong></span> <span class='ocrx_word' id='word_1_367' title='bbox 2614 2269 2953 2324; x_wconf 78' lang='lat' dir='ltr'><strong>aggressus.</strong></span> <span class='ocrx_word' id='word_1_368' title='bbox 2985 2257 3059 2309; x_wconf 79' lang='lat' dir='ltr'><strong>At</strong></span> <span class='ocrx_word' id='word_1_369' title='bbox 3080 2269 3223 2309; x_wconf 86' lang='lat' dir='ltr'><strong>vero</strong></span> <span class='ocrx_word' id='word_1_370' title='bbox 3247 2269 3323 2308; x_wconf 90' lang='lat' dir='ltr'><strong>ne</strong></span> <span class='ocrx_word' id='word_1_371' title='bbox 3352 2253 3497 2326; x_wconf 67' lang='lat' dir='ltr'><strong>quis</strong></span> <span class='ocrx_word' id='word_1_372' title='bbox 3528 2268 3667 2309; x_wconf 83' lang='lat' dir='ltr'><strong>mea</strong></span> 
     </span>
    </p>
   </div>
   <div class='ocr_carea' id='block_1_55' title="bbox 2009 2341 3665 2413">
    <p class='ocr_par' dir='ltr' id='par_1_55' title="bbox 2009 2341 3665 2413">
     <span class='ocr_line' id='line_1_55' title="bbox 2009 2341 3665 2413; baseline 0.001 -18"><span class='ocrx_word' id='word_1_373' title='bbox 2009 2341 2231 2397; x_wconf 87' lang='lat' dir='ltr'><strong>inserta</strong></span> <span class='ocrx_word' id='word_1_374' title='bbox 2285 2342 2621 2413; x_wconf 86' lang='lat' dir='ltr'><strong>conjiceret,</strong></span> <span class='ocrx_word' id='word_1_375' title='bbox 2655 2347 3001 2399; x_wconf 82' lang='lat' dir='ltr'><strong>sanctorum</strong></span> <span class='ocrx_word' id='word_1_376' title='bbox 3049 2345 3291 2399; x_wconf 77' lang='lat' dir='ltr'><strong>Patrum</strong></span> <span class='ocrx_word' id='word_1_377' title='bbox 3338 2342 3479 2397; x_wconf 85' lang='lat' dir='ltr'><strong>hinc</strong></span> <span class='ocrx_word' id='word_1_378' title='bbox 3523 2341 3665 2397; x_wconf 66' lang='lat' dir='ltr'><strong>inde</strong></span> 
     </span>
    </p>
   </div>
   <div class='ocr_carea' id='block_1_56' title="bbox 2008 2428 3667 2501">
    <p class='ocr_par' dir='ltr' id='par_1_56' title="bbox 2008 2428 3667 2501">
     <span class='ocr_line' id='line_1_56' title="bbox 2008 2428 3667 2501; baseline 0.001 -17"><span class='ocrx_word' id='word_1_379' title='bbox 2008 2428 2319 2485; x_wconf 75' lang='lat' dir='ltr'><strong>volumina</strong></span> <span class='ocrx_word' id='word_1_380' title='bbox 2358 2446 2695 2500; x_wconf 87' lang='lat' dir='ltr'><strong>aggregans</strong></span> <span class='ocrx_word' id='word_1_381' title='bbox 2726 2431 2821 2501; x_wconf 87' lang='lat' dir='ltr'><strong>[In</strong></span> <span class='ocrx_word' id='word_1_382' title='bbox 2869 2432 2998 2487; x_wconf 70' lang='lat' dir='ltr'><strong>cod.</strong></span> <span class='ocrx_word' id='word_1_383' title='bbox 3029 2432 3194 2487; x_wconf 80' lang='lat' dir='ltr'><strong>Petr.</strong></span> <span class='ocrx_word' id='word_1_384' title='bbox 3246 2431 3407 2487; x_wconf 73' lang='lat' dir='ltr'><strong>deest</strong></span> <span class='ocrx_word' id='word_1_385' title='bbox 3458 2445 3667 2501; x_wconf 83' lang='lat' dir='ltr'><strong>aggre-</strong></span> 
     </span>
    </p>
   </div>
   <div class='ocr_carea' id='block_1_57' title="bbox 2012 2519 3665 2591">
    <p class='ocr_par' dir='ltr' id='par_1_57' title="bbox 2012 2519 3665 2591">
     <span class='ocr_line' id='line_1_57' title="bbox 2012 2519 3665 2591; baseline 0.001 -18"><span class='ocrx_word' id='word_1_386' title='bbox 2012 2520 2210 2591; x_wconf 80' lang='lat' dir='ltr'><strong>gans].</strong></span> <span class='ocrx_word' id='word_1_387' title='bbox 2237 2523 2302 2575; x_wconf 85' lang='lat' dir='ltr'><strong>ut</strong></span> <span class='ocrx_word' id='word_1_388' title='bbox 2346 2536 2416 2576; x_wconf 77' lang='lat' dir='ltr'><strong>ex</strong></span> <span class='ocrx_word' id='word_1_389' title='bbox 2467 2535 2675 2575; x_wconf 88' lang='lat' dir='ltr'><strong>eorum</strong></span> <span class='ocrx_word' id='word_1_390' title='bbox 2727 2519 2898 2575; x_wconf 86' lang='lat' dir='ltr'><strong>dictis</strong></span> <span class='ocrx_word' id='word_1_391' title='bbox 2949 2519 3404 2576; x_wconf 81' lang='lat' dir='ltr'><strong>corroborarem</strong></span> <span class='ocrx_word' id='word_1_392' title='bbox 3430 2535 3503 2575; x_wconf 84' lang='lat' dir='ltr'><strong>ea</strong></span> <span class='ocrx_word' id='word_1_393' title='bbox 3530 2534 3665 2591; x_wconf 67' lang='lat' dir='ltr'><strong>quae</strong></span> 
     </span>
    </p>
   </div>
   <div class='ocr_carea' id='block_1_58' title="bbox 2010 2608 3668 2682">
    <p class='ocr_par' dir='ltr' id='par_1_58' title="bbox 2010 2608 3668 2682">
     <span class='ocr_line' id='line_1_58' title="bbox 2010 2608 3668 2682; baseline 0.001 -19"><span class='ocrx_word' id='word_1_394' title='bbox 2010 2609 2411 2665; x_wconf 73' lang='lat' dir='ltr'><strong>describerem</strong></span> <span class='ocrx_word' id='word_1_395' title='bbox 2438 2627 2451 2677; x_wconf 92' lang='lat'><strong>;</strong></span> <span class='ocrx_word' id='word_1_396' title='bbox 2484 2609 2645 2664; x_wconf 83' lang='lat' dir='ltr'><strong>unde</strong></span> <span class='ocrx_word' id='word_1_397' title='bbox 2688 2608 2980 2665; x_wconf 85' lang='lat' dir='ltr'><strong>nonnulla</strong></span> <span class='ocrx_word' id='word_1_398' title='bbox 3006 2626 3081 2666; x_wconf 79' lang='lat' dir='ltr'><strong>ex</strong></span> <span class='ocrx_word' id='word_1_399' title='bbox 3129 2626 3338 2665; x_wconf 85' lang='lat' dir='ltr'><strong>eorum</strong></span> <span class='ocrx_word' id='word_1_400' title='bbox 3369 2608 3668 2682; x_wconf 87' lang='lat' dir='ltr'><strong>quodam-</strong></span> 
     </span>
    </p>
   </div>
   <div class='ocr_carea' id='block_1_59' title="bbox 2012 2698 3668 2773">
    <p class='ocr_par' dir='ltr' id='par_1_59' title="bbox 2012 2698 3668 2773">
     <span class='ocr_line' id='line_1_59' title="bbox 2012 2698 3668 2773; baseline 0.001 -20"><span class='ocrx_word' id='word_1_401' title='bbox 2012 2698 2195 2754; x_wconf 76' lang='lat' dir='ltr'><strong>modo</strong></span> <span class='ocrx_word' id='word_1_402' title='bbox 2226 2698 2465 2769; x_wconf 83' lang='lat' dir='ltr'><strong>magnis</strong></span> <span class='ocrx_word' id='word_1_403' title='bbox 2498 2699 2853 2755; x_wconf 84' lang='lat' dir='ltr'><strong>ﬂuminibus</strong></span> <span class='ocrx_word' id='word_1_404' title='bbox 2870 2698 3306 2773; x_wconf 61' lang='lat' dir='ltr'><strong>profundisQue</strong></span> <span class='ocrx_word' id='word_1_405' title='bbox 3333 2698 3668 2770; x_wconf 72' lang='lat' dir='ltr'><strong>gurgitibus</strong></span> 
     </span>
    </p>
   </div>
   <div class='ocr_carea' id='block_1_60' title="bbox 2010 2787 3666 2861">
    <p class='ocr_par' dir='ltr' id='par_1_60' title="bbox 2010 2787 3666 2861">
     <span class='ocr_line' id='line_1_60' title="bbox 2010 2787 3666 2861; baseline 0.001 -19"><span class='ocrx_word' id='word_1_406' title='bbox 2010 2787 2072 2842; x_wconf 89' lang='lat' dir='ltr'><strong>in</strong></span> <span class='ocrx_word' id='word_1_407' title='bbox 2116 2788 2376 2844; x_wconf 78' lang='lat' dir='ltr'><strong>rivulum</strong></span> <span class='ocrx_word' id='word_1_408' title='bbox 2421 2789 2683 2844; x_wconf 87' lang='lat' dir='ltr'><strong>derivavi</strong></span> <span class='ocrx_word' id='word_1_409' title='bbox 2734 2789 3042 2859; x_wconf 78' lang='lat' dir='ltr'><strong>exiguum,</strong></span> <span class='ocrx_word' id='word_1_410' title='bbox 3066 2788 3372 2861; x_wconf 61' lang='lat' dir='ltr'><strong>praecipua</strong></span> <span class='ocrx_word' id='word_1_411' title='bbox 3422 2792 3481 2844; x_wconf 88' lang='lat' dir='ltr'><strong>et</strong></span> <span class='ocrx_word' id='word_1_412' title='bbox 3524 2802 3666 2861; x_wconf 84' lang='lat' dir='ltr'><strong>pro-</strong></span> 
     </span>
    </p>
   </div>
   <div class='ocr_carea' id='block_1_61' title="bbox 2011 2877 3667 2950">
    <p class='ocr_par' dir='ltr' id='par_1_61' title="bbox 2011 2877 3667 2950">
     <span class='ocr_line' id='line_1_61' title="bbox 2011 2877 3667 2950; baseline 0.001 -19"><span class='ocrx_word' id='word_1_413' title='bbox 2011 2877 2143 2948; x_wconf 87' lang='lat' dir='ltr'><strong>pria</strong></span> <span class='ocrx_word' id='word_1_414' title='bbox 2170 2894 2381 2933; x_wconf 85' lang='lat' dir='ltr'><strong>eorum</strong></span> <span class='ocrx_word' id='word_1_415' title='bbox 2422 2877 2613 2933; x_wconf 85' lang='lat' dir='ltr'><strong>indidi</strong></span> <span class='ocrx_word' id='word_1_416' title='bbox 2660 2878 2840 2934; x_wconf 85' lang='lat' dir='ltr'><strong>dicta.</strong></span> <span class='ocrx_word' id='word_1_417' title='bbox 2872 2877 3170 2933; x_wconf 79' lang='lat' dir='ltr'><strong>Nonnulla</strong></span> <span class='ocrx_word' id='word_1_418' title='bbox 3225 2878 3453 2950; x_wconf 85' lang='lat' dir='ltr'><strong>quippe</strong></span> <span class='ocrx_word' id='word_1_419' title='bbox 3475 2892 3667 2933; x_wconf 82' lang='lat' dir='ltr'><strong>causa</strong></span> 
     </span>
    </p>
   </div>
   <div class='ocr_carea' id='block_1_62' title="bbox 240 2963 3667 3045">
    <p class='ocr_par' dir='ltr' id='par_1_62' title="bbox 240 2963 3667 3045">
     <span class='ocr_line' id='line_1_62' title="bbox 240 2963 3667 3045; baseline -0 -23"><span class='ocrx_word' id='word_1_420' title='bbox 240 2970 555 3039; x_wconf 79' lang='lat' dir='ltr'><strong>troporum</strong></span> <span class='ocrx_word' id='word_1_421' title='bbox 602 2966 815 3035; x_wconf 81' lang='lat' dir='ltr'><strong>ﬁguris</strong></span> <span class='ocrx_word' id='word_1_422' title='bbox 862 2969 1127 3028; x_wconf 66' lang='lat' dir='ltr'><strong>ornatus,</strong></span> <span class='ocrx_word' id='word_1_423' title='bbox 1159 2964 1295 3020; x_wconf 83' lang='lat' dir='ltr'><strong>licet</strong></span> <span class='ocrx_word' id='word_1_424' title='bbox 1341 2964 1569 3037; x_wconf 87' lang='lat' dir='ltr'><strong>aliquid</strong></span> <span class='ocrx_word' id='word_1_425' title='bbox 1598 2963 1904 3037; x_wconf 66' lang='lat' dir='ltr'><strong>praelibas-</strong></span> <span class='ocrx_word' id='word_1_426' title='bbox 1932 2991 1972 3045; x_wconf 70' lang='grc' dir='ltr'><strong>ρ</strong></span> <span class='ocrx_word' id='word_1_427' title='bbox 2009 2965 2333 3033; x_wconf 80' lang='lat' dir='ltr'><strong>brevitatis,</strong></span> <span class='ocrx_word' id='word_1_428' title='bbox 2369 2982 2616 3022; x_wconf 91' lang='lat' dir='ltr'><strong>sensum</strong></span> <span class='ocrx_word' id='word_1_429' title='bbox 2642 2983 2853 3023; x_wconf 89' lang='lat' dir='ltr'><strong>eorum</strong></span> <span class='ocrx_word' id='word_1_430' title='bbox 2902 2982 3180 3039; x_wconf 89' lang='lat' dir='ltr'><strong>sequens,</strong></span> <span class='ocrx_word' id='word_1_431' title='bbox 3206 2964 3467 3039; x_wconf 74' lang='lat' dir='ltr'><strong>propriis</strong></span> <span class='ocrx_word' id='word_1_432' title='bbox 3494 2964 3667 3021; x_wconf 69' lang='lat' dir='ltr'><strong>intuli</strong></span> 
     </span>
    </p>
   </div>
   <div class='ocr_carea' id='block_1_63' title="bbox 244 3052 1901 3117">
    <p class='ocr_par' dir='ltr' id='par_1_63' title="bbox 244 3052 1901 3117">
     <span class='ocr_line' id='line_1_63' title="bbox 244 3052 1901 3117; baseline -0.001 -7"><span class='ocrx_word' id='word_1_433' title='bbox 244 3071 390 3110; x_wconf 89' lang='lat' dir='ltr'><strong>sem.</strong></span> <span class='ocrx_word' id='word_1_434' title='bbox 415 3058 551 3111; x_wconf 79' lang='lat' dir='ltr'><strong>Non</strong></span> <span class='ocrx_word' id='word_1_435' title='bbox 578 3055 760 3109; x_wconf 81' lang='lat' dir='ltr'><strong>etiam</strong></span> <span class='ocrx_word' id='word_1_436' title='bbox 780 3052 925 3110; x_wconf 79' lang='lat' dir='ltr'><strong>ﬂore</strong></span> <span class='ocrx_word' id='word_1_437' title='bbox 947 3053 1159 3109; x_wconf 80' lang='lat' dir='ltr'><strong>veteris</strong></span> <span class='ocrx_word' id='word_1_438' title='bbox 1188 3053 1425 3109; x_wconf 73' lang='lat' dir='ltr'><strong>scenbiie</strong></span> <span class='ocrx_word' id='word_1_439' title='bbox 1452 3053 1656 3117; x_wconf 74' lang='lat' dir='ltr'><strong>fultus,</strong></span> <span class='ocrx_word' id='word_1_440' title='bbox 1682 3053 1783 3108; x_wconf 89' lang='lat' dir='ltr'><strong>sed</strong></span> <span class='ocrx_word' id='word_1_441' title='bbox 1814 3053 1901 3108; x_wconf 47' lang='lat' dir='ltr'><strong>in-</strong></span> 
     </span>
    </p>
   </div>
   <div class='ocr_carea' id='block_1_64' title="bbox 240 3142 1904 3215">
    <p class='ocr_par' dir='ltr' id='par_1_64' title="bbox 240 3142 1904 3215">
     <span class='ocr_line' id='line_1_64' title="bbox 240 3142 1904 3215; baseline 0 -16"><span class='ocrx_word' id='word_1_442' title='bbox 240 3143 455 3199; x_wconf 82' lang='lat' dir='ltr'><strong>doctus</strong></span> <span class='ocrx_word' id='word_1_443' title='bbox 509 3142 774 3215; x_wconf 81' lang='lat' dir='ltr'><strong>eloquio,</strong></span> <span class='ocrx_word' id='word_1_444' title='bbox 808 3159 1014 3199; x_wconf 83' lang='lat' dir='ltr'><strong>exsors</strong></span> <span class='ocrx_word' id='word_1_445' title='bbox 1063 3142 1275 3215; x_wconf 84' lang='lat' dir='ltr'><strong>elogio.</strong></span> <span class='ocrx_word' id='word_1_446' title='bbox 1311 3142 1507 3207; x_wconf 82' lang='lat' dir='ltr'><strong>Aliud,</strong></span> <span class='ocrx_word' id='word_1_447' title='bbox 1540 3142 1709 3214; x_wconf 90' lang='lat' dir='ltr'><strong>quod</strong></span> <span class='ocrx_word' id='word_1_448' title='bbox 1737 3147 1904 3199; x_wconf 84' lang='lat' dir='ltr'><strong>tanta</strong></span> 
     </span>
    </p>
   </div>
   <div class='ocr_carea' id='block_1_65' title="bbox 241 3232 1903 3304">
    <p class='ocr_par' dir='ltr' id='par_1_65' title="bbox 241 3232 1903 3304">
     <span class='ocr_line' id='line_1_65' title="bbox 241 3232 1903 3304; baseline -0.001 -15"><span class='ocrx_word' id='word_1_449' title='bbox 241 3232 617 3290; x_wconf 70' lang='lat' dir='ltr'><strong>obscuritate</strong></span> <span class='ocrx_word' id='word_1_450' title='bbox 640 3232 1039 3296; x_wconf 81' lang='lat' dir='ltr'><strong>obnubilatur,</strong></span> <span class='ocrx_word' id='word_1_451' title='bbox 1063 3237 1131 3288; x_wconf 84' lang='lat' dir='ltr'><strong>ut</strong></span> <span class='ocrx_word' id='word_1_452' title='bbox 1151 3232 1297 3288; x_wconf 85' lang='lat' dir='ltr'><strong>mihi</strong></span> <span class='ocrx_word' id='word_1_453' title='bbox 1333 3232 1428 3287; x_wconf 71' lang='lat' dir='ltr'><strong>vix</strong></span> <span class='ocrx_word' id='word_1_454' title='bbox 1474 3232 1701 3304; x_wconf 90' lang='lat' dir='ltr'><strong>aliquid</strong></span> <span class='ocrx_word' id='word_1_455' title='bbox 1729 3232 1903 3287; x_wconf 88' lang='lat' dir='ltr'><strong>inter-</strong></span> 
     </span>
    </p>
   </div>
   <div class='ocr_carea' id='block_1_66' title="bbox 237 3320 1902 3394">
    <p class='ocr_par' dir='ltr' id='par_1_66' title="bbox 237 3320 1902 3394">
     <span class='ocr_line' id='line_1_66' title="bbox 237 3320 1902 3394; baseline -0.003 -15"><span class='ocrx_word' id='word_1_456' title='bbox 237 3322 443 3379; x_wconf 87' lang='lat' dir='ltr'><strong>lucere</strong></span> <span class='ocrx_word' id='word_1_457' title='bbox 494 3320 796 3376; x_wconf 81' lang='lat' dir='ltr'><strong>videatur.</strong></span> <span class='ocrx_word' id='word_1_458' title='bbox 823 3322 981 3377; x_wconf 86' lang='lat' dir='ltr'><strong>Unde</strong></span> <span class='ocrx_word' id='word_1_459' title='bbox 1017 3322 1199 3378; x_wconf 80' lang='lat' dir='ltr'><strong>miror</strong></span> <span class='ocrx_word' id='word_1_460' title='bbox 1225 3337 1413 3394; x_wconf 87' lang='lat' dir='ltr'><strong>quare</strong></span> <span class='ocrx_word' id='word_1_461' title='bbox 1434 3326 1637 3377; x_wconf 77' lang='lat' dir='ltr'><strong>tantus</strong></span> <span class='ocrx_word' id='word_1_462' title='bbox 1664 3320 1750 3375; x_wconf 90' lang='lat' dir='ltr'><strong>vir</strong></span> <span class='ocrx_word' id='word_1_463' title='bbox 1780 3335 1902 3375; x_wconf 91' lang='lat' dir='ltr'><strong>non</strong></span> 
     </span>
    </p>
   </div>
   <div class='ocr_carea' id='block_1_67' title="bbox 235 3408 1901 3483">
    <p class='ocr_par' dir='ltr' id='par_1_67' title="bbox 235 3408 1901 3483">
     <span class='ocr_line' id='line_1_67' title="bbox 235 3408 1901 3483; baseline -0.002 -15"><span class='ocrx_word' id='word_1_464' title='bbox 235 3412 450 3468; x_wconf 84' lang='lat' dir='ltr'><strong>solum</strong></span> <span class='ocrx_word' id='word_1_465' title='bbox 504 3409 861 3481; x_wconf 83' lang='lat' dir='ltr'><strong>sapientiam</strong></span> <span class='ocrx_word' id='word_1_466' title='bbox 910 3410 1120 3467; x_wconf 80' lang='lat' dir='ltr'><strong>artium</strong></span> <span class='ocrx_word' id='word_1_467' title='bbox 1151 3412 1408 3483; x_wconf 84' lang='lat' dir='ltr'><strong>ineptus,</strong></span> <span class='ocrx_word' id='word_1_468' title='bbox 1462 3425 1672 3465; x_wconf 85' lang='lat' dir='ltr'><strong>verum</strong></span> <span class='ocrx_word' id='word_1_469' title='bbox 1723 3408 1901 3465; x_wconf 86' lang='lat' dir='ltr'><strong>etiam</strong></span> 
     </span>
    </p>
   </div>
   <div class='ocr_carea' id='block_1_68' title="bbox 238 3498 1903 3570">
    <p class='ocr_par' dir='ltr' id='par_1_68' title="bbox 238 3498 1903 3570">
     <span class='ocr_line' id='line_1_68' title="bbox 238 3498 1903 3570; baseline -0.002 -13"><span class='ocrx_word' id='word_1_470' title='bbox 238 3515 563 3557; x_wconf 83' lang='lat' dir='ltr'><strong>sacrarum</strong></span> <span class='ocrx_word' id='word_1_471' title='bbox 599 3498 1033 3570; x_wconf 81' lang='lat' dir='ltr'><strong>Seripturarum</strong></span> <span class='ocrx_word' id='word_1_472' title='bbox 1068 3499 1303 3555; x_wconf 83' lang='lat' dir='ltr'><strong>divitias</strong></span> <span class='ocrx_word' id='word_1_473' title='bbox 1335 3503 1565 3567; x_wconf 89' lang='lat' dir='ltr'><strong>nactus,</strong></span> <span class='ocrx_word' id='word_1_474' title='bbox 1599 3503 1668 3554; x_wconf 87' lang='lat' dir='ltr'><strong>ut</strong></span> <span class='ocrx_word' id='word_1_475' title='bbox 1694 3498 1903 3553; x_wconf 87' lang='lat' dir='ltr'><strong>merito</strong></span> 
     </span>
    </p>
   </div>
   <div class='ocr_carea' id='block_1_69' title="bbox 241 3586 1904 3660">
    <p class='ocr_par' dir='ltr' id='par_1_69' title="bbox 241 3586 1904 3660">
     <span class='ocr_line' id='line_1_69' title="bbox 241 3586 1904 3660; baseline -0.002 -17"><span class='ocrx_word' id='word_1_476' title='bbox 241 3588 388 3643; x_wconf 78' lang='lat' dir='ltr'><strong>illud</strong></span> <span class='ocrx_word' id='word_1_477' title='bbox 415 3586 873 3660; x_wconf 84' lang='lat' dir='ltr'><strong>epithalamium</strong></span> <span class='ocrx_word' id='word_1_478' title='bbox 922 3587 1241 3643; x_wconf 84' lang='lat' dir='ltr'><strong>decantare</strong></span> <span class='ocrx_word' id='word_1_479' title='bbox 1289 3586 1774 3655; x_wconf 73' lang='lat' dir='ltr'><strong>gratulabundus</strong></span> <span class='ocrx_word' id='word_1_480' title='bbox 1802 3601 1904 3641; x_wconf 88' lang='lat' dir='ltr'><strong>va-</strong></span> 
     </span>
    </p>
   </div>
   <div class='ocr_carea' id='block_1_70' title="bbox 244 3676 1904 3743">
    <p class='ocr_par' dir='ltr' id='par_1_70' title="bbox 244 3676 1904 3743">
     <span class='ocr_line' id='line_1_70' title="bbox 244 3676 1904 3743; baseline -0.001 -12"><span class='ocrx_word' id='word_1_481' title='bbox 244 3676 411 3733; x_wconf 80' lang='lat' dir='ltr'><strong>leas:</strong></span> <span class='ocrx_word' id='word_1_482' title='bbox 445 3677 803 3733; x_wconf 70' lang='lat' dir='ltr'><strong>Introduxit</strong></span> <span class='ocrx_word' id='word_1_483' title='bbox 845 3693 938 3733; x_wconf 85' lang='lat' dir='ltr'><strong>me</strong></span> <span class='ocrx_word' id='word_1_484' title='bbox 964 3693 1077 3734; x_wconf 70' lang='lat' dir='ltr'><strong>rex</strong></span> <span class='ocrx_word' id='word_1_485' title='bbox 1106 3679 1168 3733; x_wconf 78' lang='lat' dir='ltr'><strong>in</strong></span> <span class='ocrx_word' id='word_1_486' title='bbox 1198 3678 1457 3734; x_wconf 73' lang='lat' dir='ltr'><strong>cellaria</strong></span> <span class='ocrx_word' id='word_1_487' title='bbox 1484 3692 1595 3732; x_wconf 74' lang='lat' dir='ltr'><strong>sua</strong></span> <span class='ocrx_word' id='word_1_488' title='bbox 1627 3676 1827 3743; x_wconf 82' lang='lat' dir='ltr'><strong>(Cant.</strong></span> <span class='ocrx_word' id='word_1_489' title='bbox 1862 3691 1904 3743; x_wconf 83' lang='lat'><strong>1,</strong></span> 
     </span>
    </p>
   </div>
   <div class='ocr_carea' id='block_1_71' title="bbox 253 3763 1907 3836">
    <p class='ocr_par' dir='ltr' id='par_1_71' title="bbox 253 3763 1907 3836">
     <span class='ocr_line' id='line_1_71' title="bbox 253 3763 1907 3836; baseline 0.001 -19"><span class='ocrx_word' id='word_1_490' title='bbox 253 3766 311 3832; x_wconf 60' lang='lat'><strong>5&#39;)</strong></span> <span class='ocrx_word' id='word_1_491' title='bbox 332 3767 392 3817; x_wconf 82' lang='lat' dir='ltr'><strong>et</strong></span> <span class='ocrx_word' id='word_1_492' title='bbox 406 3763 639 3836; x_wconf 80' lang='lat' dir='ltr'><strong>reliqua,</strong></span> <span class='ocrx_word' id='word_1_493' title='bbox 676 3765 824 3820; x_wconf 87' lang='lat' dir='ltr'><strong>mihi</strong></span> <span class='ocrx_word' id='word_1_494' title='bbox 852 3765 1081 3821; x_wconf 88' lang='lat' dir='ltr'><strong>viribus</strong></span> <span class='ocrx_word' id='word_1_495' title='bbox 1106 3766 1405 3829; x_wconf 86' lang='lat' dir='ltr'><strong>destituto,</strong></span> <span class='ocrx_word' id='word_1_496' title='bbox 1432 3765 1759 3821; x_wconf 88' lang='lat' dir='ltr'><strong>accerrima</strong></span> <span class='ocrx_word' id='word_1_497' title='bbox 1782 3765 1907 3835; x_wconf 88' lang='lat' dir='ltr'><strong>jus-</strong></span> 
     </span>
    </p>
   </div>
   <div class='ocr_carea' id='block_1_72' title="bbox 266 3851 1901 3927">
    <p class='ocr_par' dir='ltr' id='par_1_72' title="bbox 266 3851 1901 3927">
     <span class='ocr_line' id='line_1_72' title="bbox 266 3851 1901 3927; baseline 0.001 -21"><span class='ocrx_word' id='word_1_498' title='bbox 266 3851 433 3907; x_wconf 80' lang='lat' dir='ltr'><strong>sione</strong></span> <span class='ocrx_word' id='word_1_499' title='bbox 470 3853 683 3910; x_wconf 77' lang='lat' dir='ltr'><strong>molem</strong></span> <span class='ocrx_word' id='word_1_500' title='bbox 733 3854 880 3911; x_wconf 83' lang='lat' dir='ltr'><strong>tanti</strong></span> <span class='ocrx_word' id='word_1_501' title='bbox 911 3854 1203 3927; x_wconf 84' lang='lat' dir='ltr'><strong>ponderis</strong></span> <span class='ocrx_word' id='word_1_502' title='bbox 1244 3855 1553 3927; x_wconf 84' lang='lat' dir='ltr'><strong>imponere</strong></span> <span class='ocrx_word' id='word_1_503' title='bbox 1585 3853 1901 3909; x_wconf 85' lang='lat' dir='ltr'><strong>studueris.</strong></span> 
     </span>
    </p>
   </div>
   <div class='ocr_carea' id='block_1_73' title="bbox 332 3940 1905 4017">
    <p class='ocr_par' dir='ltr' id='par_1_73' title="bbox 332 3940 1905 4017">
     <span class='ocr_line' id='line_1_73' title="bbox 332 3940 1905 4017; baseline 0.002 -23"><span class='ocrx_word' id='word_1_504' title='bbox 332 3940 772 4013; x_wconf 83' lang='lat' dir='ltr'><strong>Verumtamen,</strong></span> <span class='ocrx_word' id='word_1_505' title='bbox 806 3948 872 3999; x_wconf 92' lang='lat' dir='ltr'><strong>ut</strong></span> <span class='ocrx_word' id='word_1_506' title='bbox 901 3944 1120 4000; x_wconf 75' lang='lat' dir='ltr'><strong>affatus</strong></span> <span class='ocrx_word' id='word_1_507' title='bbox 1147 3961 1304 4013; x_wconf 88' lang='lat' dir='ltr'><strong>sum,</strong></span> <span class='ocrx_word' id='word_1_508' title='bbox 1331 3942 1713 4017; x_wconf 84' lang='lat' dir='ltr'><strong>perdendens</strong></span> <span class='ocrx_word' id='word_1_509' title='bbox 1738 3942 1905 4014; x_wconf 78' lang='lat' dir='ltr'><strong>quod</strong></span> 
     </span>
    </p>
   </div>
   <div class='ocr_carea' id='block_1_74' title="bbox 250 4028 1904 4105">
    <p class='ocr_par' dir='ltr' id='par_1_74' title="bbox 250 4028 1904 4105">
     <span class='ocr_line' id='line_1_74' title="bbox 250 4028 1904 4105; baseline 0 -19"><span class='ocrx_word' id='word_1_510' title='bbox 250 4028 363 4086; x_wconf 80' lang='lat' dir='ltr'><strong>tuis</strong></span> <span class='ocrx_word' id='word_1_511' title='bbox 406 4045 511 4086; x_wconf 76' lang='lat' dir='ltr'><strong>me</strong></span> <span class='ocrx_word' id='word_1_512' title='bbox 551 4032 970 4089; x_wconf 83' lang='lat' dir='ltr'><strong>obsecundare</strong></span> <span class='ocrx_word' id='word_1_513' title='bbox 1022 4032 1336 4105; x_wconf 85' lang='lat' dir='ltr'><strong>oportebat</strong></span> <span class='ocrx_word' id='word_1_514' title='bbox 1359 4031 1645 4105; x_wconf 87' lang='lat' dir='ltr'><strong>imperiis,</strong></span> <span class='ocrx_word' id='word_1_515' title='bbox 1672 4046 1904 4087; x_wconf 80' lang='lat' dir='ltr'><strong>memo-</strong></span> 
     </span>
    </p>
   </div>
   <div class='ocr_carea' id='block_1_75' title="bbox 246 4119 1905 4195">
    <p class='ocr_par' dir='ltr' id='par_1_75' title="bbox 246 4119 1905 4195">
     <span class='ocr_line' id='line_1_75' title="bbox 246 4119 1905 4195; baseline 0.001 -20"><span class='ocrx_word' id='word_1_516' title='bbox 246 4135 393 4175; x_wconf 76' lang='lat' dir='ltr'><strong>rans</strong></span> <span class='ocrx_word' id='word_1_517' title='bbox 435 4119 600 4176; x_wconf 78' lang='lat' dir='ltr'><strong>illius</strong></span> <span class='ocrx_word' id='word_1_518' title='bbox 648 4122 936 4178; x_wconf 75' lang='lat' dir='ltr'><strong>Bominici</strong></span> <span class='ocrx_word' id='word_1_519' title='bbox 983 4122 1287 4195; x_wconf 61' lang='lat' dir='ltr'><strong>praecepti,</strong></span> <span class='ocrx_word' id='word_1_520' title='bbox 1319 4138 1444 4195; x_wconf 90' lang='lat' dir='ltr'><strong>quo</strong></span> <span class='ocrx_word' id='word_1_521' title='bbox 1496 4121 1616 4178; x_wconf 87' lang='lat' dir='ltr'><strong>ait:</strong></span> <span class='ocrx_word' id='word_1_522' title='bbox 1649 4121 1764 4188; x_wconf 82' lang='lat' dir='ltr'><strong>Qui</strong></span> <span class='ocrx_word' id='word_1_523' title='bbox 1805 4136 1905 4176; x_wconf 82' lang='lat' dir='ltr'><strong>vos</strong></span> 
     </span>
    </p>
   </div>
   <div class='ocr_carea' id='block_1_76' title="bbox 244 4210 1907 4283">
    <p class='ocr_par' dir='ltr' id='par_1_76' title="bbox 244 4210 1907 4283">
     <span class='ocr_line' id='line_1_76' title="bbox 244 4210 1907 4283; baseline 0 -18"><span class='ocrx_word' id='word_1_524' title='bbox 244 4210 438 4276; x_wconf 69' lang='lat' dir='ltr'><strong>audit,</strong></span> <span class='ocrx_word' id='word_1_525' title='bbox 486 4225 579 4265; x_wconf 87' lang='lat' dir='ltr'><strong>me</strong></span> <span class='ocrx_word' id='word_1_526' title='bbox 619 4212 809 4276; x_wconf 78' lang='lat' dir='ltr'><strong>audit,</strong></span> <span class='ocrx_word' id='word_1_527' title='bbox 851 4216 963 4281; x_wconf 89' lang='lat' dir='ltr'><strong>etc,</strong></span> <span class='ocrx_word' id='word_1_528' title='bbox 1014 4212 1176 4281; x_wconf 75' lang='lat' dir='ltr'><strong>(Luc.</strong></span> <span class='ocrx_word' id='word_1_529' title='bbox 1213 4229 1273 4279; x_wconf 67' lang='grc' dir='ltr'><strong>Χ,</strong></span> <span class='ocrx_word' id='word_1_530' title='bbox 1330 4213 1436 4283; x_wconf 87' lang='lat'><strong>16),</strong></span> <span class='ocrx_word' id='word_1_531' title='bbox 1482 4212 1583 4267; x_wconf 86' lang='lat' dir='ltr'><strong>diu</strong></span> <span class='ocrx_word' id='word_1_532' title='bbox 1625 4210 1907 4266; x_wconf 81' lang='lat' dir='ltr'><strong>multum-</strong></span> 
     </span>
    </p>
   </div>
   <div class='ocr_carea' id='block_1_77' title="bbox 241 4297 1979 4396">
    <p class='ocr_par' dir='ltr' id='par_1_77' title="bbox 241 4297 1979 4396">
     <span class='ocr_line' id='line_1_77' title="bbox 241 4297 1979 4396; baseline 0.001 -44"><span class='ocrx_word' id='word_1_533' title='bbox 241 4314 367 4371; x_wconf 86' lang='lat' dir='ltr'><strong>que</strong></span> <span class='ocrx_word' id='word_1_534' title='bbox 413 4297 721 4371; x_wconf 85' lang='lat' dir='ltr'><strong>dubitans,</strong></span> <span class='ocrx_word' id='word_1_535' title='bbox 758 4300 985 4357; x_wconf 85' lang='lat' dir='ltr'><strong>virium</strong></span> <span class='ocrx_word' id='word_1_536' title='bbox 1030 4317 1305 4358; x_wconf 88' lang='lat' dir='ltr'><strong>mearum</strong></span> <span class='ocrx_word' id='word_1_537' title='bbox 1360 4300 1905 4373; x_wconf 84' lang='lat' dir='ltr'><strong>impossibilitatem</strong></span> <span class='ocrx_word' id='word_1_538' title='bbox 1933 4342 1979 4396; x_wconf 60' lang='grc' dir='ltr'><strong>ι)</strong></span> 
     </span>
    </p>
   </div>
   <div class='ocr_carea' id='block_1_78' title="bbox 241 4387 1905 4460">
    <p class='ocr_par' dir='ltr' id='par_1_78' title="bbox 241 4387 1905 4460">
     <span class='ocr_line' id='line_1_78' title="bbox 241 4387 1905 4460; baseline -0.001 -15"><span class='ocrx_word' id='word_1_539' title='bbox 241 4389 428 4445; x_wconf 70' lang='lat' dir='ltr'><strong>anxio</strong></span> <span class='ocrx_word' id='word_1_540' title='bbox 482 4387 687 4445; x_wconf 84' lang='lat' dir='ltr'><strong>animo</strong></span> <span class='ocrx_word' id='word_1_541' title='bbox 750 4391 1067 4460; x_wconf 82' lang='lat' dir='ltr'><strong>trutinans,</strong></span> <span class='ocrx_word' id='word_1_542' title='bbox 1122 4390 1283 4446; x_wconf 91' lang='lat' dir='ltr'><strong>velut</strong></span> <span class='ocrx_word' id='word_1_543' title='bbox 1338 4396 1521 4446; x_wconf 82' lang='lat' dir='ltr'><strong>nauta</strong></span> <span class='ocrx_word' id='word_1_544' title='bbox 1576 4389 1905 4459; x_wconf 85' lang='lat' dir='ltr'><strong>naufragus</strong></span> 
     </span>
    </p>
   </div>
   <div class='ocr_carea' id='block_1_79' title="bbox 241 4475 1907 4551">
    <p class='ocr_par' dir='ltr' id='par_1_79' title="bbox 241 4475 1907 4551">
     <span class='ocr_line' id='line_1_79' title="bbox 241 4475 1907 4551; baseline 0.001 -19"><span class='ocrx_word' id='word_1_545' title='bbox 241 4475 543 4533; x_wconf 71' lang='grc' dir='ltr'><strong>ῧικωιιω</strong></span> <span class='ocrx_word' id='word_1_546' title='bbox 571 4479 848 4551; x_wconf 87' lang='lat' dir='ltr'><strong>procellis</strong></span> <span class='ocrx_word' id='word_1_547' title='bbox 894 4480 1168 4537; x_wconf 83' lang='lat' dir='ltr'><strong>turbatus</strong></span> <span class='ocrx_word' id='word_1_548' title='bbox 1220 4479 1463 4536; x_wconf 81' lang='lat' dir='ltr'><strong>tandem</strong></span> <span class='ocrx_word' id='word_1_549' title='bbox 1494 4484 1737 4551; x_wconf 84' lang='lat' dir='ltr'><strong>portum</strong></span> <span class='ocrx_word' id='word_1_550' title='bbox 1779 4494 1907 4535; x_wconf 87' lang='lat' dir='ltr'><strong>ora-</strong></span> 
     </span>
    </p>
   </div>
   <div class='ocr_carea' id='block_1_80' title="bbox 242 4565 1904 4642">
    <p class='ocr_par' dir='ltr' id='par_1_80' title="bbox 242 4565 1904 4642">
     <span class='ocr_line' id='line_1_80' title="bbox 242 4565 1904 4642; baseline 0.002 -21"><span class='ocrx_word' id='word_1_551' title='bbox 242 4565 429 4621; x_wconf 78' lang='lat' dir='ltr'><strong>tionis</strong></span> <span class='ocrx_word' id='word_1_552' title='bbox 478 4581 731 4639; x_wconf 78' lang='lat' dir='ltr'><strong>pavens,</strong></span> <span class='ocrx_word' id='word_1_553' title='bbox 791 4569 999 4633; x_wconf 84' lang='lat' dir='ltr'><strong>fateor,</strong></span> <span class='ocrx_word' id='word_1_554' title='bbox 1055 4569 1233 4642; x_wconf 90' lang='lat' dir='ltr'><strong>petii;</strong></span> <span class='ocrx_word' id='word_1_555' title='bbox 1289 4573 1354 4624; x_wconf 90' lang='lat' dir='ltr'><strong>ut</strong></span> <span class='ocrx_word' id='word_1_556' title='bbox 1396 4568 1643 4638; x_wconf 84' lang='lat' dir='ltr'><strong>largitor</strong></span> <span class='ocrx_word' id='word_1_557' title='bbox 1682 4584 1904 4635; x_wconf 89' lang='lat' dir='ltr'><strong>rerum,</strong></span> 
     </span>
    </p>
   </div>
   <div class='ocr_carea' id='block_1_81' title="bbox 244 4655 1905 4728">
    <p class='ocr_par' dir='ltr' id='par_1_81' title="bbox 244 4655 1905 4728">
     <span class='ocr_line' id='line_1_81' title="bbox 244 4655 1905 4728; baseline 0.001 -18"><span class='ocrx_word' id='word_1_558' title='bbox 244 4655 426 4711; x_wconf 84' lang='lat' dir='ltr'><strong>unica</strong></span> <span class='ocrx_word' id='word_1_559' title='bbox 465 4671 628 4728; x_wconf 82' lang='lat' dir='ltr'><strong>spes,</strong></span> <span class='ocrx_word' id='word_1_560' title='bbox 659 4656 822 4712; x_wconf 87' lang='lat' dir='ltr'><strong>orbis</strong></span> <span class='ocrx_word' id='word_1_561' title='bbox 872 4659 1180 4724; x_wconf 80' lang='lat' dir='ltr'><strong>Dominus,</strong></span> <span class='ocrx_word' id='word_1_562' title='bbox 1211 4658 1389 4728; x_wconf 86' lang='lat' dir='ltr'><strong>vires,</strong></span> <span class='ocrx_word' id='word_1_563' title='bbox 1446 4657 1582 4713; x_wconf 91' lang='lat' dir='ltr'><strong>licet</strong></span> <span class='ocrx_word' id='word_1_564' title='bbox 1633 4656 1905 4727; x_wconf 80' lang='lat' dir='ltr'><strong>indigno,</strong></span> 
     </span>
    </p>
   </div>
   <div class='ocr_carea' id='block_1_82' title="bbox 246 4744 1906 4818">
    <p class='ocr_par' dir='ltr' id='par_1_82' title="bbox 246 4744 1906 4818">
     <span class='ocr_line' id='line_1_82' title="bbox 246 4744 1906 4818; baseline 0.001 -19"><span class='ocrx_word' id='word_1_565' title='bbox 246 4744 556 4810; x_wconf 70' lang='lat' dir='ltr'><strong>tribueret,</strong></span> <span class='ocrx_word' id='word_1_566' title='bbox 601 4749 903 4818; x_wconf 81' lang='lat' dir='ltr'><strong>quatenus</strong></span> <span class='ocrx_word' id='word_1_567' title='bbox 949 4747 1063 4803; x_wconf 89' lang='lat' dir='ltr'><strong>hoc</strong></span> <span class='ocrx_word' id='word_1_568' title='bbox 1105 4751 1267 4803; x_wconf 88' lang='lat' dir='ltr'><strong>recto</strong></span> <span class='ocrx_word' id='word_1_569' title='bbox 1315 4748 1419 4818; x_wconf 78' lang='lat' dir='ltr'><strong>[Z.,</strong></span> <span class='ocrx_word' id='word_1_570' title='bbox 1448 4747 1599 4817; x_wconf 90' lang='lat' dir='ltr'><strong>rato]</strong></span> <span class='ocrx_word' id='word_1_571' title='bbox 1653 4746 1906 4814; x_wconf 85' lang='lat' dir='ltr'><strong>tramite,</strong></span> 
     </span>
    </p>
   </div>
   <div class='ocr_carea' id='block_1_83' title="bbox 248 4834 1909 4911">
    <p class='ocr_par' dir='ltr' id='par_1_83' title="bbox 248 4834 1909 4911">
     <span class='ocr_line' id='line_1_83' title="bbox 248 4834 1909 4911; baseline 0 -21"><span class='ocrx_word' id='word_1_572' title='bbox 248 4834 369 4890; x_wconf 86' lang='lat' dir='ltr'><strong>imo</strong></span> <span class='ocrx_word' id='word_1_573' title='bbox 410 4836 771 4891; x_wconf 86' lang='lat' dir='ltr'><strong>intemerata</strong></span> <span class='ocrx_word' id='word_1_574' title='bbox 818 4836 935 4893; x_wconf 84' lang='lat' dir='ltr'><strong>ﬁde</strong></span> <span class='ocrx_word' id='word_1_575' title='bbox 981 4837 1218 4911; x_wconf 83' lang='lat' dir='ltr'><strong>explere</strong></span> <span class='ocrx_word' id='word_1_576' title='bbox 1260 4837 1616 4909; x_wconf 88' lang='lat' dir='ltr'><strong>potuissem.</strong></span> <span class='ocrx_word' id='word_1_577' title='bbox 1647 4836 1909 4909; x_wconf 85' lang='lat' dir='ltr'><strong>Denique</strong></span> 
     </span>
    </p>
   </div>
   <div class='ocr_carea' id='block_1_84' title="bbox 242 4922 1911 4999">
    <p class='ocr_par' dir='ltr' id='par_1_84' title="bbox 242 4922 1911 4999">
     <span class='ocr_line' id='line_1_84' title="bbox 242 4922 1911 4999; baseline 0.002 -22"><span class='ocrx_word' id='word_1_578' title='bbox 242 4922 383 4994; x_wconf 86' lang='lat' dir='ltr'><strong>ipso</strong></span> <span class='ocrx_word' id='word_1_579' title='bbox 431 4925 790 4996; x_wconf 76' lang='lat' dir='ltr'><strong>inspirante,</strong></span> <span class='ocrx_word' id='word_1_580' title='bbox 821 4927 1102 4999; x_wconf 84' lang='lat' dir='ltr'><strong>quamvis</strong></span> <span class='ocrx_word' id='word_1_581' title='bbox 1154 4925 1665 4999; x_wconf 78' lang='lat' dir='ltr'><strong>pavido-conatu,</strong></span> <span class='ocrx_word' id='word_1_582' title='bbox 1710 4930 1911 4982; x_wconf 89' lang='lat' dir='ltr'><strong>tamen</strong></span> 
     </span>
    </p>
   </div>
   <div class='ocr_carea' id='block_1_85' title="bbox 240 5014 1912 5089">
    <p class='ocr_par' dir='ltr' id='par_1_85' title="bbox 240 5014 1912 5089">
     <span class='ocr_line' id='line_1_85' title="bbox 240 5014 1912 5089; baseline 0.001 -21"><span class='ocrx_word' id='word_1_583' title='bbox 240 5017 372 5068; x_wconf 71' lang='lat' dir='ltr'><strong>tuis</strong></span> <span class='ocrx_word' id='word_1_584' title='bbox 418 5014 722 5084; x_wconf 85' lang='lat' dir='ltr'><strong>jussionib</strong></span> <span class='ocrx_word' id='word_1_585' title='bbox 735 5032 798 5071; x_wconf 74' lang='lat' dir='ltr'><strong>LlS</strong></span> <span class='ocrx_word' id='word_1_586' title='bbox 845 5033 1055 5089; x_wconf 88' lang='lat' dir='ltr'><strong>parere</strong></span> <span class='ocrx_word' id='word_1_587' title='bbox 1111 5016 1344 5074; x_wconf 85' lang='lat' dir='ltr'><strong>studui:</strong></span> <span class='ocrx_word' id='word_1_588' title='bbox 1395 5031 1465 5072; x_wconf 87' lang='lat' dir='ltr'><strong>ac</strong></span> <span class='ocrx_word' id='word_1_589' title='bbox 1520 5031 1624 5070; x_wconf 83' lang='lat' dir='ltr'><strong>sex</strong></span> <span class='ocrx_word' id='word_1_590' title='bbox 1677 5014 1912 5071; x_wconf 90' lang='lat' dir='ltr'><strong>dierum</strong></span> 
     </span>
    </p>
   </div>
   <div class='ocr_carea' id='block_1_86' title="bbox 238 5103 1911 5178">
    <p class='ocr_par' dir='ltr' id='par_1_86' title="bbox 238 5103 1911 5178">
     <span class='ocr_line' id='line_1_86' title="bbox 238 5103 1911 5178; baseline 0.001 -21"><span class='ocrx_word' id='word_1_591' title='bbox 238 5116 442 5174; x_wconf 82' lang='lat' dir='ltr'><strong>opera</strong></span> <span class='ocrx_word' id='word_1_592' title='bbox 467 5104 638 5173; x_wconf 81' lang='lat' dir='ltr'><strong>juxta</strong></span> <span class='ocrx_word' id='word_1_593' title='bbox 662 5104 996 5172; x_wconf 89' lang='lat' dir='ltr'><strong>historiam,</strong></span> <span class='ocrx_word' id='word_1_594' title='bbox 1028 5105 1163 5161; x_wconf 89' lang='lat' dir='ltr'><strong>licet</strong></span> <span class='ocrx_word' id='word_1_595' title='bbox 1191 5106 1420 5178; x_wconf 84' lang='lat' dir='ltr'><strong>tropica</strong></span> <span class='ocrx_word' id='word_1_596' title='bbox 1460 5103 1744 5178; x_wconf 88' lang='lat' dir='ltr'><strong>permista</strong></span> <span class='ocrx_word' id='word_1_597' title='bbox 1775 5104 1911 5175; x_wconf 88' lang='lat' dir='ltr'><strong>sint,</strong></span> 
     </span>
    </p>
   </div>
   <div class='ocr_carea' id='block_1_87' title="bbox 234 5194 1913 5267">
    <p class='ocr_par' dir='ltr' id='par_1_87' title="bbox 234 5194 1913 5267">
     <span class='ocr_line' id='line_1_87' title="bbox 234 5194 1913 5267; baseline 0.001 -19"><span class='ocrx_word' id='word_1_598' title='bbox 234 5208 449 5266; x_wconf 83' lang='lat' dir='ltr'><strong>pauca</strong></span> <span class='ocrx_word' id='word_1_599' title='bbox 469 5200 651 5267; x_wconf 86' lang='lat' dir='ltr'><strong>prout</strong></span> <span class='ocrx_word' id='word_1_600' title='bbox 678 5195 828 5251; x_wconf 86' lang='lat' dir='ltr'><strong>mihi</strong></span> <span class='ocrx_word' id='word_1_601' title='bbox 857 5195 1075 5252; x_wconf 86' lang='lat' dir='ltr'><strong>tradita</strong></span> <span class='ocrx_word' id='word_1_602' title='bbox 1101 5194 1358 5263; x_wconf 89' lang='lat' dir='ltr'><strong>fuerant,</strong></span> <span class='ocrx_word' id='word_1_603' title='bbox 1390 5194 1661 5267; x_wconf 89' lang='lat' dir='ltr'><strong>impolito</strong></span> <span class='ocrx_word' id='word_1_604' title='bbox 1692 5210 1913 5251; x_wconf 88' lang='lat' dir='ltr'><strong>sermo-</strong></span> 
     </span>
    </p>
   </div>
   <div class='ocr_carea' id='block_1_88' title="bbox 235 5283 1916 5358">
    <p class='ocr_par' dir='ltr' id='par_1_88' title="bbox 235 5283 1916 5358">
     <span class='ocr_line' id='line_1_88' title="bbox 235 5283 1916 5358; baseline 0.001 -19"><span class='ocrx_word' id='word_1_605' title='bbox 235 5298 319 5339; x_wconf 79' lang='lat' dir='ltr'><strong>ne</strong></span> <span class='ocrx_word' id='word_1_606' title='bbox 338 5283 682 5341; x_wconf 84' lang='lat' dir='ltr'><strong>enucleavi.</strong></span> <span class='ocrx_word' id='word_1_607' title='bbox 714 5286 984 5358; x_wconf 88' lang='lat' dir='ltr'><strong>Cumque</strong></span> <span class='ocrx_word' id='word_1_608' title='bbox 1009 5286 1139 5358; x_wconf 88' lang='lat' dir='ltr'><strong>jam</strong></span> <span class='ocrx_word' id='word_1_609' title='bbox 1190 5285 1376 5342; x_wconf 86' lang='lat' dir='ltr'><strong>ﬁnem</strong></span> <span class='ocrx_word' id='word_1_610' title='bbox 1414 5284 1674 5357; x_wconf 87' lang='lat' dir='ltr'><strong>deﬁgere</strong></span> <span class='ocrx_word' id='word_1_611' title='bbox 1703 5284 1916 5341; x_wconf 91' lang='lat' dir='ltr'><strong>ultima</strong></span> 
     </span>
    </p>
   </div>
   <div class='ocr_carea' id='block_1_89' title="bbox 235 5372 1916 5450">
    <p class='ocr_par' dir='ltr' id='par_1_89' title="bbox 235 5372 1916 5450">
     <span class='ocr_line' id='line_1_89' title="bbox 235 5372 1916 5450; baseline 0.002 -22"><span class='ocrx_word' id='word_1_612' title='bbox 235 5372 493 5430; x_wconf 83' lang='lat' dir='ltr'><strong>dictano</strong></span> <span class='ocrx_word' id='word_1_613' title='bbox 545 5373 936 5444; x_wconf 80' lang='lat' dir='ltr'><strong>decreverim,</strong></span> <span class='ocrx_word' id='word_1_614' title='bbox 955 5380 1013 5432; x_wconf 84' lang='lat' dir='ltr'><strong>et</strong></span> <span class='ocrx_word' id='word_1_615' title='bbox 1034 5391 1217 5450; x_wconf 90' lang='lat' dir='ltr'><strong>super</strong></span> <span class='ocrx_word' id='word_1_616' title='bbox 1244 5376 1360 5433; x_wconf 89' lang='lat' dir='ltr'><strong>hac</strong></span> <span class='ocrx_word' id='word_1_617' title='bbox 1386 5391 1450 5431; x_wconf 89' lang='lat' dir='ltr'><strong>re</strong></span> <span class='ocrx_word' id='word_1_618' title='bbox 1492 5375 1734 5432; x_wconf 86' lang='lat' dir='ltr'><strong>reticere</strong></span> <span class='ocrx_word' id='word_1_619' title='bbox 1759 5375 1916 5431; x_wconf 89' lang='lat' dir='ltr'><strong>ultra</strong></span> 
     </span>
    </p>
   </div>
   <div class='ocr_carea' id='block_1_90' title="bbox 236 5462 1914 5550">
    <p class='ocr_par' dir='ltr' id='par_1_90' title="bbox 236 5462 1914 5550">
     <span class='ocr_line' id='line_1_90' title="bbox 236 5462 1914 5550; baseline 0.001 -32"><span class='ocrx_word' id='word_1_620' title='bbox 236 5462 489 5535; x_wconf 79' lang='lat' dir='ltr'><strong>penitus</strong></span> <span class='ocrx_word' id='word_1_621' title='bbox 546 5462 1004 5537; x_wconf 87' lang='lat' dir='ltr'><strong>disposuissem,</strong></span> <span class='ocrx_word' id='word_1_622' title='bbox 1046 5469 1289 5538; x_wconf 87' lang='lat' dir='ltr'><strong>repente</strong></span> <span class='ocrx_word' id='word_1_623' title='bbox 1339 5463 1629 5535; x_wconf 83' lang='lat' dir='ltr'><strong>magister</strong></span> <span class='ocrx_word' id='word_1_624' title='bbox 1682 5463 1914 5550; x_wconf 86' lang='lat' dir='ltr'><strong>ingres-</strong></span> 
     </span>
    </p>
   </div>
   <div class='ocr_carea' id='block_1_91' title="bbox 2011 3053 3664 3128">
    <p class='ocr_par' dir='ltr' id='par_1_91' title="bbox 2011 3053 3664 3128">
     <span class='ocr_line' id='line_1_91' title="bbox 2011 3053 3664 3128; baseline 0 -19"><span class='ocrx_word' id='word_1_625' title='bbox 2011 3054 2250 3122; x_wconf 87' lang='lat' dir='ltr'><strong>verbis;</strong></span> <span class='ocrx_word' id='word_1_626' title='bbox 2284 3054 2487 3127; x_wconf 89' lang='lat' dir='ltr'><strong>aliqua</strong></span> <span class='ocrx_word' id='word_1_627' title='bbox 2516 3071 2657 3111; x_wconf 89' lang='lat' dir='ltr'><strong>vero</strong></span> <span class='ocrx_word' id='word_1_628' title='bbox 2684 3071 2819 3128; x_wconf 68' lang='lat' dir='ltr'><strong>qum</strong></span> <span class='ocrx_word' id='word_1_629' title='bbox 2841 3072 2915 3110; x_wconf 82' lang='lat' dir='ltr'><strong>ex</strong></span> <span class='ocrx_word' id='word_1_630' title='bbox 2944 3056 3260 3112; x_wconf 85' lang='lat' dir='ltr'><strong>traditione</strong></span> <span class='ocrx_word' id='word_1_631' title='bbox 3283 3054 3484 3124; x_wconf 84' lang='lat' dir='ltr'><strong>didici,</strong></span> <span class='ocrx_word' id='word_1_632' title='bbox 3517 3059 3579 3110; x_wconf 84' lang='lat' dir='ltr'><strong>et</strong></span> <span class='ocrx_word' id='word_1_633' title='bbox 3599 3053 3664 3109; x_wconf 87' lang='lat' dir='ltr'><strong>in</strong></span> 
     </span>
    </p>
   </div>
   <div class='ocr_carea' id='block_1_92' title="bbox 2012 3140 3668 3214">
    <p class='ocr_par' dir='ltr' id='par_1_92' title="bbox 2012 3140 3668 3214">
     <span class='ocr_line' id='line_1_92' title="bbox 2012 3140 3668 3214; baseline 0.001 -18"><span class='ocrx_word' id='word_1_634' title='bbox 2012 3142 2188 3197; x_wconf 90' lang='lat' dir='ltr'><strong>tomis</strong></span> <span class='ocrx_word' id='word_1_635' title='bbox 2219 3157 2406 3214; x_wconf 87' lang='lat' dir='ltr'><strong>penes</strong></span> <span class='ocrx_word' id='word_1_636' title='bbox 2434 3158 2547 3197; x_wconf 87' lang='lat' dir='ltr'><strong>nos</strong></span> <span class='ocrx_word' id='word_1_637' title='bbox 2576 3143 2839 3198; x_wconf 85' lang='lat' dir='ltr'><strong>invenire</strong></span> <span class='ocrx_word' id='word_1_638' title='bbox 2864 3157 2987 3197; x_wconf 88' lang='lat' dir='ltr'><strong>non</strong></span> <span class='ocrx_word' id='word_1_639' title='bbox 3034 3142 3222 3214; x_wconf 80' lang='lat' dir='ltr'><strong>potui,</strong></span> <span class='ocrx_word' id='word_1_640' title='bbox 3265 3140 3668 3211; x_wconf 73' lang='lat' dir='ltr'><strong>censtipuiata</strong></span> 
     </span>
    </p>
   </div>
   <div class='ocr_carea' id='block_1_93' title="bbox 2011 3228 3666 3302">
    <p class='ocr_par' dir='ltr' id='par_1_93' title="bbox 2011 3228 3666 3302">
     <span class='ocr_line' id='line_1_93' title="bbox 2011 3228 3666 3302; baseline 0.001 -17"><span class='ocrx_word' id='word_1_641' title='bbox 2011 3230 2300 3302; x_wconf 86' lang='lat' dir='ltr'><strong>exemplis</strong></span> <span class='ocrx_word' id='word_1_642' title='bbox 2331 3230 2683 3285; x_wconf 87' lang='lat' dir='ltr'><strong>subnectere</strong></span> <span class='ocrx_word' id='word_1_643' title='bbox 2723 3229 3105 3302; x_wconf 80' lang='lat' dir='ltr'><strong>praesumpsi,</strong></span> <span class='ocrx_word' id='word_1_644' title='bbox 3137 3234 3194 3285; x_wconf 81' lang='lat' dir='ltr'><strong>et</strong></span> <span class='ocrx_word' id='word_1_645' title='bbox 3225 3229 3288 3284; x_wconf 92' lang='lat' dir='ltr'><strong>in</strong></span> <span class='ocrx_word' id='word_1_646' title='bbox 3326 3228 3515 3284; x_wconf 37' lang='lat' dir='ltr'><strong>libelli;</strong></span> <span class='ocrx_word' id='word_1_647' title='bbox 3533 3245 3666 3286; x_wconf 92' lang='lat' dir='ltr'><strong>mo-</strong></span> 
     </span>
    </p>
   </div>
   <div class='ocr_carea' id='block_1_94' title="bbox 2011 3317 3667 3390">
    <p class='ocr_par' dir='ltr' id='par_1_94' title="bbox 2011 3317 3667 3390">
     <span class='ocr_line' id='line_1_94' title="bbox 2011 3317 3667 3390; baseline 0.001 -17"><span class='ocrx_word' id='word_1_648' title='bbox 2011 3318 2158 3373; x_wconf 90' lang='lat' dir='ltr'><strong>dum</strong></span> <span class='ocrx_word' id='word_1_649' title='bbox 2207 3318 2378 3374; x_wconf 82' lang='lat' dir='ltr'><strong>ﬁnire</strong></span> <span class='ocrx_word' id='word_1_650' title='bbox 2408 3317 2668 3387; x_wconf 86' lang='lat' dir='ltr'><strong>decrevi,</strong></span> <span class='ocrx_word' id='word_1_651' title='bbox 2703 3323 2767 3374; x_wconf 92' lang='lat' dir='ltr'><strong>ut</strong></span> <span class='ocrx_word' id='word_1_652' title='bbox 2790 3318 2895 3390; x_wconf 86' lang='lat' dir='ltr'><strong>qui</strong></span> <span class='ocrx_word' id='word_1_653' title='bbox 2927 3317 3177 3374; x_wconf 83' lang='lat' dir='ltr'><strong>diversis</strong></span> <span class='ocrx_word' id='word_1_654' title='bbox 3213 3333 3536 3373; x_wconf 87' lang='lat' dir='ltr'><strong>causarum</strong></span> <span class='ocrx_word' id='word_1_655' title='bbox 3574 3322 3667 3374; x_wconf 79' lang='lat' dir='ltr'><strong>tu-</strong></span> 
     </span>
    </p>
   </div>
   <div class='ocr_carea' id='block_1_95' title="bbox 2012 3405 3669 3479">
    <p class='ocr_par' dir='ltr' id='par_1_95' title="bbox 2012 3405 3669 3479">
     <span class='ocr_line' id='line_1_95' title="bbox 2012 3405 3669 3479; baseline 0 -16"><span class='ocrx_word' id='word_1_656' title='bbox 2012 3406 2306 3463; x_wconf 86' lang='lat' dir='ltr'><strong>multibus</strong></span> <span class='ocrx_word' id='word_1_657' title='bbox 2366 3410 2723 3479; x_wconf 82' lang='lat' dir='ltr'><strong>occupatus,</strong></span> <span class='ocrx_word' id='word_1_658' title='bbox 2780 3405 3104 3463; x_wconf 84' lang='lat' dir='ltr'><strong>latissimos</strong></span> <span class='ocrx_word' id='word_1_659' title='bbox 3170 3406 3489 3462; x_wconf 81' lang='lat' dir='ltr'><strong>doctorum</strong></span> <span class='ocrx_word' id='word_1_660' title='bbox 3542 3419 3669 3463; x_wconf 89' lang='lat' dir='ltr'><strong>non</strong></span> 
     </span>
    </p>
   </div>
   <div class='ocr_carea' id='block_1_96' title="bbox 2011 3495 3663 3570">
    <p class='ocr_par' dir='ltr' id='par_1_96' title="bbox 2011 3495 3663 3570">
     <span class='ocr_line' id='line_1_96' title="bbox 2011 3495 3663 3570; baseline -0.001 -16"><span class='ocrx_word' id='word_1_661' title='bbox 2011 3502 2189 3554; x_wconf 85' lang='lat' dir='ltr'><strong>vacat-</strong></span> <span class='ocrx_word' id='word_1_662' title='bbox 2214 3512 2558 3570; x_wconf 87' lang='lat' dir='ltr'><strong>percurrere</strong></span> <span class='ocrx_word' id='word_1_663' title='bbox 2589 3511 2859 3569; x_wconf 88' lang='lat' dir='ltr'><strong>campos,</strong></span> <span class='ocrx_word' id='word_1_664' title='bbox 2886 3497 3047 3552; x_wconf 84' lang='lat' dir='ltr'><strong>hunc</strong></span> <span class='ocrx_word' id='word_1_665' title='bbox 3086 3495 3423 3552; x_wconf 77' lang='lat' dir='ltr'><strong>admodum</strong></span> <span class='ocrx_word' id='word_1_666' title='bbox 3468 3495 3663 3553; x_wconf 65' lang='lat' dir='ltr'><strong>brevi-</strong></span> 
     </span>
    </p>
   </div>
   <div class='ocr_carea' id='block_1_97' title="bbox 2015 3583 3666 3657">
    <p class='ocr_par' dir='ltr' id='par_1_97' title="bbox 2015 3583 3666 3657">
     <span class='ocr_line' id='line_1_97' title="bbox 2015 3583 3666 3657; baseline -0.001 -15"><span class='ocrx_word' id='word_1_667' title='bbox 2015 3592 2130 3643; x_wconf 89' lang='lat' dir='ltr'><strong>tate</strong></span> <span class='ocrx_word' id='word_1_668' title='bbox 2185 3586 2498 3643; x_wconf 88' lang='lat' dir='ltr'><strong>collectum</strong></span> <span class='ocrx_word' id='word_1_669' title='bbox 2544 3586 2719 3642; x_wconf 87' lang='lat' dir='ltr'><strong>ocius</strong></span> <span class='ocrx_word' id='word_1_670' title='bbox 2756 3585 3009 3641; x_wconf 87' lang='lat' dir='ltr'><strong>lustrare</strong></span> <span class='ocrx_word' id='word_1_671' title='bbox 3038 3585 3333 3657; x_wconf 87' lang='lat' dir='ltr'><strong>quivisses</strong></span> <span class='ocrx_word' id='word_1_672' title='bbox 3373 3583 3666 3654; x_wconf 82' lang='lat' dir='ltr'><strong>libellum,</strong></span> 
     </span>
    </p>
   </div>
   <div class='ocr_carea' id='block_1_98' title="bbox 2012 3674 3667 3749">
    <p class='ocr_par' dir='ltr' id='par_1_98' title="bbox 2012 3674 3667 3749">
     <span class='ocr_line' id='line_1_98' title="bbox 2012 3674 3667 3749; baseline -0.001 -17"><span class='ocrx_word' id='word_1_673' title='bbox 2012 3692 2194 3749; x_wconf 88' lang='lat' dir='ltr'><strong>quem</strong></span> <span class='ocrx_word' id='word_1_674' title='bbox 2226 3681 2383 3749; x_wconf 83' lang='lat' dir='ltr'><strong>pete,</strong></span> <span class='ocrx_word' id='word_1_675' title='bbox 2411 3680 2479 3732; x_wconf 88' lang='lat' dir='ltr'><strong>ut</strong></span> <span class='ocrx_word' id='word_1_676' title='bbox 2520 3675 2722 3745; x_wconf 85' lang='lat' dir='ltr'><strong>sagaci</strong></span> <span class='ocrx_word' id='word_1_677' title='bbox 2770 3674 3219 3731; x_wconf 76' lang='lat' dir='ltr'><strong>examinatione</strong></span> <span class='ocrx_word' id='word_1_678' title='bbox 3238 3688 3577 3746; x_wconf 84' lang='lat' dir='ltr'><strong>percurras,</strong></span> <span class='ocrx_word' id='word_1_679' title='bbox 3608 3676 3667 3730; x_wconf 91' lang='lat' dir='ltr'><strong>et</strong></span> 
     </span>
    </p>
   </div>
   <div class='ocr_carea' id='block_1_99' title="bbox 2014 3761 3669 3837">
    <p class='ocr_par' dir='ltr' id='par_1_99' title="bbox 2014 3761 3669 3837">
     <span class='ocr_line' id='line_1_99' title="bbox 2014 3761 3669 3837; baseline -0.002 -16"><span class='ocrx_word' id='word_1_680' title='bbox 2014 3765 2131 3821; x_wconf 89' lang='lat' dir='ltr'><strong>tuis</strong></span> <span class='ocrx_word' id='word_1_681' title='bbox 2176 3764 2642 3837; x_wconf 87' lang='lat' dir='ltr'><strong>phaleramentis</strong></span> <span class='ocrx_word' id='word_1_682' title='bbox 2692 3762 2899 3819; x_wconf 71' lang='lat' dir='ltr'><strong>facetas</strong></span> <span class='ocrx_word' id='word_1_683' title='bbox 2955 3762 3309 3818; x_wconf 79' lang='lat' dir='ltr'><strong>urbanitatis</strong></span> <span class='ocrx_word' id='word_1_684' title='bbox 3383 3761 3669 3819; x_wconf 84' lang='lat' dir='ltr'><strong>decorare</strong></span> 
     </span>
    </p>
   </div>
   <div class='ocr_carea' id='block_1_100' title="bbox 2014 3852 3671 3922">
    <p class='ocr_par' dir='ltr' id='par_1_100' title="bbox 2014 3852 3671 3922">
     <span class='ocr_line' id='line_1_100' title="bbox 2014 3852 3671 3922; baseline -0.001 -12"><span class='ocrx_word' id='word_1_685' title='bbox 2014 3855 2276 3922; x_wconf 81' lang='lat' dir='ltr'><strong>studeas,</strong></span> <span class='ocrx_word' id='word_1_686' title='bbox 2309 3870 2386 3909; x_wconf 89' lang='lat' dir='ltr'><strong>ne</strong></span> <span class='ocrx_word' id='word_1_687' title='bbox 2414 3853 2613 3909; x_wconf 89' lang='lat' dir='ltr'><strong>sciolis</strong></span> <span class='ocrx_word' id='word_1_688' title='bbox 2638 3852 2945 3909; x_wconf 89' lang='lat' dir='ltr'><strong>fastidium</strong></span> <span class='ocrx_word' id='word_1_689' title='bbox 2976 3856 3236 3922; x_wconf 84' lang='lat' dir='ltr'><strong>generet,</strong></span> <span class='ocrx_word' id='word_1_690' title='bbox 3269 3856 3327 3908; x_wconf 75' lang='lat' dir='ltr'><strong>et</strong></span> <span class='ocrx_word' id='word_1_691' title='bbox 3372 3868 3553 3908; x_wconf 82' lang='lat' dir='ltr'><strong>aures</strong></span> <span class='ocrx_word' id='word_1_692' title='bbox 3579 3868 3671 3909; x_wconf 79' lang='lat' dir='ltr'><strong>sa-</strong></span> 
     </span>
    </p>
   </div>
   <div class='ocr_carea' id='block_1_101' title="bbox 2012 3942 3283 4019">
    <p class='ocr_par' dir='ltr' id='par_1_101' title="bbox 2012 3942 3283 4019">
     <span class='ocr_line' id='line_1_101' title="bbox 2012 3942 3283 4019; baseline -0.002 -19"><span class='ocrx_word' id='word_1_693' title='bbox 2012 3945 2302 4019; x_wconf 86' lang='lat' dir='ltr'><strong>pientium</strong></span> <span class='ocrx_word' id='word_1_694' title='bbox 2332 3959 2529 3999; x_wconf 85' lang='lat' dir='ltr'><strong>sermo</strong></span> <span class='ocrx_word' id='word_1_695' title='bbox 2559 3942 2834 3998; x_wconf 84' lang='lat' dir='ltr'><strong>incultior</strong></span> <span class='ocrx_word' id='word_1_696' title='bbox 2864 3944 3283 3998; x_wconf 78' lang='lat' dir='ltr'><strong>commaculet.</strong></span> 
     </span>
    </p>
   </div>
   <div class='ocr_carea' id='block_1_102' title="bbox 2086 4029 3667 4104">
    <p class='ocr_par' dir='ltr' id='par_1_102' title="bbox 2086 4029 3667 4104">
     <span class='ocr_line' id='line_1_102' title="bbox 2086 4029 3667 4104; baseline -0.001 -14"><span class='ocrx_word' id='word_1_697' title='bbox 2086 4033 2202 4091; x_wconf 86' lang='lat' dir='ltr'><strong>Sed</strong></span> <span class='ocrx_word' id='word_1_698' title='bbox 2247 4036 2573 4104; x_wconf 78' lang='lat' dir='ltr'><strong>antequam</strong></span> <span class='ocrx_word' id='word_1_699' title='bbox 2623 4031 2869 4101; x_wconf 83' lang='lat' dir='ltr'><strong>isagoge</strong></span> <span class='ocrx_word' id='word_1_700' title='bbox 2926 4030 3011 4087; x_wconf 82' lang='lat' dir='ltr'><strong>ad</strong></span> <span class='ocrx_word' id='word_1_701' title='bbox 3061 4030 3287 4086; x_wconf 86' lang='lat' dir='ltr'><strong>calcem</strong></span> <span class='ocrx_word' id='word_1_702' title='bbox 3338 4029 3667 4104; x_wconf 72' lang='lat' dir='ltr'><strong>perven’at,</strong></span> 
     </span>
    </p>
   </div>
   <div class='ocr_carea' id='block_1_103' title="bbox 2013 4119 3670 4193">
    <p class='ocr_par' dir='ltr' id='par_1_103' title="bbox 2013 4119 3670 4193">
     <span class='ocr_line' id='line_1_103' title="bbox 2013 4119 3670 4193; baseline -0.002 -14"><span class='ocrx_word' id='word_1_703' title='bbox 2013 4122 2349 4179; x_wconf 84' lang='lat' dir='ltr'><strong>notandum</strong></span> <span class='ocrx_word' id='word_1_704' title='bbox 2380 4125 2469 4176; x_wconf 91' lang='lat' dir='ltr'><strong>est</strong></span> <span class='ocrx_word' id='word_1_705' title='bbox 2495 4120 2669 4193; x_wconf 83' lang='lat' dir='ltr'><strong>quod</strong></span> <span class='ocrx_word' id='word_1_706' title='bbox 2690 4120 2751 4175; x_wconf 91' lang='lat' dir='ltr'><strong>in</strong></span> <span class='ocrx_word' id='word_1_707' title='bbox 2781 4119 3157 4192; x_wconf 57' lang='lat' dir='ltr'><strong>quibusdam:</strong></span> <span class='ocrx_word' id='word_1_708' title='bbox 3176 4119 3333 4175; x_wconf 75' lang='lat' dir='ltr'><strong>locis.</strong></span> <span class='ocrx_word' id='word_1_709' title='bbox 3358 4120 3670 4176; x_wconf 54' lang='lat' dir='ltr'><strong>veritatem</strong></span> 
     </span>
    </p>
   </div>
   <div class='ocr_carea' id='block_1_104' title="bbox 2013 4207 3671 4281">
    <p class='ocr_par' dir='ltr' id='par_1_104' title="bbox 2013 4207 3671 4281">
     <span class='ocr_line' id='line_1_104' title="bbox 2013 4207 3671 4281; baseline -0.002 -14"><span class='ocrx_word' id='word_1_710' title='bbox 2013 4210 2290 4267; x_wconf 69' lang='lat' dir='ltr'><strong>videlicet</strong></span> <span class='ocrx_word' id='word_1_711' title='bbox 2308 4209 2565 4265; x_wconf 81' lang='lat' dir='ltr'><strong>historiae</strong></span> <span class='ocrx_word' id='word_1_712' title='bbox 2598 4224 2835 4281; x_wconf 90' lang='lat' dir='ltr'><strong>semper</strong></span> <span class='ocrx_word' id='word_1_713' title='bbox 2859 4207 3157 4281; x_wconf 85' lang='lat' dir='ltr'><strong>pandens,</strong></span> <span class='ocrx_word' id='word_1_714' title='bbox 3187 4207 3513 4281; x_wconf 81' lang='lat' dir='ltr'><strong>spiritalem</strong></span> <span class='ocrx_word' id='word_1_715' title='bbox 3541 4223 3671 4264; x_wconf 84' lang='lat' dir='ltr'><strong>mo-</strong></span> 
     </span>
    </p>
   </div>
   <div class='ocr_carea' id='block_1_105' title="bbox 2014 4296 3673 4373">
    <p class='ocr_par' dir='ltr' id='par_1_105' title="bbox 2014 4296 3673 4373">
     <span class='ocr_line' id='line_1_105' title="bbox 2014 4296 3673 4373; baseline -0.002 -16"><span class='ocrx_word' id='word_1_716' title='bbox 2014 4301 2325 4373; x_wconf 84' lang='lat' dir='ltr'><strong>ralemque</strong></span> <span class='ocrx_word' id='word_1_717' title='bbox 2354 4299 2807 4370; x_wconf 87' lang='lat' dir='ltr'><strong>intelligentiam</strong></span> <span class='ocrx_word' id='word_1_718' title='bbox 2834 4298 3096 4359; x_wconf 88' lang='lat' dir='ltr'><strong>inserere</strong></span> <span class='ocrx_word' id='word_1_719' title='bbox 3125 4296 3247 4353; x_wconf 85' lang='lat' dir='ltr'><strong>nisi.</strong></span> <span class='ocrx_word' id='word_1_720' title='bbox 3272 4296 3673 4364; x_wconf 79' lang='lat' dir='ltr'><strong>sumus,inibi</strong></span> 
     </span>
    </p>
   </div>
   <div class='ocr_carea' id='block_1_106' title="bbox 2019 4387 3673 4462">
    <p class='ocr_par' dir='ltr' id='par_1_106' title="bbox 2019 4387 3673 4462">
     <span class='ocr_line' id='line_1_106' title="bbox 2019 4387 3673 4462; baseline -0.003 -14"><span class='ocrx_word' id='word_1_721' title='bbox 2019 4391 2239 4448; x_wconf 79' lang='lat' dir='ltr'><strong>scilicet</strong></span> <span class='ocrx_word' id='word_1_722' title='bbox 2264 4390 2367 4446; x_wconf 89' lang='lat' dir='ltr'><strong>ubi</strong></span> <span class='ocrx_word' id='word_1_723' title='bbox 2396 4389 2724 4462; x_wconf 71' lang='lat' dir='ltr'><strong>prmdixisti</strong></span> <span class='ocrx_word' id='word_1_724' title='bbox 2754 4397 2822 4445; x_wconf 85' lang='lat' dir='ltr'><strong>ut</strong></span> <span class='ocrx_word' id='word_1_725' title='bbox 2862 4388 3113 4444; x_wconf 86' lang='lat' dir='ltr'><strong>historia</strong></span> <span class='ocrx_word' id='word_1_726' title='bbox 3154 4388 3459 4444; x_wconf 82' lang='lat' dir='ltr'><strong>veritatem</strong></span> <span class='ocrx_word' id='word_1_727' title='bbox 3484 4387 3673 4443; x_wconf 82' lang='lat' dir='ltr'><strong>facto-</strong></span> 
     </span>
    </p>
   </div>
   <div class='ocr_carea' id='block_1_107' title="bbox 2014 4466 3674 4548">
    <p class='ocr_par' dir='ltr' id='par_1_107' title="bbox 2014 4466 3674 4548">
     <span class='ocr_line' id='line_1_107' title="bbox 2014 4466 3674 4548; baseline -0.005 -11"><span class='ocrx_word' id='word_1_728' title='bbox 2014 4497 2174 4547; x_wconf 78' lang='lat' dir='ltr'><strong>rum,</strong></span> <span class='ocrx_word' id='word_1_729' title='bbox 2207 4496 2277 4535; x_wconf 90' lang='lat' dir='ltr'><strong>ac</strong></span> <span class='ocrx_word' id='word_1_730' title='bbox 2328 4466 2509 4534; x_wconf 88' lang='lat' dir='ltr'><strong>ﬁdem</strong></span> <span class='ocrx_word' id='word_1_731' title='bbox 2540 4477 2844 4534; x_wconf 87' lang='lat' dir='ltr'><strong>relationis</strong></span> <span class='ocrx_word' id='word_1_732' title='bbox 2888 4475 3164 4543; x_wconf 83' lang='lat' dir='ltr'><strong>inculcet,</strong></span> <span class='ocrx_word' id='word_1_733' title='bbox 3198 4480 3255 4532; x_wconf 83' lang='lat' dir='ltr'><strong>et</strong></span> <span class='ocrx_word' id='word_1_734' title='bbox 3283 4474 3562 4548; x_wconf 80' lang='lat' dir='ltr'><strong>spiritalis</strong></span> <span class='ocrx_word' id='word_1_735' title='bbox 3585 4475 3674 4530; x_wconf 86' lang='lat' dir='ltr'><strong>in-</strong></span> 
     </span>
    </p>
   </div>
   <div class='ocr_carea' id='block_1_108' title="bbox 2014 4561 3672 4639">
    <p class='ocr_par' dir='ltr' id='par_1_108' title="bbox 2014 4561 3672 4639">
     <span class='ocr_line' id='line_1_108' title="bbox 2014 4561 3672 4639; baseline -0.006 -13"><span class='ocrx_word' id='word_1_736' title='bbox 2014 4569 2341 4639; x_wconf 81' lang='lat' dir='ltr'><strong>telligentia</strong></span> <span class='ocrx_word' id='word_1_737' title='bbox 2361 4567 2441 4624; x_wconf 91' lang='lat' dir='ltr'><strong>ad</strong></span> <span class='ocrx_word' id='word_1_738' title='bbox 2470 4567 2803 4624; x_wconf 70' lang='lat' dir='ltr'><strong>caelestium</strong></span> <span class='ocrx_word' id='word_1_739' title='bbox 2833 4566 3177 4636; x_wconf 81' lang='lat' dir='ltr'><strong>ﬁgurarum</strong></span> <span class='ocrx_word' id='word_1_740' title='bbox 3197 4570 3426 4619; x_wconf 88' lang='lat' dir='ltr'><strong>secreta</strong></span> <span class='ocrx_word' id='word_1_741' title='bbox 3450 4561 3672 4634; x_wconf 84' lang='lat' dir='ltr'><strong>perdu-</strong></span> 
     </span>
    </p>
   </div>
   <div class='ocr_carea' id='block_1_109' title="bbox 2016 4647 3673 4727">
    <p class='ocr_par' dir='ltr' id='par_1_109' title="bbox 2016 4647 3673 4727">
     <span class='ocr_line' id='line_1_109' title="bbox 2016 4647 3673 4727; baseline -0.005 -16"><span class='ocrx_word' id='word_1_742' title='bbox 2016 4660 2128 4722; x_wconf 67' lang='lat' dir='ltr'><strong>cat,</strong></span> <span class='ocrx_word' id='word_1_743' title='bbox 2162 4659 2223 4711; x_wconf 89' lang='lat' dir='ltr'><strong>et</strong></span> <span class='ocrx_word' id='word_1_744' title='bbox 2270 4654 2510 4711; x_wconf 90' lang='lat' dir='ltr'><strong>moralis</strong></span> <span class='ocrx_word' id='word_1_745' title='bbox 2536 4655 2847 4727; x_wconf 88' lang='lat' dir='ltr'><strong>persuasio</strong></span> <span class='ocrx_word' id='word_1_746' title='bbox 2897 4654 2975 4709; x_wconf 90' lang='lat' dir='ltr'><strong>ad</strong></span> <span class='ocrx_word' id='word_1_747' title='bbox 3023 4652 3498 4707; x_wconf 88' lang='lat' dir='ltr'><strong>meliorationem</strong></span> <span class='ocrx_word' id='word_1_748' title='bbox 3540 4647 3673 4704; x_wconf 58' lang='lat' dir='ltr'><strong>vita)</strong></span> 
     </span>
    </p>
   </div>
   <div class='ocr_carea' id='block_1_110' title="bbox 2016 4736 3674 4811">
    <p class='ocr_par' dir='ltr' id='par_1_110' title="bbox 2016 4736 3674 4811">
     <span class='ocr_line' id='line_1_110' title="bbox 2016 4736 3674 4811; baseline -0.005 -11"><span class='ocrx_word' id='word_1_749' title='bbox 2016 4744 2248 4811; x_wconf 82' lang='lat' dir='ltr'><strong>invitet;</strong></span> <span class='ocrx_word' id='word_1_750' title='bbox 2279 4760 2356 4799; x_wconf 92' lang='lat' dir='ltr'><strong>ne</strong></span> <span class='ocrx_word' id='word_1_751' title='bbox 2381 4743 2765 4799; x_wconf 90' lang='lat' dir='ltr'><strong>solummodo</strong></span> <span class='ocrx_word' id='word_1_752' title='bbox 2795 4740 3040 4797; x_wconf 86' lang='lat' dir='ltr'><strong>historia</strong></span> <span class='ocrx_word' id='word_1_753' title='bbox 3063 4740 3170 4810; x_wconf 93' lang='lat' dir='ltr'><strong>[Z.,</strong></span> <span class='ocrx_word' id='word_1_754' title='bbox 3202 4736 3487 4807; x_wconf 56' lang='lat' dir='ltr'><strong>historias]</strong></span> <span class='ocrx_word' id='word_1_755' title='bbox 3512 4751 3674 4809; x_wconf 81' lang='lat' dir='ltr'><strong>pres—</strong></span> 
     </span>
    </p>
   </div>
   <div class='ocr_carea' id='block_1_111' title="bbox 2018 4826 3675 4905">
    <p class='ocr_par' dir='ltr' id='par_1_111' title="bbox 2018 4826 3675 4905">
     <span class='ocr_line' id='line_1_111' title="bbox 2018 4826 3675 4905; baseline -0.004 -16"><span class='ocrx_word' id='word_1_756' title='bbox 2018 4851 2138 4901; x_wconf 90' lang='lat' dir='ltr'><strong>sus,</strong></span> <span class='ocrx_word' id='word_1_757' title='bbox 2169 4833 2276 4889; x_wconf 91' lang='lat' dir='ltr'><strong>sed</strong></span> <span class='ocrx_word' id='word_1_758' title='bbox 2321 4833 2665 4905; x_wconf 87' lang='lat' dir='ltr'><strong>spiritualis,</strong></span> <span class='ocrx_word' id='word_1_759' title='bbox 2698 4832 2823 4886; x_wconf 92' lang='lat' dir='ltr'><strong>imo</strong></span> <span class='ocrx_word' id='word_1_760' title='bbox 2867 4828 3231 4901; x_wconf 85' lang='lat' dir='ltr'><strong>moralisque</strong></span> <span class='ocrx_word' id='word_1_761' title='bbox 3271 4826 3375 4899; x_wconf 88' lang='lat' dir='ltr'><strong>[Z.,</strong></span> <span class='ocrx_word' id='word_1_762' title='bbox 3407 4826 3675 4899; x_wconf 86' lang='lat' dir='ltr'><strong>moralis]</strong></span> 
     </span>
    </p>
   </div>
   <div class='ocr_carea' id='block_1_112' title="bbox 2018 4916 3678 4993">
    <p class='ocr_par' dir='ltr' id='par_1_112' title="bbox 2018 4916 3678 4993">
     <span class='ocr_line' id='line_1_112' title="bbox 2018 4916 3678 4993; baseline -0.004 -15"><span class='ocrx_word' id='word_1_763' title='bbox 2018 4922 2334 4979; x_wconf 87' lang='lat' dir='ltr'><strong>dulcedine</strong></span> <span class='ocrx_word' id='word_1_764' title='bbox 2360 4924 2570 4993; x_wconf 86' lang='lat' dir='ltr'><strong>captus</strong></span> <span class='ocrx_word' id='word_1_765' title='bbox 2598 4919 2802 4989; x_wconf 89' lang='lat' dir='ltr'><strong>lector,</strong></span> <span class='ocrx_word' id='word_1_766' title='bbox 2830 4918 3229 4976; x_wconf 77' lang='lat' dir='ltr'><strong>excusationis</strong></span> <span class='ocrx_word' id='word_1_767' title='bbox 3250 4916 3517 4973; x_wconf 88' lang='lat' dir='ltr'><strong>invenire</strong></span> <span class='ocrx_word' id='word_1_768' title='bbox 3542 4932 3678 4989; x_wconf 91' lang='lat' dir='ltr'><strong>pos-</strong></span> 
     </span>
    </p>
   </div>
   <div class='ocr_carea' id='block_1_113' title="bbox 2020 5006 3681 5081">
    <p class='ocr_par' dir='ltr' id='par_1_113' title="bbox 2020 5006 3681 5081">
     <span class='ocr_line' id='line_1_113' title="bbox 2020 5006 3681 5081; baseline -0.002 -14"><span class='ocrx_word' id='word_1_769' title='bbox 2020 5013 2094 5067; x_wconf 83' lang='lat' dir='ltr'><strong>sit</strong></span> <span class='ocrx_word' id='word_1_770' title='bbox 2118 5010 2421 5067; x_wconf 88' lang='lat' dir='ltr'><strong>anfractus</strong></span> <span class='ocrx_word' id='word_1_771' title='bbox 2454 5026 2468 5065; x_wconf 88' lang='lat'><strong>:</strong></span> <span class='ocrx_word' id='word_1_772' title='bbox 2504 5009 2613 5065; x_wconf 90' lang='lat' dir='ltr'><strong>sed</strong></span> <span class='ocrx_word' id='word_1_773' title='bbox 2641 5025 2713 5066; x_wconf 82' lang='lat' dir='ltr'><strong>ex</strong></span> <span class='ocrx_word' id='word_1_774' title='bbox 2740 5010 2854 5066; x_wconf 90' lang='lat' dir='ltr'><strong>hoc</strong></span> <span class='ocrx_word' id='word_1_775' title='bbox 2885 5024 3024 5065; x_wconf 92' lang='lat' dir='ltr'><strong>cum</strong></span> <span class='ocrx_word' id='word_1_776' title='bbox 3074 5006 3410 5065; x_wconf 85' lang='lat' dir='ltr'><strong>ambrosios</strong></span> <span class='ocrx_word' id='word_1_777' title='bbox 3440 5007 3681 5081; x_wconf 74' lang='lat' dir='ltr'><strong>cmperit</strong></span> 
     </span>
    </p>
   </div>
   <div class='ocr_carea' id='block_1_114' title="bbox 2021 5097 3676 5174">
    <p class='ocr_par' dir='ltr' id='par_1_114' title="bbox 2021 5097 3676 5174">
     <span class='ocr_line' id='line_1_114' title="bbox 2021 5097 3676 5174; baseline -0.003 -17"><span class='ocrx_word' id='word_1_778' title='bbox 2021 5101 2337 5174; x_wconf 89' lang='lat' dir='ltr'><strong>decerpere</strong></span> <span class='ocrx_word' id='word_1_779' title='bbox 2377 5104 2610 5171; x_wconf 87' lang='lat' dir='ltr'><strong>gustus,</strong></span> <span class='ocrx_word' id='word_1_780' title='bbox 2658 5098 2854 5170; x_wconf 87' lang='lat' dir='ltr'><strong>magis</strong></span> <span class='ocrx_word' id='word_1_781' title='bbox 2907 5099 3159 5155; x_wconf 89' lang='lat' dir='ltr'><strong>libenter</strong></span> <span class='ocrx_word' id='word_1_782' title='bbox 3191 5113 3442 5169; x_wconf 90' lang='lat' dir='ltr'><strong>campos</strong></span> <span class='ocrx_word' id='word_1_783' title='bbox 3470 5097 3676 5154; x_wconf 89' lang='lat' dir='ltr'><strong>docto-</strong></span> 
     </span>
    </p>
   </div>
   <div class='ocr_carea' id='block_1_115' title="bbox 2020 5185 3483 5266">
    <p class='ocr_par' dir='ltr' id='par_1_115' title="bbox 2020 5185 3483 5266">
     <span class='ocr_line' id='line_1_115' title="bbox 2020 5185 3483 5266; baseline -0.003 -19"><span class='ocrx_word' id='word_1_784' title='bbox 2020 5207 2157 5247; x_wconf 89' lang='lat' dir='ltr'><strong>rum</strong></span> <span class='ocrx_word' id='word_1_785' title='bbox 2184 5195 2418 5266; x_wconf 81' lang='lat' dir='ltr'><strong>satagat</strong></span> <span class='ocrx_word' id='word_1_786' title='bbox 2442 5190 2695 5247; x_wconf 88' lang='lat' dir='ltr'><strong>lustrare</strong></span> <span class='ocrx_word' id='word_1_787' title='bbox 2724 5206 2916 5246; x_wconf 89' lang='lat' dir='ltr'><strong>ovans</strong></span> <span class='ocrx_word' id='word_1_788' title='bbox 2943 5188 3291 5244; x_wconf 86' lang='lat' dir='ltr'><strong>latissimos.</strong></span> <span class='ocrx_word' id='word_1_789' title='bbox 3325 5185 3483 5243; x_wconf 87' lang='lat' dir='ltr'><strong>Vale.</strong></span> 
     </span>
    </p>
   </div>
   <div class='ocr_carea' id='block_1_116' title="bbox 2518 5315 3179 5388">
    <p class='ocr_par' dir='ltr' id='par_1_116' title="bbox 2518 5315 3179 5388">
     <span class='ocr_line' id='line_1_116' title="bbox 2518 5315 3179 5388; baseline -0.005 -14"><span class='ocrx_word' id='word_1_790' title='bbox 2518 5318 2791 5388; x_wconf 71' lang='lat' dir='ltr'><strong>Explicit</strong></span> <span class='ocrx_word' id='word_1_791' title='bbox 2817 5315 3122 5387; x_wconf 62' lang='lat' dir='ltr'><strong>praefatio.</strong></span> <span class='ocrx_word' id='word_1_792' title='bbox 3154 5323 3179 5351; x_wconf 69' lang='grc' dir='ltr'>ι</span> 
     </span>
    </p>
   </div>
   <div class='ocr_carea' id='block_1_117' title="bbox 318 5637 3005 5717">
    <p class='ocr_par' dir='ltr' id='par_1_117' title="bbox 318 5637 3005 5717">
     <span class='ocr_line' id='line_1_117' title="bbox 318 5637 3005 5717; baseline -0.001 -18"><span class='ocrx_word' id='word_1_793' title='bbox 318 5651 345 5680; x_wconf 74' lang='grc' dir='ltr'>ι</span> <span class='ocrx_word' id='word_1_794' title='bbox 372 5644 430 5699; x_wconf 91' lang='grc' dir='ltr'><strong><em>Ζ</em></strong></span> <span class='ocrx_word' id='word_1_795' title='bbox 454 5659 477 5699; x_wconf 89' lang='lat'><em>:</em></span> <span class='ocrx_word' id='word_1_796' title='bbox 501 5644 783 5715; x_wconf 62' lang='lat' dir='ltr'><strong>Explica</strong></span> <span class='ocrx_word' id='word_1_797' title='bbox 801 5645 1099 5717; x_wconf 81' lang='lat' dir='ltr'><strong>prologus</strong></span> <span class='ocrx_word' id='word_1_798' title='bbox 1127 5645 1347 5717; x_wconf 79' lang='lat' dir='ltr'><strong>Angel.</strong></span> <span class='ocrx_word' id='word_1_799' title='bbox 1382 5646 1600 5703; x_wconf 63' lang='lat' dir='ltr'><strong>Levita?</strong></span> <span class='ocrx_word' id='word_1_800' title='bbox 1627 5645 1709 5702; x_wconf 86' lang='lat' dir='ltr'><strong>ad</strong></span> <span class='ocrx_word' id='word_1_801' title='bbox 1733 5643 2085 5702; x_wconf 81' lang='lat' dir='ltr'><strong>Leodricum</strong></span> <span class='ocrx_word' id='word_1_802' title='bbox 2117 5639 2498 5697; x_wconf 79' lang='lat' dir='ltr'><strong>Sacerdotem</strong></span> <span class='ocrx_word' id='word_1_803' title='bbox 2525 5653 2707 5709; x_wconf 78' lang='lat' dir='ltr'><strong>super</strong></span> <span class='ocrx_word' id='word_1_804' title='bbox 2734 5637 3005 5696; x_wconf 66' lang='lat' dir='ltr'><strong>Genesi!»</strong></span> 
     </span>
    </p>
   </div>
  </div>
