4160 6182
554 176 646 229 111

804 301 1004 352 ῙΝΕΙΡῙΤ
1041 306 1251 349 TEXTUS
1289 304 1551 346 OPUSCULI
1591 304 1646 343 1N
1685 303 1940 345 GENESIM.

647 422 718 476 In
755 420 1056 490 principio
1087 415 1312 473 creavit
1337 414 1496 469 Deus
1522 413 1737 469 caelum
1768 418 1822 469 et
1854 417 2097 469 terram.

616 561 1095 618 Adminiculante
1124 556 1332 613 divina
1361 555 1572 626 gratia,
1606 571 1742 627 qua:
1773 553 2035 628 parvulis
2061 570 2198 610 con.

545 652 877 720 ﬁdentiam,
906 649 1085 704 mutis
1106 651 1353 719 praestat
1379 646 1761 712 locutionem,
1784 645 2195 717 descripturus

546 740 904 814 opusculum
933 737 995 793 in
1022 736 1176 791 libro
1206 734 1467 802 Genesis,
1500 740 1826 807 antequam
1853 736 2197 789 contextum

546 828 645 902 [Z.,
676 826 919 897 textum]
944 824 1205 881 historiae
1227 829 1284 879 et
1309 824 1590 879 enthecas
1648 822 1927 895 spiritalis
1970 820 2196 878 oraculi

542 918 855 987 attingam,
876 914 1021 970 libet
1038 913 1339 985 inquirere
1363 927 1551 985 quare
1579 911 1863 968 volumen
1882 910 2047 967 istud
2068 925 2196 983 spc-

541 1003 765 1059 cialiter
795 1002 1038 1060 Genesis
1066 1005 1329 1069 vocetur,
1358 1016 1497 1055 cum
1528 1000 1587 1055 in
1620 1016 1690 1055 eo
1719 999 1910 1055 multa
1938 1013 2198 1055 comme-

539 1098 854 1149 morantur
909 1107 1040 1162 quae
1098 1089 1174 1144 ad
1226 1088 1674 1158 generationem
1721 1103 1844 1143 non
1902 1087 2195 1159 pertinere

539 1186 892 1249 noscuntur,
919 1179 1035 1234 nisi
1082 1178 1226 1250 quia
1273 1176 1650 1232 consuetudo
1678 1180 1766 1232 est
1812 1174 2196 1231 Hebraeorum

540 1286 614 1325 ex
659 1266 968 1341 principiis
1021 1265 1270 1321 nomina
1323 1263 1615 1320 librorum
1674 1262 2001 1336 imponere,
2048 1262 2199 1318 sicut

539 1356 800 1425 Exodus,
835 1362 892 1412 et
937 1354 1108 1410 multi
1154 1353 1253 1410 alii
1279 1357 1724 1426 nuncupantur.
1759 1350 1924 1408 Unde
1973 1351 2196 1407 Bresith

538 1447 846 1509 Hebraice,
881 1444 1082 1501 Latine
1111 1459 1233 1498 non
1264 1442 1560 1498 immerito
1613 1441 1852 1498 Genesis
1907 1441 2193 1513 interpre-

537 1539 696 1592 tatur
723 1552 736 1590 :
766 1550 837 1590 eo
866 1532 1033 1606 quod
1056 1532 1119 1588 in
1146 1532 1278 1604 ipso
1308 1530 1555 1587 exordio
1605 1529 1680 1585 de
1711 1529 2009 1585 creatione
2039 1529 2193 1595 cceli,

1648 163 2008 222 ANGELOHI
2046 162 2505 224 LUXOVIENSIS
2543 169 2858 227 MONACRI

2226 291 2276 345 Δ
2310 294 2451 347 sunt
2500 292 2724 361 omnia,
2757 293 2951 350 eidem
2982 295 3188 368 Moysi,
3235 296 3467 355 famulo
3522 318 3655 371 suo,
3682 306 3973 366 revelavit

3870 188 3972 242 112

2308 382 2573 463 tempore
2602 398 2725 454 quo
2754 382 2959 451 voluit,
2991 388 3058 441 ut
3088 385 3232 441 olim
3262 386 3420 444 facta
3448 393 3879 453 conscriberet.
3908 400 3973 455 Et

2305 469 2613 539 quomodo
2639 470 2690 525 ei
2727 469 2911 527 fidem
2940 474 3404 532 accommodare
3433 493 3791 553 possumus,
3824 501 3973 544 vera

2304 554 2545 625 dixisse,
2566 558 2679 614 nisi
2699 559 2844 632 quia
2866 560 3082 617 futuris
3106 579 3265 636 saepe
3284 564 3622 637 probantur
3647 574 3969 644 praeterita,

2303 650 2361 702 et
2392 648 2656 718 praeteris
2680 648 2901 719 futura,
2934 650 3087 707 sicut
3126 652 3187 707 in
3231 653 3472 711 Daniele
3510 661 3967 735 comprobatur,

2302 739 2361 790 et
2389 736 2448 827 in
2479 736 2595 793 hoc
2624 737 2778 827 libro
2806 739 3182 827 ostenditur?
3212 743 3476 817 Denique
3506 746 3583 803 de
3608 748 3712 805 illo
3738 754 3968 827 tempo-

2300 833 2364 874 re
2393 822 2623 907 Moyses
2653 823 2892 897 scripsit
2914 825 3120 893 homo,
3146 827 3395 899 quando
3422 844 3546 886 non
3599 838 3727 890 erat
3754 822 3965 907 homo,

2304 919 2443 960 cum
2465 906 2548 962 ait
2578 924 2592 962 :
2626 908 2699 963 In
2724 910 3031 979 principio
3062 912 3289 967 creavit
3318 915 3471 969 Dens
3522 918 3737 975 cretum
3762 927 3820 976 et
3855 906 3965 979 ter;

2304 1011 2455 1052 ram.
2510 996 2671 1052 Sicut
2714 998 2875 1053 enim
2918 998 2993 1055 de
3040 999 3142 1055 illo
3173 1005 3442 1073 tempore
3473 1006 3712 1079 scripsit
3751 1009 3962 1080 homo,

2301 1085 2549 1158 quando
2579 1102 2703 1142 non
2728 1092 2854 1144 erat
2882 1088 3067 1146 homo
3094 1107 3107 1157 ;
3139 1089 3222 1145 ita
3268 1091 3450 1148 etiam
3498 1092 3697 1153 futura
3727 1100 3966 1173 scripsit

2304 1191 2375 1231 eo
2396 1180 2684 1248 tempore,
2707 1178 2955 1250 quando
2982 1182 3109 1234 erat
3128 1179 3333 1243 homo,
3355 1194 3492 1253 quas
3520 1189 3727 1255 postea
3751 1187 3961 1259 exple-

2302 1269 2363 1322 ta
2392 1266 2864 1339 comprobantur
2888 1266 2951 1322 in
2982 1268 3250 1335 veritate,
3284 1269 3434 1326 sicut
3491 1271 3554 1327 in
3606 1274 3961 1346 patriarchas

2300 1354 2483 1410 Jacob
2512 1353 2925 1411 benedictione
2950 1355 3310 1423 declaratur,
3334 1359 3507 1429 juxta
3529 1362 3696 1434 quod
3721 1362 3852 1437 ipse
3880 1366 3966 1422 ait

2301 1439 2507 1497 dicens
2527 1459 2540 1497 :
2562 1444 2696 1498 Non
2712 1445 3025 1513 auferetur
3047 1454 3347 1517 sceptrum
3372 1448 3445 1505 de
3463 1451 3647 1513 Juda,
3663 1453 3960 1522 etc.(Gen.

2299 1547 2450 1599 xux,
2487 1532 2593 1604 10),
2624 1548 2761 1604 quae
2791 1533 2851 1588 in
2881 1533 3075 1605 ﬁgura
3107 1536 3321 1593 Christi
3349 1538 3639 1611 praedicta
3680 1540 3956 1611 fuerant;

537 1640 607 1681 ac
628 1630 817 1692 terras,
837 1627 894 1679 et
913 1621 1297 1693 generatione
1321 1618 1639 1675 hominum
1667 1617 2192 1690 animantiumque
2220 1640 2266 1694 Β
2300 1620 2401 1676 sed
2428 1621 2559 1692 jam
2588 1621 2652 1677 in
2700 1622 2941 1680 veritate
2971 1624 3295 1681 creduntur
3338 1627 3657 1700 completa.
3695 1630 3750 1688 Si
3796 1632 3960 1689 enim

534 1718 832 1771 narratur.
860 1718 906 1768 A
935 1709 1241 1767 nonnullis
1270 1709 1446 1765 etiam
1474 1707 1759 1781 quaeritur
1778 1708 1914 1780 quis
1942 1707 2193 1779 scriptor

534 1804 716 1875 hujus
744 1802 878 1858 libri
906 1800 1202 1856 habeatur
1222 1800 1249 1855 ?
1275 1799 1431 1853 Licet
1460 1812 1829 1869 supervacue
1860 1800 2188 1867 moveatur,

535 1908 675 1948 cum
724 1895 924 1947 tamen
955 1892 1163 1945 auctor
1200 1885 1356 1941 illius
1388 1884 1636 1958 Spiritus
1668 1888 1911 1940 sanctus
1940 1883 2190 1939 ﬁdeliter

535 1980 812 2037 credatur
836 1997 849 2035 :
874 1978 1018 2052 quia
1043 1992 1223 2033 nemo
1249 1976 1406 2031 facta
1425 1979 1561 2031 ante
1590 1973 1866 2029 homines
1894 1972 2190 2029 describe-

530 2086 596 2126 re
624 2072 877 2143 poterat,
909 2068 1023 2123 nisi
1078 2065 1330 2138 Spiritus
1376 2067 1621 2119 sanctus
1660 2062 1929 2132 dictaret,
1975 2066 2032 2116 et
2081 2077 2189 2134 per

532 2158 845 2214 scribentis
865 2171 1080 2212 vocem
1102 2152 1451 2209 hominibus
1470 2152 1529 2207 in
1555 2150 1849 2224 principio
1870 2156 2037 2221 gesta
2055 2164 2189 2206 nar-

528 2249 705 2302 raret.
725 2244 839 2299 Sed
870 2241 1183 2299 sciendum
1208 2245 1315 2310 est,
1334 2252 1688 2312 quanquam
1712 2238 1775 2294 in
1803 2254 1875 2293 eo
1897 2238 2185 2310 scriptum

530 2336 623 2403 Sit,
656 2337 814 2391 Erat
842 2334 1077 2402 Moyses
1105 2330 1452 2385 mitissimus
1487 2344 1668 2397 super
1694 2342 1891 2383 omnes
1922 2328 2184 2383 homines

528 2426 634 2496 qui
661 2423 1059 2480 morabantur
1088 2423 1154 2476 in
1185 2426 1350 2477 terra
1374 2418 1576 2484 (Num.
1608 2434 1709 2486 xn,
1738 2418 1788 2487 3)
1812 2434 1825 2484 ;
1855 2422 1913 2472 et
1952 2418 2185 2473 locutus

530 2518 614 2569 est
647 2512 925 2567 Dominus
956 2511 1037 2565 ad
1069 2510 1337 2578 Maysen,
1365 2510 1423 2560 et
1475 2504 1636 2560 mille
1668 2504 1838 2571 talia;
1871 2508 2074 2559 tamen
2105 2504 2183 2559 si-

532 2606 635 2656 cut
660 2616 695 2655 a
724 2597 1073 2654 doctoribus
1096 2595 1371 2663 traditur,
1403 2598 1460 2648 et
1480 2592 1680 2647 multis
1709 2592 1996 2664 exemplis
2017 2607 2181 2647 com-

528 2689 841 2763 probatur,
874 2686 1033 2742 unde
1065 2690 1154 2741 est
1184 2701 1197 2739 :
1237 2684 1430 2740 Unum
1460 2684 1699 2752 scripsit
1727 2682 1959 2751 Moyses
1991 2682 2181 2738 canti-

530 2794 685 2845 cum,
714 2783 769 2833 et
793 2776 997 2832 docuit
1022 2776 1179 2844 filios
1222 2773 1416 2828 Israel
1447 2772 1601 2841 (Leo.
1626 2787 1786 2837 xxxx,
1815 2772 1928 2843 22),
1960 2775 2018 2826 et
2066 2770 2183 2827 alia

528 2865 901 2938 hujusmodi,
927 2864 1056 2936 ipse
1086 2864 1316 2933 Moyses
1357 2859 1607 2931 scriptor
1660 2858 1877 2914 divinae
1922 2858 2182 2915 historias

530 2954 768 3011 exstitit.
802 2952 973 3010 Moris
1024 2952 1188 3007 enim
1238 2948 1553 3020 Scripturaa
1598 2963 1781 3002 sacrae
1830 2950 1918 3002 est
1973 2951 2034 3002 ut
2068 2945 2184 3019 ipsi

529 3044 634 3116 qui
689 3042 979 3110 scribunt,
1013 3041 1095 3096 sic
1125 3038 1200 3095 de
1228 3054 1290 3093 se
1318 3037 1381 3092 in
1428 3035 1528 3092 illa
1575 3035 1753 3107 quasi
1802 3035 1877 3091 de
1928 3035 2058 3091 aliis
2099 3035 2184 3092 lo-

528 3138 814 3205 quantur,
846 3131 991 3202 quia
1019 3128 1237 3202 Spiritu
1267 3129 1473 3182 sancto
1498 3123 1906 3196 impelluntur.

601 3219 823 3277 Deinde
854 3217 1032 3274 simul
1058 3214 1361 3290 quosdam
1382 3212 1560 3268 etiam
1594 3216 1809 3278 movet,
1829 3228 1966 3284 quas
1996 3226 2185 3268 causa

529 3311 747 3368 accidit
774 3314 839 3364 ut
860 3307 1174 3364 historiam
1200 3305 1419 3361 divinas
1449 3303 1596 3372 legis
1622 3302 1785 3358 idem
1811 3306 2038 3375 Moyses
2071 3319 2183 3357 suo

527 3405 798 3469 tempore
851 3394 1232 3459 describeret,
1266 3397 1323 3446 et
1345 3407 1467 3446 non
1498 3391 1641 3445 olim
1701 3397 1944 3445 exarata
1971 3406 2008 3445 a
2037 3407 2185 3462 quo-

528 3502 717 3561 quam
743 3484 944 3550 fuerit;
967 3482 1081 3538 nisi
1105 3482 1250 3553 quia
1268 3480 1478 3552 primis
1507 3479 1855 3534 hominibus
1876 3484 2013 3534 ante
2034 3480 2183 3535 dilu-

527 3577 695 3631 vium
727 3571 984 3640 cognitio
1017 3569 1138 3635 Dei,
1163 3574 1219 3624 et
1241 3568 1337 3622 lex
1365 3566 1671 3634 naturalis,
1704 3571 1882 3637 atque
1914 3568 2065 3622 mira
2084 3568 2183 3623 Dei

529 3680 714 3738 opera
742 3660 988 3717 exordio
1044 3663 1282 3732 patrata
1314 3656 1551 3725 cognita
1603 3655 1856 3710 fuerant.
1890 3658 2000 3710 Sed
2048 3662 2185 3728 post

528 3752 822 3809 diluvium
844 3750 960 3804 ista
997 3747 1203 3804 omnia
1234 3747 1314 3802 ita
1343 3744 1630 3801 oblivioni
1666 3743 1876 3799 tradita
1905 3752 2093 3811 erant,
2126 3750 2183 3801 et

528 3842 791 3901 maxime
842 3835 1213 3911 temporibus
1291 3835 1494 3906 Moysi,
1554 3838 1618 3889 ut
1674 3833 1849 3906 plane
1906 3833 2182 3890 homines

526 3933 874 4003 ignorarent
897 3926 1065 4001 quod
1090 3929 1226 3981 ante
1252 3929 1385 3981 acta
1406 3924 1656 3979 fuissent
1682 3923 1785 3995 [Z.,
1813 3924 1978 3996 quod
2003 3930 2181 3981 antea

527 4026 730 4076 actum
761 4016 991 4088 fuerat].
1020 4015 1190 4070 Unde
1217 4014 1396 4069 etiam
1425 4012 1765 4085 philosophi
1817 4012 2180 4085 principium

526 4108 708 4179 hujus
764 4105 979 4161 mundi
1007 4104 1353 4173 ignorantes
1400 4100 1680 4156 dicebant
1708 4100 2005 4155 mundum
2049 4117 2178 4157 esse

528 4202 890 4254 cozeternum
913 4211 982 4250 ac
1015 4208 1309 4249 coasvum.
1339 4194 1404 4246 Et
1432 4190 1578 4245 forte
1605 4190 1719 4244 hoc
1738 4189 1990 4244 audiens
2023 4193 2178 4263 Moy-

528 4303 623 4343 ses
656 4286 760 4356 [Z.,
787 4284 880 4340 vel
903 4283 1066 4355 quia]
1097 4282 1240 4354 quia
1272 4285 1487 4336 cuncta
1517 4278 1708 4334 taliter
1755 4278 1979 4333 abolita
2007 4283 2179 4334 erant

526 4393 563 4433 a
610 4374 887 4430 sensibus
938 4372 1275 4438 hominum,
1308 4369 1629 4424 instructus
1680 4366 1884 4422 divino
1935 4369 2172 4441 Spiritu,

524 4470 723 4522 ratum
748 4462 919 4518 duxit
947 4466 1142 4517 texere
1168 4457 1498 4514 ci'eationes
1526 4455 1658 4511 caeli
1700 4460 1755 4511 et
1785 4460 1975 4526 terrae,
2008 4462 2176 4513 caste-

524 4566 847 4624 rarumque
879 4552 1308 4612 creaturarum,
1337 4548 1515 4616 atque
1560 4542 1756 4614 legem
1805 4542 2031 4608 litterae,
2061 4548 2175 4601 Do-

523 4639 689 4695 mino
718 4638 1070 4711 imperante,
1123 4633 1259 4689 ﬁliis
1290 4630 1470 4687 Israel
1499 4632 1771 4697 tradere;
1821 4636 1886 4686 ut
1926 4632 2173 4711 eosdem

522 4727 756 4799 plenius
802 4727 1114 4783 instrueret
1161 4722 1235 4779 de
1267 4724 1407 4786 Deo,
1439 4734 1515 4775 ne
1561 4719 1638 4775 ad
1668 4718 1830 4774 idola
1858 4719 2170 4792 {Egyptio-

520 4832 653 4871 rum
711 4816 989 4882 redirent,
1023 4818 1081 4870 et
1137 4810 1438 4868 mundum
1486 4812 1753 4866 creatum
1812 4808 2166 4866 ostenderet.

524 4903 689 4960 Unde
714 4902 858 4975 quia
875 4902 1004 4972 jam
1020 4901 1174 4957 sicut
1190 4902 1252 4957 in
1272 4898 1479 4973 primis
1501 4897 1852 4956 hominibus
1872 4897 1967 4953 lex
1991 4898 2169 4953 bonas

520 4995 749 5047 naturas
779 5004 902 5045 non
932 4988 1302 5055 servabatur,
1331 4988 1435 5043 sed
1463 5003 1616 5059 pene
1647 4986 1870 5043 abolita
1891 4991 2033 5054 erat,
2062 5002 2171 5059 per

518 5084 764 5151 Moysen
806 5076 898 5133 lex
948 5075 1151 5131 litterae
1182 5074 1478 5146 descripta
1525 5078 1583 5129 et
1609 5074 1753 5129 data
1781 5078 1887 5142 est,
1915 5079 1981 5130 ut
2006 5075 2170 5130 bona

516 5185 654 5242 quae
703 5165 1064 5224 sciebantur.
1105 5161 1516 5219 auctoritatem
1561 5160 1872 5223 haberent,
1919 5166 1976 5216 et
2030 5178 2166 5234 quae

516 5258 696 5314 latere
726 5258 1026 5328 caeperant
1056 5251 1593 5317 manifestarentur,
1627 5253 1684 5305 et
1714 5254 1778 5306 ut
1802 5255 1990 5306 terror
2043 5249 2166 5306 dis-

516 5346 749 5420 ciplinae
807 5343 1125 5412 corrigeret
1174 5341 1586 5413 delinquentes
1641 5344 1699 5396 et
1756 5338 1942 5395 ﬁdem
1978 5340 2162 5396 refor-

516 5440 702 5495 maret
751 5435 813 5491 in
889 5436 1094 5488 Deum.
1143 5434 1209 5486 Et
1262 5429 1539 5502 nunquid
1595 5431 1826 5501 Moyses
1876 5426 1961 5484 ibi
2014 5434 2160 5497 erat,

513 5525 758 5599 quando
803 5523 959 5577 Deus
1007 5523 1221 5575 cuncta
1270 5517 1536 5574 creavit?
1565 5517 1832 5585 Minime;
1880 5516 1984 5573 sed
2032 5518 2165 5591 ipsa

514 5620 809 5673 coaeterna
855 5608 1147 5683 sapientia
1193 5607 1293 5664 Dei
1342 5606 1552 5676 Patris,
1605 5622 1713 5680 per
1764 5622 1948 5681 quem
2003 5607 2163 5665 facta

2297 1708 2373 1765 de
2429 1708 2630 1766 futuro
2684 1728 2824 1768 vero
2877 1729 3001 1769 non
3031 1714 3296 1784 dixisset,
3322 1715 3397 1771 de
3436 1718 3755 1789 prmterito,
3789 1721 3958 1793 quod

2296 1804 2524 1856 certum
2580 1800 2896 1873 scripserit,
2947 1818 3128 1859 nemo
3177 1803 3417 1860 credere
3469 1805 3778 1865 voluisset.
3839 1812 3957 1866 Nec

2294 1906 2419 1946 non
2474 1888 2653 1945 etiam
2693 1889 3091 1961 interrogatur
3137 1891 3241 1948 ubi
3288 1896 3515 1966 Moyses
3562 1893 3749 1952 libros
3765 1914 3952 1954 —-suos

2294 1979 2590 2036 ediderit?
2626 1979 2832 2035 Dicunt
2876 1981 3036 2036 enim
3068 1981 3340 2038 nonnulli
3368 1983 3536 2056 quod
3588 1986 3863 2042 Genesim
3893 1992 3952 2045 et

2295 2068 2566 2124 Exodum
2611 2084 2803 2141 usque
2837 2085 2850 2123 :
2880 2069 3200 2127 Cantemus
3260 2072 3530 2142 Domino,
3574 2073 3634 2129 in
3690 2078 3947 2148 Egypto

2293 2157 2730 2229 conscripserit.
2762 2162 2976 2215 caetera
3002 2175 3145 2215 vero
3187 2159 3251 2215 in
3296 2160 3629 2217 solitudine.
3660 2162 3766 2217 Alii
3796 2179 3943 2220 vero

2293 2250 2569 2303 asserunt
2609 2245 2795 2318 quod,
2823 2246 3068 2303 transito
3094 2247 3247 2303 mari
3277 2247 3500 2319 Rubro,
3530 2265 3633 2322 per
3675 2250 3941 2322 quadra-

2293 2335 2458 2405 ginta
2479 2350 2671 2390 annos
2691 2334 2753 2388 in
2772 2333 3007 2390 deserto
3036 2334 3416 2408 descripserit
3439 2337 3604 2410 quod
3630 2341 3686 2393 et
3713 2338 3945 2396 ratione

2292 2424 2673 2497 comprobari
2694 2424 2798 2495 [Z.,
2827 2439 2934 2496 per
2955 2424 3250 2480 rationem
3279 2425 3545 2497 probari]
3570 2431 3783 2499 potest.
3809 2428 3945 2485 Haec

2291 2513 2452 2569 enim
2481 2512 2629 2570 scire
2653 2511 2991 2568 volentibus
3010 2528 3209 2585 pauca
3228 2512 3389 2569 dicta
3407 2513 3725 2571 sufﬁciant.
3752 2518 3941 2584 Nunc,

2291 2603 2544 2659 Domino
2576 2601 2809 2657 favente
2837 2601 2913 2672 [Ζ.
2923 2643 2939 2672 ,
2970 2600 3300 2674 largiente],
3328 2603 3407 2658 ad
3431 2603 3694 2660 historiae
3730 2605 3945 2662 seriem

2291 2696 2688 2749 transeamus.
2721 2691 2815 2747 Ait
2843 2690 3002 2746 enim
3028 2694 3278 2763 Moyses.

2840 2825 3070 2881 CAPUT
3107 2826 3395 2884 PRIMUM.

2361 2957 2523 3010 Vens.
2556 2954 2602 3009 l.
2637 2984 2706 2993 —
2733 2954 2807 3008 In
2836 2954 3137 3024 principio
3165 2958 3389 3012 creavit
3434 2957 3593 3012 Deus
3643 2958 3854 3013 coetum
3884 2963 3943 3014 et

2292 3045 2537 3095 terram.
2579 3037 2845 3093 Primum
2886 3038 3222 3094 notandum
3251 3039 3413 3110 quod
3441 3055 3585 3094 mox
3635 3040 3941 3112 Scriptura

2290 3129 2485 3202 primo
2502 3127 2684 3183 verbo
2704 3127 3094 3184 (eternitatem
3114 3133 3288 3200 atque
3308 3128 3630 3199 potentiam
3648 3127 3747 3183 Dei
3768 3143 3939 3183 crea-

2291 3218 2434 3275 toris
2464 3215 2742 3273 ostendit.
2778 3218 2967 3281 Quem
2993 3217 3150 3273 enim
3178 3216 3240 3271 in
3267 3215 3558 3289 principio
3590 3221 3941 3289 temporum

2291 3306 2591 3364 mundum
2604 3321 2839 3361 creasse
2853 3306 3142 3378 perhibet,
3153 3305 3216 3361 in
3232 3305 3362 3378 ipso
3372 3305 3629 3378 perfecto
3645 3309 3781 3360 ante
3792 3309 3943 3361 tem-

2291 3410 2441 3468 pora
2461 3392 2814 3449 asternaliter
2828 3392 3115 3448 exstitisse
3140 3393 3437 3462 designat;
3456 3396 3513 3448 et
3526 3408 3708 3464 quem
3722 3391 3784 3447 in
3805 3392 3940 3465 ipso

2290 3480 2648 3539 conditionis
2675 3481 2841 3536 initio
2870 3479 3086 3535 coelum
3124 3485 3181 3535 et
3210 3484 3425 3535 terram
3451 3494 3684 3536 creasse
3714 3486 3935 3549 narrat,

2291 3575 2457 3627 tanta
2476 3569 2771 3625 celeritate
2788 3565 3148 3640 operationis
3163 3567 3638 3640 omnipotentem
3654 3569 3936 3637 declarat,

2292 3659 2387 3714 cui
2417 3657 2679 3714 voluisse
2706 3658 2911 3713 fecisse
2941 3661 3048 3712 est.
3080 3658 3145 3712 Et
3172 3656 3235 3711 in
3259 3656 3375 3712 hoc
3405 3662 3609 3729 aperte
3656 3658 3939 3714 daturin-

2293 3747 2470 3818 telligi
2516 3747 2658 3819 quia
2716 3753 3033 3818 utrumque
3082 3745 3259 3801 simul
3310 3746 3388 3802 ab
3434 3762 3505 3802 eo
3552 3745 3777 3803 factum
3824 3753 3936 3811 est,

2287 3836 2562 3909 quamvis
2594 3841 2913 3907 utrumque
2938 3835 3017 3890 ab
3046 3835 3290 3891 homine
3319 3834 3435 3891 dici
3478 3850 3601 3891 non
3629 3836 3837 3908 possit.
3866 3838 3939 3893 In

2284 3925 2603 3995 principio.
2635 3924 2807 3990 Quod
2858 3923 3099 3979 duobus
3147 3923 3342 3980 modis
3389 3924 3578 3997 accipi
3604 3929 3839 3997 potest:
3874 3928 3940 3982 in

2278 4015 2582 4084 principio
2602 4013 2822 4069 scilicet
2840 4014 3104 4084 primum
3137 4012 3238 4084 [Z.,
3261 4013 3477 4086 primo]
3497 4015 3791 4083 omnium,
3823 4015 3942 4071 hoc

2285 4108 2391 4170 est,
2414 4102 2475 4158 in
2514 4102 2678 4159 initio
2723 4106 3152 4166 creaturarum,
3185 4103 3351 4175 quod
3395 4104 3521 4159 LXX
3567 4103 3939 4177 interpretes,

2286 4191 2343 4242 et
2374 4187 2794 4259 Symmachus,
2825 4192 2882 4242 et
2912 4186 3287 4243 Theodotion
3316 4186 3582 4242 similiter
3621 4187 3939 4243 transtule-

2288 4282 2443 4332 runt.
2482 4280 2546 4332 Et
2572 4279 2632 4332 in
2681 4276 2927 4333 Hebrzeo
2971 4277 3261 4348 scriptum
3311 4281 3398 4333 est
3430 4293 3444 4332 :
3475 4277 3737 4345 Bresith,
3769 4277 3938 4349 quod

2285 4365 2500 4439 Aquila
2518 4365 2959 4439 interpretatur,
2991 4368 3052 4421 in
3081 4367 3368 4435 capitulo.
3395 4364 3526 4422 Sive
3555 4364 3722 4439 quod
3742 4365 3841 4434 ait,
3868 4366 3937 4421 in

2276 4455 2604 4526 principio,
2634 4453 3088 4525 intelligendum
3111 4459 3221 4522 est,
3243 4453 3305 4509 in
3327 4453 3491 4523 Filio,
3514 4454 3620 4528 qui
3639 4455 3715 4511 de
3744 4470 3942 4512 seme-

2284 4543 2438 4616 tipso
2486 4543 2569 4599 ait
2601 4561 2613 4599 :
2640 4544 3016 4612 Principium
3064 4544 3169 4615 qui
3194 4548 3251 4599 et
3300 4543 3512 4615 loquor
3540 4544 3703 4600 vobis
3735 4544 3939 4616 (Joan.

2282 4648 2399 4703 vin,
2425 4632 2502 4690 5).
2537 4634 2607 4689 Et
2633 4631 2707 4687 de
2727 4647 2851 4704 quo
2876 4634 3138 4687 Joannes
3167 4630 3345 4686 dicit:
3376 4633 3449 4687 In
3471 4634 3773 4703 principio
3801 4640 3945 4691 erat

2292 4722 2567 4787 Verbum,
2599 4726 2655 4778 et
2680 4721 2912 4794 reliqua
2937 4722 3135 4791 (Joan.
3167 4737 3207 4790 1,
3238 4721 3310 4791 1).
3338 4720 3502 4778 Unde
3525 4726 3583 4778 et
3604 4722 3664 4777 in
3693 4720 3944 4794 psalmo

2279 4808 2354 4864 de
2382 4809 2516 4882 ipso
2546 4810 2865 4867 Psalmista
2894 4810 2974 4867 ait
2998 4828 3010 4865 :
3038 4810 3112 4865 In
3133 4810 3329 4879 capite
3360 4811 3505 4867 libri
3530 4812 3818 4881 scriptum
3849 4820 3945 4870 est

2279 4900 2354 4957 de
2378 4915 2471 4957 me
2502 4900 2686 4971 (Psat.
2720 4917 2917 4966 xxxrx,
2945 4900 3019 4971 8).
3058 4902 3124 4955 Et
3149 4898 3286 4957 ideo
3312 4901 3377 4956 in
3396 4903 3724 4972 principio,
3755 4900 3817 4957 id
3844 4908 3949 4960 est

2279 4986 2340 5043 in
2365 4988 2530 5061 Filio,
2561 4988 2685 5045 imo
2714 5005 2821 5062 per
2846 4988 3056 5045 Filium
3108 4987 3245 5045 fecit
3276 4991 3429 5045 Deus
3460 5006 3706 5047 omnem
3762 4989 3946 5063 spiri-

2277 5076 2458 5133 talem
2532 5077 3029 5150 corporalemque
3081 5081 3440 5146 creaturam,
3498 5095 3635 5152 quae
3690 5078 3819 5135 coeli
3883 5084 3948 5136 et

2274 5169 2445 5222 terrae
2475 5166 2719 5221 nomine
2747 5165 3049 5238 appellata
3074 5171 3181 5222 est.
3213 5166 3326 5223 Sed
3354 5168 3548 5239 magis
3566 5168 3685 5225 hoc
3709 5168 3816 5241 qui
3856 5168 3951 5229 ita

2274 5253 2501 5321 dicunt,
2534 5254 2871 5310 secundum
2902 5270 3145 5309 sensum
3178 5271 3369 5327 quam
3398 5257 3734 5314 secundum
3764 5259 3949 5317 verbi

2272 5341 2725 5399 translationem
2769 5342 2844 5398 de
2873 5340 3106 5397 Christo
3142 5342 3332 5417 accipi
3359 5345 3586 5402 volunt.
3624 5345 3737 5403 Sed
3783 5344 3952 5406 forte

2272 5434 2486 5503 quaerit
2541 5429 2758 5503 aliquis
2801 5444 2991 5503 quare
3032 5428 3168 5487 fecit
3235 5434 3390 5489 Deus
3449 5433 3669 5490 omium
3721 5438 3780 5491 et
3826 5439 3955 5493 ter-

2270 5535 2404 5576 ram
2425 5521 2452 5576 ?
2482 5519 2588 5577 Cui
2613 5519 3110 5591 respondendum
3134 5527 3227 5579 est
3253 5540 3267 5579 :
3311 5521 3596 5580 Voluntas
3624 5523 3787 5580 enim
3832 5526 3955 5585 Dei

2273 5624 2457 5665 causa
2485 5612 2574 5665 est
2601 5607 2733 5665 coeli
2781 5615 2838 5666 et
2865 5613 3035 5667 terra:
3061 5629 3075 5682 ;
3109 5615 3167 5668 et
3191 5611 3327 5668 ideo
3368 5612 3568 5683 major
3596 5617 3690 5670 est
3715 5612 3951 5671 volun-
