4180 6186
197 216 305 274 113

1556 216 1920 276 COMMENT.
1978 219 2044 277 IN
2100 223 2257 280 GEN.

3508 229 3609 283 114

188 345 283 397 tas
313 338 413 395 Dei
440 353 631 411 quam
663 337 886 395 cmlum
911 344 967 395 et
994 344 1149 396 terra
1181 358 1195 409 ;
1253 344 1312 396 et
1338 340 1441 413 qui
1470 340 1587 397 hoc
1615 341 1847 417 quaerit,
1880 341 1935 401 Δ
1961 344 2044 401 eis
2072 352 2414 420 opponatur
2438 347 2585 421 quid
2601 348 2701 419 [Z.,
2728 346 2917 420 quod]
2946 347 3101 404 Deus
3119 348 3322 406 fecerit
3347 349 3614 407 secunda

186 431 389 500 majus
434 428 665 501 aliquid
691 430 906 500 quierit
929 446 1117 503 quam
1171 436 1262 487 est
1316 431 1595 488 voluntas
1625 432 1746 499 Dei,
1796 437 1853 488 et

185 516 333 573 nihil
375 517 581 587 majus
637 516 903 573 invenire
944 523 1155 590 potest.
1212 522 1570 592 Compescat
1618 536 1681 576 se
1710 536 1849 590 ergo

183 606 468 660 humana
493 603 817 672 temeritas,
852 610 908 660 et
927 604 989 660 id
1016 607 1183 678 quod
1210 622 1337 663 non
1358 612 1444 663 est
1463 612 1845 680 nonquaerat,

183 710 264 750 ne
298 695 364 750 id
395 693 558 767 quod
582 698 670 749 est
693 709 820 749 non
847 694 1127 752 inveniat.
1174 699 1240 752 Et
1270 696 1318 751 si
1350 696 1719 753 voluntatem
1747 697 1849 754 Dei

186 800 377 840 nosse
415 783 730 852 desiderat,
763 783 867 839 ﬁat
898 784 1131 841 amicus
1165 786 1285 841 Dei.
1338 785 1489 851 Quia
1518 786 1565 841 si
1595 786 1847 857 alicujus

186 873 565 929 voluntatem
610 872 875 929 hominis
906 889 1082 930 nosse
1113 874 1304 946 vellet,
1346 875 1443 931 cui
1468 875 1698 932 amicus
1722 891 1846 932 non

184 967 364 1028 esset,
396 978 615 1018 omnes
633 963 763 1033 ejus
777 962 1216 1034 impudentiam
1236 965 1311 1035 [Ζ.
1324 1009 1337 1035 ,
1356 965 1845 1037 imprudentiam]

180 1054 287 1108 aut
312 1051 628 1107 stultitiam
650 1050 1007 1109 deriderent.
1032 1058 1305 1110 Attamen
1328 1055 1602 1112 arbitrari
1632 1071 1844 1129 possu-

179 1158 320 1197 mus
333 1139 642 1197 mundum
658 1141 839 1197 istum
854 1142 1115 1198 hominis
1135 1159 1324 1201 causa
1339 1160 1471 1200 esse
1487 1144 1844 1202 fabricatum

179 1231 283 1304 qui
331 1231 560 1287 domus
592 1231 748 1288 illius
792 1232 1253 1305 quodammodo
1290 1234 1480 1291 factus
1526 1239 1656 1304 est;
1716 1235 1840 1308 qui,

181 1336 320 1376 cum
348 1320 605 1376 diversis
634 1325 867 1377 constet
888 1321 1253 1392 substantiis,
1303 1339 1460 1380 unus
1499 1329 1591 1380 est
1614 1324 1693 1395 [Ζ.
1724 1339 1837 1380 om.

178 1410 289 1480 est]
315 1416 521 1465 tamen
549 1409 755 1465 multis
785 1410 1072 1466 membris
1104 1416 1365 1483 aptatus,
1390 1416 1456 1468 ut
1479 1429 1551 1467 ex
1570 1412 1664 1468 his
1693 1413 1842 1468 invi-

178 1513 314 1553 cem
335 1499 563 1554 mutuis
592 1498 904 1570 operibus,
924 1515 1059 1572 qua:
1083 1502 1421 1557 necessaria
1445 1501 1675 1558 homini
1692 1501 1837 1557 futu-

176 1603 247 1643 ra
270 1592 445 1643 erant
465 1589 865 1660 gignerentur.
911 1591 1176 1662 Denique
1206 1591 1372 1663 quod
1404 1592 1488 1647 ait
1537 1609 1550 1646 :
1605 1592 1835 1648 Creavit

1959 438 2015 489 et
2048 436 2214 492 tertia
2242 437 2359 508 die,
2392 437 2640 492 omnino
2662 452 2784 492 non
2807 436 3033 493 habent
3070 438 3220 510 quid
3247 439 3610 511 respondere

1957 529 2201 595 queant.
2236 526 2341 591 Qui
2389 542 2552 595 vero,
2585 531 2649 581 ut
2676 525 2904 582 dictum
2935 531 3041 595 est,
3068 527 3201 583 εαξΙὶ
3227 527 3471 583 nomine
3494 528 3612 600 spi-

1954 611 2154 668 ritales
2180 614 2515 685 intelligunt
2547 614 2884 686 dignitates,
2914 630 2985 670 ac
3016 620 3184 671 terra;
3202 616 3499 673 vocabulo
3523 618 3610 672 in-

1955 698 2212 758 formem
2242 702 2581 766 materiam,
2624 717 2698 757 ex
2748 718 2871 774 qua
2916 707 3131 759 cuncta
3160 702 3416 761 formata
3447 708 3606 776 sunt,

1954 788 2017 844 hi
2044 806 2288 863 quoque
2318 796 2472 847 recte
2500 790 2777 853 sentiunt,
2812 796 2867 846 et
2894 807 3107 847 sensus
3136 808 3344 847 eorum
3361 793 3607 849 creden-

1954 878 2068 933 dus
2097 885 2203 947 est,
2226 880 2307 937 ita
2332 884 2531 936 tamen
2561 880 2609 935 si
2662 879 2860 935 idonei
2886 886 3022 936 sunt
3046 881 3123 936 ad
3143 881 3607 937 discernendum

1954 967 2060 1038 [Z.,
2090 967 2468 1039 discendum]
2508 967 2655 1039 quid
2706 968 3010 1039 praecedat
3058 969 3403 1033 aeternitate,
3456 969 3606 1042 quid

1953 1059 2245 1129 tempore,
2278 1057 2425 1129 quid
2455 1056 2761 1125 electione,
2789 1056 2938 1129 quid
2986 1057 3232 1127 origine.
3286 1062 3433 1113 Nam
3481 1058 3605 1115 duo

1952 1160 2091 1216 quae
2115 1146 2177 1200 in
2203 1146 2401 1218 primo
2422 1150 2478 1201 et
2497 1146 2557 1200 in
2593 1145 2797 1201 ultimo
2824 1150 3131 1217 ponuntur
3154 1150 3305 1213 loco,
3338 1145 3605 1203 difﬁcilli-

1950 1249 2054 1289 ma
2081 1239 2220 1290 sunt
2248 1234 2325 1290 ad
2355 1234 2830 1303 intelligendum.
2860 1234 3130 1290 Arduum
3155 1250 3419 1308 namque
3444 1240 3534 1291 est
3548 1240 3606 1292 et

1950 1322 2295 1379 difﬁcillime
2342 1324 2769 1397 comprehendi
2797 1329 2996 1396 potest
3023 1325 3277 1397 qualiter
3306 1328 3460 1381 Deus
3493 1342 3603 1382 sua

1948 1413 2270 1469 aeternitate
2311 1418 2527 1469 cuncta
2572 1413 2856 1485 prazcedit
2885 1414 3091 1483 [Petr.,
3122 1415 3433 1485 procedit].
3478 1417 3603 1470 Duo

1946 1518 2091 1557 vero
2120 1518 2257 1574 quae
2283 1502 2484 1558 medio
2512 1506 2839 1575 ponuntur,
2872 1502 2935 1557 id
2960 1507 3051 1558 est
3073 1502 3605 1576 qualitertempore

1952 1590 2064 1646 ﬂos
2092 1590 2372 1658 fructum,
2395 1596 2453 1647 et
2481 1592 2766 1648 electione
2798 1592 3023 1647 fructus
3048 1592 3259 1648 ﬂorem
3281 1594 3601 1666 praecedat,

178 1679 346 1733 Deus
376 1678 587 1733 cadum
616 1684 670 1734 et
711 1683 956 1746 terram,
998 1679 1272 1735 nonnulli
1299 1680 1645 1752 simpliciter
1674 1680 1838 1737 intel-
1874 1698 1915 1752 Β
1952 1679 2125 1735 facile
2153 1682 2314 1736 valet
2340 1681 2788 1753 comprehendi.
2836 1683 3124 1737 Caeterum
3156 1683 3466 1754 quomodo
3495 1683 3607 1738 ori-

174 1766 455 1835 ligentes,
488 1765 712 1838 quibus
739 1782 914 1823 sacra
949 1768 1250 1841 Scriptura
1281 1770 1459 1825 nidus
1490 1774 1601 1838 est,
1632 1775 1689 1827 et
1716 1786 1838 1826 non

176 1854 475 1911 habentes
500 1871 734 1928 pennas
765 1856 988 1928 quibus
1028 1862 1251 1929 queant
1280 1858 1401 1914 alta
1429 1864 1650 1932 petere,
1691 1859 1840 1915 dum

181 1945 437 2001 audiunt
482 1945 698 2017 Deum,
746 1950 961 2019 putant
1006 1962 1146 2002 eum
1184 1963 1314 2004 esse
1372 1965 1750 2021 corporeum,
1785 1952 1841 2005 et

180 2034 394 2107 aliqua
418 2033 577 2090 mole
601 2034 763 2090 mirae
786 2036 1218 2106 magnitudinis
1243 2053 1604 2110 summaque
1630 2042 1839 2111 poten-

180 2123 262 2179 tia
290 2123 631 2197 praaditum.
663 2124 757 2180 isti
788 2125 949 2181 enim
980 2142 1103 2182 non
1130 2130 1271 2182 sunt
1303 2143 1410 2200 per
1456 2127 1662 2184 omnia
1704 2143 1841 2184 con-

182 2212 513 2281 temnendi,
558 2212 665 2268 sed
701 2214 901 2286 potius
938 2214 1389 2287 implorandum
1427 2219 1515 2272 est
1569 2217 1671 2287 [Z.,
1723 2232 1837 2272 om.

181 2302 294 2370 est]
314 2316 429 2373 pro
459 2301 563 2365 eis,
587 2306 649 2356 ut
678 2302 969 2358 Dominus
1000 2304 1195 2359 mittat
1222 2304 1505 2373 angelum
1537 2321 1714 2361 suum
1736 2305 1842 2377 qui

181 2403 292 2443 eos
317 2388 379 2444 in
405 2388 613 2444 nidum
642 2389 976 2460 recollocet,
1008 2396 1065 2447 et
1091 2392 1488 2464 plumescant,
1518 2398 1695 2465 atque
1713 2393 1842 2449 alas

181 2475 472 2549 spiritalis
499 2477 900 2549 intelligentiae
929 2479 1244 2552 accipiant,
1274 2485 1338 2535 ut
1367 2481 1550 2537 Deum
1570 2481 1843 2554 incorpo-

179 2580 351 2621 reum
377 2570 438 2621 et
475 2566 837 2624 invisibilem
880 2567 1232 2638 intelligant,
1274 2585 1349 2624 ne
1375 2574 1666 2642 tanquam
1694 2570 1841 2644 pulli

178 2654 508 2727 implumes
528 2671 567 2711 a
588 2656 888 2713 viantibus
920 2656 1364 2714 conculcentur.

246 2738 359 2795 Alii
387 2755 556 2802 vero,
575 2740 798 2797 altioris
824 2740 1222 2813 intelligentite
1249 2743 1538 2816 sapientia
1555 2744 1634 2815 [Ζ.
1650 2785 1662 2808 ,
1679 2744 1842 2800 intel-

171 2825 423 2897 ligentia
450 2829 778 2902 sapientiae]
804 2831 1054 2903 praediti,
1072 2831 1293 2904 quibus
1307 2831 1511 2889 divina
1541 2833 1842 2905 Scriptura

173 2931 300 2972 non
324 2917 464 2987 jam
513 2918 969 2989 quodammodo
1010 2920 1209 2989 nidus,
1244 2920 1351 2976 sed
1378 2920 1604 2977 fructus
1635 2926 1724 2978 est
1751 2926 1840 2978 at-

174 3006 515 3101 quecibus,
546 3007 653 3080 qui
682 3024 792 3101 per
818 3025 1020 3101 ramos
1044 3010 1226 3079 hujus
1238 3009 1468 3101 arboris
1483 3010 1841 3081 gratulando
1873 3048 1915 3101 ο

175 3094 446 3158 volitant,
500 3095 873 3152 attendentes
928 3098 1127 3170 ipsum
1169 3102 1356 3154 Deum
1395 3100 1838 3172 incorporeum,

177 3182 576 3253 invisibilem,
599 3189 657 3240 et
674 3184 1007 3255 intelligunt
1024 3186 1279 3258 qualiter
1303 3187 1363 3242 in
1392 3186 1552 3256 Filio,
1588 3188 1699 3244 hoc
1731 3193 1837 3253 est,

177 3271 230 3327 in
262 3273 478 3329 Verbo
520 3288 637 3327 suo
666 3288 790 3328 non
811 3278 1175 3331 transeunter
1212 3277 1507 3345 sonando,
1537 3277 1643 3332 sed
1672 3282 1840 3332 aiter-

176 3361 394 3418 naliter
428 3360 768 3426 manendo,
793 3363 1004 3418 creavit
1030 3364 1250 3420 caelum
1280 3369 1337 3420 et
1371 3370 1608 3421 terram.
1636 3365 1840 3438 Itaque

177 3449 268 3519 [Z.,
290 3448 600 3522 jamque]
627 3449 789 3521 quod
818 3451 1077 3523 sequitur
1107 3470 1120 3507 :
1156 3454 1370 3509 cwlum
1388 3460 1441 3510 el
1474 3459 1719 3517 terram,
1749 3453 1837 3509 di-

178 3541 324 3596 versi
362 3539 617 3595 diversa
660 3540 935 3596 sentiunt.
986 3542 1263 3598 Nonnulli
1306 3543 1550 3599 nomine
1579 3543 1709 3599 caeli
1741 3560 1841 3599 vo-

182 3626 308 3683 lunt
336 3626 590 3698 intelligi
627 3627 848 3684 caelum
882 3630 1043 3686 istud
1088 3631 1523 3705 conspicuum;
1586 3636 1643 3688 et
1672 3637 1839 3688 terrae

187 3716 433 3771 nomine
456 3721 672 3773 terram
706 3719 864 3774 hanc
894 3720 1204 3783 visibilem,
1262 3737 1331 3776 ex
1362 3738 1485 3793 qua
1514 3722 1841 3792 gignuntur

200 3805 499 3860 universa.
535 3806 631 3862 Alii
661 3808 890 3881 quippe
920 3808 1068 3864 illud
1105 3810 1350 3879 intelligi
1382 3811 1590 3867 volunt
1621 3811 1837 3866 caelum

204 3888 473 3944 thronum
504 3891 619 3958 Dei,
651 3892 818 3964 quod
857 3893 1041 3949 solius
1095 3895 1194 3965 [Z.,
1244 3894 1460 3967 solum]
1510 3895 1839 3967 praesentia;

194 3975 399 4033 divina
429 3978 689 4036 abomni
709 3981 1084 4037 volubilitate
1103 3982 1285 4053 hujus
1307 3984 1516 4039 mundi
1538 3989 1841 4039 manetse-

183 4074 430 4135 cretum,
459 4069 538 4124 de
576 4086 701 4142 quo
729 4073 788 4127 in
828 4073 1221 4144 sequentibus
1262 4072 1496 4145 plenius
1541 4088 1653 4129 suo
1705 4072 1839 4130 loco

177 4157 389 4215 dicturi
423 4176 661 4215 sumus.
697 4162 804 4217 Alii
835 4166 1035 4218 autem
1068 4163 1128 4217 in
1155 4163 1304 4219 cmlo
1328 4163 1659 4231 intelligunt
1675 4163 1841 4235 spiri-

174 4247 319 4303 tales
344 4253 676 4317 creaturas,
707 4250 768 4305 id
795 4256 883 4307 est
908 4250 1241 4321 angelicam
1270 4251 1622 4321 dignitatem
1652 4270 1664 4319 ;
1697 4252 1842 4323 quia

170 4337 371 4408 prima
391 4336 496 4393 die
525 4338 721 4411 ipsam
752 4339 1075 4413 spiritalem
1126 4350 1152 4376 ⁸
1200 4341 1483 4406 condidit,
1512 4340 1586 4396 de
1615 4357 1739 4413 qua
1766 4340 1843 4396 le-

172 4426 327 4495 gitur
364 4426 431 4482 in
463 4426 620 4482 libro
649 4427 809 4484 beati
836 4428 948 4485 Job
979 4448 991 4485 :
1029 4430 1177 4485 Cum
1207 4444 1298 4486 me
1320 4430 1641 4485 laudarent
1662 4430 1842 4485 simul

171 4524 337 4573 astra
368 4519 701 4585 matutina,
732 4524 786 4575 et
808 4520 1151 4589 jubz'larent
1182 4526 1379 4575 on‘mes
1407 4521 1526 4586 ,‘clz‘i
1551 4520 1661 4575 Dei
1686 4519 1837 4586 (Job.

174 4621 406 4678 xxxviii,
434 4608 496 4677 7)
526 4626 540 4674 ;
569 4608 630 4663 in
659 4612 813 4664 terra
841 4625 985 4664 vero
1015 4608 1336 4664 informem
1368 4608 1678 4665 materiam
1730 4608 1843 4664 Alii

172 4697 403 4771 quippe
440 4696 747 4752 vocabulo
777 4697 912 4753 cceli
959 4714 1030 4753 ac
1076 4703 1242 4753 terrae
1285 4698 1481 4770 ipsam
1520 4697 1840 4753 informem

176 4786 521 4852 materiam,
548 4800 621 4840 ex
652 4801 775 4857 qua
803 4791 1072 4841 creatum
1100 4791 1189 4841 est
1216 4786 1434 4841 ccelum
1457 4791 1512 4841 et
1531 4791 1704 4841 terra.
1728 4789 1842 4842 Nec

168 4871 502 4941 immerito,
535 4874 680 4946 quia
702 4874 970 4931 futurum
1005 4880 1132 4929 erat
1164 4880 1224 4930 ut
1250 4891 1323 4930 ex
1353 4875 1486 4947 ipsa
1515 4874 1843 4929 formaren-

166 4967 285 5018 tur.
327 4967 480 5018 Nam
516 4963 738 5019 caelum
779 4969 992 5035 postea
1021 4964 1296 5019 scribitur
1325 4965 1571 5019 factum.
1633 4962 1844 5018 Taliter

162 5050 415 5108 dictum
444 5057 532 5107 est
557 5051 1081 5125 quemadmodum
1109 5053 1177 5121 si,
1202 5068 1404 5107 semen
1441 5051 1673 5108 arboris
1706 5066 1844 5107 con-

162 5141 537 5207 siderantes,
564 5142 844 5197 dicamus
872 5141 954 5197 ibi
984 5157 1113 5197 esse
1139 5141 1391 5205 radices,
1447 5145 1503 5196 et
1550 5141 1755 5212 robur,
1789 5142 1847 5196 et

161 5245 409 5295 ramos,
437 5234 497 5285 et
527 5229 774 5298 fructus,
798 5235 855 5285 et
880 5229 1041 5295 folia,
1073 5247 1197 5286 non
1218 5230 1362 5304 quia
1378 5229 1508 5300 jam
1540 5235 1697 5299 Sunt,
1740 5229 1845 5286 sed

160 5321 315 5394 quia
336 5318 489 5376 inde
512 5319 715 5375 futura
737 5324 896 5375 sunt.
923 5323 1059 5392 Ipsa
1089 5320 1248 5376 enim
1269 5320 1520 5376 confusa
1537 5321 1847 5390 [Petr.,in.

162 5409 455 5479 confusa]
500 5408 759 5463 materia
795 5408 970 5479 quasi
999 5424 1205 5464 semen
1234 5408 1363 5465 coeli
1393 5424 1463 5464 ac
1511 5414 1677 5463 terres
1698 5415 1843 5462 erat.

1952 1768 2109 1839 gine,
2134 1774 2197 1824 ut
2222 1785 2406 1824 sonus
2435 1774 2680 1825 cantum
2720 1769 3019 1842 prazcedit,
3042 1771 3373 1826 obscurum
3402 1771 3482 1827 ad
3512 1787 3606 1827 ca-

1949 1858 2240 1931 piendum
2278 1862 2387 1914 est.
2439 1858 2556 1915 Sed
2577 1859 2913 1914 notandum
2940 1864 3025 1914 est
3054 1860 3198 1932 quia
3235 1860 3434 1916 omnis
3469 1876 3606 1917 can-

1948 1952 2045 2004 tus
2075 1963 2281 2017 sonus,
2322 1963 2446 2004 non
2486 1947 2683 2003 omnis
2728 1964 2913 2004 sonus
2942 1953 3178 2006 cantus.
3226 1952 3418 2007 Sonus
3444 1951 3605 2005 enim

1948 2036 2241 2093 formatus
2290 2036 2357 2092 ﬁt
2406 2042 2641 2103 cantus,
2691 2042 2748 2093 et
2789 2052 2912 2093 non
2967 2037 3163 2093 solum
3219 2043 3454 2106 cantus,
3499 2038 3605 2093 sed

1949 2127 2129 2182 etiam
2157 2126 2355 2182 suavis
2388 2141 2458 2181 ac
2489 2126 2701 2195 dulcis,
2727 2126 2984 2198 ideoque
3015 2127 3144 2182 sola
3163 2127 3391 2197 origine
3421 2143 3607 2183 sonus

1948 2214 2233 2288 praecedit
2254 2218 2521 2269 cantum.
2550 2214 2642 2268 Sic
2661 2214 2886 2285 quippe
2914 2213 3185 2268 informis
3203 2214 3454 2270 materia
3480 2230 3605 2269 non

1950 2301 2273 2357 aeternitate
2304 2299 2886 2372 praeceditformatas
2918 2303 3239 2369 creaturas,
3281 2300 3431 2356 sicut
3451 2301 3605 2355 Deus

1947 2390 2165 2463 ipsam.
2188 2393 2315 2445 Non
2340 2393 2626 2460 tempore,
2648 2388 2792 2460 quia
2817 2392 3091 2460 tempora
3110 2404 3234 2443 non
3260 2388 3498 2444 fuerunt
3521 2388 3609 2444 ni-

1951 2480 2000 2534 si
2021 2484 2158 2551 post
2187 2478 2476 2533 formatas
2497 2482 2818 2532 creaturas.
2849 2480 2961 2532 Nec
2991 2476 3275 2533 electione
3306 2494 3445 2533 cum
3466 2493 3609 2550 pen-

1951 2568 2117 2624 deret
2145 2566 2483 2634 extremior,
2514 2566 2659 2638 quia
2689 2565 2950 2638 potiores
2982 2569 3121 2621 sunt
3149 2566 3420 2621 formatae
3451 2581 3611 2622 crea-

1949 2660 2097 2713 turae
2127 2671 2315 2728 quam
2334 2653 2607 2710 informis
2638 2652 2972 2709 substantia
3003 2671 3016 2721 ;
3056 2653 3163 2708 sed
3192 2669 3316 2708 non
3339 2652 3466 2709 sola
3494 2652 3609 2709 ori-

1951 2745 2088 2815 gine
2117 2744 2399 2817 praecedit
2418 2743 2703 2799 formatas
2721 2746 3044 2808 creaturas,
3066 2745 3220 2797 Deus
3242 2742 3401 2798 enim
3422 2758 3496 2798 ex
3524 2743 3609 2798 ni-

1950 2834 2072 2890 hilo
2098 2832 2365 2889 condidit
2390 2831 2711 2887 informem
2742 2831 3148 2896 materiam,et
3174 2846 3246 2887 ex
3272 2832 3404 2904 ipsa
3426 2847 3608 2887 cunc-

1950 2927 2010 2978 ta
2032 2921 2272 2991 creavit,
2290 2920 2464 2992 juxta
2493 2920 2657 2992 quod
2681 2919 2968 2992 scriptum
2993 2924 3082 2975 est
3108 2919 3170 2975 in
3189 2919 3343 2975 libro
3369 2919 3610 2992 Sapien-

1952 3012 2046 3067 tiae
2080 3029 2093 3066 :
2121 3011 2258 3066 Non
2282 3012 2438 3065 enim
2465 3010 2575 3065 erit
2608 3024 2824 3064 manus
2855 3015 2981 3075 tua,
3006 3009 3275 3069 Domine,
3310 3010 3606 3079 invalida,

1952 3115 2073 3171 qua
2099 3101 2317 3155 creasti
2344 3098 2634 3154 mundum
2664 3112 2739 3153 ex
2768 3098 3021 3166 informi
3038 3099 3294 3153 materia
3325 3100 3491 3166 (Sap.
3524 3113 3605 3166 xi,

1955 3192 2063 3253 18).
2094 3187 2257 3242 Unde
2288 3183 2648 3257 philosophi,
2704 3189 2883 3255 prout
2927 3184 3059 3253 jam
3088 3183 3315 3237 dictum
3346 3189 3455 3251 est,
3484 3199 3606 3238 non

1949 3275 2215 3330 valentes
2239 3277 2551 3344 penetrare
2580 3268 3101 3342 quemadmodum
3130 3268 3337 3324 divina
3369 3270 3607 3341 Sapien-

1951 3363 2032 3419 tia
2057 3361 2355 3417 mundum
2390 3359 2609 3414 creavit
2637 3374 2708 3413 ex
2730 3357 2937 3427 nihilo,
2961 3356 3342 3413 aestimabant
3371 3364 3608 3414 coe‘ter-

1950 3468 2100 3508 num
2130 3466 2261 3506 esse
2280 3447 2597 3503 mundum.
2623 3447 2737 3501 Ista
2758 3451 3075 3519 propterea
3096 3445 3322 3511 dicunt,
3346 3447 3492 3518 quia
3523 3451 3606 3511 at-

1950 3540 2203 3598 tendunt
2230 3537 2491 3600 fabrum,
2538 3541 2595 3591 et
2642 3551 2765 3590 non
2805 3536 3013 3590 Deum.
3048 3534 3229 3590 Aiunt
3252 3534 3413 3589 enim
3466 3553 3477 3590 :
3518 3535 3605 3590 [.i-

1951 3646 2138 3702 gnum
2167 3628 2418 3699 adjuvat
2446 3626 2709 3690 fabrum,
2740 3631 2793 3681 et
2830 3629 3147 3694 argentum
3174 3625 3604 3694 argentarium,

1950 3725 2009 3776 et
2027 3734 2236 3775 aurem
2266 3716 2593 3772 auriﬁcem.
2620 3715 2717 3769 His
2747 3714 2907 3769 enim
2946 3713 3226 3785 quamvis
3275 3714 3602 3784 indigeant,

1949 3814 2151 3865 tamen
2173 3822 2372 3863 creare
2401 3808 2727 3877 nequeunt.
2762 3802 3051 3858 Dominus
3079 3805 3281 3856 autem
3325 3801 3471 3855 nihil
3501 3801 3605 3854 ho-

1948 3913 2084 3953 rum
2115 3894 2388 3964 indiguit,
2415 3893 2521 3948 sed
2543 3908 2615 3947 ex
2643 3890 2883 3946 informi
2912 3888 3163 3944 materia
3184 3887 3451 3943 condidit
3472 3903 3603 3942 om-

1949 3988 2070 4057 nia,
2103 4000 2226 4041 non
2259 3988 2423 4040 extra
2450 3998 2512 4037 se
2544 3986 2833 4052 tanquam
2864 3978 3031 4033 faber
3059 3984 3205 4045 (non
3245 3976 3405 4031 enim
3437 3974 3606 4031 faber

1949 4077 2091 4133 facit
2120 4075 2373 4144 lignum,
2402 4070 2503 4128 sed
2533 4071 2606 4125 de
2636 4069 2800 4138 ligno
2830 4067 3055 4140 aliquid
3088 4066 3269 4131 facit).
3317 4065 3604 4138 Omnipo-

1948 4169 2080 4220 tens
2110 4170 2312 4219 autem
2350 4161 2515 4218 nulla
2545 4176 2606 4215 re
2636 4157 3021 4229 adjuvandus
3065 4160 3211 4223 erat,
3262 4170 3448 4227 quam
3477 4153 3603 4227 ipse

1948 4268 2072 4308 non
2106 4252 2342 4318 fecerat,
2402 4256 2467 4306 ut
2518 4247 2683 4322 quod
2728 4245 2969 4302 volebat
3009 4243 3285 4311 efﬁceret,
3336 4242 3604 4315 alioquin

1952 4345 2105 4397 Deus
2126 4356 2247 4397 non
2278 4342 2453 4394 esset.

2026 4429 2141 4487 Sed
2169 4429 2453 4502 quaeritur
2474 4442 2580 4483 cur
2616 4425 2696 4482 ita
2732 4425 2960 4481 dictum
2990 4427 3078 4479 est
3129 4440 3142 4478 :
3201 4424 3275 4479 In
3302 4424 3603 4492 principio

1947 4520 2093 4589 fecit
2124 4520 2281 4574 Deus
2317 4516 2533 4573 caelum
2572 4520 2627 4570 et
2659 4520 2903 4579 terram,
2954 4516 3013 4567 et
3052 4527 3174 4567 non
3219 4510 3444 4565 dictum
3476 4514 3599 4564 est:

1952 4612 2015 4663 In
2048 4606 2339 4680 principio
2367 4605 2515 4661 dixit
2562 4607 2716 4659 Deus
2773 4620 2785 4656 :
2844 4602 2966 4657 Fiat
2994 4600 3213 4655 caalum
3244 4603 3301 4653 et
3328 4603 3503 4665 terra,
3534 4597 3605 4651 si-

1953 4702 2053 4753 cut
2076 4696 2151 4751 de
2180 4696 2311 4750 luce
2333 4698 2639 4750 narratur:
2676 4692 2843 4759 Dixit
2876 4692 3029 4744 Deus
3058 4704 3081 4743 .·
3108 4689 3250 4741 Fiat
3281 4688 3408 4747 lux,
3438 4690 3494 4740 et
3517 4701 3603 4739 re-

1952 4786 2118 4858 liqua
2148 4787 2173 4840 ‘I
2215 4784 2335 4840 Nisi
2365 4784 2509 4854 quia
2538 4782 2702 4854 prius
2745 4776 3155 4834 universaliter
3191 4773 3436 4829 nomine
3472 4773 3604 4829 coeli

1953 4880 2011 4930 et
2038 4880 2203 4929 terrae
2233 4867 2870 4941 comprehendendum
2901 4869 3045 4934 erat,
3071 4869 3128 4919 et
3166 4863 3603 4919 commendan-

1953 4963 2101 5019 dum
2122 4961 2286 5033 quod
2312 4944 2464 5023 fecit,
2489 4962 2545 5013 et
2574 4955 2789 5011 deinde
2805 4970 2910 5027 per
2934 4959 3133 5026 partes
3150 4953 3603 5025 exsequendum

1955 5050 2126 5106 sicuti
2155 5052 2352 5103 actum
2384 5044 2615 5115 legitur.
2650 5046 2925 5115 Sequitur
2956 5058 2969 5096 :

2028 5140 2272 5193 Vens.2.
2325 5165 2394 5174 —
2446 5135 2631 5189 Terra
2661 5140 2857 5188 autem
2893 5135 3022 5186 erat
3062 5130 3261 5186 inanis
3292 5135 3347 5184 et
3390 5145 3603 5185 vacua.

1957 5232 2103 5285 Cum
2128 5224 2399 5298 superius
2430 5223 2509 5278 ait
2537 5238 2548 5277 :
2586 5222 2817 5277 Creavtt
2846 5222 2999 5275 Deus
3032 5220 3246 5275 coetum
3272 5224 3327 5274 et
3355 5224 3605 5280 terram,

1957 5333 2063 5373 cur
2098 5316 2315 5371 dicitur
2350 5330 2362 5368 :
2400 5315 2584 5367 Terra
2622 5317 2819 5366 autem
2846 5314 2975 5366 erat
3014 5309 3215 5363 inanis
3263 5312 3315 5361 et
3362 5322 3554 5363 vacua
3581 5310 3610 5360 ?

1956 5405 2072 5460 nisi
2098 5420 2241 5476 quia
2264 5403 2402 5474 ipsa
2430 5398 2701 5456 informis
2728 5397 2996 5463 materia,
3021 5413 3157 5469 quia
3181 5395 3425 5452 nomine
3442 5400 3607 5451 terrae

162 5502 317 5557 Nam
349 5497 441 5555 illi
483 5498 593 5570 qui
636 5497 769 5554 cmli
817 5498 1061 5554 nomine
1094 5499 1210 5554 hoc
1239 5498 1467 5553 visibile
1512 5498 1751 5558 caelum.
1793 5500 1851 5552 et
1959 5493 2117 5549 dicta
2149 5500 2255 5562 est,
2277 5492 2473 5547 inanis
2505 5494 2711 5546 eratet
2740 5505 2952 5543 vacua.
2985 5488 3194 5543 Inanis
3224 5485 3515 5549 videlicet,
3548 5483 3609 5538 id

165 5595 339 5646 terrae
371 5587 686 5645 vocabulo
702 5588 863 5644 hanc
883 5589 1274 5661 conspicuam
1293 5587 1540 5657 intelligi
1556 5587 1782 5655 volunt,
1802 5585 1851 5643 si
1961 5589 2054 5643 est
2082 5582 2481 5659 incomposita
2510 5587 2565 5639 et
2590 5580 2851 5637 necdum
2898 5578 3240 5635 coadunata
3278 5576 3338 5631 in
3383 5574 3610 5645 species

239 5706 266 5735 ³
298 5695 561 5771 Supple,
593 5712 664 5754 ex
697 5695 834 5753 cod.
869 5697 951 5765 2.,
982 5702 1347 5753 creaturam.
