4180 6186
485 233 591 287 H5

1599 225 1959 284 ANGELOMI
2015 222 2459 281 LUXOVIENSIS
2509 224 2820 282 MONACHI

3790 235 3816 313 ⁵ί
3833 231 3899 289 ιτα

485 370 644 410 suas.
694 355 888 410 Vacua
920 369 1079 419 vero,
1112 352 1255 425 quia
1283 351 1537 407 vacabat
1567 366 1600 405 a
1629 350 1947 420 gignendis
1978 349 2133 403 fruc-
2163 351 2209 403 Α
2236 347 2412 419 quod
2436 347 2666 416 dicitur,
2693 351 3009 421 ferebatur
3034 354 3061 408 ί]
3103 349 3384 424 Nunquid
3411 352 3508 407 tali
3534 353 3719 410 modo
3749 371 3903 428 que-

484 443 667 499 tibus.
702 443 867 499 Unde
896 442 1011 498 alia
1041 439 1348 498 translatio
1378 439 1515 495 dicit
1543 456 1554 493 :
1604 440 1803 495 Invisa
1834 446 1886 495 et
1920 441 2137 493 incom-

2247 438 2645 493 madmodum
2686 439 2776 494 sol
2814 446 2981 496 terrae
3012 441 3377 514 superfertur
3403 441 3432 497 ?
3476 442 3730 518 Minime.
3786 446 3904 503 Sed

479 534 701 603 posita.
743 534 941 588 Invisa
971 534 1214 604 propter
1249 528 1693 595 obscuritatem,
1740 528 2140 597 Incomposita
2244 525 2559 595 ferebatur
2583 541 2705 582 non
2735 528 3017 596 localiter,
3051 529 3154 585 sed
3179 529 3599 603 potentialiter,
3632 533 3905 597 regendo

487 626 730 693 propter
774 620 1234 681 deformitatem,
1260 616 1406 689 quia
1438 616 1637 672 adhuc
1658 621 1780 673 tota
1808 616 2051 688 abysso,
2083 614 2140 669 id

488 714 596 781 est,
623 710 918 764 immensa
947 706 1679 779 profunditatetegebatur
1705 708 2143 778 aquarum.Un-

488 799 562 854 de
592 814 697 869 per
725 798 838 852 hoc
869 796 1031 869 quod
1065 796 1145 850 ait
1176 812 1188 850 :
1251 797 1439 850 Terra
1470 802 1667 851 autem
1698 803 1825 851 erat
1855 797 2052 851 inanis
2089 800 2143 850 et

487 901 700 953 vacua,
732 884 908 955 quale
940 884 1013 939 sit
1041 884 1279 951 coelum,
1307 883 1472 956 quod
1492 885 1756 956 primum
1785 882 2139 947 considerat,

485 977 680 1046 potest
708 972 975 1042 intelligi,
1010 972 1279 1027 videlicet
1302 973 1462 1044 quod
1482 972 1559 1027 ab
1573 972 1737 1027 omni
1763 971 1944 1043 hujus
1965 984 2143 1025 mun-

488 1062 547 1117 di
577 1062 823 1130 volubili
845 1067 1002 1117 statu
1045 1066 1358 1128 secretum,
1391 1061 1607 1115 divinae
1638 1060 1967 1133 praesentiae
2016 1073 2143 1112 ma-

487 1155 588 1206 net
625 1166 863 1222 semper
899 1150 1189 1222 quietum.
1223 1153 1371 1205 Nam
1402 1150 1475 1204 de
1506 1157 1710 1205 nostro
1734 1148 1904 1215 caelo,
1937 1147 1997 1202 in
2019 1162 2142 1220 quo

490 1244 631 1295 sunt
652 1240 847 1311 posita
872 1238 1215 1308 luminaria,
1246 1238 1502 1311 qualiter
1530 1238 1625 1294 vel
1652 1238 1899 1311 quando
1932 1237 2141 1291 sitfac-

486 1332 637 1397 tum,
667 1327 728 1381 in
755 1327 1140 1400 sequentibus
1168 1327 1523 1382 declaratur.
1554 1330 1680 1382 Non
1709 1342 1852 1395 ergo
1870 1324 2144 1398 superius

488 1416 632 1472 illud
664 1415 876 1472 coelum
902 1417 1081 1473 inane
1104 1421 1370 1473 creatum
1400 1421 1489 1473 est
1518 1423 1848 1472 etvacuum
1873 1423 1935 1471 ut
1967 1422 2141 1481 terra,

487 1506 778 1578 quoniam
826 1505 972 1561 nihil
1010 1507 1305 1562 creatione
1337 1506 1440 1577 [Z.,
1472 1522 1609 1578 quae
1630 1505 1777 1561 nihil
1805 1504 2142 1575 creationis]

488 1595 749 1667 protulit,
772 1596 916 1667 quia
947 1604 1087 1651 mox
1115 1595 1475 1651 beatissimis
1507 1596 1863 1664 angelorum
1886 1594 2140 1664 agmini-

488 1682 603 1738 bus
631 1684 944 1755 impletum
1002 1688 1107 1752 est,
1159 1684 1232 1739 de
1291 1685 1511 1757 quibus
1556 1684 1829 1756 superius
1858 1684 2139 1748 diximus,
2173 1709 2214 1764 Β

488 1788 643 1846 quos
682 1772 743 1827 in
769 1772 1062 1846 principio
1093 1789 1232 1828 cum
1260 1773 1431 1841 coelo,
1468 1779 1523 1828 et
1566 1778 1717 1828 terra
1744 1772 1820 1827 ad
1851 1771 2143 1826 laudatio-

488 1876 628 1916 nem
661 1860 751 1916 sui
782 1863 1026 1932 creavit,
1061 1863 1212 1918 sicut
1258 1862 1386 1934 ipse
1431 1862 1508 1917 ad
1538 1862 1783 1917 beatum
1815 1862 1924 1917 Job
1956 1861 2095 1915 dic.t
2128 1876 2140 1915 :

493 1951 604 2006 Ubi
635 1966 767 2008 eras
825 1953 1067 2023 quando
1112 1953 1409 2021 ponebam
1457 1953 1863 2023 fundamenta
1921 1954 2147 2006 terrai?

489 2040 640 2111 (Job.
671 2057 915 2108 xxxvm,
940 2043 1098 2112 4.)Et
1117 2041 1300 2115 paulo
1324 2047 1494 2114 post:
1526 2042 1673 2098 Cum
1700 2056 1792 2096 me
1819 2040 2143 2096 laudarent

488 2131 657 2181 astra
671 2127 993 2195 matutina,
1010 2131 1062 2182 et
1070 2126 1410 2195 jubitarent
1424 2141 1622 2182 omnes
1635 2127 1752 2194 ﬁlii
1776 2127 1878 2181 Dei
1892 2126 1921 2180 εἰ
1943 2125 2144 2196 (Ibid)

488 2215 529 2268 E
550 2214 773 2285 quibus
807 2214 910 2269 uni
939 2214 1153 2270 dicitur
1187 2230 1198 2267 :
1236 2215 1533 2282 Quomodo
1565 2215 1828 2271 cecidisti
1855 2216 1926 2271 de
1954 2216 2149 2270 caelo?

487 2305 545 2357 et
566 2301 798 2376 reliqua
821 2304 963 2374 (lsa.
992 2320 1111 2376 xxv,
1148 2307 1256 2376 t2).
1318 2304 1374 2360 Si
1401 2304 1599 2359 adhuc
1629 2305 1690 2360 in
1713 2303 1862 2359 coelo
1892 2308 2017 2359 erat
2040 2319 2146 2376 p0-

487 2390 654 2458 situs,
707 2392 1018 2463 quomodo
1070 2392 1260 2447 dicit:
1320 2393 1392 2449 In
1424 2395 1638 2450 cretum
1698 2392 2086 2449 conscendam
2117 2393 2146 2447 ?

490 2479 605 2534 Sed
635 2479 779 2550 quia
796 2480 1079 2550 legimus:
1117 2482 1345 2538 Caelum
1365 2483 1499 2538 creti
1516 2483 1760 2538 Domino
1787 2482 1955 2552 (Psal
1993 2497 2142 2549 eam,

492 2565 598 2639 16),
632 2582 771 2622 eum
803 2576 956 2623 esset
984 2569 1043 2623 in
1093 2568 1264 2624 ccelo.
1302 2569 1363 2624 1d
1410 2575 1496 2624 est
1542 2569 1603 2624 in
1648 2569 2048 2636 firmamento,
2082 2568 2143 2624 in

486 2653 726 2723 coelum,
760 2656 864 2711 ubi
905 2656 1121 2713 solium
1160 2657 1259 2712 Dei
1294 2662 1437 2725 erat,
1480 2657 1760 2730 cupiebat
1798 2658 2139 2714 ascendere.

490 2745 604 2800 Seu
630 2744 781 2800 sicut
809 2744 1070 2801 diximus
1097 2747 1391 2818 superius,
1440 2752 1543 2802 aut
1582 2746 1718 2819 ipsa
1758 2738 2029 2818 angelica
2059 2747 2145 2802 di-

483 2833 699 2904 gnitas,
731 2840 834 2890 aut
846 2834 1264 2906 ipsainformis
1282 2837 1528 2892 materia
1550 2836 2140 2907 omiumintelligitur.

554 2925 629 2980 Et
652 2924 906 2981 tenebrae
918 2931 1092 2981 erant
1118 2942 1298 2995 super
1318 2927 1537 2997 faciem
1560 2926 1776 2997 abyssi.
1803 2927 2018 3000 Abyssi
2040 2944 2144 2983 no-

491 3012 654 3068 mine
692 3012 793 3068 illa
819 3012 1092 3073 informis
1136 3015 1387 3070 materia
1417 3015 1722 3088 accipitur,
1751 3033 1821 3072 eo
1847 3017 2012 3089 quod
2039 3016 2141 3072 ob-

485 3117 665 3158 scura
710 3107 913 3159 eratet
940 3102 1261 3175 profunda.
1295 3103 1388 3160 Ait
1430 3104 1609 3160 enim.
1666 3105 1745 3160 Et
1784 3106 2054 3174 tenebrae,
2086 3110 2173 3162 et‘

482 3190 736 3264 reliqua.
772 3194 964 3259 Quare
995 3207 1137 3262 ergo
1157 3193 1546 3249 nominantur
1572 3194 1854 3258 tenebrae,
1882 3210 2019 3250 cum
2048 3212 2144 3249 su-

480 3282 684 3355 perius
714 3297 839 3338 non
871 3289 1426 3339 commemorantur
1456 3287 1665 3339 creatae
1689 3284 1716 3338 ‘?
1752 3287 1900 3355 Ergo
1932 3285 1980 3339 si
2005 3300 2142 3340 con-

483 3371 620 3426 ditze
659 3386 780 3425 non
830 3374 987 3437 sunt,
1017 3372 1294 3442 nunquid
1319 3377 1551 3428 aeternae
1581 3378 1721 3427 sunt
1747 3375 1775 3429 ?
1812 3373 1999 3429 Absit.
2028 3372 2141 3428 Sed

485 3453 795 3510 sciendum
809 3459 896 3509 est
911 3457 1053 3526 quia
1078 3455 1334 3511 tenebrae
1350 3472 1471 3513 non
1488 3463 1575 3512 est
1593 3473 1686 3512 res
1712 3457 2140 3526 substantialis,
2158 3452 2163 3456 ’

484 3542 591 3598 sed
622 3542 860 3615 proprie
884 3543 1271 3599 nominantur
1294 3545 1548 3601 tenebrae
1563 3545 2025 3602 absentialueis.
2063 3546 2144 3601 Si-

486 3635 587 3687 cut
615 3630 776 3687 enim
808 3630 1111 3687 silentium
1139 3647 1262 3688 non
1288 3637 1377 3689 est
1398 3634 1750 3702 substantia,
1783 3635 1891 3689 sed
1921 3634 2142 3689 absen-

484 3720 565 3777 tia
593 3720 792 3789 vocis;
837 3725 894 3777 et
922 3722 1163 3778 nuditas
1193 3723 1341 3778 nihil
1390 3724 1666 3780 absentia
1710 3724 2055 3793 tegumenti,
2089 3725 2146 3778 et

484 3814 696 3866 caetera
725 3808 886 3880 talia,
916 3809 999 3864 sic
1020 3810 1245 3882 quippe
1274 3811 1540 3869 tenebras
1572 3818 1657 3868 est
1691 3814 1761 3883 [Ζ
1782 3855 1795 3880 ,
1823 3813 1982 3883 sunt]
2012 3812 2145 3886 ipsa

483 3898 734 3972 privatio
765 3898 934 3965 lucis,
963 3904 1020 3955 et
1047 3916 1171 3955 non
1197 3900 1424 3973 aliquid
1457 3907 1599 3957 sunt
1627 3902 1732 3957 sed
1764 3900 1867 3957 ubi
1895 3901 1999 3957 lux
2020 3917 2145 3957 non

486 3994 594 4052 est,
622 3989 879 4045 tenebrae
907 3988 1205 4047 dicuntur.
1244 3993 1400 4046 Bene
1432 4008 1697 4065 namque
1728 3992 1947 4047 dicitur
1988 4008 2001 4047 :
2048 3994 2147 4047 Te-

484 4079 688 4134 nebrce
734 4084 907 4134 erant
955 4094 1130 4149 super
1167 4081 1387 4150 faciem
1420 4081 1638 4151 abyssi,
1695 4080 1840 4152 quia
1868 4080 2145 4135 nondum

487 4169 613 4222 erat
640 4165 976 4223 illuminata
996 4173 1052 4224 et
1072 4167 1453 4224 manifestata
1483 4168 1827 4240 supradicta
1874 4167 2145 4223 informis

487 4256 755 4312 materia.
794 4259 907 4313 Seu
956 4258 1135 4314 etiam
1186 4257 1381 4314 dicere
1426 4274 1750 4330 possumus
1793 4259 1958 4330 quod
1992 4260 2146 4312 Deus

489 4360 614 4401 non
643 4345 920 4401 tenebras
962 4347 1023 4402 in
1071 4362 1233 4419 aqua
1267 4352 1369 4402 aut
1412 4347 1474 4402 in
1510 4362 1645 4401 aere
1672 4346 1809 4401 fecit
1835 4345 2008 4412 ullas,
2039 4345 2146 4400 sed

2248 616 2305 666 et
2325 614 2733 671 sustendando
2759 616 2957 689 ipsam
2996 618 3318 674 informem
3344 618 3698 675 materiam:
3752 622 3908 680 sicut

2251 700 2620 771 superfertur
2663 704 2844 759 rebus
2898 704 3264 761 fabricandis
3317 704 3594 762 voluntas
3635 708 3905 767 artiﬁcis.

2252 788 2415 844 Unde
2444 789 2597 846 bene
2627 792 2741 849 alia
2775 794 3085 850 translatio
3115 795 3257 851 dicit
3311 812 3323 850 :
3378 796 3764 854 Incumbebat
3793 800 3902 870 [Z.,

2249 878 2616 951 incubabat],
2634 897 2738 937 seu
2751 884 3100 953 conferebat
3124 884 3182 939 in
3203 883 3589 941 similitudine
3618 885 3903 953 volucris,

2249 981 2366 1021 ova
2395 967 2589 1024 calore
2615 970 2959 1039 animantis,
2993 978 3057 1027 ut
3083 972 3392 1029 manifeste
3438 972 3797 1043 intelligatur
3822 976 3905 1034 de

2253 1055 2467 1127 Spiritu
2490 1064 2727 1130 sancto,
2761 1066 2817 1115 et
2844 1077 2967 1116 non
2998 1061 3071 1117 de
3103 1062 3313 1135 spiritu
3351 1062 3534 1133 hujus
3573 1063 3805 1132 mundi,
3830 1064 3909 1122 si-

2251 1148 2349 1199 cut
2373 1145 2630 1202 haeretici
2656 1154 3035 1221 putaverunt.
3073 1150 3223 1215 Quia
3254 1150 3405 1206 sicut
3443 1150 3573 1207 avis
3603 1152 3902 1224 confovet,

2252 1237 2316 1286 ut
2343 1232 2496 1288 fetus
2527 1235 2587 1291 in
2620 1238 2849 1308 species
2892 1238 3207 1311 producat,
3248 1240 3329 1294 ita
3358 1239 3608 1312 Spiritus
3658 1248 3906 1299 sanctus

2250 1320 2488 1378 fovebat
2515 1323 2712 1396 ipsam
2758 1326 3080 1382 informem
3133 1328 3535 1384 substantiam
3582 1334 3647 1385 ut
3688 1336 3907 1388 cuncta

2251 1411 2532 1467 conderet
2560 1429 2634 1468 ex
2663 1429 2753 1469 ea.
2787 1414 3214 1472 Verumtamen
3231 1418 3627 1490 quaerendum
3647 1424 3734 1475 est
3756 1436 3910 1494 qua-

2249 1517 2313 1556 re
2365 1502 2755 1558 nominantur
2811 1519 3007 1576 aquae,
3064 1521 3200 1560 cum
3262 1522 3448 1579 supra
3502 1522 3626 1563 non
3696 1507 3907 1579 legan-

2252 1594 2345 1644 tur
2373 1595 2585 1645 creatae
2614 1592 2636 1645 ?
2668 1595 2819 1662 Ergo
2849 1593 3123 1665 nunquid
3155 1599 3389 1650 aeternae
3421 1601 3578 1663 sunt,
3612 1596 3763 1653 sicut
3792 1601 3908 1655 Ma-

2250 1678 2464 1732 nichaei
2493 1679 2782 1751 suspicati
2827 1683 3019 1737 sunt?
3053 1686 3196 1739 Non.
3239 1682 3351 1738 Sed
3389 1684 3505 1755 ipsi
3550 1687 3908 1759 semetipsos

2252 1766 2465 1821 fallunt
2496 1768 2595 1837 [Z.,
2627 1769 2741 1840 ipsi
2771 1785 2878 1842 per
2899 1772 3250 1843 semetipsos
3268 1772 3767 1847 falluntur],quia
3780 1790 3906 1831 non

2250 1855 2586 1927 intelligunt
2629 1858 2796 1929 quod
2841 1859 3142 1915 vocabulo
3192 1876 3365 1932 aqua:
3414 1862 3551 1934 ipsa
3594 1862 3907 1920 invisibilis

2252 1945 2589 2001 substantia
2616 1948 2979 2013 nominetur,
3032 1953 3088 2004 et
3126 1964 3389 2020 congrue
3426 1966 3586 2023 aqua
3611 1952 3903 2024 signatur,

2250 2033 2395 2106 quia
2422 2034 2610 2090 fluida
2639 2039 2786 2102 erat,
2821 2040 2877 2091 et
2907 2037 3195 2093 voluntati
3222 2038 3443 2095 divinae
3475 2040 3810 2111 adjacebat,
3839 2046 3907 2099 ut

2251 2122 2459 2178 omnia
2487 2123 2804 2179 humorem
2837 2126 3122 2182 habentia
3164 2143 3235 2182 ex
3264 2128 3398 2200 ipsa
3426 2135 3901 2201 procrearentur.

2251 2211 2476 2267 Cuncta
2498 2211 2795 2284 siquidem
2827 2229 2962 2285 quae
2992 2222 3323 2271 nascuntur
3338 2221 3396 2272 et
3415 2217 3772 2285 nutriuntur,
3790 2219 3904 2275 hu-

2250 2316 2418 2355 more
2479 2317 2652 2372 aqum
2696 2311 3087 2360 concrescunt
3143 2310 3322 2378 atque
3371 2306 3729 2364 coalescunt.
3786 2308 3906 2364 Sed

2253 2389 2563 2445 sciendum
2590 2396 2679 2446 est
2706 2393 2999 2465 quoniam
3028 2393 3251 2450 idcirco
3301 2412 3474 2468 aquai
3506 2396 3907 2469 appellatione

2252 2483 2493 2535 notatur
2519 2479 2653 2552 ipsa
2678 2482 2965 2552 praedicta
2994 2483 3265 2539 informis
3293 2484 3647 2553 substantia,
3673 2486 3815 2558 quia
3829 2486 3907 2541 de

2250 2568 2351 2623 illa
2377 2584 2498 2623 non
2524 2574 2870 2641 poteramus
2902 2571 3128 2645 aliquid
3167 2573 3334 2635 seire,
3386 2574 3500 2629 nisi
3542 2590 3716 2631 sacra
3762 2574 3910 2632 Scri-

2253 2662 2429 2729 ptura
2456 2664 2660 2713 nostro
2691 2675 2858 2715 more
2887 2660 3249 2733 loqueretur.
3277 2664 3402 2718 Una
3427 2663 3653 2737 quippe
3676 2680 3771 2720 res
3797 2669 3907 2729 est,

2254 2746 2358 2801 sed
2383 2738 2632 2802 diversis
2664 2748 3012 2803 nominibus
3042 2749 3430 2819 distinguitur
3457 2770 3469 2821 ;
3498 2766 3573 2807 ne
3601 2753 3651 2807 si
3680 2753 3909 2808 solum-

2250 2836 2438 2891 modo
2473 2851 2593 2890 uno
2622 2836 2867 2892 nomine
2886 2838 3308 2909 appellaretur,
3340 2840 3454 2895 hoc
3482 2841 3909 2897 tantummodo

2252 2925 2606 2981 crederetur.
2642 2928 2707 2979 Et
2729 2924 2865 2981 ideo
2892 2926 3072 2981 variis
3104 2927 3452 2982 nominibus
3497 2935 3908 3003 nuncupatur,

2246 3015 2393 3087 quia
2418 3030 2487 3068 ex
2518 3014 2654 3085 ipsa
2683 3018 2896 3069 cuncta
2926 3013 3246 3068 formanda
3266 3022 3453 3084 erant,
3484 3022 3550 3072 ut
3575 3034 3670 3072 res
3700 3018 3911 3087 ignota

2249 3104 2404 3159 notis
2434 3103 2741 3159 vocabulis
2762 3103 3162 3157 insinuaretur
3180 3103 3662 3176 imperitioribus.
3684 3106 3915 3161 Dicitur

2250 3193 2409 3247 enim
2427 3191 2665 3257 ccelum,
2691 3196 2865 3256 terra,
2888 3191 3168 3264 abyssus,
3192 3197 3248 3247 et
3268 3206 3448 3264 aqua,
3471 3193 3615 3265 quia
3636 3191 3914 3249 futurum

2252 3285 2379 3337 erat
2401 3286 2467 3337 ut
2494 3297 2567 3336 ex
2594 3281 2725 3353 ipsa
2756 3285 3161 3351 gignerentur.
3213 3280 3368 3336 Sicut
3410 3282 3572 3335 enim
3612 3281 3673 3335 in
3715 3296 3913 3353 parvo

2252 3385 2443 3440 grano
2472 3370 2704 3425 arboris
2743 3370 2923 3425 variae
2970 3369 3196 3442 species
3234 3369 3439 3439 latent,
3489 3370 3569 3424 sic
3612 3369 3907 3442 profecto,

2251 3463 2429 3531 prout
2462 3459 2590 3528 jam
2640 3458 3107 3529 praelibavimus,
3158 3457 3217 3512 in
3256 3458 3631 3513 hacinformi
3656 3458 3913 3514 materia

2252 3550 2468 3601 cuncta
2484 3545 2965 3600 occultabantur.
2986 3546 3101 3602 Sed
3116 3546 3453 3601 notandum
3471 3552 3558 3602 est
3572 3548 3715 3619 quia
3729 3547 3787 3602 in
3810 3562 3911 3602 ca-

2250 3638 2369 3709 pite
2386 3635 2567 3705 hujus
2587 3634 2910 3689 voluminis
2931 3638 3054 3689 tota
3076 3634 3337 3690 Trinitas
3363 3634 3721 3692 declaratur.
3756 3639 3913 3692 Nam

2253 3724 2547 3779 subditur.

2326 3812 2499 3869 Vens.
2530 3816 2581 3867 3.
2607 3813 2979 3884 —Di.ritque
3002 3814 3157 3869 Deus
3182 3828 3205 3869 .°
3235 3813 3376 3869 Fiat
3406 3814 3534 3880 lux,
3567 3817 3623 3868 et
3644 3811 3903 3884 reliqua.

2255 3900 2403 3968 Quid
2434 3905 2523 3957 est
2568 3901 2727 3957 enim
2760 3900 2926 3974 quod
2956 3901 3055 3972 ait,
3089 3902 3242 3957 dia-it
3264 3904 3419 3957 Deus
3447 3905 3475 3957 ?
3502 3901 3780 3974 Nunquid
3810 3917 3911 3956 so-

2254 3990 2460 4047 nando
2482 3990 2929 4046 transeuntibus
2948 3990 3350 4046 sonislocutus
3369 3989 3497 4046 est?
3514 3990 3910 4061 Minimerse

2257 4081 2414 4137 enim
2436 4081 2493 4135 in
2503 4095 2825 4152 corporeus
2845 4083 2950 4147 est,
2975 4084 3031 4134 et
3048 4081 3094 4134 si
3113 4078 3395 4152 loquitur,
3410 4078 3681 4151 nunquid
3700 4078 3911 4147 lingua

2258 4167 3399 4241 Hebrma,Grmca,autLaﬁnaloquitur?
3428 4171 3573 4223 Non.
3608 4166 3719 4224 Sed
3741 4165 3910 4239 quod

2256 4258 2358 4329 ait,
2379 4257 2535 4313 dixit
2546 4258 2724 4323 Deus,
2740 4272 2860 4312 non
2879 4258 3005 4330 ipse
3024 4273 3132 4312 son
3142 4273 3209 4311 us
3234 4256 3521 4328 accipitur
3539 4255 3912 4311 locutionum

2260 4349 2359 4418 [Z.,
2382 4344 2742 4417 locutionis],
2778 4346 2883 4399 sed
2910 4345 3057 4400 illud
3082 4346 3248 4417 quod
3273 4345 3617 4415 intelligitur
3645 4345 3704 4399 in
3735 4358 3909 4398 sono.

491 4434 697 4491 ordine
719 4436 995 4492 distincto
1024 4415 1416 4509 pro—videntiaa
1439 4453 1581 4502 suae,
1612 4436 1778 4509 prius
1801 4434 1993 4508 aquas
2007 4451 2147 4490 cum
2178 4415 2219 4468 Π
2260 4415 2437 4508 Αριιά
2464 4437 2650 4489 Deum
2670 4415 2857 4507 purus
2878 4415 3204 4490 intellectus
3226 4440 3316 4490 est
3333 4433 3458 4489 sine
3484 4432 3726 4505 strepitu
3756 4436 3812 4487 et
3832 4430 3918 4486 di-

491 4525 641 4581 cmlo
670 4526 891 4581 creavit
918 4541 988 4581 ac
1016 4530 1191 4595 terra,
1215 4529 1272 4581 et
1301 4527 1407 4597 [Z.,
1429 4525 1554 4597 sed]
1572 4526 1681 4580 has
1707 4530 1843 4597 post
1870 4525 2147 4595 modum,

491 4631 630 4671 cum
659 4614 848 4671 voluit
876 4614 1021 4687 ipse,
1050 4614 1199 4670 lucis
1231 4616 1422 4685 gratia
1450 4614 1804 4671 venustavit.
1839 4614 2010 4678 Quod
2058 4630 2157 4669 us-

491 4721 608 4779 que
628 4704 812 4761 modo
843 4721 982 4760 eum
1006 4709 1083 4771 et,
1112 4704 1173 4759 in
1186 4719 1347 4776 aqua
1365 4705 1514 4777 ipsa,
1540 4704 1670 4760 etin
1694 4719 1827 4759 aere
1845 4719 1952 4776 per
1966 4702 2158 4776 quoti-

494 4795 748 4849 dianum
771 4794 910 4849 solis
940 4810 1254 4850 accessum
1284 4810 1354 4850 ac
1380 4794 1713 4850 discessum
1761 4793 1957 4849 facere
1994 4792 2160 4848 vide-

495 4898 655 4937 mus.
689 4882 797 4937 Ubi
827 4883 1160 4938 notandum
1210 4884 1354 4956 quia
1377 4899 1517 4939 cum
1548 4883 1793 4940 duobus
1823 4880 2154 4953 elementis,

497 4986 659 5043 aqua
696 4969 963 5026 videlicet
991 4976 1047 5025 et
1072 4976 1247 5037 terra,
1277 4972 1397 5029 duo
1429 4973 1716 5044 condidit,
1735 4975 1935 5043 ignem
1957 4970 2159 5028 videli-

442 5116 456 5126 ,
497 5064 589 5115 cet
609 5061 665 5113 et
694 5073 914 5113 aerem.
944 5058 1149 5126 Ignem
1174 5059 1237 5113 in
1259 5059 1415 5114 ferro
1441 5066 1497 5115 et
1513 5061 1836 5131 lapidibus,
1863 5060 2155 5132 quoniam

498 5150 603 5220 [Z.,
635 5148 791 5220 quae]
814 5151 979 5203 terra:
1007 5147 1227 5203 viscere
1252 5148 1382 5219 jam
1418 5148 1964 5216 latebantcondita,
1987 5147 2157 5220 quod

499 5235 676 5292 calidi
705 5251 1004 5308 aquarum
1034 5236 1228 5292 fontes
1252 5236 1517 5309 produnt
1546 5238 1753 5307 [Petr.,
1772 5235 2151 5308 producunt].

499 5327 714 5380 Aerem
742 5340 886 5381 vero
913 5326 975 5379 in
1002 5325 1132 5398 ipsa
1158 5330 1333 5393 terra,
1367 5326 1463 5379 cui
1492 5341 1624 5380 esse
1654 5324 1974 5398 permistus
1994 5339 2066 5379 ex
2084 5338 2155 5379 eo

502 5412 903 5484 cognoscitur,
918 5413 1085 5487 quod
1114 5429 1252 5470 cum
1283 5412 1456 5469 fuerit
1474 5413 1819 5469 humectata
1843 5416 1899 5467 et
1927 5415 2156 5485 tempe-

500 5502 649 5560 riem
677 5502 816 5559 solis
838 5502 1150 5575 acceperit,
1183 5519 1325 5558 mox
1354 5518 1604 5575 vapores
1637 5503 1872 5557 exnalat
1895 5501 2156 5572 largissi-

503 5608 656 5649 mos.

573 5683 653 5741 Et
677 5684 926 5755 spiritus
954 5682 1067 5740 Dei
1095 5681 1407 5754 ferebatur
1433 5697 1615 5752 super
1637 5696 1844 5754 aquas.
1879 5681 2034 5747 Quid
2066 5684 2159 5739 est

2260 4524 2535 4580 versitate
2559 4522 3131 4593 linguarum.Dicere
3152 4523 3354 4596 itaque
3380 4523 3477 4577 Dei
3496 4521 3689 4577 facere
3712 4525 3817 4588 est,
3843 4519 3917 4574 si.

2265 4616 2363 4667 cut
2392 4610 2679 4683 scriptum
2707 4616 2794 4666 est
2821 4629 2833 4666 :
2866 4611 2994 4680 Ipse
3019 4612 3195 4674 dixit,
3212 4617 3267 4668 et
3281 4613 3450 4681 facta
3471 4615 3632 4678 sunt,
3656 4616 3709 4665 et
3739 4612 3915 4664 caete-

2264 4716 2331 4756 ra
2362 4700 2547 4771 (Psal.
2576 4715 2802 4770 CXLVIII,
2836 4702 2911 4772 5).
2962 4701 3222 4756 Verbum
3250 4716 3393 4756 vero
3434 4700 3531 4755 Dei
3572 4697 3921 4768 unlgenitus

2266 4789 2440 4845 Filius
2467 4792 2575 4858 est,
2604 4789 2834 4845 Joanne
2865 4792 3199 4860 attestante,
3231 4790 3336 4862 qui
3357 4789 3437 4845 ait
3465 4806 3478 4843 :
3513 4788 3585 4843 In
3613 4787 3919 4858 principio

2264 4886 2393 4936 erat
2432 4879 2704 4947 Verbum,
2738 4883 2794 4934 et
2820 4878 3069 4952 reliqua.
3104 4882 3284 4935 Porro
3314 4878 3480 4951 quod
3510 4878 3609 4945 ait,
3641 4878 3820 4943 dixit,
3851 4874 3917 4931 id

2264 4973 2374 5039 est,
2388 4969 2449 5024 in
2464 4968 2654 5024 Verbo
2675 4985 2782 5024 suo
2800 4968 3151 5025 seternaliter
3171 4975 3448 5024 manente
3460 4967 3917 5023 fecit.Caaterum

2263 5058 2429 5131 quod
2458 5057 2557 5124 ait,
2588 5059 2697 5127 ﬁat
2731 5059 2855 5119 tum,
2880 5058 2960 5113 ob
2989 5055 3346 5114 celeritatem
3375 5057 3593 5113 divinis
3628 5054 3919 5128 potentiae

2263 5133 2495 5200 dicitur.
2526 5145 2584 5201 Si
2615 5146 2774 5200 enim
2787 5150 3006 5217 quarta
3034 5145 3129 5202 die
3150 5146 3571 5202 describuntur
3591 5142 3922 5200 luminaria

2263 5232 2437 5301 facta,
2471 5248 2605 5305 quae
2621 5233 2818 5289 lucem
2836 5234 3278 5304 administrant,
3302 5235 3449 5308 quid
3464 5232 3726 5307 estquod
3743 5231 3916 5301 dixit,

2262 5322 2401 5377 Fiat
2435 5322 2543 5379 tua:
2567 5326 2595 5378 ?
2619 5326 2706 5376 An
2732 5322 2979 5378 forsitan
3007 5322 3139 5394 jam
3166 5329 3291 5380 erat
3332 5324 3534 5398 aliqua
3581 5323 3685 5378 lux
3713 5325 3929 5378 creata

2264 5427 2451 5482 supra
2470 5409 2940 5478 ﬁrmamentum,
2960 5427 3081 5485 quo
3092 5412 3317 5470 lumine
3330 5413 3417 5469 sol
3433 5410 3926 5469 illuminaretur?

2265 5499 2378 5558 Sed
2408 5500 2652 5556 nomine
2671 5499 2820 5556 lucis
2843 5502 3113 5573 angelica
3141 5503 3401 5574 dignitas
3434 5504 3743 5573 ﬁguratur,
3777 5514 3923 5571 quae

2263 5588 2527 5663 profecto
2553 5607 2661 5663 per
2684 5593 2956 5664 superius
2978 5593 3195 5649 coelum
3223 5593 3608 5663 signiﬁcatur,
3629 5604 3793 5646 nunc
3812 5587 3925 5644 lux

2264 5679 2497 5738 dicitur.
2525 5679 2687 5739 Prius
2716 5681 2917 5756 itaque
2940 5682 3183 5740 condita
3207 5681 3433 5753 est,sed
3442 5686 3660 5755 postea
3670 5692 3925 5737 conver-
