4180 6186
222 202 327 258 H7

1599 196 1951 255 COMMENT.‘
1992 199 2059 255 IN
2100 198 2256 257 GEN.

3542 204 3641 264 H8

214 324 395 382 tendo
417 322 496 379 ad
523 321 933 378 co'ntuendam
965 321 1219 392 gloriam
1242 322 1333 378 sui
1361 322 1641 379 creatoris
1668 323 1773 379 lux
1800 322 1878 378 ef-
1909 327 1958 379 A
1989 326 2069 391 2.,
2130 324 2312 396 dicta]
2366 325 2554 399 sequi,
2613 330 2667 383 et
2718 326 3155 399 expositionem
3206 328 3477 399 magistri
3530 314 3646 387 nisi

210 415 459 471 fecta.Et
485 411 623 466 ideo
649 411 875 467 dictum
904 415 1021 467 est:
1054 411 1192 467 Fiat
1222 413 1414 474 tumet
1432 414 1604 482 facta
1630 418 1714 468 est
1746 414 1876 468 tum.

210 510 288 560 Ac
310 503 361 558 si
393 501 715 557 manifeste
750 501 1073 557 diceretur:
1104 504 1493 558 Convertatur
1521 502 1599 557 ad
1626 506 1878 557 contem-

208 592 516 667 plandum
542 590 975 647 incessabiliter
1004 607 1120 646 me.
1155 591 1412 647 Decebat
1436 597 1636 647 autem
1666 595 1731 646 ut
1750 591 1882 662 ipsa

213 682 497 753 angelica
535 680 816 750 dignitas,
835 694 971 752 quae
991 677 1267 753 [Z.,quia]
1295 696 1405 737 sua
1425 680 1711 750 dignitate
1741 695 1882 735 cun-

215 773 331 829 ctis
390 769 668 826 creaturis
706 769 1054 831 excellebat,
1087 769 1435 825 inhaerendo
1480 785 1733 824 summae
1763 768 1883 822 luci

212 861 319 917 lux
352 862 686 925 vocaretur,
707 858 843 914 licet
868 857 1174 914 mutabilis
1187 861 1343 913 esset
1361 858 1617 913 condita.
1646 858 1702 913 Si
1721 856 1880 912 enim

208 949 610 1008 immutabilis
654 953 809 1005 esset
856 948 1116 1017 condita,
1161 947 1501 1004 nullatenus
1533 947 1630 1003 alii
1669 950 1880 1003 merito

208 1040 509 1112 superbiae
558 1038 638 1093 ab
681 1037 781 1093 illa
809 1040 1033 1093 aeterna
1081 1036 1315 1092 visione
1361 1040 1721 1092 corruerent.
1766 1036 1881 1092 Sed

205 1137 346 1202 quae
396 1129 461 1199 [Ζ
493 1173 506 1194 ,
567 1127 732 1199 quia]
785 1125 1092 1181 mutabilis
1153 1126 1338 1181 extitit
1367 1129 1607 1191 natura,
1655 1125 1879 1180 caeteris

206 1217 546 1283 ruentibus,
568 1215 756 1286 gratia
787 1214 1005 1270 divinae
1026 1214 1356 1285 largitionis
1377 1213 1513 1269 fecit
1536 1213 1879 1269 immutabi-

205 1308 346 1363 lem.
385 1304 503 1362 Sed
535 1303 873 1360 notandum
896 1303 1059 1376 quod
1086 1303 1338 1375 quidam
1364 1303 1680 1358 doctorum
1708 1301 1880 1372 juxta

205 1386 393 1446 ﬁdem
462 1389 723 1445 historiae
780 1388 1126 1460 simpliciter
1175 1389 1289 1442 hoc
1348 1386 1593 1456 intelligi
1647 1386 1875 1441 volunt.

206 1480 393 1536 Aiunt
422 1480 581 1534 enim
623 1477 792 1551 quod
829 1477 890 1532 in
936 1476 1343 1549 superioribus
1394 1475 1663 1546 ejusdem
1710 1480 1877 1530 terrae

209 1568 517 1642 partibus,
566 1583 721 1640 quas
751 1571 807 1622 et
830 1582 992 1621 nunc
1038 1565 1256 1620 diurna
1300 1563 1439 1619 solis
1482 1564 1586 1618 lux
1621 1563 1875 1619 illustra-

1989 431 2222 469 sumus.

2058 504 2134 558 Et
2190 505 2395 560 divisit
2434 507 2588 561 Deus
2641 507 2826 560 lucem
2855 520 2925 560 ac
2976 507 3248 562 tenebras
3286 509 3390 579 [Z.,
3423 525 3460 565 a
3492 515 3643 566 tene-

1990 593 2154 663 bris],
2178 597 2231 648 et
2257 593 2505 666 reliqua.
2540 594 2603 649 Id
2631 598 2738 656 est,
2774 594 3041 649 caelestes
3087 596 3442 663 angelorum
3483 599 3641 654 cives

1988 681 2065 737 ab
2094 682 2421 739 immundis
2445 682 3033 756 spiritibus,quando
3062 685 3287 740 Lucifer
3317 688 3642 745 avertendo

1988 787 2025 827 a
2053 773 2343 840 Creatore,
2393 776 2451 828 et
2481 773 2883 828 convertendo
2914 773 2991 828 ad
3050 788 3134 845 se,
3171 776 3478 831 aestimans
3527 778 3641 833 sibi

1990 855 2283 922 sufﬁcere,
2318 857 2600 928 superbia
2623 857 2885 924 timidus,
2906 858 3031 913 sine
3062 859 3281 914 auxilio
3311 860 3402 915 sui
3432 862 3641 916 condi-

1989 946 2148 1011 toris,
2182 946 2404 1016 ejectus
2430 950 2521 1001 est
2548 961 2687 1001 cum
2741 946 2863 1001 suis
2905 947 3266 1019 sequacibus
3314 964 3348 1004 a
3392 949 3641 1005 cmlesti—

1988 1035 2123 1101 bus,
2154 1038 2211 1090 et
2239 1034 2429 1089 caeteri
2458 1035 2518 1089 in
2550 1050 2660 1090 sua
2682 1034 2997 1090 stabilitate
3023 1043 3502 1108 permanserunt,
3528 1038 3638 1093 hos

1986 1139 2347 1196 nuncupans
2377 1123 2556 1189 diem,
2598 1123 2730 1179 illos
2761 1129 3020 1191 noctem,
3047 1126 3219 1195 juxta
3246 1127 3410 1197 quod
3441 1127 3638 1198 sequi-

1986 1218 2101 1277 tur,
2129 1215 2574 1284 appellavitque
2601 1216 2789 1269 lucem
2820 1215 2994 1283 diem,
3019 1220 3074 1271 et
3102 1216 3370 1272 tenebras
3386 1222 3635 1275 noctem.

1988 1302 2137 1368 Quia
2166 1301 2338 1358 ruina
2366 1303 2669 1358 ruentium
2725 1307 2947 1359 aeterna
3000 1302 3155 1359 facta
3204 1308 3291 1358 est
3348 1302 3638 1361 stabilitas

1986 1386 2489 1459 permanentium,
2522 1386 2657 1442 licet
2681 1387 2932 1458 quidam
2981 1387 3186 1443 dicant
3223 1389 3390 1461 quod
3425 1389 3639 1445 divisio

1984 1475 2135 1530 lucis
2167 1490 2203 1529 a
2229 1474 2489 1530 tenebris
2516 1474 2816 1531 distinctio
2842 1475 2914 1530 sit
2929 1475 3199 1532 formatae
3221 1477 3305 1532 rei
3344 1476 3422 1532 ab
3454 1475 3640 1533 infor~

1984 1564 2102 1632 mi;
2137 1563 2457 1636 appellatio
2497 1568 2698 1620 autem
2724 1564 2836 1619 diei
2872 1568 2930 1620 et
2957 1564 3173 1634 noctis,
3213 1565 3512 1637 inquiunt,
3545 1566 3638 1620 in-

208 1670 279 1715 re
342 1657 664 1725 consuevit,
708 1653 1053 1728 principalis
1102 1655 1232 1709 Ilth
1270 1652 1372 1708 lux
1416 1653 1673 1718 emicuit,
1704 1652 1877 1722 cujus
1907 1663 1951 1733 Β
1987 1650 2244 1707 sinuatio
2292 1651 2723 1709 distributionis
2753 1658 2859 1724 est,
2909 1668 3031 1726 qua
3082 1652 3446 1723 signiﬁcetur
3491 1654 3640 1711 nihil

206 1742 443 1799 visione
497 1740 824 1796 beatissimi
872 1738 1069 1806 angeli
1125 1737 1240 1793 frui
1280 1741 1604 1809 coeperant.
1633 1739 1747 1791 Nec
1772 1733 1873 1808 [Z.,

205 1834 331 1888 n‘dn
390 1831 506 1900 est]
534 1828 904 1898 mirandum,
949 1827 1155 1882 divina
1206 1826 1552 1899 operatione
1587 1826 1784 1881 lucem
1815 1825 1875 1879 in

209 1921 389 1994 aquis
417 1934 604 1993 posse
646 1916 1047 1989 resplendere,
1070 1932 1210 1971 cum
1239 1920 1295 1971 et
1322 1915 1639 1970 hominum
1669 1930 1878 1986 opera-

209 2011 376 2066 tione
407 2012 637 2064 constat
659 2023 762 2063 eas
791 2006 1012 2078 saepius
1042 2004 1339 2074 illustrari,
1366 2009 1689 2059 nautarum
1709 2004 1875 2059 vide—

209 2099 349 2155 licet
377 2098 479 2170 [Z.,
538 2094 806 2151 videlicet
860 2094 1069 2165 more],
1101 2094 1205 2166 qui
1236 2093 1298 2148 in
1346 2092 1647 2165 profundo
1690 2092 1875 2148 maris

211 2185 497 2251 demersi,
524 2186 747 2241 emisso
779 2200 850 2240 ex
883 2200 984 2239 ore
1015 2183 1169 2250 oleo,
1198 2182 1583 2256 perspicuum
1620 2182 1735 2237 sibi
1760 2182 1875 2237 hoc

213 2294 288 2333 ac
309 2277 582 2331 lucidum
607 2274 884 2331 reddunt.
904 2274 961 2330 Si
990 2273 1152 2328 enim
1180 2274 1363 2328 homo
1389 2272 1525 2328 talia
1546 2287 1652 2344 per
1674 2271 1873 2327 oleum

212 2367 311 2421 sui
369 2365 488 2420 eris
516 2368 725 2437 potest,
756 2367 1051 2437 quantam
1079 2365 1236 2418 Deus
1285 2377 1390 2433 per
1437 2361 1718 2434 Spiritum
1757 2360 1875 2415 oris

210 2456 304 2512 sui
332 2455 531 2511 lucem
562 2470 761 2509 creare
790 2469 970 2526 posse
989 2451 1324 2508 credendus
1356 2456 1443 2507 est
1460 2451 1486 2505 Ῥ
1512 2454 1662 2521 Lege
1688 2452 1874 2505 Hexa-

210 2561 459 2602 emeron
491 2544 678 2611 Bedc'e,
711 2542 987 2599 moderni
1038 2540 1323 2607 doctoris,
1356 2540 1406 2613 si
1461 2540 1543 2596 ita
1596 2538 1872 2595 volueris.

210 2637 324 2693 uos
354 2634 607 2708 quidem
633 2633 795 2689 beati
847 2631 1183 2702 Augustini,
1211 2635 1390 2703 prout
1418 2630 1584 2702 prius
1629 2628 1877 2685 inserui-

208 2742 371 2793 mus,
400 2725 564 2780 dicta
596 2723 765 2796 sequi
791 2721 1185 2778 decrevimus.

280 2815 465 2870 Vnus.
497 2817 627 2870 4.-
650 2814 730 2869 Et
760 2812 911 2868 vidit
938 2813 1095 2868 Deus
1128 2812 1315 2867 lucem
1347 2810 1506 2882 quod
1534 2814 1679 2865 esset
1701 2808 1873 2875 bona,

205 2909 265 2961 et
292 2904 549 2976 reliqua.
598 2903 716 2957 Cur
744 2901 979 2966 dicitur,
1013 2901 1161 2956 vidit
1205 2899 1383 2971 Deus,
1438 2898 1615 2970 quasi
1648 2906 1877 2953 nevum

207 2992 439 3065 aliquid
500 2989 833 3057 accidisSet,
868 3004 1007 3043 cum
1063 3002 1452 3060 nequaquam
1492 2990 1717 3040 crearet
1764 2984 1878 3039 nisi

208 3076 570 3138 reternaliter
616 3078 886 3136 videret?
918 3077 1029 3135 Sed
1060 3078 1209 3134 vidit
1258 3078 1414 3133 Deus
1444 3091 1555 3148 pro
1593 3090 1665 3130 eo
1712 3072 1879 3146 quod

209 3176 309 3234 θεῖ,
333 3168 549 3226 videre
570 3169 676 3240 [Z.,
706 3167 913 3238 videri]
938 3167 1090 3222 fecit.
1118 3167 1286 3238 Saepe
1314 3166 1475 3221 enim
1495 3180 1600 3236 per
1623 3162 1881 3219 efﬁcien-

205 3256 318 3312 tem
337 3255 407 3310 id
428 3252 609 3326 quod
625 3251 873 3306 efﬁcitur
892 3250 1476 3321 designatur.Dicitur
1491 3250 1626 3304 laeta
1637 3248 1877 3313 domus,

204 3351 255 3400 et
282 3344 441 3401 laeta
472 3340 757 3414 epistola,
788 3338 1088 3395 effundens
1112 3339 1394 3412 hydriam
1426 3338 1527 3409 [Z.,
1558 3334 1797 3408 hydria]
1819 3334 1881 3389 in

205 3432 561 3499 canalibus,
596 3434 654 3485 et
682 3432 890 3484 caetera
917 3427 1055 3485 talia
1083 3444 1095 3483 :
1152 3428 1318 3501 quod
1350 3442 1539 3498 genus
1558 3423 1877 3481 locutionis

208 3534 241 3577 a‘
294 3517 719 3593 grammaticis
776 3518 1147 3590 metonymia
1200 3521 1464 3573 vocatur.
1519 3514 1679 3570 Vidit
1735 3528 1879 3583 ergo

212 3612 390 3675 Deus;
421 3609 486 3664 id
513 3610 622 3674 est,
657 3605 860 3661 videre
878 3606 985 3677 [Z.,
1012 3605 1226 3676 videri]
1251 3605 1406 3675 fecit,
1436 3604 1554 3677 ipsi
1594 3600 1879 3673 angelicae

218 3703 741 3768 creaturaquam
774 3695 939 3751 bona
985 3703 1021 3751 ει
1073 3696 1191 3750 Deo
1239 3694 1478 3750 condita
1519 3697 1624 3749 est.
1666 3693 1779 3748 Seu
1818 3690 1880 3745 in

226 3787 347 3841 hoc
378 3784 531 3856 quod
567 3785 662 3852 ait,
707 3786 859 3841 vidit
877 3784 939 3841 in
969 3784 1491 3858 praedestinatione
1513 3783 1688 3839 nobis
1721 3782 1882 3839 vide-

227 3888 291 3929 re
316 3872 419 3945 [Z.,
442 3872 656 3944 videre]
687 3873 824 3929 fecit
852 3889 1041 3946 quam
1075 3873 1236 3929 bona
1256 3889 1293 3929 a
1322 3874 1442 3928 Deo
1472 3875 1670 3927 creata
1700 3875 1875 3927 esset.

223 3963 338 4020 Tali
368 3962 553 4018 modo
582 3961 783 4018 verbis
821 3962 1102 4035 praeteriti
1142 3961 1429 4033 temporis
1458 3977 1585 4016 rem
1616 3960 1880 4016 futuram

215 4051 525 4121 indicavit,
556 4050 720 4124 quali
758 4051 942 4107 modo
998 4050 1283 4124 apostolis
1312 4050 1424 4107 ait:
1461 4050 1674 4105 Omnia
1724 4065 1882 4121 quee-

213 4157 451 4214 cunque
476 4141 690 4196 audivi
717 4156 754 4197 a
785 4141 971 4196 Patre
996 4155 1143 4206 meo,
1174 4145 1319 4196 nota
1339 4140 1463 4210 feci
1491 4137 1651 4194 vobis
1681 4138 1876 4209 (Joan.

204 4246 304 4293 xv,
344 4230 475 4299 l5);
512 4227 679 4301 quod
725 4226 996 4283 futurum
1044 4233 1168 4284 erat
1210 4232 1275 4284 ut
1322 4227 1558 4283 faceret.
1589 4227 1878 4281 Caeterum

205 4320 353 4376 dum
407 4318 576 4386 dicit,
605 4319 923 4389 diuisitque
973 4320 1159 4375 lucem
1216 4333 1255 4375 a
1305 4318 1579 4384 tenebris,
1621 4314 1880 4373 ostendit

205 4410 348 4481 quia
374 4407 683 4463 distinctio
728 4406 887 4463 facta
938 4408 1199 4464 estinter
1226 4407 1423 4464 lucem
1474 4410 1532 4462 et
1576 4405 1874 4473 tenebras,

206 4515 326 4555 non
382 4495 652 4553 tenebrae
707 4496 913 4565 factm;
969 4497 1488 4571 quemadmodum
1555 4493 1875 4552 clamando

212 4603 442 4655 vocem,
479 4586 784 4642 silentium
823 4591 1027 4643 autem
1056 4598 1179 4643 non
1222 4586 1544 4643 clamando
1592 4585 1873 4653 dicimus,

209 4676 347 4747 quia
406 4675 672 4732 cessatio
704 4672 884 4732 -vocis
930 4675 1232 4731 silentium
1279 4677 1387 4731 est.
1422 4674 1873 4744 Distinguimus,

210 4769 408 4822 tamen
440 4774 630 4822 sensu
675 4765 947 4837 quodam
976 4765 1128 4820 inter
1173 4779 1264 4829 ea,
1299 4769 1355 4819 et
1390 4763 1538 4819 illud
1581 4776 1871 4819 vocamus

206 4866 441 4919 vocem,
468 4854 639 4910 istud
660 4854 979 4910 silentium.
996 4852 1522 4920 Quemadmodum
1555 4866 1696 4922 ergo
1715 4856 1873 4908 recte

201 4942 465 4998 dicimus
516 4942 711 4999 facere
766 4942 1087 5013 silentium,
1120 4944 1201 4998 sic
1256 4948 1413 4998 recte
1463 4944 1619 4998 Deus
1659 4940 1874 4997 dicitur

198 5030 409 5087 facere
448 5031 729 5087 tenebras
762 5049 777 5100 ;
832 5032 978 5105 quia
1031 5032 1247 5099 lucem,
1279 5030 1502 5103 quibus
1542 5029 1689 5100 vult,
1721 5034 1871 5085 tem-

196 5118 461 5193 poribus
490 5124 547 5175 et
575 5118 723 5175 locis
753 5120 849 5175 vel
876 5120 1001 5187 dat,
1038 5120 1128 5176 vel
1154 5120 1428 5177 detrahit.
1461 5119 1629 5187 Quia,
1663 5122 1727 5174 ut
1754 5118 1873 5175 Cle-

196 5220 377 5263 mens
403 5208 518 5263 ait:
546 5210 739 5264 Unam
764 5209 871 5280 [Z.,
899 5209 1129 5281 imam],
1162 5209 1370 5283 inquit,
1404 5208 1615 5265 mundi
1638 5212 1871 5281 partem

193 5298 516 5355 illustrans
545 5298 732 5354 aliam
762 5298 999 5372 reliquit
1024 5299 1370 5357 obscuram.
1420 5302 1637 5355 Lucem
1670 5298 1872 5355 videli-

193 5393 287 5445 cet
333 5391 399 5445 in
449 5389 761 5462 superiore
789 5389 952 5446 orbis
989 5393 1158 5462 parte
1202 5387 1618 5455 diffundendo;
1662 5388 1724 5445 in
1751 5398 1876 5462 qua

192 5478 476 5535 humana
492 5484 622 5534 erat
643 5480 1020 5535 conversatio
1050 5479 1270 5544 futura,
1288 5478 1569 5536 inferiora
1589 5495 1732 5537 vero
1744 5480 1794 5551 ej
1806 5494 1874 5535 us

194 5566 415 5638 priscis
454 5569 517 5623 in
552 5569 814 5625 tenebris
840 5569 1307 5625 remanendo.Si
1335 5569 1433 5625 cui.
1460 5570 1574 5625 hoc
1603 5568 1872 5641 accipere

198 5655 518 5728 placuerit,
534 5673 667 5727 nos,
691 5663 757 5715 ut
776 5658 1092 5732 capimus,
1116 5662 1176 5715 B;
1202 5658 1771 5730 Augustini[Suppl.
1798 5673 1875 5716 ex

1906 4368 1951 4431 Π

1984 1741 2172 1797 Deum
2199 1741 2606 1798 inordinatum
2632 1743 2985 1815 relinquere.
3014 1743 3127 1800 Sed
3151 1742 3319 1815 quod
3345 1744 3445 1811 ait,
3470 1759 3639 1801 voca-

1987 1831 2089 1901 vit,
2138 1831 2372 1903 dicitur,
2405 1832 2604 1887 vocari
2629 1832 2782 1887 fecit.
2820 1835 2969 1898 Quia
3009 1833 3095 1887 sic
3137 1833 3405 1888 distinxit
3433 1834 3637 1890 omnia

1983 1924 2041 1975 et
2067 1920 2384 1991 ordinavit,
2417 1925 2482 1976 ut
2509 1920 2765 1977 discerni
2789 1926 3039 1995 possent
3067 1924 3125 1978 et
3160 1937 3384 1978 nomen
3411 1922 3638 1995 accipe

1983 2024 2065 2064 re.
2100 2010 2375 2081 Sequitur
2396 2026 2409 2064 :

2052 2100 2219 2154 Vsus.
2244 2104 2297 2153 5.
2329 2130 2398 2138 —
2426 2098 2796 2169 Factumque
2821 2104 2906 2155 est
2934 2113 3172 2168 vespere
3210 2107 3265 2156 et
3302 2115 3478 2156 mane
3514 2100 3638 2157 dies

1985 2203 2155 2243 unus.
2175 2187 2575 2252 Quaerendum
2605 2192 2695 2242 est
2724 2202 2829 2242 cur
2853 2187 3103 2255 dicatur,
3125 2202 3360 2257 vespere
3389 2195 3443 2243 et
3464 2203 3639 2243 mane

1983 2293 2121 2332 cum
2143 2276 2340 2331 adhuc
2366 2291 2488 2331 non
2509 2280 2635 2330 erat
2657 2276 2748 2330 sol
2763 2276 2822 2330 in
2844 2275 3244 2342 ﬁrmamento,
3268 2276 3439 2346 cujus
3461 2291 3638 2331 occa-

1984 2382 2053 2420 su
2080 2378 2316 2433 vespere
2346 2369 2403 2420 et
2430 2368 2563 2419 ortu
2592 2379 2768 2419 mane
2796 2363 3211 2419 efﬁcerentur?
3234 2367 3323 2418 An
3343 2363 3490 2419 forte
3511 2368 3637 2419 tan-

1985 2459 2111 2511 tum
2151 2454 2412 2526 spatium
2446 2453 2660 2521 prima,
2693 2458 2751 2509 et
2776 2452 3064 2523 secunda,
3092 2457 3151 2508 et
3176 2454 3346 2509 tertia
3379 2453 3506 2508 dies
3534 2454 3641 2508 ha-

1983 2542 2132 2609 buit,
2155 2547 2453 2615 quantum
2475 2547 2567 2599 est
2591 2542 2669 2598 ab
2698 2546 2831 2597 ortu
2861 2542 3001 2597 solis
3030 2557 3222 2614 usque
3245 2542 3322 2597 ad
3354 2554 3639 2598 occasum

1985 2637 2042 2688 et
2068 2631 2657 2703 iterum‘aquilonem
2691 2631 2967 2703 gyrando
2996 2631 3307 2687 revertitur
3345 2631 3425 2687 ad
3454 2630 3643 2686 orien-

1986 2724 2127 2788 tem,
2156 2724 2222 2775 ut
2250 2734 2360 2775 suo
2411 2719 2641 2789 fulgore
2688 2720 2967 2775 tenebras
2996 2719 3211 2775 mundi
3240 2717 3553 2792 propellat,
3586 2718 3645 2770 et

1984 2807 2147 2881 quod
2182 2806 2444 2880 spatium
2466 2807 2548 2863 illi
2580 2808 2685 2880 qui
2712 2808 2775 2863 in
2804 2807 2990 2863 antris
3018 2812 3076 2862 et
3103 2807 3167 2863 iu
3212 2805 3550 2878 ergastulis,
3573 2802 3644 2858 li-

1987 2902 2079 2954 cet
2106 2898 2238 2953 luce
2260 2900 2521 2967 careant,
2554 2897 2768 2953 sentire
2794 2908 2903 2970 per
2946 2912 3123 2952 usum
3154 2899 3445 2969 pussunt;
3478 2890 3645 2967 quod

1986 2985 2261 3042 fortassis
2291 2986 2370 3041 ita
2389 2985 2634 3055 intelligi
2662 2985 2902 3054 valeret,
2922 2983 3035 3040 nisi
3060 2984 3380 3040 adderetur
3410 2997 3647 3053 vespere

1987 3082 2043 3133 et
2070 3088 2263 3131 mane.
2298 3074 2463 3129 Unde
2492 3078 2677 3130 restat
2701 3074 2842 3129 utin
2877 3074 3045 3145 [Cod.
3080 3077 3136 3128 Z.
3167 3084 3282 3129 om.
3314 3073 3396 3145 in]
3436 3088 3646 3146 vespe-

1986 3181 2055 3220 ra
2106 3162 2466 3231 intelligatur
2531 3161 2813 3233 perfectio
2870 3160 3255 3231 praecedentis
3317 3162 3535 3231 operis,
3588 3165 3647 3219 et

1986 3267 2168 3308 mane
2246 3250 2546 3305 inchoatio
2624 3248 3062 3321 subsequentis.
3119 3249 3403 3320 Loquitur
3483 3250 3646 3307 enim

1986 3354 2154 3396 more
2180 3342 2385 3395 nostro
2440 3337 2761 3410 Scriptura,
2809 3342 2875 3392 ut
2915 3336 3217 3393 distinctio
3261 3352 3514 3410 operum
3542 3340 3647 3395 Dei

1986 3428 2367 3499 intelligatur.
2402 3427 2585 3483 Porro
2632 3427 2799 3500 quod
2825 3427 2927 3495 ait,
2958 3440 3200 3497 vespere
3227 3432 3283 3484 et
3319 3442 3494 3485 mane
3523 3430 3647 3486 dies
3750 3489 3763 3497 κ

1987 3532 2163 3582 unus,
2224 3520 2422 3589 potest
2477 3516 2679 3572 referri
2744 3516 2822 3573 ad
2898 3516 3235 3585 angelicam
3288 3522 3643 3576 creaturam.

1990 3606 2243 3674 Quando
2277 3605 2457 3661 enim
2508 3605 2789 3661 intuitum
2836 3605 3144 3661 avertebat
3179 3616 3215 3660 a
3246 3607 3387 3674 Deo;
3417 3614 3474 3662 et
3512 3622 3651 3663 con-

1988 3695 2330 3752 vertebatur
2360 3694 2438 3750 ad
2471 3693 2878 3750 eontuendam
2936 3698 3298 3765 creaturam,
3345 3696 3647 3768 quodam-

1989 3785 2174 3841 modo
2200 3799 2438 3853 vespere
2458 3787 2619 3850 erat;
2652 3798 2791 3839 cum
2820 3797 2963 3839 vero
2994 3782 3072 3838 ad
3117 3786 3474 3855 Creatorem,
3508 3801 3648 3841 con-

1988 3873 2424 3939 vertebatur,ut
2446 3872 2506 3926 in
2526 3871 2659 3944 ipso
2686 3871 2906 3927 clarius
2923 3870 3271 3941 intelligeret
3287 3877 3644 3943 creaturam,

1989 3977 2163 4019 mane
2191 3965 2335 4017 erat.
2367 3963 2788 4017 Verumtamen
2816 3961 2865 4016 si
2894 3960 3329 4033 permansisset
3357 3960 3418 4017 in
3449 3962 3646 4018 oonsi-

1990 4052 2294 4108 deratione
2322 4054 2624 4117 creaturae,
2658 4066 2781 4107 non
2813 4050 3008 4106 solum
3039 4060 3298 4121 vespere,
3333 4049 3439 4108 sed
3464 4052 3646 4109 etiam

1989 4156 2112 4198 nox
2141 4145 2313 4198 esset.
2350 4142 2483 4197 Dies
2537 4154 2691 4196 unus
2723 4140 2876 4196 bene
2910 4140 3150 4197 additur
3178 4145 3421 4214 propter
3448 4142 3646 4199 unita-

1991 4236 2111 4288 tem
2140 4229 2423 4301 angelicae
2452 4229 2776 4299 dignitatis,
2818 4240 2953 4302 quae
2991 4231 3074 4286 ita
3104 4230 3207 4286 uni
3238 4233 3357 4287 Deo
3385 4237 3647 4289 contem-

1988 4321 2215 4394 plaudo
2243 4320 2510 4387 inhaaret,
2543 4323 2609 4376 ut
2637 4330 2952 4393 nunquam
2988 4320 3269 4377 intuitum
3301 4326 3581 4379 amoveat
3608 4337 3645 4378 ει

1990 4410 2511 4483 contemplatione.

2059 4502 2232 4556 Vna.
2267 4504 2318 4556 6.
2352 4532 2420 4540 —-
2451 4501 2621 4557 Dixit
2649 4516 2880 4573 quoque
2908 4502 3063 4559 Deus
3095 4518 3108 4557 :
3140 4502 3282 4559 Fiat
3306 4503 3646 4572 ﬁrmamen-

1987 4594 2133 4655 tum,
2158 4593 2215 4645 et
2260 4592 2493 4645 caetera.
2528 4590 2911 4646 Firmamenti
2939 4590 3185 4645 nomine
3224 4589 3443 4645 caelum
3475 4602 3644 4643 cons-

1982 4679 2232 4751 picuum
2259 4679 2616 4751 appellattIr,
2634 4680 2762 4750 jam
2794 4678 3145 4734 distinctum
3176 4672 3252 4733 ab
3283 4677 3382 4732 illa
3399 4675 3642 4733 informi

1982 4768 2255 4837 materia,
2289 4768 2364 4823 de
2394 4782 2515 4840 quo
2556 4768 2617 4823 in
2663 4766 3055 4840 sequentibus
3085 4766 3330 4822 dicitur:
3374 4767 3641 4824 Vocavité

1981 4873 2095 4930 que
2124 4860 2278 4914 Deus
2331 4859 2777 4925 ﬁrmamentum
2827 4857 3065 4911 cretum.
3102 4855 3217 4913 Sed
3246 4855 3641 4930 quaerendum

1981 4950 2067 5002 est
2120 4944 2297 5017 quale
2337 4945 2412 5000 sit
2464 4944 2936 5012 firmamentum,
2983 4944 3151 5018 quod
3188 4943 3417 5001 dividat
3446 4960 3638 5019 aquas

1980 5033 2317 5107 superiores
2349 5033 2427 5090 ab
2462 5032 2890 5089 inferioribus?
2932 5037 3079 5090 Nam
3135 5033 3407 5090 nonnulli
3435 5035 3643 5092 dicunt

1977 5123 2427 5179 ﬁrmamentum
2448 5139 2583 5179 esse
2604 5122 2822 5179 ecelum
2853 5130 3157 5192 aereu'm,a
3182 5128 3305 5195 quo
3335 5132 3476 5179 aves
3508 5121 3643 5179 ccell

1978 5212 2389 5284 nominantur,
2408 5214 2573 5285 quod
2603 5212 2833 5268 dividat
2859 5216 3052 5286 aquas
3073 5212 3326 5268 nubium
3354 5212 3431 5268 ab
3461 5213 3637 5286 aquis

1979 5300 2320 5358 ﬂuminum.
2355 5302 2464 5358 Alii
2521 5317 2662 5358 vero
2706 5301 2951 5372 intelligi
3003 5301 3212 5358 volunt
3243 5301 3455 5358 caelum
3487 5301 3640 5358 side-

1980 5402 2170 5461 reum,
2195 5393 2317 5448 sive
2355 5394 2685 5461 athereum,
2742 5402 2813 5449 eo
2843 5392 3009 5466 quod
3051 5391 3279 5449 dividat
3318 5392 3511 5465 aquas
3545 5408 3643 5450 su-

1978 5482 2246 5554 periores
2278 5482 2356 5538 ab
2403 5482 2802 5538 inferioribus.
2837 5485 3037 5554 Neque
3084 5483 3244 5538 enim
3289 5480 3635 5538 incredibile

1981 5574 2068 5626 est
2085 5570 2411 5627 invisibiles
2433 5588 2624 5645 aquas
2650 5572 2969 5629 consistere
2990 5584 3169 5645 super
3186 5570 3635 5627 ﬁrmamentum

1982 5658 2089 5716 sed
2117 5659 2166 5715 si
2196 5664 2335 5715 sunt
2360 5676 2485 5718 non
2508 5663 2727 5730 ﬂuidis,
2757 5662 2901 5734 quia
2929 5654 3052 5719 non
3070 5661 3321 5727 ﬂuitant,
3339 5656 3631 5713 sicutistai
