4160 6182
472 200 571 257 119

1592 197 1947 255 ANGELOMI
1989 180 2440 249 LUXOVIENSIS
2479 191 2789 250 MONACBI

3772 196 3885 253 120

466 322 747 381 visibiles.
781 324 946 381 Unde
971 323 1158 396 aliqui
1207 321 1441 392 glaciali
1481 322 1777 378 soliditate
1809 317 2127 393 persistere
2159 316 2206 369 Α
2238 330 2444 383 unum,
2474 315 2618 387 quia
2651 315 2781 386 jugi
2811 313 2977 370 unda
3007 317 3186 387 atque
3212 286 3498 370 continua
3546 316 3789 372 Oceano
3829 333 3903 374 ac

468 414 789 481 aestimant,
818 428 941 468 non
994 411 1266 483 vaporali
1325 412 1624 473 tenuitate,
1658 410 1808 466 sicut
1858 425 1930 463 ex
1959 405 2126 461 stella

470 501 730 568 Saturni,
755 516 892 574 quae
923 499 1304 571 frigidissima
1333 504 1439 567 est,
1484 502 1817 555 autumant.
1844 496 2012 562 Quia.
2040 494 2125 549 in-

469 590 708 664 quiunt,
734 606 808 647 ex
833 590 927 646 his
956 587 1131 661 aquis
1157 587 1435 658 frigidam
1467 604 1617 653 esse,
1658 604 1730 644 eo
1768 585 1934 659 quod
1955 586 2126 655 juxta

472 694 785 736 summum
813 675 1030 733 coelum
1053 691 1161 748 per
1192 675 1431 745 triginta
1465 692 1657 732 annos
1677 690 1920 730 cursum
1947 688 2125 727 suum

471 770 741 841 peragat,
788 765 925 820 licet
959 765 1076 819 hoc
1105 779 1327 835 negare
1355 764 1553 831 velint,
1594 763 1699 836 qui
1727 763 1801 818 de
1855 761 2127 835 ponderi-

469 855 589 911 bus
616 854 946 926 disputant.
975 855 1091 909 Nec
1143 853 1402 925 propriis
1428 853 1714 908 distinctae
1744 852 1892 907 locis
1920 850 2127 905 locatae

469 947 760 1015 tanquam
786 941 1064 1011 ﬂumina,
1083 946 1140 997 et
1164 957 1289 996 non
1316 941 1588 997 locorum
1618 940 1880 1006 sedibus,
1914 939 2017 995 sed
2043 939 2128 993 di-

470 1032 691 1102 gnitate
720 1035 951 1088 naturae
993 1046 1279 1103 superare
1307 1030 1524 1086 coelum
1545 1029 1786 1095 dicunt;
1818 1029 1962 1100 quia
1990 1044 2129 1083 cum

472 1119 549 1176 sit
574 1119 794 1176 caelum
825 1135 1044 1192 corpus
1068 1119 1563 1192 pulcherrimum,
1594 1118 1791 1175 omnis
1814 1116 2129 1174 invisibilis

470 1212 765 1275 creatura,
791 1212 855 1263 ut
896 1206 1110 1263 beatus
1141 1208 1509 1277 Augustinus
1563 1207 1662 1272 ait,
1695 1206 1925 1262 excedit
1950 1206 2129 1260 etiam

354 1372 371 1375 ν
470 1295 981 1369 pulchritudinem
1012 1295 1163 1352 cceli.
1200 1296 1478 1369 Ideoque,
1510 1301 1571 1351 ut
1593 1295 1754 1352 idem
1783 1295 1992 1351 doctor
2018 1294 2132 1348 exi-

471 1384 632 1441 mius
658 1388 849 1458 putat,
873 1400 1047 1457 aquae
1080 1401 1263 1458 super
1291 1385 1468 1441 ctelos
1489 1390 1645 1441 sunt.
1673 1385 1765 1439 Ait
1789 1385 1948 1438 enim
1970 1403 1981 1438 :
2004 1386 2131 1447 Quo

477 1473 664 1529 modo
694 1477 898 1529 autem
927 1478 985 1529 et
1009 1472 1367 1546 qualeslibet
1392 1490 1564 1546 aqua:
1612 1473 1696 1529 ibi
1729 1474 1865 1542 sint,
1898 1489 2026 1527 esse
2052 1472 2131 1527 ibi

475 1577 577 1618 eas
606 1561 852 1618 minime
903 1561 1286 1631 dubitemus;
1340 1563 1486 1634 quia
1535 1563 1731 1632 major
1758 1566 1865 1625 est,
1917 1560 2129 1632 inquit,

2235 404 2383 458 mari
2408 404 2744 474 junguntur
2772 406 3006 471 Magno.
3042 404 3354 475 Sequitur:

2305 495 2469 548 Vens.
2508 493 2768 550 ll-l3.—
2786 494 3087 549 Germinet
3119 498 3283 548 terra
3305 493 3551 548 herbam
3583 496 3898 568 virentem,

2234 586 2290 637 et
2339 581 2589 654 reliqua,
2640 598 2827 654 usque
2885 585 3058 652 cujus
3101 597 3297 638 semen
3343 583 3421 638 sit
3450 584 3515 638 in
3562 591 3895 655 semetipso.

2236 675 2350 729 Cur
2378 672 2479 740 ait,
2513 679 2574 728 in
2604 675 2931 742 semetipso,
2951 689 3090 728 cum
3112 673 3314 729 multae
3336 673 3583 730 arbores
3609 691 3733 731 non
3763 694 3904 750 pro-

2235 759 2426 815 ferant
2474 760 2752 823 fructum,
2790 766 2851 816 ut
2881 761 2941 816 in
2982 762 3118 832 ipso
3169 761 3435 817 habeant
3487 766 3744 821 semen?
3786 766 3903 822 Sed

2237 848 2549 904 sciendum
2574 854 2662 905 est
2685 849 2827 922 quia
2853 850 2901 904 si
2922 866 3044 905 non
3070 849 3296 906 habent
3315 851 3376 905 in
3421 850 3639 918 fructu,
3671 854 3906 911 habent

2236 935 2296 991 in
2323 937 2545 1007 radice,
2573 954 2645 994 ex
2671 955 2796 1011 qua
2826 938 3255 1008 germinentur.
3845 980 3859 991 .

2310 1026 2387 1080 Et
2430 1026 2576 1082 cidit
2633 1028 2789 1083 Deus
2818 1027 2978 1098 quod
3022 1042 3145 1083 esse
3200 1027 3439 1093 bonum,
3470 1033 3527 1083 et
3570 1033 3806 1085 caetera.
3841 1031 3901 1088 Si

2239 1128 2379 1181 ergo
2410 1115 2633 1186 herbae,
2656 1120 2715 1171 et
2755 1116 2981 1171 fructus
3024 1121 3211 1184 terrae,
3271 1122 3331 1172 et
3388 1116 3556 1186 ligna
3603 1118 3902 1189 pomifera

2238 1200 2402 1257 bona
2428 1208 2585 1269 sunt,
2618 1209 2674 1259 et
2721 1203 2946 1259 dictum
2978 1208 3067 1259 est
3094 1222 3107 1259 :
3154 1205 3311 1260 Vidit
3336 1207 3490 1261 Deus
3517 1214 3732 1262 cuncta
3761 1224 3900 1279 quae

2235 1290 2486 1360 fecerat,
2520 1296 2575 1348 et
2604 1297 2777 1347 erant
2808 1292 2984 1347 valde
3014 1292 3201 1361 bona;
3228 1298 3285 1349 et
3312 1292 3737 1350 adextremum
3758 1295 3899 1351 sub-

2237 1378 2537 1448 jungitur:
2591 1382 2897 1452 Requievit
2957 1384 3108 1437 Deus
3162 1382 3237 1438 ab
3278 1384 3549 1439 omnibus
3584 1384 3906 1457 operibus;

2240 1469 2387 1539 quid
2417 1469 2492 1524 de
2522 1469 2724 1525 herbis
2752 1470 3089 1538 venenosis,
3124 1475 3180 1526 et
3206 1474 3211 1477 ’
3234 1470 3410 1540 lignis
3443 1471 3672 1527 nocivis
3701 1471 3905 1529 dicen-

2243 1556 2386 1612 dum
2423 1562 2511 1612 est
2530 1557 2558 1613 ἶ)
2583 1559 2651 1613 Et
2695 1557 2842 1630 quid
2874 1563 2963 1614 est
2989 1559 3154 1631 quod
3184 1558 3263 1615 ad
3283 1558 3474 1615 Adam
3505 1558 3588 1616 ait
3607 1558 3685 1616 de
3712 1560 3905 1634 spinis

479 1650 793 1723 Scripturte
818 1651 1002 1722 hujus
1033 1652 1377 1716 auctoritas,
1417 1668 1603 1724 quam
1659 1652 1856 1707 omnis
1882 1649 2134 1705 humani
2162 1663 2205 1718 Β
2243 1649 2299 1700 et
2331 1646 2560 1701 tribulis
2586 1665 2599 1702 :
2636 1648 2821 1703 Terra
2876 1655 2980 1703 tua
3004 1651 3207 1718 spinas
3229 1655 3284 1705 et
3314 1650 3565 1705 tribulos
3594 1651 3903 1719 germina-

477 1738 703 1811 ingenii
727 1740 1052 1814 capacitas.
1084 1742 1225 1807 Quae
1257 1758 1429 1814 aquae
1458 1741 1805 1797 universam
1837 1746 2003 1797 terra:
2034 1756 2132 1795 su-

474 1828 782 1902 perﬁciem
825 1828 887 1885 in
918 1833 1147 1886 tantam
1204 1830 1486 1901 tegebant
1533 1830 1929 1897 altitudinem,
1985 1828 2137 1885 sicut

477 1916 580 1974 alii
605 1918 882 1975 doctores
909 1918 1097 1989 aiunt,
1130 1922 1197 1974 ut
1218 1935 1410 1992 usque
1440 1920 1517 1975 ad
1551 1919 1682 1975 illos
1706 1919 1870 1974 locos
1910 1918 2131 1991 pertin-

477 2010 683 2076 gerent
728 2006 834 2061 ubi
863 2021 1024 2063 nunc
1059 2022 1252 2079 usque
1299 2023 1479 2079 super
1521 2008 1971 2063 firmamentum
2000 2005 2133 2063 coeli

475 2109 547 2149 ex
570 2097 739 2167 parte
767 2093 1357 2163 residentes,nomen
1370 2095 1468 2150 Dei
1500 2095 1781 2151 creatoris
1809 2111 1949 2151 cum
1970 2094 2131 2150 caelis

475 2181 765 2237 caelorum
796 2181 1045 2237 laudare
1070 2198 1194 2238 non
1225 2182 1524 2238 desinunt.
1544 2183 1805 2255 Denique
1839 2183 1889 2237 si
1918 2182 2133 2255 aliquis

473 2269 590 2326 hoc
635 2285 857 2340 negare
897 2270 1172 2341 voluerit,
1203 2270 1334 2343 iste,
1367 2271 1415 2326 si
1455 2273 1763 2327 hominem
1791 2277 2036 2341 crearet,
2069 2275 2135 2327 ut

473 2356 653 2430 Deus,
680 2360 991 2432 epitimam
1016 2375 1141 2417 non
1170 2365 1419 2432 poneret
1448 2364 1508 2417 in
1534 2362 1749 2434 capite,
1778 2361 1886 2417 sed
1913 2361 1975 2416 in
2019 2366 2133 2417 sto-

472 2448 716 2504 macho.
734 2451 1012 2504 Attamen
1040 2447 1118 2506 de
1136 2450 1253 2507 hac
1268 2465 1330 2504 re
1356 2466 1479 2506 non
1509 2456 1596 2506 est
1621 2456 1893 2506 nostrum
1914 2455 2133 2507 temere

473 2534 743 2604 deﬁnire,
774 2537 920 2609 quia
946 2542 1179 2594 remota
1208 2543 1296 2593 est
1351 2554 1388 2593 a
1430 2539 1652 2594 nostris
1704 2539 1947 2595 visibus.
1999 2539 2134 2605 Qui-

474 2623 619 2680 dam
647 2628 850 2681 autem
876 2640 1072 2698 aquas
1096 2641 1391 2698 supernas
1421 2626 1722 2698 accipiunt
1740 2627 1999 2700 populos
2025 2642 2131 2683 an-

473 2712 768 2784 gelorum,
781 2713 857 2769 de
887 2714 1110 2786 quibus
1132 2715 1417 2788 scriptum
1434 2722 1555 2770 est:
1577 2717 1667 2772 Et
1678 2732 1867 2787 aqua,
1886 2732 2018 2788 quae
2039 2733 2133 2771 su-

468 2815 586 2874 per
640 2803 816 2859 ctelos
871 2809 1037 2873 sunt,
1094 2804 1343 2861 laudent
1392 2820 1606 2861 nomen
1654 2806 1895 2861 Domini
1940 2806 2130 2876 (Psal.

472 2906 704 2960 cnvnt,
754 2890 831 2962 4).
860 2890 1169 2948 Inferiores
1223 2908 1366 2949 vero
1419 2909 1609 2967 aquas
1640 2894 1915 2949 homines
1963 2898 2132 2950 terrae

472 2981 581 3052 [Z.,
600 2980 775 3051 terra]
803 2978 1111 3052 degentes,
1134 2981 1210 3038 de
1238 2981 1462 3054 quibus
1492 2982 1733 3039 dicitur:
1754 2987 1960 3054 Aquas
1983 2999 2133 3054 quas
2162 3012 2204 3069 ο

471 3069 696 3139 vidisti,
719 3070 941 3139 populi
962 3076 1103 3125 sunt
1142 3076 1199 3128 et
1225 3077 1448 3143 gentes,
1480 3087 1635 3143 quas
1666 3071 1869 3145 utique
1912 3072 2132 3129 caelum

467 3156 771 3215 sidereum
800 3158 879 3215 ad
906 3158 1165 3215 invicem
1195 3168 1489 3232 segregat.

539 3247 714 3302 Vens.
747 3248 1060 3305 9.—Di.m't
1089 3264 1324 3320 quoque
1354 3253 1545 3308 Deus:
1575 3252 1916 3322 Congretur
1934 3267 2128 3324 aqua},

471 3349 604 3405 qua
634 3334 742 3388 sub
799 3337 946 3391 caelo
990 3344 1131 3391 sunt
1177 3340 1242 3392 in
1277 3340 1470 3395 locum
1502 3357 1710 3407 unum,
1753 3347 1806 3397 et
1837 3347 2132 3411 appareat

467 3421 668 3487 arida,
700 3424 757 3475 et
776 3421 1026 3494 reliqua.
1062 3423 1118 3479 Si
1140 3426 1300 3480 enim
1326 3431 1483 3481 totus
1509 3429 1774 3484 mundus
1804 3435 1931 3486 erat
1958 3432 2132 3503 aquis

469 3506 712 3579 plenus,
740 3507 844 3564 ubi
882 3516 1259 3581 congregatae
1291 3519 1448 3583 sunt,
1483 3515 1598 3572 nisi
1631 3517 1797 3587 quod
1826 3518 1934 3573 ait:
1984 3520 2133 3575 Con-

469 3600 801 3667 gregentur
828 3597 892 3653 in
926 3598 1119 3656 locum
1150 3615 1337 3656 unum
1363 3604 1392 3657 ?
1435 3618 1505 3658 ac
1537 3603 1587 3658 si
1614 3603 1870 3674 diceret;
1919 3607 2132 3663 DlSlln-

467 3689 634 3756 gnat,
663 3689 842 3759 atque
872 3687 1171 3759 producat
1206 3689 1331 3762 iam
1363 3707 1437 3748 ex
1467 3709 1528 3748 se
1570 3693 1797 3765 species
1841 3711 1982 3751 suas
2030 3697 2133 3754 illa

463 3772 738 3831 informis
767 3775 1042 3848 materia,
1073 3782 1132 3834 et
1153 3786 1446 3853 appareat
1465 3782 1694 3855 species
1717 3799 2037 3857 aquarum,
2076 3785 2133 3841 et

467 3862 699 3937 species
727 3868 917 3923 teme.
940 3870 1076 3941 Ipsa
1099 3869 1262 3925 enim
1284 3872 1668 3943 congregatio
1689 3873 1749 3929 in
1774 3889 1964 3930 unum
1994 3875 2132 3949 ipsa

465 3956 554 4009 est
592 3969 890 4025 aquarum
944 3956 1245 4029 formatio,
1294 3976 1449 4032 quas
1504 3962 1781 4019 videmus
1823 3968 1882 4020 et
1929 3966 2129 4035 tangi-

464 4056 625 4096 mus.
657 4044 725 4098 Et
747 4043 916 4115 quod
945 4046 1047 4111 ait,
1078 4055 1377 4116 appareat
1405 4050 1604 4117 arida,
1638 4052 1788 4123 quid
1819 4053 1983 4109 aliud
2013 4054 2129 4110 dici

465 4125 920 4199 intelligendum
965 4136 1072 4199 est,
1107 4134 1225 4190 nisi
1248 4136 1527 4194 materies
1550 4139 1805 4210 accipiat
1832 4141 2127 4198 visibilem

466 4215 750 4290 formam,
773 4235 963 4292 quam
993 4237 1155 4279 nunc
1184 4223 1368 4280 habet
1394 4230 1553 4284 terra
1577 4229 1731 4285 ista?
1788 4231 1927 4295 Quae
1951 4231 2125 4304 bene,

464 4304 741 4393 inquam,
766 4311 924 4366 terra
952 4310 1123 4367 arida
1151 4315 1421 4385 vocatur,
1439 4315 1605 4388 quia,
1634 4316 1786 4374 sicut
1809 4318 1964 4389 ignis
1992 4336 2127 4393 pro-

465 4392 596 4468 prie
623 4395 907 4469 calorem,
938 4403 996 4455 et
1021 4413 1185 4472 aqua
1222 4400 1542 4459 humorem
1567 4403 1652 4463 ita
1686 4420 1930 4479 quoque
1972 4392 2127 4465 tarra

465 4482 803 4545 ariditatem
826 4485 1030 4545 habet.

536 4575 707 4631 Vens.
726 4579 813 4637 10.
843 4607 914 4619 --
935 4575 1555 4652 Congregationesque
1590 4597 1890 4655 aquarum
1919 4589 2127 4657 appet-

468 4662 617 4720 lavit
646 4666 865 4725 maria.
896 4666 1238 4725 Notandum
1268 4669 1436 4742 quod
1465 4685 1680 4728 omnes
1706 4674 2124 4745 congregatio-

462 4764 574 4836 nes
627 4768 948 4824 aquarum,
979 4757 1104 4815 sive
1159 4757 1364 4816 dulces
1409 4759 1527 4817 sint
1556 4761 1680 4818 sive
1734 4760 1926 4831 salsae,
1952 4764 2126 4836 juxta

464 4833 692 4924 idioma
710 4839 932 4910 linguae
948 4846 1221 4905 Hebaicae
1244 4849 1437 4907 maria
1459 4856 1903 4924 nuncupantur.
1930 4833 2046 4911 Sed
2060 4853 2125 4910 in

464 4920 876 5014 lilexaemeron
892 4931 1022 5000 jam
1049 4934 1189 4991 dicti
1218 4937 1479 4996 doctoris
1509 4920 1686 4997 Beda;
1712 4941 1796 4998 ita
1823 4940 2120 5014 legimus:

466 5008 638 5108 Fieri,
675 5011 887 5108 inquit,
934 5021 1151 5108 potuit,
1182 5028 1251 5079 ut
1298 5029 1455 5084 terra
1496 5032 1626 5101 ipsa
1662 5029 1839 5098 longe
1884 5008 2123 5104 lateque

459 5104 637 5167 jussu
690 5104 979 5161 Creatoris
1030 5108 1373 5181 subsidens,
1399 5115 1549 5171 alias
1579 5121 1778 5187 partes
1830 5118 2125 5189 praeberet

464 5200 786 5262 concavas,
815 5192 1039 5265 quibus
1092 5196 1345 5257 ﬂuentes
1398 5216 1572 5275 aquae
1604 5204 2027 5276 reciperentur,
2060 5213 2125 5265 ut

463 5285 782 5349 appareret
807 5281 997 5341 arida.
1040 5289 1236 5346 Potest
1261 5290 1440 5348 etiam
1466 5309 1589 5349 non
1618 5294 1879 5350 absurde
1907 5294 2122 5353 intelli-

464 5363 622 5456 giac
664 5369 826 5456 credi
874 5374 1129 5432 rariores
1159 5370 1481 5450 priniarias
1508 5381 1688 5438 fuisse
1738 5398 1953 5454 aquas,
1982 5400 2121 5456 quae

462 5450 626 5509 velut
650 5455 873 5554 nebula
896 5465 1085 5522 terras
1106 5469 1390 5538 tegerent,
1424 5450 1886 5542 congregatione
1918 5450 2119 5531 autem

464 5554 593 5598 esse
637 5552 944 5617 spissatas,
999 5569 1135 5627 quae
1165 5554 1321 5613 datis
1352 5558 1469 5615 sibi
1496 5557 1644 5615 locis
1673 5560 1805 5632 capi
1846 5568 2115 5634 possent,

462 5639 791 5709 aPparente
818 5638 988 5700 arida
1013 5643 1076 5703 in
1104 5644 1370 5721 reliquis.
1407 5652 1477 5710 Et
1501 5648 1658 5711 bene
1687 5650 1787 5719 ait,
1818 5652 1882 5710 in
1915 5654 2114 5709 locum

2245 1734 2326 1790 bit
2358 1735 2464 1789 tibi
2483 1736 2510 1790 ι)
2558 1735 2671 1790 nisi
2704 1740 2768 1791 ut
2795 1735 3083 1806 intelligat
3111 1738 3217 1809 qui
3244 1738 3546 1810 proponit,
3573 1738 3723 1810 quia
3774 1753 3901 1795 non

2242 1823 2514 1879 absolute
2539 1823 2767 1881 dictum
2791 1829 2913 1880 est:
2946 1827 3131 1882 Terra
3154 1828 3361 1896 spinas
3389 1832 3446 1883 et
3491 1827 3744 1884 tribulos
3770 1843 3903 1899 ger-

2240 1914 2514 1982 minabit,
2546 1913 2781 1981 sed-ait,
2817 1914 2963 1983 tibi;
3018 1931 3088 1972 ac
3120 1915 3167 1971 si
3207 1916 3461 1972 diceret:
3501 1917 3749 1989 Incipiat
3791 1916 3902 1974 tibi

2241 2002 2576 2073 germinare
2597 2003 2676 2059 ad
2696 2003 3040 2061 exercitium
3055 2004 3446 2079 laboris,qute
3476 2006 3643 2079 prius
3676 2006 3899 2076 germi-

2241 2092 2405 2147 navit
2431 2091 2725 2163 pabulum
2745 2092 2821 2148 ad
2853 2109 2998 2149 usus
3022 2094 3436 2164 jumentorum
3464 2101 3523 2151 et
3542 2095 3894 2152 bestiarum.

2242 2179 2357 2236 Nisi
2381 2181 2543 2237 enim
2571 2186 2896 2253 peccasset,
2954 2197 3341 2256 nequaquam
3372 2183 3553 2241 noxia
3597 2183 3694 2240 illa
3734 2187 3896 2241 terra

2245 2270 2620 2340 germinaret.
2679 2270 2843 2327 Unde
2892 2276 3141 2343 apparet
3202 2273 3344 2344 quia
3395 2278 3534 2346 post
3583 2278 3897 2346 peccatum

2241 2357 2396 2414 illius
2425 2359 2604 2432 coepit
2658 2363 2813 2415 terra
2843 2359 3047 2431 spinas
3100 2359 3341 2429 gignere
3385 2364 3533 2417 Nam
3578 2360 3653 2417 de
3693 2360 3901 2417 herbis

2242 2445 2679 2518 arboribusque
2707 2447 3022 2503 venenosis
3070 2452 3127 2504 et
3155 2449 3363 2505 nocuis
3402 2449 3714 2506 sciendum
3754 2449 3901 2523 quia

2241 2535 2416 2592 valde
2474 2535 2639 2592 bona
2668 2535 2910 2592 condita
2956 2542 3134 2605 sunt;
3189 2536 3334 2610 quia
3375 2537 3423 2594 si
3470 2554 3593 2594 non
3625 2538 3903 2610 praebent

2241 2640 2465 2687 escam,
2499 2623 2918 2681 administrant
2944 2624 3327 2695 medicinam;
3355 2630 3412 2681 et
3436 2625 3485 2681 si
3513 2626 3689 2682 nobis
3717 2626 3903 2685 noxia

2240 2711 2683 2780 videntur,feris
2713 2717 2770 2769 et
2799 2713 3012 2769 avibus
3037 2714 3294 2771 innoxiae
3316 2715 3624 2788 sunt,quia
3644 2716 3728 2770 eis
3750 2732 3902 2788 prae-

2242 2799 2385 2856 bent
2415 2800 2732 2874 pabulum,
2763 2800 2901 2857 licet
2928 2801 3104 2858 nobis
3153 2819 3272 2859 non
3312 2803 3622 2875 praebeant
3641 2802 3899 2859 alimen-

2241 2892 2392 2945 tum.
2426 2893 2493 2946 Et
2520 2889 2675 2957 ideo,
2714 2890 2867 2947 sicut
2884 2890 3113 2947 dictum
3140 2895 3246 2961 est,
3264 2891 3460 2948 omnis
3484 2896 3757 2947 creatura
3776 2890 3903 2946 val-

2243 2978 2316 3033 de
2346 2978 2506 3035 bona
2537 2979 2779 3036 condita
2807 2985 2915 3050 est,
2950 2980 3056 3036 sed
3088 2985 3221 3054 post
3247 2983 3557 3054 peccatum
3584 2978 3762 3052 primi
3786 2995 3899 3051 pa-

2242 3068 2423 3122 rentis
2454 3072 2652 3123 actum
2679 3058 2769 3124 est
2799 3073 2865 3124 ut
2892 3052 3106 3142 aliquis
3154 3052 3532 3123 infructuosae
3557 3065 3801 3122 arbores
3832 3068 3895 3122 et

2246 3155 2470 3213 steriles
2502 3162 2812 3229 apparent,
2846 3162 2901 3214 et
2951 3157 3144 3213 herbae
3175 3170 3511 3221 venenosae,
3546 3158 3607 3211 ut
3636 3169 3711 3210 ex
3736 3153 3897 3227 ipsis

2239 3246 2426 3301 homo
2460 3250 2772 3317 peccatum
2821 3262 2999 3301 suum
3047 3243 3501 3318 quodammodo
3544 3242 3899 3300 considera—

2239 3338 2347 3399 ret,
2379 3338 2436 3391 et
2466 3339 2945 3392 commoneretur
2973 3332 3301 3407 aliquando
3342 3332 3525 3389 averti
3544 3349 3582 3389 a
3608 3333 3894 3405 peccatis,

2240 3427 2298 3478 et
2322 3424 2399 3478 ad
2430 3424 2531 3480 Dei
2561 3428 2860 3495 praecepta
2881 3440 2989 3479 con
3000 3423 3163 3492 verti,
3198 3427 3255 3478 et
3278 3426 3699 3494 expavesceret
3726 3421 3896 3478 amit-

2242 3514 2360 3567 tere
2390 3512 2684 3567 culturam
2716 3512 2836 3582 Dei,
2865 3517 2922 3567 et
2940 3510 3148 3566 sterilis
3179 3526 3475 3583 apparere
3518 3510 3580 3566 in
3611 3525 3757 3581 agro
3789 3511 3896 3565 Ec—

2241 3599 2453 3666 clesiae,
2489 3600 2536 3655 si
2565 3615 2687 3656 non
2713 3605 2867 3658 esset
2887 3600 3065 3657 arbor
3084 3600 3411 3657 fructuosa.
3436 3602 3551 3657 Seu
3580 3602 3897 3671 propterea

2243 3688 2486 3745 arbores
2516 3688 2923 3756 infructuosae,
2954 3693 3011 3745 et
3056 3688 3256 3745 herbae
3292 3688 3522 3745 nocivte
3551 3690 3798 3753 creatis;
3828 3690 3898 3741 ut

2240 3776 2405 3833 nulla
2433 3777 2692 3849 indignis
2718 3779 3065 3851 aperiantur
3092 3779 3379 3851 mysteria
3408 3775 3894 3850 [Z.,ministeria],

2239 3881 2436 3938 neque
2480 3866 2830 3924 ostendatur
2875 3866 2936 3923 in
2987 3884 3110 3940 qua
3156 3868 3350 3938 ﬁgura
3395 3866 3731 3923 futurorum
3780 3865 3898 3920 ista

2238 3954 2400 4012 dicta
2420 3960 2577 4013 sunt.
3058 3963 3066 3971 '

2313 4057 2471 4110 Vens.
2529 4059 2714 4111 14-19.
2742 4086 2811 4097 -
2861 4057 3031 4113 Dixit
3088 4064 3285 4114 autem
3317 4058 3421 4129 [Z.,
3454 4056 3676 4128 itaque]
3702 4055 3896 4111 Deus:

2235 4144 2421 4199 Fiant
2446 4146 2775 4201 luminaria
2802 4146 2866 4200 in
2893 4147 3271 4214 ﬁrmamento
3299 4147 3454 4213 caeli,
3494 4149 3550 4201 et
3580 4148 3809 4200 caetera.
3838 4142 3899 4197 Si

2236 4237 2450 4304 quarta
2468 4232 2562 4289 die
2578 4232 2736 4289 facta
2765 4239 2905 4290 sunt
2924 4233 3267 4298 luminaria,
3284 4249 3473 4306 quare
3495 4231 3894 4306 superius[l.,

2235 4319 2428 4393 prius]
2460 4320 2689 4377 dictum
2718 4326 2809 4378 est
2829 4337 3067 4392 vespere
3094 4329 3151 4379 et
3172 4337 3366 4389 mane,
3397 4321 3534 4388 nisi,
3569 4324 3749 4394 prout
3762 4319 3896 4390 jam

2233 4407 2461 4465 dictum
2483 4414 2590 4479 est,
2620 4409 2682 4466 in
2709 4425 2946 4480 vespere
2974 4411 3262 4484 accipitur
3278 4410 3533 4483 expletio
3553 4408 3899 4482 praeceden-

2234 4498 2307 4552 tis
2338 4498 2556 4571 operis,
2584 4498 2647 4555 in
2677 4514 2856 4557 mane
2883 4499 3189 4557 inchoatio
3211 4498 3636 4572 subsequentis
3652 4498 3680 4553 ‘?

2303 4586 2382 4642 Et
2401 4588 2523 4642 sint
2546 4587 2611 4643 in
2638 4589 2835 4659 signa,
2866 4593 2923 4644 et
2952 4594 3240 4657 tempora,
3272 4593 3327 4644 et
3347 4602 3559 4655 annos,
3583 4592 3638 4644 et
3668 4585 3899 4641 diean

2231 4675 2602 4747 signa,juxta
2620 4676 2788 4750 quod
2816 4677 3104 4733 Dominus
3134 4676 3235 4732 ait:
3258 4677 3456 4732 Erunt
3487 4677 3662 4747 signa
3691 4690 3754 4728 ιη
3767 4675 3901 4728 sole

2233 4770 2291 4821 et
2343 4766 2512 4834 luna,
2534 4772 2591 4823 et
2620 4768 2809 4824 stellis
2841 4767 3003 4838 (Luc.
3030 4771 3086 4822 2t
3105 4809 3119 4836 ,
3160 4770 3272 4830 25).
3309 4764 3491 4835 Signa
3510 4764 3789 4821 dicuntur
3820 4776 3901 4819 eo

2231 4854 2469 4927 quodin
2489 4853 2757 4912 futurum
2768 4855 2995 4929 aliquid
3012 4854 3406 4927 signantquia
3416 4852 3707 4910 sunttalia
3718 4851 3902 4922 signa

2232 4942 2295 4999 in
2335 4943 2629 5001 sideribus
2659 4962 2796 5018 quae
2826 4948 3235 5017 tempestates,
3257 4947 3316 5000 et
3351 4942 3607 5016 pluvias,
3652 4946 3712 4997 et
3735 4939 3901 4997 bella

2233 5032 2611 5099 denuntiant,
2635 5040 2693 5091 et
2708 5034 2887 5090 etiam
2904 5033 3198 5091 nonnulla
3215 5032 3642 5103 navigantibus
3660 5031 3720 5087 in
3742 5029 3901 5086 mari

2233 5120 2396 5177 viam
2429 5122 2773 5178 ostendunt.
2795 5123 2876 5178 Et
2900 5123 2964 5178 in
2993 5129 3280 5192 tempora,
3295 5123 3440 5195 quia
3461 5120 3584 5177 suis
3605 5119 3903 5177 vicissitu-

2232 5206 2476 5264 dinibus
2497 5213 2772 5283 tempora
2784 5210 3182 5279 distinguunt,
3196 5211 3346 5267 veris
3365 5209 3633 5268 videlicet
3652 5214 3710 5266 et
3726 5215 3901 5266 aesta-

2231 5296 2329 5365 tis,
2347 5298 2622 5354 autumni
2645 5303 2703 5355 et
2730 5298 2964 5355 hiemis.
2987 5299 3124 5354 Dies
3144 5305 3199 5354 et
3218 5302 3370 5356 anni
3389 5300 3468 5357 ad
3492 5315 3737 5356 cursum
3753 5298 3903 5355 solis

2230 5389 2289 5441 et
2314 5384 2471 5441 lunae
2488 5386 2633 5458 quia
2649 5391 2787 5441 sunt
2805 5385 3030 5442 solares
3052 5384 3202 5458 dies,
3220 5394 3359 5444 sunt
3384 5393 3444 5445 et
3462 5388 3702 5445 lunares
3722 5388 3905 5459 juxta

2228 5473 2355 5530 cale
2365 5474 2640 5535 uiatores.
2664 5476 2777 5532 Seu
2807 5474 2953 5548 quia
2978 5480 3306 5550 antequam
3327 5477 3750 5546 formarentur,
3769 5491 3905 5534 non

2227 5566 2355 5618 erat
2418 5561 2577 5618 unde
2619 5563 2737 5620 diei
2792 5565 3107 5639 noctisque
3137 5567 3315 5646 horae.
3353 5567 3709 5637 signaretur.
3745 5567 3904 5621 Nam

2227 5651 2512 5725 scriptum
2530 5658 2649 5710 est:
2682 5656 2843 5714 Fecit
2864 5658 3073 5717 lunam
3094 5662 3158 5714 in
3188 5664 3462 5727 tempora
3482 5654 3587 5731 [Z.,
3605 5657 3903 5728 tempore]
