4180 6186
280 134 383 186 121

1668 128 2129 219 commisi
2169 129 2328 189 GEN.

3604 135 3709 193 122

274 254 370 310 sol
397 253 677 345 cognovit
704 268 983 345 occasum,
1009 270 1181 345 suum
1213 257 1763 345 (Psal.c1n,l9).Sed
1776 270 1937 330 quie-
1965 255 2014 310 Α
2054 252 2238 345 modo
2267 269 2406 310 cum
2434 254 2686 310 consilio
2732 254 2923 312 facere
2952 254 3269 322 videretur,
3302 261 3360 312 et
3398 260 3465 313 ut
3491 256 3707 315 nobili-

271 341 530 397 rendum
560 346 651 396 est
680 341 731 397 si
754 348 953 415 empta
973 344 1067 399 hic
1095 350 1235 401 sunt
1253 341 1553 419 Empora,
1569 353 1626 404 et
1647 345 1940 418 incipiunt

269 431 397 488 dies
422 430 694 487 articulis
722 436 780 488 et
828 433 1149 489 momentis
1178 434 1466 492 horarum
1505 436 1767 503 decerni,
1792 431 1940 507 quid

268 516 600 574 dicendum
615 521 705 574 est
721 519 798 575 de
813 519 915 576 illo
938 521 1131 594 spatio
1148 522 1314 595 quod
1335 522 1445 579 fuit
1460 539 1653 598 usque
1670 523 1749 580 ad
1765 534 1943 596 quar-

270 610 407 663 tum
430 606 637 662 diem?
667 608 950 681 Nunquid
971 625 1094 665 non
1122 610 1342 683 [Z.om.
1359 611 1503 683 non]
1533 618 1807 686 tempora
1818 611 1942 666 fue-

272 695 466 750 runt?
496 693 1079 767 Sedquodammodo
1100 704 1374 772 tempora
1411 699 1670 769 fuerunt,
1689 699 1794 756 sed
1815 714 1939 753 non

277 788 367 839 est
414 782 560 837 illud
605 784 866 855 spatium
934 784 1282 843 distinctum
1349 788 1610 844 articulis
1650 789 1939 845 horarum

276 878 337 927 ut
362 871 551 927 modo
581 871 969 943 distinguitur
1017 875 1124 945 [Z.,
1157 875 1646 949 distinguuntur],
1682 877 1787 933 sed
1812 892 1943 950 per-

270 961 503 1016 transiit
530 961 679 1032 quia
698 961 788 1017 sol
825 978 949 1018 non
979 968 1106 1020 erat
1133 980 1258 1037 quo
1287 964 1789 1022 discernerentur.
1818 965 1942 1022 Tali

266 1047 456 1105 modo
484 1046 715 1104 factum
746 1055 836 1106 est
863 1051 1347 1123 quodaminodo,
1372 1054 1526 1110 sicut
1548 1069 1712 1110 nunc
1743 1054 1941 1124 agitur

263 1136 519 1209 quando
550 1138 640 1194 sol
668 1138 832 1195 nube
868 1142 1080 1211 tegitur
1108 1148 1165 1198 et
1210 1148 1483 1215 tempora
1532 1159 1654 1200 non
1686 1148 1940 1217 possunt

264 1220 576 1291 distingui,
605 1222 711 1279 sed
738 1229 945 1281 tamen
978 1226 1240 1298 spatium
1270 1227 1387 1283 diei
1418 1228 1651 1284 transit.

337 1311 513 1365 Vens.
548 1312 732 1366 20-23.
789 1344 859 1354 —
916 1314 1085 1369 Dixit
1116 1316 1308 1385 igitur
1329 1317 1540 1373 Deus:
1582 1317 1939 1372 Producant

262 1414 441 1470 aqua:
472 1400 689 1469 reptile
715 1402 937 1458 anima:
995 1404 1266 1470 viventis,
1296 1410 1352 1460 et
1409 1406 1677 1475 volatile,
1722 1420 1934 1477 usque,

269 1489 574 1545 beneth
603 1490 685 1545 eis
714 1490 875 1546 Deus
896 1491 1135 1548 dicens:
1168 1493 1452 1565 Crescite,
1484 1497 1543 1549 et
1572 1497 1804 1550 caetera.
1830 1493 1933 1549 Hic

2048 345 2142 397 tas
2160 342 2289 413 ejus
2315 343 2890 401 ostendereturJdeo
2916 344 3359 411 ait,Faciamus.
3382 344 3495 403 Sed
3520 360 3709 418 quare

2050 430 2324 502 superius
2354 432 2581 489 dictum
2610 438 2723 505 est,
2780 433 3056 503 dixitque
3086 434 3276 489 Deus:
3318 433 3481 501 Fiat,
3506 438 3563 490 et
3611 432 3710 490 hic

2050 517 2152 587 ait,
2183 520 2501 577 Faciamus
2546 522 2841 579 hominem
2872 522 2955 578 ad
3000 522 3341 594 imaginem,
3370 527 3426 578 et
3452 520 3709 594 reliqua,

2049 606 2399 679 pluraliter?
2429 612 2497 666 Ut
2525 610 2863 666 ostenderet
2888 628 2901 678 ;
2954 609 3097 682 quia
3124 611 3315 666 trinus
3345 613 3434 666 est
3460 611 3617 665 Deus
3646 609 3710 665 in

2050 697 2343 769 personis,
2376 702 2432 754 et
2453 714 2611 753 unus
2644 698 2707 753 in
2732 698 2968 754 deitatis
3013 702 3231 754 natura
3255 699 3367 769 [Z.,
3401 698 3462 755 in
3492 698 3710 755 deitate

2048 787 2308 857 natura].
2334 787 2475 842 inde
2506 791 2594 842 est
2622 787 2788 859 quod
2824 787 2883 842 in
2915 785 3424 858 consequentibus
3453 786 3705 842 dicitur:

2048 874 2129 930 Et
2159 878 2381 931 creavit
2406 877 2563 931 Deus
2618 876 2913 932 hominem
2962 875 3044 930 ad
3070 876 3386 945 imaginem
3432 889 3625 942 suam,
3653 877 3712 931 et

2047 962 2301 1035 reliqua.
2361 964 2814 1037 Homojquippe
2844 963 2922 1019 ad
2965 962 3292 1032 imaginem
3324 962 3424 1018 Dei
3469 960 3707 1029 dicitur,

2050 1052 2386 1106 secundum
2412 1050 2579 1124 quod
2608 1052 2876 1107 animam
2906 1051 3087 1106 habet
3116 1049 3474 1105 invisibilem
3505 1054 3563 1105 et
3593 1048 3703 1105 im-

2048 1139 2362 1195 mortalem
2393 1139 2454 1195 in
2476 1155 2585 1196 sua
2605 1145 2839 1196 natura.
2866 1139 2981 1195 Sed
3009 1138 3059 1194 si
3106 1138 3309 1208 imago
3341 1137 3441 1193 Dei
3470 1142 3559 1193 est
3576 1135 3709 1209 ipsa

2046 1227 2198 1283 ratio
2246 1228 2488 1292 animae,
2544 1227 2871 1284 similitudo
2922 1243 3066 1284 vero
3106 1226 3295 1300 ipsius
3350 1230 3441 1283 est
3486 1230 3709 1282 aeterna

2047 1316 2187 1380 vita,
2219 1333 2404 1389 quam
2436 1316 2686 1373 daturus
2744 1320 2832 1372 est
2875 1315 3159 1372 omnibus
3206 1314 3426 1383 electis,
3459 1312 3706 1386 quando

2050 1405 2157 1461 erit
2184 1405 2330 1460 illud
2385 1405 2549 1477 quod
2580 1407 2843 1461 Joannes
2873 1404 2986 1460 ait:
3016 1405 3254 1460 Similes
3296 1405 3349 1458 ei
3382 1403 3623 1473 erimus,
3653 1404 3710 1456 et

2049 1493 2279 1566 reliqua
2307 1495 2504 1561 (Joan.
2536 1510 2620 1560 ιιι,
2652 1498 2734 1564 2),
2771 1509 2893 1549 non
2917 1492 3180 1565 aequales
3219 1491 3357 1549 facti
3389 1490 3705 1557 Divinitati,

269 1576 605 1633 ostenditur
648 1579 796 1651 quia
839 1579 1073 1653 reptilia
1101 1585 1159 1637 et
1203 1581 1461 1639 volatilia
1508 1599 1665 1639 unus
1701 1588 1931 1640 natura;
1975 1599 2018 1652 Β
2051 1581 2156 1636 sed
2186 1583 2391 1637 sociati
2420 1582 2752 1638 aeternitati.
2796 1581 3021 1649 Aliter;
3072 1581 3119 1636 si
3150 1581 3354 1648 imago
3406 1578 3505 1635 Dei
3531 1582 3618 1634 est
3644 1579 3707 1633 in

270 1669 411 1721 sunt
457 1670 636 1739 atque
682 1666 951 1737 originis,
978 1668 1085 1724 sed
1124 1669 1370 1725 nomine
1413 1686 1587 1743 aqua:
1612 1671 1792 1727 etiam
1831 1687 1933 1727 aer

266 1754 376 1809 iste
401 1753 772 1824 intelligitur,
799 1756 905 1828 qui
935 1761 991 1812 et
1017 1772 1054 1812 a
1085 1757 1459 1830 sapientibus
1481 1759 1656 1832 aquis
1686 1759 1935 1832 deputa-

269 1848 361 1899 tur
390 1845 504 1915 [Z.,
521 1847 668 1917 quia
692 1846 1065 1918 sapientibus
1089 1863 1252 1920 aqua
1272 1846 1653 1921 disputatur],
1669 1866 1741 1905 eo
1768 1848 1937 1922 quod

270 1932 647 1990 exhalatione
685 1950 986 2006 aquarum
1035 1936 1426 2009 evaporando
1475 1938 1834 2010 pinguescit,
1879 1943 1939 1995 et

274 2020 510 2077 volatus
529 2022 736 2077 avium
768 2023 1034 2097 suscipit.
1065 2023 1182 2081 Nisi
1212 2025 1377 2081 enim
1406 2026 1744 2099 quamdam
1774 2042 1935 2082 cras-

274 2110 600 2166 situdinem
628 2109 898 2182 haberet,
924 2112 1161 2169 volatus
1201 2112 1441 2169 illorum
1493 2130 1619 2171 non
1681 2114 1935 2171 sustine-

272 2202 378 2254 ret.
409 2198 577 2255 Unde
606 2198 817 2255 aestivo
874 2204 1164 2274 tempore,
1197 2202 1449 2274 quando
1496 2218 1776 2259 serenum
1824 2206 1935 2274 est,

277 2290 499 2342 terram
526 2286 734 2344 irrorat
751 2291 812 2344 et
839 2293 1022 2359 guttai
1051 2295 1364 2362 apparent.
1401 2294 1465 2347 Et
1491 2291 1606 2347 nisi
1635 2307 1800 2364 aqua
1826 2290 1935 2347 ali-

272 2375 439 2448 quod
481 2376 949 2433 solidamentum
1003 2377 1271 2449 haberet,
1329 2396 1585 2453 corpora
1616 2379 1934 2437 hominum

269 2465 543 2522 natantia
567 2471 626 2521 et
647 2465 964 2522 volucrum
993 2481 1117 2522 non
1146 2467 1357 2536 ferret;
1390 2476 1446 2526 et
1470 2469 1607 2526 ideo
1636 2467 1936 2542 quidquid

269 2549 579 2606 undosum
599 2555 691 2607 est
719 2554 776 2607 et
804 2549 1176 2607 conﬂuidum
1202 2553 1317 2623 [Z.,
1338 2552 1618 2625 ﬂuidum]
1644 2552 1931 2627 piscibus;

267 2638 571 2711 quidquid
598 2655 741 2696 vero
774 2654 1049 2696 crassum
1092 2645 1181 2696 est
1208 2645 1265 2697 et
1293 2641 1551 2710 exhalat,
1586 2642 1800 2698 avibus
1829 2641 1934 2697 de-

266 2733 533 2800 putatur.
568 2728 741 2794 Quod
765 2728 925 2785 enim
950 2743 1054 2783 aer
1070 2728 1313 2801 pinguis
1338 2735 1395 2785 et
1416 2735 1717 2800 ventosus,
1747 2734 1804 2785 et
1832 2729 1936 2785 ﬂa-

268 2822 402 2871 tum
424 2817 713 2888 praebeat,
737 2816 1081 2889 philosophi
1106 2818 1169 2873 in
1196 2823 1397 2874 monte
1427 2818 1684 2892 Olympo
1718 2817 1935 2890 proba-

2046 1670 2307 1726 interiori
2331 1671 2597 1741 homine,
2627 1671 2953 1727 similitudo
2993 1670 3055 1726 in
3087 1669 3395 1726 moribus:
3430 1666 3537 1723 sed
3560 1666 3710 1723 ima-

2045 1759 2247 1828 ginem
2300 1760 2402 1815 Dei
2458 1775 2668 1815 omnes
2739 1759 2985 1828 habent,
3050 1756 3501 1813 similitudinem
3563 1770 3708 1811 vero

2044 1847 2241 1920 pauci.
2274 1847 2355 1903 illi
2376 1848 2533 1904 enim
2570 1847 2905 1920 specialiter
2938 1845 3388 1903 similitudinem
3425 1843 3583 1900 illius
3621 1847 3707 1919 te-

2044 1942 2206 2003 nent,
2238 1937 2342 2010 qui
2371 1942 2511 1993 sunt
2561 1937 2889 1993 imitatores
2920 1937 3052 2007 ejus
3109 1940 3165 1992 et
3192 1934 3338 1990 illud
3375 1932 3710 2006 adimplent

2044 2025 2211 2097 quod
2237 2027 2355 2081 ait:
2389 2028 2608 2083 Sancti
2634 2032 2833 2096 estote,
2874 2027 3017 2096 quia
3046 2040 3151 2094 ego
3176 2029 3419 2080 sanctus
3465 2038 3618 2087 sum,
3649 2025 3709 2077 et

2043 2112 2275 2185 reliqua
2306 2116 2459 2184 (Lev.
2492 2130 2572 2180 x1,
2596 2117 2709 2182 44).
2758 2116 2905 2169 Nam
2935 2112 3232 2178 subditur,
3270 2116 3325 2167 et
3348 2110 3553 2179 praesit
3581 2111 3704 2178 pis-

2044 2201 2207 2257 cibus
2231 2204 2497 2271 maris,et
2521 2200 2945 2269 cmteranitur
2980 2199 3030 2254 si
3047 2202 3264 2254 cuncta
3287 2196 3620 2253 animantia
3649 2200 3709 2251 et

2042 2288 2305 2345 volatilia
2334 2290 2413 2345 ad
2439 2289 2553 2344 hoc
2578 2293 2780 2344 creata
2804 2292 2944 2342 sunt
2973 2291 3037 2342 ut
3061 2285 3291 2341 homini
3318 2283 3590 2354 subjecta
3618 2297 3706 2337 es-

2044 2383 2195 2445 sent,
2221 2377 2368 2451 quid
2398 2382 2486 2433 est
2513 2376 2680 2449 quod
2710 2376 2900 2432 multa
2923 2374 3105 2431 noxia
3143 2374 3362 2446 patitur
3388 2388 3425 2427 a
3453 2370 3656 2427 bestiis
3676 2368 3706 2426 ‘t

2044 2469 2190 2522 Ecce
2218 2466 2345 2523 vult
2374 2467 2618 2536 abigere
2643 2482 2784 2522 aves
2813 2463 3157 2525 nonnullas,
3190 2465 3248 2517 et
3272 2476 3397 2516 non
3427 2459 3703 2515 valetsu-

2042 2571 2252 2629 perare
2281 2555 2506 2612 bestias
2538 2555 2687 2627 food.
2726 2556 2913 2609 Z.om.
2948 2550 3214 2626 bestias],
3247 2554 3305 2605 et
3341 2564 3465 2605 non
3490 2551 3703 2620 potest,

2043 2649 2101 2702 et
2124 2646 2302 2702 etiam
2330 2661 2487 2717 saepe
2512 2661 2623 2718 pro
2661 2642 2977 2712 fragilitate
3016 2642 3288 2696 humana
3309 2637 3387 2695 ab
3436 2635 3584 2709 ipsis
3612 2634 3704 2690 in-

2042 2733 2350 2790 terimitur.
2398 2736 2464 2788 Et
2488 2732 2622 2789 licet
2668 2730 2952 2787 omnibus
3004 2728 3306 2785 dominari
3349 2741 3473 2781 non
3501 2727 3705 2797 queat,

2045 2827 2247 2878 tamen
2270 2821 2610 2877 nullatenus
2639 2818 2987 2875 dominatur
3016 2833 3047 2873 a
3075 2815 3280 2872 bestiis
3312 2815 3421 2886 [Z.,
3452 2811 3705 2868 nullate-

267 2910 520 2961 verunt:
554 2906 719 2979 quia,
738 2906 1036 2979 inquiunt,
1049 2906 1216 2978 quod
1240 2906 1303 2962 in
1333 2907 1464 2978 ejus
1480 2906 1794 2964 cacumine
1820 2921 1933 2962 nec
1975 2949 2017 3006 ϐ
2045 2925 2160 2965 nus
2186 2909 2533 2966 dominatur
2558 2906 2934 2978 bestiis].Sed
2963 2905 3235 2978 quisquis
3257 2905 3373 2959 ista
3398 2900 3703 2975 proponit,

268 2998 481 3048 ventus
511 2994 821 3062 sentiatur,
868 3009 980 3050 nec
1009 2994 1205 3049 nubes
1237 2993 1612 3066 colligantur,
1642 2994 1934 3067 quoniam

265 3083 525 3138 excessit
554 3081 865 3139 altitudine
897 3099 1007 3139 sua
1038 3089 1225 3139 totum
1271 3084 1456 3139 istum
1504 3098 1703 3140 aerem
1733 3083 1934 3139 humi-

264 3169 416 3226 dum
448 3170 516 3225 in
546 3186 673 3241 quo
702 3186 838 3226 aves
864 3170 1133 3239 volitant,
1163 3176 1220 3227 et
1244 3172 1379 3228 ideo
1408 3187 1520 3228 nec
1551 3187 1691 3229 aves
1719 3171 1804 3227 ibi
1830 3186 1936 3226 vo-

259 3259 392 3316 lare
449 3265 894 3323 asseverantur,
938 3261 1211 3318 solebant
1260 3276 1370 3334 per
1422 3260 1692 3330 singulos
1743 3274 1938 3315 annos

260 3364 471 3405 causa
486 3345 913 3404 sacriﬁciorum
934 3365 1223 3406 cacumen
1242 3350 1293 3421 ej
1304 3366 1374 3405 us
1394 3348 1738 3419 ascendere,
1752 3353 1810 3404 et
1838 3347 1939 3404 ali-

259 3455 424 3512 quas
450 3442 638 3493 notas
668 3438 726 3492 in
749 3436 989 3511 pulvere
1020 3440 1301 3508 scribere,
1324 3455 1480 3512 quas
1511 3438 1630 3495 alio
1656 3453 1817 3494 anno
1845 3437 1938 3493 in-

263 3535 466 3598 tegras
495 3526 918 3595 inveniebant;
941 3529 1105 3601 quod
1126 3528 1254 3584 ﬁeri
1274 3543 1399 3584 non
1421 3532 1625 3601 posset
1649 3526 1699 3582 si
1724 3531 1938 3583 ventos

274 3621 375 3671 aut
397 3616 639 3686 pluvias
666 3614 837 3672 locus
857 3615 953 3672 ille
979 3621 1312 3689 pateretur:
1337 3622 1393 3673 et
1424 3616 1710 3689 spongias
1728 3616 1937 3671 hume-

287 3709 473 3758 ctatas
484 3704 728 3761 naribus
750 3704 1327 3777 applicabant,unde
1349 3705 1704 3761 crassiorem
1728 3709 1784 3760 et
1797 3719 1939 3760 con-

293 3798 514 3848 suetum
544 3793 820 3865 spiritum
852 3792 1159 3859 ducerent,
1189 3795 1334 3867 quia
1362 3793 1618 3849 tenuitas
1648 3791 1807 3848 illius
1837 3807 1937 3848 ae-

282 3880 357 3935 ris
386 3897 509 3937 non
538 3897 611 3937 eo
635 3882 989 3954 inspirabat.
1030 3882 1142 3949 Qui
1171 3882 1352 3939 etiam
1390 3881 1621 3937 nullam
1666 3897 1729 3937 se
1760 3896 1940 3937 avem

277 3969 331 4025 in
351 3986 423 4025 eo
442 3970 583 4026 loco
598 3970 931 4044 aliquando
946 3971 1162 4027 vidisse
1184 3974 1636 4027 asserunt.Nam
1654 3969 1820 4041 quod
1834 3969 1936 4026 ait:

272 4059 596 4116 Benedixit
623 4061 703 4116 eis
733 4060 965 4117 dicens:
1001 4060 1278 4129 Crescite,
1312 4065 1370 4116 et
1408 4059 1660 4131 reliqua,
1692 4058 1788 4115 hic
1818 4058 1937 4131 pri-

269 4165 444 4205 mum
473 4148 613 4204 ideo
638 4148 1116 4205 benedictionem
1167 4149 1382 4215 intulit,
1413 4148 1559 4221 quia
1606 4148 1938 4204 animantia

268 4243 475 4294 creata
503 4242 663 4306 sunt,
692 4237 816 4293 sive
844 4238 990 4310 quia
1018 4237 1284 4293 futurum
1310 4242 1439 4293 erat
1485 4241 1551 4291 ut
1578 4252 1686 4309 per
1713 4251 1937 4307 aquam

270 4326 561 4400 baptismi
589 4325 867 4382 homines
894 4326 1376 4383 benedictionem
1407 4328 1936 4396 consequerentur.

343 4418 517 4471 Vens.
540 4417 803 4472 24-25.-—
819 4416 983 4471 Dixit
1000 4422 1198 4471 autem
1224 4416 1413 4471 Deus:
1439 4414 1747 4470 Producat
1775 4418 1942 4469 terra

274 4507 545 4563 animam
580 4506 890 4572 viventem,
924 4510 981 4559 et
1020 4504 1273 4577 reliqua,
1308 4518 1496 4576 usque
1525 4509 1580 4560 et
1607 4503 1751 4559 vidit
1784 4504 1942 4557 Deus

275 4597 437 4668 quod
466 4600 614 4651 esset
646 4594 951 4650 bonum.Si
972 4594 1132 4649 enim
1147 4595 1305 4649 Deus
1329 4594 1476 4648 vidit
1498 4593 1656 4664 quod
1681 4598 1823 4648 esset
1849 4592 1943 4646 bo-

275 4702 443 4752 num,
462 4681 616 4757 quid
640 4682 965 4738 dicendum
990 4682 1066 4738 de
1089 4681 1473 4755 putretudine
1490 4681 1775 4736 arborum
1792 4686 1848 4735 et
1863 4680 1944 4734 in-

276 4772 668 4830 ﬁrmitatibus
709 4772 1085 4827 diversarum
1125 4770 1582 4826 creaturarum?
1630 4768 1747 4825 Nisi
1789 4784 1941 4841 quo-

280 4864 442 4919 niam
474 4878 620 4919 cum
650 4864 853 4916 creata
883 4864 1043 4928 sunt,
1067 4874 1191 4915 non
1220 4858 1599 4933 apparebant
1622 4859 1748 4914 istae
1779 4855 1944 4913 inﬁr-

282 4951 533 5021 mitates,
558 4948 667 5005 sed
693 4949 757 5004 in
779 4963 892 5004 sua
917 4948 1144 5017 origine
1174 4950 1534 5019 acceperunt
1564 4950 1627 5001 ut
1654 4946 1715 5001 in
1744 4945 1942 5000 futuro

278 5037 588 5094 haberent.
614 5035 734 5094 Sed
764 5036 913 5108 quid
943 5041 1034 5091 est
1062 5034 1228 5107 quod
1263 5034 1343 5091 ait
1367 5053 1379 5087 :
1425 5035 1577 5090 Vidit
1603 5037 1755 5089 Deus
1784 5032 1944 5103 quod

277 5134 424 5186 esset
457 5126 768 5199 bonude
802 5131 889 5181 est
913 5125 974 5180 in
997 5140 1068 5180 ea
1096 5123 1361 5180 bonitate
1392 5122 1616 5195 placuit
1646 5126 1710 5178 ut
1739 5137 1833 5176 ma
1846 5136 1941 5176 ae-

275 5223 383 5288 ret,
406 5218 469 5273 in
498 5231 628 5289 qua
650 5213 878 5289 placuit
907 5218 973 5270 ut
1017 5212 1185 5269 ﬁeret
1212 5213 1380 5285 quod
1426 5214 1579 5269 fecit.
1626 5212 1939 5284 Sequitur:

349 5310 526 5363 Vsus.
562 5310 656 5361 '26.
703 5335 774 5345 —
831 5304 1151 5361 Faciamus
1182 5302 1475 5358 hominem
1516 5301 1596 5357 ad
1626 5303 1942 5371 imaginem

276 5399 331 5450 et
361 5393 824 5449 similitudinem
854 5401 1142 5448 nostram.
1189 5390 1343 5456 Quid
1370 5394 1459 5445 est
1483 5389 1649 5462 quod
1682 5388 1796 5444 ait:
1826 5389 1942 5445 Fa-

275 5498 504 5539 ciamus
536 5482 833 5539 hominem
864 5482 946 5537 ad
967 5482 1288 5551 imaginem
1309 5486 1576 5535 nostram
1596 5484 1623 5534 ί)
1650 5478 1768 5534 nisi
1796 5478 1941 5550 quia

272 5586 405 5646 ,am
430 5568 811 5628 rationabilis
837 5573 1109 5626 creatura
1126 5568 1518 5635 condebatur,
1547 5573 1615 5627 ιιι
1643 5565 1939 5637 quodam-

2046 2997 2295 3053 attendit
2318 2996 2514 3069 qualis
2537 2995 2731 3052 factus
2761 2998 2850 3050 est
2877 2994 3062 3049 homo
3088 2996 3227 3065 post
3249 2994 3565 3064 peccatum
3591 3006 3605 3056 ;
3648 2991 3707 3043 et

2046 3102 2169 3142 non
2196 3086 2537 3141 considerat
2593 3084 2791 3157 qualis
2845 3082 3083 3139 existitit
3124 3085 3450 3152 antequam
3499 3091 3708 3149 pecca-

2044 3180 2151 3230 ret.
2186 3173 2472 3230 Conditus
2501 3187 2767 3243 namque
2815 3171 2893 3225 ad
2923 3168 3252 3233 imaginem
3295 3166 3415 3231 Dei,
3448 3165 3495 3218 si
3526 3162 3708 3235 persi-

2046 3266 2223 3317 steret
2245 3261 2307 3316 in
2339 3275 2449 3314 suo
2477 3258 2709 3327 ordine,
2742 3256 2949 3312 omnia
2998 3255 3050 3310 ei
3083 3253 3324 3309 subdita
3366 3255 3701 3307 manerent.

2047 3353 2465 3405 Verumtamen
2491 3347 2634 3419 quia
2664 3344 3085 3419 praevaricator
3116 3342 3306 3397 factus
3334 3344 3424 3395 est
3447 3337 3705 3395 manda-

2047 3445 2245 3497 torum
2267 3439 2388 3508 Dei,
2411 3436 2696 3510 qusedam
2716 3435 2769 3490 ei
2795 3434 2874 3491 ad
2900 3432 3209 3489 utilitatem
3230 3443 3521 3486 concessa
3542 3432 3705 3495 sunt,

2047 3528 2329 3602 quaedam
2360 3542 2501 3581 vero
2531 3525 2591 3580 in
2646 3522 2951 3593 ﬂagellum
2980 3535 3288 3589 conversa,
3336 3519 3510 3589 juxta
3539 3514 3708 3589 quod

2044 3617 2177 3691 ipse
2205 3631 2312 3689 per
2333 3615 2687 3687 prephetam
2718 3613 2835 3668 ait:
2858 3612 2987 3681 Ego
3037 3610 3321 3665 Dominus
3348 3607 3581 3677 faciens
3600 3619 3707 3674 pa-

2047 3722 2191 3772 cem,
2216 3712 2268 3761 et
2300 3719 2509 3760 creans
2536 3704 2764 3758 malum
2792 3701 2927 3770 (Isa.
2960 3715 3092 3764 xu,
3122 3698 3201 3768 7).
3225 3700 3436 3753 Creare
3466 3692 3707 3750 videtur

2048 3798 2203 3851 Deus
2234 3792 2487 3861 malum,
2521 3788 2769 3862 quando
2793 3788 2977 3843 homo
3016 3802 3054 3842 a
3082 3785 3391 3851 creaturis,
3424 3799 3559 3855 quae
3592 3779 3706 3837 sibi

2048 3882 2332 3953 subjectae
2363 3895 2496 3934 esse
2523 3878 2877 3945 debuerant,
2909 3872 3149 3943 ﬂagella
3178 3873 3417 3944 patitur.
3453 3870 3632 3940 Igitur
3658 3867 3709 3924 si

2046 3972 2233 4028 homo
2256 3973 2477 4024 teneret
2501 3965 2775 4022 ordinem
2805 3978 3005 4033 suum,
3057 3965 3361 4017 servarent
3404 3965 3460 4016 et
3503 3956 3707 4014 bestias

2048 4058 2453 4116 obedientiam
2492 4070 2688 4121 suam,
2729 4053 2896 4125 juxta
2925 4049 3092 4123 quod
3138 4050 3199 4104 in
3243 4048 3420 4105 beato
3470 4043 3709 4103 Daniele

2049 4147 2400 4213 ostenditur,
2428 4145 2522 4201 cui
2566 4143 2771 4199 leones
2815 4140 3070 4212 subjecti
3107 4140 3287 4195 etiam
3334 4143 3602 4215 tempore
3626 4135 3709 4190 fa-

2051 4237 2165 4293 mis
2188 4237 2445 4292 fuerunt.

2125 4328 2295 4381 Vens.
2371 4328 2460 4379 27.
2538 4352 2607 4362 —
2654 4318 2995 4376 Notandum
3072 4319 3191 4390 [Z.,
3245 4314 3710 4386 Notandumque

2051 4414 2237 4487 quod]
2269 4414 2411 4486 quia
2432 4409 2599 4484 quod
2627 4410 2810 4465 homo
2843 4408 2922 4463 ad
2950 4406 3278 4479 imaginem
3302 4406 3406 4461 Dei
3433 4403 3710 4460 conditus

2054 4503 2149 4572 sit,
2178 4507 2233 4558 et
2286 4501 2490 4557 bestiis
2542 4513 2825 4572 praeesse,
2858 4497 2919 4552 in
2966 4497 3103 4569 ipsa
3158 4494 3454 4550 c~eatione
3506 4490 3597 4546 sui
3655 4493 3713 4544 et

2053 4596 2460 4648 creaturarum
2520 4592 2833 4643 ostensum
2882 4590 2988 4640 est.
3025 4587 3214 4639 Homo
3262 4594 3527 4650 namque
3552 4590 3714 4631 crea-

2054 4685 2149 4736 tur
2189 4684 2278 4734 est
2306 4684 2539 4733 erectus
2571 4680 2637 4731 ut
2692 4672 2957 4729 ccelestia
3007 4670 3444 4732 consideraret;
3502 4664 3711 4719 bestia

2052 4783 2191 4824 vero
2242 4783 2471 4839 pronae,
2522 4769 2584 4819 ut
2654 4761 3037 4817 ostenderent
3081 4754 3483 4812 obedientiam
3512 4768 3710 4808 suam.

2055 4855 2286 4913 Creavit
2316 4855 2491 4921 igitur
2516 4851 2618 4905 Dei
2646 4849 2821 4905 Filius
2851 4848 2923 4919 [Ζ
2930 4888 2965 4913 .,
3002 4848 3154 4901 Deus
3176 4844 3372 4916 Filius]
3402 4842 3713 4900 hominem

2054 4944 2132 5000 ad
2160 4944 2486 5011 imaginem
2517 4954 2716 5007 suam,
2757 4941 2813 4991 et
2848 4934 3071 4991 creavit
3111 4934 3192 4991 ad
3238 4933 3564 5004 imaginem
3600 4933 3713 4987 Pa-

2053 5032 2177 5101 tris,
2211 5032 2357 5104 quia
2382 5032 2510 5103 ipse
2542 5034 2632 5084 est
2660 5027 2863 5097 imago
2892 5025 2991 5081 Dei
3025 5024 3226 5091 Patris,
3258 5024 3335 5079 ad
3365 5024 3539 5094 cujus
3569 5022 3717 5077 ima-

2054 5123 2255 5192 ginem
2285 5119 2464 5174 etiam
2485 5115 2765 5174 conditus
2793 5119 2883 5170 est
2913 5115 3114 5169 homo.
3157 5110 3500 5168 Secundum
3528 5111 3713 5177 enim,

2053 5214 2232 5283 prout
2254 5209 2385 5281 jam
2413 5206 2641 5262 dictum
2665 5210 2772 5275 est,
2803 5203 3142 5258 interiorem
3172 5201 3479 5256 hominem
3507 5200 3621 5270 [Z.,
3652 5198 3714 5254 in

2054 5298 2329 5355 interiore
2374 5294 2663 5364 homine],
2702 5292 2846 5364 quia
2878 5289 3180 5346 rationalis
3214 5295 3319 5356 est,
3352 5293 3410 5345 et
3438 5289 3709 5344 animam

2053 5387 2234 5443 habet
2261 5386 2323 5441 in
2355 5400 2467 5440 sua
2496 5389 2729 5446 natura,
2748 5387 2805 5436 et
2825 5378 3177 5435 immortalis
3201 5378 3391 5435 factus
3412 5383 3519 5433 est.
3544 5375 3709 5433 Unde

2051 5475 2371 5549 Apostolus
2395 5475 2506 5530 ait:
2543 5474 2647 5528 Vir
2674 5487 2795 5527 non
2835 5470 3001 5526 a‘ebet
3029 5470 3231 5525 velare
3258 5473 3440 5537 caput
3465 5467 3541 5537 [Ζ
3548 5510 3559 5520 .
3566 5505 3584 5536 ,
3618 5477 3713 5518 ca—

2045 5571 2163 5634 put
2190 5564 2389 5635 suum]
2419 5565 2564 5636 quia
2593 5566 2790 5633 imago
2811 5561 2919 5617 Dei
2939 5564 3025 5616 est
3050 5575 3062 5614 :
3096 5559 3314 5615 mulier
3335 5564 3532 5614 autem
3561 5553 3710 5609 velet
