4180 6186
396 172 497 251 «ES

1493 160 1847 248 ANGELOMI
1888 154 2355 249 insedisse
2397 169 2715 251 lthNACHl

3711 174 3812 245 42$

393 314 573 384 caput
602 310 794 381 suum,
818 310 959 382 quia
987 310 1184 384 imago
1223 306 1305 370 est
1340 315 1457 371 viri
1501 314 1561 385 (I
1580 315 1717 372 σον.
1750 331 1830 383 x1,
1864 316 1938 385 7).
1982 315 2047 368 In
2081 318 2129 372 A
2159 332 2287 386 nes,
2320 316 2539 374 similes
2568 322 2703 374 sunt
2731 317 2934 373 bestiis
2961 335 2973 383 ;
3000 316 3043 370 si
3068 316 3269 371 autem
3298 318 3602 383 reguntur,
3627 314 3819 368 omni-

392 406 687 477 quantum
719 401 879 458 enim
907 400 1090 458 homo
1121 403 1197 458 ad
1226 404 1487 460 ci‘elestia
1536 405 1723 459 tendit
1763 408 1818 459 et
1848 400 2050 459 divina

395 486 852 566 centemplatur,
883 504 1002 547 non
1036 489 1214 548 debet
1266 493 1460 549 velare
1488 500 1685 567 caput,
1717 493 1775 548 id
1808 497 1895 549 est
1918 492 2053 548 obs-

398 572 659 637 taculutn
693 579 919 652 peccati
948 579 1130 635 menti
1160 580 1465 653 opponere
1524 580 1579 637 Si
1610 587 1809 637 autem
1841 581 2056 636 omise-

394 662 469 726 rit
498 660 701 725 divina
750 668 1043 736 meditari,
1077 674 1132 725 et
1177 671 1529 727 converterit
1572 671 1650 726 ad
1693 674 1927 725 terrena
1963 686 2056 724 su-

397 756 644 833 perflue,
672 760 795 814 non
824 755 952 830 jam
975 759 1081 828 vir,
1115 760 1415 833 superﬂua
1446 760 1677 827 dicitur,
1710 764 1765 815 et
1792 760 1926 815 ideo
1959 776 2058 814 ve-

396 849 476 905 let
507 852 687 920 caput
710 853 775 904 ut
807 849 1036 911 mulier,
1071 849 1131 904 id
1153 856 1239 905 est
1269 853 1453 921 ponat
1482 848 1860 906 obstaculum
1888 847 2057 919 justi-

400 938 512 1001 tiae,
543 952 619 991 ne
642 936 789 993 dum
814 936 975 992 licita
1004 938 1262 1005 cogitare
1286 938 1549 1009 coeperit,
1583 938 1658 993 ad
1690 937 1888 993 illicita
1919 954 2058 1010 pro-

400 1028 663 1097 rumpat,
697 1018 752 1081 et
784 1030 971 1081 totum
1004 1042 1063 1079 se
1097 1024 1176 1081 ad
1226 1027 1515 1082 exteriora
1547 1025 1865 1092 diffundat,
1900 1024 2060 1081 unde

408 1112 593 1191 Deum
624 1104 909 1169 offendat.

474 1200 809 1257 Masculum
842 1206 898 1256 et
925 1202 1209 1270 femmam
1265 1200 1489 1257 creavit
1534 1216 1646 1257 eos.
1681 1202 1795 1256 Cur
1847 1199 2060 1255 dicitur

405 1291 691 1345 feminam
752 1295 1013 1344 creatam
1073 1306 1221 1352 esse,
1273 1284 1409 1343 ciun
1481 1286 1871 1361 postmodum
1930 1305 2061 1343 nar-

400 1378 566 1434 ratur
614 1378 903 1449 formata,
961 1370 1071 1431 nisi
1124 1376 1268 1450 quia
1317 1393 1422 1449 per
1492 1377 1785 1447 originem
1821 1377 1883 1432 in
1931 1377 2058 1432 viro

408 1464 624 1521 creavit
655 1468 811 1533 eam,
838 1465 982 1537 quia
1011 1466 1086 1535 [Z
1110 1510 1122 1535 ,
1145 1466 1391 1538 quze]ex
1410 1464 1535 1521 viro
1558 1466 1877 1522 formanda
1907 1464 2063 1521 erat?

409 1551 729 1611 Mascdlum
762 1556 962 1609 aut‘em
987 1556 1173 1609 unum
1194 1560 1249 1609 et
1271 1546 1554 1609 feminam
1578 1553 1872 1629 imprimis
1903 1571 2064 1609 erea-

406 1643 491 1699 vit
523 1644 673 1697 Deus
707 1658 912 1713 unam,
945 1658 1067 1698 non
1096 1648 1161 1698 ut
1213 1644 1500 1700 animalia
1532 1648 1587 1699 et
1626 1649 1839 1699 caetera
1866 1643 2061 1716 plura,

412 1724 474 1787 ut
503 1728 839 1787 humanum
881 1748 1068 1811 genus
1100 1731 1312 1788 ardore
1352 1733 1427 1788 ad
1469 1728 1724 1789 invicem
1768 1724 2066 1788 charitatis

411 1818 1037 1893 cthti'ingei‘et,qL10d
1061 1838 1162 1876 sex
1191 1838 1312 1877 uno
1344 1818 1587 1895 parente
1616 1827 1812 1877 ortum
1837 1820 1944 1895 [Z.,
1979 1838 2068 1876 or-

411 1904 538 1963 tum
570 1909 721 1979 esse]
750 1907 1136 1963 memini5set.
1185 1904 1349 1964 Unde
1381 1907 1691 1964 mulierem
1748 1925 1819 1964 ex
1848 1908 1958 1964 viri
1981 1907 2069 1963 la-

413 2002 531 2052 tere
563 1984 859 2063 t‘ormavit,
893 2003 957 2053 ut
983 1998 1192 2053 mutua
1234 1995 1475 2053 illorum
1508 1997 1929 2070 conjunctione
1956 2002 2069 2053 ter-

412 2094 542 2143 ram
573 2084 701 2143 lisse
725 2084 1097 2160 implendam
1128 2082 1385 2146 doceret.
1800 2160 1805 2165 η

483 2174 645 2229 νειις.
673 2168 762 2231 28.
794 2184 862 2217 —-‘
892 2178 1327 2250 Benedixthue
1352 2180 1476 2235 illis
1509 2179 1755 2235 dicens:
1788 2178 2070 2247 Crescite,

412 2262 467 2318 et
515 2264 1026 2333 multiplicamini,
1070 2274 1124 2323 et
1179 2269 1403 2337 replete
1433 2274 1659 2343 terram
1708 2273 1763 2323 et
1790 2268 2076 2336 subjicite

413 2348 561 2423 eam.
592 2346 751 2409 Hanc
802 2346 1161 2411 sententiam
1213 2350 1486 2412 nonnulli
1528 2352 1907 2411 historialiter
1950 2372 2078 2410 sen-

416 2440 588 2508 tiunt,
648 2434 900 2514 quidam
944 2440 1086 2500 vero
1137 2442 1504 2516 spiritaliter;
1556 2445 1659 2499 sed
1692 2440 1926 2514 melius,
1972 2449 2077 2517 qui

416 2526 668 2606 utroque
698 2529 899 2586 modo.
965 2522 1076 2589 Sed
1124 2530 1459 2603 sciendum,
1494 2533 1786 2606 quoniam
1817 2549 1941 2588 non
1990 2532 2078 2588 est

415 2602 779 2683 incredibile,
830 2618 1162 2699 secundum
1221 2614 1701 2678 benedictionem
1748 2622 1848 2677 Dei
1899 2614 2077 2694 posse

418 2700 679 2784 cresce-re
711 2712 766 2763 et
794 2692 1171 2780 militiplicari
1200 2710 1301 2766 eos
1350 2727 1456 2784 per
1495 2698 1738 2778 coithm,
1774 2707 1821 2765 si
1852 2692 2079 2784 optemf

418 2780 695 2865 petentes
753 2792 1004 2853 fuissent
1053 2794 1361 2871 praeceptis
1416 2782 1652 2867 divinis,
1706 2786 1787 2855 ita
1831 2816 1969 2854 vero
2021 2782 2083 2854 ut

422 2882 696 2941 membra
728 2882 1004 2956 genitalia
1031 2876 1412 2944 moverentur
1456 2872 1693 2960 natura,
1725 2904 1847 2943 non
1879 2888 2082 2961 aliqua

2160 424 2239 462 no
2270 412 2714 464 mansuescunt.
2760 408 2903 462 Hinc
2928 406 3143 462 Paulus
3169 405 3246 459 ait
3273 422 3284 459 :
3318 404 3428 470 Qui
3454 410 3648 459 autem
3678 410 3818 459 sunt

2165 497 2410 565 Christi,
2444 494 2684 554 carnem
2731 514 2897 553 suam
2958 496 3392 562 cruriﬁxerunt
3427 492 3586 563 (Gal.
3618 508 3673 559 v,
3707 492 3819 564 24).

2167 589 2277 645 Sed
2300 589 2585 661 quaeritur
2606 588 2665 643 in
2692 603 2881 659 quam
2902 583 3215 640 utilitatem
3232 581 3705 637 dominationem
3728 596 3823 636 ac-

2166 678 2320 751 cepit
2346 678 2530 732 homo
2560 676 2621 731 in
2654 675 2867 749 pisces,
2887 678 2943 729 et
2967 672 3249 740 volatilia,
3277 676 3333 726 et
3362 676 3596 738 cretera,
3628 670 3723 724 vel
3745 669 3824 726 ad

2166 784 2318 840 quos
2350 784 2495 821 usus
2517 765 2544 821 ?
2571 769 2697 821 Non
2725 763 2885 820 enim
2908 761 3247 818 eomederet
3277 759 3321 814 si
3347 776 3467 815 non
3491 762 3820 831 peccasset,

2168 855 2270 911 sed
2293 855 2371 911 ad
2392 872 2591 910 escam
2616 854 2810 909 solum
2834 853 3115 908 arborum
3145 853 3282 905 sunt
3300 849 3523 903 fructus
3543 848 3603 903 in
3625 849 3826 920 prima

2168 945 2505 1003 conditione
2534 944 2823 1000 concessi.
2858 941 2977 998 Nisi
3024 940 3169 996 forte
3202 938 3524 995 dicendum
3566 943 3652 991 est
3680 938 3827 1009 quia

2168 1040 2553 1107 peccaturum
2580 1031 2930 1106 przesciebat
2988 1047 3126 1085 eum
3176 1032 3349 1093 Deus,
3405 1030 3459 1081 et
3508 1025 3827 1081 mortalem

2167 1123 2475 1197 peccando
2502 1123 2787 1178 futurum.
2817 1120 3075 1191 Ideoque
3116 1117 3330 1172 solatia
3358 1114 3823 1189 primordialiter

2169 1206 2672 1284 instituit,quibus
2703 1226 2877 1265 suam
2899 1207 3279 1277 fragilitatem
3311 1205 3507 1278 possit
3530 1204 3695 1270 tueri,
3718 1220 3828 1259 seu

2170 1303 2521 1359 alimentum
2552 1318 2623 1356 ex
2648 1301 2739 1356 his
2768 1299 2862 1356 vel
2892 1303 3101 1354 caetera
3135 1295 3487 1351 necessaria.

2243 1396 2408 1447 Vens.
2436 1396 2526 1455 29,
2559 1395 2644 1447 30.
2675 1423 2742 1429 —
2768 1391 3050 1459 Dixitque
3078 1390 3231 1443 Deus
3257 1402 3269 1440 :
3301 1386 3449 1440 Ecce
3477 1383 3617 1439 dedi
3665 1383 3830 1438 vobis

2171 1496 2399 1537 omnem
2432 1480 2695 1549 herbam,
2727 1485 2782 1534 et
2814 1480 3090 1532 universi:
3125 1477 3313 1545 ligna,
3354 1478 3486 1533 etc.,
3519 1487 3732 1543 usque,
3766 1477 3831 1526 ut

2172 1573 2290 1626 sint
2324 1571 2481 1626 vobis
2515 1572 2574 1625 in
2599 1584 2811 1630 escam,
2855 1572 2909 1623 et
2940 1566 3167 1622 cunctis
3196 1562 3603 1619 animantibus
3630 1566 3828 1616 terrae.

2102 1672 2140 1724 Β
2176 1666 2289 1717 Cur
2318 1660 2476 1714 enim
2506 1658 2727 1723 herbas,
2760 1663 2815 1712 et
2845 1654 3387 1723 fructuslignorum
3405 1642 3685 1706 dicuntur
3706 1648 3834 1705 dati

2175 1750 2235 1804 in
2263 1765 2463 1804 escam
2489 1747 2718 1803 cunctis
2750 1744 3157 1801 animantibus
3186 1748 3371 1798 terrae.
3394 1748 3450 1796 et
3470 1738 3832 1806 volatilibus,

2177 1855 2315 1895 cum
2344 1837 2544 1892 multae
2574 1837 2691 1891 sint
2742 1837 2953 1906 [Petr.,
2987 1834 3142 1903 sunt]
3200 1830 3422 1899 bestiae,
3464 1834 3521 1885 et
3548 1827 3834 1896 volatilia,

2176 1945 2312 2000 quae
2366 1942 2577 1982 carnes
2629 1923 2974 1988 comedunt,
3021 1926 3077 1977 et
3124 1935 3248 1975 non
3291 1919 3532 1974 aluntur
3558 1916 3834 1988 frugibus

2180 2022 2367 2075 terrae.
2397 2017 2548 2071 sicut
2576 2019 2712 2070 sunt
2744 2014 2946 2069 leones
2979 2016 3036 2067 et
3064 2015 3296 2080 caetera,
3330 2000 3442 2064 nisi
3474 2011 3575 2063 aut
3606 2006 3834 2078 specia-

2179 2108 2307 2162 liter
2332 2106 2432 2161 illa
2458 2105 2652 2178 posita
2687 2109 2828 2159 sunt
2854 2120 2990 2176 quae
3029 2100 3121 2156 his
3150 2104 3481 2172 pascuntur
3513 2097 3695 2163 escis;
3731 2097 3837 2150 aut

2181 2196 2413 2251 etiamsi
2444 2210 2652 2251 carnes
2684 2194 3105 2261 comedunt,ex
3134 2190 3227 2245 his
3254 2188 3512 2255 aluntur,
3532 2187 3673 2259 quia
3702 2200 3828 2240 cor-

2182 2301 2334 2359 pora
2363 2301 2571 2340 eorum
2603 2272 2929 2339 comedunt
2970 2296 3104 2353 quae
3148 2279 3240 2334 his
3289 2277 3490 2334 herbis
3524 2281 3626 2332 aut
3653 2273 3839 2343 frugi-

2185 2374 2298 2429 bus
2324 2376 2676 2446 pascuntur,
2710 2370 2878 2441 sicuti
2928 2373 3248 2441 serpentes,
3279 2367 3383 2439 qui
3431 2368 3743 2421 morantur
3774 2361 3838 2417 in

2186 2463 2452 2519 arenosis
2476 2462 2643 2529 locis,
2673 2461 2777 2517 sed
2810 2464 3029 2516 mortes
3080 2456 3478 2514 animantium
3504 2459 3643 2510 sunt
3666 2453 3749 2509 eis
3778 2452 3842 2508 in

2186 2569 2411 2609 escam.
2858 2612 2863 2617 η

2256 2645 2423 2698 Vens.
2449 2640 2612 2697 3l.—
2651 2640 2805 2695 Vidit
2834 2640 2991 2694 Deus
3014 2642 3232 2693 cuncta
3257 2651 3387 2707 quae
3413 2635 3639 2704 fecit,et
3665 2638 3841 2689 erant

2190 2733 2366 2789 valde
2398 2732 2569 2786 bona.
2592 2733 2739 2786 Cum
2767 2728 2926 2784 enim
2945 2726 3218 2799 superius
3243 2724 3433 2781 multa
3461 2727 3661 2779 creata
3685 2725 3844 2789 sunt,

2191 2826 2246 2876 et
2270 2821 2496 2876 dictum
2527 2810 2614 2874 est
2644 2834 2749 2890 per
2775 2816 3029 2885 singula.
3054 2817 3135 2871 Et
3161 2816 3308 2871 vidit
3339 2816 3495 2869 Deus
3521 2812 3680 2884 quod
3703 2816 3847 2868 esset

2194 2912 2429 2973 bonum,
2450 2924 2555 2964 cur
2576 2908 2636 2962 in
2662 2906 2779 2962 ﬁne
2809 2906 3043 2971 dicitur,
3062 2912 3115 2961 et
3138 2909 3308 2959 erant
3337 2903 3512 2958 valde
3538 2903 3713 2991 bona,
3733 2898 3847 2954 nisi

420 2964 741 3042 instigante
773 2977 1254 3050 concupiscentia
1287 2972 1575 3046 libidinis,
1609 2972 1671 3033 ut
1702 2983 1783 3034 tot
1815 2966 2082 3040 videlicei
2120 3024 2159 3078 Ο
2191 2999 2334 3071 quia
2451 2997 2570 3052 suis
2596 2994 2905 3067 speciebus
2927 2964 3117 3048 divisa
3134 2992 3295 3046 bona
3315 2964 3715 3059 suntjuucté
3740 3003 3850 3043 8η,

422 3062 881 3135 procrearentur
910 3064 981 3122 ex
1023 3068 1105 3141 eis
1139 3064 1325 3133 electi,
1360 3060 1507 3140 quOt
1550 3062 1807 3137 eligendi
1846 3074 1986 3123 sunt
2011 3086 2083 3123 ex

422 3144 707 3209 omnibus
730 3148 1005 3224 gentibus
1033 3148 1112 3212 ad
1136 3148 1600 3213 instaurandum
1630 3154 1952 3214 numerum
1985 3174 2087 3212 an-

421 3238 689 3325 gelorum
718 3234 772 3299 et
800 3238 1189 3325 nequaquam
1222 3242 1333 3301 sibi
1372 3238 1770 3325 succederent
1830 3247 2084 3302 morien—

423 3262 689 3311 geiorum
718 3262 772 3299 et
800 3262 874 3299 ne
924 3262 1189 3318 uaquam
1222 3262 1333 3301 SlDl
1372 3262 1770 3325 succederent
1830 3263 2083 3302 morien—

423 3329 540 3399 do;
573 3314 678 3388 sed
707 3262 1005 3406 compieto
1032 3330 1283 3390 numero
1331 3335 1655 3391 electorum
1702 3352 1738 3391 a
1784 3326 2083 3419 corporali

425 3416 705 3505 paradiso
738 3418 863 3477 sine
898 3418 1082 3478 morte
1113 3424 1190 3479 ad
1242 3424 1555 3505 caelestem
1595 3414 1933 3481 ti'ansirent.
1970 3426 2084 3483 Sed

424 3491 791 3595 quibusdam
820 3506 934 3566 hoc
984 3494 1354 3595 impossibile
1402 3498 1660 3585 videtur,
1692 3521 1756 3571 ut
1811 3504 2085 3571 membra

425 3594 757 3683 potuissent
785 3596 1011 3656 moveri
1038 3594 1268 3674 absque
1308 3603 1576 3687 libidine,
1624 3621 1763 3660 cum
1808 3595 2084 3661 membra

426 3680 723 3761 inquiunt,
754 3684 1235 3773 cencupiscentia
1263 3680 1596 3769 moventur.
1631 3680 1745 3750 Sed
1774 3690 2089 3750 attendant

427 3777 569 3850 quia
599 3794 723 3863 non
754 3779 947 3861 solum
978 3781 1039 3836 in
1068 3781 1435 3848 hominibus,
1456 3783 1560 3838 sed
1586 3783 1765 3839 etiam
1785 3784 1845 3839 in
1867 3784 2075 3839 bestiis

426 3866 930 3949 irrationabilibus
959 3872 1159 3945 aliqua
1181 3872 1455 3951 membra
1485 3880 1884 3941 moventur,et
1912 3879 2090 3949 ecete-

430 3972 498 4012 ra
531 3957 870 4041 immobilia
898 3956 1269 4032 permanent,
1331 3978 1466 4034 quae
1496 3963 1599 4029 eis,
1650 3964 1698 4017 si
1746 3954 2085 4019 dicerentur

428 4063 549 4103 non
578 4048 884 4105 crederent
912 4050 1022 4105 nisi
1072 4057 1398 4129 cernerent.
1435 4055 1600 4125 Saepe
1642 4068 1905 4127 namque
1937 4052 2088 4108 cutis

435 4137 734 4205 animalis,
761 4139 983 4195 muscis
1013 4140 1338 4210 stimulata,
1368 4136 1643 4197 movetur
1669 4141 1818 4210 sola,
1851 4147 1914 4197 ut
1942 4158 2081 4195 mu-

432 4244 563 4282 scas
610 4228 883 4297 excutiat,
934 4236 1147 4287 caatera
1190 4226 1464 4287 membra
1529 4231 1863 4286 immobilia
1892 4246 2088 4303 perse-

431 4321 659 4373 verant.
696 4318 785 4395 Sic
812 4319 990 4375 etiam
1018 4326 1074 4393 et
1102 4322 1262 4395 auris
1294 4337 1415 4376 una
1458 4324 1752 4389 movetur,
1774 4324 1841 4391 let
1870 4325 2087 4375 caetera
2119 4370 2164 4421 D

432 4406 784 4479 quiescunt;
818 4413 874 4464 et
905 4402 1094 4465 multa
1141 4410 1260 4465 alia
1284 4425 1419 4482 quae
1471 4408 1843 4465 incredibilia
1896 4408 2090 4463 forent

433 4495 548 4550 nisi
573 4497 997 4555 viderentur.Si
1016 4498 1215 4570 itaque
1246 4499 1358 4553 ista
1389 4505 1641 4571 possunt
1664 4496 1790 4553 fieri
1816 4497 1877 4552 in
1904 4513 2095 4555 mem-

431 4584 556 4641 bris
585 4586 1106 4657 irrationabilium,
1138 4591 1364 4659 quanto
1391 4587 1587 4657 magis
1619 4603 1691 4642 ex
1724 4585 2090 4641 benedictio-

432 4690 508 4731 ne
540 4674 771 4733 Domini
799 4678 1073 4734 membra
1101 4682 1336 4747 natura,
1359 4693 1481 4732 non
1503 4675 1987 4748 concupiscentia
2013 4676 2092 4731 ad

426 4767 868 4839 procreandum
938 4767 1167 4824 moveri
1192 4766 1507 4840 quiverant
1530 4768 1557 4822 ?
1588 4769 1652 4821 Et
1680 4765 1850 4821 sicuti
1879 4764 1941 4819 in
1972 4764 2091 4820 cul-

433 4861 497 4912 tu
524 4858 677 4911 ruris
703 4857 898 4925 agitur
926 4856 1004 4912 ad
1044 4861 1291 4926 segetes.
1318 4856 1745 4931 procreandas,
1787 4856 1868 4911 ita
1899 4854 2095 4910 Adam

435 4945 561 5001 sine
595 4944 1081 5015 concupiscentia
1112 4946 1174 5001 in
1230 4938 1331 5002 illa
1375 4947 1623 5003 muliere
1652 4945 1834 5002 valuit
1860 4944 2094 5019 prolem

436 5048 770 5108 procreare.

514 5122 692 5179 Salva
725 5121 1016 5177 historiali
1036 5122 1399 5193 narratione,
1446 5127 1644 5195 potest
1668 5123 1869 5178 referri
1903 5123 1981 5178 ad
2011 5123 2095 5177 fe-

436 5211 803 5267 cunditatem
833 5211 1072 5280 animm,
1107 5213 1367 5277 crescite,
1394 5212 1456 5267 id
1480 5218 1590 5282 est,
1613 5211 2097 5283 multiplicamini

438 5302 885 5371 augmentando
904 5301 1235 5369 virtutes,et
1257 5304 1480 5372 replete
1509 5301 1875 5372 terram,sub
1897 5300 2094 5356 carnis

434 5390 751 5446 virtutibus
778 5390 1153 5461 fecunditate,
1169 5397 1222 5448 et
1251 5392 1522 5462 subjicite
1546 5391 1796 5464 spiritui,
1825 5394 1882 5446 et
1900 5389 2096 5445 domi-

435 5480 665 5536 namini
689 5480 917 5551 bestiis,
947 5481 1062 5537 hoc
1093 5486 1198 5549 est,
1244 5481 1526 5545 motibus,
1559 5496 1712 5553 quos
1741 5480 1963 5535 similes
1990 5480 2096 5535 be-

439 5572 583 5634 stiis,
612 5587 718 5642 per
746 5572 1204 5645 temperantiam
1236 5573 1347 5643 [Z.,
1375 5571 1607 5627 habetis
1660 5586 1768 5643 per
1802 5571 2095 5643 intempe-

436 5662 736 5737 rantiam];
766 5662 872 5737 qui
888 5662 935 5719 si
960 5667 1283 5731 erumpunt
1302 5662 1364 5720 in
1379 5661 1748 5736 perniciosas
1762 5660 2098 5720 delectatio-

2191 3093 2311 3144 tem
2339 3086 2515 3142 simul
2540 3100 2660 3140 non
2692 3083 2885 3138 solum
2944 3081 3127 3149 bona,
3180 3079 3282 3134 sed
3312 3078 3490 3134 etiam
3520 3078 3581 3132 in
3608 3092 3711 3132 sua
3742 3091 3841 3144 ge-

2192 3177 2497 3234 neralitate
2526 3172 2698 3228 valde
2728 3171 2890 3226 bona
2919 3170 3103 3225 sunt?
3135 3168 3305 3224 Verbi
3364 3166 3576 3235 gratia,
3628 3164 3847 3220 laudas

2192 3266 2435 3322 oculum
2463 3264 2525 3319 in
2554 3276 2803 3333 corpore
2828 3275 2935 3331 per
2983 3274 3067 3325 se,
3097 3262 3229 3321 etc.;
3263 3256 3382 3312 alia
3414 3254 3688 3311 membra
3720 3268 3855 3325 spe-

2193 3355 2436 3419 cialiter;
2460 3353 2591 3422 conj
2606 3356 2782 3407 uncta
2809 3353 3028 3415 autem,
3046 3353 3111 3403 ut
3139 3348 3211 3403 sit
3238 3363 3426 3402 unum
3458 3360 3701 3416 corpus,
3728 3359 3852 3399 non

2194 3444 2387 3498 solum
2419 3442 2581 3496 bona
2610 3437 2894 3507 dicis,sed
2923 3437 3105 3491 etiam
3135 3434 3309 3490 valde
3336 3434 3516 3501 bona;
3549 3438 3606 3489 et
3632 3432 3695 3487 in
3725 3437 3853 3487 tan-

2194 3537 2319 3587 tum
2344 3528 2698 3599 generalitas
2722 3526 3003 3582 laudatur
3024 3525 3083 3580 in
3114 3528 3455 3595 corpore,ut
3481 3522 3716 3578 etiamsi
3748 3521 3852 3576 ali-

2193 3620 2359 3693 quod
2388 3617 2730 3674 membrum
2757 3615 2896 3670 inde
2944 3613 3325 3686 praecidatur,
3358 3627 3483 3667 non
3542 3611 3738 3667 solum
3768 3613 3855 3665 est

2196 3709 2419 3773 inutile,
2449 3708 2551 3763 sed
2574 3707 2752 3763 etiam
2784 3704 2969 3761 foedat
3017 3720 3254 3776 corpus.
3298 3704 3412 3763 Seu
3438 3701 3573 3757 ideo
3612 3698 3855 3757 homine

2196 3799 2436 3855 condito
2462 3797 2616 3852 bene
2641 3794 3027 3865 singulariter
3078 3808 3202 3848 non
3240 3791 3475 3858 dicitur,
3526 3790 3673 3863 vidit
3700 3790 3856 3845 Deus

2196 3889 2354 3965 quod
2383 3893 2527 3945 esset
2560 3887 2795 3951 bonum,
2848 3885 3001 3939 sicut
3025 3882 3098 3938 de
3130 3880 3356 3937 caeteris
3413 3879 3717 3945 creaturis,
3751 3876 3858 3932 sed

2198 3984 2335 4051 post
2365 3981 2583 4033 cuncta
2610 3980 2812 4030 creata
2831 3974 3057 4029 dictum
3080 3975 3256 4039 est,et
3288 3976 3461 4026 erant
3485 3968 3660 4024 valde
3679 3967 3856 4034 bona,

2196 4067 2339 4140 quia
2376 4070 2619 4137 propter
2675 4061 2983 4117 hominem
3030 4063 3231 4114 creata
3259 4061 3417 4113 sunt.
3475 4060 3624 4111 Nam
3681 4057 3859 4108 antea

2196 4153 2373 4226 quasi
2400 4150 2633 4221 singula
2666 4153 2834 4205 erant
2862 4148 3059 4212 bona;
3091 4145 3334 4201 homine
3362 4148 3583 4206 autem,
3613 4145 3856 4214 propter

2196 4257 2379 4313 quem
2410 4238 2651 4295 condita
2681 4239 3062 4303 sunt,creato,
3078 4234 3207 4304 jam
3232 4230 3648 4298 dicitur,valde
3679 4228 3851 4295 bona,

2197 4332 2342 4403 quia
2369 4327 2578 4384 omnia
2605 4327 2664 4381 in
2696 4326 2977 4381 decorem
3033 4323 3291 4379 hominis
3339 4326 3537 4377 creata
3563 4323 3721 4387 sunt,
3750 4318 3854 4373 ho-

2199 4436 2300 4476 mo
2320 4434 2462 4475 vero
2493 4418 2551 4472 in
2580 4415 2830 4485 gloriam
2848 4419 2904 4470 et
2927 4413 3171 4469 laudem
3202 4410 3524 4468 conditoris
3547 4408 3636 4464 sui
3657 4407 3855 4463 factus

2199 4512 2308 4563 est.

2859 4589 3093 4644 CAPUT
3134 4592 3199 4643 ll.

2276 4686 2438 4738 Vens.
2476 4681 2522 4737 l.
2583 4711 2651 4720 -
2704 4680 2903 4748 Igitur
2924 4677 3185 4747 perfecti
3237 4680 3373 4731 sunt
3425 4676 3563 4731 coeli
3586 4680 3641 4731 et
3692 4678 3856 4728 terra

2202 4779 2255 4831 et
2319 4772 2506 4828 omnis
2555 4774 2806 4825 ornatus
2876 4783 3101 4822 eorum.
3161 4768 3317 4821 Bene
3362 4763 3672 4837 pluraliter
3724 4762 3859 4818 caeli

2203 4866 2529 4935 ponuntur,
2580 4858 2744 4931 quia,
2778 4856 3109 4912 secundum
3141 4853 3550 4910 auctoritatem
3603 4852 3857 4923 scriptu-

2203 4966 2428 5016 rarum,
2484 4953 2601 5004 tres
2648 4962 2778 5002 esse
2836 4943 3348 5017 comprobantur:
3405 4942 3672 5014 primum
3696 4939 3859 4995 vide-

2203 5039 2338 5095 licet
2390 5053 2652 5098 aereum,
2718 5051 2753 5091 a
2808 5051 2929 5106 quo
2958 5049 3099 5089 aves
3124 5032 3255 5088 cceli
3284 5032 3710 5095 nominantur:
3771 5044 3860 5087 se-

2204 5128 2468 5183 cundum
2507 5127 2849 5188 mtbereum,
2891 5123 2986 5177 vel
3030 5122 3345 5182 sidereum,
3390 5121 3495 5176 ubi
3539 5119 3861 5176 luminaria

2206 5215 2619 5279 continentur;
2652 5213 2887 5267 tertium
2918 5209 3198 5281 spiritale,
3230 5210 3396 5281 quod
3428 5210 3740 5283 proprium
3772 5212 3861 5264 est

2208 5304 2581 5371 angelorum,
2639 5302 2713 5356 de
2763 5317 2884 5373 quo
2930 5299 3151 5353 Paulus
3196 5300 3506 5370 apostolus
3563 5300 3679 5355 ait:
3722 5300 3859 5355 Scio

2207 5396 2498 5452 hominem
2538 5397 2780 5460 raptum
2843 5404 3028 5459 usque
3080 5389 3161 5444 ad
3218 5391 3456 5445 tertium
3515 5390 3726 5446 coelum
3779 5387 3868 5457 (II

2209 5486 2476 5542 Corxxu.
2507 5482 2581 5551 '2).
2640 5479 2803 5535 Unde
2860 5482 2997 5551 post
3040 5494 3235 5551 pauca
3286 5479 3567 5543 subdidit,
3614 5483 3856 5548 raptum

2205 5574 2267 5626 in
2315 5570 2690 5639 paradisum.
2742 5570 2910 5632 Quod
2942 5570 3101 5624 enim
3132 5569 3437 5642 praemisit,
3476 5569 3715 5624 tertium
3750 5581 3860 5623 ete—

2210 5660 2356 5729 lum,
2413 5659 2529 5716 hoc
2556 5659 2769 5716 iterum
2797 5658 3050 5730 iteravit,
3079 5675 3219 5716 cum
3245 5657 3347 5724 ait,
3376 5658 3439 5714 in
3474 5658 3855 5726 paradisum.
