4160 6182
280 156 380 216 123
1666 131 2033 211 (mm.
2062 142 2140 207 ut
2172 140 2337 208 sum.
3604 141 3707 213 ιιι

273 283 384 341 Sed
410 276 735 337 sciendum
766 282 862 335 est
886 279 1027 351 quia
1050 283 1295 336 ornatus
1322 278 1452 336 coeli
1494 276 1775 353 spiritalis
1800 278 1943 332 sunt
1966 277 2018 333 Α
2056 274 2293 348 quiem;
2317 274 2599 333 «saturae
2615 278 2903 332 vero‘actu
2918 262 2997 332 ab
3016 275 3150 349 ipso
3163 276 3485 334 'creatioﬁis
3500 282 3709 352 accep-

267 369 486 441 angeﬁ,
542 367 923 437 archangeli,
1003 368 1220 435 throni,
1294 373 1438 437 etc.;
1490 372 1738 424 ornatus
1799 379 1941 421 vero
2052 368 2112 419 to
2150 363 2376 425 habent
2405 378 2515 437 per
2540 364 2747 437 ipsum
2783 364 2845 420 in
2869 363 2994 420 suis
3028 366 3255 422 naturis
3278 360 3705 439 perfectionem

266 458 510 515 aetherei
540 454 697 526 cmli,
712 456 829 526 sol,
853 460 911 511 et
935 455 1102 524 luna,
1131 461 1189 513 et
1212 456 1393 514 stellae
1420 475 1435 513 :
1468 460 1715 513 ornatus
1740 461 1941 511 autem
2049 452 2406 525 quamdam,
2425 454 2568 526 quia
2582 464 2964 526 unaquaeque
2977 458 3457 511 creaturacre’at'a
3475 458 3707 530 super:

267 548 430 605 aerei
460 545 597 603 caeli
629 542 854 610 nubes,
907 545 1087 609 venti,
1120 545 1360 619 pluviae,
1412 544 1675 602 volatilia
1725 541 1945 599 diversi
2050 541 2203 597 fccta
2232 557 2271 598 a
2295 543 2591 609 Creatore,
2625 548 2680 599 et
2700 542 2969 615 requiem
2987 543 3045 599 in
3064 545 3406 617 Operatione
3428 542 3708 602 obedien-

272 636 531 707 generis.
562 634 757 691 Terraa
781 649 1053 707 namque
1101 639 1348 691 ornatus
1394 639 1481 691 est
1526 648 1695 690 mare
1725 633 1941 705 [Petr.,

275 730 522 783 ornatus
545 724 606 780 in
637 724 823 795 aere],
846 723 998 795 juga
1029 724 1345 791 montium,
1373 723 1673 780 subducta
1694 720 1941 778 vallium

276 819 443 871 tensa
470 814 583 886 [Z.,
609 813 831 884 densa]
862 828 1240 886 camporum,
1296 813 1738 870 vicissitudines
1789 815 1941 867 tem-

272 918 511 977 porum.
545 902 783 975 species
834 900 1160 972 fructuum,
1195 900 1485 959 decursus
1534 912 1854 974 aquarum,
1888 902 1945 955 et

276 996 507 1048 cratera.
535 991 818 1064 Sequitur
847 1005 865 1046 ι

344 1080 521 1137 Vens.
550 1084 604 1137 2.
622 1113 696 1122 —
730 1081 1184 1152 Comptevitque
1212 1082 1368 1137 Deus
1400 1080 1497 1137 die
1524 1080 1768 1150 septimo
1794 1088 1942 1147 opus

277 1187 445 1228 suum
464 1171 627 1244 quod
653 1173 913 1241 fecerat,
947 1176 999 1225 et
1027 1170 1316 1242 requievit
1340 1171 1436 1227 die
1461 1171 1730 1240 septimo,
1759 1174 1813 1224 et
1834 1182 1943 1223 cte-

279 1265 422 1318 tera.
442 1260 584 1316 Ideo
601 1261 779 1332 juxta
832 1258 1146 1315 historiam
1181 1260 1420 1316 senario
1447 1270 1704 1315 numero
1732 1256 1943 1313 mundi

286 1348 639 1405 creationem
667 1347 937 1421 perfecit,
988 1348 1135 1420 quia
1177 1346 1274 1404 ille
1312 1361 1603 1405 numerus
1649 1346 1943 1421 perfectus

289 1439 459 1509 juxta
480 1438 855 1494 arithmeticae
908 1436 1245 1510 disciplinas
1293 1436 1512 1508 legitur
1539 1438 1852 1503 rationem,
1882 1436 1946 1491 ut

301 1528 628 1583 ostenderet
657 1530 797 1584 Deus
827 1526 1036 1583 omnia
1056 1526 1319 1599 perfecta
1342 1532 1399 1584 et
1423 1524 1598 1583 valde
1618 1525 1782 1582 bona
1803 1541 1943 1581 eum

2050 630 2163 697 tiae,
2182 636 2245 686 et
2261 632 2520 687 maxime
2542 630 2926 688 rationabiles
2947 638 3230 689 creaturte
3252 650 3322 690 eo
3336 632 3500 690 bono
3514 635 3705 691 beatae

2050 723 2189 776 sunt
2214 724 2279 775 ut
2302 720 2365 775 in
2390 719 2695 777 conditore
2718 728 2827 776 suo
2850 722 3247 794 requiescant.
3275 725 3550 796 Sequitur
3582 742 3596 780 :

2121 802 2293 865 Vens.
2322 812 2371 865 ῖῒ.
2395 842 2464 851 -
2494 809 2933 882 Benedim‘tque
2963 812 3084 868 diei
3106 814 3371 882 septi-mo,
3407 808 3458 870 et
3490 808 3706 871 Sancti-

2046 899 2251 967 ﬁcavzt
2282 897 2479 954 illum.
2510 896 2629 953 'Cur
2658 890 2731 953 de
2758 896 2853 954 die
2887 898 3145 956 sabbato
3175 892 3389 958 dicitur
3419 895 3706 959 :Bmed‘t-

2046 990 2139 1045 xit
2170 991 2324 1044 Deus
2354 988 2473 1044 diei
2507 990 2777 1058 septimo,
2808 994 2863 1044 et
2893 991 3292 1058 sanctiﬁcavit
3332 992 3528 1058 illum,
3551 988 3705 1049 dum

2048 1077 2123 1133 de
2150 1070 2280 1133 aliis
2301 1075 2515 1133 diebus
2540 1078 2656 1134 hoc
2675 1092 2804 1134 non
2829 1078 3046 1148 legitur
3068 1092 3206 1135 eum
3230 1068 3459 1138 dixisse
3487 1075 3515 1139 ?
3568 1082 3706 1140 Ideo

2050 1172 2113 1224 ut
2144 1165 2481 1223 ostenderet
2510 1172 2855 1223 sanctorum
2885 1168 3157 1240 requiem
3203 1173 3345 1241 post
3392 1186 3494 1225 sex
3524 1161 3706 1243 hujus

2049 1257 2250 1312 saeculi
2267 1260 2509 1313 aetatum
2534 1256 2771 1313 labores
2792 1254 2854 1312 in
2883 1252 3103 1314 esterno
3127 1252 3408 1330 sabbato,
3432 1253 3491 1315 et
3519 1258 3703 1317 bene-

2049 1347 2207 1403 dicta
2234 1347 2438 1419 requie
2461 1346 2790 1419 quieturos,
2813 1346 2968 1403 sicut
2998 1344 3267 1403 dicturus
3298 1349 3407 1403 erit
3438 1367 3451 1404 :
3484 1350 3703 1421 Venite,

2053 1435 2347 1492 benedicti
2372 1430 2576 1491 Patris
2606 1437 2739 1499 mei,
2772 1440 2829 1491 et
2873 1432 3108 1509 reliqua
3153 1436 3395 1505 (Matth.
3428 1426 3702 1507 Xxv,'35i).

2048 1524 2186 1580 Ideo
2227 1520 2283 1579 et
2302 1522 2407 1578 illa
2437 1522 2564 1579 dies
2597 1524 2721 1579 sine
2749 1532 3000 1597 vespera
3055 1520 3288 1596 legitur,
3319 1525 3463 1599 qilia
3494 1522 3706 1582 ultima

304 1614 645 1671 condidisse.
705 1617 985 1672 Caeterum
1044 1616 1219 1672 altius
1273 1616 1598 1690 requiritur
1661 1612 1808 1688 quid
1852 1618 1944 1670 est
1974 1633 2012 1686 Β
2049 1612 2285 1685 requies
2332 1618 2678 1668 sanctorum
2724 1614 3088 1686 sempiterna
3135 1614 3259 1670 erit.
3318 1604 3385 1671 Et
3440 1618 3703 1685 congrue

294 1702 448 1775 quod
478 1705 571 1759 hic
599 1704 833 1774 dicitur,
866 1706 1178 1777 requievit,
1200 1720 1338 1761 cum
1368 1706 1496 1780 ipse
1527 1706 1590 1761 in
1621 1702 1943 1775 Evangelio

283 1790 395 1847 ait:
418 1792 609 1849 Pater
635 1809 798 1851 meus
832 1809 1017 1866 usque
1042 1796 1214 1851 modo
1253 1801 1562 1866 operatur,
1594 1800 1647 1852 et
1674 1808 1777 1865 ego
1809 1807 1941 1862 ope-

277 1885 429 1936 ror?
482 1882 770 1953 (Joan.v,
818 1884 926 1954 t7.)
971 1883 1087 1939 Sed
1141 1883 1216 1939 de
1266 1882 1471 1957 requie
1527 1884 1625 1939 Dei
1680 1880 1944 1938 trimoda

274 1967 478 2039 [Petr.,
510 1969 715 2025 tribus
746 1969 968 2041 modis]
999 1968 1290 2042 expositio
1323 1986 1359 2027 a
1388 1970 1735 2027 doctoribus
1770 1966 1943 2043 poni-

272 2061 377 2111 tur.
407 2057 691 2113 Primum
720 2057 889 2131 quod
913 2056 1013 2113 hic
1046 2057 1146 2124 ait,
1176 2061 1489 2130 requievit,
1519 2056 1583 2113 id
1608 2064 1698 2115 est
1727 2073 1763 2114 a
1798 2071 1942 2113 con-

263 2142 482 2201 dendis
517 2159 832 2202 novarum
861 2150 1273 2202 creaturarum
1315 2146 1634 2216 generibus
1672 2146 1942 2211 cessavit,

259 2233 410 2307 quia
441 2233 749 2305 deinceps
773 2233 919 2289 nihil
941 2235 1083 2290 novi
1105 2236 1328 2290 creavit
1348 2248 1460 2308 per
1489 2234 1798 2304 originem.
1832 2232 1944 2291 Sed

257 2326 477 2383 tamen
535 2334 740 2393 usque
791 2318 971 2377 modo
1026 2322 1306 2394 Operatur
1331 2321 1598 2392 regendo
1660 2326 1715 2378 et
1740 2320 1942 2378 minis-

262 2409 486 2466 trando
523 2414 879 2465 creaturam
911 2424 1307 2483 suam,quam
1338 2424 1410 2466 ex
1431 2409 1664 2465 informi
1693 2410 1941 2466 materia

266 2497 650 2554 condiderat.
674 2495 864 2554 Aliter
890 2514 904 2552 :
925 2498 1092 2570 quod
1114 2499 1213 2567 ait,
1235 2501 1538 2570 requievit,
1560 2499 1692 2555 ideo
1713 2499 1942 2556 dictum

268 2593 351 2645 est
377 2589 530 2663 quia
588 2586 862 2643 futurum
921 2592 1141 2644 eratut
1200 2587 1344 2661 ipse,
1403 2606 1512 2663 per
1556 2604 1735 2663 quem
1784 2589 1944 2647 facta

274 2682 409 2733 sunt
438 2675 671 2744 Omnia,
694 2692 808 2750 pro
831 2681 1042 2731 nostra
1072 2676 1481 2749 redemptione
1511 2678 1646 2751 ipso
1684 2680 1941 2750 septimo

276 2766 368 2822 die
410 2767 746 2840 quiesceret
785 2766 897 2837 [Z.,
928 2764 1351 2839 requiesceret]
1379 2766 1440 2824 in
1485 2764 1782 2840 sepulcro.
1826 2770 1943 2825 Seu

279 2856 563 2911 translato
593 2871 805 2926 genere
831 2853 1152 2910 locutionis
1181 2860 1376 2927 potest
1417 2856 1617 2913 referri
1644 2856 1721 2912 ad
1754 2874 1944 2912 mem-

282 2943 390 2999 bra
430 2943 655 3016 capitis.
711 2943 931 2999 Dicitur
979 2959 1264 3015 namque,
1298 2945 1453 3000 Deus
1484 2947 1796 3017 requievit,
1830 2963 1941 3018 pro

287 3048 356 3087 eo
381 3030 549 3106 quod
574 3038 677 3100 est,
728 3032 1103 3106 requiescere
1165 3032 1319 3099 fecit,
1371 3032 1515 3106 quia
1562 3034 1851 3090 nimirum
1878 3034 1940 3091 in

290 3119 423 3192 ipso
454 3120 616 3175 electi
637 3122 957 3193 perfectam
997 3120 1271 3177 obtinent
1292 3122 1564 3195 requiem
1592 3126 1731 3194 post
1782 3123 1939 3179 hanc

297 3208 485 3263 vitam
510 3224 912 3277 aerumnosam,
965 3225 1103 3283 quae
1150 3226 1257 3282 per
1306 3227 1413 3266 sex
1474 3211 1601 3266 dies
1644 3210 1938 3280 figuratur

310 3295 474 3349 velut
492 3295 550 3348 in
570 3297 811 3367 septimo
853 3299 942 3353 die
984 3299 1041 3355 in
1098 3299 1307 3372 requie
1334 3298 1575 3364 caelesti,
1631 3314 1764 3372 quae
1799 3301 1936 3358 inte-

315 3382 429 3438 rim
449 3382 554 3438 alia
577 3385 634 3440 in
666 3386 778 3441 vita
805 3387 1038 3461 suscipit
1095 3388 1336 3445 animas
1367 3386 1712 3457 electorum,
1743 3390 1935 3447 donec

314 3472 536 3529 tandem
564 3475 834 3533 adveniat
875 3483 1085 3535 octava
1124 3478 1252 3534 dies
1301 3478 1512 3535 futurae
1558 3480 1936 3537 resurrectio-

299 3561 408 3616 nis.
475 3560 620 3621 Bene
676 3581 936 3639 namque
996 3567 1222 3623 dictum
1271 3572 1378 3638 est,
1434 3567 1722 3641 requievit
1776 3570 1933 3625 Deus

293 3654 431 3722 post
452 3650 615 3708 valde
644 3652 807 3709 bona
861 3671 1067 3730 Opera,
1116 3659 1180 3712 ut
1228 3656 1565 3713 ostenderet
1594 3656 1736 3731 quia
1768 3658 1936 3714 aliter

295 3737 455 3795 electi
482 3756 595 3797 non
655 3742 854 3800 valent
900 3744 1236 3818 pertingere
1294 3746 1373 3801 ad
1402 3747 1721 3819 septimam
1748 3747 1932 3817 diem,

287 3828 361 3885 ad
386 3831 645 3905 requiem
676 3833 897 3890 scilicet
924 3834 1188 3903 beatam,
1222 3836 1338 3891 nisi
1365 3841 1500 3909 post
1546 3852 1731 3909 opera
1759 3837 1933 3894 valde

279 3917 459 3975 bona.
510 3923 698 3979 Movet
752 3920 1016 3997 denique
1075 3924 1152 3980 ad
1208 3924 1602 3998 quaerendum
1661 3942 1785 3997 qua
1861 3943 1935 3983 ex

276 4024 458 4064 causa
487 4026 591 4065 sex
616 4010 831 4067 diebus
861 4013 1097 4085 operari
1140 4011 1325 4069 voluit
1354 4013 1558 4069 omnia
1587 4029 1771 4086 opera
1800 4032 1933 4087 sua,

274 4102 328 4152 et
356 4099 611 4171 septimo
641 4101 973 4173 quiescere,
1004 4102 1122 4157 nisi
1152 4102 1295 4177 quia
1326 4103 1431 4159 iste
1482 4119 1771 4159 numerus
1801 4121 1934 4161 ma-

276 4202 464 4256 gnum
494 4188 707 4245 retinet
734 4191 1107 4262 mysterium.
1142 4191 1195 4246 Si
1228 4192 1387 4247 enim
1408 4190 1788 4248 dividaturin
1811 4190 1933 4250 duo

270 4274 330 4331 id
360 4283 449 4332 est
478 4276 541 4332 in
572 4295 764 4335 unum
796 4285 851 4335 et
903 4297 1024 4348 sex,
1058 4280 1118 4336 in
1169 4297 1288 4337 uno
1315 4281 1583 4352 signatur
1625 4283 1817 4339 unitas
1847 4276 1934 4338 di-

271 4363 557 4433 vinitatis,
593 4382 701 4422 seu
750 4367 894 4423 unio
944 4367 1060 4439 [Z.,
1093 4368 1312 4440 unitas]
1342 4367 1681 4439 charitatis;
1737 4368 1798 4425 in
1827 4388 1933 4427 sex

270 4469 409 4509 vero
469 4455 759 4529 perfectio
813 4455 1116 4513 bonorum
1173 4474 1447 4531 operum,
1493 4455 1634 4514 etin
1677 4457 1932 4532 septimo

270 4546 497 4600 aeterna
549 4545 791 4617 requies
851 4546 1211 4604 animarum.
1248 4546 1444 4603 Voluit
1474 4563 1739 4621 namque
1776 4552 1933 4605 Deus

270 4631 493 4689 idcirco
524 4649 717 4707 opera
771 4650 884 4690 sua
927 4651 1030 4691 sex
1086 4633 1299 4692 diebus
1352 4651 1549 4705 agere,
1591 4641 1647 4691 et
1678 4635 1932 4710 septimo

270 4723 670 4794 requiescere,
703 4724 1027 4780 ostendens
1050 4726 1214 4798 quod
1244 4724 1328 4780 illi
1352 4725 1456 4798 qui
1504 4724 1688 4782 modo
1742 4727 1936 4783 unita-

275 4812 382 4867 tem
406 4812 725 4869 charitatis
754 4814 1301 4888 perfectionemque
1331 4815 1631 4872 bonorum
1679 4833 1934 4890 operum

279 4901 574 4969 exhibent,
631 4905 980 4975 pervenient
1033 4905 1110 4961 ad
1161 4904 1430 4977 requiem
1498 4905 1824 4977 caelestem,
1868 4910 1936 4963 ut

284 4996 756 5067 contemplemur
807 4995 1097 5051 unitatem
1130 4994 1347 5051 divinae
1404 4995 1750 5067 majestatis,
1800 4995 1937 5052 licet

285 5075 510 5134 dicatur
535 5089 593 5139 et
621 5084 820 5140 altius.
858 5084 1135 5141 Senarius
1191 5100 1332 5142 vero
1376 5100 1667 5142 numerus
1698 5084 1930 5158 primus

283 5182 463 5241 opere
510 5175 563 5228 et
606 5179 745 5230 actu
797 5173 1093 5247 perfectus
1150 5178 1256 5243 est,
1306 5175 1452 5247 quia
1492 5175 1554 5230 in
1585 5191 1687 5231 sex
1713 5174 1930 5231 diebus

276 5259 500 5316 creavit
520 5262 673 5318 Deus
704 5263 949 5335 coelum,
999 5268 1055 5320 et
1096 5268 1336 5331 terram,
1394 5268 1453 5321 et
1503 5264 1774 5337 partibus
1806 5262 1931 5320 suis

270 5346 573 5423 impletur.
608 5355 759 5408 Nam
790 5369 971 5419 unus,
1003 5353 1161 5425 duo,
1182 5358 1316 5418 tres,
1347 5352 1499 5409 ﬁunt
1528 5370 1651 5410 sex.
1696 5353 1930 5425 Signiﬁ-

271 5444 436 5494 catur
466 5440 631 5497 enim
651 5440 715 5496 in
742 5441 949 5514 requie
977 5441 1093 5498 diei
1117 5442 1372 5515 septimi,
1404 5441 1573 5515 quod
1607 5446 1759 5498 Deus
1792 5447 1932 5498 ante

270 5529 639 5585 creationem
666 5530 884 5587 mundi
911 5530 973 5587 in
1007 5532 1206 5606 seipso
1264 5536 1482 5589 natura
1531 5536 1588 5589 et
1634 5534 1925 5607 potestate

272 5617 571 5699 perfectus
626 5623 739 5689 est,
771 5624 829 5677 et
882 5620 1236 5679 (eternaliter
1281 5620 1344 5675 in
1390 5620 1588 5693 seipso
1628 5621 1811 5679 habet
1840 5635 1928 5677 re-

2048 1701 2274 1773 quippe
2332 1694 2567 1771 dicitur,
2616 1698 3015 1771 sanctiﬁcabit
3071 1706 3127 1759 et
3190 1702 3507 1771 benedixit,
3556 1703 3706 1777 quia

2049 1789 2240 1844 sancti
2305 1803 2377 1844 ex
2431 1784 2846 1846 benedictione
2903 1784 3138 1847 Domini
3192 1797 3481 1848 aeternam
3512 1793 3702 1866 perci-

2048 1878 2222 1950 piunt
2248 1876 2539 1949 requiem.

2123 1965 2259 2032 Sed,
2279 1964 2375 2020 his
2402 1960 2749 2039 praelibatis,
2775 1966 3113 2024 notandum
3136 1971 3225 2024 est
3250 1960 3415 2042 quod
3433 1958 3701 2042 operatio

2124 1985 2259 2032 Sea,
2282 1985 2375 2020 ωδ
2402 1985 2749 2039 ρι’ωιιοειιιε,
2775 1985 3113 2024 110ῐᾶηοοω
3136 1985 3225 2024 est
3298 1985 3415 2027 uou
3433 1985 3701 2042 operatio

2048 2051 2253 2109 divina
2275 2056 2534 2125 quatuor
2563 2051 2758 2110 modis
2819 2050 3220 2125 distinguitur.
3250 1985 3502 2125 (i’rimo,
3536 2046 3703 2131 quod

2049 2143 2111 2199 in
2142 2141 2308 2198 verbi
2328 2138 2442 2214 [Z.,
2474 2142 2681 2216 verbo]
2712 2144 2814 2200 Dei
2835 2140 3280 2216 dispensatione
3305 2145 3509 2201 omnia
3539 2150 3702 2202 aeter-

2049 2242 2132 2288 na
2160 2234 2321 2288 sunt.
2357 2232 2651 2301 Secundo,
2683 2232 2847 2305 quod
2902 2231 2963 2287 in
3002 2232 3253 2288 materia
3304 2232 3565 2298 informi,
3596 2220 3705 2305 qui

2048 2319 2195 2376 vivit
2239 2320 2299 2375 in
2333 2319 2638 2387 aeternum,
2699 2316 2917 2376 creavit
2969 2320 3177 2377 omnia
3236 2308 3434 2375 simul.
3482 2308 3699 2391 Tertio,

2050 2408 2218 2482 quod
2248 2422 2354 2482 per
2381 2422 2566 2483 opera
2586 2408 2819 2465 dierum
2859 2426 2962 2466 sex
2991 2411 3189 2466 varias
3219 2408 3487 2466 distinxit
3543 2420 3702 2466 crea-

2049 2503 2233 2554 turas.
2269 2499 2512 2570 Quarto,
2544 2497 2711 2572 quod
2741 2515 2811 2555 ex
2845 2499 3335 2573 primordialibus
3374 2487 3703 2556 seminibus

2047 2605 2172 2645 non
2201 2585 2519 2661 incognitae
2546 2594 2774 2646 natura:
2806 2590 3095 2659 oriuntur,
3129 2584 3234 2646 sed
3265 2586 3421 2647 notze
3461 2591 3699 2663 saepius,

2047 2694 2124 2734 ne
2148 2682 2418 2752 pereant,
2443 2679 2862 2736 reformantur.
2896 2676 3195 2736 Hactenus
3225 2680 3539 2736 historiam
3572 2697 3705 2736 suc-

2050 2764 2239 2824 cincte
2262 2768 2581 2840 tetigimus,
2612 2768 2746 2825 licet
2772 2785 2970 2842 pauca
2998 2768 3341 2825 intermixta
3400 2766 3515 2824 sint
3566 2774 3701 2841 quae

2050 2854 2130 2912 ad
2179 2856 2504 2929 Spiritalem
2556 2856 2848 2930 pertinere
2902 2853 3217 2914 videantur
3265 2875 3529 2913 sensum.
3589 2844 3703 2914 Sed

1970 2974 2014 3030 ο
2049 2942 2377 3030 spiritalem
2436 2945 2888 3016 intelligentiam
2953 2945 3458 3030 praetermittimus
3519 2952 3704 3030 causa

2045 3028 2384 3104 brevitatis;
2417 3052 2603 3109 quam
2626 3032 2673 3091 si
2712 3036 2847 3109 quis
2880 3052 3239 3107 cognoscere
3293 3027 3617 3106 desiderat,
3639 3022 3705 3090 li-

2043 3122 2225 3179 brum
2257 3124 2463 3180 Isidori
2491 3125 2652 3194 legat
2685 3130 3157 3195 caeterorumque
3189 3123 3503 3203 doctoriim
3544 3139 3704 3177 cam-

2044 3228 2157 3284 pos
2192 3216 2520 3283 percurrat,
2542 3211 2685 3283 quia
2712 3211 2998 3266 nimirum
3028 3210 3273 3264 historia
3299 3208 3517 3263 divmae
3555 3204 3702 3279 legis

2044 3315 2169 3355 non
2192 3304 2279 3355 est
2295 3298 2422 3355 sine
2445 3299 2699 3372 mystica
2721 3296 3154 3369 signiﬁcatione
3173 3288 3531 3370 conscripta,
3556 3288 3701 3355 teste

2043 3388 2224 3446 Paulo
2257 3384 2547 3461 apostolo.
2581 3388 2685 3461 qui
2710 3387 2788 3444 ait
2820 3390 2985 3446 :Lex
3014 3390 3168 3445 enim
3209 3380 3471 3459 ﬁguram
3525 3376 3702 3445 habet

2040 3480 2391 3549 futurorum
2426 3475 2716 3535 bonorum
2746 3476 2890 3550 (Col.
2926 3496 2983 3549 II,
3012 3476 3119 3546 17),
3178 3494 3301 3533 non
3330 3477 3526 3551 ipsam
3553 3478 3701 3534 ima=

2043 3568 2244 3638 ginem
2275 3584 2495 3624 rerum.
2526 3568 2591 3623 Et
2611 3564 2753 3624 alibi
2788 3587 2799 3623 :
2831 3566 2977 3625 Haec
3005 3571 3207 3625 omnia
3235 3569 3295 3624 in
3328 3561 3525 3639 ﬁgura
3570 3584 3705 3625 con-

2043 3659 2353 3730 tingebant
2381 3655 2503 3715 illis
2526 3657 2585 3731 (Ι
2602 3652 2737 3715 Cor.
2763 3675 2822 3725 x,
2855 3660 2963 3725 ll).
2997 3658 3169 3724 Quod
3195 3648 3375 3713 etiam
3392 3658 3700 3731 exponens

2041 3747 2384 3820 exemplum
2406 3744 2588 3818 hujus
2609 3742 2889 3815 historiae,
2916 3736 3016 3802 ubi
3038 3740 3264 3802 dictum
3283 3750 3370 3803 est
3408 3766 3419 3802 :
3442 3739 3701 3817 Propter

2042 3836 2151 3891 hoc
2167 3832 2462 3907 relinquet
2486 3834 2657 3891 homo
2672 3842 2932 3905 patrem,
2974 3836 3027 3891 et
3069 3841 3343 3903 matrem,
3382 3830 3438 3889 et
3466 3836 3699 3905 caetera,

2039 3923 2605 3980 manifestavitinibi
2630 3928 3081 3980 sacramentum
3120 3938 3273 3990 esse,
3327 3937 3466 3978 cum
3504 3910 3646 3978 dicit
3683 3938 3696 3977 :

2038 4016 2491 4071 Sacramentum
2506 4012 2931 4086 hocmagnum;
2945 4029 3049 4085 ego
3066 4006 3261 4069 autem
3278 4012 3408 4069 dico
3422 4013 3483 4067 in
3500 4010 3700 4069 Chris-

2042 4110 2101 4160 to
2116 4109 2170 4159 et
2191 4104 2253 4159 in
2274 4101 2543 4159 Ecclesia
2562 4099 2806 4174 (Ep/tes.
2821 4120 2878 4175 v,
2894 4096 3002 4174 3'2).
3023 4096 3136 4159 Sed
3154 4090 3461 4158 historiam
3482 4099 3698 4157 Veteris

2041 4186 2398 4249 Testamenti
2417 4196 2598 4265 atque
2636 4188 3065 4275 prophetarum
3104 4191 3183 4248 ita
3219 4191 3487 4275 aecipere
3518 4190 3698 4275 debe-

2045 4299 2180 4338 mus
2213 4284 2274 4338 ut
2292 4298 2488 4354 neque
2519 4283 2836 4355 mysticam
2887 4272 3389 4354 signiﬁcationem
3420 4270 3483 4338 in
3510 4270 3699 4337 omni-

2042 4372 2157 4428 bus
2179 4366 2579 4444 requiramus,
2600 4384 2795 4443 neque
2826 4370 3007 4428 etiam
3032 4362 3420 4437 historialem,
3442 4358 3551 4426 sed
3570 4386 3701 4443 par-

2042 4461 2147 4518 tim
2174 4462 2495 4534 mysticum
2545 4477 2812 4528 sensum,
2835 4462 3055 4535 partim
3094 4454 3273 4518 etiam
3318 4452 3697 4531 superﬁciem

2039 4551 2319 4609 historiae.
2365 4550 2716 4623 Ubicunque
2762 4548 2923 4607 enim
2957 4549 3276 4606 historialis
3305 4545 3699 4629 intelligentia

2038 4641 2302 4714 ponitur,
2330 4632 2751 4697 tantummodo
2778 4644 3094 4712 propterea
3111 4638 3174 4691 tit
3206 4639 3269 4690 ut
3297 4634 3371 4713 in_
3397 4648 3467 4686 ea
3514 4630 3697 4711 conti-

2038 4735 2253 4785 neatur
2273 4728 2554 4803 spiritalis
2576 4722 2932 4791 intellectus,
2962 4724 3112 4778 sicut
3157 4722 3218 4776 in
3248 4719 3409 4776 vasis
3441 4719 3700 4777 musico-

2039 4834 2175 4873 rum
2205 4817 2418 4884 agitur.
2444 4818 2756 4871 Ponuntur
2777 4811 2937 4867 enim
2977 4809 3062 4867 ibi
3099 4809 3286 4882 ligna,
3309 4813 3617 4884 ponuntur
3641 4813 3700 4868 et

2043 4903 2302 4969 chordas,
2327 4907 2391 4957 ut
2412 4903 2502 4957 his
2522 4902 2940 4957 contineantur
2956 4903 3013 4957 et
3038 4901 3296 4959 suaviter
3318 4916 3531 4958 sonare
3560 4916 3696 4975 pos-

2042 4992 2175 5048 sint.
2211 4988 2301 5047 Sic
2331 4995 2387 5047 et
2431 4990 2678 5047 historia
2724 4990 2988 5065 ponitur,
3047 4997 3111 5050 ut
3167 4993 3228 5048 in
3286 4991 3696 5049 connectendo

2044 5081 2372 5156 spiritalem
2396 5080 2853 5153 intelligentiam
2892 5078 3216 5141 contineat.
3247 5082 3559 5157 Sequitur:

2110 5175 2285 5230 Vens.
2339 5175 2393 5229 4.
2444 5203 2514 5214 ——
2542 5173 2681 5230 Istae
2723 5175 3136 5245 generationes
3190 5173 3329 5229 coeti
3383 5178 3439 5229 et
3494 5177 3693 5245 term,

2038 5262 2281 5336 quando
2303 5267 2517 5319 creata:
2544 5267 2685 5318 sunt
2714 5263 2777 5316 in
2806 5262 2901 5319 die
2924 5278 3039 5333 quo
3064 5263 3210 5333 fecit
3227 5262 3516 5318 Dominus
3537 5263 3693 5320 Deus
3732 5308 3747 5319 .

2040 5354 2257 5410 caelum
2274 5358 2327 5408 et
2345 5356 2425 5407 ter
2438 5366 2591 5407 ram.
2618 5350 2894 5424 Sequitur
2916 5350 3013 5407 hic
3029 5350 3441 5423 recapitulatio
3455 5367 3559 5407 sex
3576 5351 3695 5407 die-

2038 5457 2172 5497 rum
2188 5457 2440 5514 operum
2465 5439 2563 5495 Dei
2578 5445 2823 5513 propter
2850 5440 2983 5497 illos
3004 5440 3110 5514 qui
3140 5441 3436 5496 mundum
3458 5446 3695 5495 coaeter-

2038 5546 2186 5587 num
2214 5531 2508 5597 dixerunt,
2541 5534 2598 5586 et
2624 5531 2749 5587 sine
2777 5530 2943 5588 initio
2968 5547 3103 5587 eum
3138 5547 3375 5604 semper
3395 5528 3580 5586 fuisse
3606 5526 3690 5583 af-

2040 5620 2306 5690 ﬁrmant,
2330 5622 2395 5678 ut
2422 5636 2525 5677 ore
2549 5622 2955 5682 conticescant
2975 5626 3156 5694 atque
3182 5620 3419 5693 penitus
3441 5616 3689 5674 confun-
