4180 6186
389 84 492 139 127

1491 71 1844 132 ANGELOMI
1884 68 2341 128 LUXOVIENSIS
2378 71 2689 129 MONACHI

3701 68 3802 123 128

381 205 623 261 dantur.
693 199 807 257 Sed
855 197 1282 270 requirendum
1312 202 1400 255 est
1447 198 1595 271 quid
1623 200 1712 255 est
1743 196 1909 271 quod
1937 195 2033 251 hic
2065 195 2114 248 Α
2149 196 2367 264 faciem
2384 199 2510 267 ejus
2527 195 2898 266 spiraculum
2921 193 3075 260 vitze,
3091 191 3343 266 quaestio
3364 191 3574 248 oritur:
3598 195 3804 248 utrum

385 293 483 358 ait,
505 293 569 346 in
599 290 694 346 die
723 303 839 360 quo
861 288 1008 357 fecit
1039 290 1253 344 caelum
1295 294 1349 343 et
1380 295 1626 353 terram,
1689 303 1826 342 cum
1860 301 2034 356 supe-

382 380 506 437 rius
534 393 638 435 sex
668 376 879 433 diebus
911 376 1115 432 omnia
1136 392 1321 448 opera
1355 392 1466 432 sua
1506 375 1780 432 distincte
1812 379 2039 447 patras-

385 483 449 524 se
475 467 706 538 legitur,
740 464 852 520 nisi
883 464 1049 536 quod
1078 480 1278 520 rerum
1335 464 1610 520 omnium
1640 463 1808 532 origo
1863 459 2040 516 simul

385 558 584 612 creata
612 557 700 609 est
725 552 786 607 in
819 551 1182 615 substantia,
1215 568 1350 625 quae
1379 552 1581 608 varias
1610 549 1871 606 restabat
1907 563 2041 620 pro«

386 641 665 698 ducenda
693 640 1025 696 formarum
1071 641 1402 713 inspecies,
1438 641 1610 711 juxta
1665 637 1830 711 quod
1862 636 2042 708 scrip-

385 736 517 788 tum
547 735 633 787 est
665 749 677 786 :
705 731 818 798 Qui
847 731 989 786 vivit
1029 731 1091 785 in
1131 736 1441 798 aeternum,
1487 730 1712 786 creavit
1743 728 1942 783 omnia
1968 726 2044 780 si-

386 822 517 877 mul
541 819 753 889 (Eccli.
777 834 939 886 xviu,
971 819 1040 888 1).
1076 822 1267 875 Potest
1290 823 1347 874 et
1373 818 1547 873 altius
1577 815 1842 885 intelligi.
1877 816 2038 870 Diem

387 925 656 982 namque
683 925 806 982 quo
855 914 1120 980 tempore
1170 907 1572 980 primordialis
1605 911 1890 961 creaturae
1939 919 2043 976 po-

392 999 532 1070 suit,
563 998 714 1054 sicut
763 1002 821 1054 et
848 997 1169 1069 Apostolus
1201 999 1320 1068 [Z.,
1347 996 1498 1052 sicut
1526 996 1667 1051 dicit
1694 994 1833 1066 Ap.]
1859 993 2046 1049 :Ecce

390 1105 555 1144 nunc
575 1089 696 1144 dies
720 1088 934 1142 salutis
957 1087 1051 1153 (ΙΙ
1089 1087 1227 1142 Cor.
1259 1103 1338 1158 v1,
1387 1087 1462 1157 2),
1487 1085 1648 1140 diem
1682 1089 1870 1139 totum
1905 1089 2043 1138 tem-

390 1192 508 1250 pus
539 1175 780 1244 intelligi
831 1175 1015 1230 voluit
1063 1191 1189 1247 quo
1243 1175 1436 1230 sancti
1493 1174 1554 1229 in
1606 1173 1723 1228 hac
1755 1172 1878 1227 vita
1934 1187 2043 1244 pro

404 1269 629 1320 aeterna
660 1263 848 1319 salute
871 1262 1166 1319 laborant.
1204 1262 1480 1334 Sequitur
1511 1281 1524 1318 :

464 1352 638 1405 Vens.
666 1355 720 1404 5.
752 1381 820 1390 -
841 1351 914 1404 Et
949 1365 1118 1406 omne
1143 1351 1474 1420 virgultum
1525 1350 1680 1419 agri,
1725 1355 2043 1419 antequam

395 1438 658 1495 oriretur
707 1439 770 1493 in
814 1443 998 1502 terra,
1052 1453 1398 1508 omnemque
1469 1437 1713 1494 herbam
1763 1437 2041 1506 regionis,

2151 287 2303 339 Deus
2334 287 2598 341 animam
2627 283 2994 340 insufﬂando
3027 283 3181 350 fecit,
3215 297 3294 336 an
3319 297 3453 336 eam
3499 298 3685 353 quam
3719 282 3801 336 fe-

2149 380 2326 441 cerat,
2346 374 2580 447 corpori
2603 373 2808 428 dando
2832 372 3029 444 potius
3047 369 3412 426 insufﬂavit?
3437 369 3550 424 Sed
3574 375 3803 424 utrum—

2147 478 2264 533 que
2296 479 2484 518 unum
2511 468 2616 528 est,
2646 468 2702 517 et
2731 461 2875 516 nihil
2899 461 3078 515 habet
3103 458 3451 532 quaestionis
3476 477 3489 525 ;
3514 459 3802 530 quoniam

2151 550 2270 606 sive
2318 550 2684 606 insufﬂando
2742 549 2877 605 fecit
2906 548 3172 604 animam
3222 548 3346 602 sive
3400 547 3683 616 creando,
3713 547 3803 602 vel

2149 639 2354 694 dando
2406 640 2640 712 corpori
2690 637 3035 706 insutﬂavit,
3068 643 3267 692 tamen
3296 635 3661 691 credendum
3694 641 3802 705 est,

2150 729 2292 800 quia
2309 728 2671 800 spiraculum
2691 728 2960 783 divinum
2985 742 3106 781 non
3126 730 3212 780 est
3235 725 3295 779 in
3314 725 3578 780 animam
3597 725 3803 780 viven-

2151 821 2269 871 tem
2302 832 2683 882 conversum,
2718 816 2822 871 sed
2854 820 3168 887 operatum
3194 817 3282 869 est
3305 813 3573 869 animam
3597 814 3803 869 viven-

2153 909 2297 960 tem:
2323 910 2514 961 etnon
2537 905 2717 961 habet
2739 904 2941 961 anima
2964 902 3476 976 participationem
3496 919 3632 958 cum
3661 903 3804 958 Divi-

2151 993 2354 1065 nitate,
2385 1011 2493 1050 nec
2523 995 2598 1050 de
2629 993 2831 1065 aliquo
2857 992 3004 1048 ﬂatu
3036 1007 3168 1056 suo,
3203 1008 3312 1046 nec
3337 991 3410 1046 de
3439 990 3636 1062 seipso
3666 1007 3805 1046 con—

2153 1082 2320 1151 didit,
2348 1088 2413 1137 ut
2443 1098 2732 1151 cogamur
2761 1082 2956 1137 dicere
2987 1085 3265 1136 naturam
3322 1080 3420 1134 Dei
3451 1096 3577 1135 esse
3607 1088 3802 1136 muta-

2153 1171 2354 1237 bilem,
2372 1171 2526 1227 sicut
2541 1172 2764 1238 anima,
2789 1187 2923 1242 quae
2951 1170 3135 1224 modo
3157 1168 3408 1241 proﬁcit,
3426 1169 3605 1223 modo
3629 1170 3800 1240 sapit,

2155 1260 2336 1314 modo
2367 1260 2618 1333 dissipit.
2650 1262 2795 1314 Nam
2828 1259 2901 1314 de
2931 1259 3127 1329 seipso
3172 1257 3220 1311 si
3261 1258 3526 1312 animam
3573 1256 3809 1312 fecisset

2157 1349 2332 1415 Deus,
2363 1364 2678 1420 nunquam
2709 1347 2940 1413 vitiosa,
2969 1352 3071 1402 aut
3119 1345 3440 1410 mutabilis,
3465 1344 3558 1400 vel
3591 1345 3809 1401 misera

2154 1438 2440 1508 potuisset
2467 1453 2614 1492 esse.
2639 1438 2826 1491 Etiam
2853 1435 3159 1491 sciendum
3185 1433 3328 1506 quia
3347 1450 3470 1489 non
3494 1433 3674 1488 estde
3699 1433 3811 1488 ele-

385 1527 743 1596 priusquam
767 1528 1154 1597 germinaret.
1181 1526 1496 1591 Quomodo
1528 1524 1717 1580 herba
1751 1529 1806 1580 et
1855 1523 2045 1578 viren-
2073 1544 2119 1598 Β
2157 1526 2368 1580 mentis
2402 1525 2730 1580 visibilibus
2758 1525 2937 1588 facta,
2969 1523 3112 1595 quia
3138 1523 3185 1578 si
3225 1528 3398 1585 esset,
3431 1521 3679 1577 haberet
3707 1522 3809 1577 ali-

395 1613 478 1670 tia
505 1615 632 1684 agri
664 1619 990 1686 antequam
1011 1614 1400 1681 exorirentur,
1427 1613 1666 1669 condita
1683 1613 1867 1667 sunt?
1907 1615 1970 1666 Et
1993 1612 2046 1666 si

396 1716 521 1758 non
543 1707 712 1758 erant
731 1707 957 1773 exorta,
976 1703 1284 1774 quomodo
1312 1707 1481 1757 erant
1501 1701 1658 1756 facta
1686 1701 1896 1772 [Petr.,
1920 1715 2047 1754 sex-

396 1789 630 1861 ta],nisi
646 1791 810 1862 quod
841 1791 1154 1846 causaliter
1176 1797 1229 1846 et
1255 1789 1620 1858 originaliter
1650 1793 1789 1844 tunc
1805 1787 2047 1844 condita

398 1881 538 1934 sunt
572 1878 818 1951 quando
851 1879 1077 1935 dictum
1099 1883 1190 1934 est
1224 1879 1560 1934 :Producat
1593 1883 1756 1933 terra
1799 1877 2045 1932 herbam

396 1969 684 2024 virentem
714 1973 741 2023 ?
761 1971 922 2023 Tunc
951 1984 1086 2024 eam
1116 1973 1348 2024 constat
1379 1966 1752 2039 producendi
1791 1965 2047 2038 accepis-

400 2071 466 2112 se
484 2056 781 2128 virtutem,
813 2061 870 2112 et
896 2056 958 2112 in
982 2073 1053 2112 ea
1074 2058 1287 2112 virtute
1317 2064 1608 2128 tanquam
1629 2056 1690 2110 in
1717 2054 2044 2120 radicibus,

397 2148 466 2201 ut
484 2144 566 2200 ita
593 2145 868 2210 dixerim,
894 2149 1239 2217 temporum
1268 2145 1427 2201 facta
1451 2149 1638 2211 erant,
1663 2159 1798 2216 quae
1823 2148 2048 2215 tempo-

396 2248 468 2289 ra
491 2238 661 2290 erant
673 2233 940 2290 orienda.
959 2237 1023 2289 Et
1046 2234 1201 2290 bene
1219 2234 1317 2302 ait,
1335 2250 1505 2290 omne
1526 2234 1860 2303 virgultum
1889 2234 2044 2302 agri,

399 2325 457 2378 et
479 2322 731 2394 reliqua,
769 2326 831 2377 ut
854 2322 1213 2378 celeritatem
1243 2325 1441 2394 operis
1469 2322 1565 2376 Dei
1597 2321 1961 2388 insinuaret;
1985 2320 2048 2375 id

400 2413 490 2464 est
509 2416 835 2481 antequam
864 2409 1045 2480 aliqui
1077 2409 1303 2464 fructus
1321 2425 1393 2464 ex
1417 2413 1571 2464 terra
1593 2409 1915 2463 crescendo
1938 2408 2048 2462 ori-

397 2499 603 2551 rentur
626 2502 729 2552 aut
759 2497 1179 2566 germinarent,
1217 2502 1456 2568 repente
1498 2513 1708 2552 omnes
1765 2496 1962 2567 campi
1993 2501 2049 2551 et

402 2582 582 2639 colles
597 2583 797 2639 herbis
819 2590 987 2640 erant
1007 2589 1064 2639 et
1084 2584 1401 2640 arboribus
1426 2589 1707 2656 cooperti.
1729 2585 1864 2640 Non
1891 2586 2047 2640 enim

394 2673 643 2742 pluerat
668 2674 956 2728 Dominus
979 2689 1158 2742 super
1201 2680 1446 2737 terram,
1471 2681 1524 2729 et
1554 2674 1724 2728 homo
1774 2690 1894 2729 non
1917 2680 2047 2730 erat

399 2763 510 2831 qui
551 2768 906 2830 operaretur
959 2768 1202 2818 terram.
1238 2766 1352 2819 Cur
1398 2763 1472 2818 de
1497 2762 1760 2829 homine,
1790 2762 1892 2834 qui
1918 2763 2047 2833 jam

2155 1630 2340 1685 quam
2386 1613 2874 1669 communionem
2907 1629 3043 1668 cum
3094 1612 3202 1679 eis,
3237 1611 3506 1666 videlicet
3551 1627 3625 1666 ex
3655 1615 3810 1666 terra

2156 1702 2534 1772 soliditatem,
2556 1719 2626 1757 ex
2659 1718 2819 1774 aqua
2845 1702 3182 1770 humorem,
3215 1716 3291 1756 ex
3317 1716 3451 1755 aere
3481 1700 3709 1765 ﬂatum,
3735 1715 3806 1754 ex

2157 1791 2290 1859 igne
2318 1791 2598 1846 calorem.
2631 1790 2741 1847 Sed
2759 1790 3049 1862 quoniam
3073 1789 3164 1843 his
3195 1789 3478 1844 omnibus
3509 1794 3688 1859 caret,
3706 1804 3810 1860 ap-

2154 1883 2324 1952 paret
2348 1895 2483 1935 eam
2515 1879 2652 1934 inde
2684 1895 2806 1934 non
2833 1894 2991 1947 esse,
3014 1894 3149 1950 quas
3172 1894 3311 1933 cum
3333 1877 3444 1933 illis
3474 1877 3556 1932 nil
3584 1877 3806 1933 habere

2156 1969 2476 2040 probatur;
2511 1968 2614 2022 sed
2646 1984 2719 2023 ex
2748 1967 2955 2035 nihilo,
2989 1967 3140 2022 sicut
3193 1966 3467 2038 superius
3520 1965 3801 2032 diximus,

2157 2063 2261 2112 aut
2279 2055 2648 2112 insufﬂando
2674 2055 2915 2125 creavit,
2935 2061 3037 2111 aut
3067 2054 3329 2110 creando
3350 2053 3582 2127 corpori
3610 2051 3800 2108 insuf-

2156 2145 2337 2201 ﬂavit.
2371 2147 2448 2200 Et
2493 2146 2698 2214 fact-us
2742 2151 2826 2201 est
2881 2145 3050 2200 homo
3082 2145 3143 2199 in
3201 2146 3461 2200 animam
3493 2144 3801 2198 viventem.

2157 2238 2283 2289 Non
2306 2235 2466 2289 enim
2489 2233 2813 2305 spiritalem
2835 2233 3143 2288 hominem
3161 2231 3451 2288 debemus
3464 2230 3806 2300 intelligere,

2155 2323 2261 2394 qui
2292 2323 2480 2378 factus
2502 2327 2593 2377 est
2613 2322 2673 2376 in
2695 2322 2962 2377 animam
2983 2322 3304 2391 viventem,
3331 2320 3434 2376 sed
3465 2319 3666 2378 adhuc.
3686 2319 3811 2375 ani-

2156 2411 2396 2466 malem.
2420 2415 2580 2466 Tunc
2603 2409 2762 2466 enim
2790 2410 3068 2482 spiritalis
3085 2410 3330 2465 effectus
3351 2414 3454 2475 est,
3478 2408 3726 2480 quando
3747 2407 3810 2463 in

2156 2499 2438 2571 paradiso
2459 2499 2689 2572 positus
2709 2505 3009 2571 praecepta
3033 2497 3407 2571 perfectionis
3424 2497 3673 2569 accepit,
3697 2501 3808 2552 lta-

2157 2604 2273 2659 que
2304 2593 2631 2660 postquam
2663 2587 2954 2660 peccavit,
2985 2592 3040 2642 et
3063 2587 3319 2642 emissus
3348 2590 3436 2642 est
3464 2585 3538 2641 de
3568 2585 3810 2657 paradi-

2159 2693 2247 2736 so.
2276 2676 2335 2730 in
2368 2692 2438 2732 eo
2467 2676 2758 2732 remansit
2789 2681 2851 2731 ut
2883 2680 3037 2732 esset
3067 2673 3364 2730 animalis.
3402 2677 3465 2729 Et
3519 2674 3656 2728 ideo
3685 2689 3811 2728 om-

2157 2781 2262 2819 nes
2283 2765 2387 2838 qui
2406 2765 2480 2820 de
2497 2764 2595 2820 illo
2626 2765 2954 2829 nascimur,
2980 2765 3145 2836 prius
3171 2762 3458 2818 animales
3492 2761 3807 2831 efﬁcimur,

400 2853 572 2906 sexta
585 2850 679 2905 die
700 2850 891 2905 factus
908 2850 1252 2915 fuerat,hoc
1273 2851 1716 2923 recapitulatur,
1737 2851 2048 2922 nisiquan-
2077 2892 2118 2942 Ο
2158 2853 2349 2908 donec
2376 2855 2566 2909 renati
2595 2869 2699 2925 per
2730 2853 2952 2907 fontem
3005 2851 3383 2922 baptismatis
3412 2865 3810 2920 assequamur

401 2935 482 2992 do
510 2936 644 2993 fecit
666 2939 819 2993 Deus
849 2954 1027 2993 omne
1048 2939 1363 3007 virgultum
1403 2939 1551 3008 agri,
1583 2938 1856 2994 nondum
1887 2938 2048 3010 plue-

402 3027 497 3081 rat
519 3031 576 3081 et
594 3026 868 3082 nondum
897 3027 1082 3082 homo
1113 3027 1304 3082 factus
1335 3029 1507 3084 erat?

474 3113 651 3170 Vnus.
679 3118 731 3169 6.
759 3147 826 3154 —
847 3116 968 3170 Sed
987 3117 1127 3184 fons
1158 3115 1514 3171 ascendebat
1533 3131 1564 3171 e
1590 3121 1753 3172 terra
1781 3117 2050 3186 irrigans

400 3203 743 3260 universam
768 3206 1137 3272 superﬁciem
1169 3210 1363 3260 terrai.
1393 3204 1495 3259 Hic
1532 3204 1740 3258 merito
1766 3205 2052 3276 quaeritur

402 3289 454 3344 si
481 3289 615 3346 fons
664 3291 950 3359 irrigabat
978 3296 1224 3347 extensa
1252 3308 1609 3363 camporum
1643 3292 2049 3364 superficiem-

399 3391 521 3450 que
542 3379 886 3434 universam
909 3386 1224 3446 terrarum,
1253 3380 1571 3436 cacumina
1606 3382 1904 3437 montium
1929 3398 2050 3436 non

401 3466 689 3535 irrigabat
719 3467 794 3537 [Ζ
800 3508 838 3537 .,
862 3467 1316 3539 irrigabantur]:
1350 3473 1407 3524 et
1431 3469 1478 3523 si
1504 3471 1655 3540 juga
1685 3486 1756 3525 ac
1788 3470 2048 3526 cacumi-

401 3570 488 3611 na
513 3555 809 3610 montium
836 3555 1213 3627 infundebat,
1244 3571 1385 3626 ergo
1413 3571 1535 3613 non
1561 3556 1717 3628 fons,
1765 3559 1872 3614 sed
1897 3559 2048 3613 dilu-

401 3643 567 3699 vium
597 3647 747 3700 erat.
782 3644 895 3699 Sed
924 3645 1088 3716 quod
1111 3645 1210 3712 ait,
1233 3646 1370 3714 fons
1392 3647 1745 3703 ascendebat
1766 3648 1840 3703 de
1863 3654 2050 3712 terra,

404 3736 463 3788 et
513 3732 764 3804 reliqua,
813 3733 986 3804 juxta
1015 3733 1273 3789 litteram
1320 3735 1436 3790 tale
1467 3741 1554 3791 est
1589 3752 1657 3791 ac
1686 3736 1732 3791 si
1760 3736 2004 3792 dixisset
2034 3753 2046 3789 :

401 3819 684 3877 Nondum
732 3820 984 3892 pluerat,
1021 3823 1124 3876 sed
1159 3823 1350 3878 fontes
1387 3840 1493 3896 per
1547 3826 1893 3880 universam
1946 3831 2054 3880 ter-

401 3921 558 3977 ram,
590 3908 713 3963 sive
739 3909 801 3963 in
823 3909 1064 3980 planitie
1095 3927 1472 3984 camporum,
1505 3913 1628 3968 sive
1658 3914 1730 3983 [Ζ
1738 3954 1773 3979 .,
1802 3914 1924 3968 sive
1967 3913 2051 3983 in]

401 3995 722 4052 verticibus
748 3999 1190 4063 montium,suis
1218 4000 1559 4072 quibusque
1575 4001 1718 4056 locis
1739 4016 2054 4072 erumpen-

404 4087 516 4151 tes,
547 4084 820 4155 regiones
836 4087 1109 4158 proprias
1128 4087 1480 4158 irrigabant.
1509 4089 1621 4144 Sed
1637 4091 1861 4158 fontem
1887 4105 2051 4143 more

403 4171 841 4243 Scripturarum
873 4173 1160 4245 singulari
1189 4191 1442 4231 numero
1471 4192 1578 4248 pro
1608 4174 1826 4248 plurali
1854 4177 2052 4248 posuit

402 4265 648 4332 propter
702 4263 990 4318 unitatem
1045 4269 1296 4334 naturae,
1323 4279 1393 4319 eo
1430 4263 1598 4336 quod
1626 4279 1836 4320 omnes
1863 4279 2049 4318 unam

401 4347 699 4418 originem
727 4349 973 4406 habent.

475 4436 650 4494 Vens.
683 4445 736 4493 7.
764 4469 834 4479 --
862 4441 1169 4495 Formavit
1226 4440 1417 4510 igitur
1447 4441 1603 4496 Deus
1653 4440 1948 4496 hominem
1979 4441 2052 4495 de

409 4526 758 4594 timoterrw,
777 4534 833 4584 et
861 4529 1183 4598 inspiravit
1199 4529 1261 4583 in
1283 4530 1502 4598 faciem
1530 4531 1658 4598 ejus
1677 4531 2053 4598 spiraculum

327 4615 334 4622 '
406 4615 563 4678 vitae,
595 4621 652 4672 et
678 4616 932 4690 reliqua.
963 4617 1111 4683 Quid
1142 4622 1231 4673 est
1259 4617 1418 4672 enim
1448 4619 1612 4689 quod
1644 4617 1950 4673 hominem
1979 4619 2054 4674 de

405 4700 550 4759 limo
582 4711 747 4760 terrae
773 4706 1072 4769 formavit,
1106 4710 1161 4761 et
1187 4720 1309 4761 non
1338 4705 1412 4760 de
1440 4706 1709 4775 angelica
1760 4711 2050 4769 creatura,

405 4791 520 4845 nisi
541 4792 684 4862 quia
705 4791 840 4846 ideo
863 4793 1049 4848 voluit
1078 4793 1152 4849 de
1181 4795 1326 4849 limo
1355 4798 1522 4849 terrae
1549 4810 1771 4863 creare,
1805 4800 1866 4850 ut
1898 4811 2053 4850 sem-

406 4891 517 4949 per
536 4877 929 4934 humilitatem
950 4885 1265 4945 teneret,et
1294 4898 1418 4938 non
1459 4884 1810 4956 superbiret.
1851 4883 2056 4956 pulve-

406 4980 535 5020 rem
564 4981 626 5020 se
655 4966 1035 5039 cineremque
1061 4968 1234 5037 juxta
1259 4971 1601 5040 exemplum
1615 4971 1868 5026 Abrahae
1888 4987 2056 5026 cons-

410 5053 651 5124 piceret,
684 5059 742 5110 et
769 5061 972 5124 ageret
996 5056 1215 5126 gratias
1237 5057 1530 5112 conditori
1566 5075 1676 5113 suo
1697 5075 1766 5114 eo
1789 5060 1954 5130 quod
1979 5060 2052 5114 de

413 5146 534 5196 tam
563 5141 758 5212 fragili
790 5145 1041 5199 materia
1087 5144 1398 5200 conditum
1430 5145 1508 5200 ad
1540 5152 1767 5203 tantam
1799 5147 2051 5216 gratiam

409 5230 614 5295 erexit,
641 5237 724 5302 ut,
759 5233 806 5287 si
854 5233 1129 5289 subditus
1152 5234 1200 5289 ei
1232 5235 1400 5302 foret,
1432 5250 1619 5304 regna
1649 5252 1788 5291 cum
1821 5234 2051 5303 angelis

410 5316 703 5376 obtineret
731 5320 1018 5377 caelorum
1039 5322 1068 5378 ?
1091 5323 1170 5378 Et
1192 5323 1508 5390 inspiravit
1544 5325 1606 5378 in
1631 5325 1852 5392 faciem
1904 5325 2051 5392 ejus,

411 5411 521 5463 etc.
553 5410 862 5483 lnspiratio
891 5411 991 5466 Dei
1013 5411 1076 5465 in
1135 5410 1347 5466 faciem
1391 5410 1652 5465 hominis
1699 5410 1939 5466 condito
1968 5416 2056 5466 est

409 5496 629 5554 animae
644 5497 1095 5557 rationalis.Sed
1113 5498 1176 5555 in
1195 5498 1310 5555 hoc
1329 5497 1497 5571 quod
1518 5498 1619 5565 ait,
1641 5500 1960 5571 inspiravit
1988 5501 2050 5556 in

2159 2942 2483 3014 spiritalem
2512 2942 2723 3010 Adam,
2744 2941 2802 2994 id
2828 2944 2914 2995 est
2940 2939 3255 3003 Christum,
3279 2953 3386 3010 per
3413 2953 3596 3008 quem
3619 2937 3808 2992 simus

2159 3031 2466 3102 spiritales,
2495 3031 2667 3100 juxta
2715 3028 2876 3099 quod
2907 3026 3126 3081 Paulus
3177 3024 3487 3098 apostolus
3517 3024 3599 3078 ait
3627 3041 3640 3078 :
3669 3025 3805 3078 Non

2155 3121 2326 3188 prius
2356 3119 2514 3190 quod
2539 3117 2812 3186 spiritale
2842 3121 2947 3184 est,
2975 3115 3076 3171 sed
3101 3115 3259 3186 quod
3279 3114 3576 3183 animale;
3596 3111 3808 3168 deinde

2159 3209 2318 3279 quod
2343 3207 2617 3277 spiritale
2647 3206 2671 3274 {
2675 3208 2700 3260 1
2733 3205 2870 3260 Cor.
2894 3221 2992 3273 xv,
3022 3205 3134 3274 46).

2231 3299 2395 3351 Vens.
2418 3296 2967 3350 8.—Plantaverat
2994 3298 3190 3348 autem
3213 3290 3502 3345 Dominus
3529 3290 3683 3344 Deus
3706 3302 3812 3356 pa-

2159 3385 2427 3438 radisum
2459 3383 2804 3450 voluptatis,
2837 3385 2947 3435 etc.
2978 3379 3292 3435 Paradisus
3325 3377 3554 3446 hortus,
3574 3376 3696 3431 sive
3719 3391 3812 3430 vo-

2161 3474 2382 3540 luptas,
2411 3469 2505 3524 vel
2560 3470 2789 3524 delicias
2846 3469 3280 3538 interpretatur.
3343 3464 3665 3520 Sciendum
3723 3468 3813 3519 est

2158 3559 2300 3631 quia
2317 3562 2576 3630 quatuor
2594 3555 2790 3611 modis
2813 3556 2870 3610 in
2894 3554 3112 3610 divinis
3138 3553 3303 3608 libris
3335 3552 3652 3625 paradisus
3672 3551 3812 3620 legi-

2160 3653 2273 3702 tur.
2299 3649 2393 3702 Est
2414 3646 2572 3701 enim
2595 3644 2938 3717 paradisus,
2960 3643 3033 3698 de
3056 3659 3177 3714 quo
3197 3643 3256 3696 in
3275 3643 3389 3697 hoc
3409 3641 3542 3696 loco
3570 3642 3809 3712 Moyses

2159 3735 2441 3806 loquitur,
2475 3734 2578 3806 qui
2609 3740 2827 3797 tamen,
2852 3732 2912 3787 in
2943 3749 3066 3804 quo
3092 3731 3247 3800 loco,
3279 3746 3475 3802 quave
3506 3729 3811 3800 provincia

2161 3823 2255 3879 vel
2281 3823 2522 3892 regione
2545 3822 2692 3877 situs
2721 3822 2915 3889 fuerit,
2936 3820 3043 3876 soli
3068 3822 3184 3875 Deo
3212 3819 3518 3889 cognitum
3540 3825 3646 3888 est,
3665 3834 3814 3891 prie-

2162 3913 2363 3967 sertim
2396 3929 2532 3966 cum
2588 3916 2710 3966 toto
2737 3913 2841 3981 [Z.,
2872 3911 2932 3965 in
2982 3910 3126 3978 toto]
3151 3909 3295 3963 orbe
3347 3913 3637 3962 terrarum
3664 3921 3810 3961 nus-

2160 4017 2347 4072 quam
2376 3999 2615 4072 reperiri
2642 4004 2852 4071 potest.
2881 3997 2990 4054 Sed
3015 4002 3238 4065 tamen,
3263 4001 3326 4051 ut
3345 3995 3618 4050 nonnulli
3644 4000 3813 4050 autu-

2163 4091 2424 4151 mant,in
2449 4089 2679 4144 Oriente
2705 4092 2792 4143 est
2817 4087 3064 4159 positus;
3088 4085 3252 4158 quia,
3276 4085 3574 4156 inquiunt,
3597 4099 3813 4155 oppor-

2163 4181 2378 4232 tunum
2405 4180 2532 4231 erat
2562 4181 2628 4230 ut
2653 4175 2820 4232 locus
2851 4189 2973 4246 prae
3029 4173 3250 4228 caeteris
3279 4173 3721 4228 amoenissimus
3751 4172 3810 4225 in

2163 4266 2561 4321 excellentiori
2587 4271 2753 4338 parte
2785 4263 2997 4319 mundi
3049 4263 3437 4336 plantaretur.
3472 4261 3636 4316 Unde
3666 4276 3810 4316 non-

2162 4354 2307 4409 nulli
2333 4354 2798 4408 transtulerunt:
2839 4354 2910 4406 In
2939 4353 3109 4407 Eden
3149 4357 3359 4406 contra
3383 4351 3699 4405 Orientem.
3724 4349 3814 4403 Di-

2163 4442 2312 4498 citur
2333 4448 2390 4497 et
2419 4443 2734 4514 paradisus
2757 4441 3015 4495 mundus
3038 4444 3280 4511 propter
3301 4446 3579 4494 ornatum
3611 4454 3812 4508 suum,

2165 4535 2227 4585 ut
2246 4531 2308 4585 in
2333 4529 2647 4596 Ezechiele,
2672 4530 2773 4584 ubi
2798 4529 3084 4583 Dominus
3109 4527 3184 4582 de
3213 4543 3400 4597 regno
3429 4527 3810 4599 Assyriorum

2161 4617 2396 4672 locutus
2426 4621 2546 4672 est:
2587 4618 2766 4672 Cedri
2793 4633 2911 4670 non
2938 4616 3190 4684 fuerunt
3217 4617 3461 4671 allio-res
3483 4615 3590 4670 illo
3615 4616 3674 4668 in
3693 4628 3809 4682 pa-

2163 4708 2364 4762 radiso
2389 4707 2495 4760 Dei
2517 4705 2753 4771 (/s'zcch.
2788 4721 2948 4767 xxxx,
2980 4707 3056 4772 8).
3093 4704 3327 4774 Legitur
3356 4704 3533 4759 etiam
3559 4708 3615 4758 et
3641 4717 3814 4775 para-

2163 4795 2328 4850 disus
2359 4793 2655 4866 spiritalis,
2691 4795 2749 4848 in
2788 4809 2970 4865 quem
3026 4793 3248 4848 Paulus
3281 4809 3342 4846 se
3372 4797 3609 4863 raptum
3649 4806 3813 4846 com-

2165 4881 2714 4948 memoratdicens:
2740 4884 2870 4936 Scio
2893 4887 3132 4951 raptum
3161 4881 3452 4936 hominem
3480 4882 3543 4934 in
3572 4879 3815 4949 paradi-

2162 4987 2292 5026 sum
2317 4971 2398 5040 (η
2427 4971 2766 5042 Cor.xu,2),
2786 4970 2847 5025 id
2869 4976 2957 5025 est
2977 4969 3034 5023 in
3063 4969 3361 5023 caelestem
3384 4969 3812 5023 amcenitatem.

2161 5062 2335 5114 Juxta
2375 5074 2694 5128 anagogen
2715 5074 2855 5113 vero
2879 5056 3200 5129 paradisus
3227 5056 3486 5112 Ecclesia
3510 5063 3615 5111 est.
3651 5056 3816 5111 Unde

2163 5145 2442 5201 Salomon
2475 5146 2536 5200 in
2569 5146 2810 5201 Cantico
2863 5145 3233 5200 canticorum
3267 5145 3346 5200 ait
3377 5162 3388 5200 :
3422 5147 3651 5201 Hortus
3682 5160 3819 5200 con-

2164 5235 2363 5291 clusus
2384 5249 2555 5289 soror
2585 5250 2733 5299 mea,
2760 5235 2967 5289 hortus
2992 5234 3329 5298 conclusus,
3348 5234 3490 5302 fons
3520 5241 3814 5304 signatus,

2163 5323 2496 5378 emissiones
2524 5327 2643 5379 tute
2669 5320 2990 5391 paradisus
3017 5320 3216 5391 (Cant.
3252 5339 3330 5389 iv,
3363 5326 3475 5393 22).
3508 5321 3812 5376 Aitenim:

2163 5411 2561 5466 Plantaverat
2641 5416 2836 5465 autem
2897 5411 3186 5465 Dominus
3241 5413 3394 5467 Deus
3456 5411 3814 5480 paradisum

2167 5501 2490 5570 voluptatis
2533 5515 2572 5555 a
2609 5501 2931 5572 principio.
2971 5503 3118 5558 Nam
3165 5501 3332 5573 quod
3383 5500 3485 5568 ait,
3513 5515 3550 5556 a
3587 5499 3820 5569 princi-
