4160 6182
265 207 363 260 129

1625 197 1980 258 COMMENT.
2014 198 2087 254 1N
2108 200 2264 276 can.

3573 208 3673 266 I30

253 328 367 395 pio,
388 324 666 381 nonnulli
697 324 947 393 intelligi
977 323 1180 380 volunt
1205 325 1284 379 ab
1315 324 1480 381 initio
1511 331 1700 391 terrae,
1731 323 1786 378 id
1819 328 1910 378 est
1938 327 1983 378 A
2017 322 2335 394 paradisus
2360 321 2699 380 declaratur
2739 323 3044 379 evidenter
3073 322 3177 379 ubi
3220 324 3312 393 sit,
3360 328 3535 400 quasi
3563 345 3674 403 per

255 416 328 470 ab
347 415 598 472 Oriente.
645 414 760 470 Sed
793 413 962 486 quod
993 413 1153 482 dicit,
1183 430 1219 470 a
1247 417 1570 484 principio,
1605 415 1661 469 id
1709 420 1800 470 est
1829 413 1907 468 ab

251 504 518 566 exordio,
538 504 661 557 sive
683 502 761 557 ab
779 502 947 557 initio
968 502 1099 557 εαξΙὶ
1123 507 1176 557 et
1207 508 1394 574 terrm,
1427 503 1595 558 sicuti
1634 506 1907 574 Symma-

256 595 405 648 chus
435 598 488 646 et
517 591 891 646 Theodotion
947 591 1394 655 transtulerunt,
1427 592 1790 659 intelligitur.
1847 592 1910 645 Et

260 681 396 735 ideo
426 697 542 735 non
570 680 893 748 Orientem,
912 679 1014 734 sed
1039 680 1372 744 exordium,
1400 687 1454 735 et
1478 681 1710 735 initium
1728 679 1909 748 signi-

266 771 418 824 ticat.
467 768 624 824 Unde
654 767 1002 837 intelligitur
1030 767 1194 839 quod
1225 775 1548 840 antequam
1600 768 1811 824 caelum
1859 773 1914 823 et

269 863 473 912 terram
503 857 724 912 faceret
756 859 932 925 Deus,
976 855 1327 928 paradisum
1361 859 1729 914 condiderat.
1763 861 1910 926 Lege

261 945 474 1001 librum
497 946 797 1002 Locorum
821 946 978 1000 beati
1013 946 1369 1018 Hieronymi.
1408 949 1638 1015 Legitur
1669 947 1827 1002 enim
1853 947 1911 1001 in

262 1035 503 1090 Hebraeo
532 1053 544 1091 :
581 1036 982 1090 Plantaveral
1017 1042 1212 1090 autem
1241 1038 1528 1092 Dominus
1557 1041 1705 1091 Deus
1732 1052 1912 1105 para-

267 1124 452 1179 disum
484 1125 543 1179 in
570 1125 740 1180 Eden
775 1139 810 1179 a
830 1125 1148 1193 principr.
1183 1125 1338 1180 Eden
1374 1127 1601 1181 delicize
1631 1126 1911 1196 interpre-

263 1217 427 1267 tatur.
464 1216 614 1268 Bene
645 1213 792 1267 dicit
820 1215 880 1267 in
916 1213 1106 1274 Eden,
1137 1213 1197 1268 id
1247 1219 1356 1278 est,
1405 1215 1464 1269 in
1510 1215 1642 1269 loco
1675 1213 1908 1268 delicia-

264 1317 410 1356 rum.
440 1302 603 1357 Unde
633 1308 688 1356 et
732 1300 895 1372 quod
927 1301 1020 1355 hic
1034 1302 1247 1358 dicitur
1264 1304 1613 1371 voluptatis,
1635 1305 1908 1374 Symma-

275 1389 417 1443 chus
442 1391 794 1458 paradisum
809 1392 1117 1456 /torentem
1151 1392 1488 1445 transtulit.

336 1479 495 1530 Vens.
516 1485 568 1532 9.
588 1510 654 1518 —
678 1478 1098 1549 Produxitque
1125 1481 1283 1534 Deus
1343 1480 1414 1535 de
1442 1480 1620 1535 humo
1650 1495 1820 1535 omne
1846 1480 1913 1534 li-

279 1579 438 1633 gnun
452 1568 755 1634 puclhrum
779 1569 928 1632 visu,
957 1574 1011 1623 et
1043 1568 1125 1623 ad
1147 1567 1492 1624 vescendum
1521 1584 1718 1624 suave.
1756 1568 1911 1633 Quid

287 1657 368 1706 est
396 1668 530 1723 ergo
557 1655 712 1726 quod
753 1655 846 1710 hic
892 1655 1106 1711 dicitur
1130 1656 1486 1728 produxisse
1517 1657 1753 1726 lignum
1785 1656 1910 1728 pul-
1945 1675 1982 1726 Β

275 1742 467 1797 chrum
493 1743 563 1798 de
602 1743 807 1812 humo,
841 1749 976 1808 etc.,
1009 1762 1147 1801 cum
1189 1762 1374 1818 supra
1415 1746 1650 1814 legitur,
1688 1746 1912 1801 Germi—

266 1836 356 1884 uet
381 1836 540 1888 terra
569 1833 816 1889 herbam
866 1835 1172 1904 virentem,
1201 1841 1256 1890 et
1287 1836 1518 1905 lignum
1545 1836 1910 1904 pomi/crum

253 1918 494 1989 faciens,
527 1926 585 1976 et
614 1921 846 1994 reliqua
867 1927 894 1977 ?
924 1923 1037 1979 Sed
1066 1923 1380 1979 sciendum
1402 1929 1493 1979 est
1523 1939 1644 1979 non
1671 1928 1914 1996 propte-

256 2022 351 2062 rea
380 2008 648 2066 edictum
675 2010 786 2084 [Z.,
819 2011 1059 2083 dicitur]
1108 2012 1340 2081 lignum
1398 2013 1719 2084 pulchrum
1775 2029 1912 2085 pro-

254 2094 520 2162 ductum,
554 2104 623 2153 ut
675 2115 901 2154 novum
945 2099 1169 2172 aliquid
1217 2101 1564 2163 condiderit,
1599 2101 1701 2155 sed
1726 2118 1797 2156 ex
1821 2102 1913 2156 his

253 2186 582 2253 generibus
622 2203 759 2258 quae
800 2189 926 2257 jam
975 2193 1128 2243 terra
1169 2189 1342 2244 tertia
1385 2189 1480 2244 die
1525 2189 1910 2261 produxerat,

244 2280 461 2328 exorta
526 2279 672 2328 sunt
713 2277 1125 2346 postmodum,
1178 2282 1236 2332 et
1261 2293 1334 2332 ex
1363 2277 1463 2332 illa
1491 2278 1702 2332 virtute
1733 2294 1912 2349 quam

242 2367 428 2416 antea
454 2366 621 2415 terra
653 2368 982 2433 acceperat,
1014 2363 1306 2434 producta
1343 2370 1499 2420 sunt.
1535 2368 1599 2421 Et
1618 2365 1711 2420 hic
1739 2366 1909 2421 etiam

245 2448 684 2522 recapitulatio
749 2456 858 2520 est,
892 2451 1060 2506 sicuti
1091 2457 1146 2507 et
1201 2452 1275 2508 de
1325 2453 1564 2510 homine
1616 2455 1905 2526 superius.

250 2538 533 2609 Sequitur
558 2554 573 2590 :
607 2537 876 2608 Lignum
929 2541 1105 2595 etiam
1155 2543 1292 2597 vitae
1316 2543 1377 2596 in
1407 2543 1591 2597 medio
1618 2544 1907 2612 paradisi.

253 2626 506 2690 Quidam
537 2629 779 2682 tantum
821 2626 1134 2696 allegorice
1161 2629 1404 2699 intelligi
1434 2631 1640 2687 volunt
1671 2632 1905 2701 lignum

255 2715 381 2770 vitae
404 2715 678 2770 divinam
696 2715 1078 2788 sapientiam,
1102 2716 1175 2772 de
1199 2734 1322 2790 qua
1354 2717 1636 2776 Salomon
1659 2721 1741 2777 ait
1769 2739 1782 2776 :
1816 2723 1914 2777 Li-

259 2821 437 2873 gnum
464 2807 601 2860 vita,
633 2811 718 2860 est
754 2806 848 2860 his
869 2807 979 2876 qui
1004 2809 1510 2876 apprehenderint
1543 2825 1671 2866 eam
1698 2829 1710 2877 ;
1736 2817 1790 2867 et
1809 2813 1916 2882 qui

265 2895 512 2947 tenuerit
540 2908 690 2960 eam,
728 2893 937 2949 beatus
996 2895 1192 2961 (Prov.
1227 2912 1304 2963 ιιι,
1364 2898 1464 2969 18).
1514 2898 1630 2954 Sed
1661 2900 1909 2955 creden-

266 2979 408 3034 dum
424 2986 506 3036 est
523 2981 666 3053 quia
683 2982 836 3037 sicut
859 2988 1041 3076 petra
1059 2999 1344 3076 percussa
1372 3002 1408 3076 a
1430 2989 1630 3076 Moyse
1654 2988 1914 3058 praebuit
1947 3022 1986 3076 ρ

269 3082 474 3138 aquas,
504 3085 857 3142 quanquam
889 3071 1250 3140 signiﬁcaret
1269 3073 1566 3130 Christum
1594 3075 1913 3131 historiali-

274 3159 358 3210 ter
404 3173 540 3212 vera
564 3163 733 3229 petra
761 3159 903 3227 fuit;
935 3160 1018 3215 ita
1072 3165 1128 3215 et
1164 3160 1398 3229 lignum
1445 3163 1602 3232 vitae,
1635 3165 1915 3236 quamvis

285 3243 565 3297 eumdum
585 3246 872 3313 signiﬁcat
886 3250 907 3318 [
922 3250 1018 3315 X.,
1044 3248 1337 3320 signiﬁcet
1353 3250 1696 3322 Christum],
1715 3258 1914 3308 tamen

296 3333 425 3382 erat
469 3332 843 3400 corporaliter
896 3337 1333 3394 evidentissima
1415 3337 1693 3408 lignum;
1752 3341 1916 3412 quod

301 3421 596 3486 propterea
623 3417 844 3488 lignum
887 3424 1006 3480 vita:
1055 3431 1463 3499 nuncupatur,
1510 3428 1652 3500 quia
1702 3428 1746 3483 si
1779 3429 1915 3485 inde

303 3513 582 3562 sumerent
625 3509 801 3580 primi
833 3519 1128 3584 parentes,
1156 3531 1267 3570 nec
1295 3517 1530 3585 morbo,
1564 3533 1673 3572 nec
1713 3518 1918 3590 aliqua

288 3601 568 3651 senectute
607 3597 945 3671 deﬁcerent,
985 3607 1041 3658 et
1065 3603 1111 3658 si
1145 3603 1204 3659 in
1236 3605 1576 3661 obedientia
1601 3621 1914 3678 permane-

281 3688 426 3751 rent,
441 3701 545 3739 nec
563 3695 948 3754 morerentur,
975 3691 1080 3747 sed
1102 3699 1342 3765 propter
1363 3692 1764 3750 obedientiam
1797 3711 1920 3750 cor-

282 3785 399 3841 pus
439 3788 640 3829 eorum
669 3776 728 3830 in
783 3778 1040 3850 spiritale
1074 3787 1532 3851 converteretur,
1573 3783 1720 3838 sicut
1743 3799 1918 3838 sanc-

281 3862 466 3917 torum
495 3861 553 3917 in
584 3866 1015 3923 resurrectione
1046 3869 1173 3927 erit.
1206 3873 1262 3924 et
1291 3885 1326 3924 a
1355 3875 1589 3926 terreno
1619 3871 1698 3926 ad
1715 3871 1919 3927 caeles-

275 3951 391 4003 tem
448 3951 770 4010 transirent
817 3955 1185 4012 immortales
1225 3958 1596 4029 paradisum.
1655 3961 1920 4032 Denique

265 4035 328 4092 in
381 4040 607 4095 caeteris
660 4048 786 4098 erat
824 4043 1198 4111 alimentum,
1257 4046 1317 4101 in
1351 4047 1460 4102 isto
1492 4051 1694 4103 autem
1725 4065 1922 4104 sacra-

264 4132 542 4182 mentum
571 4128 926 4204 lignumque
965 4134 1222 4189 scientiae
1265 4134 1410 4190 boni
1462 4140 1518 4191 et
1569 4135 1730 4192 mali.
1768 4140 1919 4193 Deus

261 4215 426 4271 enim
457 4219 666 4274 omnia
709 4219 873 4276 bona
901 4221 1052 4289 fecit,
1095 4239 1203 4278 nec
1236 4223 1465 4296 aliquid
1494 4224 1638 4280 mali
1663 4225 1723 4281 in
1749 4242 1921 4298 para-

261 4303 399 4359 diso
433 4305 746 4363 instituere
792 4310 1002 4381 potuit.
1057 4311 1169 4368 Sed
1199 4328 1387 4384 quare
1419 4312 1652 4380 dicitur,
1689 4315 1918 4385 lignum

256 4395 509 4449 saevitiaD
558 4394 697 4450 boni
733 4373 974 4467 et-mali,
1005 4399 1116 4454 nisi
1147 4373 1460 4472 propterea
1489 4373 1822 4474 appellatur
1851 4403 1920 4458 li-
1953 4373 1994 4426 Β

257 4497 457 4551 gnum
488 4482 750 4540 scientiae
777 4485 923 4542 boni
979 4493 1034 4543 et
1085 4488 1248 4555 mali,
1281 4479 1403 4545 non
1461 4490 1626 4554 quod
1683 4491 1830 4546 illud
1858 4491 1921 4546 li-

259 4585 458 4639 gnum
492 4570 553 4626 in
583 4588 694 4627 sua
723 4579 937 4632 natura
961 4577 1315 4633 rationabile
1342 4578 1551 4641 existit,
1586 4584 1650 4635 ut
1677 4580 1925 4636 haberet

257 4659 581 4715 scientiam
615 4661 759 4717 boni
789 4663 874 4719 vel
911 4665 1074 4734 mali,
1109 4666 1211 4720 sed
1243 4667 1386 4738 quia
1414 4668 1596 4723 homo
1624 4667 1682 4722 in
1729 4685 1800 4724 eo
1832 4685 1925 4725 ex-

260 4747 444 4819 periri
499 4754 559 4804 et
605 4751 754 4806 scire
792 4755 1050 4824 potuerit
1103 4755 1182 4825 [Ζ.
1217 4754 1448 4827 potuit],
1507 4756 1654 4828 quid
1683 4757 1926 4812 interes-

263 4842 354 4892 set
386 4836 544 4893 inter
571 4838 701 4895 bon
718 4857 822 4896 um
845 4842 1218 4903 obedientiee.
1249 4849 1304 4899 et
1327 4843 1560 4900 malum
1586 4844 1927 4901 inobedien-

264 4925 398 4979 tiae?
435 4929 504 4982 Et
551 4927 689 4984 ideo
741 4929 802 4984 in
831 4931 1115 5003 paradiso
1151 4931 1382 5002 lignum
1427 4934 1581 5000 vites,
1609 4939 1666 4988 et
1692 4933 1924 5002 lignum

275 5012 535 5070 scientiae
569 5017 718 5073 boni
742 5023 801 5074 et
835 5019 977 5075 mali
1001 5024 1264 5076 creatum
1297 5026 1403 5086 est,
1427 5027 1491 5076 ut
1514 5037 1618 5093 per
1638 5021 1785 5078 illud
1815 5039 1924 5095 po-

274 5097 488 5156 tuisset
530 5105 885 5163 immortalis
953 5125 1103 5176 esse,
1156 5125 1261 5181 per
1297 5109 1410 5166 hoc
1459 5126 1561 5166 ver
1607 5111 1920 5167 mortalis:

266 5185 446 5258 ligno
474 5191 600 5247 vitae
628 5196 804 5268 quasi
847 5197 1168 5268 medicina,
1221 5203 1286 5254 ut
1330 5199 1793 5272 incorruptibilis
1839 5216 1926 5255 es-

266 5282 383 5343 set,
420 5279 720 5351 utebatur;
766 5285 932 5355 ligno
976 5292 1177 5342 autem
1225 5288 1480 5344 scientiae
1524 5288 1666 5344 boni
1701 5295 1757 5344 et
1785 5290 1926 5345 mali

262 5369 447 5438 quasi
471 5386 727 5442 veneno,
760 5380 826 5430 ut
854 5382 1203 5432 moreretur.

340 5457 511 5515 Vens.
537 5466 619 5518 10.
640 5464 803 5518 -—Et
811 5465 1032 5533 ﬂuvius
1049 5466 1464 5536 egrediebatur
1487 5469 1560 5524 de
1581 5469 1707 5524 loco
1731 5469 1932 5536 volup-

268 5549 409 5602 tatis
437 5551 521 5606 ad
548 5553 940 5624 irrigandum
955 5555 1328 5623 parodisum,
1354 5558 1460 5628 qui
1478 5558 1616 5613 inde
1637 5558 1933 5614 dividitur

268 5636 332 5690 in
351 5647 620 5708 quatuor
649 5644 880 5715 capita.
913 5642 1237 5701 Sciendum
1257 5649 1348 5700 est
1373 5644 1518 5717 quia
1543 5661 1656 5703 nec
1689 5661 1795 5719 per
1817 5646 1932 5703 hoc

2017 410 2271 466 ﬂumina
2323 411 2574 466 inveniri
2613 411 2803 484 possit
2853 411 3019 467 locus
3052 412 3264 485 ipsius.
3331 416 3442 479 Qui
3499 417 3673 474 sicuti

2017 497 2289 554 nonnulli
2305 498 2530 562 dicunt,
2564 504 2621 555 et
2647 499 2860 556 beatus
2890 501 3252 569 Augustinus
3281 508 3576 573 autumat,
3601 505 3673 561 li-

2018 591 2111 641 cet
2138 587 2217 642 ab
2248 602 2368 642 uno
2397 588 2556 643 fonte
2585 588 2886 660 Scriptura
2915 592 3058 644 teste
3085 591 3433 661 procedant,
3473 597 3675 650 tamen

2021 675 2234 730 subtus
2263 682 2418 731 terra
2452 679 2781 748 proﬂuunt,
2811 683 2867 733 et
2891 681 3028 750 post
3054 678 3268 748 longos
3299 685 3521 737 tractus
3546 679 3672 736 suis

2019 764 2165 819 locis
2194 769 2517 836 erumpunt
2543 770 2599 820 et
2629 766 2898 822 celantur
2928 767 3164 823 interim
3193 784 3422 825 amnes.

2092 855 2256 907 Vens.
2286 857 2554 908 H-12.—
2577 855 2805 910 Nomen
2837 856 2945 908 uni
2971 856 3221 927 Phison,
3247 858 3371 926 ipse
3398 864 3482 914 est
3515 859 3675 914 Gan-

2018 957 2117 1012 ges
2148 943 2371 1010 ﬂuvius
2400 943 2614 998 Indice.
2647 945 2753 1013 qui
2779 944 2995 998 circuit
3016 960 3244 1001 omnem
3281 951 3508 1003 terram
3530 946 3674 1004 Evi-

2023 1031 2130 1095 lat,
2157 1030 2258 1084 ubi
2286 1036 2561 1086 nascttur
2592 1046 2831 1098 aurum,
2861 1038 2914 1085 et
2936 1046 3154 1087 aurum
3185 1040 3363 1091 terra?
3391 1037 3558 1094 illius
3579 1053 3680 1109 op-

2023 1120 2228 1174 timum
2259 1125 2364 1187 est,
2398 1121 2595 1189 ibique
2623 1121 2929 1175 invenitur
2952 1119 3237 1176 bdellium
3262 1127 3318 1177 et
3349 1124 3503 1194 lapis
3533 1142 3677 1199 any-

2021 1208 2252 1263 chinus.
2290 1207 2575 1263 lldellium
2610 1208 2877 1263 nonnulli
2903 1207 3112 1264 dicunt
3137 1209 3366 1278 lignum
3394 1229 3523 1269 esse
3551 1231 3681 1288 pre-

2019 1297 2432 1362 tiosissimum,
2493 1297 2589 1352 alii
2620 1314 2762 1352 vero
2808 1297 3072 1370 lapidem
3105 1300 3460 1370 pretiosum.
3513 1305 3676 1362 Unde

2019 1386 2292 1440 nonnulli
2343 1402 2453 1458 pro
2512 1385 2733 1441 bdellio
2779 1393 2834 1441 et
2881 1387 3183 1458 onychino
3238 1389 3677 1449 carbunculum

2020 1483 2074 1532 et
2117 1476 2380 1548 lapidem
2420 1477 2735 1549 prasinum
2785 1477 3226 1533 transtulerunt.
3259 1483 3678 1553 Interpretatur

2021 1569 2222 1619 autem
2247 1565 2466 1619 Phison
2497 1566 2728 1634 inﬂatio
2753 1565 2926 1635 juxta
2954 1566 3288 1632 historiam,
3319 1568 3464 1641 quia
3500 1577 3676 1628 vento

2022 1658 2282 1707 tumente
2309 1653 2548 1708 inﬂatur
2580 1671 2592 1708 :
2619 1669 2726 1708 seu
2749 1670 2812 1708 os
2828 1655 3102 1724 pupillw,
3134 1656 3299 1728 quod
3329 1657 3540 1714 melius
3567 1665 3673 1717 est.

2097 1732 2276 1796 Vensf
2300 1742 2381 1796 13.
2409 1743 2720 1798 -Nomen
2745 1745 2926 1811 ﬂuvio
2952 1745 3210 1800 secundo
3240 1745 3422 1816 Geon,
3450 1749 3574 1818 ipse
3594 1756 3677 1806 est

2023 1837 2078 1886 et
2095 1831 2273 1885 Nilus
2287 1832 2508 1898 ﬂuvius
2522 1832 2808 1902 zEgypti,
2827 1834 2858 1900 ἱ,
2891 1848 2950 1888 se
2971 1839 3054 1888 est
3073 1834 3178 1904 qui
3202 1836 3419 1890 circuit
3446 1850 3676 1890 omnem

2025 1926 2247 1975 terram
2279 1919 2638 1989 zEthiopiw.
2661 1920 2768 1985 Qui
2800 1925 2878 1976 ab
2913 1922 3136 1978 oriente
3163 1922 3380 1995 ﬂuens,
3407 1939 3443 1979 a
3461 1922 3676 1980 radici-

2024 2007 2140 2063 bus
2173 2006 2442 2062 videlicet
2488 2008 2735 2064 Atlantis
2770 2010 3010 2080 montis,
3055 2014 3208 2066 sicut
3256 2016 3593 2078 autumant,
3623 2017 3681 2068 et

2025 2096 2103 2152 ad
2159 2096 2623 2167 septentrionem
2683 2096 2895 2159 ﬂexus,
2949 2098 3406 2153 autumnalibus
3461 2097 3680 2170 pluviis

2025 2190 2262 2248 auctus,
2293 2184 2475 2255 plana
2503 2186 2734 2256 {Egypti
2768 2185 2990 2254 irrigat,
3035 2201 3227 2256 usque
3259 2185 3407 2240 dum
3437 2185 3500 2240 in
3522 2184 3678 2240 litto-

2024 2288 2086 2326 re
2114 2273 2296 2326 maris
2342 2271 2528 2326 Rubri
2571 2272 2683 2326 sub
2741 2279 2896 2327 terra
2939 2272 3183 2338 celatur,
3215 2271 3434 2327 deinde
3463 2272 3680 2327 irrum-

2025 2377 2176 2434 pens
2217 2364 2536 2432 Egyptum
2568 2361 2646 2415 ad
2677 2360 3025 2416 occidenten
3070 2361 3220 2417 ﬂuit.
3254 2361 3680 2435 Interpretatur

2024 2449 2205 2521 qripe
2223 2449 2579 2516 tenebrosus,
2603 2449 2746 2521 quia
2767 2465 2875 2521 per
2891 2449 3245 2522 Ethiopiam
3275 2455 3332 2506 et
3358 2453 3679 2524 Egyptum

2023 2538 2232 2603 currit;
2265 2538 2368 2593 sed
2396 2537 2607 2593 melius
2639 2545 2812 2595 terrm
2834 2541 3058 2610 gratia,
3087 2539 3178 2596 vel
3195 2541 3506 2610 fertilitas,
3535 2539 3680 2612 quia

2023 2626 2221 2681 felices
2248 2627 2522 2683 homines
2555 2628 2727 2700 redit,
2758 2629 2924 2701 quod
2970 2629 3164 2700 magis
3217 2629 3297 2686 ad
3350 2628 3677 2702 spiritalem

2025 2715 2472 2784 intelligentiam
2496 2717 2768 2788 pertinet.

2098 2807 2261 2861 Vens.
2299 2809 2383 2861 14.
2415 2837 2483 2846 -—
2511 2807 2739 2862 Nomen
2781 2823 2918 2863 vero
2961 2808 3227 2877 ﬂuminis
3276 2808 3440 2863 tertii
3462 2809 3676 2878 Tigris,

2027 2895 2152 2963 ipse
2178 2895 2342 2949 vadit
2371 2901 2581 2950 contra
2601 2896 2898 2965 Assyrios.
2919 2895 3029 2960 Qui
3053 2900 3296 2968 propter
3307 2895 3679 2952 velocitatem

2027 2997 2064 3036 a
2093 2981 2283 3037 bestia
2315 2997 2537 3038 nomen
2589 2983 2838 3055 accepit,
2870 2988 2927 3039 et
2977 2984 3395 3056 interpretatur
3436 2985 3678 3055 sagitta.

2023 3071 2273 3124 Flavius
2301 3076 2497 3126 autem
2528 3078 2802 3141 quartus,
2853 3073 2978 3140 ipse
3025 3078 3108 3128 est
3153 3073 3518 3140 Euphrates,
3573 3072 3682 3126 ﬂu-

2021 3159 2153 3214 vius
2175 3159 2610 3230 Mesopotamiae
2637 3177 2650 3214 :
2675 3159 2779 3214 sed
2805 3164 3120 3230 propterea
3139 3164 3356 3213 terram
3370 3173 3558 3228 quam
3569 3157 3682 3213 cir-

2023 3247 2208 3302 cumit
2250 3263 2372 3300 non
2420 3245 2693 3300 nominat
2751 3245 3075 3316 Scriptura,
3131 3245 3276 3316 quia
3321 3259 3510 3316 prope
3553 3249 3681 3302 erat

2023 3342 2191 3392 terrae
2209 3333 2575 3400 Judaaorum,
2600 3339 2656 3389 et
2687 3338 2867 3390 notus
2894 3339 3022 3390 erat
3049 3333 3156 3403 eis,
3181 3337 3237 3389 et
3258 3332 3678 3407 interpretatur

2025 3425 2286 3482 ubertas.
2343 3427 2638 3480 Hactenus
2684 3423 2992 3481 historiam
3022 3424 3318 3482 succincte
3364 3425 3681 3498 descripsi-

2024 3530 2180 3570 mus.
2238 3514 2381 3570 Hinc
2410 3529 2553 3569 vero
2581 3513 2857 3582 breviter,
2905 3514 3167 3571 maxime
3215 3519 3460 3588 propter
3506 3515 3681 3572 inter-

2027 3603 2386 3676 pretationes
2435 3603 2772 3666 nominum,
2825 3603 3027 3676 aliqua
3057 3620 3192 3676 quae
3225 3603 3305 3660 ad
3355 3603 3682 3676 spiritalem

2028 3693 2525 3761 signiﬁcationem
2597 3693 2911 3763 pertinent,
2980 3692 3237 3748 inserere
3304 3693 3568 3761 nitimur,
3618 3691 3682 3747 li-

2027 3786 2118 3836 cet
2160 3786 2366 3836 contra
2418 3795 2649 3834 morem
2681 3784 2896 3834 nostra:
2925 3779 3342 3851 descriptionis
3374 3795 3680 3836 conemur.

2100 3867 2343 3923 Fluvius
2375 3866 2482 3938 qui
2509 3866 2935 3936 egrediebatur
2962 3866 3037 3921 de
3057 3865 3344 3937 paradiso
3389 3866 3687 3934 significat

2029 3955 2353 4012 Dominum
2378 3970 2449 4011 ac
2501 3955 2960 4027 Redemptorem
2993 3959 3287 4022 nostrum,
3330 3953 3404 4010 de
3433 3958 3684 4026 paterno

2029 4046 2189 4103 fonte
2212 4043 2655 4118 procedentem,
2681 4060 2717 4100 a
2740 4059 2863 4117 quo
2894 4043 3062 4114 origo
3093 4047 3181 4100 est
3210 4043 3486 4100 omnium
3515 4060 3683 4100 crea-

2031 4140 2325 4193 turarum.
2361 4138 2438 4190 De
2458 4150 2580 4207 quo
2613 4150 2720 4208 per
2748 4134 3130 4191 Psalmistam
3153 4134 3368 4191 dicitur
3391 4152 3405 4191 :
3434 4135 3609 4210 Apud
3630 4138 3686 4191 te

2035 4229 2123 4281 est
2151 4225 2285 4281 fons
2314 4224 2482 4292 vitae;
2510 4223 2669 4280 etde
2719 4240 2841 4296 quo
2901 4225 3191 4297 Propheta
3235 4224 3348 4281 ait:
3395 4224 3686 4281 Dominus

2037 4316 2192 4369 Deus
2230 4317 2431 4369 noster
2468 4313 2687 4368 ﬂuvius
2733 4312 3028 4383 gloriosus
3068 4314 3174 4385 [Z.,
3227 4313 3521 4384 gloriosus
3551 4313 3682 4384 est],

2036 4403 2312 4460 exsiliens
2366 4402 2428 4457 in
2485 4406 2704 4457 terram
2749 4402 3062 4459 sitientem.
3094 4408 3140 4458 A
3183 4402 3688 4475 quo'procedunt

2035 4496 2294 4565 quatuor
2335 4489 2588 4546 ﬂumina
2635 4506 2771 4562 qua:
2817 4490 3066 4560 irrigant
3119 4491 3492 4561 paradisum.
3534 4490 3687 4552 Qua-

2032 4585 2168 4636 tuor
2213 4580 2326 4636 ista
2354 4578 2606 4634 ﬂumina
2652 4583 2912 4650 quatuor
2960 4576 3299 4645 significant
3342 4571 3680 4640 Evangelia,

2032 4685 2168 4740 quae
2195 4667 2418 4723 habent
2443 4666 2732 4734 originem
2766 4664 2844 4719 ab
2872 4664 3005 4734 ipso
3045 4661 3296 4714 Domino
3324 4662 3460 4713 Jesu
3489 4656 3685 4712 Chris-

2035 4762 2115 4821 to,
2145 4755 2369 4827 quibus
2415 4754 2622 4822 irrigat
2673 4750 2994 4806 Ecclesiam
3027 4761 3220 4813 suam,
3261 4761 3397 4818 qua;
3441 4761 3548 4819 per
3575 4760 3685 4818 pa-

2033 4843 2302 4900 radisum
2347 4842 2660 4912 ﬁguratur,
2721 4839 2876 4893 sicut
2924 4834 3104 4909 paulo
3162 4834 3437 4909 superius
3485 4838 3682 4911 praeli-

2033 4929 2330 4993 bavimus,
2372 4927 2472 4982 ubi
2531 4925 2881 4998 paradisum
2949 4923 3248 4997 tripliciter
3302 4926 3684 4985 inseruimus.

2037 5018 2200 5076 Unde
2231 5022 2289 5072 et
2338 5014 2851 5088 interpretationes
2895 5031 3104 5071 eorum
3151 5016 3470 5073 nominum
3501 5018 3685 5075 sacris

2036 5106 2365 5178 Evangeliis
2414 5109 2770 5176 congruunt.
2829 5105 3068 5170 Phison,
3113 5105 3219 5178 qui
3265 5107 3686 5180 interpretatur

2036 5215 2097 5254 os
2109 5197 2387 5268 pupiflaz,
2412 5194 2711 5265 signiﬁcat
2733 5193 3118 5264 Evangelium
3145 5196 3358 5250 Joanni
3393 5213 3405 5262 ;
3435 5211 3496 5251 os
3523 5195 3684 5250 enim

2037 5288 2115 5344 ad
2152 5287 2514 5342 locutionem
2569 5285 2843 5356 pertinet,
2888 5284 3127 5354 pupilla
3155 5283 3234 5341 ad
3261 5284 3496 5350 visum;
3545 5284 3690 5358 quia

2037 5376 2204 5450 quod
2244 5376 2371 5448 ipse
2400 5390 2507 5447 per
2535 5373 2880 5429 attributam
2933 5372 3045 5428 sibi
3097 5374 3352 5444 gratiam
3409 5389 3516 5446 per
3542 5389 3687 5430 ocu-

2041 5468 2168 5521 lum
2220 5463 2435 5520 mentis
2461 5463 2535 5518 de
2564 5461 2870 5518 divinitate
2921 5460 3241 5518 Salvatoris
3289 5479 3412 5536 prae
3457 5460 3682 5517 caeteris

2041 5555 2216 5610 altius
2271 5552 2572 5618 intellexit,
2616 5549 2922 5623 loquendo
2965 5551 3255 5608 eructavit
3291 5552 3498 5607 dicens
3533 5566 3546 5603 :
3610 5549 3683 5600 In

2032 5644 2338 5713 principio
2365 5647 2496 5703 erat
2526 5641 2792 5712 verbum,
2814 5645 2871 5698 et
2898 5639 3149 5712 reliqua.
3184 5641 3292 5700 Qui
3323 5637 3539 5694 circuit
3566 5648 3686 5688 om-
