4180 6186
228 144 327 196 133
1603 138 1871 227 CQMMER

1992 138 2061 213 in
2101 142 2256 219 om.

3522 128 3629 233 in

215 269 270 321 et
314 259 632 353 custodiret
677 260 877 328 illum,
906 257 967 314 id
1017 262 1128 353 est,
1170 263 1515 353 operaretur
1564 264 1864 353 praecepta
1892 268 1940 337 Α
1977 264 2190 336 Adam,
2222 271 2309 324 est
2340 273 2615 343 mortuus
2637 271 2701 343 in
2725 273 2948 341 anima.
2983 275 3120 333 Haec
3157 275 3355 353 prima
3383 293 3634 353 praeces-

207 351 463 425 justitise,
494 354 551 405 et
584 354 985 422 perseveraret
1012 348 1075 403 in
1104 344 1417 421 mandato,
1450 355 1505 419 et
1544 351 1867 407 custodiret

214 440 621 512 semetipsum,
650 454 727 493 ne
756 437 1024 513 perderet
1056 437 1428 512 paradisum.
1455 439 1667 496 Dicunt
1687 444 1743 495 et
1773 438 1864 495 ali-

209 536 326 587 ter:
376 529 539 584 Tutit
577 542 718 598 ergo
765 528 921 582 Deus
962 527 1275 590 hominem,
1311 534 1363 583 et
1408 530 1606 599 posuit
1647 544 1777 585 eum
1804 528 1867 584 in

207 619 517 690 paradiso,
545 622 612 671 ut
640 620 997 686 operaretur
1026 622 1080 672 et
1111 617 1431 685 custodiret
1464 619 1660 681 illum,
1691 616 1754 677 id
1783 620 1871 672 est

212 712 282 764 ut
308 708 506 781 ipsum
532 704 842 778 hominem
872 706 1024 760 Deus
1064 709 1427 778 operaretur,
1460 710 1516 762 et
1545 706 1872 763 custodiret

215 796 420 867 illum;
465 798 809 868 operaretur
856 798 923 850 ut
963 794 1160 864 justus
1192 798 1384 863 esset;
1440 801 1495 852 et
1523 796 1865 863 custodiret,

217 891 281 941 ut
310 890 463 940 tutus
497 887 649 939 esset
676 902 688 953 ;
718 883 865 938 sicut
888 887 1043 938 terra
1069 884 1303 955 operari
1333 884 1547 953 dicitur
1577 884 1654 941 ab
1679 884 1869 940 homi-

210 974 387 1031 nibus
418 990 543 1030 non
576 972 859 1041 creando,
893 972 996 1027 sed
1022 973 1377 1043 exercendo,
1405 978 1467 1029 ut
1495 973 1754 1031 fructum
1786 974 1866 1045 fe-

207 1069 316 1136 rat,
347 1079 535 1136 quem
567 1078 820 1117 sensum
868 1061 1139 1118 nonnulli
1186 1063 1621 1140 reprehendere
1664 1062 1868 1121 volue-

208 1158 360 1220 runt,
391 1152 556 1227 quia,
588 1151 888 1225 inquiunt,
921 1150 969 1206 si
1017 1167 1157 1207 eum
1197 1152 1548 1219 custodiret,
1578 1169 1701 1209 non
1732 1168 1867 1241 pec-

210 1247 381 1300 caret.
423 1240 703 1314 Sequitur
724 1257 736 1295 :

274 1332 456 1387 Vens.
496 1334 578 1385 16.
614 1361 681 1369 -
708 1330 1119 1401 Praecepitque
1141 1330 1195 1385 ei
1213 1329 1414 1387 dicens
1443 1349 1455 1386 :
1482 1331 1582 1387 Ea:
1612 1330 1773 1387 omni
1804 1330 1870 1387 ti-

209 1437 322 1493 gno
366 1420 648 1490 paradisi
695 1419 947 1485 comede,
981 1423 1088 1474 etc.
1126 1420 1415 1485 Quaeritur
1448 1419 1757 1492 quomodo
1787 1419 1872 1474 lo-

212 1510 507 1585 quebatur
536 1508 677 1563 Adae
711 1507 907 1563 Deus?
948 1510 1062 1562 Aut
1108 1523 1216 1583 per
1257 1508 1557 1575 ccelestem
1595 1508 1873 1565 substan-

213 1598 383 1668 tiam,
432 1594 1252 1697 quomodo.nunc‘loquitur
1295 1596 1560 1666 angelis;
1624 1601 1726 1653 aut
1766 1612 1873 1670 per
1904 1625 1942 1697 β

215 1686 584 1761 corporalem
612 1684 896 1759 speciem,
917 1684 979 1739 id
1008 1688 1095 1740 est
1121 1701 1193 1740 ex
1223 1701 1359 1741 aere
1384 1686 1605 1744 ccelesti
1631 1691 1872 1759 sumpta

209 1778 490 1849 imagine,
522 1775 674 1831 sicut
705 1775 848 1831 olim
874 1775 1264 1847 patriarchis;
1299 1780 1400 1832 aut
1428 1776 1778 1849 inspirando
1810 1776 1870 1832 in

210 1872 424 1933 mente,
457 1863 772 1939 quomodo
820 1864 1146 1938 prophetis,
1202 1864 1353 1935 sicut
1398 1867 1687 1938 scriptum
1741 1870 1866 1927 est:

211 1959 369 2015 Dixit
403 1956 575 2027 mihi,
607 1957 714 2029 qui
762 1955 1118 2027 loquebatur
1146 1957 1208 2010 in
1238 1971 1329 2013 me
1352 1959 1381 2011 ?
1418 1956 1531 2012 Sed
1560 1955 1870 2015 sciendum

211 2054 297 2104 est
340 2063 462 2121 qua
500 2044 690 2131 prius,
726 2048 1052 2118 antequam
1107 2049 1399 2116 peccaret,
1431 2045 1788 2118 loquebatur
1818 2044 1871 2100 ei

210 2153 315 2215 per
360 2134 662 2191 caelestem
708 2132 1131 2201 substantiam,
1179 2133 1327 2189 sicut
1379 2133 1648 2204 angelis;
1706 2137 1868 2206 post-

211 2224 393 2300 quam
425 2240 563 2279 vero
589 2221 878 2296 peccavit,
912 2237 1019 2293 per
1045 2221 1380 2296 subjectam
1420 2227 1775 2290 creaturam,
1807 2220 1869 2276 id

214 2318 299 2389 est
325 2328 435 2387 per
465 2311 762 2384 angelum.

285 2405 449 2459 Vens.
486 2407 567 2457 Π.
598 2433 667 2441 -
712 2401 784 2456 In
825 2414 1180 2472 quacunque
1237 2402 1331 2458 die
1383 2400 1751 2458 comederitis
1796 2417 1871 2458 ex

211 2508 291 2562 eo,
325 2498 518 2548 morte
565 2490 922 2546 moriemini.
953 2489 1243 2554 Quaeritur
1287 2490 1361 2549 de
1408 2506 1531 2562 qua
1563 2494 1752 2546 morte
1780 2490 1868 2547 di-

213 2586 393 2648 catur,
428 2584 632 2635 utrum
659 2576 732 2632 de
758 2580 951 2632 morte
981 2577 1269 2649 corporis,
1302 2594 1379 2635 an
1420 2578 1493 2632 de
1519 2583 1709 2634 morte
1741 2578 1867 2634 ani-

211 2686 341 2739 mm,
376 2685 455 2740 an
511 2668 587 2724 de
635 2671 825 2722 morte
868 2666 1209 2736 gehennae?
1268 2668 1382 2724 Sed
1430 2668 1744 2727 sciendum
1784 2671 1872 2724 est

211 2759 348 2833 quia
405 2757 481 2813 de
542 2764 792 2830 utraque
836 2761 1026 2812 morte
1074 2756 1456 2817 sentiendum
1504 2763 1613 2821 est,
1654 2757 1870 2829 anima;

208 2848 478 2904 videlicet
504 2850 561 2902 et
589 2845 877 2919 corporis.
911 2845 1139 2901 Animae
1171 2862 1334 2902 mors
1366 2851 1474 2923 est,
1505 2846 1654 2902 dum
1694 2862 1872 2920 prop-

208 2943 293 2993 ter
338 2941 657 3013 peecatum
706 2934 1021 3009 quodlibet
1050 2936 1203 2991 Deus
1262 2934 1552 3007 deseritur
1594 2938 1699 3008 [Z.,
1731 2952 1871 2993 eum

208 3030 357 3084 Deus
390 3026 655 3096 deserit],
687 3025 790 3099 qui
838 3028 923 3080 est
949 3025 1070 3081 vita
1100 3025 1248 3095 ejus.
1282 3029 1433 3082 Mors
1461 3025 1729 3098 corporis
1759 3029 1868 3094 est,

208 3113 350 3169 dum
383 3118 637 3188 propter
663 3113 1079 3169 necessitatem
1126 3113 1455 3186 quamlibet
1509 3129 1724 3186 corpus
1767 3113 1870 3171 de-

209 3204 417 3258 seritur
446 3202 529 3258 ab
562 3201 787 3273 anima.
821 3201 969 3266 Quia
1000 3202 1149 3257 sicut
1195 3203 1347 3256 Deus
1370 3205 1456 3257 est
1480 3202 1602 3257 vita
1631 3202 1870 3271 animae,

204 3290 278 3347 ita
306 3290 534 3347 anima
573 3294 663 3343 est
690 3288 810 3342 vita
845 3289 1121 3360 corporis,
1156 3306 1345 3362 quam
1378 3295 1634 3345 mortem
1666 3304 1873 3360 corpo-

201 3381 274 3436 ris
312 3377 652 3453 peccando
679 3383 1145 3450 promeruerunt,
1178 3377 1470 3452 quoniam
1501 3375 1872 3433 immortales

202 3470 403 3526 forent
432 3468 482 3522 si
513 3482 640 3522 non
671 3472 1011 3538 peccassent
1038 3486 1050 3533 ;
1098 3471 1155 3523 et
1184 3467 1318 3523 licet
1347 3483 1468 3522 non
1502 3466 1701 3521 statim
1732 3465 1874 3522 fuis-

206 3563 331 3629 sent
391 3555 643 3626 mortui,
704 3553 809 3611 sed
859 3560 997 3629 post
1041 3556 1293 3625 longum
1350 3560 1611 3627 tempus,
1671 3560 1873 3612 tamen

208 3648 346 3718 quia
371 3647 502 3717 jam
554 3660 693 3719 spes
740 3644 1202 3700 immortalitatis
1229 3644 1458 3701 amissa
1498 3647 1640 3706 erat,
1674 3644 1873 3701 futura

212 3750 380 3788 mors
431 3749 691 3801 przesens
744 3734 907 3791 dicta
955 3738 1061 3805 est,
1093 3732 1383 3806 quoniam
1431 3734 1560 3789 haec
1607 3732 1784 3805 ccepit
1812 3733 1874 3787 in

223 3835 334 3891 spe
362 3819 580 3877 haberi.
606 3822 774 3878 Unde
803 3823 1204 3895 Symmachus
1238 3820 1553 3889 transtulit,
1586 3822 1870 3877 mortales

218 3910 399 3965 eritis.
434 3910 497 3964 Bt
525 3910 681 3967 hanc
712 3911 967 3984 duplam
1007 3911 1267 3967 hominis
1322 3915 1575 3966 mortem
1607 3911 1872 3965 Christus

210 4015 317 4055 sua
348 3999 572 4073 simpla
599 4005 788 4057 morte
829 4000 1139 4075 destruxit.
1169 4004 1317 4056 Nam
1349 3999 1480 4057 sola
1507 4015 1685 4056 carne
1716 4016 1873 4055 mor-

203 4092 340 4144 tuus
357 4095 447 4144 est
464 4090 546 4145 ad
563 4095 821 4163 tempus,
840 4092 1046 4146 anima
1066 4106 1206 4146 vero
1227 4106 1564 4162 nunquam,
1581 4091 1872 4161 quoniam

198 4193 529 4253 nunquam
578 4180 868 4253 peccavit.
904 4182 1232 4237 Possumus
1280 4179 1461 4235 etiam
1491 4184 1745 4234 mortem
1777 4194 1871 4248 ge-

198 4268 423 4341 hennae
455 4268 805 4340 intelligere,
839 4286 962 4343 qua
991 4286 1153 4326 nunc
1204 4268 1502 4335 cruciatur
1530 4268 1733 4341 anima
1758 4268 1873 4342 pri-

200 4340 337 4415 vata
369 4356 659 4427 societate
690 4327 1055 4429 sanctbrum,
1080 4375 1213 4432 quae
1239 4363 1377 4432 post
1395 4357 1690 4428 judicium
1716 4374 1872 4415 rece-
1900 4327 1946 4395 ἓ

204 4452 304 4524 pto
333 4463 595 4525 corpore
627 4450 845 4521 pariter
872 4465 1120 4523 poenam
1160 4448 1494 4507 sustinebit.
1528 4449 1690 4505 Unde
1718 4464 1871 4519 non-

207 4536 370 4605 nulli,
441 4532 794 4607 auctoritate
864 4540 1302 4611 Scripturarum
1358 4537 1561 4604 fulciti,
1615 4543 1874 4611 quatuor

208 4631 428 4683 mortes
460 4627 820 4684 ostendunt:
853 4629 1049 4701 prima
1078 4645 1244 4685 mors
1282 4632 1390 4699 est,
1419 4627 1717 4702 inquiunt,
1742 4629 1870 4689 ani:

209 4730 341 4785 mae,
358 4732 502 4790 quae
532 4716 754 4775 deserit
772 4734 950 4774 suum
970 4722 1320 4777 creatorem.
1350 4719 1497 4774 Cum
1520 4717 1681 4773 enim
1702 4718 1871 4775 dese-

207 4804 297 4871 rit,
324 4810 557 4880 peccat.
593 4806 740 4863 Hinc
766 4808 1134 4865 Dominusin
1152 4806 1468 4877 Evangelio
1485 4807 1596 4864 ait:
1628 4808 1873 4867 Dimitte

124 4886 129 4891 ’
206 4900 471 4953 mortuos
519 4898 773 4968 sepelire
818 4903 1081 4955 mortuos
1130 4913 1265 4955 suos
1310 4897 1550 4968 (Matth.
1585 4912 1704 4963 vru,
1756 4899 1867 4967 22).

203 4984 343 5039 Haec
371 5000 640 5058 namque
671 4987 963 5061 sententia
989 4986 1144 5043 duas
1177 4986 1649 5054 mortes,animee
1675 4984 1873 5043 videli-

202 5076 303 5127 cet
346 5079 407 5129 et
447 5075 715 5149 corporis
744 5076 1022 5132 ostendit.
1053 5076 1249 5133 Tertia
1288 5081 1374 5133 est
1419 5076 1602 5132 solius
1631 5074 1869 5142 animus,

198 5176 417 5234 quam,
451 5163 600 5221 dum
630 5181 704 5222 ex
730 5166 845 5222 hoc
870 5182 1120 5239 corpore
1147 5167 1249 5238 [Z.,
1267 5183 1423 5239 quas,
1447 5166 1594 5222 dum
1620 5182 1657 5221 a
1682 5166 1867 5238 corp].

198 5251 429 5321 exierit,
459 5254 704 5329 patitur,
738 5270 928 5328 quam
961 5254 1295 5313 sustinebat
1322 5255 1489 5311 diVeS
1517 5254 1578 5311 in
1616 5254 1869 5322 inferno,

196 5339 303 5412 qui
356 5346 595 5413 guttam
645 5359 823 5415 aquae
873 5344 1059 5417 petiit.
1096 5345 1336 5413 Quarta,
1371 5360 1510 5401 cum
1562 5342 1766 5399 anima
1812 5342 1874 5401 in

200 5424 403 5487 futuro
451 5434 744 5505 receperit
781 5448 1006 5505 corpus
1039 5449 1238 5501 suum,
1270 5437 1329 5490 et
1353 5433 1424 5489 in.
1448 5433 1652 5503 ignem
1680 5431 1873 5488 mitte-

199 5520 312 5591 tur,
345 5521 605 5594 quando
656 5521 946 5595 Dominus
976 5522 1243 5579 dicturus
1271 5527 1388 5580 est:
1431 5525 1521 5580 Ite
1569 5524 1631 5578 in
1680 5522 1876 5592 ignem

199 5614 496 5687 {uernum
518 5614 767 5680 (Matth.
787 5629 931 5687 xxv,
942 5613 1053 5685 41).
1084 5613 1336 5680 Quando
1352 5612 1580 5686 quippe
1607 5611 1878 5685 peccavit

1978 353 2051 409 sit
2082 354 2338 415 desertio
2366 359 2486 433 Dei,
2519 364 2637 423 tres
2667 367 2875 441 postea,
2900 368 3117 425 secutae
3143 370 3282 439 sunt
3312 374 3559 435 mortes.

2048 446 2215 505 Vens.
2246 446 2327 503 18.
2362 481 2428 505 τ
2457 451 2628 523 Discit
2655 468 2883 525 quoque
2910 455 3111 517 Deus:
3138 456 3274 525 Non
3305 464 3389 515 est
3415 459 3632 529 bonum

1976 548 2095 591 esse
2124 535 2415 604 hominem
2445 542 2657 603 solum.
2681 543 3000 609 Faciamus
3022 546 3077 601 ei
3101 547 3440 617 adjutorem
3466 551 3632 613 simi-

1981 624 2091 712 tem
2119 627 2231 697 sui.
2267 627 2369 697 Hic
2400 629 2559 691 enim
2580 631 2914 693 ostenditur
2942 633 3086 707 quia
3102 651 3254 706 uxor
3275 642 3518 712 propter
3541 655 3636 711 so—

1975 711 2185 783 latium
2215 719 2272 771 et
2300 716 2666 789 adjutorium
2692 726 2890 781 creata
2937 727 3025 789 est
3052 722 3202 796 viro,
3233 730 3290 793 et
3315 726 3453 797 ideo
3483 728 3634 791 sola-

1981 801 2124 861 tium
2152 803 2203 860 ei
2231 806 2498 878 praebere
2525 808 2703 873 debet
2731 816 2911 884 atque
2940 812 3179 883 subdita
3200 830 3332 877 esse
3355 817 3415 887 [Ζ
3459 858 3473 886 ,
3495 817 3631 885 ideo

1978 896 2041 951 ut
2071 892 2348 951 solatium
2378 896 2430 953 ei
2458 898 2769 973 praeberet,
2790 903 2969 972 atque
2992 900 3234 971 subdita
3260 905 3455 975 esset],
3484 909 3632 967 teste

1975 982 2258 1053 Apostolo
2283 1002 2294 1039 :
2328 986 2549 1043 Mulier
2576 989 2672 1044 sui
2698 990 2963 1058 corporis
2986 995 3335 1059 potestatem
3368 1008 3489 1050 non
3519 993 3629 1061 ha-

1978 1068 2068 1126 bet
2099 1071 2199 1141 [Z.,
2235 1072 2491 1145 habeat],
2523 1075 2626 1135 sed
2655 1078 2765 1132 vir.
2796 1076 2911 1133 Sed
2940 1077 3371 1150 requirendum
3401 1079 3633 1150 videtur

1976 1173 2165 1230 quare
2219 1160 2411 1231 Adam
2463 1164 2677 1219 mundi
2731 1164 3017 1223 dominus
3064 1166 3261 1238 legem
3317 1170 3628 1242 acceperit.

1978 1247 2137 1313 Ideo,
2165 1264 2241 1304 ne
2268 1265 2329 1305 se
2356 1251 2658 1311 extolleret
2677 1252 2968 1325 dominio,
2991 1255 3098 1311 sed
3125 1256 3187 1323 in
3217 1256 3632 1318 observatione

1978 1338 2247 1395 mandati
2276 1339 2447 1397 sciret
2477 1356 2540 1399 se
2571 1341 2912 1413 subjectum
2942 1359 3073 1401 esse
3096 1344 3418 1413 Conditori.

2050 1429 2761 1493 VERS.19.—F0rma,tis
2805 1433 2994 1503 igitur
3047 1434 3120 1501 de
3172 1433 3351 1490 humo
3405 1437 3635 1497 cunctis

1980 1516 2386 1573 animantibus
2435 1523 2629 1586 terrae,
2657 1520 2916 1577 adduxit
2966 1536 3036 1579 ea
3082 1522 3162 1590 ad
3189 1523 3406 1579 Adam.
3441 1525 3635 1589 Scien-

1980 1603 2126 1660 dum
2166 1610 2255 1661 est
2278 1622 2400 1662 non
2431 1606 2679 1677 circuitu
2707 1608 2882 1665 locali
2910 1609 3241 1678 adducens,
3276 1614 3425 1668 sicut
3457 1629 3639 1677 aucu-

1980 1710 2084 1766 pes
2109 1698 2165 1749 et
2188 1700 2519 1763 venatores,
2541 1697 2645 1752 sed
2668 1697 2900 1769 occulto
2921 1705 3071 1763 nutu
3094 1717 3217 1761 suae
3241 1701 3512 1772 potentiae
3535 1719 3636 1771 ve-

1978 1782 2164 1839 luitut
2190 1785 2477 1854 venirent,
2499 1791 2559 1840 ut
2590 1787 2811 1843 videret
2839 1790 2985 1859 quid
3003 1795 3237 1847 vocaret
3256 1806 3345 1847 ea.
3381 1792 3634 1861 Videret,

1978 1870 2040 1927 id
2068 1876 2156 1927 est
2179 1872 2539 1931 discerneret
2568 1879 2626 1933 et
2648 1875 2996 1947 intelligeret
3024 1878 3173 1950 quid
3202 1884 3443 1939 vocaret
3470 1895 3561 1937 ea.

2048 1963 2214 2018 Vens.
2238 1963 2326 2017 20.
2347 1964 2893 2039 —-Appellavitque
2912 1966 3111 2023 Adam
3144 1968 3483 2035 nominibus
3514 1970 3635 2027 suis

1979 2056 2196 2106 cuncta
2225 2053 2582 2120 animantia,
2615 2058 2671 2109 et
2693 2053 2941 2126 reliqua.
2975 2056 3077 2111 Hic
3107 2056 3267 2115 enim
3292 2057 3465 2126 juxta
3486 2056 3638 2112 litte-

1977 2154 2110 2195 ram
2154 2140 2484 2196 ostenditur
2535 2146 2762 2213 quanta
2807 2143 2911 2212 [Z.,
2943 2143 3004 2199 in
3045 2144 3296 2215 quanta]
3349 2144 3634 2213 dignitate

1977 2227 2161 2283 homo
2188 2228 2506 2303 pecoribus
2530 2229 2966 2285 etanimalibus
2993 2230 3501 2297 irrationabilibus
3524 2248 3634 2291 an-

1979 2315 2210 2381 tecellit,
2259 2316 2364 2389 qui
2406 2316 2703 2372 intellectu
2759 2333 2867 2373 suo
2918 2323 3135 2375 cuncta
3183 2318 3553 2389 distinguere
3578 2324 3638 2375 et

1976 2403 2336 2463 nominatim
2363 2404 2696 2463 discernere
2727 2406 2935 2477 potuit,
2970 2411 3029 2465 et
3064 2406 3397 2473 secundum
3440 2407 3634 2480 quali-

1980 2498 2145 2560 tates,
2180 2510 2378 2550 mores
2421 2498 2478 2553 et
2522 2493 2639 2550 iras
2665 2493 2997 2555 bestiarum
3027 2497 3278 2555 nomina
3307 2497 3632 2568 imposuit;

1980 2583 2075 2641 cui
2103 2584 2259 2639 hanc
2288 2582 2638 2655 dignitatem
2668 2583 2955 2639 Dominus
2976 2584 3113 2651 ideo
3135 2585 3402 2651 conferre
3428 2585 3633 2651 voluit,

1980 2677 2043 2742 ut
2062 2671 2409 2743 intelligeret
2439 2671 2709 2744 seipsum
2736 2676 2794 2743 et
2822 2678 3049 2744 quanto
3079 2672 3286 2741 melior
3322 2678 3479 2734 esset
3506 2672 3636 2737 ani-

1978 2761 2303 2828 mantibus,
2336 2764 2511 2825 tanto,
2553 2777 2737 2830 suum
2781 2766 3087 2832 auctorem
3142 2763 3340 2834 potius
3370 2763 3639 2832 diligeret

1980 2850 2080 2920 [Z.,
2112 2851 2283 2909 addit
2296 2865 2319 2906 .·
2348 2866 2469 2927 quo
2502 2865 2563 2906 se
2593 2848 2905 2920 meliorem
2940 2850 3070 2915 aliis
3102 2850 3441 2911 viventibus
3471 2850 3638 2913 intel-

1977 2938 2224 3010 ligeret].
2247 2939 2445 2995 Adam
2470 2954 2605 2994 vero
2632 2954 2756 3005 non
2772 2938 3188 3007 inveniebatur
3211 2940 3461 3009 adiutor
3480 2940 3639 3003 simi-

1981 3028 2053 3083 lis
2084 3027 2307 3097 ejus,id
2332 3034 2438 3099 est,
2457 3028 2602 3102 quin
2629 3027 2782 3095 inter
2810 3027 3015 3095 omnia
3044 3028 3373 3095 animantia
3403 3027 3636 3087 nullum

1978 3116 2269 3187 rationale
2306 3115 2721 3185 inveniebatur
2749 3115 2863 3171 nisi
2891 3116 2986 3171 ille
3017 3115 3201 3173 solus.
3229 3117 3422 3175 Adam
3453 3116 3636 3177 inter-

1978 3209 2244 3279 pretatur
2266 3204 2456 3265 homo,
2489 3202 2612 3263 sive
2639 3209 2937 3269 terrenus,
2965 3202 3087 3263 sive
3128 3209 3291 3259 terra
3320 3203 3532 3265 rubra,
3560 3219 3634 3261 ex

1978 3298 2135 3349 terra
2186 3292 2344 3347 enim
2396 3290 2552 3346 facta
2593 3294 2681 3345 est
2731 3305 2891 3359 caro,
2922 3295 2978 3344 et
3007 3290 3229 3347 humus
3256 3290 3520 3355 hominis
3547 3290 3636 3355 fa,-

1981 3380 2173 3439 ciendi
2214 3379 2492 3437 materies
2542 3378 2668 3447 fuit,
2704 3381 2859 3448 Nam
2902 3377 3238 3451 spiritaliter
3267 3378 3434 3451 quod
3481 3385 3638 3436 terra

1978 3470 2163 3526 rubra
2188 3468 2419 3535 dicitur,
2450 3467 3078 3538 significatChristum
3126 3482 3199 3531 ex
3242 3470 3375 3537 ejus
3412 3469 3638 3525 semine

1982 3575 2225 3617 carnem
2279 3560 2719 3630 suscepturum,
2751 3555 2857 3629 qui
2902 3555 2980 3612 ab
3011 3555 3295 3627 Apostolo
3339 3557 3640 3621 secundus

1979 3648 2171 3704 Adam
2197 3645 2425 3702 dicitur.
2459 3646 2632 3715 cujus
2660 3660 2798 3701 caro
2826 3645 3078 3717 proprio,
3091 3645 3385 3715 sanguine
3409 3646 3479 3711 in
3499 3661 3639 3717 pas-

1981 3736 2146 3793 sione
2176 3739 2303 3795 erat
2340 3732 2705 3791 rubricanda
2733 3732 2835 3805 [Z.,
2863 3732 3242 3804 rubicunda],
3270 3734 3444 3804 juxta
3473 3733 3640 3806 quod

1980 3825 2163 3881 Isaias
2206 3824 2535 3891 interrogat
2577 3821 2823 3878 dicens:
2869 3824 3064 3890 Quare
3092 3837 3233 3892 ergo
3275 3823 3533 3883 imbrum
3555 3827 3642 3879 est

1979 3914 2395 3977 indumentum
2428 3917 2597 3967 tuum
2619 3915 2647 3965 Ρ
2676 3915 2733 3966 et
2760 3909 2993 3982 reliqua
3022 3910 3160 3980 (Isa.
3195 3926 3348 3976 mu,
3381 3912 3457 3982 2.)

2052 4005 2217 4059 Vens.
2244 4001 2332 4057 21.
2370 4031 2437 4040 —
2464 4000 2717 4056 Immisit
2768 4014 2905 4069 ergo
2946 4000 3236 4065 Dominus
3276 4014 3545 4069 soporem
3574 4001 3637 4061 in

1978 4092 2197 4162 Adam,
2231 4095 2288 4147 et
2314 4089 2565 4162 reliqua.
2594 4087 2748 4153 Quid
2777 4092 2869 4151 est
2908 4087 3077 4161 quod
3102 4088 3351 4157 dicitur:

1980 4195 2266 4251 soporem,
2292 4184 2357 4235 ut
2391 4177 2702 4237 mulierem
2733 4176 3054 4243 formarat?
3085 4177 3365 4249 Nunquid
3384 4194 3509 4235 non
3538 4194 3643 4251 pc.»
3698 4200 3705 4203 λ

1985 4274 2132 4327 terat
2159 4270 2313 4337 Deus
2341 4266 2607 4340 vigilanti
2646 4271 2881 4335 costam
2924 4264 3176 4327 educere
3231 4266 3640 4340 impiumque

1983 4358 2241 4415 formare
2260 4359 2287 4414 τ
2315 4361 2405 4413 An
2432 4356 2579 4413 forte
2617 4370 2693 4423 ne
2714 4346 2956 4415 doleret
2990 4355 3171 4425 latus,
3203 4356 3453 4428 quando
3478 4362 3642 4421 costa

1982 4448 2246 4505 detracta
2297 4450 2409 4515 est,
2437 4449 2680 4518 propter
2722 4444 2838 4500 hoc
2888 4444 3207 4516 oportebat
3263 4449 3333 4511 ut
3375 4444 3471 4502 ille
3501 4445 3639 4501 dor-

1982 4537 2199 4593 miret?
2230 4536 2370 4602 Quis
2399 4540 2489 4591 est
2516 4534 2621 4609 qui
2670 4533 2752 4589 sic
2789 4533 3070 4596 dormiat,
3099 4537 3163 4588 ut
3210 4548 3350 4595 ossa
3377 4548 3501 4601 non
3529 4530 3642 4591 evir

1982 4626 2190 4697 gilanti
2217 4624 2588 4682 avellantur?
2635 4627 2723 4679 An
2772 4622 2920 4695 quia
2972 4622 3126 4679 Deus
3164 4619 3641 4691 evellebat,er

1978 4720 2182 4789 pterea
2229 4714 2414 4770 homo
2463 4727 2587 4769 non
2630 4710 2967 4771 sentiebat?
3014 4710 3250 4777 Poterat
3300 4721 3443 4777 ergo
3493 4707 3639 4777 ﬁgi-

1979 4803 2125 4860 lanti
2164 4803 2288 4859 sine
2330 4801 2537 4859 dolore
2579 4799 2852 4867 evellere,
2882 4797 2987 4869 qui
3035 4799 3275 4870 poterat,
3297 4795 3639 4863 dormienti,

1978 4893 2093 4948 Sed
2145 4906 2332 4947 causa
2368 4888 2636 4960 mysterii
2684 4892 2886 4942 actum
2930 4889 3036 4942 est.
3080 4884 3217 4941 Ideo
3260 4885 3473 4943 mulier
3517 4902 3642 4944 non

1980 4982 2055 5038 de
2085 4985 2240 5037 terra
2269 4977 2569 5051 psalmata
2615 4979 2708 5035 est
2731 4975 2887 5032 sicut
2908 4975 3020 5046 vir,
3053 4975 3160 5031 sed
3208 4976 3281 5031 de
3322 4974 3503 5032 latere
3534 4975 3643 5031 viri

1980 5068 2349 5133 dormientis,
2391 5066 2534 5140 quia
2581 5065 2850 5123 futurum
2902 5070 3028 5121 erat
3074 5070 3144 5121 ut
3193 5064 3457 5122 Christus
3501 5081 3640 5138 pro-

1981 5165 2111 5234 pter
2155 5157 2478 5215 Ecclesiam
2524 5156 2589 5212 in
2633 5171 2813 5213 cruce
2865 5154 3171 5223 dormiret,
3222 5170 3292 5210 ex
3347 5154 3518 5225 cujus
3559 5154 3643 5211 la-

1981 5255 2100 5308 tere
2153 5249 2288 5307 fons
2332 5245 2539 5305 salutis
2582 5249 2802 5301 nostra:
2843 5247 3155 5311 emanaret
3195 5246 3254 5299 et
3280 5242 3644 5301 formaretur

1982 5339 2264 5397 Ecclesia.
2293 5338 2374 5394 Et
2402 5335 2653 5405 replevit
2682 5348 2931 5395 carnem
2955 5348 3067 5404 pm
3095 5347 3185 5390 ea.
3210 5333 3368 5398 Quid
3394 5334 3511 5389 hoc
3533 5336 3641 5402 est,

1982 5429 2097 5485 nisi
2115 5429 2260 5502 quia
2285 5428 2559 5484 Christus
2579 5424 2779 5496 posuit
2805 5437 3047 5479 carnem
3080 5438 3258 5491 suam
3281 5422 3345 5478 in
3362 5422 3643 5495 passione

1984 5534 2095 5591 pro
2133 5498 2402 5575 Ecclesia
2422 5516 2449 5571 ‘2
2496 5514 2660 5572 Unde
2708 5512 2869 5573 enim
2919 5512 3117 5569 Adam
3153 5511 3491 5568 inﬁrmatus
3534 5514 3641 5579 est,

1986 5608 2128 5667 inde
2169 5606 2385 5667 mulier
2429 5604 2603 5667 fortis
2647 5602 2865 5661 effecta.
2904 5602 3008 5675 [2,,
3048 5602 3265 5671 effecta,
3302 5601 3452 5672 est];
3500 5598 3646 5671 qius
