4160 6182
495 197 617 252 '135

1608 174 1967 236 ANGELOMI
2005 171 2456 229 LUXOVIENSIS
2495 174 2830 230 MONACHI.

3841 187 3958 239 {36

511 335 622 393 per
669 317 783 372 hoc
812 311 977 386 quod
1027 308 1290 366 Christus
1335 303 1627 393 infirmari
1683 302 1966 372 dignatus
1995 300 2084 353 est
2113 295 2172 350 in
2203 299 2250 350 A
2281 296 2558 393 quamvis
2575 297 3008 393 praevaricator.
3019 298 3276 393 angelus
3299 315 3408 371 per
3429 301 3776 374 superbiam
3803 305 3960 363 fuis-

513 392 819 483 passione,
849 401 986 457 inde
1017 396 1272 454 Ecclesia
1303 392 1688 450 corroborata
1720 395 1826 445 est.

588 495 754 546 Vnus.
786 493 877 555 22,
910 491 996 553 28,
1026 490 1134 540 etc.
1163 484 1320 537 —Et
1354 481 1672 550 xdiﬁcavit
1704 478 1992 534 Dominus
2019 476 2174 529 Deus

517 587 738 638 costam
765 592 940 650 quam
971 575 1190 630 tulerat
1217 571 1291 626 de
1319 571 1516 626 Adam
1545 571 1604 624 in
1632 569 1964 633 mulierem,
1998 569 2055 619 et
2082 576 2173 617 re-

515 670 701 742 liqua,
721 681 908 738 usque
929 678 1050 735 quo
1071 661 1187 716 ait:
1222 667 1274 716 et
1299 661 1611 716 vocabitur
1639 659 1864 728 virago,
1891 655 2173 742 quoniam

517 740 599 813 de
618 758 746 812 viro
785 756 1022 820 sumpta
1052 755 1155 804 est.
1192 747 1507 814 Quomodo
1538 747 1634 802 hic
1673 745 1958 800 feminam
1991 740 2174 796 aediﬁ-

517 847 714 899 catam
745 839 903 908 dicit,
937 837 1041 910 qui
1072 837 1346 909 superius
1398 835 1476 891 ab
1519 833 1684 890 omni
1715 848 1895 905 opere
1950 846 2059 885 suo
2090 845 2176 884 re-

516 927 782 1002 quievit?
828 931 955 982 Non
980 925 1141 981 enim
1177 925 1273 980 hic
1303 923 1524 979 creavit
1551 923 1612 977 in
1642 921 1910 984 materia,
1945 918 2050 975 sed
2079 933 2174 973 ex-

516 1016 736 1089 pressit
767 1015 824 1070 in
858 1015 1072 1070 forma.
1107 1014 1390 1082 Dixitque
1415 1012 1608 1066 Adam
1631 1025 1652 1064 :
1682 1011 1811 1064 Hoc
1832 1024 1992 1062 nunc
2017 1023 2079 1061 os
2099 1023 2174 1062 ex

515 1105 740 1160 ossibus
771 1105 934 1167 meis,
950 1106 1007 1156 et
1032 1101 1281 1172 reliqua.
1301 1100 1538 1154 Vocavit
1557 1114 1700 1167 ergo
1728 1113 1975 1152 uxorem
1998 1111 2171 1150 suam

515 1193 606 1249 vir
637 1197 928 1263 tanquam
961 1190 1153 1262 potior
1181 1187 1542 1255 inferiorem,
1574 1191 1631 1242 et
1653 1186 1836 1241 dixit:
1869 1187 1995 1239 Hoc
2011 1201 2072 1240 os
2099 1199 2174 1240 ex

516 1280 741 1337 ossibus
772 1279 933 1345 meis,
960 1284 1072 1334 etc.
1101 1279 1178 1333 Os
1212 1277 1286 1332 de
1317 1276 1556 1331 ossibus
1586 1276 1732 1330 meis
1759 1274 2023 1329 fortassis
2044 1288 2174 1343 pro-

516 1374 647 1442 pter
667 1367 1094 1428 fortitudinem,
1125 1371 1182 1421 et
1201 1381 1341 1420 caro
1371 1365 1445 1419 de
1477 1380 1654 1420 carne
1682 1369 1923 1435 propter
1955 1369 2174 1432 tempe.

516 1456 795 1513 rantiam.
832 1455 929 1508 Hae
957 1470 1220 1526 namque
1263 1452 1395 1508 duae
1437 1453 1681 1508 virtutes
1727 1453 1803 1506 ad
1833 1450 2170 1506 inferiorem

518 1545 736 1602 animae
776 1549 1030 1617 partem,
1062 1559 1248 1614 quam
1294 1541 1603 1614 prudentis
1653 1540 1957 1596 rationalis
2001 1538 2167 1605 regit,

2283 388 2369 438 set
2397 383 2661 454 dejectus
2686 386 2761 442 de
2789 386 3150 453 cmlestibus,
3178 392 3396 445 natura
3423 395 3626 446 tamen
3648 394 3958 452 excellen-

2282 471 2394 527 tior
2421 479 2478 528 et
2504 471 2771 530 callidior
2795 479 2883 530 est
2910 475 3196 530 omnibus
3220 477 3634 535 animantibUS
3662 499 3674 548 ;
3721 485 3872 555 quia
3906 486 3959 540 si

2281 559 2631 629 dignitatem
2658 563 2875 633 amisit,
2907 563 3291 620 subtilitatem
3339 582 3461 622 non
3510 568 3792 640 perdidit.
3824 573 3957 629 Ele-

2282 649 2483 722 gitque
2531 650 2643 705 sibi
2686 650 2966 707 diabolus
3024 653 3249 710 animal
3288 660 3517 711 naturae
3551 674 3677 714 suae
3709 665 3956 732 aptum,

2282 741 2638 807 tortuosum,
2669 739 2990 807 lubricum,
3017 757 3124 813 per
3161 742 3329 814 quod
3357 745 3570 815 [Petr.,
3603 751 3837 821 quem],
3873 751 3964 808 lo-

2279 830 2580 897 queretur,
2615 831 2678 882 ut
2706 843 2813 900 per
2841 827 2955 883 hoc
3005 845 3115 884 sua
3153 829 3442 887 dolositas
3496 838 3553 888 et
3593 838 3959 895 tortuositas

2279 913 2712 983 designaretur.
2744 918 2959 971 Verum
2990 917 3120 989 ipse
3152 934 3398 994 serpens
3431 919 3599 1005 lgqui
3624 939 3746 980 non
3771 933 3955 997 pote-

2279 1008 2390 1073 rat,
2423 1004 2568 1076 quia
2594 1005 2706 1060 hoc
2733 1022 2769 1060 a
2799 1007 3071 1062 Creatore
3089 1023 3209 1062 non
3237 1004 3572 1081 acceperat.
3601 1017 3958 1088 Assumpsit

2279 1091 2447 1148 illum
2477 1092 2778 1163 diabolus,
2808 1099 2980 1148 utens
3023 1110 3094 1150 eo
3143 1096 3305 1151 velut
3333 1113 3584 1169 organo,
3622 1117 3729 1173 per
3758 1119 3951 1175 quem

2281 1181 2658 1238 articulatum
2679 1199 2898 1238 sonum
2920 1183 3212 1240 emitteret
3227 1185 3306 1241 ad
3324 1191 3790 1259 perpetrandam
3815 1210 3951 1250 ma-

2279 1269 2466 1327 litiam
2498 1288 2693 1327 suam.
2718 1274 2826 1327 Per
2855 1272 3021 1328 illum
3047 1274 3272 1347 quippe
3305 1276 3489 1332 verba
3520 1277 3795 1336 faciebat.
3826 1283 3952 1338 Sed

2279 1359 2374 1416 ille
2405 1361 2707 1416 nesciebat
2726 1366 2954 1416 naturae
2979 1363 3285 1418 rationalis
3317 1365 3529 1436 [Petr.,
3553 1367 3823 1442 rationis]
3849 1388 3954 1427 ex-

2281 1465 2440 1521 pers,
2471 1447 2623 1504 sicut
2665 1449 3077 1505 daemoniacus
3126 1455 3183 1506 et
3211 1457 3403 1508 mente
3439 1459 3652 1526 captus
3680 1456 3952 1530 loquitur

2281 1553 2416 1608 quae
2448 1538 2658 1606 [Petr.,
2691 1539 2857 1608 quia]
2883 1538 3094 1608 nascit,
3119 1540 3223 1594 sed
3257 1545 3488 1596 tantum
3520 1559 3627 1614 per
3649 1561 3786 1601 eum
3820 1563 3947 1603 non

518 1634 812 1690 docentur
835 1632 1125 1705 pertinere
1151 1631 1484 1700 allegorice.
1511 1631 1657 1685 Haec
1677 1631 1988 1685 vocabitur
2017 1629 2174 1683 vira-
2206 1645 2246 1700 Β
2283 1630 2578 1697 quantum
2612 1625 2812 1691 voluit,
2847 1626 2951 1681 scd
2989 1632 3286 1698 quantum
3325 1646 3362 1684 a
3390 1631 3664 1688 Creatore
3696 1650 3945 1691 conces-

517 1739 610 1794 go.
647 1727 710 1778 In
749 1721 1118 1794 quibusdam
1149 1721 1457 1776 codicibus
1488 1719 1801 1782 invenitur,
1838 1720 1961 1774 hxc
2003 1733 2172 1774 νοσα-

521 1813 683 1868 bitur
728 1813 962 1866 mulier.
999 1814 1122 1865 Non
1173 1811 1332 1865 enim
1382 1809 1616 1864 videtur
1654 1809 1714 1862 in
1764 1811 1964 1863 Graeco
2011 1811 2068 1861 et
2114 1806 2174 1859 in

520 1901 728 1956 Latino
769 1915 1051 1955 resonare
1078 1915 1182 1954 cur
1208 1898 1422 1953 mulier
1441 1897 1790 1970 appelletur,
1823 1895 1966 1968 quia
1995 1911 2066 1949 ex
2097 1895 2176 1948 vi-

518 2008 586 2046 ro
618 1995 858 2063 sumpta
889 1991 992 2056 sit;
1026 1989 1127 2045 sed
1155 1987 1519 2062 etymologia
1546 1988 1605 2042 in
1637 1987 1883 2042 Hebraeo
1901 2000 2175 2040 sermone

522 2087 793 2136 servatur
843 2082 941 2150 [Z.,
979 2080 1303 2148 servetur]:
1355 2077 1441 2132 vir
1469 2079 1693 2150 quippe
1746 2080 1995 2130 vocatur
2023 2077 2082 2129 1s
2122 2078 2178 2127 et

518 2167 734 2224 mulier
765 2170 910 2222 Issa.
947 2169 1117 2222 Recte
1144 2166 1322 2234 igitur
1353 2165 1430 2220 ab
1476 2166 1533 2220 Is
1565 2164 1900 2236 appellatur
1931 2167 2018 2217 est
2042 2179 2175 2217 mu-

517 2257 624 2312 lier
657 2259 799 2312 Issa.
837 2259 902 2311 Et
933 2256 1046 2310 hoc
1076 2259 1165 2310 est
1217 2253 1383 2326 quod
1433 2254 1527 2309 hic
1572 2254 1670 2315 ait,
1705 2255 1829 2309 hac
1867 2252 2179 2308 vocabitur

517 2347 750 2415 virago,
776 2346 1058 2415 quoniam
1088 2343 1160 2398 de
1192 2345 1318 2399 viro
1349 2349 1586 2412 sumpta
1615 2347 1719 2398 est.

595 2437 759 2487 Vens.
792 2435 970 2488 24.-
1002 2432 1391 2498 Quamobrem
1425 2433 1719 2500 relinquet
1747 2432 1918 2486 homo
1942 2437 2175 2499 patrem

521 2535 717 2589 suum,
751 2525 806 2575 et
849 2525 1100 2574 matrem
1131 2533 1323 2588 suam,
1352 2525 1405 2573 et
1433 2518 1758 2574 adhaerebit
1807 2519 1989 2574 uxori
2035 2533 2176 2584 sux,

522 2612 580 2663 et
607 2607 854 2679 reliqua.
890 2607 993 2661 Hic
1021 2608 1283 2678 primum
1301 2607 1492 2662 Adam
1520 2607 1897 2678 prophetavit
1921 2607 1992 2660 de
2023 2606 2180 2663 Chri-

523 2701 614 2752 sto
662 2701 719 2752 et
763 2695 1035 2752 ecclesia.
1089 2695 1262 2760 Quod
1315 2695 1663 2768 exemplum
1713 2697 1791 2766 [Ζ.
1827 2711 1940 2751 om.
1983 2713 2179 2751 exem-

522 2783 716 2856 plum]
742 2798 1049 2856 exponens
1080 2782 1300 2839 Paulus
1331 2783 1644 2855 apostolus
1667 2783 1782 2838 ait:
1826 2785 2179 2853 Mysterium

524 2871 634 2928 hoc
679 2887 962 2941 magnum
1013 2877 1096 2927 est
1112 2886 1136 2941 ,°
1181 2886 1284 2942 ego
1332 2877 1529 2928 autem
1573 2871 1706 2927 dico
1743 2872 1806 2926 in
1857 2872 2093 2927 Christo
2123 2878 2176 2927 et

524 2961 794 3017 Ecclesia
826 2961 1068 3048 (Ephes.
1114 2976 1172 3014 v.
1205 2964 1316 3027 22).
1352 2960 1524 3026 Quod
1567 2960 1621 3048 si
1659 2961 1794 3032 quis
1845 2961 2180 3032 spiritaliter
2208 2993 2252 3048 ο

523 3062 704 3103 nosse
733 3047 1049 3114 desiderat,
1083 3048 1398 3118 Augustini
1429 3054 1485 3104 et
1513 3047 1724 3104 Isidori
1753 3048 1911 3103 dicta
1943 3053 2178 3102 strenue

521 3135 698 3206 legat.
736 3138 887 3192 Bene
919 3136 1019 3205 ait,
1053 3137 1116 3192 in
1171 3152 1353 3192 carne
1395 3151 1538 3203 una,
1571 3136 1686 3192 hoc
1717 3143 1803 3191 est
1831 3137 1893 3190 in
1934 3151 2054 3190 una
2079 3152 2181 3190 vo-

519 3224 745 3282 luntate
774 3230 832 3281 et
853 3241 1173 3295 consensu,
1203 3242 1309 3282 seu
1333 3226 1477 3298 quia
1505 3241 1578 3282 ex
1603 3225 1845 3282 duobus
1887 3241 2010 3282 una
2039 3239 2179 3280 caro

523 3319 871 3386 procreatur
891 3315 951 3369 in
977 3314 1162 3385 prole.

594 3404 760 3456 Vsus.
789 3405 879 3455 25.
914 3433 981 3441 —
1006 3403 1204 3457 Erant
1229 3409 1425 3458 autem
1456 3409 1706 3474 uterque
1743 3403 1895 3458 nudi
1933 3404 2038 3473 [Z.,
2073 3418 2180 3457 nu-

525 3488 686 3559 dus],
711 3489 908 3545 Adam
939 3490 1163 3544 scilicet
1189 3496 1244 3545 et
1270 3505 1427 3546 uxor
1455 3494 1608 3559 ejus,
1634 3498 1686 3547 et
1725 3508 1846 3546 non
1877 3493 2178 3548 erubesce-

529 3577 692 3634 bant.
725 3580 848 3632 Non
903 3577 1070 3648 quod
1117 3577 1202 3632 eis
1252 3594 1363 3634 sua
1401 3579 1643 3634 nuditas
1674 3585 1828 3635 esset
1854 3580 2173 3649 incognita,

527 3666 636 3722 sed
664 3665 852 3738 turpis
880 3665 1120 3722 nuditas
1150 3667 1421 3722 nondum
1453 3673 1598 3737 erat,
1629 3669 1773 3740 quia
1813 3669 2084 3724 nondum
2110 3669 2180 3724 li-

525 3753 669 3810 bido
716 3753 991 3810 membra
1039 3753 1140 3810 illa
1185 3755 1464 3811 movebat
1493 3755 1571 3811 ad
1601 3757 2178 3828 concupiscendum.

524 3843 583 3899 Si
611 3842 770 3899 enim
798 3859 921 3898 non
945 3847 1279 3914 peccarent,
1311 3859 1433 3899 non
1462 3844 1900 3915 erubescerent,
1927 3847 2093 3918 quod
2121 3847 2181 3902 in

527 3931 793 4004 parvulis
826 3931 954 3986 ﬁeri
983 3930 1397 4004 videmus,qui
1419 3937 1745 4006 antequam
1779 3939 2014 4008 tempus
2053 3936 2180 3992 libi-

525 4020 683 4075 dinis
725 4025 782 4076 et
830 4025 1032 4076 motus
1084 4021 1418 4093 fragilitatis
1464 4022 1760 4087 adveniat,
1794 4040 1917 4080 non
1973 4025 2180 4081 erube-

525 4112 700 4165 scunt
726 4125 799 4165 ex
823 4109 1108 4164 nuditate.
1127 4112 1192 4165 Et
1215 4109 1437 4166 ideirco
1466 4116 1634 4168 erant
1658 4113 1826 4182 nudi,
1861 4118 1925 4169 ut
1952 4113 2178 4169 dictum

524 4202 634 4270 est,
677 4198 783 4254 sed
832 4214 955 4254 non
1011 4199 1459 4269 erubescebant,
1511 4201 1656 4274 quia
1711 4219 1832 4258 non
1891 4203 2179 4258 videbant

525 4288 710 4344 aliam
762 4288 944 4359 legem
994 4291 1058 4343 in
1108 4289 1383 4344 membris
1421 4291 1542 4345 suis
1589 4297 2024 4360 repugnantem
2061 4293 2180 4362 legi

523 4378 735 4433 mentis
763 4391 904 4446 suae,
934 4383 990 4432 et
1015 4379 1278 4447 captivos
1304 4395 1398 4434 eos
1441 4379 1748 4435 ducentem
1790 4383 1851 4433 in.
1904 4381 2029 4449 lege
2048 4396 2178 4449 pec-

524 4467 648 4522 cati
697 4467 880 4538 (Rom.
915 4483 1010 4523 vn.
1052 4468 1160 4538 23).
1213 4467 1365 4523 Nihil
1415 4470 1574 4523 enim
1627 4470 1923 4540 putabant
1979 4470 2177 4526 velan-

523 4555 691 4625 dum,
722 4555 867 4629 quia
893 4555 1036 4611 nihil
1063 4555 1397 4611 sentiebant
1421 4556 1868 4612 refrenandum.
1899 4559 2008 4614 Sed
2040 4564 2180 4632 post

519 4651 834 4717 peccatum
879 4644 1333 4711 erubescebant,
1369 4645 1513 4716 quia
1559 4652 1803 4718 propter
1834 4648 2178 4704 iuobedien-

521 4733 665 4791 tiam
691 4751 831 4791 caro
862 4733 1320 4806 quodammodo
1361 4735 1734 4791 verecundiae
1771 4737 2178 4794 testimonium

520 4823 894 4894 perhibebat,
925 4827 983 4877 et
1028 4822 1336 4894 peccando
1381 4832 1842 4897 promeruerunt
1884 4831 1944 4882 ut
1973 4827 2058 4882 eis
2090 4843 2177 4882 re-

521 4909 692 4963 bellis
728 4913 898 4964 esset.

1174 4983 1404 5039 CAPUT
1446 4990 1532 5041 ΙΙΙ.

593 5065 771 5122 Vnus.
805 5069 941 5121 1.-
969 5067 1089 5123 Sed
1114 5074 1168 5123 et
1192 5084 1431 5138 serpens
1473 5080 1600 5140 erat
1632 5078 1914 5131 callidior
1943 5079 2173 5133 cunctis

523 5155 947 5220 animantibus,
978 5161 1033 5211 et
1081 5162 1307 5214 caetera.
1339 5162 1466 5215 Non
1509 5166 1575 5216 ut
1621 5179 1864 5234 serpens
1909 5164 2174 5236 aliquam

524 5243 801 5300 astutiam
831 5251 932 5300 aut
955 5245 1310 5316 sapientiam
1331 5247 1596 5314 haberet,
1622 5251 1723 5306 sed
1758 5258 1999 5323 propter
2019 5258 2176 5309 astu-

521 5334 667 5389 tiam
697 5334 973 5390 diabolus
1002 5336 1360 5406 intelligitur,
1375 5339 1478 5412 qui
1507 5356 1610 5410 per
1636 5340 1802 5397 illum
1833 5343 2051 5411 agebat
2073 5345 2177 5400 do-

520 5421 667 5478 lum.
703 5426 849 5478 Nam
888 5424 1102 5497 Aquila
1129 5429 1186 5480 et
1213 5425 1576 5483 Theodotion
1609 5427 1972 5500 interpretati
2012 5439 2172 5506 sunt,

523 5527 777 5583 nequam
790 5519 844 5568 et
866 5515 1234 5584 versipellem
1251 5530 1276 5585 ,·
1295 5521 1476 5588 utper
1496 5516 1609 5571 hoc
1626 5518 1822 5587 magis
1838 5521 2096 5577 versutia
2119 5528 2176 5579 et

521 5601 814 5662 calliditas
863 5619 1053 5677 quam
1105 5603 1398 5676 sapientia
1451 5605 1981 5668 demonstraretur.
2024 5611 2174 5679 Quia

2284 1731 2419 1769 sum
2449 1719 2559 1777 est,
2593 1714 2836 1786 peregit.
2871 1715 3033 1770 Unde
3081 1717 3354 1772 nonnulli
3402 1725 3684 1790 quaerunt
3731 1723 3779 1778 si
3820 1740 3944 1780 non

2282 1801 2585 1865 intellexit,
2613 1818 2734 1858 non
2789 1803 2971 1858 sensit
3028 1818 3294 1875 serpens,
3325 1808 3637 1877 quomodo
3688 1811 3945 1867 audiunt

2282 1891 2467 1947 verba
2484 1907 2821 1947 marsorum
2840 1892 3298 1965 incantantium,
3320 1900 3383 1950 ut
3407 1895 3488 1951 ad
3508 1913 3720 1956 eorum
3738 1901 3946 1957 incan-

2286 1979 2536 2036 tationes
2557 1979 2631 2034 de
2664 1981 2933 2036 cavernis
2964 1980 3342 2049 egrediantur
3364 1982 3391 2037 ?
3425 1984 3652 2049 Quibus
3690 2003 3939 2060 respon-

2285 2067 2551 2122 dendum
2573 2072 2660 2123 est
2687 2085 2698 2122 :
2735 2067 2888 2123 Licet
2908 2067 3268 2125 intellectum
3296 2087 3418 2126 non
3440 2072 3718 2140 habeant,
3737 2082 3938 2132 tamen

2286 2157 2560 2212 sensibus
2589 2157 2856 2229 corporis
2886 2156 3225 2213 nullatenus
3255 2167 3480 2216 carent.
3514 2162 3742 2218 Habent
3770 2165 3934 2220 enim

2283 2245 2501 2311 visum,
2536 2244 2830 2312 auditum,
2860 2245 3200 2314 odoratum,
3231 2254 3474 2317 gustum
3511 2255 3567 2305 et
3593 2255 3836 2308 tactum.
3868 2255 3939 2308 Et

2287 2335 2421 2390 ideo
2469 2335 2750 2407 quamvis
2797 2334 3045 2390 audiant
3087 2336 3268 2392 verba
3318 2355 3684 2408 marsorum,
3711 2356 3938 2414 nequa-

2285 2439 2472 2496 quam
2523 2429 2724 2479 tamen
2783 2424 3136 2494 intelligunt.
3172 2429 3300 2482 Non
3339 2428 3500 2483 enim
3539 2429 3829 2486 obediunt
3857 2431 3940 2486 in-

2288 2511 2624 2582 telligendo,
2642 2511 2750 2567 sed
2767 2517 2831 2567 ut
2847 2512 2919 2568 de
2934 2514 3120 2568 antris
3141 2513 3218 2569 ad
3245 2514 3682 2572 incantationes
3705 2525 3936 2586 exeant,

2287 2602 2659 2674 permittente
2712 2605 2849 2665 Deo,
2883 2607 3182 2673 coguntur
3233 2621 3270 2661 a
3315 2606 3581 2662 diabolo.
3626 2610 3937 2681 Sequitur:

2289 2692 2405 2759 Qui
2431 2693 2586 2748 dixit
2635 2693 2716 2748 ad
2744 2694 3085 2749 mulierem:
3121 2696 3249 2751 Cur
3267 2700 3563 2766 prxcupit
3595 2700 3758 2754 vobis
3790 2702 3943 2754 Deus

2289 2797 2362 2837 ne
2390 2782 2766 2838 comederetis
2797 2783 2870 2838 de
2893 2785 3057 2838 omni
3083 2785 3243 2854 ligno
3260 2787 3581 2854 paradisi?
3613 2786 3837 2843 Idcirco
3865 2786 3944 2843 ad

2288 2871 2600 2926 mulierem
2628 2871 2907 2944 loquitur,
2940 2873 3084 2944 quia
3128 2873 3272 2928 vidit
3296 2874 3462 2946 quod
3511 2874 3822 2930 mulierem
3851 2891 3941 2930 se-

2289 2959 2506 3015 ducere
2529 2966 2753 3032 posset,
2783 2966 2839 3016 et
2868 2976 2989 3015 non
3017 2962 3239 3029 virum;
3273 2978 3376 3017 seu
3400 2963 3542 3033 quia
3584 2963 3776 3016 virum
3810 2970 3941 3018 tan-

2291 3054 2418 3105 tum
2437 3049 2517 3105 ad
2546 3048 2992 3104 similitudinem
3025 3051 3125 3106 Dei
3145 3051 3447 3105 conditum
3470 3051 3700 3121 putavit
3719 3055 3775 3104 et
3806 3065 3935 3104 non

2287 3139 2472 3194 illam.
2507 3138 2609 3193 Hie
2641 3143 2843 3193 movet
2879 3138 3109 3210 aliquos
3163 3153 3266 3192 cur
3311 3138 3517 3192 tentari
3557 3140 3708 3191 Deus
3740 3138 3941 3192 homi-

2287 3244 2425 3283 nem
2474 3226 2760 3300 permisit,
2791 3244 2972 3300 quem
3023 3226 3350 3282 consentire
3401 3224 3780 3298 praesciebat,
3821 3226 3943 3281 nisi

2285 3317 2430 3390 quia
2458 3331 2694 3385 magnae
2725 3315 2920 3371 laudis
2968 3316 3152 3372 homo
3191 3331 3313 3370 non
3343 3319 3514 3384 esset,
3548 3314 3596 3369 si
3624 3312 3707 3369 ita
3737 3313 3944 3370 condi-

2285 3406 2476 3461 disset
2507 3421 2646 3460 eum
2699 3409 2762 3460 ut
2808 3403 3036 3459 malum
3087 3403 3282 3459 facere
3321 3418 3442 3459 non
3490 3401 3800 3475 potuisset,
3833 3401 3944 3458 sed

2285 3494 2436 3549 foret
2483 3499 2773 3565 tanquam
2823 3491 3065 3548 animal.
3111 3491 3226 3546 Sed
3284 3490 3552 3547 condidit
3593 3490 3655 3546 in
3695 3491 3941 3565 proprio

2286 3581 2551 3648 arbitrio,
2581 3585 2665 3648 ut,
2695 3581 2743 3636 si
2786 3580 3005 3636 fortiter
3055 3584 3459 3652 perseveraret
3504 3579 3566 3634 in
3599 3579 3941 3652 praeceptis.

2284 3675 2802 3738 remuneraretur;
2859 3669 2952 3724 sin
2997 3673 3198 3725 autem
3237 3667 3666 3724 consentiendo
3707 3684 3946 3724 corrue-

2284 3765 2392 3830 ret,
2420 3759 2825 3826 damnaretur,
2859 3758 3030 3814 sicuti
3072 3763 3272 3815 actum
3319 3762 3424 3814 est.
3459 3761 3607 3813 Nam
3656 3763 3712 3813 et
3759 3757 3941 3814 hodie

2288 3849 2413 3904 sine
2461 3847 2896 3904 intermissione
2955 3864 3063 3920 per
3092 3847 3439 3903 universum
3490 3862 3680 3916 genus
3728 3846 3946 3902 huma-

2287 3953 2433 3993 num
2451 3952 2523 3991 ex
2549 3935 2781 3992 insidiis
2813 3935 3038 3992 diaboli
3053 3936 3328 3992 homines
3348 3939 3665 4002 tentantur,
3684 3939 3749 3990 ut
3775 3950 3851 3990 ex
3867 3951 3943 3991 eo

2284 4026 2470 4082 virtus
2500 4024 2700 4081 tentati
2727 4025 3032 4097 probetur,
3051 4030 3107 4081 et
3131 4025 3337 4097 palma
3365 4039 3489 4080 non
3509 4024 3942 4080 consentientis

2286 4114 2576 4184 gloriosor
2602 4118 2910 4186 appareat.

2357 4199 2531 4254 Vens.
2561 4201 2616 4267 2,
2644 4202 2696 4254 3.
2727 4230 2796 4238 —
2822 4198 2936 4254 Cui
2977 4197 3280 4267 respondit
3328 4198 3584 4253 mulier:
3618 4198 3702 4253 De
3725 4197 3946 4266 fructu

2290 4289 2587 4357 lignorum
2620 4303 2750 4357 qua?
2789 4293 2928 4343 sunt
2959 4288 3022 4342 in
3048 4287 3336 4356 paradiso
3379 4287 3694 4348 vescimur,
3727 4289 3784 4341 et
3812 4285 3948 4341 reli-

2286 4393 2428 4449 qua.
2462 4377 2577 4431 Cur
2605 4376 2819 4432 mulier
2867 4377 2944 4432 ad
2991 4375 3353 4446 interrogata
3397 4375 3653 4446 serpenti
3689 4376 3789 4446 [Z.,
3825 4390 3949 4430 ser-

2283 4465 2500 4538 pentis]
2529 4465 2882 4537 respondit?
2912 4465 2984 4520 Ut
3008 4464 3416 4537 praevaricatio
3446 4464 3577 4534 ejus
3599 4468 3752 4519 esset
3780 4463 3954 4520 inex-

2286 4554 2586 4623 cusabilis,
2610 4570 2748 4608 cum
2779 4553 2944 4608 nullo
2968 4553 3150 4609 modo
3167 4554 3363 4608 dicere
3383 4554 3573 4625 potuit
3599 4569 3662 4608 se
3692 4552 3948 4609 oblitam

2285 4657 2414 4698 esse
2446 4641 2729 4704 mandati,
2755 4641 2920 4714 quod
2951 4642 3205 4714 serpenti
3240 4641 3522 4714 prodidit.

2357 4729 2520 4782 Vens.
2547 4731 2600 4794 4,
2715 4758 2770 4766 -
2797 4728 2965 4783 Dixit
2991 4733 3186 4781 autem
3215 4741 3454 4795 serpens
3484 4726 3565 4782 ad
3589 4725 3899 4783 mulierem
3929 4744 3945 4782 :

2282 4817 2675 4888 Nequaquam
2706 4822 2894 4872 morte
2919 4816 3272 4871 moriemini.
3297 4817 3422 4871 Scit
3439 4816 3596 4871 enim
3617 4817 3770 4870 Deus
3782 4817 3953 4884 quod

2285 4907 2348 4960 in
2368 4920 2724 4978 quacunque
2738 4905 2832 4961 die
2843 4905 3211 4961 comederitis
3229 4920 3303 4959 ex
3315 4919 3398 4965 eo,
3415 4907 3766 4973 aperientur
3781 4904 3926 4959 ocul
3933 4907 3960 4961 i

2286 4995 2483 5062 vestri,
2503 5001 2557 5051 et
2587 4996 2752 5051 eritis
2782 4996 2934 5050 sicut
2963 4994 3070 5061 dii,
3092 4995 3339 5048 scientes
3373 4994 3588 5049 bonum
3615 4998 3670 5048 et
3690 4992 3950 5048 malum.

2284 5085 2367 5136 Ac
2399 5083 2444 5136 si
2476 5084 2748 5139 dixisset:
2785 5087 2912 5138 Non
2940 5087 3029 5137 est
3057 5082 3136 5137 ita
3164 5086 3228 5136 ut
3260 5081 3469 5137 dicitis.
3504 5081 3716 5136 Invidit
3741 5081 3954 5152 itaque

2284 5170 2456 5225 vobis
2489 5175 2640 5226 Deus
2669 5188 2843 5225 suam
2867 5171 3140 5240 gloriam,
3160 5175 3216 5225 et
3241 5171 3613 5239 dignitatem,
3630 5173 3957 5243 propterea

2283 5257 2454 5314 vobis
2483 5259 2595 5315 ista
2621 5260 2921 5331 praecepit.
2956 5259 3245 5314 Scitenim
3279 5260 3440 5332 quia,
3467 5259 3518 5315 si
3544 5258 3951 5327 comederitis,

2286 5346 2507 5402 similes
2537 5349 2586 5403 ei
2615 5347 2796 5416 eritis,
2830 5347 3082 5402 scientes
3114 5347 3343 5404 bonum
3375 5355 3431 5406 et
3460 5348 3712 5404 malum.
3739 5346 3953 5404 Melius

2282 5435 2596 5492 consilium
2609 5436 2792 5492 dabo:
2810 5436 3192 5504 Comedite,et
3210 5437 3731 5508 aperienturoculi
3743 5437 3956 5507 vestri,

2283 5529 2340 5580 et
2367 5524 2860 5598 reliqua.‘Magna
2889 5527 3198 5598 promittit,
3215 5534 3280 5583 ut
3305 5527 3536 5583 facilius
3551 5525 3830 5598 decipiat.
3856 5524 3961 5582 Ait

2288 5613 2449 5674 enim
2469 5631 2482 5670 :
2505 5621 2559 5674 et
2575 5616 2929 5688 aperientur
2947 5618 3111 5676 oculi
3119 5617 3319 5676 vestri.
3334 5616 3422 5673 Ad
3434 5615 3550 5674 hoc
3565 5613 3863 5690 persuasit
3884 5619 3961 5673 ut
