4180 6186
277 197 376 248 137

1673 191 2020 247 COMMENT.
2063 191 2129 245 ΙΝ
2170 192 2326 246 GEN.

3593 201 3693 257 138

267 313 383 369 sub
415 317 535 368 Deo
567 327 704 368 esse
735 312 976 378 nollent,
1019 313 1169 367 sicut
1205 313 1332 385 ipse
1376 329 1504 368 esse
1550 312 1925 384 contempsit.
1960 313 2008 366 Α
2038 310 2368 368 latentem?
2394 316 2554 369 Nova
2585 330 2822 387 semper
2843 315 3162 388 inquirere,
3190 321 3246 374 et
3265 317 3410 375 boni
3432 320 3694 394 malique

267 403 433 457 Libet
499 401 802 472 inquirere
872 418 1057 473 quare
1131 401 1416 458 diabolus
1493 408 1614 459 tam
1679 402 1927 458 infestus

262 490 484 546 exstitit
515 490 834 544 hominum
864 490 1037 544 saluti
1065 492 1092 544 ?
1145 491 1421 546 Videlicet
1448 497 1692 564 propter
1720 491 1928 546 odium

261 581 322 636 in
357 583 720 646 Creatorem,
764 585 820 632 et
871 578 1155 634 invidiam
1197 580 1257 634 in
1305 581 1633 636 hominem.
1682 585 1738 635 et
1790 581 1926 634 des-

259 668 635 742 perationem
667 682 791 721 suae
825 667 1051 722 salutis.
1083 669 1390 739 Sequitur:

343 760 506 811 Vens.
538 760 585 810 6.
613 787 680 795 —
719 756 875 810 Vidit
907 757 1096 826 igitur
1115 759 1334 814 mulier
1363 759 1522 830 quod
1547 758 1761 814 bonum
1783 763 1925 813 esset

270 849 498 917 lignum
529 846 610 900 ad
639 845 1008 908 vescendum,
1038 851 1094 901 et
1123 845 1372 918 reliqua.
1403 847 1520 918 Cur
1547 846 1760 902 mulier
1790 861 1927 900 con-

262 935 547 991 stiteravit
569 934 803 1005 lignum
837 939 974 1005 post
1003 935 1295 1006 serpentis
1325 935 1782 1007 persuasionem
1799 935 1826 989 ‘?
1857 936 1927 989 Ut

257 1024 601 1097 exploraret
627 1023 677 1077 si
701 1022 847 1094 quid
875 1023 932 1077 in
965 1038 1034 1078 co
1068 1022 1439 1078 mortiferum
1473 1028 1644 1091 esset,
1688 1028 1747 1079 et
1775 1022 1923 1077 dum

254 1113 409 1168 nihil
438 1113 500 1167 in
529 1128 601 1167 eo
633 1110 747 1166 tale
774 1116 1018 1182 aspectu
1051 1111 1289 1182 reperit,
1336 1111 1734 1167 conﬁdentius
1781 1127 1919 1180 gus-

259 1201 428 1258 tavit.
491 1201 655 1256 Tulit
686 1200 760 1255 de
781 1201 996 1269 fructu
1025 1201 1213 1270 illius,
1268 1206 1324 1256 et
1354 1201 1602 1256 comedit
1646 1199 1924 1270 deditque

258 1292 388 1346 viro
417 1305 550 1344 suo.
599 1287 737 1343 Ideo
771 1288 862 1343 vir
888 1287 1189 1344 consensit
1231 1288 1488 1351 feminae,
1536 1293 1599 1344 ut
1648 1286 1921 1343 nonnulli

257 1379 490 1446 dicunt,
513 1379 657 1450 quia
679 1379 830 1433 forte
852 1377 1013 1433 illam
1038 1381 1335 1433 mortuam
1359 1394 1481 1434 non
1511 1377 1653 1433 vidit
1671 1393 1743 1432 ex
1765 1377 1916 1432 cibo.

258 1471 324 1523 Et
351 1467 549 1540 potuit
579 1465 703 1521 ﬁeri
734 1470 799 1522 ut
822 1467 1163 1539 putaverint
1187 1466 1441 1539 alicujus
1470 1466 1920 1538 signiﬁcationis

258 1573 452 1613 causa
486 1555 706 1611 dixisse
737 1556 1112 1611 Creatorem:
1177 1557 1232 1612 Si
1287 1555 1792 1612 manducaveritis
1849 1572 1921 1612 ex

260 1663 358 1717 eo,
391 1651 576 1702 morte
605 1645 962 1716 moriemini,
991 1652 1045 1700 et
1074 1645 1210 1701 ideo
1237 1647 1644 1703 comederunt.

337 1738 499 1790 Vens.
533 1741 584 1790 7.
614 1766 682 1774 -
712 1736 828 1802 Qui
851 1735 1123 1802 comedit,
1151 1742 1204 1791 et
1231 1738 1428 1806 aperti
1449 1742 1587 1791 sunt
1613 1739 1775 1793 oculi
1792 1754 1918 1794 am-

259 1825 490 1880 borum.
547 1823 636 1878 Ad
694 1822 842 1895 quid
900 1823 1087 1893 aperti
1143 1825 1339 1879 sunt?
1405 1824 1690 1896 Nunquid
1742 1833 1918 1883 antea

255 1913 398 1970 eieci
458 1913 682 1969 erant?
739 1913 991 1969 Minime.
1052 1913 1166 1970 Sed
1225 1914 1413 1985 aperti
1469 1919 1610 1968 sunt
1660 1929 1782 1968 non
1841 1913 1916 1969 ad

255 2001 614 2071 videndum,
686 2000 792 2056 sed
846 2000 925 2056 ad
976 2001 1438 2057 discernendum
1486 2001 1638 2056 inter
1687 2001 1917 2057 bonum

256 2091 427 2164 quod
471 2091 812 2153 amiserant,
861 2094 918 2146 et
963 2090 1192 2146 malum
1241 2090 1320 2145 ad
1361 2090 1526 2162 quod
1559 2089 1913 2146 ceciderant.

258 2181 373 2236 Seu
420 2179 602 2235 etiam
653 2179 843 2251 aperti
889 2183 1026 2233 sunt
1073 2178 1228 2234 oculi
1275 2194 1483 2234 eorum
1531 2178 1610 2233 ad
1660 2177 1916 2234 invicem

258 2266 833 2339 concupiscendum.
887 2265 1053 2338 quod
1109 2266 1289 2322 etiam
1341 2266 1418 2322 ad
1470 2283 1718 2340 poenam
1776 2282 1916 2321 mox

257 2361 405 2430 post
433 2360 740 2428 peccatum
771 2355 988 2411 evenit.
1037 2355 1224 2428 Culpa
1265 2357 1490 2428 quippe
1522 2356 1729 2412 oculos
1773 2371 1913 2411 con-

256 2445 639 2518 cupiscentiae
666 2444 918 2516 aperuit,
969 2460 1122 2516 quos
1173 2443 1515 2500 innocentia
1552 2444 1787 2500 clausos
1838 2448 1915 2499 te-

253 2533 460 2590 nebat.
495 2534 596 2588 Hic
625 2533 783 2588 enim
812 2533 1149 2588 ostenditur
1181 2533 1432 2605 qualiter
1462 2533 1738 2590 diabolus
1769 2549 1911 2588 con-

2039 401 2346 456 scientiam
2376 407 2685 474 penetrare
2717 404 2966 460 debetis.

2110 490 2374 561 Cumque
2404 495 2813 563 cognovissent
2836 510 2896 550 se
2924 510 3044 551 esse
3071 497 3285 562 nudos,
3329 506 3695 556 consuerunt

2033 580 2188 648 folia
2215 580 2386 650 ﬁcus,
2415 587 2470 637 et
2487 583 2764 650 fecemnt
2789 585 2906 639 sibi
2921 587 3312 657 perizomata,
3341 587 3432 643 vel
3457 587 3694 644 subcin-

2036 668 2237 736 ctoria,
2270 669 2365 724 vel
2395 672 2776 744 campestria,
2823 672 2972 728 sicut
3019 674 3136 730 alia
3176 675 3484 732 translatio
3527 677 3688 734 dicit.

2033 758 2451 827 Cognoverunt
2480 777 2541 814 se
2571 760 2787 827 nudos,
2836 777 2872 817 a
2903 763 3092 830 gratia
3121 763 3361 831 scilicet,
3411 780 3536 837 qua
3576 765 3691 820 illis

2030 844 2215 901 ﬁebat
2243 851 2306 902 ut
2333 847 2575 903 nuditas
2630 851 2896 920 corporis
2944 850 3109 906 nulla
3163 866 3373 906 eorum
3424 856 3690 909 mentem

2029 933 2159 1003 lege
2206 936 2432 1007 peccati
2470 942 2907 1006 repugnantem
2957 938 3365 995 confunderet.
3430 940 3689 998 Consue-

2031 1029 2173 1079 runt
2195 1025 2353 1093 folia
2379 1026 2546 1092 ﬁtus,
2603 1026 2805 1098 utique
2854 1026 3257 1084 inobedientia
3313 1044 3436 1083 suae
3491 1029 3688 1085 carnis

2031 1111 2282 1167 confusi.
2316 1114 2471 1168 Bene
2499 1113 2701 1186 itaque
2743 1130 2815 1170 ex
2859 1113 3013 1169 foliis
3058 1115 3208 1170 ﬁcus
3240 1131 3303 1171 se
3333 1121 3540 1186 tegunt
3579 1119 3683 1188 [Z.,

2031 1203 2366 1268 tenuerunt)
2391 1220 2404 1268 ;
2440 1201 2580 1258 folia
2609 1204 2759 1259 ﬁcus
2788 1203 3014 1276 quippe
3040 1203 3364 1274 designant
3390 1206 3684 1278 pruritum

2029 1289 2244 1359 carnis,
2273 1306 2397 1362 quo
2420 1291 2550 1361 jam
2583 1291 2909 1347 urebantur
2937 1298 3072 1364 post
3094 1297 3429 1364 peccatum.
3454 1295 3684 1351 Amise-

2026 1382 2168 1433 runt
2195 1378 2353 1433 enim
2384 1379 2635 1448 gloriam
2667 1380 2953 1452 simplicis
2997 1381 3280 1438 castitatis
3327 1384 3430 1454 [Z.,
3465 1383 3688 1455 simpli-

2029 1467 2218 1522 citatis
2247 1473 2303 1523 et
2331 1470 2524 1540 cast.],
2565 1473 2620 1525 et
2648 1469 2783 1525 ideo
2813 1471 2890 1526 ad
2921 1471 3223 1543 duplicem
3252 1472 3517 1528 libidinis
3545 1488 3686 1546 pru-

2025 1555 2278 1624 riginem
2317 1558 2731 1629 confugerunt,
2781 1559 2838 1614 id
2882 1564 2989 1629 est,
3035 1561 3178 1633 quia
3207 1567 3422 1618 aestum
3453 1562 3684 1619 ardoris

1950 1663 1991 1717 B
2027 1660 2208 1716 quem
2231 1645 2610 1718 patiebantur
2633 1647 2693 1702 in
2717 1652 2933 1714 mente,
2959 1664 3030 1703 ex
3053 1649 3206 1704 foliis
3226 1650 3345 1718 ﬁci,
3369 1667 3442 1706 ex
3463 1650 3684 1724 quibus

2026 1733 2317 1805 probatur
2345 1736 2524 1792 ardor
2552 1736 2792 1793 excitari
2834 1737 2894 1792 in
2945 1753 3215 1809 corpore,
3273 1740 3532 1808 tegendo
3575 1739 3686 1795 du—

2025 1823 2417 1894 plicaverunt.
2441 1826 2704 1882 Tradunt
2733 1842 2996 1899 namque
3025 1827 3076 1882 si
3106 1828 3381 1899 virgulta,
3406 1844 3512 1885 seu
3542 1828 3686 1886 folia

1987 1903 1990 1908 ’
2025 1911 2172 1967 ﬁcus
2199 1913 2336 1984 quis
2365 1913 2656 1981 inciderit,
2688 1915 2852 1987 quod
2883 1915 3082 1987 liquor
3109 1917 3287 1989 quasi
3314 1916 3407 1974 lac
3440 1921 3686 1975 emanat

2025 1999 2086 2055 in
2132 2001 2384 2062 modum
2426 2002 2605 2069 virus,
2649 2002 2910 2058 hominis
2959 2006 3136 2061 etiam
3187 2005 3450 2061 incendit
3483 2010 3682 2061 cutem

2025 2092 2204 2159 atque
2253 2090 2368 2145 urit
2416 2091 2769 2146 humanam.
2827 2094 2889 2146 Et
2936 2092 3091 2160 ideo,
3149 2093 3448 2165 inquiunt,
3503 2094 3683 2162 signi-

2026 2176 2206 2234 ﬁcant
2275 2179 2646 2250 pruriginem
2705 2185 2762 2235 et
2831 2180 3109 2236 ardorem
3163 2181 3448 2237 libidinis.
3515 2183 3678 2238 Unde

2025 2266 2322 2324 aestimant
2363 2268 2526 2339 quod
2571 2283 2643 2323 ex
2689 2269 2804 2323 hac
2857 2269 3072 2324 arbore
3123 2269 3373 2325 vetitum
3424 2285 3679 2342 pomum

2025 2355 2363 2425 attigerunt.
2395 2359 2648 2412 Possunt
2684 2357 2885 2426 etiam,
2928 2357 3102 2428 juxta
3148 2358 3493 2428 nonnullos,
3538 2358 3680 2415 folia

2022 2444 2173 2499 ﬁcus
2226 2461 2435 2501 amara
2480 2445 2948 2502 amaritudinem
2999 2446 3273 2502 vindictae
3317 2447 3674 2517 signiﬁcare.

2024 2533 2368 2605 Spiritaliter
2406 2533 2559 2590 foliis
2584 2534 2735 2589 ﬁcus
2767 2550 2827 2589 se
2859 2539 3204 2605 contegunt,
3249 2535 3355 2608 qui
3376 2515 3680 2591 “saeculum

245 2627 336 2679 tra
363 2622 634 2695 primum
674 2621 980 2678 hominem
1030 2622 1088 2676 in
1138 2621 1326 2678 tribus
1377 2621 1799 2678 tentationibus
1850 2637 1911 2675 se
2019 2637 2306 2694 asperum
2337 2622 2800 2695 amplectuntur,
2849 2623 2954 2696 qui
3000 2623 3305 2697 prurigine
3353 2624 3676 2697 voluptatis

245 2713 474 2779 erexit;
529 2711 672 2784 quia
718 2712 881 2766 hunc
938 2710 1208 2766 videlicet
1259 2711 1421 2782 gula,
1477 2726 1638 2767 vana
1697 2710 1906 2782 gloria,
2018 2711 2276 2767 carnalis
2310 2716 2574 2779 utuntur,
2620 2713 2844 2786 quique
2887 2713 3121 2786 decepti
3158 2714 3434 2770 haeretica
3483 2714 3682 2786 pravi-

241 2800 520 2870 avaritia,
553 2801 816 2866 tentavit,
850 2799 956 2854 sed
988 2800 1273 2855 tentando
1298 2800 1634 2871 prostravit.
1661 2803 1741 2854 Ex
1767 2799 1909 2870 gula
2020 2802 2153 2865 tate,
2187 2805 2243 2855 et
2282 2800 2474 2870 gratia
2516 2801 2726 2856 Christi
2768 2801 2997 2869 nudati,
3031 2806 3385 2871 tegumenta
3432 2803 3684 2859 menda-

241 2891 514 2952 tentavit,
566 2906 704 2944 cum
756 2889 960 2944 cibum
1003 2888 1148 2957 ligni
1196 2890 1296 2960 [Z.,
1347 2889 1603 2958 lignum]
1659 2889 1906 2945 vetitum
2015 2887 2244 2944 ciorum
2303 2893 2592 2960 tanquam
2640 2889 2780 2944 folia
2826 2889 2977 2945 licus
3023 2890 3329 2959 colligunt,
3390 2890 3677 2947 facientes

239 2977 522 3046 ostendit,
570 2983 749 3050 atque
792 2977 869 3033 ad
902 2976 1345 3033 comedendum
1378 2978 1585 3043 suasit,
1618 2994 1758 3034 cum
1785 2977 1899 3034 ait:
1934 3009 1975 3062 ο
2013 2975 2405 3032 succinctoria
2433 2977 2764 3048 pravitatis,
2809 2994 2947 3033 cum
2977 2978 3051 3033 de
3081 2979 3336 3035 Domino
3361 2978 3454 3034 vel
3483 2978 3678 3035 Eccle-

241 3067 565 3124 Comedite.
629 3069 711 3121 Ex
757 3082 915 3121 vana
968 3071 1170 3120 autem
1228 3064 1416 3135 gloria
1466 3065 1728 3134 tentavit,
1765 3081 1904 3122 cum

240 3158 412 3212 dixit:
445 3157 643 3212 Erilis
667 3157 817 3210 sicut
845 3157 949 3210 dii.
985 3159 1048 3210 Et
1075 3171 1146 3210 ex
1173 3155 1422 3212 avaritia
1451 3155 1717 3226 tentavit,
1763 3171 1903 3212 cum

237 3246 363 3316 subj
377 3245 582 3304 unxit.
612 3246 853 3299 scientes
883 3245 1092 3300 bonum
1124 3251 1178 3300 et
1209 3246 1455 3300 malum.
1491 3244 1749 3300 Avaritia
1779 3261 1902 3300 non

234 3335 441 3390 solum
470 3333 751 3403 pecuniae
793 3337 896 3395 est,
937 3334 1032 3388 sed
1063 3334 1242 3389 etiam
1269 3332 1612 3389 altitudinis.
1672 3335 1738 3388 In
1788 3333 1904 3389 hoc

232 3423 532 3480 diabolus
587 3420 665 3475 ad
725 3421 1057 3492 superbiam
1115 3423 1308 3489 traxit,
1386 3421 1556 3495 quod
1613 3438 1751 3479 eum
1826 3421 1902 3478 ad

235 3513 558 3570 avaritiam
593 3509 970 3566 sublimitatis
1000 3511 1294 3568 excitavit.
1347 3511 1514 3568 Unde
1552 3516 1764 3585 postea
1811 3527 1902 3568 se-

238 3602 508 3658 cundum
549 3600 765 3666 Adam,
816 3601 1134 3656 Dominum
1189 3600 1457 3656 videlicet
1496 3617 1564 3657 ac
1607 3601 1902 3674 Redemp-

241 3696 433 3746 torem
460 3695 756 3755 nostrum,
790 3689 885 3743 his
918 3689 1342 3745 tentationibus
1371 3690 1617 3760 aggredi
1648 3695 1900 3747 conatus

252 3785 365 3848 est,
422 3777 527 3832 sed
565 3778 785 3834 eisdem
829 3778 1028 3833 modis
1084 3778 1353 3834 devictus
1392 3778 1726 3835 succubuit.
1780 3783 1899 3836 Nos

253 3867 432 3923 etiam
481 3867 735 3939 quotidie
785 3867 879 3922 his
928 3867 1116 3922 tribus
1161 3867 1646 3938 suggestionibus
1694 3868 1898 3941 pulsa—

245 3973 416 4012 mur:
449 3956 1277 4027 suggestione,delectatione,
1308 3972 1642 4024 consensu;
1675 3963 1733 4014 et
1760 3975 1899 4013 cum

237 4051 558 4112 tentamur,
585 4044 942 4117 plerumque
973 4046 1032 4100 in
1063 4043 1540 4113 delectationem,
1585 4049 1688 4102 aut
1719 4045 1896 4101 etiam

229 4136 290 4191 in
347 4150 742 4200 consensum,
802 4134 972 4189 sicuti
1016 4139 1294 4206 parentes
1347 4133 1554 4198 nostri,
1613 4133 1894 4202 labimur,

228 4226 372 4296 quia
403 4225 483 4279 de
516 4225 714 4279 carnis
758 4228 1009 4296 peccato
1051 4222 1369 4295 propagati
1416 4223 1477 4278 in
1521 4223 1700 4278 nobis
1751 4223 1898 4297 ipsis

231 4313 524 4384 gerimus,
574 4311 734 4366 unde
765 4311 1093 4367 certamina
1125 4311 1520 4368 tentationum
1549 4311 1891 4368 toleramus.
1928 4353 1973 4404 Β

234 4403 340 4459 Sed
369 4401 536 4467 ideo,
584 4407 649 4456 ut
695 4400 921 4456 dictum
953 4405 1063 4467 est,
1117 4401 1406 4456 Dominus
1452 4401 1660 4456 tentari
1713 4400 1897 4457 voluit

229 4490 396 4560 juxta
431 4489 623 4545 ﬁdem
656 4488 1132 4560 Evangeliorum,
1174 4492 1240 4544 ut
1278 4491 1514 4544 nostras
1541 4488 1893 4545 tentationes

235 4581 350 4635 suis
367 4577 807 4635 tentationibus
828 4577 1185 4644 devinceret,
1201 4581 1258 4632 et
1277 4576 1476 4649 ipsum
1497 4593 1740 4650 quoque
1759 4578 1896 4634 hos-

237 4673 347 4724 tem
373 4666 635 4723 humani
657 4667 889 4735 generis
915 4683 950 4722 a
984 4667 1140 4722 fastu
1167 4681 1292 4721 suae
1316 4665 1610 4737 superbiae
1636 4671 1896 4738 prostra-

236 4762 334 4810 ret.
363 4755 634 4826 Denique
649 4755 745 4810 hic
767 4754 1102 4810 notandum
1120 4758 1211 4810 est
1229 4753 1374 4826 quia
1393 4759 1530 4810 ante
1551 4755 1898 4827 praevarica-

235 4842 476 4910 tionem,
511 4844 796 4911 hominis,
826 4843 1181 4916 priusquam
1211 4858 1273 4899 se
1299 4843 1476 4898 morti
1503 4843 1894 4916 manciparet,

232 4947 353 4987 non
384 4936 515 4988 erat
541 4932 788 4988 inimico
816 4936 1101 5004 potestas,
1154 4931 1233 4987 ad
1275 4933 1486 5002 [Petr.,
1520 4949 1582 4988 se
1609 4932 1708 5004 ad]
1751 4934 1896 4989 inte-

229 5021 391 5075 riora
419 5020 682 5076 hominis
713 5021 1020 5090 accedere,
1067 5025 1125 5076 et
1180 5020 1568 5090 cogitationes
1615 5020 1896 5078 adversas

229 5108 515 5165 inserere.
561 5109 678 5166 Sed
727 5115 1050 5182 postquam
1095 5126 1235 5165 eum
1279 5125 1385 5182 per
1423 5115 1758 5184 serpentem
1789 5111 1896 5167 cir-

228 5199 556 5265 cumvenit,
595 5204 953 5272 potestatem
983 5199 1045 5254 in
1085 5215 1223 5254 eum
1273 5199 1502 5272 accepit
1539 5204 1606 5255 ut
1649 5200 1895 5257 interius

227 5287 519 5359 pulsaret.
554 5291 700 5343 Nam
729 5288 901 5358 juxta
929 5287 1372 5359 metaphoram,
1419 5293 1613 5360 potest
1643 5289 1894 5346 callidus

229 5392 475 5448 serpens
510 5376 929 5432 haereticorum
951 5376 1233 5432 astutiam
1261 5374 1598 5448 designare,
1643 5378 1747 5450 qui
1787 5379 1895 5434 illi-

230 5467 338 5522 cita
368 5467 717 5522 curiositate
746 5471 972 5522 secreta
996 5467 1115 5533 Dei,
1141 5483 1279 5538 quae
1306 5482 1342 5522 a
1371 5469 1588 5524 nostris
1619 5469 1895 5524 sensibus

232 5563 364 5611 sunt
388 5562 645 5621 remota,
679 5556 985 5626 tangenda
1011 5555 1286 5624 suadent,
1315 5559 1604 5628 tanquam
1627 5573 1890 5629 serpens,

235 5644 332 5715 qui
360 5644 608 5702 dicebat
635 5661 648 5699 :
681 5647 797 5702 Cur
825 5644 1107 5718 praecepit
1135 5643 1292 5701 Deus
1335 5643 1640 5702 scientiam
1668 5645 1894 5702 habere

527 5736 792 5792 PATBOL.
834 5736 986 5791 CXV.

2013 3063 2104 3119 sia
2128 3064 2515 3120 mentiuntur.
2548 3066 2825 3136 Sequitur
2849 3084 2861 3121 :

2082 3154 2252 3209 Vens.
2295 3156 2348 3208 8.
2380 3185 2449 3193 —
2478 3154 2557 3208 Et
2582 3169 2714 3209 cum
2747 3155 3049 3210 audissent
3075 3171 3272 3210 vocem
3297 3156 3544 3210 Domini
3561 3157 3675 3210 Dei

2010 3241 2450 3298 deambulantis
2472 3245 2532 3296 in
2560 3244 2846 3309 paradiso
2897 3244 2977 3297 ad
3015 3257 3253 3309 auram,
3299 3247 3355 3298 et
3412 3242 3671 3314 reliqua.

2011 3330 2163 3398 Quid
2192 3335 2279 3387 est
2317 3329 2478 3386 enim
2516 3331 2684 3403 quod
2728 3335 2868 3402 post
2918 3336 3234 3404 peccatum
3291 3331 3558 3386 hominis
3610 3331 3673 3387 in

2008 3419 2296 3493 paradiso
2325 3419 2616 3476 Dominus
2644 3436 2766 3475 non
2798 3425 2975 3485 stare,
3029 3419 3135 3476 sed
3186 3419 3530 3476 ambulasse
3563 3421 3670 3491 [Z.,

2007 3509 2339 3580 ambulare]
2369 3508 2601 3578 dicitur,
2633 3510 2744 3564 nisi
2777 3510 2943 3582 quod
2981 3509 3241 3565 irruente
3290 3509 3468 3580 culpa
3520 3523 3582 3565 se
3636 3525 3672 3566 a

2008 3601 2188 3657 corde
2216 3599 2478 3656 hominis
2517 3601 2828 3656 recessisse
2866 3598 3272 3656 ostendebat?
3321 3598 3512 3655 Etiam
3560 3613 3669 3671 per

2005 3690 2122 3746 hoc
2151 3688 2490 3746 instabilem
2519 3688 2868 3759 ejectionem
2897 3704 3108 3744 eorum
3147 3687 3222 3743 de
3269 3688 3555 3760 paradiso
3587 3686 3669 3744 ad

2009 3780 2428 3836 mortalitatem
2468 3778 2941 3834 demonstrabat.
2983 3777 3227 3850 Tropice
3273 3794 3418 3834 vero
3463 3777 3669 3834 deam-

2006 3867 2177 3924 bulat
2207 3870 2360 3922 Deus
2384 3867 2517 3932 illis,
2557 3871 2614 3922 et
2643 3882 2767 3922 non
2797 3871 2929 3937 stat,
2979 3866 3085 3938 qui
3128 3866 3370 3922 stabiles
3418 3866 3480 3920 in
3529 3867 3664 3936 ejus

2004 3956 2317 4030 praeceptis
2373 3972 2495 4011 non
2544 3959 2950 4027 perseverant.
3002 3954 3168 4011 Unde
3225 3960 3666 4028 consequenter

2007 4045 2359 4116 adjunctum
2411 4048 2501 4100 est
2548 4045 2630 4100 ad
2685 4059 2899 4100 auram
2942 4050 3078 4113 post
3137 4045 3462 4100 meridiem.
3509 4043 3666 4101 Solet

2006 4135 2166 4190 enim
2193 4150 2363 4189 sacra
2394 4132 2695 4206 Scriptura
2722 4149 2829 4205 per
2859 4137 3083 4189 statum
3123 4132 3412 4206 temporis
3454 4133 3666 4190 merita

2005 4238 2327 4278 causarum
2353 4221 2734 4291 distinguere.
2782 4222 2939 4277 Bene
2977 4222 3139 4278 enim
3169 4222 3250 4278 ad
3283 4237 3497 4278 auram
3523 4227 3664 4291 post

2005 4312 2331 4374 mcrwiem,
2363 4309 2506 4383 quia
2535 4309 2715 4365 ardor
2744 4309 3046 4367 charitatis
3077 4310 3426 4367 abundante
3449 4310 3666 4383 iniqui-

2005 4404 2121 4456 tate
2151 4400 2213 4455 in
2241 4400 2326 4456 eis
2355 4398 2725 4470 refriguerat,
2772 4403 2828 4454 et
2873 4398 2975 4454 lux
3025 4399 3345 4456 ferventior
3396 4400 3662 4456 veritatis

2005 4489 2398 4558 abscesserat,
2431 4487 3061 4561 appropinquantibus
3100 4488 3372 4544 videlicet
3399 4487 3660 4543 tenebris

2005 4594 2295 4648 errorum,
2321 4583 2379 4634 et
2404 4579 2798 4650 peccatricem
2827 4577 3094 4633 animam
3119 4577 3249 4647 jam
3300 4576 3492 4647 culpae
3535 4591 3660 4630 suae

2007 4666 2220 4736 frigore
2273 4665 2786 4735 constringebant,
2855 4668 2912 4720 et
2972 4664 3084 4718 sub
3133 4663 3361 4735 peccati
3420 4661 3658 4730 umbra,

2003 4757 2178 4828 quasi
2207 4755 2320 4811 sub
2347 4755 2566 4824 frigore
2595 4769 2756 4809 aurie
2786 4751 3059 4823 torpebat
3084 4769 3096 4818 ;
3151 4750 3301 4806 sicut
3341 4750 3415 4806 de
3445 4751 3659 4809 eodem

2001 4847 2287 4917 peccante
2323 4843 2566 4898 homine
2613 4841 2902 4913 scriptum
2960 4843 3052 4895 est
3104 4839 3250 4912 quia
3291 4843 3531 4896 secutus
3572 4846 3662 4898 est

2003 4932 2304 4989 umbram.
2339 4934 2484 4986 Ecce
2513 4930 2608 4986 hic
2637 4928 2968 4985 ostenditur
2993 4929 3161 5001 quod
3189 4929 3382 4986 Adam
3414 4930 3660 4988 meridie

2003 5017 2496 5089 transgressionis
2523 5021 2780 5072 mortem
2811 5015 2950 5071 huic
2982 5015 3212 5072 mundo
3237 5016 3449 5072 intulit.
3496 5018 3660 5075 Unde

2005 5107 2292 5164 Dominus
2341 5108 2494 5164 hora
2542 5101 2705 5162 serta
2746 5120 2857 5178 pro
2912 5105 3126 5160 mundi
3171 5105 3291 5161 vita
3339 5105 3659 5162 crucifixus

2004 5201 2110 5259 est.
2142 5196 2257 5253 hoc
2286 5200 2391 5263 est,
2424 5209 2731 5251 recessuro
2763 5209 2799 5249 a
2828 5197 3032 5248 centro
3059 5192 3272 5248 mundi
3299 5193 3446 5262 sole,
3473 5210 3663 5267 quan-

2004 5286 2084 5342 do
2112 5285 2403 5343 ctlatroni
2432 5285 2552 5340 ait:
2606 5284 2798 5339 Hodie
2842 5298 3069 5338 mecum
3113 5283 3232 5338 eris
3271 5283 3332 5338 in
3372 5285 3660 5351 paradiso

2007 5378 2151 5444 (Luc
2176 5392 2331 5444 xxm,
2363 5375 2472 5446 43).
2499 5373 2760 5429 Rationis
2792 5372 2989 5442 igitur,
3022 5371 3144 5427 imo
3175 5370 3393 5427 divinae
3426 5372 3661 5444 pietatis

2005 5464 2154 5520 ordo
2180 5463 2488 5536 poscebat,
2527 5466 2592 5518 ut
2639 5461 2853 5518 eodem
2897 5461 3182 5533 temporis
3239 5460 3488 5517 articulo
3539 5478 3661 5534 quo

2008 5559 2148 5612 tunc
2177 5553 2317 5610 Adae
2347 5552 2618 5625 peccanti
2648 5551 3006 5620 obcluserat,
3033 5567 3195 5606 nunc
3223 5550 3439 5607 latroni
3471 5551 3666 5606 Domi-

1981 5661 2099 5704 nus
2127 5643 2438 5717 pcenitenti
2459 5643 2718 5715 januam
2761 5641 3027 5716 paradisi
3075 5647 3392 5709 reseraret,
3439 5645 3499 5697 et
3541 5655 3666 5712 qua

3351 5735 3382 5783 5
