4160 6182
472 159 571 214 £30

1567 149 1923 206 ANGELOM!
1961 144 2420 205 ιυχογιιιΝειε
2457 146 2768 204 MONACHI

3777 146 3878 203 1&0

468 283 619 347 hora
643 281 874 354 primus
897 279 1086 341 Adam
1112 275 1418 351 peccando
1442 275 1580 330 huic
1603 273 1830 328 mundo
1857 275 2108 327 mortem
2137 274 2187 329 Α
2215 271 2374 326 enim
2401 270 2732 326 nuditatem
2765 283 2936 324 suam
2977 282 3099 322 non
3139 265 3502 334 advertebat,
3551 268 3697 338 quia
3744 270 3876 340 ejus

470 372 794 439 invexerat,
845 369 1058 426 eadem
1109 368 1258 422 hora
1295 363 1596 420 secundus
1631 361 1824 418 Adam
1854 366 2108 416 mortem

470 459 785 517 moriendo
813 457 1157 513 destrueret.

541 549 654 606 Sed
683 548 968 622 quaeritur
991 558 1176 618 quare
1204 543 1488 600 Dominus
1509 540 1772 597 hominis
1793 543 2109 612 peccatum

467 655 575 712 per
605 639 868 710 seipsum
897 635 1135 705 expiare
1163 633 1368 701 voluit,
1405 637 1462 688 et
1491 647 1612 686 non
1643 646 1749 702 per
1779 628 2060 698 angelum
2082 627 2110 682 Ῡ

468 728 628 793 Ideo,
654 727 797 799 quia
815 740 938 780 non
964 722 1295 779 sufﬁciebat
1309 723 1486 778 unius
1508 720 1705 790 angeli
1729 719 2002 774 meritum
2031 715 2110 771 ad

464 816 936 886 redemptionem
967 813 1145 869 totius
1170 813 1418 868 humani
1453 811 1706 880 generis.
1739 813 1852 864 Nec
1879 813 2109 864 tantum

466 904 701 960 sceleris
727 903 1074 959 incurrisset
1111 902 1388 958 diabolus
1419 902 1479 956 in
1508 916 1652 956 nece
1683 898 1894 969 angeli,
1922 912 2109 969 quan-

462 1000 589 1049 tum
616 994 862 1050 incurrit
880 993 941 1048 in
961 1009 1107 1049 nece
1129 993 1437 1048 Creatoris.
1462 991 1787 1052 Abscondit
1812 1003 1872 1044 se
1892 988 2109 1056 Adam,

463 1091 517 1140 et
548 1100 705 1142 uxor
735 1087 862 1154 ejus
892 1085 955 1138 in
995 1083 1185 1138 medio
1227 1083 1380 1152 ligni
1402 1082 1696 1150 paradisi.
1749 1082 1922 1134 Juxta
1967 1077 2110 1132 litte-

462 1191 614 1242 ram,
642 1190 767 1246 pras
799 1171 987 1227 nimio
1017 1170 1249 1243 pudore
1277 1170 1372 1226 vel
1403 1171 1610 1225 timore
1657 1170 1770 1224 hoc
1823 1167 2107 1223 fecerunt.

460 1264 574 1319 Sed
603 1263 749 1335 quid
781 1267 868 1316 est
894 1261 1058 1334 quod
1084 1266 1216 1329 post
1245 1260 1570 1325 meridiem,
1629 1259 1740 1314 nisi
1783 1258 1927 1330 quia
1973 1261 2106 1328 post

459 1353 652 1407 lucem
685 1349 950 1422 paradisi
979 1365 1048 1404 ac
1078 1349 1367 1404 felicitatis
1405 1351 1463 1402 in
1513 1347 1692 1417 hujus
1723 1345 1922 1401 StBCllli
1967 1344 2106 1399 cali-

460 1440 670 1510 ginosa
695 1438 932 1494 miseria
964 1453 1025 1492 se
1055 1437 1503 1492 absconderunt
1523 1437 1549 1491 ?
1579 1437 1682 1506 ['11,
1715 1434 2104 1507 paradisiacie

457 1529 750 1586 felicitatis
781 1529 961 1598 hujus
992 1543 1128 1584 sieo.
1163 1543 1223 1581 se
1262 1525 1451 1598 absc.]
1501 1525 1802 1597 Spiraliter
1850 1540 1991 1579 vero
2039 1525 2102 1577 in

2214 359 2459 414 intentio
2490 359 2550 414 in
2583 356 2858 428 supernis
2885 360 3027 411 erat.
3065 359 3212 410 Nam
3241 354 3408 425 quod
3440 371 3503 410 se
3530 372 3567 411 a
3595 357 3694 411 Dei
3722 375 3876 430 prie-

2216 448 2408 504 sentia
2438 446 2726 503 abscondi
2759 461 2934 517 posse
2963 443 3235 516 putabat,
3297 449 3354 498 et
3406 443 3481 498 de
3535 445 3878 517 insipientia

2214 553 2395 609 poena
2424 537 2649 608 peccati
2676 534 2909 604 accidit,
2933 550 3072 590 eum
3095 533 3276 590 latere
3302 534 3450 589 velle
3477 551 3662 607 quem
3694 536 3877 594 latere

2214 625 2360 680 nihil
2391 628 2603 696 potest.

2285 714 2456 768 Vens.
2489 717 2572 770 tt.
2613 744 2684 754 -—-
2729 712 2842 775 Cui
2871 712 3026 770 dixit
3063 714 3241 768 Deus:
3281 711 3420 778 Quis
3449 714 3604 768 enim
3639 715 3873 773 indica-

2216 803 2298 857 vit
2322 802 2427 857 tibi
2456 802 2614 872 quod
2642 803 2838 857 nudus
2864 816 3010 858 esse:
3032 806 3059 855 ?
3083 807 3191 858 etc.
3215 801 3351 856 Ideo
3377 801 3460 856 sic
3478 809 3793 873 peccatum
3812 804 3875 859 il-

2214 889 2329 945 lius
2347 890 2690 948 examinare
2706 889 2909 956 voluit,
2928 893 2989 948 ut
3010 889 3250 960 culpam
3270 907 3443 946 suam
3462 891 3799 962 respiceret,
3815 898 3871 948 et

2217 979 2556 1052 conﬁtendo
2587 983 2971 1047 cognosceret
2997 995 3184 1049 quam
3215 978 3393 1046 longe
3451 995 3487 1035 a
3535 981 3870 1038 Conditoris

2217 1069 2308 1123 sui
2355 1069 2503 1124 facie
2551 1069 2804 1124 abesset.
2854 1068 2968 1123 Sed
3017 1067 3301 1124 adhibere
3350 1068 3586 1124 sibimet
3633 1071 3871 1142 utrique

2217 1158 2317 1228 [Z.,
2348 1158 2574 1230 utique]
2619 1157 2984 1214 defensionis
3014 1157 3291 1212 solatium
3323 1175 3511 1229 quam
3543 1159 3865 1215 confessio-

2214 1245 2305 1300 nis
2335 1245 2655 1314 elegerunt.
2690 1244 2852 1300 Unde
2882 1249 2938 1299 et
2963 1245 3230 1315 sequitur
3255 1262 3267 1298 :

2283 1335 2448 1388 Vens.
2469 1337 2552 1390 12.
2577 1364 2644 1374 -—
2665 1333 2951 1402 Dixitque
2965 1332 3159 1387 Adam
3173 1345 3196 1387 .'
3209 1333 3434 1387 Mulier
3448 1349 3626 1403 quam
3649 1335 3867 1394 dedisti

2211 1423 2453 1491 sociam,
2485 1423 2644 1480 dedit
2677 1422 2827 1479 mihi
2852 1421 2925 1476 de
2956 1421 3143 1490 ligno,
3195 1427 3248 1477 et
3281 1423 3525 1478 comedi.
3572 1426 3716 1489 Heu,
3760 1425 3862 1480 ubi

2210 1515 2523 1580 peccatum
2543 1511 2724 1566 tinem
2743 1508 2964 1568 habere
2982 1508 3206 1575 debuit,
3230 1509 3313 1564 ibi
3333 1515 3727 1577 augmentum
3753 1528 3868 1568 cm-

456 1619 646 1674 medio
680 1618 832 1687 ligni
850 1596 1131 1686 paradisi
1158 1631 1218 1671 se
1250 1596 1588 1681 abscondit,
1639 1614 1744 1685 qui
1793 1628 2034 1668 aversus
2067 1628 2089 1666 ε

2211 1597 2330 1670 pit!
2383 1600 2509 1652 Non
2551 1597 2711 1658 enim
2741 1596 2984 1668 culpam
3016 1596 3093 1654 ad
3125 1613 3186 1650 se
3212 1596 3428 1665 retulit,
3462 1598 3564 1652 sed
3593 1599 3864 1670 quodam

455 1707 765 1778 praeceptis
809 1705 1101 1761 Creatoris
1147 1705 1207 1759 in
1251 1706 1466 1759 erroris
1515 1703 1606 1757 sui
1658 1707 1836 1774 atque
1879 1700 2103 1757 arbitrii

454 1795 861 1867 voluptatibus
885 1795 1048 1850 vivit.

522 1886 690 1940 Vens.
723 1885 776 1938 9.
811 1915 878 1923 —
918 1884 1276 1954 Vocavitque
1295 1883 1580 1938 Dominus
1607 1883 1762 1936 Deus
1786 1881 2003 1950 Adam,
2050 1887 2104 1936 et

451 1973 713 2028 diwitei:
755 1973 866 2028 Ubi
892 1986 950 2028 es
979 1979 1006 2027 ἒν
1049 1975 1105 2026 et
1146 1970 1393 2043 reliqua.
1442 1971 1866 2042 Nunquidnam
1899 1970 2102 2025 divina

453 2061 722 2131 potentia
751 2060 1053 2116 nesciebat
1073 2065 1210 2133 post
1229 2059 1470 2132 culpam
1499 2076 1704 2114 servus
1728 2060 1802 2114 ad
1826 2076 1959 2131 quae
1981 2058 2105 2114 lati-

449 2149 593 2204 bula
615 2148 889 2218 fugerat?
917 2148 1029 2205 Sed
1051 2149 1194 2221 quia
1210 2149 1356 2203 vidit
1374 2149 1432 2202 in
1453 2148 1691 2220 culpam
1716 2148 1954 2220 lapsum
1972 2148 2100 2219 jam

450 2238 563 2293 sub
586 2244 855 2311 peccato,
878 2238 1039 2294 velut
1058 2239 1136 2294 ab
1157 2238 1343 2294 oculis
1365 2238 1621 2293 veritatis
1643 2238 2097 2307 absconditum;

448 2327 593 2398 quia
624 2328 900 2383 tenebras
933 2327 1148 2383 erroris
1170 2327 1298 2397 ejus
1320 2342 1440 2382 non
1465 2327 1782 2399 approbat,
1805 2329 1977 2400 quasi
1999 2328 2102 2384 ubi

449 2415 522 2470 sit
549 2421 846 2487 peccator,
879 2417 1132 2484 ignorat.
1166 2418 1435 2487 Eumque
1466 2423 1520 2469 et
1548 2422 1721 2471 vocat
1749 2423 1804 2472 et
1834 2408 2095 2488 requirit,

450 2503 688 2557 dicens:
728 2504 946 2570 Adam,
994 2505 1097 2558 ubi
1141 2508 1244 2558 es?
1290 2506 1394 2558 Per
1435 2505 1548 2558 hoc
1596 2505 1757 2575 quod
1790 2511 1983 2569 vocat,
2019 2507 2097 2561 si-

449 2604 637 2659 gnum
669 2590 774 2646 dat
800 2590 962 2662 quod
986 2590 1064 2646 ad
1093 2590 1502 2662 pmnitentiam
1534 2596 1792 2648 revocat.
1843 2597 1947 2648 Per
1985 2594 2097 2651 hoc

448 2693 589 2734 vero
609 2678 777 2751 quod
795 2677 1060 2750 requirit,
1085 2685 1285 2752 aperte
1311 2679 1574 2734 insinuat
1594 2680 1734 2751 quia
1755 2686 2098 2752 peccatores

443 2767 580 2838 jure
606 2767 992 2822 damnandos
1023 2781 1147 2822 non
1179 2767 1432 2837 ignorat.
1462 2770 1522 2821 Et
1549 2769 1680 2822 ideo
1713 2768 1878 2824 illum
1908 2770 2097 2826 incre-

454 2855 660 2928 pando
691 2856 1017 2912 admonere
1049 2855 1249 2921 voluit,
1285 2862 1350 2912 ut
1376 2857 1698 2912 attenderet
1732 2857 1831 2912 ubi
1864 2866 2015 2915 esset
2044 2866 2099 2916 et

451 2925 613 2998 unde
642 2945 970 3001 cecidisset.
997 2945 1088 3001 Ait
1118 2945 1278 3000 enim
1303 2962 1315 2999 :
1354 2945 1464 3001 Ubi
1491 2946 1591 2999 es?
1623 2962 1690 3000 ac
1713 2947 1758 3000 si
1787 2953 1987 3018 aperte
2013 2949 2097 3004 di-
2135 2972 2175 3028 ρ
2205 2925 2430 3028 diaboli

451 3038 640 3089 ceret:
700 3033 846 3089 Vide
895 3050 930 3090 a
969 3040 1196 3107 quanta
1230 3034 1514 3104 dignitate
1557 3035 1628 3089 ad
1673 3036 1838 3107 quod
1869 3037 2096 3094 malum

455 3122 1283 3195 corruisti‘anrepavitcrgo
1327 3123 1520 3178 Adam
1574 3125 1858 3180 Dominus
1900 3125 2126 3182 deam-'

450 3208 691 3269 bulans.
743 3214 807 3266 ut
847 3209 1075 3267 dictum
1103 3217 1208 3279 est,
1241 3216 1304 3266 ut
1343 3211 1512 3267 caecis
1555 3213 1854 3268 mentibus
1889 3217 2098 3288 nequi-

450 3297 596 3352 tiam
621 3314 796 3353 suam
826 3314 949 3354 non
980 3299 1198 3354 clausis
1229 3301 1626 3366 sermonibus,
1665 3302 1767 3356 sed
1794 3304 1972 3359 etiam
2006 3321 2096 3360 re-

451 3385 568 3440 bus
585 3386 857 3456 aperiret,
890 3392 1187 3457 quatenus
1221 3393 1500 3457 peccator
1529 3389 1714 3443 homo
1737 3391 1931 3445 verbis
1967 3408 2098 3448 ma-

450 3474 575 3528 lum
607 3474 770 3544 quod
799 3480 1063 3542 gesserat
1090 3475 1353 3542 audiret;
1400 3481 1453 3530 ct
1488 3493 1592 3548 per
1623 3478 2095 3537 ambulationem

447 3559 670 3616 amisso
699 3561 1039 3616 mternitatis
1064 3565 1242 3630 statu,
1275 3562 1543 3618 mutabili
1555 3565 1684 3618 tatis
1712 3581 1832 3619 suae
1864 3567 2097 3623 incons-

430 3649 692 3704 tantiam
726 3656 1008 3715 cerneret,
1057 3655 1114 3706 et
1150 3666 1257 3723 per
1285 3667 1494 3708 auram
1525 3651 1755 3709 fervore
1785 3656 2093 3714 charitatis

443 3737 712 3808 expulso,
753 3743 1057 3810 torporem
1094 3755 1271 3795 suum
1303 3740 1816 3810 animadverteret,
1875 3748 1932 3800 et
1986 3761 2094 3818 per

439 3823 896 3882 declinationem
941 3826 1101 3897 solis,
1143 3827 1308 3899 quod
1349 3827 1428 3883 ad
1459 3829 1733 3885 tenebras
1763 3834 2090 3905 appropin-

436 3919 666 3985 quaret,
698 3919 1067 3984 agnosceret.
1105 3915 1218 3973 Sed
1247 3917 1581 3972 notandum
1618 3925 1704 3978 est
1732 3920 1874 3991 quia
1907 3922 1954 3976 si
1985 3923 2085 3992 [Ζ.,

435 4016 548 4056 om.
582 4003 654 4072 si]
683 4002 846 4073 prius
880 4019 1018 4059 cum
1048 4004 1159 4060 illis
1187 4005 1567 4078 loquebatur,
1620 4007 1886 4064 fortassis
1937 4011 2088 4068 sicut

433 4087 681 4158 angelis,
712 4105 873 4144 nunc
895 4091 1024 4162 jam
1052 4107 1156 4164 per
1178 4093 1509 4163 subjectam
1538 4099 1874 4150 creaturam
1899 4113 2084 4168 appa-

429 4175 619 4230 ruisse
644 4176 728 4231 eis
758 4178 1126 4234 credendum
1155 4184 1260 4235 est.
1297 4184 1495 4252 Neque
1526 4182 1684 4236 enim
1719 4183 1915 4238 Adam
1947 4191 2081 4256 post

426 4261 670 4334 culpam
695 4263 881 4319 Deum
919 4265 981 4319 in
1026 4265 1358 4322 substantia
1388 4269 1710 4324 divinitatis
1740 4271 1940 4328 videre
1971 4288 2079 4343 po-

425 4350 552 4419 tuit,
589 4352 692 4408 sed
723 4353 1148 4426 increpationis
1171 4357 1356 4412 verba
1382 4373 1488 4429 per
1517 4359 1797 4428 angelum
1827 4360 2072 4418 audivit.

422 4440 536 4496 Sed
553 4440 863 4498 sciendum
882 4444 1125 4516 estquia
1146 4449 1396 4510 vocavit,
1413 4447 1519 4501 sed
1533 4463 1654 4508 non
1668 4448 1865 4504 statim
1882 4449 2070 4519 ejecit.

418 4529 519 4583 Hic
542 4528 744 4603 itaque
763 4531 1092 4601 ﬁguraliter
1119 4534 1451 4589 ostenditur
1468 4535 1613 4606 quia
1642 4535 2009 4608 quicumque
2036 4555 2072 4594 a

414 4615 533 4676 fide
549 4619 643 4674 vel
656 4619 832 4676 bonis
852 4619 1135 4694 operibus
1145 4621 1224 4677 ad
1241 4622 1558 4678 mendacia
1588 4638 1698 4678 sua
1711 4627 1767 4678 et
1777 4623 2072 4682 desideria

411 4698 652 4774 labitur,
678 4724 802 4764 non
831 4709 1009 4765 debet
1027 4709 1367 4782 desperare,
1387 4709 1521 4764 licet
1539 4709 1941 4768 immensitate
1963 4713 2068 4768 cri-

411 4789 644 4846 minum
679 4795 753 4849 sit
778 4811 1124 4867 oppressus.
1169 4802 1298 4854 Non
1324 4798 1575 4870 despicit
1606 4802 1760 4855 Deus
1790 4806 2064 4873 peccato-

408 4889 524 4944 res,
557 4879 664 4933 sed
688 4881 888 4937 adhuc
919 4889 982 4940 ut
1007 4885 1253 4942 redeant
1276 4903 1384 4958 per
1410 4889 1842 4961 pmnitentiam,
1867 4896 2060 4960 vocat,

406 4962 512 5032 qui
533 4979 652 5019 non
674 4968 804 5021 vult
824 4976 1073 5026 mortem
1089 4976 1442 5043 peccatoris,
1465 4977 1568 5032 sed
1590 4984 1651 5031 ut
1674 4985 2064 5036 convertatur

406 5056 458 5138 et
493 5053 652 5109 vivat
671 5055 904 5123 (Επειδὴ.
933 5075 1046 5126 xxx,
1065 5060 1175 5130 23).
1198 5063 1262 5115 Et
1284 5060 1419 5117 ideo
1445 5079 1566 5119 non
1588 5064 2057 5138 desperandum,

402 5137 549 5194 dum
568 5138 682 5211 ipsi
701 5140 776 5214 [Ζ.
789 5142 1417 5220 ,desperandum.lpsi,
1435 5151 1568 5222 etc.]
1585 5151 1773 5224 impii,
1789 5155 2062 5225 quimor-

401 5228 520 5281 tem
541 5225 885 5301 intulerunt,
911 5233 989 5288 ad
1021 5250 1190 5306 spem
1223 5235 1606 5306 indulgentiae
1629 5247 2052 5311 provocantur.

468 5317 635 5373 Vens.
664 5322 749 5374 t0.
787 5351 858 5368 τη-
893 5322 1007 5388 Qui
1031 5325 1151 5379 ait:
1194 5325 1396 5382 Vocem
1426 5332 1590 5384 tuam
1613 5332 1820 5386 audivi
1849 5332 1913 5385 in
1931 5345 2052 5397 pas

395 5404 617 5477 radice,
640 5413 697 5463 et
722 5408 916 5476 timui,
954 5425 1019 5466 eo
1052 5413 1206 5482 quod
1229 5417 1427 5472 nudus
1457 5433 1658 5484 essem,
1684 5425 1737 5474 et
1769 5419 2054 5476 abscondi

392 5509 502 5551 me.
527 5494 848 5553 Miserrime
875 5513 1090 5568 genere
1115 5504 1442 5574 respondit,
1475 5505 1652 5578 quasi
1683 5505 1818 5562 ideo
1857 5509 2048 5579 possit

389 5582 702 5658 displicere
721 5587 950 5663 nudus,
971 5589 1122 5649 sicut
1146 5607 1285 5649 cum
1310 5594 1547 5654 fecerat.
1561 5599 1709 5661 Ante
1731 5602 2044 5668 peccatum

2211 1684 2392 1740 modo
2427 1683 2505 1744 ad
2535 1683 2871 1752 mulierem,
2916 1699 3103 1754 quam
3156 1683 3442 1747 Dominus
3492 1684 3760 1755 dederat,
3807 1693 3863 1742 et

2209 1777 2440 1830 reatum
2471 1789 2648 1832 suum
2679 1771 2922 1844 oblique
2949 1773 3008 1836 in
3040 1776 3356 1830 Auctorem
3387 1773 3616 1844 redegit
3636 1776 3740 1845 [2,,
3773 1792 3858 1832 re-

2209 1860 2357 1935 diit],
2397 1861 2501 1933 qui
2531 1861 2583 1915 ei
2614 1861 2792 1920 talem
2834 1861 3060 1918 sociam
3098 1861 3362 1928 dederat,
3406 1861 3567 1918 unde
3623 1864 3858 1920 occasio
3897 1864 3906 1873 '

2207 1949 2434 2020 peccati
2463 1952 2633 2004 esset.
2685 1947 2849 2003 Unde
2879 1963 3039 2010 nunc
3077 1964 3321 2019 quoque
3344 1948 3599 2012 humani
3625 1951 3858 2019 generis

2207 2038 2360 2094 rami
2385 2053 2457 2093 ex
2494 2037 2608 2094 hac
2635 2036 2834 2094 adhuc
2864 2035 3066 2092 radice
3095 2037 3559 2100 amaritudinem
3591 2039 3851 2109 trahunt,

2208 2131 2263 2182 et
2291 2142 2429 2186 cum
2459 2127 2533 2188 de
2565 2126 2704 2182 vitio
2734 2142 2844 2182 suo
2867 2125 3121 2198 quisque
3152 2127 3442 2196 arguitur,
3491 2127 3600 2182 sub
3647 2129 3850 2184 defen-

2209 2214 2448 2270 sionum
2480 2213 2716 2285 umbra,
2766 2213 2940 2284 quasi
2988 2213 3100 2268 sub
3143 2215 3429 2285 quaedam
3467 2231 3526 2270 se
3568 2216 3848 2276 arborum

2207 2302 2345 2358 folia
2373 2302 2711 2362 abscondit.
2754 2307 2818 2360 ln
2847 2319 2972 2374 qua
2999 2302 3269 2358 videlicet
3306 2303 3700 2361 occultatione
3732 2321 3853 2362 non

2207 2408 2269 2447 se
2297 2393 2572 2459 Domino,
2603 2392 2704 2452 sed
2740 2391 3060 2448 Dominum
3089 2391 3407 2448 abscondit
3433 2394 3567 2450 sibi.

2276 2483 2442 2537 Vens.
2489 2485 2572 2542 13.
2625 2513 2692 2528 —-—
2741 2482 2819 2536 Et
2859 2481 3014 2540 divit
3063 2483 3350 2544 Dominus
3389 2484 3469 2539 ad
3506 2486 3855 2544 mulierem:

2208 2569 2404 2636 Quare
2433 2572 2542 2626 hoc
2568 2571 2768 2639 fecisti
2796 2572 2822 2626 ?
2873 2571 3016 2636 Quae
3046 2573 3406 2640 respondens
3436 2575 3520 2630 ait
3545 2589 3567 2629 .'
3599 2576 3854 2643 Serpens

2205 2660 2434 2728 decepit
2476 2675 2583 2715 me.
2635 2659 2908 2716 Similiter
2955 2665 3012 2718 et
3057 2661 3268 2717 mulier
3317 2662 3558 2734 culpam
3612 2664 3855 2736 oblique

2206 2749 2284 2804 ad
2341 2751 2678 2808 Creatorem
2734 2755 3076 2820 retorquere
3132 2750 3338 2821 voluit,
3391 2766 3464 2807 eo
3521 2752 3689 2824 quod
3739 2753 3852 2810 illic

2204 2836 2422 2899 intrare
2479 2841 2818 2909 serpentem
2872 2839 3257 2909 permisisset.
3318 2841 3506 2895 Ecce!
3576 2841 3684 2906 Qui
3750 2857 3850 2898 ore

2505 2925 2760 2986 fallentis
2830 2926 3193 2985 audierant:
3265 2930 3452 2984 Eritis
3520 2931 3669 2984 sicut
3738 2931 3843 2994 dii,

2205 3018 2516 3086 peccatum
2546 3020 2870 3082 excusant;
2911 3021 2969 3072 et
3009 3017 3253 3089 quando
3294 3020 3405 3074 Deo
3446 3016 3666 3071 similes
3713 3032 3842 3074 esse

2203 3102 2265 3158 in
2303 3102 2610 3164 divinitate
2647 3104 3064 3175 nequiverunt,
3113 3105 3190 3160 ad
3235 3104 3446 3162 erroris
3493 3106 3583 3159 sui
3633 3121 3843 3160 cumu-

2201 3190 2353 3259 lum,
2401 3192 2588 3255 Detun
2637 3193 2750 3254 sibi
2799 3193 3053 3250 similem
3097 3193 3287 3256 facere
3333 3193 3393 3248 in
3440 3193 3618 3266 culpa
3647 3194 3848 3248 conati

2204 3285 2360 3344 sunt.
2425 3282 2514 3345 Sic
2580 3296 2744 3350 ergo,
2795 3287 2860 3345 ut
2901 3283 3030 3353 jam
3076 3283 3350 3354 superius
3399 3282 3843 3354 descripsimus,

2202 3368 2350 3424 dum
2395 3369 2712 3434 defendere
2761 3378 3074 3444 peccatum
3129 3389 3308 3427 suum
3365 3372 3709 3442 moliuntur,
3761 3372 3848 3427 vir

2201 3472 2308 3528 per
2351 3458 2685 3527 mulierem,
2733 3445 2947 3516 mulier
2999 3475 3104 3530 per
3156 3465 3513 3531 serpentem,
3548 3461 3844 3526 auferunt,

2200 3547 2367 3622 quod
2433 3547 2780 3612 humilitatis
2854 3547 3224 3604 confessione
3289 3548 3486 3604 delere
3548 3555 3842 3620 poterant.

2202 3637 2365 3698 Unde
2394 3653 2554 3697 nunc
2600 3654 2789 3710 usque
2833 3637 2897 3693 in
2945 3654 3060 3694 usu
3096 3638 3474 3709 peccantium
3523 3640 3738 3708 agitur,
3783 3645 3847 3694 ut

2197 3727 2375 3799 culpa
2427 3744 2566 3782 cum
2613 3728 2899 3796 arguitur,
2951 3727 3326 3798 defendatur,
3377 3733 3434 3788 et
3479 3730 3637 3785 unde
3687 3729 3843 3784 ﬁniri

2194 3816 2422 3883 debuit,
2452 3827 2648 3873 reatus
2678 3817 2817 3873 inde
2847 3818 3184 3874 cumuletur
3224 3820 3326 3889 [Z.,
3371 3824 3684 3890 peccatum
3725 3824 3843 3875 tra-

2193 3907 2369 3974 hitur,
2404 3913 2467 3963 ut
2495 3906 2692 3979 culpa,
2739 3907 2886 3964 dum
2935 3908 3148 3977 agitur,
3191 3907 3566 3977 defendatur,
3598 3914 3653 3964 et
3681 3909 3842 3964 unde

2191 3995 2346 4052 ﬁniri
2375 3996 2601 4063 debuit,
2633 4001 2833 4054 reatus
2871 3997 3010 4053 inde
3045 3997 3420 4068 cumuletur].
3476 3998 3580 4052 Hic
3630 4003 3840 4056 notan-

2188 4084 2337 4140 dum
2387 4089 2477 4142 est
2521 4086 2686 4156 quod
2737 4101 2917 4142 omne
2973 4093 3300 4158 peccatum
3327 4091 3587 4157 quatuor
3641 4087 3838 4142 modis

2185 4178 2559 4246 perpetratur
2603 4173 2666 4229 in
2713 4174 2914 4245 corde,
2963 4181 3222 4247 quatuor
3251 4175 3431 4230 etiam
3461 4175 3660 4230 modis
3691 4191 3836 4230 con-

2185 4266 2522 4323 summatur
2541 4262 2601 4318 in
2623 4278 2822 4335 opere.
2852 4267 2916 4322 in
2943 4263 3123 4319 corde
3144 4278 3410 4334 namque
3432 4263 3831 4333 suggestione,

2183 4351 2593 4415 delectatione,
2621 4368 2940 4419 consensu,
2967 4360 3024 4410 et
3044 4353 3405 4410 defensionis
3427 4353 3682 4412 audacia
3702 4369 3834 4426 pcr-

2180 4445 2466 4512 petratur,
2509 4441 2661 4497 sicut
2705 4442 2801 4498 hic
2847 4442 3314 4500 demonstratur.
3363 4443 3446 4498 Fit
3483 4442 3645 4498 enim
3691 4458 3834 4512 sug-

2179 4531 2369 4601 gestio
2418 4546 2524 4602 per
2563 4531 3000 4601 adversarium,
3053 4531 3364 4588 delectatio
3408 4548 3513 4604 per
3563 4548 3831 4595 carnem,

2179 4634 2505 4676 consensus
2537 4635 2644 4693 per
2671 4620 2962 4692 spiritum,
3012 4619 3376 4676 defensionis
3425 4620 3679 4678 audacia
3723 4638 3834 4692 per

2175 4708 2516 4765 elationem.
2581 4709 2770 4782 Culpa
2833 4711 3015 4777 enim,
3089 4726 3227 4782 quae
3285 4714 3500 4766 terrere
3563 4715 3829 4768 mentem

2173 4798 2399 4869 debuit,
2459 4799 2702 4867 extollit,
2762 4805 2820 4855 et
2878 4799 3214 4871 dejiciendo
3268 4798 3483 4869 elevat,
3543 4799 3646 4855 sed
3696 4814 3834 4868 gra-

2170 4887 2302 4942 vius
2342 4887 2634 4944 elevando
2681 4888 3047 4961 supplantat.
3104 4887 3266 4943 Unde
3318 4892 3375 4943 et
3429 4887 3593 4944 illam
3649 4886 3833 4959 primi

2168 4977 2430 5034 hominis
2459 4978 2877 5035 rectitudinem
2924 4977 3204 5034 diabolus
3250 4977 3342 5033 his
3389 4981 3651 5050 quatuor
3697 4977 3832 5032 icti-

2166 5065 2282 5122 bus
2339 5068 2528 5138 fregit.
2584 5073 2734 5124 Nam
2793 5083 3042 5140 serpens
3100 5067 3304 5136 suasit,
3366 5071 3483 5123 Eva
3533 5066 3833 5125 delectata

2165 5160 2271 5223 est,
2319 5156 2514 5212 Adam
2558 5156 2881 5226 consensit,
2931 5155 3036 5228 qui
3083 5155 3263 5211 etiam
3313 5156 3634 5229 requisitas
3679 5171 3829 5212 con—

2163 5243 2314 5298 titeri
2339 5244 2580 5318 culpam
2611 5261 2715 5316 per
2745 5244 3067 5300 audaciam
3100 5243 3307 5301 noluit.
3358 5248 3478 5300 Hoc
3521 5261 3729 5301 verum
3761 5245 3829 5301 in

2160 5333 2432 5390 humano
2453 5350 2668 5404 genere
2685 5333 2952 5407 quotidie
2972 5333 3189 5405 agitur,
3214 5335 3376 5407 quod
3398 5341 3601 5391 actum
3615 5337 3678 5391 in
3701 5336 3827 5407 pri-

2160 5437 2262 5478 mo
2295 5427 2540 5494 parente
2569 5439 2692 5479 non
2717 5424 3046 5493 ignoratur.
3101 5425 3354 5498 Serpens
3399 5424 3630 5491 suadet,
3676 5425 3828 5496 quia

2159 5512 2429 5568 occultus
2468 5513 2654 5569 hostis
2698 5512 2860 5570 mala
2903 5513 3187 5571 cordibus
3215 5515 3535 5572 hominum
3564 5514 3825 5570 latenter

2158 5601 2445 5672 suggerit.
2474 5605 2589 5660 Eva
2611 5602 2904 5662 delectata
2929 5609 3038 5672 est,
3061 5605 3206 5678 quia
3225 5603 3484 5662 carnalis
3505 5619 3719 5661 sensus
3737 5604 3822 5661 ad
