4180 6186
428 145 522 202 143

1523 130 1882 191 ANGELOMI
1911 127 2362 188 LUXOVIENSIS
2390 102 2702 189 MONACHl

3732 137 3836 192 144

418 271 586 323 terrae
612 258 1027 318 maledictione
1066 258 1200 324 hoc,
1234 258 1399 330 quod
1449 259 1633 314 homo
1683 255 1889 311 divina
1932 267 2075 309 voce
2107 253 2154 305 A
2183 258 2397 310 ventus
2422 255 2502 311 ad
2521 257 3197 317 senectutem,senectus
3225 253 3435 310 transit
3460 255 3539 312 ad
3551 260 3833 326 mortem,

416 355 611 409 facere
663 347 1032 423 prohibetur,
1090 346 1336 401 infertur
1376 346 1404 401 ?
1459 345 1572 401 Sed
1630 343 1944 400 sciendum
1987 344 2076 396 est
2183 340 2266 395 sic
2298 342 2418 397 suis
2441 343 2780 413 augmentis
2801 343 2879 399 ad
2906 342 3264 399 detrimenta
3283 342 3624 415 impellitur.
3642 346 3723 402 Et
3742 362 3838 403 co-

415 440 582 513 quod
630 438 934 510 Scriptura
975 435 1215 490 duobus
1258 433 1454 488 modis
1498 433 1883 489 maledictum
1912 446 2071 486 com-

2179 430 2372 485 medes
2402 431 2615 487 herbas
2638 437 2833 500 terra,
2856 436 2913 487 et
2936 430 3186 504 reliqua.
3211 430 3311 486 Hic
3332 431 3668 488 ostenditur
3689 434 3836 507 quia

413 532 737 585 memorat:
800 524 961 581 aliud
1010 522 1283 578 videlicet
1333 522 1499 595 quod
1552 521 1868 595 approbat,
1907 518 2072 575 aliud
2178 516 2527 574 hominibus
2554 522 2690 575 ante
2719 518 3014 574 diluvium
3066 534 3188 575 non
3231 534 3464 588 carnes,
3495 520 3602 576 sed
3628 521 3833 579 herbae

412 618 578 689 quod
604 617 874 672 damnat.
907 612 1084 667 Aliter
1130 611 1291 667 enim
1338 612 1724 667 maledictum
1772 610 2071 684 profertur
2178 603 2524 679 fructusque
2554 606 2842 662 arborum
2872 606 3027 662 datae
3054 606 3293 662 suntad
3330 606 3661 664 edendum.
3689 609 3832 666 Hinc

407 705 637 776 judicio
663 702 923 775 justitiaa,
955 700 1120 755 aliter
1143 699 1328 755 livore
1364 700 1663 756 vindictae.
1698 699 2068 757 Maledictum

411 794 633 866 quippe
650 790 876 863 judicio
900 789 1140 861 justitiaa
1176 790 1445 861 peccanti
1478 789 1707 844 homini
1744 788 2067 860 probatum

350 893 361 907 '
411 886 515 941 est,
540 897 677 935 cum
702 877 964 932 audivit:
998 878 1322 933 Maledicta
1348 883 1508 933 terra
1531 880 1591 933 in
1613 892 1789 946 opere
1812 881 1932 931 tuo.
1957 877 2067 931 Ma-

406 970 688 1024 ledictum
713 966 938 1037 judicio
964 966 1203 1037 justitiae
1230 965 1543 1037 profertur,
1579 981 1715 1021 cum
1757 964 1835 1020 ad
1874 963 2063 1019 Abra-

406 1060 549 1114 ham
572 1057 785 1113 dicitur
809 1074 820 1110 :
854 1056 1212 1111 Maledicam
1243 1056 1737 1112 maledicentibus
1765 1054 1893 1110 tibi.
1922 1056 2063 1109 Rur-

408 1164 544 1219 sum
568 1145 713 1218 quia
744 1143 1127 1199 maledictum
1158 1159 1280 1199 non
1306 1143 1533 1214 judicio
1558 1143 1819 1214 justitim,
1851 1141 1956 1198 sed
1993 1140 2064 1196 li-

404 1252 543 1292 vore
588 1233 860 1288 vindictae
912 1232 1225 1304 promitur,
1284 1249 1428 1289 voce
1472 1232 1639 1288 Pauli
1685 1228 2063 1305 prmdicantis

404 1325 825 1388 admonemur,
853 1320 957 1392 qui
988 1323 1099 1376 ait:
1136 1321 1475 1377 Benedicile
1503 1327 1554 1377 et
1596 1322 1781 1376 nolite
1822 1319 2063 1375 maledi-

403 1430 533 1470 cere
562 1414 728 1483 (Rom
750 1429 845 1468 χιι.
879 1414 954 1483 4).
990 1414 1056 1468 Et
1079 1427 1354 1466 rursum:
1389 1413 1591 1482 Neque
1619 1409 1898 1467 maledici
1935 1425 2060 1481 reg-

338 1526 344 1534 -
402 1518 545 1556 num
572 1503 681 1556 Dei
696 1501 1079 1571 possidebunt
1110 1500 1169 1570 (Ῐ
1185 1499 1321 1555 Cor.
1357 1516 1431 1568 v1,
1470 1500 1572 1570 10).
1599 1499 1752 1554 Deus
1774 1513 1916 1568 ergo
1934 1514 2059 1554 ma—

2178 695 2451 765 estquod
2504 693 2755 767 quidam
2791 694 3034 766 sapiens
3062 694 3336 750 versibus
3386 694 3662 752 alludens
3711 698 3827 755 ait:

2174 776 2351 837 Felix
2369 784 2621 839 nimium
2649 784 2821 853 prior
2848 789 2991 839 aetas
3030 788 3310 839 contenta
3333 784 3612 853 ﬁdelibus
3641 789 3828 855 arvis,

2174 884 2282 925 nec
2310 871 2492 926 inerti
2514 872 2759 940 perdita
2793 872 2965 939 luxu,
2997 872 3291 943 facilique
3319 887 3455 929 sera
3484 873 3709 931 solebat
3738 878 3833 946 je-

2162 960 2348 1026 junia
2376 960 2605 1015 solvere
2631 960 2874 1030 glande.
2911 959 3015 1014 Hic
3070 974 3315 1031 quoque
3346 959 3684 1018 notandum
3741 968 3831 1020 est

2172 1046 2315 1118 quia
2346 1052 2575 1119 septem
2606 1052 2745 1103 sunt
2771 1051 3019 1121 peccata
3043 1047 3202 1115 Adae,
3221 1051 3280 1104 et
3306 1047 3443 1104 ideo
3464 1049 3730 1119 totidem,
3750 1051 3828 1108 si-

2173 1139 2270 1189 cut
2291 1134 2474 1207 aliqui
2496 1135 2859 1202 describunt,
2894 1135 3227 1191 subsecutae
3274 1140 3417 1192 sunt
3466 1137 3828 1196 maledictio-

2170 1238 2299 1278 nes.
2344 1223 2604 1278 Primum
2633 1227 2950 1295 peccatum
2973 1223 3279 1296 superbia,
3304 1223 3451 1296 quia
3474 1225 3677 1282 dilexit
3694 1243 3824 1284 esse

2170 1308 2232 1365 in
2263 1327 2376 1366 sua
2405 1315 2696 1383 potestate
2719 1311 2856 1383 plus
2887 1328 3073 1384 quam
3098 1312 3219 1368 Dei.
3255 1313 3619 1384 Secundum,
3645 1315 3825 1371 sacri-

2168 1398 2413 1469 legium,
2435 1400 2582 1471 quia
2602 1403 2715 1455 Deo
2729 1415 2850 1455 non
2863 1400 3415 1471 credidit.Tertium,
3428 1401 3825 1459 homicidium

2173 1488 2318 1559 quia
2344 1488 2733 1560 semetipsum
2764 1488 3073 1561 peccando
3089 1487 3325 1544 occidit.
3343 1490 3826 1563 Quartum,un

397 1589 649 1645 ledicere
675 1590 908 1657 dicitur,
941 1593 998 1645 et
1033 1593 1237 1644 tamen
1271 1587 1627 1644 maledicere
1655 1587 1841 1644 homo
1861 1588 2057 1659 prohi-
2090 1600 2130 1653 Β
2170 1574 2624 1633 fornicationem
2655 1576 2993 1648 spiritaliter
3032 1577 3108 1649 [Ζ
3115 1618 3152 1645 ’ν
3192 1576 3541 1650 spiritalem]
3587 1578 3819 1648 113131113,

332 1654 350 1665 ⁴
397 1673 591 1743 betur,
623 1674 767 1747 quia
796 1654 962 1745 quod
990 1673 1175 1728 homo
1198 1672 1321 1742 agit
1340 1672 1568 1727 malitia
1587 1654 1881 1739 vindictae;
1906 1674 2059 1729 Deus

396 1778 519 1818 non
550 1763 689 1818 facit
716 1762 829 1817 nisi
850 1764 960 1833 [Z.,
983 1762 1082 1833 ait,
1119 1760 1351 1816 malitia
1367 1760 1656 1830 vindictae,
1682 1763 1835 1816 Deus
1857 1764 2058 1817 autem

396 1867 519 1907 non
538 1851 678 1907 facit
702 1850 835 1916 nisi,
860 1850 1019 1920 etc.],
1042 1848 1317 1905 examine
1334 1852 1391 1905 et
1411 1848 1623 1904 virtute
1640 1848 2057 1919 justitiae.Cum

392 1956 535 1996 vero
577 1940 769 1996 sancti
817 1939 926 1994 viri
972 1937 1409 1994 maledictionis
1460 1937 1818 1993 sententiam
1865 1938 2058 2010 profe-

299 2070 307 2076 .
389 2034 549 2094 runt,
588 2045 709 2084 non
761 2029 919 2083 hanc
960 2044 1031 2082 ex
1074 2031 1213 2083 voto
1260 2025 1523 2090 ultionis,
1559 2025 1667 2081 sed
1695 2042 1769 2082 ex
1811 2026 2055 2097 justitim

388 2118 663 2175 examine
694 2119 1036 2189 erumpunt.
1065 2119 1224 2171 Intus
1284 2120 1441 2170 enim
1489 2114 1702 2171 subtile
1750 2115 1852 2171 Dei
1892 2114 2054 2185 judi-

387 2209 546 2263 cium
604 2206 923 2278 aspiciunt,
957 2209 1014 2260 et
1067 2203 1231 2259 mala
1286 2203 1445 2259 foras
1496 2203 1865 2273 exurgentia,
1907 2203 2054 2276 quia

383 2295 724 2352 maledictio
754 2292 1014 2349 debeant
1040 2292 1217 2358 feriri,
1246 2296 1637 2361 cognoscunt,
1667 2295 1723 2347 et
1745 2308 1816 2348 eo
1840 2292 1902 2347 in
1928 2308 2053 2348 ma-

381 2384 599 2439 ledicto
638 2399 760 2438 non
806 2387 1076 2455 per-cant,
1105 2397 1226 2453 quo
1271 2381 1349 2436 ab
1388 2381 1621 2436 interno
1659 2380 1887 2451 judicio
1925 2396 2048 2436 non

381 2473 747 2529 discordant.
799 2471 1125 2541 Allegorice
1153 2486 1397 2542 quoque
1438 2470 1625 2542 spinae
1664 2469 1726 2525 in
1744 2469 2043 2541 signiﬁca-

387 2563 543 2618 tione
573 2566 957 2634 peccatorum
991 2564 1317 2631 ponuntur.
1352 2558 1443 2613 Ait
1468 2560 1661 2613 enim:

453 2698 622 2750 Vens.
661 2695 745 2749 18.
775 2725 843 2733 —
881 2694 1066 2748 Terra
1095 2694 1298 2761 spinas
1321 2692 1377 2747 el
1406 2692 1657 2747 tribulos
1684 2690 2041 2762 geminabit

380 2784 504 2839 tibi.
546 2782 712 2847 Quod
738 2786 826 2837 est
849 2786 1049 2854 aperte
1077 2780 1273 2835 dicere
1303 2796 1316 2833 :
1353 2780 1732 2835 Conscientia
1752 2785 1856 2835 tua
1893 2795 2043 2852 pun-

379 2874 604 2927 ctiones
630 2871 735 2927 tibi
766 2875 822 2927 et
851 2870 1093 2927 aculeos
1124 2869 1399 2924 vitiorum
1430 2885 1746 2941 procreare
1774 2884 1895 2924 non
1935 2867 2039 2924 de-

377 2962 557 3016 sistet.
588 2960 1018 3015 Verumtamen
1048 2974 1151 3029 per
1180 2962 1534 3012 sententiam
1565 2973 1701 3029 quae
1746 2958 1806 3011 in
1847 2956 2038 3012 virum
2072 2952 2111 3006 C

372 3049 641 3112 infertur,
672 3049 821 3104 ratio
853 3052 1057 3103 nostra
1089 3046 1377 3117 arguitur,
1400 3062 1557 3117 quae,
1582 3045 1808 3117 peccati
1829 3060 2041 3101 concu-

372 3139 662 3211 piscentia
685 3138 950 3201 seducta,
981 3152 1017 3191 a
1060 3136 1346 3208 paradiso
1385 3134 1769 3190 beatitudinis
1806 3139 2038 3191 remota

369 3229 551 3283 habet
580 3226 1030 3282 maledictiones
1055 3231 1299 3281 terrenae
1330 3226 1693 3296 operationis
1744 3240 1854 3297 pro
1900 3240 2039 3280 con-

370 3318 737 3388 cupiscentia
766 3316 1022 3387 peccati:
1056 3315 1238 3369 habet
1269 3321 1325 3368 et
1349 3314 1587 3369 dolore~
1616 3314 2034 3386 temporalium

369 3422 651 3460 curarum
679 3404 853 3475 quasi
883 3403 1087 3474 spinas
1112 3409 1168 3457 et
1192 3402 1460 3458 tribulos.
1487 3403 1576 3459 Sic
1609 3408 1814 3458 tamen
1840 3403 2032 3457 dimit.

372 3496 509 3549 titur
536 3510 571 3547 a
600 3492 884 3565 paradiso
928 3492 1313 3547 beatitudinis
1356 3498 1417 3546 ut
1470 3497 1747 3564 operetur
1789 3498 2027 3562 terram,

366 3582 427 3637 id
459 3588 547 3637 est
576 3588 639 3636 ut
666 3581 726 3636 in
757 3596 1005 3651 corpore
1036 3580 1145 3636 isto
1177 3579 1405 3636 laboret
1436 3586 1492 3637 et
1512 3580 1761 3635 collocet
1782 3579 1892 3633 sibi
1911 3595 2032 3635 me-

366 3673 545 3725 ritum
588 3669 881 3725 redeundi
911 3669 989 3724 ad
1037 3669 1222 3724 vitam
1278 3670 1538 3734 beatam,
1573 3685 1709 3740 quae
1768 3668 2029 3740 paradisi

365 3761 608 3815 nomine
636 3758 1022 3828 signiﬁcatur,
1066 3758 1374 3830 possitque
1424 3774 1675 3813 manum
1726 3759 2029 3829 porrigere

366 3849 445 3904 ad
473 3850 751 3904 arborem
784 3849 914 3904 vitae
944 3854 1001 3903 et
1028 3847 1223 3903 vivere
1250 3848 1309 3902 in
1339 3853 1653 3903 aeternum.
1680 3850 1885 3903 Manus
1926 3863 2029 3903 au-

363 3941 483 3993 tem
515 3938 805 4009 porrectio
833 3937 987 3992 bene
1034 3936 1330 4007 signiﬁcat
1373 3952 1634 4005 crucem,
1658 3936 1753 3991 vel
1797 3936 2026 3992 crucia-

362 4031 489 4082 tum
519 4026 900 4098 paenitentiae,
933 4042 1037 4098 per
1065 4042 1247 4097 quem
1278 4027 1378 4096 [Z.,
1406 4026 1615 4097 quam]
1647 4025 1766 4081 vita
1804 4030 2027 4080 aeterna

359 4120 771 4188 recuperatur.
803 4116 895 4170 Ait
925 4115 1107 4170 enim.

436 4232 610 4289 Vens.
648 4234 734 4288 19.
765 4263 834 4271 -
859 4232 1072 4287 Pulvis
1094 4246 1172 4297 es,
1196 4234 1249 4286 et
1270 4230 1333 4284 in
1359 4230 1667 4299 pulverem
1688 4230 2021 4285 reverteris.

2168 1663 2314 1736 quia
2350 1664 2749 1734 integritatem
2783 1666 3000 1720 mentis
3033 1665 3315 1737 corrupit.
3350 1665 3657 1735 Quintum,
3703 1667 3824 1723 fur-

2167 1758 2315 1822 tum,
2337 1753 2483 1826 quia
2512 1753 2715 1810 cibum
2744 1754 3134 1826 prohibitum,
3166 1754 3375 1825 attigit.
3403 1756 3668 1827 Sextum,
3685 1772 3821 1813 ava-

2166 1840 2318 1906 ritia,
2349 1841 2493 1913 quia
2517 1841 2653 1914 plus
2681 1858 2867 1915 quam
2898 1842 3106 1899 debuit
3129 1842 3432 1916 appetivit.
3464 1844 3817 1916 Septimum,

2164 1928 2323 1999 gula,
2358 1928 2502 2001 quia
2552 1929 2794 1985 vetitum
2837 1930 3099 1987 fructum
3145 1930 3422 1987 comedit.
3459 1933 3819 2006 Quanquam

2165 2021 2397 2089 septem
2426 2017 2541 2073 sint
2566 2017 2730 2087 vitia,
2757 2022 2815 2073 et
2838 2018 2975 2075 ideo
3006 2023 3237 2091 septem
3258 2034 3454 2091 paenaa
3483 2020 3817 2077 subsecutae

2165 2110 2324 2161 sunt.
2357 2105 2572 2177 Prima,
2604 2106 2942 2163 maledictio
2974 2111 3141 2163 terrae
3189 2108 3239 2179 ej
3253 2124 3340 2165 us.
3372 2109 3643 2165 Secunda
3664 2109 3814 2180 ejec-

2162 2192 2243 2248 tio
2272 2192 2347 2249 de
2374 2193 2675 2265 paradiso.
2709 2196 2918 2263 Tertia,
2945 2195 3239 2265 adventus
3268 2196 3329 2251 in
3366 2201 3582 2253 terram
3608 2196 3807 2254 vilem.

2162 2282 2404 2353 Quarta,
2433 2298 2599 2338 mors
2626 2282 2749 2338 filii.
2782 2284 3019 2352 Quinta,
3059 2283 3251 2340 labor.
3282 2286 3476 2353 Sexta,
3509 2301 3673 2341 mors
3692 2301 3813 2341 cor-
3912 2304 3927 2315 δ

2157 2369 2341 2441 poris.
2372 2370 2654 2442 Septima,
2682 2371 2997 2428 descensio
3045 2372 3175 2443 ejus
3223 2372 3285 2428 in
3315 2373 3431 2443 [Z.,
3487 2372 3589 2444 ad]
3640 2372 3813 2430 infer-

2154 2472 2327 2513 num.
2359 2461 2426 2514 Et
2452 2458 2597 2532 quia
2641 2459 2859 2533 septies
2898 2460 3187 2533 peccavit,
3233 2465 3480 2534 septem,
3513 2461 3810 2518 vindictas

2153 2547 2393 2619 recepit.
2438 2548 2549 2604 Sed
2582 2548 2677 2604 hic
2708 2548 2904 2621 placet
2930 2549 3229 2621 inquirere
3257 2565 3445 2622 quare
3469 2550 3810 2621 angelicum

2152 2635 2229 2705 [Ζ
2235 2677 2273 2705 .,
2302 2635 2519 2707 angeli]
2550 2642 2864 2709 peccatum
2913 2637 3146 2693 silentio
3174 2637 3237 2692 in
3291 2637 3408 2693 hoc
3459 2638 3633 2702 libro,
3664 2638 3808 2695 abs-

2152 2724 2459 2781 conditum
2488 2730 2595 2793 est,
2629 2731 2684 2782 et
2722 2725 2985 2782 hominis
3036 2726 3401 2799 patefactum
3454 2728 3571 2799 [Z.,
3628 2733 3805 2799 esset,

2150 2813 2410 2869 hominis
2441 2830 2582 2870 vero
2604 2814 2782 2887 pate],
2800 2819 2857 2870 et
2885 2830 2993 2870 cur
3022 2815 3245 2870 summi
3274 2815 3471 2886 angeli
3493 2816 3687 2872 scelus
3714 2816 3807 2873 in-

2150 2902 2419 2957 sanabile
2449 2901 2578 2972 fuit,
2607 2908 2664 2958 et
2687 2902 2950 2958 hominis
2967 2902 3281 2959 sanabile?
3307 2903 3426 2958 Nisi
3444 2904 3590 2975 quia
3619 2920 3804 2976 ange-

2146 2988 2327 3044 licum
2357 2990 2575 3046 vulnus
2608 2993 2764 3046 Deus
2793 3006 2915 3046 non
2952 2990 3404 3062 praedestinavit
3432 3007 3662 3060 curare,
3696 2993 3802 3049 ho-

2145 3077 2325 3133 minis
2339 3094 2481 3134 vero
2497 3094 2711 3135 sanare
2726 3078 3262 3151 praedestinavitEt
3281 3078 3424 3150 quia
3437 3079 3687 3147 angelus
3705 3080 3800 3134 sui

2144 3167 2380 3223 sceleris
2409 3168 2685 3223 inventor
2732 3168 2859 3235 fuit,
2893 3167 3079 3222 homo
3110 3182 3250 3222 vero
3299 3166 3541 3222 alterius
3586 3166 3799 3223 fraude

2144 3256 2446 3313 seductus.
2478 3261 2623 3312 item
2659 3262 2889 3329 quanto
2910 3255 3221 3310 sublimior
3252 3256 3433 3325 [Petra
3468 3261 3688 3310 om.est
3702 3255 3801 3311 hic

2141 3350 2193 3400 et
2226 3346 2416 3415 infra]
2448 3350 2539 3401 est
2570 3345 2822 3415 angelus
2869 3346 2932 3400 in
2987 3344 3196 3413 gloria,
3259 3349 3423 3398 tanto
3477 3342 3673 3414 major
3736 3343 3799 3399 in

2138 3432 2331 3487 ruina.
2362 3434 2554 3488 Homo
2583 3448 2725 3488 vero
2769 3439 2997 3504 quanto
3044 3431 3311 3502 fragilior
3341 3436 3428 3486 est
3469 3431 3531 3486 in
3562 3436 3797 3502 natura,

2138 3524 2304 3576 tanto
2338 3520 2566 3577 facilior
2593 3519 2673 3575 ad
2703 3521 2964 3576 veniam.

2210 3611 2373 3664 Vens.
2406 3612 2567 3665 20.—
2594 3609 2674 3664 Et
2705 3610 2934 3665 vocavit
2975 3609 3173 3665 Adam
3199 3624 3412 3667 nomen
3438 3611 3646 3667 uxoris
3673 3625 3793 3666 suae

2136 3699 2289 3767 Eva,
2323 3713 2388 3754 eo
2416 3699 2577 3769 quod
2606 3702 2803 3753 mater
2852 3703 2995 3753 esset
3045 3704 3401 3753 cunctorum
3446 3701 3790 3755 viventium.

2136 3789 2259 3842 Eva
2286 3786 2709 3858 interpretatur
2742 3789 2887 3858 vita,
2912 3786 3034 3841 sive
3056 3787 3397 3857 calamitas,
3425 3786 3549 3843 sive
3580 3802 3685 3844 vae.
3706 3789 3797 3843 Vi-

2137 3882 2219 3947 ta,
2251 3891 2395 3948 quia
2424 3876 2595 3946 origo
2626 3875 2737 3931 fuit
2756 3875 3065 3943 nascendi,
3097 3880 3155 3931 et
3198 3875 3335 3932 ideo
3366 3882 3563 3932 mater
3615 3891 3792 3933 cunc-

2136 3970 2335 4021 torum
2364 3964 2596 4020 dicitur.
2631 3966 2963 4021 Catamitus
2984 3968 3041 4019 et
3064 3978 3173 4033 vce,
3206 3964 3350 4036 quia
3377 3980 3486 4037 per
3504 3964 3789 4037 praevari-

2133 4054 2432 4109 cationem
2455 4069 2639 4109 causa
2668 4054 2890 4108 exstitit
2918 4051 3247 4117 moriendi;
3281 4052 3607 4109 acadendo
3627 4053 3790 4109 enim

2133 4142 2448 4198 calamitas
2472 4156 2698 4197 nomen
2722 4142 2997 4215 sumpsit.
3026 4140 3140 4195 Alii
3190 4145 3392 4196 autem
3432 4141 3664 4198 dicunt:
3699 4141 3788 4198 0b

2131 4230 2246 4286 hoc
2275 4233 2395 4286 Eva
2418 4232 2541 4287 vita
2570 4235 2627 4287 et
2641 4231 2959 4287 calamitas
2990 4234 3079 4286 est
3106 4228 3428 4302 appellata,
3453 4229 3600 4302 quia
3626 4245 3786 4302 saepe

364 4321 533 4387 Quod
550 4321 668 4377 alia
702 4319 1012 4376 translatio
1044 4295 1413 4373 manifestius
1442 4317 1631 4389 ponit:
1668 4318 1853 4373 Terra
1868 4332 1945 4386 es,
1969 4323 2023 4374 et
2057 4295 2101 4347 θ
2133 4319 2345 4376 mulier
2373 4320 2502 4376 viro
2527 4336 2713 4376 causa
2742 4319 2950 4375 salutis
2979 4323 3086 4386 est,
3131 4295 3289 4391 saepe
3318 4295 3786 4386 calamitatis,-et

362 4412 660 4467 interram
673 4409 802 4465 ibis.
820 4407 1047 4463 Primus
1070 4407 1254 4462 homo
1271 4406 1353 4462 ita
1377 4404 1653 4462 conditus
1671 4405 1781 4461 fuit
1802 4409 1884 4473 ut,
1902 4422 2026 4462 ma-

361 4503 536 4555 nente
558 4499 678 4566 illo,
697 4496 1055 4553 decederent
1087 4500 1466 4568 tempora,ne
1484 4510 1624 4549 cum
1649 4494 2022 4566 temporibus

358 4589 486 4661 ipse
503 4584 1183 4644 transiret.Stabatenim
1199 4583 1520 4639 momentis
1543 4582 2021 4638 decurrentibus.

359 4676 502 4746 quia
524 4690 911 4747 nequaquam
935 4672 1013 4729 ad
1030 4672 1163 4728 vita:
1184 4671 1511 4728 terminum
1533 4686 1639 4742 per
1652 4670 2024 4727 incrementa

358 4765 740 4819 tendebat.At
756 4764 856 4818 ubi
886 4763 1095 4819 vitium
1113 4762 1376 4833 contigit,
1402 4777 1545 4840 mox
1584 4759 1818 4817 offenso
1856 4763 2025 4818 Crea-

356 4854 482 4907 tore
518 4852 697 4922 coepit
719 4851 801 4905 ire
834 4868 971 4906 cum
994 4856 1282 4925 tempore,
1303 4855 1359 4908 et
1388 4851 1523 4908 ideo
1544 4851 1809 4908 audivit:
1837 4853 2023 4910 Terra

358 4955 435 5006 es,
456 4945 511 4994 et
538 4940 599 4994 in
625 4944 851 4995 terram
891 4939 1038 5009 ibis;
1067 4946 1224 4996 statu
1248 4941 1523 4997 videlicet
1560 4941 2021 4997 immortalitatis

354 5027 602 5091 amisso,
634 5043 844 5082 cursus
894 5028 995 5096 [Ζ,,
1046 5043 1186 5082 mox
1233 5043 1374 5082 eum
1416 5044 1649 5094 cursus,
1690 5029 1827 5098 etc.]
1880 5045 2021 5084 eum

353 5116 733 5173 mortalitatis
774 5115 1109 5184 absorbuit,
1140 5110 1197 5170 et
1229 5114 1377 5169 dum
1415 5115 1477 5170 in
1506 5117 1814 5186 juventute
1837 5115 1915 5172 ad
1935 5132 2021 5173 se-

350 5206 542 5272 nium,
560 5224 595 5261 a
612 5206 777 5262 senio
794 5206 1122 5261 traheretur
1144 5202 1224 5260 ad
1245 5207 1500 5259 mortem
1507 5203 1908 5273 ,transeundo
1933 5204 2019 5259 di-

350 5293 492 5351 dicit
509 5295 719 5351 stando
742 5294 889 5367 quid
915 5293 1040 5349 fuit.
1064 5294 1245 5365 Cujus
1283 5307 1415 5361 nos,
1432 5292 1576 5365 quia
1589 5292 1663 5348 de
1682 5292 2015 5365 propagine

347 5383 673 5452 nascimur,
706 5383 924 5439 radicis
955 5381 1418 5438 amaritudinem
1447 5380 1623 5453 quasi
1664 5381 1725 5437 in
1755 5380 2013 5450 virgulto

343 5466 697 5541 retinemus;
721 5474 863 5546 quia
876 5472 1023 5527 dum
1043 5471 1296 5527 infantia
1314 5470 1393 5527 ad
1404 5469 1744 5543 pueritiam,
1760 5471 2012 5542 pueritia

344 5562 423 5618 ad
446 5561 931 5625 adolescentiam,
970 5559 1373 5618 adolescentia
1407 5559 1485 5620 ad
1493 5559 2009 5643 juventutem,ju-

2130 4408 2358 4470 mortis,
2382 4408 2550 4481 quod
2566 4414 2655 4464 est
2683 4406 3143 4480 vm.Spiritaliter
3155 4407 3217 4462 in
3234 4409 3349 4463 hoc
3370 4406 3539 4480 quod
3554 4410 3681 4464 vita
3699 4407 3786 4462 in-

2130 4496 2802 4571 terpretatur,signiticat
2816 4496 3299 4569 Ecclesiam,quaa
3309 4502 3502 4552 mater
3514 4496 3784 4552 vivorum

2126 4584 2190 4641 id
2219 4590 2306 4641 est
2350 4589 2505 4640 recte
2556 4584 2851 4640 factorum
2896 4590 3164 4650 vocatur,
3217 4584 3440 4656 quibus
3482 4585 3783 4642 contraria

2130 4680 2271 4730 sunt
2284 4679 2691 4747 peccata,quse
2728 4672 2971 4729 nomine
2987 4677 3366 4729 mortuorum
3440 4672 3780 4743 signiﬁcan-

2130 4767 2246 4820 tur.

2201 4851 2371 4908 Vens.
2403 4854 2495 4907 2t.
2521 4883 2588 4894 —
2605 4852 2768 4909 Fecit
2794 4866 3026 4923 quoque
3047 4850 3331 4907 Dominus
3361 4850 3518 4906 Deus
3540 4850 3691 4907 Adae
3723 4855 3780 4907 et

2127 4943 2309 4997 uxori
2326 4943 2455 5009 ejus
2477 4942 2712 4997 tunicas
2729 4942 3038 5011 pelliceas,
3061 4945 3116 4996 et
3159 4939 3362 4994 induit
3403 4954 3521 5011 eos,
3568 4945 3624 4996 et
3664 4940 3775 4996 ait.

2127 5029 2279 5093 Quid
2306 5036 2395 5085 est
2412 5029 2580 5101 quod
2594 5031 2679 5085 eis
2704 5029 2933 5085 tunicas
2953 5028 3233 5100 pelliceas
3261 5027 3565 5084 contexit?
3585 5029 3654 5085 Ut
3673 5042 3779 5084 eos

2125 5113 2199 5188 [Ζ
2207 5158 2243 5184 .,
2267 5116 2380 5171 nisi
2403 5122 2466 5172 ut
2493 5118 2619 5187 eos]
2650 5116 2931 5172 mortales
2954 5115 3137 5171 fuisse
3163 5114 3514 5173 insinuaret.

2194 5207 2361 5259 Vens.
2384 5207 2549 5260 22.—
2578 5204 2733 5261 Ecce
2751 5205 2949 5260 Adam
2972 5204 3177 5273 factus
3206 5209 3290 5260 est
3315 5206 3491 5276 quasi
3519 5220 3675 5261 unus
3699 5220 3778 5262 ea:

2121 5292 2308 5363 nobis,
2331 5294 2518 5350 sciens
2534 5293 2749 5349 bonum
2771 5298 2824 5349 et
2846 5291 3193 5349 malum.Ait
3210 5293 3392 5363 enim,
3412 5294 3591 5366 quasi
3617 5310 3775 5350 unus

2120 5397 2196 5439 ex
2224 5382 2410 5438 nobis.
2439 5380 2530 5437 Sic
2566 5381 2830 5454 loquitur
2856 5381 3031 5453 quasi
3061 5385 3214 5438 esset
3230 5383 3407 5451 Deus,
3436 5381 3608 5455 quod
3636 5397 3774 5455 per-

2118 5472 2263 5529 tinet
2283 5470 2361 5527 ad
2391 5469 2729 5526 irrisionem
2771 5469 3136 5540 insultantis,
3166 5471 3260 5528 vel
3303 5470 3652 5528 deterrentis
3691 5470 3775 5527 ad

2122 5558 2467 5634 exemplum
2499 5558 2835 5630 timoris,ne
2863 5560 3000 5635 quis
3028 5561 3140 5635 [Z.,
3167 5576 3281 5620 om.
3302 5560 3459 5634 quis]
3473 5563 3769 5641 peccaret,
