4180 6186
301 195 401 249 MS

1669 186 2019 247 COMMENT.
2060 186 2133 243 1N
2173 188 2330 246 GEN.
3616 192 3714 249 146

292 313 436 387 quia
464 326 592 368 non
624 310 822 368 solum
848 311 930 369 ita
955 311 1144 367 factus
1174 315 1262 369 est
1290 316 1356 370 ut
1383 313 1509 370 ﬁeri
1555 315 1763 385 voluit,
1787 325 1813 351 ⁸
1843 312 1949 369 sed
1990 313 2037 366 A
2068 312 2437 381 signiﬁcatur
2466 317 2566 388 [Z.,
2600 316 2935 388 signiﬁcat],
2965 316 3133 390 quod
3162 331 3197 372 a
3222 315 3563 372 carnalibus
3580 332 3715 372 sen-

286 418 401 459 nec
430 400 581 457 illud
610 400 778 473 quod
809 399 998 456 factus
1027 401 1238 472 fuerat,
1270 406 1667 462 conservavit.
1713 402 1952 460 Benedi-

285 492 396 562 xit,
444 490 626 563 quasi
650 505 808 545 unus
833 504 908 546 ex
937 492 1126 557 nobis,
1150 491 1458 563 pluraliter
1486 498 1730 566 propter
1778 490 1955 548 Trini-

286 584 504 649 tatem,
534 582 589 635 et
631 576 824 633 illud:
854 578 1160 647 faciamus
1217 580 1536 652 hominem,
1591 586 1650 638 et
1700 581 1950 654 reliqua.

291 672 503 726 Sciens
523 668 735 724 bonum
764 672 820 724 et
849 669 1102 739 malum,
1132 668 1406 726 videlicet
1429 687 1537 743 per
1580 671 1953 744 experimen-

299 764 453 828 tum,
482 756 647 830 quod
677 760 832 813 Deus
863 758 1032 813 novit
1053 774 1159 831 per
1197 760 1579 832 sapientiam.
1636 762 1837 817 Videte
1883 776 1955 816 ne

292 848 456 917 forte
481 851 682 902 sumat
705 846 779 902 de
807 847 975 917 ligno
1001 848 1156 914 vitae,
1204 853 1259 903 et
1314 849 1476 905 vivat
1520 850 1584 905 in
1641 856 1950 906 aeternum.

291 935 436 991 Ideo
464 934 660 991 noluit
689 951 800 990 sua
829 935 1046 1008 pietate
1076 941 1141 992 ut
1164 936 1380 993 iterum
1407 944 1665 995 sumeret
1687 939 1763 994 de
1790 938 1952 1008 ligno

286 1025 449 1092 vitae,
481 1023 628 1097 quia
658 1023 708 1079 si
734 1023 875 1079 inde
900 1025 1259 1097 comederet,
1287 1027 1641 1084 immortalis
1670 1044 1809 1084 cum
1841 1042 1951 1082 suo

288 1118 542 1188 peccato
568 1118 865 1186 tanquam
894 1113 1195 1185 diabolus,
1229 1121 1294 1172 ut
1324 1116 1507 1189 aliqui
1547 1117 1776 1187 volunt,
1825 1132 1954 1190 per-

287 1207 583 1268 maneret,
612 1206 670 1258 et
691 1217 815 1258 non
836 1202 1052 1259 rediret
1068 1220 1178 1277 per
1198 1205 1632 1277 paenitentiam.
1664 1205 1828 1262 Unde
1844 1223 1952 1279 pu-

288 1296 421 1348 tant
436 1291 605 1364 quod
624 1306 943 1363 nunquam
967 1291 1041 1348 de
1060 1292 1224 1364 ligno
1246 1294 1379 1349 vitm
1402 1295 1781 1360 comedisset,
1806 1294 1953 1368 quia

290 1381 342 1437 si
370 1380 613 1448 edisset,
645 1380 947 1453 inquiunt,
978 1396 1103 1438 non
1153 1386 1447 1454 peccaret.
1505 1383 1703 1439 Aliter.
1758 1382 1951 1439 Voluit

288 1470 450 1524 Deus
477 1472 545 1524 ut
568 1472 850 1540 sumeret,
877 1473 934 1524 et
960 1485 1069 1541 per
1092 1470 1506 1543 paenitentiam
1533 1476 1945 1544 recuperaret;

296 1562 357 1612 et
384 1561 472 1612 est
494 1556 785 1625 ambigua
802 1556 1041 1613 locutio.
1071 1559 1398 1631 Loquimur
1418 1559 1579 1616 enim
1601 1559 1683 1615 sic
1706 1577 1845 1616 cum
1866 1559 1951 1615 di-

297 1647 491 1703 cimus
521 1663 536 1701 :
572 1646 712 1701 Ideo
738 1661 957 1702 moneo
977 1651 1032 1703 te
1058 1663 1133 1703 ne
1160 1647 1377 1704 iterum
1410 1648 1595 1705 facias
1643 1649 1809 1721 quod
1864 1648 1948 1705 fc-

294 1735 442 1801 cisti,
469 1733 737 1790 volentes
766 1734 929 1790 enim
960 1739 1023 1791 ut
1053 1735 1249 1792 faciat.
1279 1740 1344 1792 Et
1370 1736 1621 1793 iterum:
1655 1737 1794 1793 Ideo
1825 1754 1952 1794 mo-

292 1840 408 1880 neo
437 1828 493 1879 te
522 1838 602 1879 ne
633 1822 714 1878 sis
743 1823 963 1894 bonus,
995 1823 1260 1881 volentes
1289 1826 1493 1899 utique
1548 1830 1611 1882 ut
1663 1826 1753 1882 sit.
1811 1826 1952 1882 Ideo

292 1929 515 1970 moneo
547 1918 602 1968 te
623 1928 701 1968 ne
722 1911 1008 1985 desperes
1034 1914 1199 1986 quod
1210 1914 1411 1971 bonus
1432 1915 1633 1988 possis
1660 1931 1813 1972 esse.
1832 1915 1954 1972 Tali

296 2003 457 2058 enim
486 2002 675 2058 modo
704 2001 786 2058 ait
815 2002 1137 2075 Apostolus
1162 2021 1175 2059 :
1218 2005 1308 2061 Ne
1331 2006 1493 2075 forte
1521 2006 1619 2062 det
1647 2007 1771 2062 illis
1795 2008 1953 2062 Deus

295 2092 710 2162 paenitentiam
739 2092 822 2148 ad
845 2093 1314 2162 cognoscendam
1346 2096 1656 2152 veritatem
1697 2095 1784 2166 (ΙΙ
1802 2096 1949 2153 Tim.

294 2197 356 2251 ιι,
375 2186 491 2248 25ὶ,
518 2197 662 2237 cum
692 2181 810 2237 hoc
839 2181 1046 2254 utique
1082 2182 1379 2255 cupiebat.

366 2291 537 2344 Vens.
561 2292 649 2345 23.
666 2320 736 2330 —
759 2289 975 2345 Emisit
1002 2306 1133 2347 eum
1167 2292 1451 2347 Dominus
1476 2294 1634 2349 Deus
1664 2293 1738 2349 de
1760 2307 1951 2362 para-

298 2378 428 2434 diso
482 2379 826 2448 voluptatis,
878 2384 945 2434 ut
994 2386 1353 2449 operaretur
1407 2388 1653 2448 terram,
1704 2382 1777 2439 de
1832 2397 1951 2454 qua

293 2473 566 2537 sumptus
589 2474 675 2523 est
726 2471 919 2523 Potest
947 2484 1090 2540 ergo
1119 2469 1303 2526 videri
1315 2471 1503 2542 [Petr.
1524 2470 1672 2543 ﬁeri]
1695 2476 1760 2528 ut
1774 2487 1951 2544 prop-

293 2562 454 2613 terea
480 2557 671 2613 homo
694 2556 755 2612 in
774 2556 983 2613 labore
1008 2558 1189 2629 hujus
1222 2559 1353 2615 vitae
1378 2564 1536 2617 esset
1563 2561 1867 2630 dimissus,
1888 2566 1951 2619 ut

294 2645 626 2719 aliquando
653 2661 903 2702 manum
932 2647 1259 2719 porrigeret
1288 2649 1367 2704 ad
1392 2649 1671 2707 arborem
1704 2651 1855 2706 vitae.

363 2754 532 2808 Vnus.
567 2755 654 2808 24.
677 2784 747 2793 —
774 2753 853 2808 Et
882 2754 1053 2823 ejecit
1085 2754 1298 2811 Adam.
1332 2754 1506 2812 Haud
1521 2756 1778 2813 dubium
1799 2757 1949 2830 quin

300 2841 608 2897 Dominus.
629 2842 709 2897 Et
730 2842 1009 2899 habitare
1030 2844 1177 2913 fecit
1210 2852 1351 2901 ante
1376 2847 1731 2915 paradisum
1786 2848 1950 2903 volu-

291 2930 482 2999 ptatis
506 2928 836 2996 cherubim,
864 2936 920 2987 et
946 2931 1288 3000 ﬂammeum
1307 2934 1579 3004 gladium
1609 2941 1787 3006 atque
1816 2950 1947 2992 ver-

295 3019 529 3075 satilem
561 3019 642 3074 ad
695 3019 1143 3076 custodiendam
1203 3023 1359 3078 viam
1422 3023 1577 3093 ligni
1615 3025 1768 3080 vitae.
1820 3027 1947 3080 Non

295 3107 459 3180 quod
488 3107 696 3180 ipsum
726 3107 941 3176 Adam,
966 3124 1149 3181 quem
1180 3110 1451 3181 ejecerat,
1479 3114 1632 3167 Deus
1680 3111 1950 3168 habitare

295 3195 502 3252 fecerit
519 3201 731 3252 contra
751 3196 1101 3268 paradisum
1127 3198 1475 3271 voluptatis,
1508 3202 1615 3255 sed
1651 3200 1819 3272 quod
1848 3200 1949 3256 illo

293 3284 492 3356 ejecto
519 3288 663 3337 ante
686 3283 841 3338 fores
864 3285 1125 3356 paradisi
1156 3286 1467 3342 cherubim
1496 3291 1553 3342 et
1596 3287 1951 3344 ﬂammeum

292 3371 581 3443 gladium
614 3372 874 3444 posuerit
897 3374 968 3429 ad
988 3375 1448 3431 custodiendum
1478 3375 1853 3448 paradisum,
1874 3393 1949 3433 ne

289 3461 437 3535 quis
457 3460 652 3533 possit
672 3460 909 3519 intrare.
939 3464 1092 3520 Bene
1122 3464 1455 3531 cherubim,
1487 3464 1582 3520 vel
1600 3465 1950 3522 ﬂammeum

294 3550 570 3621 gladium
602 3554 783 3622 atque
815 3552 1169 3617 versatilem,
1223 3553 1303 3609 ad
1352 3554 1815 3611 custodiendum
1845 3572 1951 3629 po-

299 3639 432 3705 suit,
460 3637 526 3694 id
555 3643 648 3694 est
701 3654 811 3711 per
864 3640 1204 3710 angelicum
1259 3642 1654 3699 ministerium
1708 3643 1950 3713 igneam

307 3727 628 3799 quamdam
646 3728 985 3785 custodiam
1002 3730 1104 3801 [Z.,
1126 3730 1304 3801 ignea
1330 3732 1612 3804 quaedam
1635 3733 1949 3804 custodia],

311 3830 446 3887 qua:
476 3821 664 3872 tamen
696 3833 964 3888 congrue
994 3821 1289 3876 versatilis
1319 3837 1450 3876 esse
1478 3821 1695 3877 dicitur
1725 3838 1832 3893 pro
1881 3837 1951 3878 eo

304 3904 464 3976 quod
488 3906 862 3979 quandoque
893 3908 1119 3963 veniret
1145 3913 1379 3981 tempus
1412 3915 1474 3965 ut
1525 3911 1703 3967 etiam
1761 3926 1953 3966 remo-

300 3993 421 4048 veri
445 3994 758 4066 potuisset,
793 3995 1065 4052 videlicet
1106 3986 1212 4069 per
1263 3997 1590 4053 adventum
1650 3998 1804 4053 illius
1848 3999 1953 4071 qui

299 4096 420 4137 sua:
468 4082 902 4138 incarnationis
950 4084 1235 4155 mysterio
1295 4085 1402 4141 iter
1458 4085 1634 4141 nobis
1690 4086 1955 4158 paradisi

299 4170 875 4242 aperuit.Czeterum
931 4178 1068 4228 ante
1121 4174 1448 4230 adventum
1504 4174 1693 4246 ipsius
1744 4191 1955 4231 omnes

302 4260 523 4315 mortui
538 4259 619 4315 ad
638 4260 853 4316 inferni
878 4261 1135 4319 claustra
1163 4262 1609 4319 descendebant
1632 4281 1644 4319 :
1664 4266 1951 4336 quoniam

2067 401 2233 457 sibus
2260 402 2573 461 abstractae
2604 406 2963 479 voluptates,
2994 406 3097 478 qui
3122 425 3149 465 b
3175 404 3489 460 carnaliter
3517 404 3717 461 viven-

2063 493 2149 545 tes
2172 496 2310 548 sunt
2334 512 2346 562 ;
2378 494 2523 566 quia
2549 495 2699 551 sicut
2727 494 2909 568 pelles
2937 494 3368 550 abstrahuntur
3388 509 3424 549 a
3442 508 3710 566 corpore,

2060 577 2143 634 ita
2171 596 2369 653 pravae
2397 582 2727 656 voluptates
2758 600 2794 639 a
2821 587 3040 649 mente,
3082 586 3139 638 et
3193 581 3463 637 divinam
3520 580 3714 652 legem

2063 675 2543 742 consequuntur;
2567 676 2624 727 et
2644 672 2791 727 dum
2813 674 3241 727 convertuntur
3266 670 3345 725 ad
3389 671 3578 725 Deum
3608 686 3716 742 per

2060 754 2409 814 ﬂammeam
2436 760 2749 825 frameam,
2779 761 2840 815 id
2866 764 2953 815 est
2980 776 3088 832 per
3135 757 3545 814 tribulationes
3572 763 3714 813 tem-

2061 846 2319 918 porales,
2357 853 2605 919 peccata
2636 865 2746 904 sua
2772 846 3193 918 cognoscendo
3219 850 3276 901 et
3304 846 3625 916 gemendo,
3656 852 3715 902 et

2060 949 2168 1005 per
2189 935 2521 1007 cherubim,
2552 938 2613 993 id
2660 943 2751 993 est
2798 954 2905 1010 per
2942 934 3374 1009 plenitudinem
3431 934 3710 998 scientiae,

2061 1023 2225 1094 quod
2256 1029 2343 1080 est
2393 1025 2670 1094 Charitas,
2728 1026 3075 1099 perveniant
3122 1023 3200 1079 ad
3244 1022 3518 1079 arborem
3577 1022 3711 1078 vitae

2061 1110 2380 1183 Christum,
2394 1119 2451 1169 et
2471 1115 2678 1171 vivant
2697 1116 2757 1169 in
2782 1119 3091 1170 aeternum.
3109 1111 3427 1167 Cherubim
3446 1127 3712 1183 namque

2055 1200 2371 1268 plenitudo
2401 1204 2661 1260 scientiae
2674 1203 3122 1275 interpretatur:
3156 1201 3385 1257 framea
3400 1199 3706 1261 versatilis,

2062 1289 2258 1360 posita
2284 1291 2363 1346 ad
2394 1293 2853 1349 custodiendam
2884 1292 3045 1348 viam
3059 1291 3206 1360 ligni
3238 1290 3391 1352 vitae,
3417 1294 3711 1362 tempora-

2060 1379 2147 1435 les
2178 1396 2372 1452 pcenae
2402 1381 2831 1450 intelliguntur.
2857 1385 3042 1438 Nemo
3072 1380 3233 1435 enim
3278 1384 3476 1451 potest
3515 1394 3715 1451 perve-

2060 1469 2187 1525 nire
2207 1469 2286 1525 ad
2315 1469 2594 1526 arborem
2625 1470 2779 1539 vitae,
2813 1470 2929 1525 nisi
2958 1485 3065 1542 per
3094 1470 3207 1524 has
3238 1469 3391 1525 duas
3421 1484 3535 1533 res,
3568 1468 3714 1523 tole-

2060 1558 2321 1613 rantiam
2373 1558 2649 1615 videlicet
2698 1558 3130 1625 molestiarum,
3175 1561 3231 1612 et
3280 1556 3715 1629 plenitudinem

1994 1657 2034 1710 Β
2064 1646 2341 1713 scientiae,
2370 1647 2432 1702 id
2473 1652 2561 1702 est
2616 1663 2723 1719 per
2777 1647 3129 1702 charitatem
3188 1644 3286 1701 Dei
3333 1650 3391 1700 et
3434 1645 3711 1717 proximi.

2061 1737 2384 1792 Plenitudo
2434 1737 2601 1807 legis,
2650 1736 2842 1808 inquit
2900 1734 3242 1808 Apostolus,
3304 1740 3391 1791 est
3445 1735 3713 1790 Charitas

2064 1824 2247 1896 (Rom.
2282 1841 2401 1888 xm,
2429 1826 2534 1896 10).

2704 1914 2943 1971 CAPUT
2983 1915 3070 1969 IV.

2133 2024 2303 2079 Vsas.
2344 2025 2389 2077 t.
2417 2054 2486 2063 —-
2513 2022 2709 2079 Adam
2735 2038 2873 2079 vero
2895 2022 3167 2092 cognovit
3196 2022 3410 2090 Evam,
3467 2034 3714 2074 uxorem

2060 2126 2249 2177 suam,
2278 2126 2408 2181 quae
2437 2112 2725 2180 concepit,
2780 2116 2834 2166 et
2881 2110 3118 2179 peperit
3166 2108 3341 2174 Cain,
3389 2110 3446 2161 et
3478 2111 3713 2161 caetera.

2060 2198 2203 2254 Cain
2232 2198 2651 2270 interpretatur
2674 2198 2986 2269 acquisitio
3026 2195 3152 2249 sive
3177 2195 3487 2264 possessio,
3546 2193 3707 2247 unde

2060 2285 2491 2359 etymologiam
2520 2286 2709 2359 ipsius
2737 2284 3075 2356 exprimens
3100 2286 3292 2337 mater
3322 2281 3437 2337 ait:
3471 2281 3717 2335 Possedi

2062 2378 2357 2433 hominem
2370 2391 2485 2446 per
2506 2376 2717 2449 Deum.
2740 2376 2789 2428 A
2818 2371 3122 2429 nonnullis
3153 2371 3332 2427 etiam
3360 2371 3711 2426 lamentatio

2060 2464 2293 2531 dicitur,
2321 2480 2393 2520 eo
2419 2463 2587 2537 quod
2611 2465 2748 2535 post
2772 2461 3150 2519 interfectum
3178 2458 3327 2515 Abel
3372 2458 3714 2514 interfectus

2062 2553 2157 2622 sit,
2189 2556 2245 2608 et
2273 2567 2522 2625 poenam
2552 2550 2642 2606 sui
2670 2548 2905 2606 sceleris
2934 2547 3181 2604 dederit.

2130 2662 2303 2715 Vens.
2321 2663 2374 2715 2.
2388 2691 2458 2699 —
2478 2660 2855 2729 Rursumque
2864 2656 3100 2727 peperit
3118 2656 3377 2725 fratrem
3394 2656 3522 2723 ejus
3537 2654 3586 2708 A
3599 2654 3712 2711 bel.

2060 2746 2210 2803 Abel
2241 2749 2437 2803 luctus
2457 2747 2896 2819 interpretatur.
2917 2746 3046 2811 Quo
3066 2744 3313 2799 nomine
3332 2742 3713 2812 signiﬁcaba-

2060 2842 2155 2894 tur
2184 2837 2569 2893 occidendus.
2606 2836 2769 2892 ldem
2811 2837 2912 2906 [Z.,
2939 2834 3102 2905 Item]
3154 2836 3211 2889 et
3256 2833 3512 2895 vanitas.
3564 2832 3717 2888 sicut

2062 2926 2245 2999 aliqui
2275 2926 2501 2991 volunt,
2532 2924 2675 2998 quia
2700 2925 2815 2980 cito
2845 2923 3074 2979 solutus
3100 2925 3192 2978 est
3220 2924 3398 2992 atque
3452 2920 3716 2975 subtrac-

1992 3004 2033 3060 (ἶ
2064 3020 2175 3072 tus.
2209 3015 2313 3070 Hic
2340 3013 2678 3070 notandum
2706 3016 2794 3068 est
2807 3011 2949 3084 quia
2966 3011 3102 3066 duae
3127 3009 3408 3065 dicuntur
3428 3007 3710 3075 civitates,

2059 3103 2285 3161 diaboli
2310 3102 2582 3158 videlicet
2606 3106 2785 3173 atque
2817 3100 2938 3169 Dei,
2982 3116 3118 3171 quae
3150 3098 3228 3153 ab
3257 3096 3421 3152 initio
3475 3095 3709 3167 mundi,

2062 3193 2233 3249 sicuti
2258 3192 2355 3247 hic
2393 3190 2743 3257 ostenditur,
2776 3187 3040 3243 construi
3089 3188 3417 3255 coeperunt,
3472 3184 3621 3237 sicut
3653 3186 3711 3238 et

2061 3281 2197 3336 duas
2228 3279 2659 3350 generationes,
2683 3276 2937 3332 carnalis
2968 3273 3257 3329 scilicetet
3273 3270 3571 3344 spiritalis.
3590 3273 3707 3326 Un-

2061 3371 2135 3427 de
2164 3368 2369 3440 regula
2403 3366 2842 3440 Scripturarum
2863 3369 2950 3420 est
2976 3365 3077 3435 [Z.,
3107 3361 3328 3432 regulae
3387 3360 3711 3432 Scriptura-

2059 3477 2195 3517 rum
2225 3458 2451 3527 dicunt]
2476 3456 2627 3511 duas
2653 3454 3066 3526 generationes
3096 3450 3393 3507 malorum
3425 3454 3482 3504 et
3524 3449 3710 3504 bono-

2059 3566 2193 3606 rum
2217 3542 2329 3620 [FI,
2360 3546 2511 3617 esse]
2543 3560 2742 3612 nosse,
2776 3543 2925 3599 sicut
2977 3541 3165 3597 multa
3210 3538 3486 3611 exempla
3538 3554 3710 3593 cons-

2063 3643 2204 3696 tant.
2233 3640 2414 3693 Natus
2443 3634 2621 3705 igitur
2649 3633 2792 3689 Cain
2811 3633 2975 3705 prior
3005 3648 3077 3687 ex
3102 3631 3215 3686 illis
3245 3629 3485 3685 duobus
3529 3643 3709 3697 gene-

2057 3727 2139 3783 ris
2167 3723 2419 3781 humani
2439 3721 2787 3794 parentibus
2810 3720 3112 3791 pertinens
3142 3718 3219 3773 ad
3250 3716 3475 3773 diaboli
3508 3715 3710 3770 civita-

2062 3821 2199 3880 tem,
2234 3817 2290 3867 et
2318 3811 2398 3867 ad
2426 3808 2727 3866 carnalem
2757 3807 3222 3877 generationem,
3245 3806 3319 3860 de
3337 3820 3459 3875 qua
3480 3819 3586 3874 per
3609 3805 3709 3857 Sa-

2060 3906 2368 3960 lomonem
2397 3899 2611 3954 dicitur
2635 3915 2647 3952 :
2674 3897 2990 3954 Generatio
3010 3910 3140 3966 quae
3152 3895 3322 3963 patri
3339 3907 3444 3946 suo
3466 3890 3710 3944 maledi-

2064 3995 2163 4057 cit,
2193 3996 2244 4046 et
2268 3989 2454 4044 matri
2482 4002 2607 4042 suae
2636 4001 2756 4041 non
2780 3984 3087 4050 benedicit,
3122 3988 3176 4039 et
3224 3980 3529 4052 generatio
3580 3991 3711 4048 qua:

2062 4080 2177 4135 sibi
2202 4076 2429 4135 munda
2451 4076 2706 4139 videtur,
2739 4080 2795 4130 et
2821 4088 2938 4129 non
2963 4078 3044 4128 est
3073 4073 3194 4127 lota
3215 4086 3251 4126 a
3272 4068 3544 4125 sordibus
3566 4067 3708 4131 suis,

2064 4172 2173 4223 etc.
2208 4166 2405 4238 (Prov.
2434 4181 2568 4230 xxx,
2606 4163 2693 4233 tt)
2725 4180 2738 4230 ;
2772 4166 2829 4217 et
2857 4162 2918 4216 in
2949 4158 3268 4227 Evangelio
3324 4174 3336 4212 :
3398 4155 3710 4212 Generatio

2066 4257 2407 4325 viperarum
2439 4251 2681 4321 (Matth.
2715 4267 2801 4317 ιιι,
2832 4251 2907 4322 7).
2941 4252 3007 4304 Et
3037 4265 3050 4304 :
3082 4249 3485 4319 Requirentur
3513 4243 3711 4299 omnia

299 4348 1003 4422 [Z.,omnesquanquam
1017 4351 1260 4407 mundae
1277 4330 1804 4425 probatusquevitae
1826 4353 1953 4409 fue-
1996 4351 2037 4405 D
2069 4360 2105 4401 α
2129 4343 2510 4415 generatione
2529 4342 2664 4398 ista.
2687 4343 2757 4397 Et
2811 4337 3000 4395 multa
3040 4337 3178 4394 alia.
3234 4335 3524 4425 Posterior
3569 4330 3716 4387 Abel

299 4436 438 4503 rint,
471 4435 553 4492 ad
573 4437 790 4492 inferni
815 4437 886 4492 cl.
917 4438 1078 4495 dese.
1109 4440 1370 4496 Dubium
1390 4457 1533 4496 vero
1550 4424 1670 4496 non
1693 4446 1780 4496 est
1804 4458 1955 4514 quo-
2066 4432 2368 4506 pertinens
2390 4430 2468 4485 ad
2496 4430 2791 4485 civitatem
2816 4428 2918 4483 Dei
2944 4432 3001 4483 et
3029 4426 3106 4482 ad
3129 4424 3452 4514 spiritalem
3475 4436 3717 4514 genera-

299 4524 492 4597 niam,
520 4525 659 4595 etc.]
680 4525 885 4589 homo,
908 4527 1013 4599 qui
1032 4543 1140 4600 per
1157 4545 1221 4583 se
1242 4528 1474 4595 cecidit,
1502 4528 1581 4584 ad
1605 4508 1958 4602 paradisum
2067 4521 2309 4577 tionem.
2343 4518 2509 4574 Unde
2536 4516 2855 4591 Apostolus
2880 4533 2893 4571 :
2916 4517 3052 4571 Non
3060 4511 3430 4602 prius,guod
3440 4508 3718 4602 spiritale

301 4595 517 4680 redire,
532 4612 647 4667 nisi
664 4628 770 4684 per
784 4595 1127 4687 Dom—inu—m,
1144 4632 1268 4672 non
1284 4618 1495 4690 potuit.
1514 4595 1955 4686 Verumtamen,
2068 4615 2171 4678 est,
2202 4608 2304 4664 sed
2317 4608 2477 4678 quod
2496 4607 2778 4673 animale,
2797 4604 3012 4661 deinde
3031 4602 3190 4693 quod
3210 4597 3489 4693 spiritale
3499 4601 3517 4662 (
3525 4595 3559 4648 Ι
3566 4595 3705 4649 Cor.

306 4701 457 4756 sicut
482 4700 794 4757 nonnullis
816 4703 1069 4771 videtur,
1102 4689 1298 4777 potest
1324 4705 1567 4775 intelligi
1593 4706 1737 4779 quia
1764 4706 1958 4761 Adam
2067 4714 2169 4761 xv,
2212 4698 2325 4766 46).
2386 4696 2759 4766 Quapropter
2815 4689 3252 4779 unusquisqse:
3306 4689 3597 4779 quoniam
3646 4697 3719 4736 ex

304 4794 438 4845 ante
469 4788 825 4862 paradisum
842 4792 1060 4863 posuit,
1084 4775 1219 4849 ante
1243 4793 1596 4866 paradisum
1612 4775 1957 4859 collocavit,
2071 4787 2360 4842 damnata
2392 4798 2593 4838 massa
2618 4778 3121 4868 exoritur,_Pl‘i1{10
3149 4775 3219 4868 Si}
3238 4788 3479 4868 9998553
3504 4776 3604 4868 3.3?
3647 4786 3720 4826 ex

305 4860 1769 4954 scilicetpropterspempcenitentite,utaspiciens
1811 4898 1961 4936 sem-
2072 4873 2267 4926 Adam
2298 4868 2493 4959 malus
2524 4872 2704 4959 atque
2730 4864 3005 4959 carnalis.
3039 4862 3282 4959 Quodsi
3306 4862 3367 4916 in
3418 4860 3721 4959 Chrislunfl

305 4980 410 5035 per
420 4965 810 5021 beatitudinis
822 4950 1025 5023 locum
1036 4968 1303 5025 fortassis
1316 4950 1643 5042 paeniteret,
1676 4974 1732 5025 et
1751 4986 1857 5043 per
1868 4984 1951 5025 ve-

2073 4956 2449 5015 renascendo
2481 4954 2812 5028 profecerit,
2843 4958 3050 5026 postea
3093 4953 3199 5009 erit
3224 4952 3421 5007 bonus
3465 4954 3521 5005 et
3556 4950 3723 5020 spiri-

307 5068 439 5107 ram
455 5054 943 5111 emendationem
960 5057 1264 5113 rediretad
1280 5038 1518 5114 beatam
1543 5038 1965 5131 vitam,-quam
2076 5049 2225 5105 taliS-
2257 5048 2346 5102 Sic
2376 5048 2436 5101 in
2460 5045 2736 5101 universo
2768 5060 2982 5115 genere
3009 5044 3277 5099 humano
3298 5041 3562 5114 Pl'imum
3588 5038 3724 5093 dm“

312 5140 1020 5215 spiritaliterparadisum
1062 5146 1415 5203 nominavit.
1467 5146 1603 5217 Sed,
1627 5148 1772 5202 heu!
1815 5146 1970 5219 proh
2077 5138 2205 5194 ista:
2240 5140 2547 5208 cmperunt
2585 5133 2892 5189 nascendo
2937 5137 2994 5188 et
3032 5131 3344 5187 moriendo
3382 5141 3727 5219 percurrere

307 5228 483 5284 dolor
506 5230 749 5298 lnoluit,
764 5231 941 5287 sedin
956 5249 1065 5288 sua
1081 5234 1320 5290 miseria
1349 5215 1626 5307 peccator
1660 5215 1966 5290 remansit.
2079 5226 2363 5282 civitates.
2398 5224 2558 5279 Prior
2572 5222 2678 5295 qui
2694 5226 2781 5277 est
2803 5227 3006 5288 natus,
3024 5220 3182 5275 Cives
3202 5219 3383 5288 huius
3404 5216 3609 5307 δείξουιῇ
3624 5215 3729 5307 def

310 5304 1700 5394 Porroinhocquodsuperiusdicituraccepisse
1714 5322 1969 5378 tunicam
2082 5315 2296 5386 signat,
2330 5312 2489 5368 unde
2521 5315 2576 5367 et
2606 5310 2897 5366 civitatem
2920 5309 3156 5382 primus
3172 5304 3732 5394 construxisselegi-

309 5403 651 5476 pelliceam,
694 5407 1334 5466 etmodosistiturante
1351 5393 1845 5482 paradisum,ubi
1871 5425 1973 5481 po-
2082 5410 2195 5460 tur.
2230 5401 2525 5457 Posterior
2556 5404 2757 5455 autem
2782 5398 2894 5454 isto
2922 5396 3272 5470 peregrinus
3301 5395 3361 5450 in
3402 5393 3643 5458 saeculo,
3675 5393 3733 5445 et

313 5492 495 5548 situm
509 5496 600 5549 est
613 5493 1019 5562 cherubim,et
1040 5495 1271 5554 framea
1281 5497 1479 5569 ignea,
1513 5497 1828 5570 allegorice
1861 5498 1974 5554 hoc
2083 5492 2384 5565 pertinens
2406 5490 2484 5547 ad
2501 5489 2794 5545 civitatem
2819 5487 2936 5555 Dei,
2951 5487 3025 5542 de
3040 5502 3163 5559 qua
3184 5484 3523 5541 Psalmista:
3550 5484 3733 5537 Gene-

385 5642 412 5669 ³
435 5633 532 5690 Sic
559 5637 813 5710 uterque
844 5635 1053 5694 codex.
2155 5635 2185 5675 δ
2230 5637 2419 5690 Locus
2442 5632 2775 5691 mendosus
2802 5630 2865 5688 in
2887 5635 3139 5702 utroque
3170 5627 3393 5685 codice.
