4160 6182
463 213 560 267 147

1562 180 1916 261 meatum
1955 193 2422 260 LUXOVIENSIS
2458 202 2792 288 mensem:

3798 204 3906 260 148

460 334 619 390 ratio
639 339 935 390 rectorum
969 330 1345 386 benedieetur
1370 327 1554 398 (Psal.
1584 341 1697 386 CXI.
1724 327 1949 399 12).Et:
1974 329 2115 384 Haec
2155 332 2202 384 A
2228 327 2349 383 bat.
2380 330 2551 383 Recte
2580 340 2845 399 namque
2876 323 3167 382 offerebat
3193 326 3332 389 Deo,
3360 322 3459 378 cui
3481 323 3592 380 soli
3636 325 3906 383 oﬂ'eren-

462 428 548 478 est
566 421 869 492 generatio
886 419 1276 490 quaerentium
1290 415 1608 472 Dominum
1621 416 1808 485 (Psal.
1826 432 1973 483 XXIII,
1989 415 2080 487 46)
2102 433 2114 483 ;

463 516 520 568 et
546 511 639 565 his
671 508 906 581 similia.
940 506 1135 564 Gratia
1162 504 1644 576 praedestinatus,
1669 504 1857 574 gratia
1876 506 2115 571 electus,

463 599 652 670 gratia
670 596 1021 671 peregrinus
1048 595 1354 659 deorsum,
1412 595 1602 662 gratia
1657 594 1814 649 cives
1855 608 2115 649 sursum.

534 692 699 744 Vsus.
732 692 842 743 3-5.
874 715 944 726 —-
973 685 1225 739 Factum
1249 688 1543 739 estautem
1561 689 1695 753 post
1744 685 1964 739 multos
1998 684 2119 739 dies

465 784 533 835 ut
554 778 795 846 oﬂ'erret
812 774 962 829 Cain
977 772 1049 828 de
1068 772 1371 840 fructibus
1391 779 1566 829 terra?
1578 787 1828 829 munera
1848 775 2118 842 Domino,

464 870 521 921 et
548 863 777 933 reliqua
807 875 998 933 usque
1024 877 1036 915 :
1061 875 1183 916 non
1207 863 1465 930 respexit
1482 863 1768 917 Dominus
1780 862 1861 918 ad
1877 862 2052 927 Cain,
2068 867 2122 918 et

462 953 543 1010 ad
566 965 821 1007 munera
851 952 1001 1019 ejus,
1034 952 1343 1020 iratusque
1363 957 1448 1007 est
1482 951 1633 1007 Cain
1653 952 2042 1019 vehementer,
2068 959 2121 1007 et

462 1040 721 1099 concidit
748 1039 951 1094 vultus
989 1040 1139 1108 ejus.
1171 1037 1336 1093 Unde
1368 1039 1517 1093 scire
1550 1040 1738 1111 potuit
1770 1041 1914 1095 Cain
1956 1040 2123 1111 quod

460 1129 658 1185 fratris
686 1142 942 1182 munera
974 1125 1336 1199 suscepisset
1369 1131 1426 1182 et
1447 1143 1557 1183 sua
1586 1128 1976 1200 repudiasset,
2010 1127 2124 1184 nisi

460 1216 608 1291 quia
630 1232 777 1273 vera
802 1220 890 1272 est
918 1215 1017 1271 illa
1046 1215 1466 1272 Theodotionis
1523 1217 1948 1289 interpretatio,
2002 1230 2124 1290 qua

462 1307 605 1363 dicit
637 1325 649 1361 :
678 1306 1087 1375 Inflammavit
1113 1306 1402 1361 Dominus
1432 1321 1611 1375 super
1636 1308 1789 1363 Abel
1837 1313 1889 1364 et
1944 1322 2124 1377 super

465 1396 842 1465 sacrificium
872 1396 1000 1464 ejus
1029 1408 1054 1450 .’
1082 1410 1263 1464 super
1294 1394 1447 1459 Cain,
1477 1410 1614 1451 vero
1638 1401 1692 1453 et
1750 1398 2119 1465 sacrificium

468 1485 599 1555 ejus
630 1498 749 1539 non
781 1484 1229 1553 inﬂammavit?
1267 1482 1432 1538 Unde
1458 1483 1716 1539 creditur
1769 1484 1914 1556 quia
1968 1484 2123 1554 ignis

464 1573 689 1629 missus
706 1575 793 1628 est
812 1571 887 1628 de
906 1571 1076 1638 coelo,
1095 1572 1196 1643 qui
1218 1568 1365 1627 illud
1381 1572 1741 1627 sacriﬁcium
1758 1573 2039 1645 suscepit,
2059 1576 2124 1628 ut

2229 416 2375 471 dum
2406 419 2510 477 est,
2538 413 2765 471 bonum
2800 431 2953 487 opus
2992 412 3368 481 exhibendo;
3428 412 3535 469 sed
3584 424 3709 470 non
3740 421 3903 473 recte

2228 502 2554 569 dividebat,
2585 519 2709 559 non
2728 503 2892 559 bona
2921 502 3226 559 voluntate
3257 500 3556 569 faciendo,
3586 502 3744 559 dans
3777 507 3902 561 Deo

2229 591 2455 665 aliquid
2486 604 2686 661 suum,
2714 591 2827 647 sibi
2877 595 3078 648 autem
3136 589 3422 662 seipsum,
3466 590 3637 663 quod
3679 603 3903 648 omnes

2228 681 2334 753 qui
2359 696 2479 737 non
2513 680 2631 747 Dei,
2665 680 2772 736 sed
2817 695 2990 736 suam
3050 682 3344 734 sectantes
3389 679 3768 736 voluntatem
3814 681 3899 738 fa-

2230 769 2410 837 ciunt,
2443 769 2504 825 id
2535 774 2622 825 est
2650 784 2772 825 non
2803 773 2964 825 recto
2985 767 3185 832 corde,
3221 768 3327 823 sed
3354 782 3643 840 perverso
3690 770 3901 827 viven-

2229 862 2335 914 tes.
2372 857 2469 913 Vel
2494 858 2637 930 quia
2667 858 2936 913 fortassis
2963 857 3109 912 Cain
3125 855 3371 912 meliora
3388 856 3502 912 sibi
3521 859 3895 923 reservabAt,

2231 951 2287 1002 et
2314 946 2607 1003 deteriora
2633 947 2751 1002 Deo
2774 945 3092 1011 tribuebat,
3125 948 3180 1000 et
3222 944 3495 1002 humana
3550 945 3897 1004 inventione

2231 1036 2583 1105 excogitata,
2617 1039 2680 1091 ut
2709 1039 2970 1108 putatur,
2990 1038 3046 1090 et
3073 1033 3210 1089 ideo
3232 1049 3356 1089 non
3380 1040 3534 1090 recte
3561 1034 3894 1105 dividebat,

2230 1123 2377 1179 Abel
2396 1140 2536 1179 vero
2552 1124 2781 1197 optima
2810 1126 2926 1179 Deo
2948 1127 3004 1178 et
3027 1121 3325 1179 naturalia
3346 1122 3654 1190 offerebat,
3674 1129 3734 1179 et
3754 1123 3895 1180 ideo

2232 1212 2589 1269 sacriﬁcium
2619 1212 2809 1284 ipsius
2840 1218 3186 1284 susceptum
3217 1216 3322 1267 est.
3355 1212 3520 1268 Unde
3544 1212 3606 1267 in
3625 1215 3894 1282 Evange-
4006 1267 4012 1272 .

2229 1300 2309 1356 lio
2341 1300 2716 1370 singulariter
2752 1302 2949 1372 justus
3013 1301 3374 1365 inscribitur,
3426 1300 3571 1372 quia
3615 1301 3894 1358 videlicet

2231 1388 2342 1445 tria
2371 1389 2637 1445 maxima
2656 1389 2899 1460 justitias
2928 1389 3231 1461 praeconia
3251 1388 3311 1443 in
3329 1405 3401 1445 eo
3420 1405 3549 1445 esse
3565 1388 3852 1458 leguntur
3875 1408 3887 1446 :

2229 1477 2563 1547 virginitas,
2592 1478 3013 1544 sacerdotium,
3047 1482 3103 1534 et
3129 1478 3510 1549 martyrium,
3542 1478 3603 1534 in
3662 1479 3889 1551 quibus

2232 1565 2529 1621 Christum
2560 1566 2973 1638 praeﬁguravit.
3008 1570 3123 1622 Nos
3154 1566 3333 1621 etiam
3367 1570 3524 1621 recte
3556 1566 3888 1633 offerimus,

465 1661 797 1734 stepissime
828 1660 970 1716 viris
994 1661 1213 1717 sanctis
1227 1659 1617 1716 offerentibus
1640 1661 1864 1718 factum
1887 1662 2117 1731 legitur,
2162 1679 2202 1732 Β
2231 1669 2370 1710 cum
2394 1654 2558 1710 bono
2591 1654 2788 1709 studio
2814 1655 3044 1710 bonum
3076 1671 3231 1727 opus
3256 1655 3514 1725 agimus,
3573 1657 3679 1711 sed
3729 1661 3888 1713 recte

461 1751 615 1807 sicut
631 1749 694 1805 in
714 1748 1089 1805 dedicatione
1108 1748 1314 1820 templi
1336 1748 1450 1804 sub
1474 1749 1794 1806 Salomone
1840 1749 2119 1821 legimus,

463 1841 521 1896 et
538 1838 787 1911 quando
802 1836 958 1893 Elias
974 1836 1035 1892 in
1051 1841 1255 1892 monte
1277 1836 1546 1894 Carmelo
1564 1838 1891 1893 construxit
1916 1838 2119 1893 altare.

531 1930 697 1983 Vens.
724 1931 777 1995 6,
801 1932 853 1981 7.
889 1958 958 1965 ——
986 1926 1090 1981 Ait
1107 1926 1262 1982 enim
1290 1925 1579 1990 Dominus
1601 1926 1683 1981 ad
1706 1926 1858 1982 Cain
1886 1945 1896 1981 :
1927 1927 2125 1993 Quare

462 2016 658 2073 iratus
685 2030 743 2071 es
773 2015 801 2069 ‘l
825 2019 884 2072 et
911 2014 1160 2087 reliqua.
1220 2017 1342 2071 Hoc
1370 2019 1478 2079 est,
1509 2030 1697 2086 quare
1745 2015 2036 2084 irasceris,
2068 2019 2124 2071 et

458 2103 701 2163 invidia:
726 2103 785 2159 in
808 2103 1052 2160 fratrem
1078 2103 1262 2159 livore
1292 2103 1511 2160 iratum
1537 2103 1763 2160 vultum
1796 2101 2040 2160 dimittis
2061 2104 2123 2159 in

438 2196 684 2255 terram
709 2192 737 2247 ‘I
762 2193 977 2249 Nonne
1004 2192 1059 2246 si
1084 2193 1223 2248 bene
1252 2193 1462 2262 egeris,
1495 2193 1765 2262 recipies,
1824 2193 1885 2248 id
1944 2197 2033 2249 est
2074 2193 2123 2248 si

450 2296 617 2355 pura
644 2285 843 2337 mente
873 2280 1159 2341 obtuleris
1200 2281 1560 2338 sacriﬁcium
1607 2282 1874 2355 recipies,
1935 2283 2121 2357 respi-

460 2370 648 2427 ciente
678 2372 798 2426 Deo
829 2369 909 2425 ad
934 2373 987 2425 te
1007 2372 1067 2425 et
1095 2370 1174 2425 ad
1206 2369 1567 2426 sacriﬁcium
1591 2374 1764 2426 tuum
1782 2372 1809 2426 ?
1856 2371 1947 2427 vel
1974 2371 2123 2427 sicut

460 2457 525 2514 in
549 2457 916 2529 quibusdam
947 2457 1258 2513 codicibus
1281 2458 1581 2515 invenitur
1614 2478 1627 2515 :
1660 2461 1874 2517 Nonne
1901 2461 1953 2516 si
1982 2460 2125 2517 bene

458 2546 696 2616 feceris,
726 2546 1063 2602 dimittetur
1112 2546 1222 2601 tibi
1278 2561 1452 2603 omne
1502 2548 1837 2604 delictum?
1886 2547 2018 2621 ‘sive
2060 2553 2124 2603 ut

464 2632 839 2689 Theodotion
864 2633 946 2689 ait
977 2650 990 2687 :
1015 2641 1322 2704 acceptum
1353 2637 1463 2691 erit
1490 2635 1517 2689 ἱ)
1565 2636 1678 2691 hoc
1705 2641 1792 2692 est
1844 2653 1856 2692 :
1900 2653 2122 2692 munus

462 2710 635 2779 tuum
663 2722 1010 2795 suscipiam,
1043 2721 1193 2779 sicut
1224 2724 1458 2796 suscepi
1489 2723 1683 2780 fratris
1715 2725 1816 2782 tui.
1881 2726 2049 2793 Quod
2072 2728 2124 2782 si

464 2812 626 2868 male
653 2813 862 2882 egeris,
884 2814 1085 2867 statim
1108 2812 1170 2867 in
1188 2813 1425 2882 foribus
1449 2820 1762 2882 peccatum
1796 2819 1963 2872 tuum
1980 2816 2120 2874 ade-

410 2968 413 2971 η
461 2902 565 2958 rit.
598 2900 712 2969 Vel,
746 2900 895 2957 sicut
920 2900 1171 2974 quidam
1203 2902 1443 2958 codices
1474 2902 1736 2959 habent:
1772 2906 1937 2960 illico
1980 2921 2119 2975 pec-

464 2995 665 3086 catum
697 2996 837 3048 ante
866 2991 1224 3049 vestibulum
1280 2997 1450 3047 tuum
1476 2992 1717 3048 sedebit.
1769 2994 1995 3050 Scilicet
2036 2995 2121 3050 in-
2161 3028 2200 3086 ρ

2231 1757 2353 1798 non
2384 1742 2728 1813 dividimus,
2788 1743 2835 1798 si
2874 1743 3097 1799 habere
3145 1743 3564 1799 discretionem
3618 1745 3679 1800 in
3723 1745 3886 1802 bono

2231 1847 2407 1903 Opere
2454 1836 2911 1905 postponamus.
2986 1832 3137 1898 Quia
3200 1833 3313 1888 nisi
3360 1832 3640 1890 discretio
3691 1833 3882 1903 fuerit,

2231 1921 2397 1993 quod
2426 1926 2668 1994 putatur
2698 1936 2886 1978 causa
2933 1921 3180 1987 virtutis,
3236 1926 3436 1978 reatus
3488 1928 3577 1980 est
3623 1925 3884 1980 criminis

2231 2011 2335 2082 [Z.,
2366 2010 2431 2066 ﬁt
2459 2011 2605 2066 real.
2638 2011 2848 2082 crim.].
2886 2011 3169 2067 Aitenim
3218 2028 3230 2067 :
3296 2012 3555 2083 Quiesce,
3598 2016 3881 2083 peccasti.

2231 2099 2350 2157 Sed
2378 2099 2460 2155 ad
2475 2106 2529 2155 te
2547 2102 2662 2156 erit
2694 2103 2996 2156 conversio
3018 2104 3164 2171 ejus,
3215 2100 3589 2169 subauditur,
3623 2106 3877 2172 peccati,
3976 2126 3983 2135 -

2233 2188 2280 2242 si
2306 2188 2717 2260 paenitentiam
2748 2202 2923 2258 agere
2953 2189 3209 2245 volueris
3238 2190 3344 2260 [Z.,
3372 2189 3669 2261 nolueris],
3697 2196 3754 2246 et
3772 2190 3879 2246 tibi

2231 2278 2489 2334 tribuere
2516 2277 2681 2350 quod
2709 2277 2958 2347 gessisti.
2994 2281 3071 2334 Ex
3098 2279 3212 2335 hoc
3237 2279 3401 2350 quod
3434 2280 3535 2348 ait,
3559 2281 3635 2337 ad
3686 2286 3740 2337 te
3767 2282 3877 2336 erit

2231 2370 2533 2424 conversio
2562 2370 2711 2438 ejus,
2743 2370 2939 2440 potest
2963 2367 3205 2438 intelligi
3235 2368 3313 2424 ad
3343 2369 3543 2441 ipsum
3576 2370 3881 2426 hominem

2232 2457 2687 2512 conversionem
2716 2472 2844 2513 esse
2901 2447 3120 2512 debere
3168 2458 3415 2528 peccati,
3477 2463 3541 2514 ut
3584 2457 3728 2515 nulli
3787 2459 3883 2515 alii

2231 2562 2416 2618 quam
2445 2544 2558 2600 sibi
2584 2544 2733 2601 sciat
2756 2544 3009 2600 tribuere
3039 2545 3206 2618 quod
3224 2550 3449 2617 peccat.
3473 2547 3598 2603 Hoc
3627 2551 3712 2603 est
3724 2547 3881 2604 enim

2234 2633 2490 2689 salubris
2544 2632 2905 2705 paenitentiae
2958 2633 3256 2691 medicina
3298 2638 3357 2691 et
3402 2635 3592 2692 veniae
3660 2636 3880 2707 petitio.

2232 2723 2399 2777 Tunc
2419 2721 2577 2777 enim
2633 2721 3043 2778 dominabitur
3085 2723 3345 2796 quisque
3401 2728 3669 2797 peccato,
3723 2724 3773 2779 si
3824 2724 3885 2779 id

2232 2811 2343 2866 sibi
2374 2827 2495 2866 non
2540 2809 2871 2867 differendo
2914 2813 3324 2886 prseposuerit,
3376 2813 3480 2870 sed
3536 2812 3881 2886 paenitendo

2231 2900 2364 2971 subj
2374 2900 2565 2956 ecerit.

2300 2991 2471 3046 Vnus.
2534 2994 2585 3046 8.
2648 3022 2715 3029 —
2771 2990 2850 3045 Et
2891 2990 3045 3045 dixit
3098 2990 3247 3047 Cain
3296 2991 3377 3047 ad
3419 2991 3571 3047 Abel
3615 2991 3873 3058 fratrem

461 3081 716 3153 trantem
741 3083 795 3135 et
829 3083 1145 3135 exeuntem
1197 3084 1253 3135 te
1311 3096 1546 3152 semper
1598 3085 1912 3153 peccatum
1949 3088 2115 3139 tuum
2165 3077 2200 3086 “
2228 3094 2450 3135 suum:
2480 3078 2885 3151 Egrediamur
2909 3081 3098 3149 foras.
3144 3081 3209 3134 In
3252 3079 3389 3134 dolo
3420 3093 3685 3151 namque
3711 3077 3766 3134 ei
3791 3077 3871 3134 lo-

461 3152 867 3231 comitabitur,
897 3171 953 3224 et
981 3168 1212 3223 desinet
1239 3168 1528 3224 Dominus
1576 3152 1876 3227 custodire
1920 3171 2121 3227 introi-

460 3258 590 3311 tum
620 3252 721 3327 [Z.,
755 3246 891 3312 intr.
924 3257 1116 3329 tuum]
1147 3260 1203 3312 et
1227 3257 1451 3313 exitum
1492 3261 1683 3313 tuum.
1734 3259 1850 3315 Sed
1899 3261 2007 3315 sub
2067 3266 2121 3317 te

460 3344 573 3409 erit
604 3345 905 3413 appetitus
927 3349 1084 3413 tuus,
1118 3339 1495 3411 subauditur,
1536 3346 1587 3400 si
1616 3346 1876 3403 volueris
1905 3366 1918 3415 ;
1949 3349 2028 3404 Et
2056 3354 2119 3404 tu

460 3431 861 3495 dominaberis
886 3432 1072 3486 illius.
1108 3432 1190 3486 Ac
1221 3432 1271 3487 si
1292 3433 1555 3503 apertius
1604 3433 1847 3491 dixisset
1903 3453 1915 3490 :
1971 3437 2120 3502 Quia

458 3517 631 3583 liberi
659 3517 885 3573 arbitrii
911 3533 993 3580 es,
1028 3533 1152 3572 non
1182 3519 1363 3576 habet
1392 3524 1707 3591 peccatum
1740 3538 1919 3593 super
1946 3526 2000 3579 te
2017 3525 2118 3580 do-

460 3604 738 3675 minium,
767 3606 871 3661 sed
902 3609 965 3661 tu
995 3606 1207 3677 [Petr.,
1240 3622 1363 3663 non
1417 3607 1606 3663 habes
1663 3614 1977 3680 peccatum
2027 3630 2120 3669 su-

460 3707 568 3765 per
597 3692 956 3763 dominium,
990 3693 1093 3751 sed
1119 3699 1203 3761 tu,
1234 3698 1369 3760 etc.]
1408 3712 1590 3769 super
1635 3696 1802 3765 illud,
1835 3702 1891 3754 et
1933 3700 1993 3754 in
2018 3704 2119 3757 tua

458 3784 748 3855 potestate
781 3786 869 3839 est
899 3782 1020 3839 sive
1055 3799 1454 3857 compescere,
1512 3784 1636 3840 sive
1693 3789 2117 3861 concupiscere

458 3869 627 3928 illud.
660 3873 1082 3928 Verumtamen
1106 3888 1326 3928 moneo
1360 3878 1412 3929 te
1443 3878 1507 3929 ut
1554 3890 1677 3930 non
1720 3875 1826 3931 tibi
1875 3878 1980 3948 [Z.,
2014 3880 2115 3951 tui]

456 3963 795 4031 peccatum,
829 3960 934 4016 sed
963 3965 1027 4016 tu
1055 3967 1303 4032 peccato
1332 3961 1683 4020 domineris.
1703 3967 1848 4020 Nan:
1874 3969 2116 4039 Septua-

459 4046 625 4116 ginta
678 4046 760 4102 ita
817 4048 1248 4104 transtulerunt
1299 4067 1311 4104 :
1365 4051 1580 4107 Nonne
1614 4054 1667 4107 si
1694 4059 1850 4110 recte
1874 4056 2112 4127 offeras,

457 4150 579 4190 non
610 4142 767 4191 recte
796 4141 993 4192 autem
1044 4137 1298 4205 dividas,
1350 4142 1664 4208 peccasti?
1723 4141 1959 4208 Quiesce
2006 4144 2109 4215 [Z.,

458 4224 714 4295 quiescet
740 4230 849 4281 ate
876 4227 1177 4282 conversio
1203 4228 1373 4298 ejus],
1422 4229 1502 4285 ad
1527 4235 1583 4285 te
1611 4234 1912 4288 conversio
1961 4236 2109 4303 ejus,

459 4314 517 4368 et
537 4314 768 4368 caetera.
805 4312 919 4369 Sed
943 4313 1131 4370 multo
1163 4314 1330 4371 aliter
1374 4317 1480 4387 [Z.,
1511 4317 1707 4389 altius]
1755 4319 1818 4375 in
1866 4320 2111 4379 Hebraeo

458 4403 546 4456 est
575 4416 760 4473 quam
792 4400 853 4456 in
878 4400 972 4457 his
1004 4401 1493 4459 translationibus
1522 4420 1751 4463 sensus.
1782 4408 1986 4480 Itaque
2008 4426 2110 4466 ne-

457 4490 727 4547 cessitate
750 4489 1165 4565 compellimur
1188 4491 1250 4548 in
1282 4491 1528 4563 singulis
1558 4493 1780 4551 diutius
1824 4498 2108 4557 immora-

455 4578 526 4635 ri.
558 4583 730 4637 Recte
757 4583 959 4638 autem
988 4579 1234 4638 offertur
1258 4581 1644 4649 sacriﬁcium,
1676 4600 1815 4641 cum
1866 4586 2111 4646 offertur

452 4670 575 4726 Deo
594 4687 757 4742 vero,
790 4670 884 4727 cui
909 4670 1011 4727 uni
1032 4670 1453 4727 tantummodo
1488 4671 1951 4729 sacriﬁcandum
1999 4679 2104 4731 est.

451 4758 582 4813 Non
606 4765 808 4815 autem
836 4764 991 4816 recte
1015 4759 1313 4830 dividitur,
1340 4759 1488 4815 dum
1519 4776 1640 4817 non
1677 4767 1836 4818 recte
1891 4763 2109 4819 discer-

452 4844 614 4926 nitur
640 4847 731 4901 vel
752 4847 906 4914 loca,
938 4849 1032 4904 vel
1064 4853 1356 4924 tempora,
1388 4849 1482 4906 vel
1510 4867 1604 4906 res
1632 4852 1765 4925 ipsa
1781 4870 1918 4926 quae
1938 4854 2107 4909 offer-

451 4931 695 5000 tur,‘vel
723 4933 826 5002 qui
842 4933 1034 5000 oﬂ‘ert,
1062 4940 1118 4990 et
1159 4938 1253 4992 cui
1307 4937 1569 4995 offertur.
1626 4942 1797 4998 Recte
1850 4942 2106 4999 offerunt

449 5017 644 5073 Judaei
670 5021 856 5074 Deum
878 5022 1111 5075 Patrem
1136 5025 1435 5079 credendo
1470 5044 1484 5093 ;
1522 5029 1625 5082 sed
1663 5045 1784 5083 non
1811 5035 1967 5086 recte
2018 5031 2104 5085 di-

448 5104 661 5162 vidunt
690 5106 896 5162 Filium
926 5109 1228 5176 negando.
1256 5113 1428 5165 Recte
1454 5114 1628 5168 Vetus
1660 5117 2102 5172 Testamentum

447 5194 706 5252 offerunt
724 5196 1063 5269 recipiendo
1086 5216 1099 5265 ;
1122 5199 1229 5255 sed
1254 5214 1376 5255 non
1398 5206 1552 5258 recte
1573 5202 1848 5260 dividunt
1870 5208 2100 5261 Novum

443 5284 807 5355 respuendo.
841 5283 933 5341 Sic
962 5300 1204 5358 quoque
1226 5287 1331 5358 qui
1351 5289 1697 5360 rapacitate,
1728 5291 1822 5346 vel
1842 5291 1917 5344 de
1953 5306 2099 5362 qua-

439 5372 588 5433 libet
613 5387 677 5426 re
702 5371 1110 5429 fraudulenter
1138 5374 1457 5447 acquisita,
1483 5393 1637 5448 opus
1682 5379 2095 5450 eleemosyna-

439 5477 578 5523 rum
614 5460 778 5531 facit,
809 5465 1033 5517 rectum
1055 5478 1210 5535 opus
1240 5462 1400 5534 facit,
1432 5464 1539 5520 sed
1570 5466 1732 5523 mala
1788 5468 2092 5525 discretio-

2230 3172 2402 3223 cutus
2434 3172 2521 3223 est
2553 3172 2608 3224 et
2632 3184 2755 3224 non
2786 3176 2872 3225 est
2898 3167 3239 3225 dominatus
3270 3172 3513 3241 peccato
3544 3182 3677 3223 suo.
3705 3167 3878 3222 Cum-

2228 3273 2341 3329 que
2369 3264 2555 3313 essent
2586 3259 2645 3313 in
2677 3272 2846 3329 agro,
2878 3258 3250 3315 consurrexit
3283 3257 3597 3313 adversum
3642 3271 3796 3323 eum,
3824 3263 3879 3312 et

2228 3347 2527 3416 interfecit
2559 3363 2713 3404 eum.
2746 3349 2890 3402 Ecce
2915 3348 2926 3402 ι
2959 3346 3065 3412 Qui
3094 3346 3363 3420 primum
3383 3344 3692 3403 hominem
3719 3360 3878 3400 mor-

2229 3438 2349 3491 tem
2376 3436 2598 3506 docuit,
2629 3436 2755 3509 ipse
2786 3442 2872 3492 est
2904 3436 3082 3491 istum
3106 3436 3438 3492 secundum
3492 3434 3873 3501 occisionem,

2231 3524 2492 3598 lienique
2542 3526 2593 3581 si
2649 3529 3119 3598 optemperasset
3162 3527 3280 3580 Deo
3326 3525 3576 3597 quando
3629 3524 3871 3590 audivit,

2222 3616 2486 3684 peccasti
2502 3616 2747 3686 quiesce,
2774 3614 2865 3669 vel
2894 3614 3041 3670 sicut
3060 3613 3121 3670 in
3147 3618 3351 3671 nostra
3380 3612 3770 3671 translatione
3797 3613 3875 3669 le-

2228 3701 2418 3772 gitur:
2456 3704 2522 3759 Si
2554 3705 2694 3760 bene
2723 3705 2909 3775 egeris
2950 3704 3234 3773 recipies;
3265 3705 3358 3759 sin
3401 3708 3602 3759 autem
3640 3704 3703 3758 in
3725 3704 3873 3773 fori-

2228 3790 2332 3845 bus
2358 3799 2672 3861 peccatum
2705 3800 2871 3849 tuum
2904 3794 3119 3861 aderit,
3164 3799 3219 3851 et
3250 3800 3314 3850 tu
3358 3794 3760 3850 dominaberis
3806 3790 3873 3849 il-

2229 3881 2362 3948 lius,
2391 3881 2632 3954 adjutus
2664 3900 2699 3939 a
2758 3883 3009 3939 Domino
3039 3899 3160 3940 non
3211 3887 3502 3956 peccaret.
3548 3884 3613 3939 In
3644 3883 3872 3939 foribus

2224 3975 2536 4042 peccatum
2569 3972 2757 4044 adest,
2781 3989 2919 4028 cum
2952 3973 3009 4027 in
3036 3971 3495 4042 cogitationibus
3525 3972 3741 4045 pulsat.
3762 3976 3873 4045 Ap-

2223 4060 2440 4132 petitus
2466 4061 2668 4118 subter
2699 4066 2808 4126 est,
2843 4061 3015 4132 eique
3041 4056 3224 4118 homo
3264 4061 3631 4130 dominatur,
3673 4062 3719 4117 si
3747 4078 3872 4118 cor-

2222 4147 2313 4203 dis
2338 4149 2605 4222 nequitia
2624 4150 2892 4222 inspecto.
2919 4149 3088 4205 citius
3108 4150 3417 4222 premitur,
3442 4155 3498 4206 et
3517 4150 3871 4223 priusquam

2222 4235 2300 4293 ad
2330 4238 2611 4294 duritiam
2654 4242 2904 4309 crescat,
2936 4237 3242 4294 reluctanti
3298 4238 3480 4294 menti
3537 4238 3868 4309 subigatur.

2223 4325 2396 4391 Quod
2444 4326 2589 4399 quia
2626 4326 2771 4382 Cain
2820 4326 3009 4382 facere
3063 4326 3441 4398 contempsit,
3480 4326 3870 4385 fratricidium

2219 4415 2537 4473 commisit.

2291 4504 2462 4559 Vens.
2487 4504 2709 4567 9,tO.—
2743 4506 3021 4576 Dixitque
3044 4505 3099 4561 ei
3121 4504 3450 4559 Dominus:
3476 4503 3587 4559 Ubi
3606 4509 3689 4560 est
3721 4504 3875 4562 Abel

2216 4593 2416 4660 frater
2446 4597 2581 4649 tuus
2600 4592 2629 4647 ?
2655 4596 2710 4648 et
2737 4592 2989 4665 reliqua.
3016 4595 3142 4647 Non
3175 4595 3467 4662 tanquam
3490 4591 3869 4661 ignarus,sed

2217 4681 2511 4753 tanquam
2543 4680 2752 4751 judex,
2797 4698 2970 4737 reum
3009 4696 3193 4754 quem
3238 4680 3470 4751 puniat,
3520 4679 3863 4749 interrogat.

2217 4767 2319 4825 Cui
2348 4768 2492 4825 Cain
2522 4768 2599 4824 ad
2644 4769 2955 4825 cumulum
2988 4767 3393 4825 damnationis
3425 4784 3549 4823 suae
3581 4767 3866 4825 fallaciter

2213 4872 2283 4913 ac
2313 4857 2566 4929 superbe
2585 4858 2898 4932 respondit
2925 4858 3166 4914 dicens:
3199 4858 3427 4913 Nescio.
3450 4857 3741 4928 Nunquid
3766 4873 3866 4913 cu-

2211 4950 2328 4999 stos
2356 4948 2577 5015 fratris
2603 4951 2720 5004 mei
2744 4963 2870 5003 sum
2898 4954 2925 5002 γ
2958 4948 3232 5017 Dixitque
3252 4947 3577 5002 Dominus:
3603 4945 3760 5012 Quid
3778 4952 3865 5003 est

2210 5036 2370 5102 quod
2395 5036 2639 5104 fecisti?
2667 5036 2818 5092 Ecce
2872 5050 2988 5091 vorc
3032 5034 3343 5103 sanguinis
3372 5035 3591 5103 fratris
3623 5035 3714 5090 tui
3737 5036 3863 5091 cla-

2209 5126 2333 5175 mat
2389 5124 2471 5177 ad
2497 5139 2589 5177 me
2612 5125 2685 5180 de
2709 5130 2895 5179 terra.
2943 5122 3236 5187 Quaeritur
3266 5122 3578 5195 quomodo
3611 5122 3862 5193 sanguis

2206 5206 2357 5264 Abel
2381 5209 2599 5266 clamat
2626 5210 2711 5266 ad
2739 5213 2925 5265 Deum
2944 5209 2973 5264 ‘?
2996 5208 3228 5265 Clamat
3253 5226 3522 5284 namque
3549 5212 3631 5268 ad
3651 5215 3860 5279 Deum,

2203 5295 2348 5368 quia
2377 5297 2682 5353 homicidii
2707 5297 2864 5354 illius
2894 5302 3096 5353 reatus
3126 5298 3190 5354 in
3220 5304 3545 5373 conspectu
3586 5301 3730 5371 justi
3758 5301 3860 5371 ju-

2203 5382 2350 5438 dicis
2377 5385 2713 5458 apparebit.

2273 5474 2473 5529 Vens!
2490 5478 2706 5545 1,12.—
2735 5475 2914 5531 Nunc
2942 5477 3132 5547 igitur
3160 5478 3515 5534 maledictus
3540 5479 3657 5534 eris
3676 5492 3858 5546 super

438 5566 535 5608 ne.
564 5554 743 5607 Datur
764 5554 1081 5622 propterea
1101 5551 1367 5622 intelligi,
1396 5554 1582 5610 Deum
1612 5570 1735 5611 non
1760 5557 2090 5629 respexisse
2199 5566 2442 5629 terram,
2475 5578 2607 5633 quas
2640 5566 2881 5633 aperuit
2903 5581 2964 5621 os
2996 5583 3191 5635 suum,
3216 5570 3325 5622 etc.
3360 5568 3537 5621 Terra
3565 5566 3627 5621 in
3658 5565 3854 5620 Adam

437 5639 499 5696 in
525 5642 630 5713 [Z.,
662 5638 760 5715 ad]
791 5652 1015 5696 munus
1044 5639 1205 5709 Cain,
1238 5643 1382 5714 quia
1409 5643 1524 5702 hoc
1539 5644 1666 5718 ipse
1686 5645 1843 5705 male
1864 5646 2088 5706 divide-

2196 5649 2679 5710 maledictionem
2701 5656 3050 5728 promeruit;
3077 5654 3182 5713 sed
3203 5654 3345 5713 Cain
3364 5651 3425 5710 in
3446 5653 3695 5729 peccato
3717 5669 3848 5721 suo,
