4180 6186
380 171 478 225 MO

1755 165 2117 226 COMMENT.
2159 168 2230 224 lN
2269 167 2406 224 (ΕΠ

3677 171 3778 225 ιω

369 290 648 346 videlicet
671 290 816 362 quia
847 290 1068 346 sciebat
1096 289 1223 361 ipse
1281 290 1736 349 damnationem
1792 307 2025 366 prieva-
2060 296 2106 346 A
2139 293 2333 348 dianae
2363 292 2814 348 consuetudinis
2835 307 3136 364 ponamus
3151 290 3534 364 exemplum:
3571 290 3780 365 loqua-

364 380 674 435 ricalionis
704 379 912 450 primie
944 381 1047 449 [Z.,
1078 379 1355 452 propriae]
1388 385 1443 435 et
1475 397 1595 436 non
1623 383 1818 439 timuit
1849 382 2024 451 origi-

361 470 486 525 nali
533 474 786 542 peccato
815 468 1120 524 fratricidii
1161 469 1564 541 superaddere
1613 471 1830 542 scelus,
1888 471 2023 526 ideo

362 560 600 630 majore
625 557 1045 614 maledictione
1075 557 1294 625 dignus
1324 558 1680 616 habebatur.

443 651 614 703 Vens.
649 652 732 712 t3,
769 647 848 703 14.
889 679 944 686 —-
975 649 1262 719 Dixitque
1311 648 1460 704 Cain
1515 651 1596 706 ad
1650 651 1969 707 Dominum
2000 667 2022 706 .·

370 739 574 806 Major
593 743 674 792 est
710 737 999 806 iniquitas
1031 751 1159 792 mea
1193 753 1372 807 quam
1405 744 1469 792 ut
1504 741 1734 794 veniam
1765 754 2015 796 merear.

369 829 514 881 Ecce
559 826 939 897 desperando
979 825 1213 879 locutus
1243 831 1353 890 est,
1382 828 1549 898 quod
1589 833 1675 883 est
1702 833 2016 900 peccatum

360 915 726 970 maximum.
774 918 900 968 Non
929 913 1088 968 enim
1115 919 1204 969 est
1231 914 1542 970 confessus
1588 917 1779 972 scelus
1812 933 2013 986 suum,

357 1004 470 1058 sed
502 1003 582 1058 ad
614 1003 1048 1074 desperationis
1076 1002 1301 1058 malum
1325 1005 1574 1076 proruit.
1609 1005 1772 1061 Unde
1797 1005 2013 1061 etsub-

347 1093 553 1164 junxit
589 1111 600 1147 :
625 1094 776 1148 Ecce
806 1097 825 1147 .'
857 1093 1042 1160 Ejicis
1072 1108 1162 1148 me
1193 1093 1366 1149 hodie
1395 1109 1431 1149 a
1460 1096 1618 1163 facie
1649 1101 1844 1160 terrae,
1891 1101 1945 1150 et
1975 1111 2011 1150 a

345 1184 515 1251 facie
546 1188 651 1237 tua
679 1181 1035 1250 absco-ndar,
1080 1187 1135 1236 et
1187 1195 1288 1236 ero
1339 1197 1526 1252 vagus
1575 1189 1630 1239 et
1685 1184 2006 1254 profugus.

349 1272 452 1325 Vel
486 1272 638 1326 sicut
673 1271 1060 1342 Septuaginta
1113 1271 1588 1327 transtulerunt:
1652 1273 1897 1328 Gemens
1953 1279 2009 1328 et

351 1367 617 1417 tremens
647 1361 708 1414 in
739 1366 923 1415 terra.
956 1360 1158 1414 Omnis
1188 1361 1378 1430 igitur
1407 1363 1510 1432 qui
1546 1363 1838 1417 invenerit
1892 1375 2002 1427 me,

351 1451 583 1506 occidet
615 1466 727 1505 me.
761 1449 895 1504 Ideo
928 1449 1119 1504 taliter
1146 1465 1208 1504 se
1233 1449 1543 1505 damnavit
1571 1450 2005 1522 utcompendio

355 1541 565 1594 mortis
592 1538 891 1594 cruciatus
913 1538 1185 1593 evaderet
1214 1543 1556 1610 praesentes.

2137 387 2231 436 tur
2259 382 2408 436 inter
2432 381 2680 436 verbera
2711 397 2913 435 servus
2947 379 3026 434 ad
3075 379 3392 434 dominum
3423 398 3437 432 τ
3492 379 3643 445 Quia
3693 381 3780 436 ln-

2135 470 2306 526 cendi
2335 471 2584 525 domum
2637 475 2821 538 tuam,
2881 472 2937 525 et
2985 469 3327 524 universam
3379 467 3775 526 substantiam

2132 561 2442 632 dissipavi,
2468 559 2729 616 interﬁce
2751 575 2880 626 me;
2915 557 3324 630 dominusque
3353 558 3722 630 respondeat
3756 576 3769 615 :

2132 653 2258 706 Non
2276 655 2341 705 ut
2364 654 2426 705 tu
2452 649 2558 716 vis,
2587 648 2875 715 morieris,
2893 651 2947 703 et
2963 645 3134 702 finies
3157 651 3410 703 mortem
3434 648 3726 720 supplicio
3753 667 3766 718 ;

2129 755 2337 794 verum
2365 739 2545 808 longo
2577 743 2842 810 tempore
2873 735 3222 792 custodieris
3239 735 3316 791 ad
3339 736 3547 806 vitam,
3565 742 3623 794 et
3644 742 3768 795 tam

2127 828 2432 883 infeliciter
2451 829 2512 883 in
2543 829 2654 882 hac
2680 827 2812 882 luce
2842 825 3190 888 versaberis,
3222 828 3287 880 ut
3312 825 3659 898 quicunque
3713 832 3765 884 te

2125 918 2422 982 occiderit,
2457 917 2814 972 beneﬁcium
2846 919 3082 987 praestet
3105 913 3323 981 occiso,
3351 913 3500 969 dum
3530 915 3604 970 de
3639 920 3764 973 tam

2125 1007 2324 1062 multis
2355 1012 2406 1061 te
2437 1007 2642 1061 liberet
2699 1005 3074 1060 cruciatibus.
3131 1003 3474 1058 Secundum
3523 1004 3766 1075 Septua-

2123 1095 2283 1163 ginta
2313 1095 2559 1167 quidem
2589 1094 2911 1150 editionem
2933 1092 3027 1147 hic
3049 1091 3224 1147 nobis
3257 1107 3472 1146 sensus
3503 1091 3757 1148 videtur.

2077 1221 2084 1229 κ
2123 1185 2199 1237 De
2231 1201 2302 1239 eo
2324 1188 2522 1238 autem
2552 1183 2716 1254 quod
2745 1181 2957 1253 Aquila
2975 1180 3196 1253 posuit,
3219 1181 3757 1251 semptempliciter,

2119 1277 2173 1328 et
2199 1273 2616 1344 Symmachus,
2652 1271 3052 1328 hebdomadas
3102 1270 3380 1335 exsolvet,
3425 1269 3546 1325 sive
3590 1271 3758 1339 septi-

2115 1379 2244 1417 mus
2267 1364 2604 1429 ulciseetur,
2638 1362 2938 1430 majorum
2983 1364 3326 1415 nostrorum
3352 1357 3465 1414 ista
3521 1364 3758 1416 senten-

2115 1453 2194 1509 tia
2221 1458 2308 1508 est
2336 1452 2500 1524 quod
2532 1456 2740 1523 putent
2766 1451 2827 1505 in
2853 1449 3108 1523 septima
3139 1449 3522 1518 generatione
3551 1465 3586 1504 a
3645 1452 3751 1506 La-

2112 1543 2285 1597 mech
2316 1541 2689 1596 interfectum
2708 1539 2869 1596 Cain.
2889 1539 3083 1594 Adam
3109 1539 3333 1611 quippe
3365 1538 3570 1607 genuit
3585 1539 3751 1608 Cain,

435 1630 594 1682 Vens.
627 1627 706 1680 15.
728 1658 796 1666 -—
820 1627 1102 1696 Diritque
1130 1628 1416 1682 Dominus
1444 1643 1467 1682 .'
1497 1629 1887 1698 Nequaquam
1913 1630 2000 1685 ita
2032 1643 2071 1698 Β
2112 1633 2254 1690 Cain
2269 1629 3001 1701 genuitHenoch,Henoch
3015 1629 3751 1698 genuitlratetlratgenuit

346 1719 454 1783 ﬁet
478 1730 501 1785 ,·
531 1717 634 1772 sed
669 1717 859 1772 omnis
888 1717 994 1787 qui
1015 1717 1300 1771 acciderit
1324 1716 1498 1786 Cain,
1531 1719 1867 1786 septuplum
1886 1731 2000 1786 pu-

346 1807 572 1859 nietur.
607 1805 705 1859 Hic
730 1805 915 1859 oritur
945 1803 1116 1860 valde
1160 1804 1475 1876 complexa
1524 1805 1797 1877 quiestio,
1855 1806 1999 1878 quia

345 1893 465 1949 alia
491 1893 806 1948 translatio
837 1894 936 1954 ait,
969 1899 1187 1962 septem
1221 1894 1515 1950 vindictas
1544 1895 1824 1950 exsolvet.
1883 1895 1996 1952 Sed

347 1989 677 2054 antequam
697 1981 771 2036 de
795 1981 1124 2052 quaestione
1155 1982 1548 2048 disseramus,
1576 1986 1802 2055 rectum
1831 1984 1993 2040 vide-

349 2080 444 2129 tur
475 2078 536 2127 ut
564 2071 853 2127 editiones
882 2071 1271 2143 interpretum
1325 2072 1701 2141 singulorum
1755 2073 1992 2142 digera-

344 2181 503 2233 mus,
529 2161 753 2234 quibus
783 2161 1011 2215 facilius
1059 2177 1270 2216 sensus
1323 2161 1638 2234 Scriptura}
1667 2163 1858 2234 possit
1897 2162 1992 2218 'in-

349 2251 548 2320 telligi.
579 2253 756 2306 Porro
782 2249 997 2321 Aquila
1018 2249 1435 2320 interpretatus
1463 2255 1550 2305 est
1584 2269 1596 2302 :
1630 2251 1706 2304 Et
1737 2252 1892 2307 dixit
1938 2254 1994 2308 ei

350 2343 634 2398 Dominus
668 2360 680 2395 z
714 2342 1044 2407 Propterea
1075 2341 1285 2406 omnis,
1329 2341 1435 2410 qui
1476 2341 1757 2396 occiderit
1811 2342 1984 2410 Cain,

343 2430 1154 2500 septempliciterulciscetur.
1173 2430 1571 2500 Symmachus
1593 2445 1734 2484 vero
1759 2448 1770 2485 :
1794 2431 1988 2500 Prop-

343 2530 506 2577 terea
536 2520 724 2574 omnis
752 2519 859 2588 qui
881 2517 1162 2573 occiderit
1190 2519 1362 2578 Cain,
1426 2518 1825 2574 hebdomadas
1883 2520 1985 2590 [Z.,

343 2612 497 2667 Cain
520 2615 652 2679 post
681 2613 900 2677 septem
933 2607 1354 2676 hebdomadas,
1385 2613 1512 2676 aut,
1543 2608 1680 2678 etc.]
1702 2610 1982 2676 exsolvet,

340 2703 466 2768 aut,
518 2699 801 2767 septimus
845 2696 1271 2751 vindicabitur.
1333 2695 1717 2766 Septuaginta
1762 2697 1985 2769 quippe

339 2789 448 2858 (2.,
472 2787 762 2859 quoque],
789 2789 854 2840 ut
877 2784 1106 2840 dictum
1140 2789 1246 2850 est,
1270 2789 1327 2840 et
1346 2785 1711 2840 Theodotion
1746 2804 1758 2841 :
1789 2787 1870 2841 Et
1895 2787 1984 2842 (ii-

341 2879 434 2933 ait
463 2879 748 2931 Dominus
779 2891 799 2930 .·
827 2875 965 2930 Νοη
993 2876 1077 2929 sic
1107 2876 1295 2930 omnis
1345 2876 1450 2945 qui
1497 2876 1780 2931 occiderit
1831 2878 1984 2933 Cain

2108 1721 2428 1786 Malalehel,
2458 1718 2758 1777 Malalehel
2788 1718 2991 1788 genuit
3018 1716 3424 1782 Mathusalem,
3458 1718 3752 1774 Mathusa-

2106 1813 2223 1869 lem
2256 1811 2458 1881 genuit
2497 1809 2771 1872 Lamech,
2813 1808 2917 1881 qui
2971 1807 3257 1863 interfecit
3295 1806 3458 1874 Cain,
3516 1812 3578 1863 ut
3617 1808 3747 1881 ipse

2104 1908 2314 1977 postea
2334 1901 2647 1956 confitetur
2675 1918 2686 1954 :
2725 1900 2875 1966 Quia
2903 1899 3094 1954 occidi
3122 1899 3318 1954 virum
3376 1898 3438 1953 in
3497 1899 3744 1956 vulnere

2103 2009 2250 2056 meo,
2283 1997 2336 2047 et
2355 1995 2638 2061 juvenem
2672 1991 2729 2044 in
2758 1990 2943 2044 livore
2970 2003 3114 2054 meo,
3147 1991 3204 2041 et
3233 1986 3484 2059 reliqua.
3521 1988 3585 2042 Et
3615 1988 3741 2058 qui-

2102 2081 2242 2136 dem
2263 2081 2336 2136 de
2369 2079 2533 2148 Cain,
2567 2076 2731 2150 quod
2763 2075 3017 2148 septima
3045 2074 3426 2144 generatione
3473 2073 3740 2131 interfec-

2101 2173 2195 2225 tus
2219 2169 2308 2235 sit,
2340 2172 2396 2222 et
2422 2169 2592 2238 juxta
2623 2165 2802 2221 aliam
2847 2163 3300 2220 translationem
3350 2178 3596 2234 poenam
3647 2163 3740 2219 sui

2101 2257 2336 2314 sceleris
2394 2255 2639 2328 dederit,
2691 2251 2836 2309 nihil
2889 2253 3144 2308 obscure
3193 2251 3448 2306 arbitror
3496 2267 3737 2309 reman-

2099 2343 2266 2402 sisse.
2297 2344 2404 2400 Alii
2431 2345 2504 2399 de
2528 2349 2754 2414 septem
2786 2339 3059 2396 vindictis
3077 2339 3218 2394 (lain
3238 2336 3402 2394 varia
3428 2340 3738 2411 suspican-

2097 2441 2208 2492 tur.
2248 2439 2312 2491 Et
2337 2433 2598 2507 primum
2647 2435 2920 2487 asserunt
2968 2427 3155 2484 fuisse
3203 2431 3516 2500 peccatum
3572 2430 3741 2500 quod

2098 2542 2220 2582 non
2243 2529 2397 2581 recte
2425 2521 2688 2577 diviserit
2723 2539 2734 2587 ;
2761 2515 3116 2588 secundum,
3143 2515 3308 2589 quod
3325 2511 3599 2571 inviderit
3622 2517 3736 2575 fra-

2097 2613 2169 2670 tri
2198 2630 2339 2680 suo;
2366 2607 2622 2676 tertium,
2650 2607 2814 2681 quod
2837 2605 3046 2662 dolose
3077 2605 3259 2675 egerit
3280 2599 3516 2660 dicens:
3550 2605 3734 2676 Egre-

2096 2703 2336 2758 diamur
2359 2697 2528 2771 foras
2559 2713 2580 2767 ;
2609 2701 2912 2770 quartum,
2945 2689 3111 2768 quod
3139 2691 3492 2749 interfecerit
3541 2709 3681 2750 eum
3716 2713 3728 2764 ;

2095 2792 2392 2864 quintum,
2416 2788 2582 2862 quod
2610 2785 2937 2860 procaciter
2964 2783 3306 2854 negaverit:
3336 2784 3566 2840 Nescio.
3605 2786 3740 2840 Sex-

2097 2885 2245 2946 tum,
2277 2879 2443 2951 quod
2475 2877 2740 2949 seipsum
2782 2869 3162 2930 damnaverit
3197 2893 3210 2928 :
3259 2865 3462 2939 Major
3489 2879 3574 2928 est
3628 2873 3740 2928 ini-

339 2973 560 3035 septem
590 2965 886 3020 vindictas
914 2965 1193 3019 exsolvet.
1225 2965 1356 3018 lam
1387 2962 1630 3018 tandem
1680 2965 1758 3019 ad
1807 2965 1986 3020 eluci-
2025 2995 2068 3050 ο
2098 2969 2293 3039 quitas
2322 2982 2471 3033 mea,
2506 2981 2684 3037 quam
2717 2969 2782 3018 ut
2813 2961 3105 3050 dimittar.
3160 2959 3511 3050 Septimum,
3573 2959 3740 3050 quod

335 3054 612 3110 dandam
640 3052 1034 3125 quaestionem
1065 3052 1285 3124 stylum
1319 3057 1637 3108 vertamus.
1663 3057 1984 3126 Postquam

333 3144 497 3199 enim
531 3141 677 3198 Cain
709 3141 946 3196 fratrem
979 3139 1284 3207 interfecit,
1334 3141 1732 3210 interrogatus
1778 3159 1812 3197 a
1873 3145 1984 3198 Do-

335 3233 508 3287 mino
542 3230 650 3284 ubi
675 3235 840 3288 esset.
866 3229 1296 3284 contumeliose
1341 3229 1690 3301 respondit:
1750 3232 1981 3300 Nescio,

330 3324 450 3376 etc.
493 3333 726 3388 ;quam
747 3316 824 3371 ob
872 3333 991 3372 rem
1034 3316 1452 3372 maledictione
1499 3317 1824 3374 damnatus
1873 3323 1980 3383 est,

334 3414 400 3464 ut
430 3421 708 3475 gemens,-
740 3410 794 3460 et
822 3409 1070 3460 tremens
1097 3406 1318 3461 viveret
1343 3421 1524 3476 super
1581 3410 1816 3474 terram,
1870 3423 1980 3463 no-

325 3497 435 3552 luit
469 3494 711 3550 veniam
733 3493 1038 3566 deprecari
1072 3513 1084 3561 ;
1119 3494 1223 3549 sed
1254 3494 1514 3566 peccatis
1543 3499 1790 3568 peccata
1835 3512 1979 3552 con~

329 3583 651 3654 geminans
704 3586 930 3637 tantum
977 3583 1204 3654 putavit
1243 3580 1435 3648 nefas,
1487 3584 1582 3638 cui
1633 3599 1670 3640 a
1725 3583 1979 3640 Domino

331 3688 454 3726 non
481 3669 677 3742 possit
703 3670 959 3738 ignosci.
996 3671 1258 3742 Denique
1311 3670 1623 3743 respondit
1650 3671 1728 3727 ad
1786 3673 1978 3728 Domi-

347 3773 487 3812 num
519 3776 531 3811 :
559 3759 760 3827 Major
783 3764 866 3814 est
898 3760 1184 3828 iniquitas
1210 3774 1340 3815 mea
1399 3775 1578 3830 quam
1619 3766 1686 3814 ut
1742 3763 1975 3818 veniam

344 3861 578 3908 merear,
608 3848 668 3902 id
702 3851 790 3903 est
824 3847 960 3918 plus
991 3847 1231 3918 peccavi
1259 3862 1444 3918 quam
1476 3852 1540 3903 ut
1592 3861 1824 3904 merear
1873 3849 1977 3904 ab-

333 3933 489 3990 solvi.
525 3935 757 4005 Ejicior,
813 3935 1028 4006 inquit,
1085 3935 1263 3990 hodie
1303 3950 1339 3990 a
1368 3939 1692 4007 conspectu
1739 3940 1864 4006 tuo,
1919 3942 1976 3993 et

326 4023 689 4079 conscientia
720 4023 957 4079 sceleris
990 4023 1183 4079 lucem
1212 4023 1410 4096 ipsam
1442 4025 1590 4080 ferre
1628 4041 1750 4080 non
1801 4026 1972 4082 susti-

322 4127 492 4175 nens,
525 4112 836 4168 abcondar
865 4118 922 4168 et
948 4112 1194 4182 latitem,
1227 4112 1455 4184 eritque
1498 4113 1694 4168 omnis
1741 4114 1847 4185 qui
1884 4113 1971 4169 in.

320 4201 546 4256 venerit
575 4217 691 4266 me,
715 4201 947 4258 occidet
977 4217 1071 4256 me
1101 4219 1113 4256 :
1146 4201 1294 4256 dum
1317 4218 1390 4256 ex
1419 4206 1672 4257 tremore
1703 4201 1969 4274 corporis

323 4293 376 4343 et
400 4289 557 4344 furia
584 4289 799 4344 mentis
831 4290 1090 4358 agitatus
1139 4306 1277 4346 eum
1323 4307 1383 4346 se
1435 4306 1567 4346 esse
1621 4289 1968 4360 intelligeret

321 4380 420 4450 qui
465 4384 769 4433 mereatur
791 4379 1062 4435 interﬁci.
1093 4382 1306 4436 Verum
1335 4383 1510 4446 Deus,
1560 4379 1770 4436 nolens
1825 4397 1964 4436 eum

321 4467 685 4539 compendio
742 4468 950 4523 mortis
1022 4468 1192 4523 ﬁnire
1269 4468 1590 4534 cruciatus,
1652 4484 1764 4524 nec
1810 4469 1964 4524 tradi

321 4572 513 4628 poenae
547 4573 669 4628 qua
699 4557 909 4628 seipse
940 4557 1354 4626 damnaverat,
1403 4557 1484 4613 ait
1533 4574 1546 4612 ε
1580 4561 1706 4614 Non
1756 4557 1859 4628 sic,
1902 4559 1964 4614 id

321 4651 423 4713 est,
457 4661 604 4711 non,
633 4649 696 4700 ut
717 4649 782 4700 tu
811 4645 1092 4712 testimas,
1134 4645 1424 4713 morieris,
1462 4651 1520 4702 et
1543 4651 1796 4703 mortem
1852 4663 1964 4718 pro

319 4734 585 4789 remedio
630 4733 906 4806 accipies.
964 4733 1186 4790 Verum
1223 4734 1389 4789 vives
1420 4749 1609 4807 usque
1658 4735 1736 4792 ad
1784 4736 1962 4808 septi~
2037 4801 2041 4804 _

322 4839 480 4877 mam
515 4823 984 4892 generationem,
1015 4828 1069 4878 et
1093 4823 1471 4880 conscientias
1507 4828 1618 4879 tuae
1662 4824 1799 4894 igne
1848 4828 1963 4880 tor-

320 4911 620 4982 queberis,
655 4912 736 4966 ita
765 4916 829 4966 ut
848 4912 951 4982 qui
980 4916 1034 4968 te
1064 4912 1345 4968 occiderit
1399 4912 1732 4968 secundum
1761 4913 1960 4984 dupli-

320 5015 444 5054 cem
474 4999 948 5068 intelligentiam,
982 5005 1085 5057 aut
1135 5002 1196 5056 in
1256 5002 1511 5074 septima
1557 5003 1957 5070 generatione,

321 5093 470 5142 aula
499 5103 727 5157 magno
758 5093 810 5144 te
836 5089 1044 5145 liberet
1091 5090 1353 5146 cruciatu
1387 5109 1399 5158 ;
1445 5101 1571 5146 non
1625 5090 1790 5161 quod
1829 5091 1960 5162 ipse

315 5176 414 5246 qui
444 5177 810 5248 percusserit
839 5177 1000 5245 Cain,
1031 5182 1260 5249 septem
1290 5178 1616 5235 ultionibus
1645 5179 1961 5249 subjicien-

315 5263 425 5319 dus
458 5267 532 5321 sit
561 5283 575 5328 ς
612 5265 720 5321 sed
747 5266 911 5337 quod
940 5271 1172 5337 septem
1192 5266 1505 5335 vindictas,
1528 5283 1665 5340 quas
1710 5267 1771 5322 in
1815 5267 1958 5324 Cain

314 5357 474 5409 tanto
501 5359 773 5426 tempore
803 5359 1253 5422 concurrerunt,
1283 5354 1478 5411 solvat
1526 5356 1586 5411 in
1630 5356 1954 5425 interfecto,

311 5443 591 5498 occidens
675 5457 815 5498 cum
881 5443 985 5515 qui
1048 5443 1179 5499 vitae
1253 5443 1448 5500 fuerat
1514 5444 1828 5502 derelictus
1880 5447 1959 5503 ad

309 5548 576 5602 pinnam.

378 5623 448 5679 Ut
476 5626 683 5679 autem
711 5620 879 5696 quod
903 5621 1161 5681 dicimus
1193 5623 1568 5682 manifestius
1596 5624 1722 5695 ﬁat,
1765 5625 1958 5698 quoti-

2094 3074 2205 3115 nec
2236 3055 2561 3112 damnatus
2593 3052 2775 3123 egerit
2803 3048 3214 3125 paenitentiam
3259 3043 3592 3103 secundum
3642 3047 3736 3103 Ni-

2093 3148 2328 3213 nivitas,
2356 3149 2411 3200 et
2440 3143 2770 3209 Ezechiam,
2818 3156 3021 3212 regem
3049 3135 3236 3206 Judte,
3265 3135 3369 3210 qui
3416 3137 3734 3192 imminen-

2092 3242 2214 3293 tem
2245 3237 2498 3289 mortem
2523 3229 2806 3301 lacrymis
2832 3226 3204 3282 distulerunt.
3233 3225 3296 3279 Et
3325 3221 3531 3279 dicunt
3587 3221 3734 3280 illud

2092 3342 2127 3381 a
2159 3319 2621 3380 clementissimo
2653 3314 2770 3372 Deo
2802 3315 2936 3370 ideo
2958 3328 3148 3385 usque
3182 3305 3260 3367 ad
3287 3313 3518 3383 septem
3551 3324 3730 3381 gene-

2090 3411 2351 3468 rationes
2380 3407 2561 3464 fuisse
2590 3403 2862 3470 dilatum,
2896 3404 2960 3457 ut
2990 3399 3198 3456 saltem
3251 3398 3424 3454 malis
3471 3398 3618 3472 ipsis
3675 3405 3731 3457 et

2088 3501 2284 3570 longas
2315 3495 2450 3552 vitae
2482 3510 2734 3551 maerore
2765 3483 3117 3564 compulsus
3146 3479 3553 3561 paenitentiam
3584 3504 3725 3558 age-

2087 3593 2175 3645 ret
2205 3592 2270 3644 ut
2298 3585 2624 3642 mereretur
2653 3579 2880 3639 absolvi
2914 3598 2926 3634 :
2959 3581 3015 3635 et
3063 3573 3225 3634 hunc
3278 3593 3407 3634 esse
3459 3591 3723 3650 sensum,

2086 3693 2270 3752 quem
2297 3691 2480 3748 supra
2510 3670 3007 3746 praestrinximus,
3031 3665 3196 3740 quod
3239 3661 3342 3740 qui
3373 3665 3727 3723 interfecerit

2085 3768 2249 3836 Cain,
2281 3764 2358 3822 ab
2391 3761 2615 3833 ingenti
2643 3777 2782 3816 eum
2812 3774 2995 3832 poena
3020 3759 3074 3812 et
3103 3755 3387 3812 omnibus
3421 3755 3726 3829 suppliciis

2082 3854 2379 3916 liberaret.
2415 3855 2700 3908 Craterum
2728 3839 2895 3920 quod
2924 3845 3124 3900 noster
3172 3841 3462 3914 interpres
3511 3860 3724 3899 secun-

2082 3945 2231 4004 dum
2259 3941 2607 4000 Hebraicam
2639 3935 2944 3992 veritatem
2966 3931 3184 4004 posuit,
3216 3926 3420 3986 dicens
3455 3948 3466 3986 :
3495 3931 3611 3999 Qui
3635 3947 3725 3987 oc-

2083 4033 2296 4094 ciderit
2327 4029 2499 4095 Cain,
2529 4026 2869 4096 septuplum
2919 4021 3233 4090 punietur,
3285 4017 3469 4091 aliqui
3516 4015 3722 4075 intelli-

2082 4127 2228 4196 gunt
2258 4123 2362 4192 [Z.,
2391 4117 2488 4173 alii
2519 4117 2656 4170 sunt
2707 4112 2812 4185 qui
2864 4105 3198 4196 intelligunt
3247 4103 3346 4196 ita]
3398 4105 3526 4196 ita;
3575 4105 3724 4196 solet

2079 4189 2240 4269 anim
2260 4189 2640 4280 septenarius
2661 4209 2948 4256 numerus
2973 4195 3301 4269 saepissime
3328 4195 3388 4249 in
3409 4189 3722 4267 Scripturis

2084 4295 2304 4358 sanctis
2337 4279 2456 4368 pro
2485 4289 2852 4367 plenitudine
2910 4282 3227 4359 cujuslibet
3263 4283 3365 4368 rei
3411 4281 3576 4357 poni.
3630 4279 3724 4368 Ait

2078 4401 2221 4459 ergo
2250 4365 2589 4454 septuplitm
2613 4380 2920 4449 punietur,
2953 4374 3128 4448 quasi
3153 4367 3400 4429 dixisset
3432 4387 3447 4427 :
3489 4365 3724 4429 Gravis~

2076 4479 2228 4535 sima
2258 4472 2479 4530 ultione
2511 4466 2851 4543 puniendus
2876 4463 2984 4520 erit
3011 4461 3106 4518 ille
3154 4459 3258 4534 qui
3303 4465 3358 4516 te
3414 4460 3716 4543 occiderit,

2073 4567 2178 4640 qui
2209 4579 2318 4621 nec
2341 4542 2518 4619 tanto
2553 4552 2958 4614 damnationis
3005 4549 3468 4640 comminatione
3514 4542 3721 4640 admo-

2071 4634 2253 4725 nitus,
2286 4669 2320 4710 a
2352 4641 2661 4719 sanguinis
2709 4641 3002 4701 effusione
3043 4635 3230 4694 voluit
3283 4647 3502 4690 manus
3551 4634 3716 4725 cohi-

2070 4717 2467 4812 beredltaque
2478 4717 2772 4793 terrorem
2802 4729 2996 4786 intulit
3017 4725 3323 4792 Dominus,
3362 4737 3436 4812 ne
3455 4721 3597 4812 quis
3612 4717 3716 4812 ho-

2071 4809 2387 4889 micidium
2410 4819 2793 4896 perpetraret.
2828 4817 2994 4881 Ecce,
3027 4816 3323 4888 quantum
3353 4809 3432 4868 ad
3451 4809 3712 4867 historia‘.

2071 4899 2447 4991 superﬁciem
2475 4909 2743 4984 pertinet,
2777 4923 2851 4962 ne
2877 4904 3115 4975 longius
3155 4914 3353 4959 sermo
3403 4897 3708 4975 procedat,

2071 5023 2250 5079 super
2300 5001 2414 5060 hoc
2472 4999 2850 5057 enucleatum
2897 4995 3020 5052 fore
3070 4991 3347 5050 sufﬁciat.
3406 4995 3714 5051 Verumta-

2070 5112 2208 5153 men
2230 5109 2306 5149 ne
2334 5087 2587 5148 modum
2616 5085 2796 5143 libelli
2825 5079 3107 5142 excedere
3135 5083 3498 5153 videremur,
3528 5083 3606 5140 ad
3635 5084 3717 5142 al-

2068 5183 2390 5251 legoricam
2419 5177 2868 5246 intelligentiam
2884 5173 3316 5248 apostropham
3347 5170 3542 5230 facere
3575 5173 3713 5230 dis-

2068 5274 2331 5331 tulimus.
2362 5271 2430 5325 At
2451 5279 2588 5324 vero
2615 5265 2663 5322 si
2685 5264 2918 5338 plenius
2943 5261 3166 5336 tropice
3187 5257 3412 5318 discere
3433 5259 3711 5332 volueris,

2067 5361 2216 5435 quid
2267 5351 2526 5416 duorum
2595 5353 2856 5410 ﬁliorum
2934 5347 3232 5435 nativitas,
3291 5345 3513 5423 quidve
3571 5349 3712 5406 Cain

2067 5434 2336 5522 Abelque
2364 5441 2710 5518 signiﬁcent,
2738 5443 2865 5514 jam
2897 5451 3054 5514 saepe
3082 5434 3311 5514 praefati
3338 5435 3448 5496 viri
3477 5443 3715 5495 caetero-

2064 5552 2322 5609 rumque
2366 5533 2625 5604 tegmine
2670 5529 2904 5587 sublato
2959 5527 3276 5586 doctorum
3323 5537 3601 5601 percurre
3653 5523 3717 5580 li-

2065 5623 2276 5685 bellos.
2310 5627 2479 5698 Nos]
2507 5623 2708 5694 igitur,
2757 5623 2826 5679 ut
2874 5617 3190 5695 capimus,
3245 5617 3504 5674 historiae
3557 5609 3709 5675 vela.
