4180 6186
438 123 530 177 151

1535 132 1894 189 ANGELOMI
1931 134 2382 195 LUXOVIENSIS
2417 106 2735 200 MONACHI

3734 154 3836 212 152

435 242 690 300 Domino
717 244 974 315 favente,
1006 249 1369 321 pandemus.
1429 254 1522 310 Ait
1568 255 1730 313 enim
1775 256 2078 327 legislator
2105 260 2152 314 A
2192 261 2375 319 livore
2410 280 2556 335 meo,
2584 270 2642 323 et
2665 267 2914 341 reliqua.
2938 271 3201 328 Tradunt
3226 274 3387 329 enim
3407 274 3636 333 Hebraei
3666 280 3833 352 quod

435 333 664 403 Moyses
691 350 704 388 :

506 437 833 525 Posuitque
847 443 1136 501 Dominus
1156 447 1306 503 Cain
1324 450 1559 521 signum
1578 454 1682 525 [Z.,
1706 455 1769 510 in
1794 456 2075 525 signum],

436 528 493 580 et
518 524 771 599 reliqua.
800 530 969 587 Varie
997 533 1223 607 quippe
1250 535 1325 592 de
1382 538 1494 595 hoc
1535 524 1706 611 signo
1761 524 1985 599 Hebraei
2022 546 2105 600 et‘

435 614 709 671 nonnulli
724 615 983 674 ﬁdelium
1011 624 1392 695 suspicantur
1416 646 1429 692 ;
1460 629 1562 684 sed
1588 630 1764 701 quale
1790 632 2074 702 posuerit,

434 715 512 756 ne
531 703 916 775 occideretur,
943 709 1246 783 Scriptura
1276 714 1486 781 innuit,
1515 716 1785 774 videlicet
1813 724 1879 776 ut
1920 735 2077 777 sem-

434 803 544 860 per
570 794 831 849 tremens
856 800 913 852 et
939 812 1206 867 gemens,
1256 817 1446 870 vagus
1494 814 1550 859 et
1586 806 1877 877 profugus
1915 808 2077 865 vive-

434 881 543 948 ret,
569 894 681 936 nec
701 883 947 940 auderet
978 884 1079 958 [Z.,
1122 888 1372 959 audiret]
1430 908 1568 948 eum
1622 896 1864 967 uspiam
1915 897 2078 953 orbis

434 968 726 1025 terrarum
758 972 931 1027 sedes
953 973 1174 1029 habere
1204 977 1458 1047 quietas.
1497 982 1561 1036 Et
1602 981 1872 1053 fortassis
1900 985 2078 1040 idcir-

434 1068 506 1110 co
536 1055 831 1115 civitatem
863 1061 1147 1123 condidit.
1180 1064 1239 1119 in
1271 1081 1393 1137 qua
1414 1067 1629 1126 salvari
1656 1073 1861 1143 possit.

506 1160 680 1219 Vens.
718 1167 801 1219 16.
832 1196 901 1204 -
928 1167 1335 1243 Egressusque
1358 1174 1508 1230 Cain
1531 1191 1568 1232 a
1609 1180 1769 1247 facie
1821 1181 2074 1246 Domini,

435 1248 729 1306 habitavit
754 1253 815 1307 in
849 1259 1012 1310 terra
1065 1260 1365 1329 profugus
1420 1265 1503 1319 ad
1546 1266 1897 1325 orientalem
1944 1271 2078 1339 pla-

430 1352 570 1407 gam
589 1338 780 1395 Eden.
804 1340 1192 1414 Septuaginta
1220 1352 1662 1422 transtulerunt,
1689 1338 1983 1414 habitavit
2012 1361 2075 1416 in

433 1427 808 1517 terraNaid,
841 1431 1014 1496 Quod
1040 1436 1424 1509 Septuaginta
1446 1442 1610 1499 Naid
1627 1446 2072 1517 transtulerunt,

428 1512 490 1567 in
522 1512 770 1571 Hebraeo
795 1533 917 1574 non
948 1520 1181 1579 dicitur.
1213 1528 1339 1581 Non
1371 1534 1461 1584 est
1490 1530 1667 1601 igitur
1695 1537 1848 1590 terra
1903 1512 2070 1607 Naid,

2190 352 2443 409 Lamech
2475 355 2755 413 occiderit
2776 359 2939 429 Cain,
2970 365 3027 416 et
3046 362 3158 417 hoc
3188 363 3502 420 confitetur
3522 368 3831 425 uxoribus.

2188 440 2333 512 Fuit,
2366 441 2662 516 inquiunt,
2696 448 2953 504 Lamech
2980 450 3069 505 vir
3108 451 3447 521 sagittarius
3489 460 3543 509 et
3601 471 3828 525 gnarus

2185 530 2447 586 venandi
2481 550 2493 599 ;
2527 533 2631 588 sed
2659 534 2841 605 longo
2868 537 3033 595 senio
3061 537 3243 597 laesus
3280 540 3626 611 caligabant
3677 546 3832 601 oculi

2187 618 2335 688 ejus,
2363 625 2421 677 et
2446 620 2602 678 clare
2634 623 2829 681 videre
2858 643 2977 682 non
3012 632 3266 701 poterat.
3295 630 3565 687 Habebat
3585 634 3829 706 quidem

2186 708 2623 780 prieductorem
2698 713 3230 786 adolescentulum,
3287 719 3392 793 qui
3441 720 3493 776 ei
3543 721 3831 780 ducatum

2186 796 2512 868 praebebat.
2544 802 2818 866 Quadam
2851 820 3113 878 namque
3163 807 3258 863 die
3312 825 3571 882 pergens
3620 810 3682 867 in
3737 812 3830 868 sil-

2185 900 2346 955 vam,
2381 891 2445 943 ut
2469 888 2624 945 feras
2647 898 2866 948 venatu
2892 900 3150 967 caperet,
3176 897 3548 969 praeibat[Z.,
3580 901 3831 973 praeibat

2185 974 2261 1045 ei]
2290 992 2460 1048 puer,
2492 979 2653 1036 viam
2683 980 2979 1053 praebens.
3013 984 3282 1058 Cumque
3301 986 3521 1043 saltum
3553 1005 3831 1062 peragra-

2186 1069 2336 1129 rent,
2369 1067 2597 1138 aspexit
2626 1068 2976 1127 adolescens
3016 1073 3156 1130 Cain
3186 1091 3223 1131 a
3250 1074 3473 1145 longe,,
3504 1082 3562 1134 et
3606 1079 3827 1136 discer-

2186 1165 2327 1207 nere
2357 1169 2481 1210 non
2512 1155 2741 1225 valens,
2774 1161 3010 1232 putavit
3033 1161 3286 1219 bestiam
3310 1165 3414 1234 [Z.,
3437 1182 3575 1221 eum
3598 1168 3829 1240 putavit

2186 1255 2314 1297 esse
2343 1241 2641 1316 bestiam],
2672 1251 2728 1303 et
2767 1248 2848 1304 ait
2876 1249 2954 1305 ad
2986 1251 3245 1308 Lamech
3280 1272 3292 1308 :
3353 1254 3560 1322 Video,
3611 1256 3823 1329 inquit,

2185 1327 2459 1386 bestiam.
2491 1333 2760 1407 Dixitque
2802 1339 3101 1395 Lamech:
3161 1341 3245 1397 Da
3298 1343 3441 1399 mihi
3492 1327 3718 1412 arcum,
3772 1327 3830 1403 et

2185 1417 2373 1489 dirige
2395 1435 2613 1477 manus
2644 1423 2803 1493 illuc,
2831 1432 2888 1482 et
2917 1429 3214 1499 sagittam,
3244 1438 3308 1488 ut
3329 1433 3573 1503 jaciam.
3599 1424 3828 1502 Quibus

2185 1506 2421 1565 directis
2442 1510 2585 1581 jecit
2610 1518 2667 1569 et
2695 1518 2987 1587 percussit
3008 1519 3211 1588 jaculo
3257 1523 3416 1579 Cain.
3453 1527 3517 1579 Et
3568 1526 3828 1582 sentiens

429 1603 494 1655 ut
523 1601 742 1672 vulgus
772 1611 1118 1667 nostrorum
1140 1618 1332 1685 putat,
1363 1617 1466 1672 sed
1496 1599 1766 1692 expletur
1785 1599 2073 1682 sententia
2102 1603 2144 1659 Β
2184 1599 2349 1669 qum
2369 1602 2759 1692 Pefcuisisse‘
2779 1620 3018 1679 corpus'
3046 1610 3226 1682 coepit
3264 1612 3513 1687 palpare
3542 1615 3691 1685 quid
3736 1632 3826 1671 es"

429 1688 550 1784 Dei,
582 1692 754 1784 quod
778 1693 897 1751 huc
927 1702 1108 1771 atque
1132 1701 1267 1759 illuc
1287 1720 1479 1775 vagus
1512 1688 1883 1784 et—profugus
1904 1713 2074 1770 ober-

428 1775 597 1833 ravit.
629 1781 793 1836 Unde
826 1784 975 1840 Naid
1000 1786 1422 1861 interpretatur
1448 1775 1805 1861 insta—bilis:
1829 1807 1883 1856 et
1930 1804 2074 1872 ﬂuc-

430 1870 629 1934 tuans,
664 1883 735 1924 ac
759 1872 923 1928 sedes
950 1875 1209 1945 incertae,
1234 1880 1327 1935 vel
1360 1887 1687 1942 commotio.

499 1973 645 2029 Vens
676 1979 758 2031 i7.
777 1979 1157 2050 —Cognovit
1187 1992 1385 2043 autem
1421 1991 1574 2047 Cain
1602 2009 1849 2051 uxorem
1878 2013 2070 2067 suam,

427 2063 484 2114 et
505 2064 736 2157 peperit
764 2065 1034 2124 Henoch.
1063 2071 1257 2144 Aliqui
1276 2075 1483 2135 dicunt
1500 2078 1558 2135 in
1580 2081 1696 2137 hoc
1722 2084 1889 2155 quod
1909 2063 2070 2157 dicit,

425 2151 702 2218 coynovit
734 2168 980 2211 uxorem
1006 2173 1196 2229 suam,
1231 2163 1564 2233 signiﬁcare
1594 2151 1761 2242 quod
1781 2172 1857 2244 [2.
1867 2216 1884 2244 ,
1907 2178 1972 2230 ut
2000 2175 2073 2231 si-

425 2236 736 2305 gniﬁcaret
783 2243 971 2315 quod]
1025 2246 1287 2306 vindicta
1335 2236 1648 2325 desineret,
1714 2236 1798 2316 si‘
1825 2236 2072 2320 uxorem

423 2339 549 2380 non
575 2328 921 2400 accepisset.
954 2333 1031 2388 Et
1083 2338 1404 2407 a’diﬁcavit
1457 2346 1777 2413 civitatem,
1819 2355 2075 2409 vocavit-

422 2427 538 2483 que
556 2430 770 2472 nomen
800 2422 928 2488 ejus
958 2437 1033 2478 ex
1056 2428 1296 2485 nomine
1338 2432 1457 2498 ﬁlii
1506 2437 1602 2490 sui
1651 2438 1918 2495 Henoch.
1968 2443 2072 2497 He-

422 2502 582 2557 noch
610 2504 905 2563 dedicatio
933 2508 1371 2584 interpretatur.
1406 2524 1463 2575 In
1514 2523 1705 2593 ipsius
1763 2526 1922 2584 enim
1968 2545 2073 2586 no-

424 2588 585 2645 mine
607 2591 905 2651 civitatem
926 2606 1136 2669 postea
1163 2602 1481 2665 aediﬁcavit
1511 2588 1675 2669 Cain.
1700 2613 1804 2672 Hic
1834 2618 2069 2689 primus

426 2676 726 2736 civitatem
798 2689 1205 2746 construxisse
1287 2693 1658 2768 describitur,
1735 2708 1798 2760 ut
1834 2676 2071 2779 .aperte

428 2771 861 2827 monstraretur
889 2774 1033 2847 quia
1058 2777 1187 2849 ipse
1208 2779 1269 2837 in
1301 2786 1456 2842 terra
1484 2771 1946 2852 fundamentum
1968 2815 2073 2872 po-

424 2855 564 2949 suit,
595 2859 699 2931 qui
730 2876 767 2917 a
795 2862 1090 2923 soliditate
1130 2875 1366 2930 aeterna:
1411 2879 1619 2949 patriae
1658 2882 1888 2940 alienus
1940 2855 2067 2946 fuit.

2186 1691 2276 1743 set
2298 1688 2463 1761 quod
2492 1690 2608 1747 telo
2662 1702 3015 1764 peremerat.
3072 1701 3198 1764 Quo
3254 1699 3495 1774 palpato
3545 1705 3827 1762 intellexit

2183 1776 2349 1849 quod
2370 1777 2513 1835 Cain
2542 1780 2873 1838 occidisset.
2901 1788 3061 1842 Tunc
3090 1788 3288 1845 furore
3319 1795 3627 1863 permotus
3655 1795 3824 1850 vertit

2183 1880 2415 1932 arcum,
2436 1871 2493 1923 et
2521 1883 2592 1924 eo
2621 1873 2915 1942 percussit
2942 1890 3221 1947 puerum.
3256 1880 3321 1933 Et
3369 1881 3484 1936 hoc
3512 1886 3602 1937 est
3647 1882 3823 1955 quod

2182 1954 2263 2010 ait
2290 1955 2578 2012 uxoribus
2603 1959 2768 2015 suis:
2823 1963 3026 2020 Occidi
3052 1966 3267 2037 virum,
3308 1967 3368 2024 id
3415 1976 3504 2026 est
3542 1954 3705 2035 Cain,
3758 1976 3820 2028 in

2182 2045 2402 2100 vulnus
2429 2061 2647 2117 meum,
2677 2055 2734 2105 et
2763 2050 3270 2113 adolescentulum
3300 2058 3363 2113 in
3397 2061 3579 2117 livore
3599 2077 3743 2118 meo.

2251 2134 2418 2189 Vens.
2459 2139 2548 2191 24.
2580 2169 2649 2177 -
2678 2138 2992 2209 Septulum
3022 2145 3173 2199 ultio
3203 2146 3450 2203 dabitur
3491 2150 3563 2205 de
3617 2150 3768 2207 Cain
3794 2152 3847 2221 ,”

2182 2221 2254 2279 de
2280 2223 2539 2280 Lamech
2569 2241 2706 2283 vero
2736 2232 3069 2301 septuagies
3097 2238 3330 2303 septies.
3368 2239 3478 2296 Sed
3511 2254 3620 2296 nos
3673 2240 3816 2297 sim-

2180 2309 2408 2382 pliciter
2435 2312 2629 2371 virum
2659 2321 2715 2372 et
2735 2317 3247 2378 adolescentulum
3269 2324 3469 2397 ipsum
3495 2327 3636 2385 Cain
3657 2328 3820 2385 intel-

2180 2399 2457 2472 ligimus;
2494 2402 2689 2461 virum
2746 2412 2990 2481 propter
3042 2416 3272 2469 aetatem
3321 2419 3378 2471 et
3414 2416 3819 2474 fortitudinem

2180 2491 2407 2545 natura:
2435 2508 2447 2559 ;
2478 2490 2991 2554 adolescentulum
3022 2506 3265 2573 propter
3292 2503 3600 2561 stultitiam
3632 2511 3689 2561 et
3736 2506 3822 2564 la-

2182 2576 2425 2635 sciviam
2452 2579 2878 2643 instabilitatis.
2914 2588 3339 2648 Verumtamen
3367 2595 3622 2650 Lamech
3654 2594 3823 2667 spiri-

2180 2663 2370 2721 taliter
2403 2667 2703 2727 Christum
2733 2671 3169 2747 interpretatur,
3221 2679 3322 2751 qui
3380 2681 3597 2738 occidit
3654 2663 3819 2748 C—ain,

2179 2752 2241 2810 id
2270 2758 2361 2811 est
2386 2755 2717 2817 diabolum.
2751 2764 2880 2828 Quo
2924 2766 3121 2823 occiso
3175 2768 3300 2825 suis
3351 2770 3660 2842 uxoribus,
3703 2772 3820 2828 hoc

2181 2848 2268 2901 est
2294 2844 2536 2903 duabus
2566 2849 2864 2923 Ecclesiis,
2897 2856 3230 2927 annuntiat,
3262 2859 3487 2931 quibus
3542 2862 3818 2934 imperat,

427 2946 783 3019 Peregrinus
815 2955 1040 3028 quippe
1096 2973 1132 3014 a
1174 2936 1447 3037 summis,
1498 2936 2141 3036 fundamenti—imuin‘c
2179 2936 2244 3037 Ψ
2464 2952 2805 3037 δθνξῑδρηθω
2829 2943 3179 3037 “ficum”
3208 2946 3371 3037 Unde
3391 2949 3661 3020 qmdam
3690 2966 3820 3007 m0"

424 3034 562 3092 imis
590 3040 808 3112 posuit,
841 3044 946 3115 qui
975 3047 1290 3106 stationem
1320 3034 1516 3112 cordis
1564 3058 1622 3114 in
1677 3066 1909 3123 terrena
1963 3068 2066 3125 de-

422 3123 736 3225 lectatione
762 3130 1092 3192 collocavit.
1126 3139 1288 3194 Unde
1314 3142 1374 3197 in
1432 3144 1613 3220 stirpe
1638 3150 1768 3221 ejus
1800 3123 2062 3227 Henoch,

421 3214 529 3287 qui
558 3216 854 3277 dedicatio
882 3220 1321 3299 interpretatur,
1354 3214 1586 3304 primus
1637 3214 1906 3300 nascitur
1939 3265 1952 3314 ;
2005 3214 2067 3304 in

421 3302 746 3363 electorum
773 3326 917 3366 vero
943 3317 1229 3385 progenie
1258 3302 1499 3379 Henoch
1556 3329 1845 3401 septimus
1882 3302 2066 3394 fuisse

421 3400 810 3452 memoratur.
843 3400 991 3465 Quia
1035 3402 1305 3463 videlicet
1350 3414 1589 3483 reprobi
1634 3400 1703 3473 in
1751 3420 1866 3478 hac
1920 3424 2062 3494 vita,

422 3496 560 3572 quae
587 3486 741 3572 ante
789 3490 897 3556 est,
952 3493 1305 3566 semetipsos
1361 3500 1716 3561 mditicando
1763 3486 2061 3572 dedicant:

421 3567 599 3660 Dlecti
625 3587 765 3660 vero
786 3573 1195 3638 eediﬂcationis
1226 3600 1348 3640 suae
1378 3587 1812 3653 dedicationem
1842 3567 1925 3655 in,

420 3653 874 3762 EPe‘trz,“ﬁnem]
905 3669 1223 3762 temporis,
1243 3671 1306 3729 id
1331 3680 1419 3731 est
1447 3676 1507 3734 in
1535 3682 1791 3754 septimo
1815 3653 2055 3762 ex—sp—ec:

419 3747 566 3802 tant.
598 3746 747 3805 Hinc
771 3755 864 3808 est
890 3755 1057 3826 quod
1085 3758 1267 3816 Paulo
1297 3746 1620 3825 attestante
1639 3746 1944 3832 Abraham
1998 3781 2060 3835 in

419 3835 643 3924 casulis
699 3837 1014 3911 habitavit,
1088 3847 1231 3918 quia
1295 3851 1615 3913 habentem
1668 3859 2063 3924 fundamenta

416 3920 735 4022 civitatem,
767 3942 955 4000 quam
994 3948 1175 4022 super
1224 3953 1336 3994 nos
1360 3941 1465 4012 [Z.,
1493 3951 1812 4022 supernus]
1851 3920 2059 4012 artifex

415 4012 724 4082 construit,
750 4020 1151 4090 exspectabat.

487 4115 661 4217 γωδ.
699 4119 875 4201 18-22.
912 4156 978 4166 --
1010 4128 1199 4187 Porro
1254 4134 1503 4194 Henoch
1556 4144 1762 4210 genuit
1810 4146 1959 4217 Iral,
2002 4153 2061 4208 et

411 4203 646 4306 reliqua
669 4224 862 4307 usque
901 4230 916 4270 :
953 4222 1008 4272 et
1060 4219 1463 4307 Mathusalem
1512 4203 1719 4299 genuit
1776 4203 2054 4307 Lamech,

411 4294 521 4364 qui
540 4299 769 4367 accepit
795 4306 1208 4376 uxoresduas.
1240 4327 1452 4370 nomen
1498 4294 1608 4373 uni
1642 4320 1802 4391 Ada,
1852 4329 1907 4380 et
1953 4342 2055 4382 ηο-

411 4395 542 4419 mon
589 4386 773 4419 ηηρηδ
822 4391 978 4419 αλιι..
1059 4397 1303 4419 r__.-l1,
1377 4418 1383 4419 ,
1454 4404 1464 4414 ο
1641 4408 1652 4419 .
1707 4414 1717 4419 -
1906 4417 1913 4419 _

404 4556 537 4632 ipse
566 4565 798 4635 primus
827 4568 1187 4631 adulterium
1217 4580 1542 4652 commisit,
1574 4599 1645 4639 eo
1689 4588 1856 4659 quod
1899 4605 1962 4647 se
1987 4591 2053 4648 in

404 4647 643 4747 duabus
665 4656 952 4716 uxoribus
980 4660 1196 4721 divisit.
1231 4665 1330 4723 Hic
1359 4647 1730 4731 notandum-
1750 4681 1840 4734 est
1882 4680 2050 4753 quod

402 4738 466 4794 in
494 4745 780 4829 progenie
813 4749 951 4805 Seth
973 4751 1138 4810 nulla
1160 4753 1243 4810 ibi
1262 4760 1579 4829 progenita
1607 4762 1833 4824 femina
1857 4738 2051 4826 nbmi-

401 4828 591 4883 natim
612 4832 974 4905 exprimitur,
1018 4840 1131 4896 nisi
1178 4828 1410 4903 tantum
1461 4849 1522 4905 in
1570 4854 1859 4924 progenie
1902 4858 2047 4915 Cain

400 4925 910 5006 commemoratur
940 4943 953 4992 ;
984 4942 1091 4998 per
1118 4933 1285 5002 quod
1326 4936 1694 5006 significatur
1750 4949 2045 5004 terrenam

398 5002 711 5098 civitatem,
733 5022 858 5098 qua
885 5011 990 5080 [Z.,
1020 5018 1176 5091 quae]
1210 5021 1353 5075 Cain
1380 5002 1540 5096 cepit
1570 5028 1782 5098 [Petr.,
1829 5002 2044 5090 conca;

395 5090 525 5162 pit],
556 5108 745 5166 usque
771 5097 864 5152 sui
889 5098 948 5153 in
981 5090 1172 5160 tinem,
1192 5090 1474 5166 carnales
1494 5090 1838 5175 habituram
1869 5136 2044 5190 gene-

394 5180 672 5248 rationes,
697 5200 833 5255 quee
860 5192 1120 5248 marium
1140 5209 1211 5251 ac
1227 5196 1592 5258 feminarum
1621 5206 2042 5276 conjunctione

391 5271 752 5338 proveniunt
779 5275 887 5346 [Z.,
908 5294 1044 5352 quae
1074 5297 1182 5355 per
1211 5288 1566 5346 maritorum
1586 5307 1658 5348 ac
1679 5271 2043 5352 feminarum

389 5356 843 5446 conjunctiones
870 5371 1249 5446 perveniunt]
1280 5377 1446 5434 Unde
1491 5378 1572 5435 ad
1630 5380 2041 5440 testimonium

387 5443 540 5502 Sella
568 5452 784 5511 umbra
803 5460 930 5526 ejus
959 5443 1398 5534 interpretatur.

452 5555 621 5614 Vnus.
650 5562 737 5616 23.
771 5564 937 5621 —-Et
966 5569 1057 5624 ait
1084 5570 1343 5629 Lamech
1376 5579 1667 5634 uxoribus
1699 5579 1821 5637 suis
1854 5595 1870 5636 :
1928 5580 2033 5639 Oc-

2178 3020 2257 3077 do
2286 3021 2427 3080 dicit
2455 3026 2740 3084 occidisse
2766 3045 2827 3086 se
2856 3030 3072 3101 virum,
3103 3030 3285 3105 quem
3306 3040 3548 3109 propter
3587 3037 3817 3095 fortitu-

2168 3108 2378 3167 dinem
2405 3113 2711 3172 diabolum
2739 3125 3067 3191 nuncupat.
3096 3122 3167 3176 In
3196 3108 3637 3195 vulnussuum,
3666 3126 3819 3182 scili-

2177 3204 2269 3255 cet
2292 3205 2482 3259 morte
2503 3220 2612 3260 sua
2644 3223 2657 3273 ;
2685 3211 2741 3261 et
2762 3207 3267 3267 adolescentulum
3313 3212 3511 3284 ipsum
3563 3213 3646 3269 ait
3681 3228 3819 3287 pro—

2176 3289 2262 3343 ter
2286 3287 2596 3348 lasciviam
2617 3298 2672 3349 et
2699 3297 3107 3354 aeternitatem.
3127 3300 3201 3355 In
3229 3300 3416 3358 livore
3435 3316 3562 3373 suo,
3591 3303 3706 3360 hoc
3729 3308 3819 3361 est

2173 3391 2298 3432 non
2327 3378 2429 3449 [Z.,
2458 3395 2571 3436 om.
2604 3384 2752 3453 non]
2779 3385 2904 3440 sine
2937 3386 3161 3442 dolore.
3222 3388 3336 3445 Sed
3385 3391 3815 3463 requirendum

2172 3468 2260 3521 est
2279 3465 2428 3537 quid
2457 3472 2544 3523 est
2576 3471 2744 3541 quod
2770 3471 2986 3541 legitur
3010 3474 3229 3531 dixisse
3258 3479 3517 3535 Lamech
3546 3497 3686 3537 cum
3712 3497 3813 3539 oc-

2172 3551 2390 3608 cideret
2419 3555 2562 3611 Cain
2594 3573 2607 3611 :
2636 3557 2992 3629 Septuplum
3031 3562 3105 3618 de
3162 3564 3315 3620 Cain
3370 3568 3713 3637 ulciscetur,
3741 3570 3814 3625 de

2169 3642 2427 3699 Lamech
2450 3649 2647 3702 autem
2677 3651 3011 3719 septuagies
3037 3653 3247 3722 septies
3267 3657 3295 3708 ?
3327 3655 3479 3720 Quia
3507 3656 3809 3713 homicidii

2168 3733 2483 3801 peccatum
2512 3733 2766 3806 septima
2796 3738 3177 3806 generatione
3194 3740 3421 3799 diluvio
3441 3744 3809 3802 vindicatum

2168 3834 2299 3874 esse
2313 3817 2546 3892 legitur,
2564 3822 2701 3881 ideo
2721 3825 2949 3882 dictum
2966 3831 3073 3884 est.
3096 3828 3230 3898 Seu,
3252 3835 3318 3888 ut
3334 3831 3527 3889 Judaei
3546 3833 3807 3903 tradunt,

2169 3908 2548 3980 septuaginta
2568 3917 2797 3986 septem
2829 3914 3043 3971 animae
3068 3934 3141 3974 ex
3173 3920 3428 3977 Lamech
3483 3922 3811 3994 progenita:

2165 4001 2411 4069 repertae
2436 4004 2577 4057 sunt
2603 4001 2666 4057 in
2687 4002 2911 4060 diluvio
2942 4009 3000 4060 et
3023 4005 3227 4063 deletae
3256 4014 3412 4068 sunt.
3468 4013 3535 4067 Et
3579 4013 3641 4068 in
3694 4011 3812 4069 hoc

2165 4100 2420 4144 numero
2445 4087 2520 4144 de
2552 4091 2807 4147 Lamech
2832 4091 3052 4151 factam
3082 4111 3211 4153 esse
3242 4098 3563 4157 vindictam
3603 4101 3812 4157 dicunt

2165 4174 2332 4246 quod
2361 4190 2552 4244 genus
2579 4176 2769 4249 ipsius
2803 4197 2992 4255 usque
3023 4184 3103 4239 ad
3133 4186 3573 4259 cataclysmum
3611 4205 3808 4262 perse-

2089 4294 2132 4351 ο
2164 4262 2467 4319 veraverit.
2535 4264 2821 4325 adulterii
2871 4285 3015 4326 vero
3068 4272 3287 4335 scelus,
3340 4276 3506 4349 quod
3553 4277 3805 4334 Lamech

2163 4349 2391 4378 ruﬁ”..-
2445 4353 2710 4378 Α......ζ--..
2745 4356 2801 4378 2..
2872 4357 3067 4378 ,πμ-,ια
3357 4365 3366 4374 -
3408 4365 3441 4378 ι.
3653 4366 3686 4378 η

2163 4357 2394 4422 primus
2443 4357 2714 4411 omnium
2745 4357 2805 4412 in
2864 4357 3105 4415 duabus
3149 4365 3448 4421 commisit
3494 4366 3802 4435 uxoribus,

2161 4453 2285 4495 non
2315 4439 2429 4496 nisi
2471 4443 2766 4513 sanguine
2826 4447 3036 4504 Christi
3090 4452 3459 4524 expiandum
3508 4471 3656 4523 esse,
3701 4455 3805 4528 qui

2160 4530 2605 4600 septuagesima
2651 4537 2709 4589 et
2777 4536 3031 4607 septima
3086 4543 3465 4609 generatione
3530 4545 3689 4601 venit
3741 4544 3805 4600 in

2157 4616 2478 4690 mundum,
2512 4621 2848 4680 secundum
2880 4627 3269 4698 Evangelium
3300 4633 3490 4702 Lucae,
3523 4633 3627 4705 qui
3680 4632 3806 4689 tulit

2155 4710 2471 4777 peccatum
2499 4710 2732 4782 mundi,
2762 4715 2867 4786 qui
2895 4715 3040 4773 lavit
3058 4718 3345 4775 amictum
3375 4736 3553 4778 suum
3577 4725 3640 4777 In
3663 4736 3804 4777 san-

2155 4793 2336 4863 guine
2362 4810 2517 4861 uvae,
2543 4802 2602 4854 et
2629 4801 2888 4857 torcular
2916 4804 3165 4862 calcavit
3193 4806 3377 4863 solus.

2225 4885 2396 4942 Veas.
2439 4889 2529 4942 25.
2580 4919 2649 4928 —
2704 4888 2993 4961 Cognovit
3055 4901 3253 4952 autem
3304 4898 3501 4955 Adam
3552 4913 3801 4956 uxorem

2151 4985 2345 5040 suam,
2411 4989 2544 5044 qua
2589 4979 2857 5047 concepit
2908 4980 3122 5046 ﬁlium,
3173 4986 3522 5058 vocavitque
3586 5003 3802 5045 nomen

2152 5060 2279 5127 ejus
2336 5061 2503 5117 Seth.
2568 5064 2706 5120 Seth
2750 5065 3169 5137 interpretatur
3241 5078 3625 5138 resurrectio,
3694 5092 3802 5133 seu
3848 5152 3857 5157 -

2148 5147 2383 5212 positio.
2440 5150 2836 5217 Resurrectio,
2908 5168 2978 5208 eo
3039 5157 3206 5227 quod
3254 5167 3392 5231 post
3440 5162 3637 5220 fratris
3710 5164 3799 5220 in-

2150 5231 2553 5289 terfectionem
2592 5241 2770 5292 natus
2821 5238 2913 5306 sit,
2942 5242 3119 5311 quasi
3159 5250 3654 5307 resurrectionem
3683 5250 3803 5307 fra-

2151 5315 2252 5372 tris
2281 5333 2348 5373 ex
2389 5321 2642 5376 mortuis
2665 5323 2999 5381 suscitaret.
3052 5328 3279 5387 Positio
3322 5350 3480 5404 vero,
3525 5337 3670 5410 quia
3693 5352 3801 5410 po-

2149 5404 2265 5460 suit
2291 5419 2431 5462 eum
2453 5407 2610 5463 Deus
2638 5424 2749 5481 pro
2778 5410 2943 5468 Abel.
2976 5415 3142 5472 Unde
3170 5424 3227 5476 et
3275 5420 3491 5480 dicitur
3522 5404 3566 5481 ε-
3594 5404 3799 5483 Susci-

2147 5494 2295 5548 tavit
2324 5495 2478 5550 mihi
2496 5497 2656 5553 Deus
2684 5513 2878 5557 semen
2908 5503 3082 5559 aliud
3102 5520 3217 5575 pro
3260 5509 3432 5581 Abel,
3485 5530 3657 5584 quem
3704 5530 3800 5572 oc-

2143 5582 2288 5637 adit
2328 5583 2501 5640 Cain.
2564 5586 2664 5642 Vel
2720 5587 2872 5646 sicut
2914 5592 3130 5664 Aquila
3187 5582 3528 5657 transtulit:
3580 5603 3797 5661 Posuit

381 5643 503 5702 ι’ἱαὶ
528 5648 723 5709 virum
751 5652 815 5713 in
841 5657 1063 5716 vulnus
1091 5675 1306 5730 meum,
1336 5670 1391 5721 et
1420 5668 1936 5731 adolescentulum
1962 5670 2025 5733 in
2139 5669 2293 5728 mihi
2324 5672 2484 5731 Deus
2508 5689 2703 5746 semen
2732 5643 3006 5751 altera;
3020 5697 3132 5761 pro
3188 5684 3361 5744 Abel.
3413 5688 3789 5772 Spiritaliter,
