4160 6182
183 211 280 267 153
1549 203 1900 264 COMMENT.
1940 203 2008 256 IN
2049 202 2205 256 GEN.

3493 209 3592 266 154

176 338 241 390 ut
269 333 506 406 quidem
536 332 772 395 volunt,
797 348 906 405 per
933 332 1123 388 Adam
1157 337 1213 388 et
1240 348 1490 388 uxorem
1521 332 1651 402 ejus
1673 326 1828 385 Chri-
1855 328 1904 381 Α
1935 324 2135 380 nullus
2160 329 2384 396 posset,
2411 324 2472 380 id
2493 329 2581 380 est
2608 341 2729 380 non
2762 325 2933 380 mori.
2963 327 3205 383 Henoch
3229 331 3435 397 genuit
3452 331 3581 388 Ma-

177 426 296 476 stus
349 427 404 477 et
457 423 790 493 Synagoga
853 419 1236 490 signiﬁcatur.
1301 421 1466 476 Unde
1513 423 1692 476 natus
1741 421 1829 473 est

176 507 346 578 ﬁlius,
372 508 436 563 id
489 514 580 564 est
605 508 876 581 populus
931 509 1195 578 gentium
1250 510 1310 565 in
1353 509 1493 566 ﬁde.
1533 507 1644 574 Qui
1673 510 1827 562 recte

183 597 315 654 Seth
345 598 707 667 nominatur,
739 597 802 652 id
832 602 920 652 est
946 598 1177 669 positus
1227 599 1289 654 in
1335 599 1599 654 veritate.
1657 595 1828 662 Quod

183 690 385 742 autem
417 686 549 742 dicit
578 704 590 740 :
621 688 838 742 Semen
870 687 1042 742 aliud
1060 703 1178 756 pro
1203 688 1371 755 Abel,
1406 685 1698 756 signiﬁcat
1726 685 1830 740 bo-

188 789 299 829 nos
327 773 460 829 Novi
489 775 844 829 Testamenti
874 790 984 846 pro
1014 775 1385 846 patriarchis,
1413 781 1469 830 et
1498 772 1826 846 prophetis.

190 863 247 914 et
273 861 638 931 martyribus,
667 863 772 933 qui
799 861 977 917 occisi
1007 867 1143 916 sunt
1172 878 1206 917 a
1236 862 1395 918 mala
1423 867 1589 935 parte
1619 858 1827 932 populi

189 946 544 1004 Judteorum.
593 948 891 1004 Moraliter
945 964 1085 1004 vero
1132 965 1238 1020 per
1267 950 1458 1005 Adam
1491 954 1547 1004 et
1579 963 1827 1003 uxorem

190 1051 356 1090 suam
390 1041 620 1091 sanctus
650 1037 914 1108 quisque
944 1041 1001 1092 et
1045 1053 1184 1092 caro
1211 1037 1687 1101 demonstratur;
1720 1049 1830 1106 per

188 1121 371 1178 ﬁlium
398 1138 599 1178 sensus
630 1123 966 1196 perfectus;
988 1141 1095 1197 per
1123 1140 1316 1181 semen
1341 1125 1514 1180 aliud
1532 1139 1649 1193 pro
1678 1123 1828 1178 Abel

190 1207 322 1264 boni
353 1226 558 1266 sensus
585 1228 701 1283 pro
728 1211 907 1266 bonis
935 1212 1363 1281 intelliguntur.

257 1298 415 1353 Vens.
443 1302 530 1353 26.
561 1331 632 1339 —
661 1300 782 1356 Sed
811 1305 866 1355 et
894 1299 1034 1355 Seth
1057 1305 1240 1355 natus
1270 1306 1356 1356 est
1372 1301 1540 1369 ﬁlius
1569 1305 1623 1354 et
1656 1313 1828 1354 voca-

197 1386 275 1440 vit
302 1402 504 1443 nomen
530 1391 656 1456 ejus
685 1390 841 1444 Enos
869 1389 980 1460 [Z.,
1003 1405 1177 1460 quem
1205 1390 1438 1444 vocavit
1459 1387 1657 1461 Enos].
1680 1389 1831 1453 Quo-

201 1472 378 1527 modo
405 1474 585 1529 Adam
611 1478 774 1532 homo
801 1477 1240 1549 interpretatur.
1275 1477 1358 1532 ita
1388 1483 1443 1532 et
1473 1479 1628 1532 Enos
1654 1476 1829 1546 juxta

206 1557 455 1615 Hebraeae
481 1561 691 1632 linguae
718 1564 1019 1620 veritatem
1052 1565 1224 1620 homo
1249 1564 1342 1620 vel
1375 1567 1471 1620 vir
1496 1563 1729 1619 dicitur.
1763 1565 1829 1618 Et

1934 413 2257 479 thusalam,
2291 418 2347 468 et
2389 413 2546 482 facti
2599 419 2740 468 sunt
2793 428 2991 469 omnes
3049 416 3170 470 dies
3225 417 3586 477 Mathusalae

1931 502 2222 571 nongenti
2271 503 2590 571 sexaginta
2635 517 2839 558 novem
2871 504 3038 568 anni,
3083 510 3136 559 et
3168 511 3443 562 mortuus
3482 515 3586 564 est.

1933 589 2033 645 Hic
2065 589 2250 644 oritur
2278 591 2529 662 quaestio
2560 591 2814 657 famosa,
2856 595 2912 646 et
2940 589 3340 662 disputatione
3371 595 3589 652 multo-

1932 693 2066 734 rum
2126 677 2670 734 ecclesiasticorum
2723 679 3028 746 ventilata,
3061 681 3224 752 quod
3247 683 3417 751 juxta
3457 685 3589 741 dili-

1935 770 2172 835 gentem
2200 765 2689 837 supputationem
2720 768 3177 838 quatuordecim
3233 786 3425 825 annos
3461 779 3592 844 pest

1935 854 2222 910 diluvium
2254 854 2582 909 Mathusala
2610 855 2822 910 vixisse
2855 857 3159 913 referatur.
3197 861 3422 914 Etenim
3453 877 3590 918 cum

1936 947 2089 997 esset
2105 941 2434 997 Mathusala
2446 958 2678 997 annoru
2690 959 2747 997 m
2761 949 3000 1000 centum
3015 947 3324 1016 sexaginta
3342 953 3590 1021 septem,

1935 1030 2139 1100 genuit
2170 1031 2446 1085 Lamech.
2472 1033 2725 1086 Rursum
2761 1033 3036 1099 Lamech,
3066 1050 3204 1089 cum
3231 1042 3387 1093 esset
3409 1053 3595 1093 anno-

1934 1135 2070 1174 rum
2100 1123 2343 1175 centum
2375 1120 2718 1189 octuaginta
2751 1126 2906 1188 octo,
2940 1124 3143 1189 genuit
3193 1127 3331 1183 Noe.
3357 1132 3413 1180 et
3442 1126 3595 1184 ﬁunt

1935 1207 2117 1262 simul
2170 1223 2364 1279 usque
2411 1207 2488 1263 ad
2529 1208 2689 1264 diem
2742 1210 3066 1266 nativitatis
3117 1215 3236 1267 Noe
3286 1213 3425 1268 anni
3459 1214 3592 1270 vita;

1934 1294 2274 1352 Mathusalae
2300 1296 2541 1352 trecenti
2570 1297 3011 1370 quinquaginta
3033 1299 3319 1372 quinque.
3347 1302 3595 1357 Sexcen-

1935 1383 2148 1438 tesimo
2179 1398 2341 1438 anno
2368 1391 2569 1440 autem
2599 1385 2732 1440 vita:
2761 1390 2878 1442 Noe
2907 1387 3203 1443 diluvium
3235 1387 3458 1444 factum
3478 1394 3588 1454 est,

1935 1487 2005 1526 ac
2035 1487 2141 1542 per
2168 1471 2284 1526 hoc
2332 1471 2538 1528 habita
2585 1476 3010 1546 supputatione
3039 1491 3146 1548 per
3191 1481 3410 1548 partes,
3445 1492 3590 1533 non-

1935 1560 2266 1630 gentesimo
2298 1561 2806 1633 quinquagesimo
2827 1564 3038 1636 quinto
3055 1581 3216 1620 anno
3247 1566 3590 1622 Mathusalae

206 1661 455 1717 congrue
479 1649 590 1706 hoc
621 1652 967 1708 vocabulum
999 1653 1224 1709 habuit.
1258 1654 1339 1709 De
1373 1669 1444 1708 eo
1472 1653 1630 1708 enim
1682 1651 1827 1707 scri-
1859 1671 1899 1724 Β
1935 1647 2229 1702 diluvium
2275 1646 2455 1703 fuisse
2501 1649 2912 1706 convincatur.
2962 1655 3108 1708 Cum
3158 1657 3359 1708 autem
3408 1669 3592 1726 supra

198 1739 357 1806 ptum
382 1742 494 1792 est:
521 1740 639 1795 Iste
657 1744 832 1810 carpit
856 1744 1140 1798 invocare
1166 1758 1377 1798 nomen
1408 1743 1683 1808 Domini;
1709 1740 1825 1808 vel,

194 1821 595 1896 sicutquidam
627 1829 1091 1885 transtulerunt:
1130 1833 1294 1886 Tunc
1318 1831 1556 1886 initium
1582 1831 1706 1900 fuit
1740 1831 1830 1884 in-

183 1913 425 1968 vocandi
439 1931 656 1972 nomen
683 1920 936 1974 Domini.
965 1919 1116 1974 Licet
1139 1919 1405 1992 plerique
1435 1920 1827 1974 Hebraeorum

179 1999 526 2059 arbitrentur
554 2007 726 2078 quod
757 2011 900 2062 tunc
933 2007 1194 2080 primum
1225 2009 1288 2063 in
1317 2009 1560 2064 nomine
1589 2007 1826 2063 Domini

175 2090 304 2146 etin
351 2091 753 2150 similitudine
783 2097 914 2166 ejus
944 2095 1232 2152 fabricata
1263 2097 1378 2152 sint
1405 2097 1584 2153 idola.
1632 2096 1828 2168 Aliqui

172 2178 266 2247 [Z.,
293 2179 413 2252 alii]
443 2197 600 2237 vero
624 2182 834 2239 volunt
862 2183 1030 2255 quod
1055 2183 1189 2239 ideo
1214 2184 1443 2239 dictum
1470 2185 1545 2239 sit
1565 2200 1635 2239 eo
1663 2183 1827 2256 quod

170 2281 344 2323 unum
406 2268 494 2322 de
558 2268 770 2326 decem
816 2271 1166 2326 nominibus
1214 2271 1470 2334 Domini,
1502 2287 1625 2342 quo
1671 2270 1833 2343 apud

168 2353 451 2411 Hebraeos
484 2360 766 2423 vocatur,
798 2358 1064 2428 primum
1117 2361 1273 2413 Enos
1319 2359 1646 2431 reperisset,
1669 2358 1832 2430 quod

171 2444 282 2501 ΗΠ..
330 2443 693 2515 Allegorice
721 2445 839 2514 [Z.,
878 2447 1291 2502 Verumtamen
1339 2445 1666 2521 allegorice]
1695 2463 1827 2501 suc-

174 2549 428 2590 cessores
479 2533 706 2606 populi
752 2534 1073 2590 Christiani
1125 2535 1546 2605 signiﬁcantur,
1573 2535 1676 2608 qui
1717 2552 1826 2591 no-

88 2679 103 2694 .
179 2637 301 2678 men
330 2621 579 2678 Domini
609 2620 898 2677 invocant
921 2621 1087 2693 quod
1113 2627 1202 2678 est
1229 2623 1399 2679 Deus.

829 2711 1060 2765 (:APUT
1097 2709 1166 2765 V.

829 2711 922 2764 (:A
1020 2712 1060 2764 Τ
1097 2711 1166 2765 V.

244 2796 417 2853 Vens.
455 2799 564 2853 1-4.
591 2798 800 2854 —Hic
851 2711 1121 2854 estpljiber
1155 2799 1555 2868 generationis
1603 2800 1826 2867 Adam,

185 2886 240 2939 in
270 2886 362 2940 die
393 2901 511 2956 qua
568 2888 792 2943 creavit
829 2887 976 2942 Deus
1023 2886 1348 2952 hominem;
1378 2887 1460 2942 ad
1487 2888 1832 2943 similitudi-

184 2987 306 3028 nem
335 2975 442 3028 Dei
467 2975 608 3043 fecit
637 2976 836 3037 illum,
872 2978 930 3029 et
957 2972 1188 3045 reliqua
1242 2989 1432 3046 usque
1467 2993 1480 3042 ;
1510 2982 1566 3031 et
1592 2976 1828 3032 vocavit
1856 3007 1900 3064 ο

186 3075 385 3116 nomen
414 3076 613 3118 eorum
640 3063 838 3120 Adam
888 3064 951 3118 in
992 3063 1089 3117 die
1114 3077 1233 3134 qua
1263 3064 1456 3118 creati
1477 3070 1638 3120 sunt.
1668 3064 1828 3119 Bene

189 3148 285 3213 ait,
310 3156 363 3204 et
397 3153 620 3206 vocavit
644 3153 887 3207 nomina
918 3166 1121 3206 eorum
1150 3151 1374 3220 Adam,
1399 3151 1462 3206 id
1490 3156 1599 3222 est,
1632 3153 1825 3210 homo.

192 3236 461 3291 Hominis
506 3244 700 3294 autem
751 3255 968 3295 nomen
1015 3244 1141 3295 tam
1184 3239 1316 3296 viro
1353 3256 1544 3312 quam
1591 3241 1829 3298 feminas

199 3323 502 3378 convenit.

280 3411 455 3464 Vens.
487 3414 585 3466 5-7.
618 3443 685 3453 —
706 3414 784 3469 Et
804 3415 1026 3484 factum
1068 3423 1153 3474 est
1183 3433 1357 3474 omne
1394 3423 1626 3488 tempus
1673 3421 1833 3490 quod

212 3498 363 3553 vixit
387 3498 586 3568 Adam,
618 3507 900 3574 nongenti
945 3507 1199 3577 triginta
1244 3507 1411 3575 anni,
1459 3513 1512 3563 et
1559 3515 1830 3564 mortuus

204 3592 305 3641 est.
332 3587 496 3645 Juxta
523 3591 934 3664 tropologiam,
957 3601 1023 3650 ut
1040 3594 1315 3650 nonnulli
1342 3595 1825 3668 interpretantur.

193 3675 331 3732 anni
360 3676 497 3732 Λάαν
525 3682 811 3750 nongenti
836 3683 1094 3754 triginta,
1129 3688 1244 3739 tres
1273 3683 1454 3754 leges,
1483 3684 1574 3740 vel
1619 3684 1827 3753 ﬁdem,

191 3780 360 3836 spem
405 3771 459 3822 et
495 3769 863 3838 charitatem,
898 3771 988 3827 vel
1035 3777 1273 3844 tempus
1303 3773 1491 3828 aetatis
1542 3773 1722 3829 Chriti
1749 3774 1828 3829 si-

185 3853 482 3924 gniﬁcant.

253 3944 413 3999 Vens.
449 3949 503 4012 8,
553 3949 702 4001 9-‘2l.
749 3979 820 3988 —
878 3949 1154 4020 Vixitque
1202 3949 1344 4005 Seth
1391 3957 1826 4020 nongentarum

176 4029 483 4088 duodecim
513 4049 837 4101 annorum,
863 4041 918 4091 et
949 4042 1219 4091 mortuus
1251 4044 1356 4092 est.
1400 4038 1557 4093 Vixit
1597 4053 1831 4109 quoque

173 4117 330 4173 Enos
357 4121 468 4191 qui
497 4120 610 4190 [Z.,
641 4126 990 4193 postquam]
1020 4123 1227 4192 genuit
1279 4122 1536 4190 Cainan,
1568 4139 1830 4194 nongen—

174 4210 362 4264 torum
393 4209 667 4280 quinque
711 4224 1033 4276 annorum,
1083 4216 1138 4266 et
1167 4216 1437 4266 mortuus
1473 4217 1574 4268 est.
1605 4212 1828 4268 Cainan

179 4295 530 4352 lamentatio
556 4296 650 4351 vel
677 4299 964 4366 possessio
993 4312 1194 4354 eorum
1223 4297 1454 4354 dicitur.
1482 4299 1642 4355 Sicut
1670 4300 1829 4356 enim

180 4381 307 4438 Cain
341 4387 666 4454 possessio,
698 4385 780 4440 ita
809 4385 1203 4441 derivativum
1255 4401 1499 4456 nomen,
1532 4389 1696 4460 quod
1746 4393 1834 4443 est

181 4472 387 4530 Cainan
453 4473 600 4530 facit
639 4477 925 4543 possessio
975 4490 1176 4530 eorum
1226 4476 1337 4545 [Z.,
1367 4476 1702 4533 derivatum
1748 4483 1834 4534 est

183 4575 399 4625 nomen,
429 4563 601 4632 quod
633 4564 868 4620 Cainan
895 4565 1071 4634 facit,
1107 4564 1407 4636 possessio
1438 4567 1686 4638 eorum].
1719 4567 1833 4622 Sed

185 4646 240 4700 in
260 4649 367 4705 hoc
401 4649 581 4722 quod
618 4650 762 4706 anni
803 4650 1068 4707 ﬁliorum
1114 4650 1308 4707 Adam
1355 4652 1731 4720 decrescunt,
1761 4654 1836 4710 si-

193 4735 504 4799 gniﬁcabat
530 4737 699 4810 quod
730 4737 1039 4794 minuendi
1073 4742 1270 4794 essent
1297 4740 1440 4795 anni
1461 4741 1694 4810 generis
1719 4743 1833 4798 hu-

198 4822 343 4876 mani
365 4829 510 4895 post
539 4840 624 4880 se.
660 4826 938 4896 Sequitur
969 4844 982 4882 :

266 4909 421 4974 Vsus,
454 4916 640 4969 21-27.
666 4945 735 4954 —
765 4915 962 4970 Porro
1004 4915 1252 4971 Henoch
1285 4917 1489 4986 genuit
1517 4917 1833 4972 Mathusa-

200 4993 340 5062 lam,
365 5004 412 5052 et
441 5001 766 5058 ambula-vit
799 5015 935 5057 cum
955 5004 1074 5058 Deo
1100 5002 1480 5072 (subauditur
1499 5005 1561 5060 in
1589 5020 1834 5061 conver-

190 5083 442 5149 satione)
473 5093 660 5144 etnon
680 5089 995 5158 apparuit,
1028 5089 1169 5160 quia
1200 5091 1338 5146 tulit
1369 5106 1500 5146 eum
1528 5093 1706 5147 Deus.
1730 5093 1834 5146 He-

178 5172 346 5227 noch
376 5172 501 5244 [Z.,
525 5177 692 5234 Porro
746 5177 1017 5247 Henoch]
1050 5177 1346 5234 dedicatio
1391 5180 1831 5251 interpretatur,

177 5259 333 5315 sicut
387 5263 656 5334 superius
702 5263 1099 5320 ostendimus.
1146 5264 1260 5321 Sed
1307 5267 1700 5337 quaerendum
1748 5272 1838 5323 est

173 5363 358 5419 quare
411 5354 726 5426 tantopere
781 5355 1053 5407 servatus
1096 5356 1188 5407 est
1239 5367 1276 5407 a
1323 5356 1561 5410 morte?
1603 5355 1721 5409 nisi
1774 5359 1838 5409 ut

171 5439 586 5497 ostenderetur
605 5440 758 5513 quid
776 5455 988 5496 omnes
1005 5439 1282 5496 homines
1297 5442 1629 5513 potuissent
1645 5443 1696 5498 si
1711 5458 1835 5498 non

171 5534 540 5594 peccassent.
597 5534 882 5585 Attamen
925 5529 1247 5584 moriturus
1295 5529 1420 5597 erit,
1453 5533 1516 5585 ut
1561 5529 1832 5587 debitum

175 5614 357 5675 solvat
379 5618 679 5676 humanae
709 5624 964 5684 naturae,
988 5623 1042 5673 et
1088 5617 1253 5690 quod
1285 5619 1580 5674 Christum
1619 5618 1828 5687 noluit,

1935 1736 2254 1804 nongentis
2309 1737 2621 1806 sexaginta
2651 1754 2868 1794 novem
2899 1741 3073 1795 annis
3121 1741 3370 1797 vixissse
3399 1741 3592 1798 dictus

1938 1824 2029 1889 sit,
2063 1823 2210 1879 nulli
2238 1823 2493 1880 dubium
2523 1831 2612 1881 est
2639 1828 3095 1898 quatuordecim
3145 1831 3320 1886 annis
3374 1831 3591 1886 vixisse

1936 1916 2078 1984 post
2102 1911 2418 1978 diluvium,
2449 1913 2600 1970 sicut
2641 1913 2700 1970 in
2749 1917 3134 1988 Septuaginta
3177 1918 3492 1974 invenitur.
3527 1922 3594 1976 Et

1936 1998 2248 2072 quomodo
2278 2016 2487 2056 verum
2519 2006 2606 2057 est
2635 2003 2802 2075 quod
2845 2010 2978 2060 octo
3025 2010 3252 2061 tantum
3286 2008 3503 2063 anima:
3529 2007 3592 2062 in

1936 2103 2078 2144 arca
2109 2087 2286 2144 salvae
2318 2089 2488 2145 iactae
2520 2093 2706 2147 sunt?
2741 2095 2937 2148 Restat
2965 2110 3108 2164 ergo
3155 2100 3242 2163 ut,
3280 2095 3592 2167 quomodo

1936 2177 1999 2232 in
2029 2175 2350 2250 plerisque,
2383 2177 2463 2233 ita
2492 2182 2549 2233 et
2573 2179 2633 2233 in
2661 2181 2774 2234 hoc
2807 2180 2881 2235 sit
2911 2197 3076 2236 error
3100 2182 3162 2236 in
3191 2198 3465 2238 numero.
3505 2183 3590 2237 Si-

1935 2265 2185 2337 quidem
2207 2265 2267 2319 in
2293 2264 2556 2320 Hebraeis
2587 2271 2642 2321 et
2669 2267 2728 2321 in
2753 2268 3142 2324 Samaritanis
3162 2269 3329 2324 libris
3361 2275 3423 2324 ut
3451 2269 3592 2324 bea-

1936 2359 2031 2408 tus
2063 2353 2461 2424 Hieronymus
2491 2352 2716 2419 scribit,
2748 2354 2827 2408 ita
2852 2358 3139 2427 scriptum
3169 2362 3259 2412 est
3283 2374 3295 2412 :
3330 2359 3409 2413 Et
3438 2357 3592 2414 vixit

1934 2441 2288 2497 Mathusala
2333 2447 2568 2497 centum
2619 2444 2967 2514 octuaginta
3018 2451 3234 2514 septem
3283 2448 3481 2514 annis,
3535 2452 3591 2504 et

1935 2531 2142 2600 genuit
2169 2530 2430 2586 Lamech
2450 2545 2474 2601 ,°
2501 2537 2555 2587 et
2589 2533 2736 2588 vixit
2761 2534 3133 2604 Mathusala,
3155 2541 3470 2607 postquam
3496 2551 3591 2607 ge-

1936 2619 2070 2673 nuit
2097 2619 2375 2686 Lamech,
2403 2621 2801 2690 septingentos
2823 2625 3171 2694 octuaginta
3197 2624 3344 2680 duos
3374 2640 3584 2693 annos,

1937 2713 1993 2763 et
2021 2709 2227 2776 genuit
2254 2708 2414 2777 ﬁlios
2434 2715 2486 2765 et
2511 2711 2672 2777 ﬁlias
2689 2725 2712 2779 ,·
2729 2716 2783 2767 et
2807 2712 3060 2779 fuerunt
3083 2729 3282 2770 omnes
3305 2714 3430 2770 dies
3458 2715 3589 2770 Μα-

1938 2794 2216 2861 thusalae,
2250 2801 2316 2852 ut
2362 2800 2561 2852 noster
2608 2797 2897 2870 interpres
2928 2801 3242 2870 transtulit,
3269 2802 3421 2858 anni
3441 2817 3588 2858 non-

1936 2884 2104 2952 genti
2147 2885 2466 2955 sexagintu
2494 2901 2724 2951 novem,
2751 2894 2802 2942 et
2856 2897 3127 2944 mortuus
3174 2896 3277 2946 est.
3308 2891 3384 2946 Et
3437 2892 3588 2947 vixit

1936 2972 2214 3040 Lamech,
2245 2979 2481 3031 centum
2511 2977 2861 3047 octuaginta
2891 2977 3040 3033 duos
3069 2993 3256 3034 annos
3281 2985 3338 3035 et
3381 2981 3587 3049 genuit

1935 3061 2082 3117 Noe.
2110 3066 2157 3116 Α
2203 3061 2300 3118 die
2354 3078 2498 3132 ergo
2541 3064 2860 3121 nativitatis
2890 3066 3230 3122 Mathusalae
3271 3083 3461 3138 usque
3510 3068 3589 3123 ad

1933 3149 2097 3206 diem
2118 3155 2286 3207 ortus
2307 3154 2425 3207 Noe
2447 3157 2586 3207 sunt
2601 3153 2741 3207 anni
2759 3153 3000 3207 trecenti
3022 3155 3333 3221 sexaginta
3345 3169 3584 3208 novem.

1936 3238 2034 3295 His
2091 3239 2248 3294 adde
2304 3244 2616 3294 sexcentos
2676 3242 2814 3304 Noe,
2856 3238 3001 3309 quia
3051 3239 3113 3293 in
3156 3239 3589 3295 sexcentesimo

1935 3340 2101 3383 anno
2154 3325 2288 3382 vitae
2342 3326 2474 3397 ejus
2526 3325 2817 3381 diluvium
2867 3325 3093 3382 factum
3139 3330 3259 3394 est;
3287 3330 3465 3400 atque
3509 3327 3591 3385 ita

1934 3415 2003 3472 ﬁt
2031 3419 2098 3471 ut
2123 3414 2583 3485 nongentesimo
2633 3416 3008 3485 sexagesimo
3046 3432 3210 3473 nono
3264 3432 3426 3474 anno
3453 3417 3590 3474 vitae

1937 3519 2061 3559 suae
2107 3504 2437 3560 Mathusala
2477 3509 2750 3560 mortuus
2794 3510 2901 3576 est,
2929 3510 2987 3562 et
3041 3521 3202 3562 anno
3249 3522 3373 3578 quo
3414 3508 3592 3580 capit

1937 3607 2070 3646 esse
2100 3590 2419 3648 diluvium.
2447 3592 2608 3648 Unde
2625 3593 2956 3650 Mathusala
2981 3595 3416 3667 interpretatur,
3429 3611 3589 3650 mor-

1938 3687 2076 3735 tuus
2125 3686 2230 3736 est.
2264 3682 2580 3744 Quomodo
2609 3682 2768 3737 enim
2816 3699 2953 3738 eum
2986 3700 3122 3738 cum
3152 3688 3319 3755 patre
3341 3683 3592 3741 transla-

1937 3773 2066 3824 tum
2120 3769 2326 3839 fuisse,
2384 3775 2441 3826 et
2489 3770 2780 3825 diluvium
2847 3772 3180 3842 prieterisse
3229 3776 3593 3842 putaverunt

1939 3857 2055 3928 [Z.,
2086 3857 2442 3930 putabant]?
2464 3857 2551 3914 Ob
2581 3859 2695 3913 hoc
2725 3858 3028 3927 signanter
3067 3858 3416 3913 transfertur
3438 3875 3590 3914 mor—

1941 3951 2080 4001 tuus
2102 3951 2185 4001 est
2212 3948 2276 3998 ut
2295 3944 2708 4000 ostenderetur
2732 3961 2855 4000 non
2876 3944 3092 4000 vixisse
3116 3961 3254 4000 eum
3284 3949 3420 4018 post
3445 3944 3594 4001 dilu-

1939 4033 2124 4103 vium,
2157 4032 2260 4088 sed
2306 4032 2364 4088 in
2410 4033 2624 4090 eodem
2673 4019 3064 4106 cataclysmo,
3097 4039 3161 4090 ut
3204 4035 3266 4090 in
3322 4034 3592 4108 quodam

1941 4123 2244 4178 volumine
2304 4122 2514 4195 reperi,
2575 4122 2753 4178 fuisse
2808 4123 3181 4181 defunctum.
3233 4123 3350 4182 Soli
3407 4125 3591 4194 enim,

1944 4212 2246 4283 Scriptura
2295 4215 2542 4266 testante
2572 4212 2634 4282 (Ι
2672 4213 2832 4268 Petr.
2867 4228 2955 4277 ιιι,
2983 4214 3094 4284 20),
3144 4219 3272 4269 octo
3316 4213 3592 4269 homines

1942 4299 2236 4356 diluvium
2256 4300 2317 4356 in
2340 4315 2482 4355 arca
2501 4306 2837 4356 evaserunt.
2865 4300 2978 4357 Sed
3005 4302 3107 4369 qui
3139 4302 3594 4374 quatuordecim

1945 4388 2118 4445 annis
2148 4405 2284 4444 eum
2318 4387 2538 4443 vixisse
2567 4388 2830 4444 referunt
2868 4395 3003 4462 post
3046 4390 3358 4457 diluvium,
3400 4389 3594 4458 magis

1945 4479 2022 4535 ad
2071 4477 2441 4550 spiritualem
2488 4477 2938 4548 intelligentiam
3008 4478 3277 4544 tendunt,
3324 4477 3598 4531 videlicet

1943 4583 2123 4640 super
2169 4567 2400 4624 Christo
2447 4566 2952 4639 interpretantur;
2983 4564 3272 4635 quoniam
3319 4563 3449 4631 ipse
3503 4563 3596 4612 est

1942 4656 2104 4712 solus
2134 4656 2307 4726 cujus
2349 4654 2466 4710 vita
2495 4653 2725 4709 nullam
2751 4653 2927 4708 sentit
2950 4655 3205 4705 aetatem.
3240 4652 3304 4701 In
3347 4644 3591 4714 majori-

1940 4741 2056 4796 bus
2105 4756 2349 4813 quoque
2379 4742 2472 4810 [F.
2508 4743 2620 4810 leg.
2662 4739 2909 4812 quippe]
2942 4735 3064 4790 suis
3121 4732 3410 4788 diluvium
3471 4734 3594 4788 Noe

1944 4827 2202 4884 sensisse
2230 4829 2342 4897 [Z.,
2376 4843 2500 4881 non
2526 4827 2802 4895 sensisse]
2833 4823 3084 4878 videtur.

2014 4917 2184 4968 Vnus.
2218 4914 2410 4969 28-30.
2440 4943 2507 4951 —
2550 4913 2707 4967 Vixit
2728 4911 2925 4966 autem
2954 4911 3213 4968 Lamech
3242 4917 3478 4968 centum
3501 4929 3595 4969 ec-

1944 5003 2174 5072 toginta
2203 5000 2432 5056 duobus
2458 5001 2652 5062 annis,
2682 5005 2737 5055 et
2761 5000 2964 5070 genuit
3008 5000 3224 5069 ﬁlium,
3250 5002 3598 5070 vocavitque

1942 5105 2153 5148 nomen
2186 5092 2313 5159 ejus
2358 5090 2482 5145 Noe
2533 5088 2778 5145 dicens:
2804 5089 2921 5144 Iste
2945 5088 3353 5143 consolabitur
3381 5104 3509 5158 nos,
3540 5092 3598 5144 et

1942 5178 2191 5251 reliqua.
2226 5177 2332 5232 Vel
2361 5180 2534 5234 sicut
2582 5175 2764 5248 aliqui
2823 5175 3288 5231 transtulerunt:
3341 5176 3460 5232 Iste
3502 5191 3594 5234 re-

1943 5269 2240 5338 quiescere
2269 5281 2374 5320 nos
2415 5266 2599 5335 faciet
2626 5264 2700 5319 ab
2732 5263 3000 5318 omnibus
3049 5262 3322 5332 operibus
3354 5266 3595 5320 nostris.

1947 5353 2110 5410 Unde
2163 5357 2283 5409 Noe
2342 5353 2668 5408 consolatio
2727 5351 2815 5405 vel
2868 5351 3095 5420 requies
3153 5351 3591 5422 interpretatur.

1944 5442 2298 5510 Consolatio,
2332 5441 2476 5513 quia
2501 5439 2777 5495 homines
2801 5437 3086 5495 consolati
3118 5443 3257 5494 sunt
3292 5439 3351 5493 in
3381 5438 3593 5494 diebus

1944 5531 2095 5601 ejus,
2133 5531 2280 5586 dum
2321 5547 2356 5586 a
2383 5535 2627 5602 peccata
2655 5528 2920 5583 exstincti
2959 5532 3097 5582 sunt
3126 5528 3185 5582 in
3217 5527 3457 5582 diluvio.
3487 5528 3593 5580 Re—

1943 5617 2105 5688 quies
2137 5633 2274 5672 vero
2298 5633 2407 5692 pro
2437 5632 2508 5672 eo
2530 5615 2697 5690 quod
2721 5616 2834 5670 sub
2865 5614 2964 5671 illo
2993 5614 3199 5669 omnia
3224 5619 3381 5668 retro
3408 5625 3592 5683 opera
